3115 4572
997 459 164 48 Tranz
1400 454 192 61 WerfeC,
1559 454 288 49 Die
1848 451 87 51 Eroerinnen
1936 454 47 49 des
2013 454 274 61 Euripides

513 461 93 48 888

748 661 336 62 Erhabener
1122 660 218 69 Name,
1376 657 311 61 herrlichste
1721 656 291 71 Barbarin,

747 755 144 62 Bald
931 755 168 61 schon
1142 762 89 53 ein
1273 752 189 61 Rauch
1505 760 56 51 in
1602 761 188 51 wüste
1831 750 132 62 Luft
2003 750 327 62 Verblasen!

827 879 141 63 Und
1010 903 116 37 nun
1168 879 199 61 heißt's
1410 876 405 71 Knechtschaft,
1857 886 111 53 wie
2010 876 90 62 die
2134 876 213 62 Götter
2379 878 226 62 wollen.

747 976 159 61 Doch
949 976 75 60 ich
1051 973 162 63 will's
1255 973 226 70 anders,
1523 972 118 61 und
1683 972 75 60 ich
1800 971 173 61 fluche
2015 971 188 71 ihnen.

748 1070 141 61 Und
929 1070 173 61 fluche
1143 1069 168 61 ihnen
1353 1077 99 53 mit
1493 1067 128 61 dem
1663 1066 206 61 letzten
1909 1066 207 61 Atem!

748 1164 183 62 Schon
972 1164 216 72 jauchzt
1229 1163 99 62 der
1368 1157 135 68 Tod
1543 1170 105 52 mir
1687 1160 226 62 köstlich
1956 1159 168 62 durch
2165 1159 94 62 die
2300 1160 257 72 Glieder,

746 1259 82 60 Ich
870 1258 179 77 fliege,
1091 1257 276 71 schwebe,
1409 1255 165 62 wehe
1616 1255 82 61 dir
1740 1255 300 79 entgegen!

750 1350 266 65 Geliebte
1058 1350 186 72 Stadt,
1286 1350 82 61 als
1411 1349 166 61 deine
1618 1348 197 62 hellste
1848 1348 261 62 Flamme

748 1446 144 61 Will
934 1447 77 60 ich
1052 1447 135 60 mich
1227 1444 309 78 jauchzend
1575 1444 85 61 bis
1704 1469 74 36 zu
1820 1443 173 62 Ende
2034 1443 277 61 taumeln!

516 1556 121 55 <Mit
668 1555 199 49 trunken
901 1555 335 62 gebrechlichen
1270 1554 224 49 Schritten
1527 1552 79 50 eilt
1639 1559 66 43 sie
1739 1559 74 43 ein
1846 1559 155 54 wenig
2032 1570 180 42 empor,
2265 1552 74 49 die
2372 1552 165 50 beiden
2571 1552 196 61 Wogen

515 1635 81 49 der
630 1634 163 50 Chöre
827 1635 163 61 gießen
1024 1634 89 50 sich
1147 1634 69 49 ihr
1249 1634 124 48 nadi.
1397 1631 281 62 Talthybios
1701 1631 95 50 und
1820 1631 73 50 die
1916 1631 213 57 Söldner,
2162 1631 74 50 die
2269 1631 94 50 ihm
2387 1631 113 50 noch
2524 1631 243 61 geblieben

1159 1711 118 57 sind,
1310 1711 207 61 drängen
1551 1710 212 61 langsam
1796 1710 90 48 alle
1919 1709 205 56 zurück.)

750 1819 430 83 Talthybios:
1223 1823 248 70 Zurück,
1507 1822 252 77 unselige
1803 1820 251 70 Greisin,
2097 1820 116 61 dich
2253 1822 257 59 verrückt

751 1919 127 60 Das
921 1916 295 63 Übermaß
1256 1941 119 37 von
1416 1914 185 63 Weh!
1645 1914 199 61 Haltet
1885 1923 83 52 sie
2011 1913 133 62 fest!

751 2013 100 60 Bei
893 2035 195 38 eurem
1129 2011 180 79 Kopf,
1352 2010 81 61 ihr
1475 2010 174 61 haftet
1690 2008 129 63 dem
1861 2008 342 78 Odysseus!

754 2138 312 62 Hekuba:
1112 2137 207 71 Vater,
1359 2135 366 61 himmlischer
1766 2134 207 70 Vater,

752 2232 310 79 Phrygiens
1105 2232 207 70 Vater,
1353 2231 189 61 Vater
1584 2229 194 60 unser!

755 2327 169 61 Siehe
967 2351 107 36 uns
1117 2326 212 61 Enkel!

752 2421 191 62 Siehst
983 2421 79 60 du
1103 2420 91 61 die
1237 2419 206 69 Enkel,

754 2515 250 61 Duldest
1046 2515 97 70 du,
1185 2513 229 62 duldest
1456 2511 160 61 das?!

757 2640 256 62 Chöre:
1055 2640 87 60 Er
1183 2638 145 62 sieht
1370 2661 128 46 uns,
1540 2660 61 37 er
1641 2634 144 63 sieht
1827 2660 124 44 uns.

756 2735 142 59 Und
940 2735 196 61 duldet
1178 2734 89 59 die
1307 2732 299 60 Flammen

757 2829 143 61 Und
939 2827 160 63 tobet
1129 2827 235 78 gräßlich

757 2924 61 61 In
862 2933 184 52 seiner
1088 2921 367 79 ungeheuren
1497 2919 189 63 Stadt!

764 3048 313 63 Hekuba:
1124 3047 134 62 Sieh
1301 3047 157 70 doch.
1502 3045 133 63 Sieh
1679 3045 162 61 doch!

757 3144 220 78 Juchhe,
1019 3153 112 52 wie
1173 3142 90 61 die
1305 3142 192 61 Feuer
1538 3141 106 61 sich
1684 3149 185 67 jagen.

764 3239 114 60 Die
919 3234 216 65 Türme
1176 3236 183 61 beben
1403 3234 118 62 und
1561 3233 355 68 schwanken.

760 3334 114 60 Die
915 3333 245 69 Zinnen,
1203 3332 201 76 lustige
1446 3325 228 65 Tänzer

764 3428 294 79 Springen,
1102 3436 261 70 springen
1406 3423 191 62 herab,

764 3553 256 62 Chöre:
1065 3551 138 61 Auf
1237 3550 110 61 den
1389 3549 224 61 Adlern
1657 3546 100 61 des
1800 3545 249 62 Windes

764 3648 216 62 Stürmt
1022 3648 294 75 mächtiger
1357 3644 239 71 Qualm,

765 3743 211 69 Feuer,
1018 3742 191 60 Feuer
1250 3756 164 44 rennt

766 3837 189 59 Durch
996 3833 354 63 thronenden
1392 3832 205 61 Palast,

768 3962 311 62 Hekuba:
1126 3962 62 61 O
1231 3960 179 69 Erde,
1453 3959 98 69 du,
1593 3957 90 60 die
1725 3964 184 52 meine
1951 3953 220 62 Kinder
2212 3950 219 62 nährte!
