<?xml version="1.0" encoding="UTF-8"?>
<alto xmlns:xsi="http://www.w3.org/2001/XMLSchema-instance" xmlns="http://www.loc.gov/standards/alto/ns-v2#" xsi:schemaLocation="http://www.loc.gov/standards/alto/ns-v2# http://www.loc.gov/standards/alto/v2/alto-2-0.xsd" xmlns:xlink="http://www.w3.org/1999/xlink">
	<Description>
		<MeasurementUnit>mm10</MeasurementUnit>
		<sourceImageInformation>
			<fileName>./bmtnabr_1914-05_01_0124.jp2</fileName>
		</sourceImageInformation>
		<OCRProcessing ID="OCRPROCESSING_1">
			<preProcessingStep>
				<processingSoftware>
					<softwareCreator>CCS Content Conversion Specialists GmbH, Germany</softwareCreator>
					<softwareName>CCS docWorks</softwareName>
					<softwareVersion>6.9-1.27</softwareVersion>
				</processingSoftware>
			</preProcessingStep>
			<ocrProcessingStep>
				<processingSoftware>
					<softwareCreator>ABBYY (BIT Software), Russia</softwareCreator>
					<softwareName>FineReader</softwareName>
					<softwareVersion>11.0</softwareVersion>
				</processingSoftware>
			</ocrProcessingStep>
			<postProcessingStep>
				<processingSoftware>
					<softwareCreator>CCS Content Conversion Specialists GmbH, Germany</softwareCreator>
					<softwareName>CCS docWorks</softwareName>
					<softwareVersion>6.9-1.27</softwareVersion>
					<applicationDescription>docWorks: Text modified manually, or automatically replaced</applicationDescription>
				</processingSoftware>
			</postProcessingStep>
		</OCRProcessing>
	</Description>
	<Styles>
		<TextStyle ID="TXT_0" FONTSIZE="17" FONTFAMILY="Times New Roman"/>
		<TextStyle ID="TXT_1" FONTSIZE="18" FONTFAMILY="Times New Roman" FONTSTYLE="bold italics"/>
		<TextStyle ID="TXT_2" FONTSIZE="21" FONTFAMILY="Times New Roman"/>
		<TextStyle ID="TXT_3" FONTSIZE="16" FONTFAMILY="Times New Roman" FONTSTYLE="bold"/>
		<TextStyle ID="TXT_4" FONTSIZE="10" FONTFAMILY="Times New Roman" FONTSTYLE="bold"/>
		<ParagraphStyle ID="PAR_LEFT" ALIGN="Left"/>
		<ParagraphStyle ID="PAR_RIGHT" ALIGN="Right"/>
	</Styles>
	<Layout>
		<Page ID="P124" PHYSICAL_IMG_NR="124" HEIGHT="4572" WIDTH="3192" PRINTED_IMG_NR="970" PC="0.938">
			<TopMargin ID="P124_TM00001" HPOS="0" VPOS="0" WIDTH="3193" HEIGHT="451">
				<TextBlock ID="P124_TB00001" HPOS="653" VPOS="391" WIDTH="94" HEIGHT="48" STYLEREFS="TXT_0 PAR_LEFT">
					<TextLine ID="P124_TL00001" HPOS="653" VPOS="391" WIDTH="94" HEIGHT="48">
						<String ID="P124_ST00001" HPOS="653" VPOS="391" WIDTH="94" HEIGHT="48" CONTENT="970" WC="1.00" CC="000"/>
					</TextLine>
				</TextBlock>
				<TextBlock ID="P124_TB00002" HPOS="1340" VPOS="390" WIDTH="887" HEIGHT="59" STYLEREFS="TXT_1 PAR_RIGHT">
					<TextLine ID="P124_TL00002" HPOS="1342" VPOS="392" WIDTH="885" HEIGHT="57">
						<String ID="P124_ST00002" HPOS="1342" VPOS="392" WIDTH="181" HEIGHT="50" CONTENT="Wafter" WC="0.62" CC="405560"/>
						<SP ID="P124_SP00001" HPOS="1523" VPOS="442" WIDTH="24"/>
						<String ID="P124_ST00003" HPOS="1547" VPOS="393" WIDTH="357" HEIGHT="56" CONTENT="Hasencfever," WC="0.49" CC="324660992906"/>
						<SP ID="P124_SP00002" HPOS="1904" VPOS="449" WIDTH="38"/>
						<String ID="P124_ST00004" HPOS="1942" VPOS="396" WIDTH="118" HEIGHT="49" CONTENT="Der" WC="0.93" CC="990"/>
						<SP ID="P124_SP00003" HPOS="2060" VPOS="449" WIDTH="25"/>
						<String ID="P124_ST00005" HPOS="2085" VPOS="397" WIDTH="142" HEIGHT="50" CONTENT="Soßn" WC="0.55" CC="6064"/>
					</TextLine>
				</TextBlock>
			</TopMargin>
			<LeftMargin ID="P124_LM00001" HPOS="0" VPOS="451" WIDTH="623" HEIGHT="3492"/>
			<RightMargin ID="P124_RM00001" HPOS="2907" VPOS="451" WIDTH="286" HEIGHT="3492"/>
			<BottomMargin ID="P124_BM00001" HPOS="0" VPOS="3943" WIDTH="3193" HEIGHT="629"/>
			<PrintSpace ID="P124_PS00001" HPOS="623" VPOS="451" WIDTH="2284" HEIGHT="3492">
				<TextBlock ID="P124_TB00003" HPOS="623" VPOS="591" WIDTH="2284" HEIGHT="3352" STYLEREFS="TXT_2 PAR_LEFT">
					<TextLine ID="P124_TL00003" HPOS="653" VPOS="593" WIDTH="2254" HEIGHT="79">
						<String ID="P124_ST00006" HPOS="653" VPOS="594" WIDTH="76" HEIGHT="60" CONTENT="icfi" WC="0.26" CC="6579"/>
						<SP ID="P124_SP00004" HPOS="729" VPOS="654" WIDTH="28"/>
						<String ID="P124_ST00007" HPOS="757" VPOS="593" WIDTH="132" HEIGHT="70" CONTENT="dich," WC="0.95" CC="87784"/>
						<SP ID="P124_SP00005" HPOS="889" VPOS="663" WIDTH="36"/>
						<String ID="P124_ST00008" HPOS="925" VPOS="593" WIDTH="118" HEIGHT="59" CONTENT="und" WC="0.94" CC="337"/>
						<SP ID="P124_SP00006" HPOS="1043" VPOS="663" WIDTH="34"/>
						<String ID="P124_ST00009" HPOS="1077" VPOS="593" WIDTH="78" HEIGHT="59" CONTENT="du" WC="0.69" CC="06"/>
						<SP ID="P124_SP00007" HPOS="1155" VPOS="663" WIDTH="33"/>
						<String ID="P124_ST00010" HPOS="1188" VPOS="593" WIDTH="110" HEIGHT="61" CONTENT="bist" WC="0.97" CC="7600"/>
						<SP ID="P124_SP00008" HPOS="1298" VPOS="663" WIDTH="33"/>
						<String ID="P124_ST00011" HPOS="1331" VPOS="603" WIDTH="148" HEIGHT="52" CONTENT="mein" WC="0.98" CC="1112"/>
						<SP ID="P124_SP00009" HPOS="1479" VPOS="663" WIDTH="29"/>
						<String ID="P124_ST00012" HPOS="1508" VPOS="594" WIDTH="160" HEIGHT="62" CONTENT="Sohn" WC="0.96" CC="0575"/>
						<SP ID="P124_SP00010" HPOS="1668" VPOS="663" WIDTH="34"/>
						<String ID="P124_ST00013" HPOS="1702" VPOS="598" WIDTH="141" HEIGHT="60" CONTENT="nicht" WC="0.98" CC="05504"/>
						<SP ID="P124_SP00011" HPOS="1843" VPOS="663" WIDTH="25"/>
						<String ID="P124_ST00014" HPOS="1868" VPOS="598" WIDTH="174" HEIGHT="62" CONTENT="mehr." WC="0.97" CC="05733"/>
						<SP ID="P124_SP00012" HPOS="2042" VPOS="663" WIDTH="46"/>
						<String ID="P124_ST00015" HPOS="2088" VPOS="600" WIDTH="83" HEIGHT="61" CONTENT="Ich" WC="0.95" CC="490"/>
						<SP ID="P124_SP00013" HPOS="2171" VPOS="663" WIDTH="35"/>
						<String ID="P124_ST00016" HPOS="2206" VPOS="603" WIDTH="115" HEIGHT="61" CONTENT="will" WC="0.95" CC="7177"/>
						<SP ID="P124_SP00014" HPOS="2321" VPOS="664" WIDTH="34"/>
						<String ID="P124_ST00017" HPOS="2355" VPOS="603" WIDTH="173" HEIGHT="63" CONTENT="lieber" WC="0.99" CC="010706"/>
						<SP ID="P124_SP00015" HPOS="2528" VPOS="666" WIDTH="31"/>
						<String ID="P124_ST00018" HPOS="2559" VPOS="616" WIDTH="151" HEIGHT="52" CONTENT="mein" WC="0.98" CC="0046"/>
						<SP ID="P124_SP00016" HPOS="2710" VPOS="668" WIDTH="33"/>
						<String ID="P124_ST00019" HPOS="2743" VPOS="607" WIDTH="164" HEIGHT="65" CONTENT="Erbe" WC="0.97" CC="6603"/>
					</TextLine>
					<TextLine ID="P124_TL00004" HPOS="649" VPOS="684" WIDTH="2256" HEIGHT="87">
						<String ID="P124_ST00020" HPOS="649" VPOS="694" WIDTH="98" HEIGHT="52" CONTENT="mit" WC="0.96" CC="046"/>
						<SP ID="P124_SP00017" HPOS="747" VPOS="746" WIDTH="41"/>
						<String ID="P124_ST00021" HPOS="788" VPOS="694" WIDTH="188" HEIGHT="68" CONTENT="eigner" WC="0.98" CC="027204"/>
						<SP ID="P124_SP00018" HPOS="976" VPOS="762" WIDTH="39"/>
						<String ID="P124_ST00022" HPOS="1015" VPOS="684" WIDTH="178" HEIGHT="61" CONTENT="Hand" WC="0.98" CC="6200"/>
						<SP ID="P124_SP00019" HPOS="1193" VPOS="762" WIDTH="48"/>
						<String ID="P124_ST00023" HPOS="1241" VPOS="696" WIDTH="311" HEIGHT="62" CONTENT="zerstören," WC="0.99" CC="4060504003"/>
						<SP ID="P124_SP00020" HPOS="1552" VPOS="762" WIDTH="42"/>
						<String ID="P124_ST00024" HPOS="1594" VPOS="688" WIDTH="84" HEIGHT="62" CONTENT="als" WC="0.98" CC="600"/>
						<SP ID="P124_SP00021" HPOS="1678" VPOS="762" WIDTH="43"/>
						<String ID="P124_ST00025" HPOS="1721" VPOS="713" WIDTH="61" HEIGHT="39" CONTENT="es" WC="1.00" CC="00"/>
						<SP ID="P124_SP00022" HPOS="1782" VPOS="762" WIDTH="37"/>
						<String ID="P124_ST00026" HPOS="1819" VPOS="691" WIDTH="129" HEIGHT="62" CONTENT="dem" WC="1.00" CC="000"/>
						<SP ID="P124_SP00023" HPOS="1948" VPOS="762" WIDTH="40"/>
						<String ID="P124_ST00027" HPOS="1988" VPOS="693" WIDTH="203" HEIGHT="78" CONTENT="geben," WC="0.99" CC="700004"/>
						<SP ID="P124_SP00024" HPOS="2191" VPOS="771" WIDTH="42"/>
						<String ID="P124_ST00028" HPOS="2233" VPOS="696" WIDTH="100" HEIGHT="61" CONTENT="der" WC="0.98" CC="006"/>
						<SP ID="P124_SP00025" HPOS="2333" VPOS="771" WIDTH="41"/>
						<String ID="P124_ST00029" HPOS="2374" VPOS="707" WIDTH="242" HEIGHT="53" CONTENT="meinem" WC="1.00" CC="005000"/>
						<SP ID="P124_SP00026" HPOS="2616" VPOS="771" WIDTH="49"/>
						<String ID="P124_ST00030" HPOS="2665" VPOS="701" WIDTH="240" HEIGHT="63" CONTENT="Namen" WC="0.98" CC="30066"/>
					</TextLine>
					<TextLine ID="P124_TL00005" HPOS="649" VPOS="778" WIDTH="1330" HEIGHT="70">
						<String ID="P124_ST00031" HPOS="649" VPOS="778" WIDTH="250" HEIGHT="62" CONTENT="Schande" WC="0.99" CC="3674000"/>
						<SP ID="P124_SP00027" HPOS="899" VPOS="840" WIDTH="41"/>
						<String ID="P124_ST00032" HPOS="940" VPOS="779" WIDTH="192" HEIGHT="60" CONTENT="macht." WC="0.98" CC="049033"/>
						<SP ID="P124_SP00028" HPOS="1132" VPOS="840" WIDTH="46"/>
						<String ID="P124_ST00033" HPOS="1178" VPOS="779" WIDTH="102" HEIGHT="61" CONTENT="Du" WC="0.56" CC="25"/>
						<SP ID="P124_SP00029" HPOS="1280" VPOS="840" WIDTH="41"/>
						<String ID="P124_ST00034" HPOS="1321" VPOS="781" WIDTH="174" HEIGHT="62" CONTENT="weißt" WC="0.98" CC="90060"/>
						<SP ID="P124_SP00030" HPOS="1495" VPOS="843" WIDTH="41"/>
						<String ID="P124_ST00035" HPOS="1536" VPOS="806" WIDTH="116" HEIGHT="37" CONTENT="nun" WC="0.98" CC="050"/>
						<SP ID="P124_SP00031" HPOS="1652" VPOS="843" WIDTH="42"/>
						<String ID="P124_ST00036" HPOS="1694" VPOS="785" WIDTH="285" HEIGHT="63" CONTENT="Bescheid." WC="1.00" CC="000070004"/>
					</TextLine>
					<TextLine ID="P124_TL00006" HPOS="724" VPOS="871" WIDTH="1191" HEIGHT="86">
						<String ID="P124_ST00037" HPOS="724" VPOS="871" WIDTH="140" HEIGHT="61" CONTENT="Und" WC="0.96" CC="730"/>
						<SP ID="P124_SP00032" HPOS="864" VPOS="932" WIDTH="39"/>
						<String ID="P124_ST00038" HPOS="903" VPOS="881" WIDTH="135" HEIGHT="67" CONTENT="jetzt" WC="0.97" CC="70263"/>
						<SP ID="P124_SP00033" HPOS="1038" VPOS="948" WIDTH="40"/>
						<String ID="P124_ST00039" HPOS="1078" VPOS="872" WIDTH="209" HEIGHT="62" CONTENT="wollen" WC="0.99" CC="006003"/>
						<SP ID="P124_SP00034" HPOS="1287" VPOS="948" WIDTH="35"/>
						<String ID="P124_ST00040" HPOS="1322" VPOS="884" WIDTH="104" HEIGHT="52" CONTENT="wir" WC="0.96" CC="045"/>
						<SP ID="P124_SP00035" HPOS="1426" VPOS="948" WIDTH="41"/>
						<String ID="P124_ST00041" HPOS="1467" VPOS="877" WIDTH="243" HEIGHT="61" CONTENT="schlafen" WC="1.00" CC="00004400"/>
						<SP ID="P124_SP00036" HPOS="1710" VPOS="948" WIDTH="42"/>
						<String ID="P124_ST00042" HPOS="1752" VPOS="879" WIDTH="163" HEIGHT="78" CONTENT="gehn." WC="0.98" CC="00704"/>
					</TextLine>
					<TextLine ID="P124_TL00007" HPOS="719" VPOS="964" WIDTH="1045" HEIGHT="86">
						<String ID="P124_ST00043" HPOS="719" VPOS="964" WIDTH="138" HEIGHT="61" CONTENT="Der" WC="0.95" CC="516"/>
						<SP ID="P124_SP00037" HPOS="857" VPOS="1025" WIDTH="41"/>
						<String ID="P124_ST00044" HPOS="898" VPOS="965" WIDTH="210" HEIGHT="62" CONTENT="Sohn:" WC="0.98" CC="61702"/>
						<SP ID="P124_SP00038" HPOS="1108" VPOS="1027" WIDTH="38"/>
						<String ID="P124_ST00045" HPOS="1146" VPOS="966" WIDTH="164" HEIGHT="64" CONTENT="Gute" WC="0.99" CC="5000"/>
						<SP ID="P124_SP00039" HPOS="1310" VPOS="1030" WIDTH="31"/>
						<String ID="P124_ST00046" HPOS="1341" VPOS="969" WIDTH="212" HEIGHT="72" CONTENT="Nacht," WC="1.00" CC="000013"/>
						<SP ID="P124_SP00040" HPOS="1553" VPOS="1041" WIDTH="40"/>
						<String ID="P124_ST00047" HPOS="1593" VPOS="970" WIDTH="171" HEIGHT="80" CONTENT="Papa." WC="0.99" CC="30204"/>
					</TextLine>
					<TextLine ID="P124_TL00008" HPOS="719" VPOS="1058" WIDTH="2186" HEIGHT="83">
						<String ID="P124_ST00048" HPOS="719" VPOS="1058" WIDTH="138" HEIGHT="61" CONTENT="Der" WC="1.00" CC="000"/>
						<SP ID="P124_SP00041" HPOS="857" VPOS="1119" WIDTH="41"/>
						<String ID="P124_ST00049" HPOS="898" VPOS="1058" WIDTH="217" HEIGHT="63" CONTENT="Vater" WC="0.99" CC="20600"/>
						<SP ID="P124_SP00042" HPOS="1115" VPOS="1121" WIDTH="42"/>
						<String ID="P124_ST00050" HPOS="1157" VPOS="1070" WIDTH="131" HEIGHT="61" CONTENT="(geht" WC="0.95" CC="77747" STYLEREFS="TXT_3"/>
						<SP ID="P124_SP00043" HPOS="1288" VPOS="1131" WIDTH="33"/>
						<String ID="P124_ST00051" HPOS="1321" VPOS="1089" WIDTH="85" HEIGHT="32" CONTENT="zur" WC="0.93" CC="556" STYLEREFS="TXT_3"/>
						<SP ID="P124_SP00044" HPOS="1406" VPOS="1131" WIDTH="33"/>
						<String ID="P124_ST00052" HPOS="1439" VPOS="1072" WIDTH="154" HEIGHT="61" CONTENT='Türe,"' WC="0.98" CC="507531" STYLEREFS="TXT_3"/>
						<SP ID="P124_SP00045" HPOS="1593" VPOS="1133" WIDTH="32"/>
						<String ID="P124_ST00053" HPOS="1625" VPOS="1073" WIDTH="179" HEIGHT="51" CONTENT="kommt" WC="0.98" CC="55400" STYLEREFS="TXT_3"/>
						<SP ID="P124_SP00046" HPOS="1804" VPOS="1133" WIDTH="33"/>
						<String ID="P124_ST00054" HPOS="1837" VPOS="1077" WIDTH="115" HEIGHT="49" CONTENT="noch" WC="0.95" CC="6179" STYLEREFS="TXT_3"/>
						<SP ID="P124_SP00047" HPOS="1952" VPOS="1133" WIDTH="36"/>
						<String ID="P124_ST00055" HPOS="1988" VPOS="1079" WIDTH="166" HEIGHT="48" CONTENT="einmal" WC="0.97" CC="465047" STYLEREFS="TXT_3"/>
						<SP ID="P124_SP00048" HPOS="2154" VPOS="1133" WIDTH="33"/>
						<String ID="P124_ST00056" HPOS="2187" VPOS="1083" WIDTH="215" HEIGHT="56" CONTENT="zurück):" WC="0.98" CC="65507477" STYLEREFS="TXT_3"/>
						<SP ID="P124_SP00049" HPOS="2402" VPOS="1139" WIDTH="54"/>
						<String ID="P124_ST00057" HPOS="2456" VPOS="1074" WIDTH="120" HEIGHT="62" CONTENT="Gib" WC="0.93" CC="737"/>
						<SP ID="P124_SP00050" HPOS="2576" VPOS="1139" WIDTH="43"/>
						<String ID="P124_ST00058" HPOS="2619" VPOS="1086" WIDTH="104" HEIGHT="52" CONTENT="mir" WC="0.95" CC="067"/>
						<SP ID="P124_SP00051" HPOS="2723" VPOS="1139" WIDTH="41"/>
						<String ID="P124_ST00059" HPOS="2764" VPOS="1078" WIDTH="141" HEIGHT="63" CONTENT="alles" WC="0.98" CC="07404"/>
					</TextLine>
					<TextLine ID="P124_TL00009" HPOS="642" VPOS="1149" WIDTH="896" HEIGHT="72">
						<String ID="P124_ST00060" HPOS="642" VPOS="1149" WIDTH="174" HEIGHT="72" CONTENT="Geld," WC="0.98" CC="00704"/>
						<SP ID="P124_SP00052" HPOS="816" VPOS="1221" WIDTH="40"/>
						<String ID="P124_ST00061" HPOS="856" VPOS="1176" WIDTH="123" HEIGHT="38" CONTENT="was" WC="1.00" CC="000"/>
						<SP ID="P124_SP00053" HPOS="979" VPOS="1221" WIDTH="44"/>
						<String ID="P124_ST00062" HPOS="1023" VPOS="1153" WIDTH="78" HEIGHT="61" CONTENT="du" WC="1.00" CC="00"/>
						<SP ID="P124_SP00054" HPOS="1101" VPOS="1221" WIDTH="33"/>
						<String ID="P124_ST00063" HPOS="1134" VPOS="1155" WIDTH="92" HEIGHT="61" CONTENT="bei" WC="1.00" CC="000"/>
						<SP ID="P124_SP00055" HPOS="1226" VPOS="1221" WIDTH="34"/>
						<String ID="P124_ST00064" HPOS="1260" VPOS="1155" WIDTH="84" HEIGHT="61" CONTENT="dir" WC="0.97" CC="034"/>
						<SP ID="P124_SP00056" HPOS="1344" VPOS="1221" WIDTH="41"/>
						<String ID="P124_ST00065" HPOS="1385" VPOS="1157" WIDTH="153" HEIGHT="62" CONTENT="hast!" WC="0.98" CC="70040"/>
					</TextLine>
					<TextLine ID="P124_TL00010" HPOS="717" VPOS="1244" WIDTH="833" HEIGHT="70">
						<String ID="P124_ST00066" HPOS="717" VPOS="1244" WIDTH="138" HEIGHT="61" CONTENT="Der" WC="0.98" CC="006"/>
						<SP ID="P124_SP00057" HPOS="855" VPOS="1305" WIDTH="41"/>
						<String ID="P124_ST00067" HPOS="896" VPOS="1244" WIDTH="185" HEIGHT="64" CONTENT="Sohn" WC="0.95" CC="5576"/>
						<SP ID="P124_SP00058" HPOS="1081" VPOS="1308" WIDTH="43"/>
						<String ID="P124_ST00068" HPOS="1124" VPOS="1262" WIDTH="94" HEIGHT="48" CONTENT="(tut" WC="0.98" CC="7030" STYLEREFS="TXT_3"/>
						<SP ID="P124_SP00059" HPOS="1218" VPOS="1310" WIDTH="32"/>
						<String ID="P124_ST00069" HPOS="1250" VPOS="1263" WIDTH="95" HEIGHT="51" CONTENT="es):" WC="0.98" CC="6005" STYLEREFS="TXT_3"/>
						<SP ID="P124_SP00060" HPOS="1345" VPOS="1314" WIDTH="45"/>
						<String ID="P124_ST00070" HPOS="1390" VPOS="1251" WIDTH="160" HEIGHT="61" CONTENT="Hier." WC="0.98" CC="03064"/>
					</TextLine>
					<TextLine ID="P124_TL00011" HPOS="717" VPOS="1338" WIDTH="2186" HEIGHT="98">
						<String ID="P124_ST00071" HPOS="717" VPOS="1338" WIDTH="138" HEIGHT="61" CONTENT="Der" WC="0.98" CC="600"/>
						<SP ID="P124_SP00061" HPOS="855" VPOS="1399" WIDTH="41"/>
						<String ID="P124_ST00072" HPOS="896" VPOS="1338" WIDTH="218" HEIGHT="64" CONTENT="Vater" WC="0.98" CC="60106"/>
						<SP ID="P124_SP00062" HPOS="1114" VPOS="1402" WIDTH="42"/>
						<String ID="P124_ST00073" HPOS="1156" VPOS="1356" WIDTH="117" HEIGHT="48" CONTENT="(von" WC="0.98" CC="0034" STYLEREFS="TXT_3"/>
						<SP ID="P124_SP00063" HPOS="1273" VPOS="1404" WIDTH="34"/>
						<String ID="P124_ST00074" HPOS="1307" VPOS="1356" WIDTH="147" HEIGHT="46" CONTENT="einem" WC="0.98" CC="60560" STYLEREFS="TXT_3"/>
						<SP ID="P124_SP00064" HPOS="1454" VPOS="1404" WIDTH="36"/>
						<String ID="P124_ST00075" HPOS="1490" VPOS="1354" WIDTH="179" HEIGHT="49" CONTENT="Gefühl" WC="0.98" CC="460077" STYLEREFS="TXT_3"/>
						<SP ID="P124_SP00065" HPOS="1669" VPOS="1404" WIDTH="33"/>
						<String ID="P124_ST00076" HPOS="1702" VPOS="1355" WIDTH="323" HEIGHT="59" CONTENT="übermannt):" WC="0.99" CC="07540104002" STYLEREFS="TXT_3"/>
						<SP ID="P124_SP00066" HPOS="2025" VPOS="1414" WIDTH="54"/>
						<String ID="P124_ST00077" HPOS="2079" VPOS="1352" WIDTH="83" HEIGHT="61" CONTENT="Ich" WC="0.99" CC="300"/>
						<SP ID="P124_SP00067" HPOS="2162" VPOS="1414" WIDTH="43"/>
						<String ID="P124_ST00078" HPOS="2205" VPOS="1352" WIDTH="227" HEIGHT="66" CONTENT="komme" WC="0.99" CC="53000"/>
						<SP ID="P124_SP00068" HPOS="2432" VPOS="1418" WIDTH="49"/>
						<String ID="P124_ST00079" HPOS="2481" VPOS="1381" WIDTH="234" HEIGHT="55" CONTENT="morgen" WC="1.00" CC="020000"/>
						<SP ID="P124_SP00069" HPOS="2715" VPOS="1436" WIDTH="50"/>
						<String ID="P124_ST00080" HPOS="2765" VPOS="1360" WIDTH="138" HEIGHT="61" CONTENT="nach" WC="0.98" CC="0007"/>
					</TextLine>
					<TextLine ID="P124_TL00012" HPOS="638" VPOS="1432" WIDTH="881" HEIGHT="68">
						<String ID="P124_ST00081" HPOS="638" VPOS="1432" WIDTH="85" HEIGHT="60" CONTENT="dir" WC="0.98" CC="040"/>
						<SP ID="P124_SP00070" HPOS="723" VPOS="1492" WIDTH="40"/>
						<String ID="P124_ST00082" HPOS="763" VPOS="1432" WIDTH="194" HEIGHT="64" CONTENT="sehen." WC="0.99" CC="007003"/>
						<SP ID="P124_SP00071" HPOS="957" VPOS="1496" WIDTH="156"/>
						<String ID="P124_ST00083" HPOS="1113" VPOS="1436" WIDTH="193" HEIGHT="62" CONTENT="Schlaf" WC="0.98" CC="600716"/>
						<SP ID="P124_SP00072" HPOS="1306" VPOS="1498" WIDTH="32"/>
						<String ID="P124_ST00084" HPOS="1338" VPOS="1439" WIDTH="181" HEIGHT="61" CONTENT="wohl!" WC="0.98" CC="00770"/>
					</TextLine>
					<TextLine ID="P124_TL00013" HPOS="1211" VPOS="1563" WIDTH="1098" HEIGHT="66">
						<String ID="P124_ST00085" HPOS="1211" VPOS="1563" WIDTH="88" HEIGHT="53" CONTENT="(Er" WC="0.95" CC="057" STYLEREFS="TXT_3"/>
						<SP ID="P124_SP00073" HPOS="1299" VPOS="1616" WIDTH="33"/>
						<String ID="P124_ST00086" HPOS="1332" VPOS="1566" WIDTH="204" HEIGHT="49" CONTENT="entfernt" WC="0.98" CC="65054540" STYLEREFS="TXT_3"/>
						<SP ID="P124_SP00074" HPOS="1536" VPOS="1616" WIDTH="31"/>
						<String ID="P124_ST00087" HPOS="1567" VPOS="1567" WIDTH="91" HEIGHT="48" CONTENT="sich" WC="0.95" CC="4677" STYLEREFS="TXT_3"/>
						<SP ID="P124_SP00075" HPOS="1658" VPOS="1616" WIDTH="34"/>
						<String ID="P124_ST00088" HPOS="1692" VPOS="1567" WIDTH="96" HEIGHT="49" CONTENT="und" WC="0.97" CC="006" STYLEREFS="TXT_3"/>
						<SP ID="P124_SP00076" HPOS="1788" VPOS="1616" WIDTH="32"/>
						<String ID="P124_ST00089" HPOS="1820" VPOS="1568" WIDTH="188" HEIGHT="52" CONTENT="schließt" WC="0.98" CC="00774435" STYLEREFS="TXT_3"/>
						<SP ID="P124_SP00077" HPOS="2008" VPOS="1620" WIDTH="32"/>
						<String ID="P124_ST00090" HPOS="2040" VPOS="1571" WIDTH="74" HEIGHT="50" CONTENT="die" WC="0.94" CC="960" STYLEREFS="TXT_3"/>
						<SP ID="P124_SP00078" HPOS="2114" VPOS="1621" WIDTH="33"/>
						<String ID="P124_ST00091" HPOS="2147" VPOS="1571" WIDTH="162" HEIGHT="58" CONTENT="Türe.)" WC="0.99" CC="502610" STYLEREFS="TXT_3"/>
					</TextLine>
					<TextLine ID="P124_TL00014" HPOS="713" VPOS="1667" WIDTH="959" HEIGHT="78">
						<String ID="P124_ST00092" HPOS="713" VPOS="1667" WIDTH="142" HEIGHT="61" CONTENT="Der" WC="0.94" CC="077"/>
						<SP ID="P124_SP00079" HPOS="855" VPOS="1728" WIDTH="41"/>
						<String ID="P124_ST00093" HPOS="896" VPOS="1668" WIDTH="185" HEIGHT="63" CONTENT="Sohn" WC="0.94" CC="6576"/>
						<SP ID="P124_SP00080" HPOS="1081" VPOS="1731" WIDTH="43"/>
						<String ID="P124_ST00094" HPOS="1124" VPOS="1679" WIDTH="164" HEIGHT="56" CONTENT="(bleibt" WC="0.98" CC="0776570" STYLEREFS="TXT_3"/>
						<SP ID="P124_SP00081" HPOS="1288" VPOS="1735" WIDTH="32"/>
						<String ID="P124_ST00095" HPOS="1320" VPOS="1681" WIDTH="352" HEIGHT="64" CONTENT="unbeweglich)," WC="0.99" CC="5500735559703" STYLEREFS="TXT_3"/>
					</TextLine>
					<TextLine ID="P124_TL00015" HPOS="2840" VPOS="1898" WIDTH="11" HEIGHT="24">
						<String ID="P124_ST00096" HPOS="2840" VPOS="1898" WIDTH="11" HEIGHT="24" CONTENT="V" WC="0.25" CC="7" STYLEREFS="TXT_4"/>
					</TextLine>
					<TextLine ID="P124_TL00016" HPOS="1407" VPOS="1955" WIDTH="721" HEIGHT="71">
						<String ID="P124_ST00097" HPOS="1407" VPOS="1955" WIDTH="353" HEIGHT="66" CONTENT="DRITTE" WC="0.98" CC="414420"/>
						<SP ID="P124_SP00082" HPOS="1760" VPOS="2021" WIDTH="40"/>
						<String ID="P124_ST00098" HPOS="1800" VPOS="1960" WIDTH="328" HEIGHT="66" CONTENT="SZENE" WC="0.99" CC="02020"/>
					</TextLine>
					<TextLine ID="P124_TL00017" HPOS="710" VPOS="2090" WIDTH="2188" HEIGHT="81">
						<String ID="P124_ST00099" HPOS="710" VPOS="2090" WIDTH="140" HEIGHT="62" CONTENT="Der" WC="0.97" CC="007"/>
						<SP ID="P124_SP00083" HPOS="850" VPOS="2152" WIDTH="43"/>
						<String ID="P124_ST00100" HPOS="893" VPOS="2091" WIDTH="184" HEIGHT="63" CONTENT="Sohn" WC="0.97" CC="1370"/>
						<SP ID="P124_SP00084" HPOS="1077" VPOS="2154" WIDTH="42"/>
						<String ID="P124_ST00101" HPOS="1119" VPOS="2103" WIDTH="170" HEIGHT="53" CONTENT="(allein." WC="0.99" CC="06605030" STYLEREFS="TXT_3"/>
						<SP ID="P124_SP00085" HPOS="1289" VPOS="2156" WIDTH="131"/>
						<String ID="P124_ST00102" HPOS="1420" VPOS="2107" WIDTH="123" HEIGHT="49" CONTENT="Eine" WC="0.97" CC="4314" STYLEREFS="TXT_3"/>
						<SP ID="P124_SP00086" HPOS="1543" VPOS="2156" WIDTH="31"/>
						<String ID="P124_ST00103" HPOS="1574" VPOS="2108" WIDTH="186" HEIGHT="62" CONTENT="Klingel" WC="0.98" CC="0602905" STYLEREFS="TXT_3"/>
						<SP ID="P124_SP00087" HPOS="1760" VPOS="2170" WIDTH="41"/>
						<String ID="P124_ST00104" HPOS="1801" VPOS="2116" WIDTH="62" HEIGHT="44" CONTENT="im" WC="0.75" CC="05" STYLEREFS="TXT_3"/>
						<SP ID="P124_SP00088" HPOS="1863" VPOS="2170" WIDTH="33"/>
						<String ID="P124_ST00105" HPOS="1896" VPOS="2112" WIDTH="168" HEIGHT="51" CONTENT="Hause" WC="0.99" CC="03005" STYLEREFS="TXT_3"/>
						<SP ID="P124_SP00089" HPOS="2064" VPOS="2170" WIDTH="32"/>
						<String ID="P124_ST00106" HPOS="2096" VPOS="2118" WIDTH="170" HEIGHT="46" CONTENT="ertönt." WC="0.98" CC="6723204" STYLEREFS="TXT_3"/>
						<SP ID="P124_SP00090" HPOS="2266" VPOS="2170" WIDTH="35"/>
						<String ID="P124_ST00107" HPOS="2301" VPOS="2116" WIDTH="72" HEIGHT="49" CONTENT="Er" WC="0.72" CC="05" STYLEREFS="TXT_3"/>
						<SP ID="P124_SP00091" HPOS="2373" VPOS="2170" WIDTH="39"/>
						<String ID="P124_ST00108" HPOS="2412" VPOS="2117" WIDTH="79" HEIGHT="49" CONTENT="eilt" WC="0.98" CC="0700" STYLEREFS="TXT_3"/>
						<SP ID="P124_SP00092" HPOS="2491" VPOS="2170" WIDTH="31"/>
						<String ID="P124_ST00109" HPOS="2522" VPOS="2136" WIDTH="86" HEIGHT="32" CONTENT="zur" WC="0.94" CC="546" STYLEREFS="TXT_3"/>
						<SP ID="P124_SP00093" HPOS="2608" VPOS="2170" WIDTH="33"/>
						<String ID="P124_ST00110" HPOS="2641" VPOS="2116" WIDTH="137" HEIGHT="54" CONTENT="Türe." WC="0.98" CC="50603" STYLEREFS="TXT_3"/>
						<SP ID="P124_SP00094" HPOS="2778" VPOS="2170" WIDTH="40"/>
						<String ID="P124_ST00111" HPOS="2818" VPOS="2121" WIDTH="80" HEIGHT="50" CONTENT="Sie" WC="0.98" CC="004" STYLEREFS="TXT_3"/>
					</TextLine>
					<TextLine ID="P124_TL00018" HPOS="629" VPOS="2185" WIDTH="2267" HEIGHT="80">
						<String ID="P124_ST00112" HPOS="629" VPOS="2190" WIDTH="61" HEIGHT="45" CONTENT="ist" WC="0.96" CC="704" STYLEREFS="TXT_3"/>
						<SP ID="P124_SP00095" HPOS="690" VPOS="2235" WIDTH="46"/>
						<String ID="P124_ST00113" HPOS="736" VPOS="2185" WIDTH="336" HEIGHT="52" CONTENT="verschlossen." WC="0.99" CC="0750006000774" STYLEREFS="TXT_3"/>
						<SP ID="P124_SP00096" HPOS="1072" VPOS="2237" WIDTH="66"/>
						<String ID="P124_ST00114" HPOS="1138" VPOS="2189" WIDTH="71" HEIGHT="51" CONTENT="Er" WC="0.63" CC="70" STYLEREFS="TXT_3"/>
						<SP ID="P124_SP00097" HPOS="1209" VPOS="2240" WIDTH="47"/>
						<String ID="P124_ST00115" HPOS="1256" VPOS="2193" WIDTH="176" HEIGHT="50" CONTENT="rüttelt." WC="0.99" CC="00007004" STYLEREFS="TXT_3"/>
						<SP ID="P124_SP00098" HPOS="1432" VPOS="2243" WIDTH="64"/>
						<String ID="P124_ST00116" HPOS="1496" VPOS="2194" WIDTH="76" HEIGHT="50" CONTENT="Sie" WC="0.95" CC="077" STYLEREFS="TXT_3"/>
						<SP ID="P124_SP00099" HPOS="1572" VPOS="2244" WIDTH="50"/>
						<String ID="P124_ST00117" HPOS="1622" VPOS="2196" WIDTH="98" HEIGHT="60" CONTENT="gibt" WC="0.97" CC="0570" STYLEREFS="TXT_3"/>
						<SP ID="P124_SP00100" HPOS="1720" VPOS="2256" WIDTH="48"/>
						<String ID="P124_ST00118" HPOS="1768" VPOS="2198" WIDTH="119" HEIGHT="50" CONTENT="nicht" WC="0.98" CC="05070" STYLEREFS="TXT_3"/>
						<SP ID="P124_SP00101" HPOS="1887" VPOS="2256" WIDTH="47"/>
						<String ID="P124_ST00119" HPOS="1934" VPOS="2199" WIDTH="126" HEIGHT="50" CONTENT="nach." WC="1.00" CC="00004" STYLEREFS="TXT_3"/>
						<SP ID="P124_SP00102" HPOS="2060" VPOS="2256" WIDTH="67"/>
						<String ID="P124_ST00120" HPOS="2127" VPOS="2201" WIDTH="93" HEIGHT="50" CONTENT="Die" WC="0.95" CC="840" STYLEREFS="TXT_3"/>
						<SP ID="P124_SP00103" HPOS="2220" VPOS="2256" WIDTH="48"/>
						<String ID="P124_ST00121" HPOS="2268" VPOS="2203" WIDTH="187" HEIGHT="62" CONTENT="Klingel" WC="0.98" CC="9630004" STYLEREFS="TXT_3"/>
						<SP ID="P124_SP00104" HPOS="2455" VPOS="2265" WIDTH="51"/>
						<String ID="P124_ST00122" HPOS="2506" VPOS="2211" WIDTH="156" HEIGHT="45" CONTENT="ertönt" WC="0.98" CC="050902" STYLEREFS="TXT_3"/>
						<SP ID="P124_SP00105" HPOS="2662" VPOS="2265" WIDTH="46"/>
						<String ID="P124_ST00123" HPOS="2708" VPOS="2207" WIDTH="188" HEIGHT="52" CONTENT="wieder." WC="0.97" CC="9670764" STYLEREFS="TXT_3"/>
					</TextLine>
					<TextLine ID="P124_TL00019" HPOS="630" VPOS="2263" WIDTH="2266" HEIGHT="82">
						<String ID="P124_ST00124" HPOS="630" VPOS="2263" WIDTH="222" HEIGHT="51" CONTENT="Stimmen" WC="0.99" CC="0064035" STYLEREFS="TXT_3"/>
						<SP ID="P124_SP00106" HPOS="852" VPOS="2314" WIDTH="33"/>
						<String ID="P124_ST00125" HPOS="885" VPOS="2265" WIDTH="187" HEIGHT="51" CONTENT="werden" WC="0.99" CC="055002" STYLEREFS="TXT_3"/>
						<SP ID="P124_SP00107" HPOS="1072" VPOS="2316" WIDTH="34"/>
						<String ID="P124_ST00126" HPOS="1106" VPOS="2267" WIDTH="121" HEIGHT="58" CONTENT="laut," WC="0.97" CC="77203" STYLEREFS="TXT_3"/>
						<SP ID="P124_SP00108" HPOS="1227" VPOS="2325" WIDTH="37"/>
						<String ID="P124_ST00127" HPOS="1264" VPOS="2269" WIDTH="88" HEIGHT="50" CONTENT="den" WC="0.98" CC="050" STYLEREFS="TXT_3"/>
						<SP ID="P124_SP00109" HPOS="1352" VPOS="2325" WIDTH="34"/>
						<String ID="P124_ST00128" HPOS="1386" VPOS="2270" WIDTH="226" HEIGHT="53" CONTENT="Besucher" WC="0.99" CC="03050063" STYLEREFS="TXT_3"/>
						<SP ID="P124_SP00110" HPOS="1612" VPOS="2325" WIDTH="39"/>
						<String ID="P124_ST00129" HPOS="1651" VPOS="2274" WIDTH="314" HEIGHT="52" CONTENT="abzuweisen." WC="0.99" CC="57630470643" STYLEREFS="TXT_3"/>
						<SP ID="P124_SP00111" HPOS="1965" VPOS="2326" WIDTH="131"/>
						<String ID="P124_ST00130" HPOS="2096" VPOS="2278" WIDTH="71" HEIGHT="50" CONTENT="Er" WC="0.34" CC="66" STYLEREFS="TXT_3"/>
						<SP ID="P124_SP00112" HPOS="2167" VPOS="2328" WIDTH="39"/>
						<String ID="P124_ST00131" HPOS="2206" VPOS="2281" WIDTH="198" HEIGHT="50" CONTENT="taumelt" WC="0.98" CC="0604572" STYLEREFS="TXT_3"/>
						<SP ID="P124_SP00113" HPOS="2404" VPOS="2331" WIDTH="46"/>
						<String ID="P124_ST00132" HPOS="2450" VPOS="2287" WIDTH="48" HEIGHT="44" CONTENT="in" WC="0.81" CC="03" STYLEREFS="TXT_3"/>
						<SP ID="P124_SP00114" HPOS="2498" VPOS="2331" WIDTH="42"/>
						<String ID="P124_ST00133" HPOS="2540" VPOS="2290" WIDTH="136" HEIGHT="44" CONTENT="einen" WC="0.97" CC="15656" STYLEREFS="TXT_3"/>
						<SP ID="P124_SP00115" HPOS="2676" VPOS="2334" WIDTH="41"/>
						<String ID="P124_ST00134" HPOS="2717" VPOS="2286" WIDTH="179" HEIGHT="59" CONTENT="Sessel,-" WC="0.99" CC="07000740" STYLEREFS="TXT_3"/>
					</TextLine>
					<TextLine ID="P124_TL00020" HPOS="629" VPOS="2345" WIDTH="2268" HEIGHT="78">
						<String ID="P124_ST00135" HPOS="629" VPOS="2347" WIDTH="109" HEIGHT="44" CONTENT="sitzt" WC="0.99" CC="06010" STYLEREFS="TXT_3"/>
						<SP ID="P124_SP00116" HPOS="738" VPOS="2391" WIDTH="39"/>
						<String ID="P124_ST00136" HPOS="777" VPOS="2348" WIDTH="164" HEIGHT="46" CONTENT="mitten" WC="0.99" CC="060005" STYLEREFS="TXT_3"/>
						<SP ID="P124_SP00117" HPOS="941" VPOS="2394" WIDTH="33"/>
						<String ID="P124_ST00137" HPOS="974" VPOS="2349" WIDTH="61" HEIGHT="45" CONTENT="im" WC="0.69" CC="60" STYLEREFS="TXT_3"/>
						<SP ID="P124_SP00118" HPOS="1035" VPOS="2394" WIDTH="35"/>
						<String ID="P124_ST00138" HPOS="1070" VPOS="2345" WIDTH="223" HEIGHT="51" CONTENT="Zimmer," WC="0.98" CC="9600632" STYLEREFS="TXT_3"/>
						<SP ID="P124_SP00119" HPOS="1293" VPOS="2396" WIDTH="51"/>
						<String ID="P124_ST00139" HPOS="1344" VPOS="2349" WIDTH="104" HEIGHT="50" CONTENT="Am" WC="1.00" CC="00" STYLEREFS="TXT_3"/>
						<SP ID="P124_SP00120" HPOS="1448" VPOS="2399" WIDTH="41"/>
						<String ID="P124_ST00140" HPOS="1489" VPOS="2349" WIDTH="294" HEIGHT="54" CONTENT="dunkelnden" WC="0.99" CC="0505366042" STYLEREFS="TXT_3"/>
						<SP ID="P124_SP00121" HPOS="1783" VPOS="2403" WIDTH="40"/>
						<String ID="P124_ST00141" HPOS="1823" VPOS="2354" WIDTH="199" HEIGHT="51" CONTENT="Fenster" WC="0.99" CC="2310056" STYLEREFS="TXT_3"/>
						<SP ID="P124_SP00122" HPOS="2022" VPOS="2405" WIDTH="32"/>
						<String ID="P124_ST00142" HPOS="2054" VPOS="2358" WIDTH="225" HEIGHT="50" CONTENT="erscheint" WC="0.99" CC="400270700" STYLEREFS="TXT_3"/>
						<SP ID="P124_SP00123" HPOS="2279" VPOS="2408" WIDTH="31"/>
						<String ID="P124_ST00143" HPOS="2310" VPOS="2361" WIDTH="117" HEIGHT="59" CONTENT="groß" WC="0.95" CC="9624" STYLEREFS="TXT_3"/>
						<SP ID="P124_SP00124" HPOS="2427" VPOS="2420" WIDTH="32"/>
						<String ID="P124_ST00144" HPOS="2459" VPOS="2368" WIDTH="114" HEIGHT="55" CONTENT="jetzt" WC="0.98" CC="70031" STYLEREFS="TXT_3"/>
						<SP ID="P124_SP00125" HPOS="2573" VPOS="2423" WIDTH="32"/>
						<String ID="P124_ST00145" HPOS="2605" VPOS="2363" WIDTH="74" HEIGHT="51" CONTENT="die" WC="0.96" CC="064" STYLEREFS="TXT_3"/>
						<SP ID="P124_SP00126" HPOS="2679" VPOS="2423" WIDTH="30"/>
						<String ID="P124_ST00146" HPOS="2709" VPOS="2364" WIDTH="188" HEIGHT="51" CONTENT="Scheibe" WC="0.99" CC="0004662" STYLEREFS="TXT_3"/>
					</TextLine>
					<TextLine ID="P124_TL00021" HPOS="629" VPOS="2425" WIDTH="2266" HEIGHT="85">
						<String ID="P124_ST00147" HPOS="629" VPOS="2427" WIDTH="81" HEIGHT="50" CONTENT="des" WC="0.99" CC="030" STYLEREFS="TXT_3"/>
						<SP ID="P124_SP00127" HPOS="710" VPOS="2477" WIDTH="59"/>
						<String ID="P124_ST00148" HPOS="769" VPOS="2428" WIDTH="163" HEIGHT="62" CONTENT="gelben" WC="0.99" CC="050045" STYLEREFS="TXT_3"/>
						<SP ID="P124_SP00128" HPOS="932" VPOS="2490" WIDTH="78"/>
						<String ID="P124_ST00149" HPOS="1010" VPOS="2432" WIDTH="228" HEIGHT="56" CONTENT="Monds):" WC="0.99" CC="4200005" STYLEREFS="TXT_3"/>
						<SP ID="P124_SP00129" HPOS="1238" VPOS="2490" WIDTH="70"/>
						<String ID="P124_ST00150" HPOS="1308" VPOS="2425" WIDTH="196" HEIGHT="63" CONTENT="Mond" WC="0.98" CC="1500"/>
						<SP ID="P124_SP00130" HPOS="1504" VPOS="2490" WIDTH="72"/>
						<String ID="P124_ST00151" HPOS="1576" VPOS="2438" WIDTH="71" HEIGHT="52" CONTENT="ist" WC="0.98" CC="600"/>
						<SP ID="P124_SP00131" HPOS="1647" VPOS="2490" WIDTH="64"/>
						<String ID="P124_ST00152" HPOS="1711" VPOS="2441" WIDTH="112" HEIGHT="52" CONTENT="wie" WC="0.98" CC="015"/>
						<SP ID="P124_SP00132" HPOS="1823" VPOS="2493" WIDTH="63"/>
						<String ID="P124_ST00153" HPOS="1886" VPOS="2450" WIDTH="225" HEIGHT="60" CONTENT="gestern" WC="0.98" CC="0605560"/>
						<SP ID="P124_SP00133" HPOS="2111" VPOS="2510" WIDTH="66"/>
						<String ID="P124_ST00154" HPOS="2177" VPOS="2461" WIDTH="98" HEIGHT="37" CONTENT="um" WC="0.71" CC="50"/>
						<SP ID="P124_SP00134" HPOS="2275" VPOS="2510" WIDTH="66"/>
						<String ID="P124_ST00155" HPOS="2341" VPOS="2438" WIDTH="195" HEIGHT="64" CONTENT="diesen" WC="0.99" CC="030006"/>
						<SP ID="P124_SP00135" HPOS="2536" VPOS="2510" WIDTH="66"/>
						<String ID="P124_ST00156" HPOS="2602" VPOS="2441" WIDTH="133" HEIGHT="63" CONTENT="Ort." WC="0.99" CC="0004"/>
						<SP ID="P124_SP00136" HPOS="2735" VPOS="2510" WIDTH="74"/>
						<String ID="P124_ST00157" HPOS="2809" VPOS="2443" WIDTH="86" HEIGHT="61" CONTENT="Ich" WC="0.96" CC="207"/>
					</TextLine>
					<TextLine ID="P124_TL00022" HPOS="628" VPOS="2513" WIDTH="2269" HEIGHT="98">
						<String ID="P124_ST00158" HPOS="628" VPOS="2513" WIDTH="124" HEIGHT="62" CONTENT="lebe" WC="0.95" CC="7077"/>
						<SP ID="P124_SP00137" HPOS="752" VPOS="2575" WIDTH="33"/>
						<String ID="P124_ST00159" HPOS="785" VPOS="2540" WIDTH="78" HEIGHT="35" CONTENT="zu" WC="0.71" CC="05"/>
						<SP ID="P124_SP00138" HPOS="863" VPOS="2575" WIDTH="31"/>
						<String ID="P124_ST00160" HPOS="894" VPOS="2516" WIDTH="148" HEIGHT="62" CONTENT="sehr." WC="0.98" CC="00773"/>
						<SP ID="P124_SP00139" HPOS="1042" VPOS="2578" WIDTH="62"/>
						<String ID="P124_ST00161" HPOS="1104" VPOS="2518" WIDTH="183" HEIGHT="62" CONTENT="Schick" WC="0.98" CC="107007"/>
						<SP ID="P124_SP00140" HPOS="1287" VPOS="2580" WIDTH="34"/>
						<String ID="P124_ST00162" HPOS="1321" VPOS="2530" WIDTH="103" HEIGHT="52" CONTENT="mir" WC="0.97" CC="017"/>
						<SP ID="P124_SP00141" HPOS="1424" VPOS="2582" WIDTH="43"/>
						<String ID="P124_ST00163" HPOS="1467" VPOS="2522" WIDTH="203" HEIGHT="63" CONTENT="deinen" WC="0.98" CC="006707"/>
						<SP ID="P124_SP00142" HPOS="1670" VPOS="2585" WIDTH="35"/>
						<String ID="P124_ST00164" HPOS="1705" VPOS="2524" WIDTH="207" HEIGHT="80" CONTENT="Engel," WC="0.98" CC="660073"/>
						<SP ID="P124_SP00143" HPOS="1912" VPOS="2604" WIDTH="35"/>
						<String ID="P124_ST00165" HPOS="1947" VPOS="2527" WIDTH="174" HEIGHT="64" CONTENT="Gott!" WC="0.99" CC="03220"/>
						<SP ID="P124_SP00144" HPOS="2121" VPOS="2604" WIDTH="62"/>
						<String ID="P124_ST00166" HPOS="2183" VPOS="2531" WIDTH="308" HEIGHT="80" CONTENT="Gefangen" WC="0.99" CC="60070900"/>
						<SP ID="P124_SP00145" HPOS="2491" VPOS="2611" WIDTH="34"/>
						<String ID="P124_ST00167" HPOS="2525" VPOS="2544" WIDTH="55" HEIGHT="52" CONTENT="in" WC="0.41" CC="47"/>
						<SP ID="P124_SP00146" HPOS="2580" VPOS="2611" WIDTH="35"/>
						<String ID="P124_ST00168" HPOS="2615" VPOS="2535" WIDTH="282" HEIGHT="64" CONTENT="bitterster" WC="0.99" CC="0060070207"/>
					</TextLine>
					<TextLine ID="P124_TL00023" HPOS="628" VPOS="2607" WIDTH="2268" HEIGHT="89">
						<String ID="P124_ST00169" HPOS="628" VPOS="2607" WIDTH="133" HEIGHT="62" CONTENT="Not" WC="1.00" CC="000"/>
						<SP ID="P124_SP00147" HPOS="761" VPOS="2669" WIDTH="145"/>
						<String ID="P124_ST00170" HPOS="906" VPOS="2611" WIDTH="75" HEIGHT="60" CONTENT="ich" WC="0.97" CC="007"/>
						<SP ID="P124_SP00148" HPOS="981" VPOS="2671" WIDTH="29"/>
						<String ID="P124_ST00171" HPOS="1010" VPOS="2611" WIDTH="414" HEIGHT="65" CONTENT="Geknechteter" WC="0.99" CC="706700020106"/>
						<SP ID="P124_SP00149" HPOS="1424" VPOS="2676" WIDTH="33"/>
						<String ID="P124_ST00172" HPOS="1457" VPOS="2625" WIDTH="74" HEIGHT="52" CONTENT="im" WC="0.78" CC="40"/>
						<SP ID="P124_SP00150" HPOS="1531" VPOS="2677" WIDTH="33"/>
						<String ID="P124_ST00173" HPOS="1564" VPOS="2620" WIDTH="327" HEIGHT="76" CONTENT="steigenden" WC="1.00" CC="0104000000"/>
						<SP ID="P124_SP00151" HPOS="1891" VPOS="2696" WIDTH="26"/>
						<String ID="P124_ST00174" HPOS="1917" VPOS="2621" WIDTH="152" HEIGHT="63" CONTENT="Licht" WC="0.99" CC="50000"/>
						<SP ID="P124_SP00152" HPOS="2069" VPOS="2696" WIDTH="31"/>
						<String ID="P124_ST00175" HPOS="2100" VPOS="2663" WIDTH="5" HEIGHT="9" CONTENT="-" WC="0.88" CC="1" STYLEREFS="TXT_3"/>
						<SP ID="P124_SP00153" HPOS="2105" VPOS="2696" WIDTH="97"/>
						<String ID="P124_ST00176" HPOS="2202" VPOS="2634" WIDTH="92" HEIGHT="53" CONTENT="(Er" WC="0.96" CC="046" STYLEREFS="TXT_3"/>
						<SP ID="P124_SP00154" HPOS="2294" VPOS="2696" WIDTH="32"/>
						<String ID="P124_ST00177" HPOS="2326" VPOS="2635" WIDTH="120" HEIGHT="51" CONTENT="sieht" WC="0.97" CC="05672" STYLEREFS="TXT_3"/>
						<SP ID="P124_SP00155" HPOS="2446" VPOS="2696" WIDTH="31"/>
						<String ID="P124_ST00178" HPOS="2477" VPOS="2637" WIDTH="266" HEIGHT="58" CONTENT="aufwärts.)" WC="0.99" CC="6600460030" STYLEREFS="TXT_3"/>
						<SP ID="P124_SP00156" HPOS="2743" VPOS="2696" WIDTH="52"/>
						<String ID="P124_ST00179" HPOS="2795" VPOS="2632" WIDTH="101" HEIGHT="61" CONTENT="Da" WC="0.16" CC="69"/>
					</TextLine>
					<TextLine ID="P124_TL00024" HPOS="625" VPOS="2701" WIDTH="2271" HEIGHT="86">
						<String ID="P124_ST00180" HPOS="625" VPOS="2701" WIDTH="111" HEIGHT="63" CONTENT="bist" WC="0.98" CC="7002"/>
						<SP ID="P124_SP00157" HPOS="736" VPOS="2764" WIDTH="40"/>
						<String ID="P124_ST00181" HPOS="776" VPOS="2702" WIDTH="79" HEIGHT="62" CONTENT="du" WC="0.87" CC="02"/>
						<SP ID="P124_SP00158" HPOS="855" VPOS="2764" WIDTH="42"/>
						<String ID="P124_ST00182" HPOS="897" VPOS="2714" WIDTH="104" HEIGHT="52" CONTENT="mir" WC="0.96" CC="065"/>
						<SP ID="P124_SP00159" HPOS="1001" VPOS="2766" WIDTH="41"/>
						<String ID="P124_ST00183" HPOS="1042" VPOS="2711" WIDTH="337" HEIGHT="73" CONTENT="angesteckt," WC="0.99" CC="55900000744"/>
						<SP ID="P124_SP00160" HPOS="1379" VPOS="2784" WIDTH="41"/>
						<String ID="P124_ST00184" HPOS="1420" VPOS="2710" WIDTH="187" HEIGHT="62" CONTENT="Baum" WC="0.98" CC="4020"/>
						<SP ID="P124_SP00161" HPOS="1607" VPOS="2784" WIDTH="40"/>
						<String ID="P124_ST00185" HPOS="1647" VPOS="2714" WIDTH="181" HEIGHT="62" CONTENT="voller" WC="0.98" CC="027006"/>
						<SP ID="P124_SP00162" HPOS="1828" VPOS="2784" WIDTH="39"/>
						<String ID="P124_ST00186" HPOS="1867" VPOS="2715" WIDTH="248" HEIGHT="65" CONTENT="Kerzen." WC="0.99" CC="0050004"/>
						<SP ID="P124_SP00163" HPOS="2115" VPOS="2784" WIDTH="56"/>
						<String ID="P124_ST00187" HPOS="2171" VPOS="2719" WIDTH="223" HEIGHT="63" CONTENT="Lausch" WC="0.99" CC="200007"/>
						<SP ID="P124_SP00164" HPOS="2394" VPOS="2784" WIDTH="42"/>
						<String ID="P124_ST00188" HPOS="2436" VPOS="2723" WIDTH="76" HEIGHT="59" CONTENT="ich" WC="0.98" CC="400"/>
						<SP ID="P124_SP00165" HPOS="2512" VPOS="2784" WIDTH="43"/>
						<String ID="P124_ST00189" HPOS="2555" VPOS="2724" WIDTH="84" HEIGHT="61" CONTENT="dir" WC="0.95" CC="066"/>
						<SP ID="P124_SP00166" HPOS="2639" VPOS="2785" WIDTH="40"/>
						<String ID="P124_ST00190" HPOS="2679" VPOS="2725" WIDTH="217" HEIGHT="62" CONTENT="wieder" WC="0.99" CC="000006"/>
					</TextLine>
					<TextLine ID="P124_TL00025" HPOS="626" VPOS="2798" WIDTH="2270" HEIGHT="85">
						<String ID="P124_ST00191" HPOS="626" VPOS="2819" WIDTH="73" HEIGHT="38" CONTENT="an" WC="0.32" CC="76"/>
						<SP ID="P124_SP00167" HPOS="699" VPOS="2857" WIDTH="58"/>
						<String ID="P124_ST00192" HPOS="757" VPOS="2798" WIDTH="282" HEIGHT="63" CONTENT="Zimmers" WC="0.99" CC="7400070"/>
						<SP ID="P124_SP00168" HPOS="1039" VPOS="2861" WIDTH="51"/>
						<String ID="P124_ST00193" HPOS="1090" VPOS="2801" WIDTH="194" HEIGHT="73" CONTENT="Rand," WC="0.99" CC="00004"/>
						<SP ID="P124_SP00169" HPOS="1284" VPOS="2874" WIDTH="61"/>
						<String ID="P124_ST00194" HPOS="1345" VPOS="2827" WIDTH="38" HEIGHT="38" CONTENT="o" WC="0.91" CC="0"/>
						<SP ID="P124_SP00170" HPOS="1383" VPOS="2874" WIDTH="60"/>
						<String ID="P124_ST00195" HPOS="1443" VPOS="2804" WIDTH="326" HEIGHT="75" CONTENT="Geschenk," WC="1.00" CC="700000002"/>
						<SP ID="P124_SP00171" HPOS="1769" VPOS="2879" WIDTH="59"/>
						<String ID="P124_ST00196" HPOS="1828" VPOS="2833" WIDTH="38" HEIGHT="38" CONTENT="o" WC="0.59" CC="4"/>
						<SP ID="P124_SP00172" HPOS="1866" VPOS="2879" WIDTH="51"/>
						<String ID="P124_ST00197" HPOS="1917" VPOS="2810" WIDTH="325" HEIGHT="65" CONTENT="Geschenk!" WC="0.99" CC="700000701"/>
						<SP ID="P124_SP00173" HPOS="2242" VPOS="2879" WIDTH="405"/>
						<String ID="P124_ST00198" HPOS="2647" VPOS="2818" WIDTH="249" HEIGHT="65" CONTENT="kommst" WC="0.99" CC="450005"/>
					</TextLine>
					<TextLine ID="P124_TL00026" HPOS="625" VPOS="2889" WIDTH="2270" HEIGHT="88">
						<String ID="P124_ST00199" HPOS="625" VPOS="2889" WIDTH="99" HEIGHT="72" CONTENT="du," WC="0.96" CC="064"/>
						<SP ID="P124_SP00174" HPOS="724" VPOS="2961" WIDTH="38"/>
						<String ID="P124_ST00200" HPOS="762" VPOS="2900" WIDTH="149" HEIGHT="54" CONTENT="mein" WC="0.98" CC="0055"/>
						<SP ID="P124_SP00175" HPOS="911" VPOS="2961" WIDTH="25"/>
						<String ID="P124_ST00201" HPOS="936" VPOS="2894" WIDTH="193" HEIGHT="72" CONTENT="Auto," WC="0.98" CC="13034"/>
						<SP ID="P124_SP00176" HPOS="1129" VPOS="2966" WIDTH="33"/>
						<String ID="P124_ST00202" HPOS="1162" VPOS="2897" WIDTH="174" HEIGHT="62" CONTENT="nicht?" WC="0.98" CC="600726"/>
						<SP ID="P124_SP00177" HPOS="1336" VPOS="2966" WIDTH="41"/>
						<String ID="P124_ST00203" HPOS="1377" VPOS="2898" WIDTH="152" HEIGHT="62" CONTENT="Muß" WC="0.94" CC="365"/>
						<SP ID="P124_SP00178" HPOS="1529" VPOS="2966" WIDTH="36"/>
						<String ID="P124_ST00204" HPOS="1565" VPOS="2902" WIDTH="76" HEIGHT="59" CONTENT="ich" WC="0.99" CC="110"/>
						<SP ID="P124_SP00179" HPOS="1641" VPOS="2966" WIDTH="28"/>
						<String ID="P124_ST00205" HPOS="1669" VPOS="2900" WIDTH="234" HEIGHT="74" CONTENT="Qualen" WC="0.99" CC="000702"/>
						<SP ID="P124_SP00180" HPOS="1903" VPOS="2974" WIDTH="34"/>
						<String ID="P124_ST00206" HPOS="1937" VPOS="2905" WIDTH="276" HEIGHT="63" CONTENT="erdulden" WC="1.00" CC="06000000"/>
						<SP ID="P124_SP00181" HPOS="2213" VPOS="2974" WIDTH="34"/>
						<String ID="P124_ST00207" HPOS="2247" VPOS="2908" WIDTH="100" HEIGHT="62" CONTENT="der" WC="0.98" CC="005"/>
						<SP ID="P124_SP00182" HPOS="2347" VPOS="2974" WIDTH="32"/>
						<String ID="P124_ST00208" HPOS="2379" VPOS="2909" WIDTH="234" HEIGHT="65" CONTENT="Freude" WC="0.99" CC="260000"/>
						<SP ID="P124_SP00183" HPOS="2613" VPOS="2974" WIDTH="31"/>
						<String ID="P124_ST00209" HPOS="2644" VPOS="2937" WIDTH="69" HEIGHT="38" CONTENT="so" WC="0.84" CC="03"/>
						<SP ID="P124_SP00184" HPOS="2713" VPOS="2975" WIDTH="34"/>
						<String ID="P124_ST00210" HPOS="2747" VPOS="2914" WIDTH="148" HEIGHT="63" CONTENT="nah?" WC="0.95" CC="6376"/>
					</TextLine>
					<TextLine ID="P124_TL00027" HPOS="625" VPOS="2983" WIDTH="2270" HEIGHT="104">
						<String ID="P124_ST00211" HPOS="625" VPOS="2983" WIDTH="116" HEIGHT="63" CONTENT="Die" WC="0.98" CC="050"/>
						<SP ID="P124_SP00185" HPOS="741" VPOS="3046" WIDTH="40"/>
						<String ID="P124_ST00212" HPOS="781" VPOS="2984" WIDTH="432" HEIGHT="84" CONTENT="Verzweiflung" WC="1.00" CC="003700022000"/>
						<SP ID="P124_SP00186" HPOS="1213" VPOS="3068" WIDTH="42"/>
						<String ID="P124_ST00213" HPOS="1255" VPOS="2993" WIDTH="218" HEIGHT="60" CONTENT="erstickt" WC="0.99" CC="36010074"/>
						<SP ID="P124_SP00187" HPOS="1473" VPOS="3068" WIDTH="47"/>
						<String ID="P124_ST00214" HPOS="1520" VPOS="2994" WIDTH="152" HEIGHT="63" CONTENT="mich." WC="0.99" CC="00004"/>
						<SP ID="P124_SP00188" HPOS="1672" VPOS="3068" WIDTH="62"/>
						<String ID="P124_ST00215" HPOS="1734" VPOS="2997" WIDTH="202" HEIGHT="62" CONTENT="Könnt" WC="1.00" CC="00003"/>
						<SP ID="P124_SP00189" HPOS="1936" VPOS="3068" WIDTH="56"/>
						<String ID="P124_ST00216" HPOS="1992" VPOS="3001" WIDTH="77" HEIGHT="59" CONTENT="ich" WC="0.98" CC="400"/>
						<SP ID="P124_SP00190" HPOS="2069" VPOS="3068" WIDTH="51"/>
						<String ID="P124_ST00217" HPOS="2120" VPOS="3005" WIDTH="250" HEIGHT="59" CONTENT="weinen!" WC="0.99" CC="0060003"/>
						<SP ID="P124_SP00191" HPOS="2370" VPOS="3068" WIDTH="48"/>
						<String ID="P124_ST00218" HPOS="2418" VPOS="3005" WIDTH="204" HEIGHT="63" CONTENT="Könnt" WC="1.00" CC="00003"/>
						<SP ID="P124_SP00192" HPOS="2622" VPOS="3068" WIDTH="39"/>
						<String ID="P124_ST00219" HPOS="2661" VPOS="3008" WIDTH="76" HEIGHT="60" CONTENT="ich" WC="0.97" CC="600"/>
						<SP ID="P124_SP00193" HPOS="2737" VPOS="3068" WIDTH="51"/>
						<String ID="P124_ST00220" HPOS="2788" VPOS="3031" WIDTH="107" HEIGHT="56" CONTENT="ge*" WC="0.98" CC="004"/>
					</TextLine>
					<TextLine ID="P124_TL00028" HPOS="624" VPOS="3078" WIDTH="368" HEIGHT="65">
						<String ID="P124_ST00221" HPOS="624" VPOS="3078" WIDTH="179" HEIGHT="64" CONTENT="boren" WC="0.62" CC="70506"/>
						<SP ID="P124_SP00194" HPOS="803" VPOS="3142" WIDTH="42"/>
						<String ID="P124_ST00222" HPOS="845" VPOS="3082" WIDTH="147" HEIGHT="61" CONTENT="sein!" WC="1.00" CC="00002"/>
					</TextLine>
					<TextLine ID="P124_TL00029" HPOS="625" VPOS="3205" WIDTH="2268" HEIGHT="81">
						<String ID="P124_ST00223" HPOS="625" VPOS="3205" WIDTH="88" HEIGHT="54" CONTENT="(Im" WC="0.98" CC="040" STYLEREFS="TXT_3"/>
						<SP ID="P124_SP00195" HPOS="713" VPOS="3259" WIDTH="12"/>
						<String ID="P124_ST00224" HPOS="725" VPOS="3205" WIDTH="215" HEIGHT="61" CONTENT="Fenster," WC="0.99" CC="06200663" STYLEREFS="TXT_3"/>
						<SP ID="P124_SP00196" HPOS="940" VPOS="3266" WIDTH="17"/>
						<String ID="P124_ST00225" HPOS="957" VPOS="3227" WIDTH="113" HEIGHT="32" CONTENT="vom" WC="0.98" CC="040" STYLEREFS="TXT_3"/>
						<SP ID="P124_SP00197" HPOS="1070" VPOS="3266" WIDTH="12"/>
						<String ID="P124_ST00226" HPOS="1082" VPOS="3210" WIDTH="186" HEIGHT="51" CONTENT="Monde" WC="0.96" CC="93707" STYLEREFS="TXT_3"/>
						<SP ID="P124_SP00198" HPOS="1268" VPOS="3266" WIDTH="15"/>
						<String ID="P124_ST00227" HPOS="1283" VPOS="3212" WIDTH="232" HEIGHT="60" CONTENT="beglänzt," WC="0.47" CC="770787503" STYLEREFS="TXT_3"/>
						<SP ID="P124_SP00199" HPOS="1515" VPOS="3272" WIDTH="18"/>
						<String ID="P124_ST00228" HPOS="1533" VPOS="3215" WIDTH="126" HEIGHT="50" CONTENT="steht" WC="0.97" CC="00774" STYLEREFS="TXT_3"/>
						<SP ID="P124_SP00200" HPOS="1659" VPOS="3272" WIDTH="21"/>
						<String ID="P124_ST00229" HPOS="1680" VPOS="3215" WIDTH="84" HEIGHT="51" CONTENT="das" WC="0.97" CC="070" STYLEREFS="TXT_3"/>
						<SP ID="P124_SP00201" HPOS="1764" VPOS="3272" WIDTH="21"/>
						<String ID="P124_ST00230" HPOS="1785" VPOS="3217" WIDTH="191" HEIGHT="53" CONTENT="Gesicht" WC="0.97" CC="6706970" STYLEREFS="TXT_3"/>
						<SP ID="P124_SP00202" HPOS="1976" VPOS="3272" WIDTH="18"/>
						<String ID="P124_ST00231" HPOS="1994" VPOS="3219" WIDTH="81" HEIGHT="51" CONTENT="des" WC="0.96" CC="072" STYLEREFS="TXT_3"/>
						<SP ID="P124_SP00203" HPOS="2075" VPOS="3272" WIDTH="19"/>
						<String ID="P124_ST00232" HPOS="2094" VPOS="3220" WIDTH="240" HEIGHT="52" CONTENT="Freundes" WC="0.98" CC="77760070" STYLEREFS="TXT_3"/>
						<SP ID="P124_SP00204" HPOS="2334" VPOS="3272" WIDTH="20"/>
						<String ID="P124_ST00233" HPOS="2354" VPOS="3242" WIDTH="86" HEIGHT="33" CONTENT="aus" WC="0.95" CC="760" STYLEREFS="TXT_3"/>
						<SP ID="P124_SP00205" HPOS="2440" VPOS="3275" WIDTH="20"/>
						<String ID="P124_ST00234" HPOS="2460" VPOS="3224" WIDTH="107" HEIGHT="52" CONTENT="dem" WC="0.94" CC="078" STYLEREFS="TXT_3"/>
						<SP ID="P124_SP00206" HPOS="2567" VPOS="3276" WIDTH="16"/>
						<String ID="P124_ST00235" HPOS="2583" VPOS="3239" WIDTH="154" HEIGHT="39" CONTENT="ersten" WC="0.97" CC="760077" STYLEREFS="TXT_3"/>
						<SP ID="P124_SP00207" HPOS="2737" VPOS="3278" WIDTH="10"/>
						<String ID="P124_ST00236" HPOS="2747" VPOS="3229" WIDTH="146" HEIGHT="57" CONTENT="Akt.)" WC="0.99" CC="70020" STYLEREFS="TXT_3"/>
					</TextLine>
					<TextLine ID="P124_TL00030" HPOS="701" VPOS="3314" WIDTH="1010" HEIGHT="85">
						<String ID="P124_ST00237" HPOS="701" VPOS="3314" WIDTH="141" HEIGHT="63" CONTENT="Der" WC="1.00" CC="000"/>
						<SP ID="P124_SP00208" HPOS="842" VPOS="3377" WIDTH="41"/>
						<String ID="P124_ST00238" HPOS="883" VPOS="3316" WIDTH="302" HEIGHT="64" CONTENT="Freund:" WC="0.99" CC="1600605"/>
						<SP ID="P124_SP00209" HPOS="1185" VPOS="3380" WIDTH="45"/>
						<String ID="P124_ST00239" HPOS="1230" VPOS="3318" WIDTH="273" HEIGHT="81" CONTENT="Verzage" WC="0.99" CC="0057100"/>
						<SP ID="P124_SP00210" HPOS="1503" VPOS="3399" WIDTH="42"/>
						<String ID="P124_ST00240" HPOS="1545" VPOS="3325" WIDTH="166" HEIGHT="62" CONTENT="nicht!" WC="0.98" CC="020715"/>
					</TextLine>
					<TextLine ID="P124_TL00031" HPOS="701" VPOS="3407" WIDTH="1390" HEIGHT="83">
						<String ID="P124_ST00241" HPOS="701" VPOS="3407" WIDTH="140" HEIGHT="64" CONTENT="Der" WC="0.98" CC="005"/>
						<SP ID="P124_SP00211" HPOS="841" VPOS="3471" WIDTH="41"/>
						<String ID="P124_ST00242" HPOS="882" VPOS="3410" WIDTH="212" HEIGHT="64" CONTENT="Sohn:" WC="0.98" CC="51064"/>
						<SP ID="P124_SP00212" HPOS="1094" VPOS="3474" WIDTH="44"/>
						<String ID="P124_ST00243" HPOS="1138" VPOS="3412" WIDTH="153" HEIGHT="62" CONTENT="Wer" WC="0.95" CC="606"/>
						<SP ID="P124_SP00213" HPOS="1291" VPOS="3474" WIDTH="39"/>
						<String ID="P124_ST00244" HPOS="1330" VPOS="3415" WIDTH="112" HEIGHT="62" CONTENT="bist" WC="0.98" CC="7200"/>
						<SP ID="P124_SP00214" HPOS="1442" VPOS="3477" WIDTH="33"/>
						<String ID="P124_ST00245" HPOS="1475" VPOS="3416" WIDTH="97" HEIGHT="74" CONTENT="du," WC="0.96" CC="063"/>
						<SP ID="P124_SP00215" HPOS="1572" VPOS="3490" WIDTH="44"/>
						<String ID="P124_ST00246" HPOS="1616" VPOS="3419" WIDTH="175" HEIGHT="63" CONTENT="helles" WC="0.99" CC="740000"/>
						<SP ID="P124_SP00216" HPOS="1791" VPOS="3490" WIDTH="38"/>
						<String ID="P124_ST00247" HPOS="1829" VPOS="3421" WIDTH="262" HEIGHT="64" CONTENT="Gesicht?" WC="1.00" CC="00060020"/>
					</TextLine>
					<TextLine ID="P124_TL00032" HPOS="701" VPOS="3502" WIDTH="2187" HEIGHT="85">
						<String ID="P124_ST00248" HPOS="701" VPOS="3502" WIDTH="139" HEIGHT="63" CONTENT="Der" WC="0.97" CC="007"/>
						<SP ID="P124_SP00217" HPOS="840" VPOS="3565" WIDTH="31"/>
						<String ID="P124_ST00249" HPOS="871" VPOS="3505" WIDTH="301" HEIGHT="65" CONTENT="Freund;" WC="0.98" CC="4600506"/>
						<SP ID="P124_SP00218" HPOS="1172" VPOS="3570" WIDTH="39"/>
						<String ID="P124_ST00250" HPOS="1211" VPOS="3509" WIDTH="114" HEIGHT="61" CONTENT="Die" WC="0.99" CC="020"/>
						<SP ID="P124_SP00219" HPOS="1325" VPOS="3570" WIDTH="34"/>
						<String ID="P124_ST00251" HPOS="1359" VPOS="3506" WIDTH="196" HEIGHT="67" CONTENT="Türen" WC="0.98" CC="60604"/>
						<SP ID="P124_SP00220" HPOS="1555" VPOS="3573" WIDTH="34"/>
						<String ID="P124_ST00252" HPOS="1589" VPOS="3515" WIDTH="127" HEIGHT="60" CONTENT="sind" WC="0.99" CC="0300"/>
						<SP ID="P124_SP00221" HPOS="1716" VPOS="3575" WIDTH="24"/>
						<String ID="P124_ST00253" HPOS="1740" VPOS="3518" WIDTH="407" HEIGHT="63" CONTENT="verschlossen." WC="1.00" CC="0050000100064"/>
						<SP ID="P124_SP00222" HPOS="2147" VPOS="3581" WIDTH="38"/>
						<String ID="P124_ST00254" HPOS="2185" VPOS="3520" WIDTH="115" HEIGHT="61" CONTENT="Ein" WC="0.96" CC="730"/>
						<SP ID="P124_SP00223" HPOS="2300" VPOS="3581" WIDTH="27"/>
						<String ID="P124_ST00255" HPOS="2327" VPOS="3521" WIDTH="220" HEIGHT="64" CONTENT="Diener" WC="0.99" CC="004005"/>
						<SP ID="P124_SP00224" HPOS="2547" VPOS="3585" WIDTH="30"/>
						<String ID="P124_ST00256" HPOS="2577" VPOS="3533" WIDTH="141" HEIGHT="54" CONTENT="wies" WC="0.99" CC="0400"/>
						<SP ID="P124_SP00225" HPOS="2718" VPOS="3587" WIDTH="34"/>
						<String ID="P124_ST00257" HPOS="2752" VPOS="3528" WIDTH="136" HEIGHT="59" CONTENT="mich" WC="0.96" CC="0487"/>
					</TextLine>
					<TextLine ID="P124_TL00033" HPOS="624" VPOS="3594" WIDTH="1412" HEIGHT="91">
						<String ID="P124_ST00258" HPOS="624" VPOS="3594" WIDTH="217" HEIGHT="65" CONTENT="hinaus." WC="0.99" CC="7500402"/>
						<SP ID="P124_SP00226" HPOS="841" VPOS="3659" WIDTH="44"/>
						<String ID="P124_ST00259" HPOS="885" VPOS="3599" WIDTH="126" HEIGHT="61" CONTENT="Der" WC="0.98" CC="005"/>
						<SP ID="P124_SP00227" HPOS="1011" VPOS="3660" WIDTH="41"/>
						<String ID="P124_ST00260" HPOS="1052" VPOS="3600" WIDTH="159" HEIGHT="79" CONTENT="Weg" WC="0.96" CC="900"/>
						<SP ID="P124_SP00228" HPOS="1211" VPOS="3679" WIDTH="40"/>
						<String ID="P124_ST00261" HPOS="1251" VPOS="3610" WIDTH="73" HEIGHT="54" CONTENT="ist" WC="0.96" CC="604"/>
						<SP ID="P124_SP00229" HPOS="1324" VPOS="3679" WIDTH="40"/>
						<String ID="P124_ST00262" HPOS="1364" VPOS="3620" WIDTH="183" HEIGHT="47" CONTENT="etwas" WC="1.00" CC="03000"/>
						<SP ID="P124_SP00230" HPOS="1547" VPOS="3679" WIDTH="45"/>
						<String ID="P124_ST00263" HPOS="1592" VPOS="3609" WIDTH="444" HEIGHT="76" CONTENT="ungewöhnlich." WC="1.00" CC="0002007004004"/>
					</TextLine>
					<TextLine ID="P124_TL00034" HPOS="704" VPOS="3689" WIDTH="1752" HEIGHT="84">
						<String ID="P124_ST00264" HPOS="704" VPOS="3689" WIDTH="138" HEIGHT="64" CONTENT="Der" WC="0.98" CC="006"/>
						<SP ID="P124_SP00231" HPOS="842" VPOS="3753" WIDTH="41"/>
						<String ID="P124_ST00265" HPOS="883" VPOS="3693" WIDTH="212" HEIGHT="63" CONTENT="Sohn:" WC="0.98" CC="20704"/>
						<SP ID="P124_SP00232" HPOS="1095" VPOS="3756" WIDTH="44"/>
						<String ID="P124_ST00266" HPOS="1139" VPOS="3695" WIDTH="103" HEIGHT="61" CONTENT="Du" WC="1.00" CC="00"/>
						<SP ID="P124_SP00233" HPOS="1242" VPOS="3756" WIDTH="42"/>
						<String ID="P124_ST00267" HPOS="1284" VPOS="3697" WIDTH="187" HEIGHT="64" CONTENT="bist's!" WC="0.65" CC="7300805"/>
						<SP ID="P124_SP00234" HPOS="1471" VPOS="3761" WIDTH="37"/>
						<String ID="P124_ST00268" HPOS="1508" VPOS="3700" WIDTH="103" HEIGHT="63" CONTENT="Du" WC="0.67" CC="06"/>
						<SP ID="P124_SP00235" HPOS="1611" VPOS="3763" WIDTH="40"/>
						<String ID="P124_ST00269" HPOS="1651" VPOS="3703" WIDTH="167" HEIGHT="62" CONTENT="liebst" WC="0.98" CC="030705"/>
						<SP ID="P124_SP00236" HPOS="1818" VPOS="3765" WIDTH="33"/>
						<String ID="P124_ST00270" HPOS="1851" VPOS="3707" WIDTH="161" HEIGHT="61" CONTENT="mich!" WC="0.98" CC="04072"/>
						<SP ID="P124_SP00237" HPOS="2012" VPOS="3768" WIDTH="47"/>
						<String ID="P124_ST00271" HPOS="2059" VPOS="3707" WIDTH="175" HEIGHT="63" CONTENT="Gott!" WC="0.98" CC="34400"/>
						<SP ID="P124_SP00238" HPOS="2234" VPOS="3770" WIDTH="48"/>
						<String ID="P124_ST00272" HPOS="2282" VPOS="3709" WIDTH="174" HEIGHT="64" CONTENT="Gott!" WC="0.98" CC="04412"/>
					</TextLine>
					<TextLine ID="P124_TL00035" HPOS="704" VPOS="3783" WIDTH="2184" HEIGHT="88">
						<String ID="P124_ST00273" HPOS="704" VPOS="3783" WIDTH="137" HEIGHT="62" CONTENT="Der" WC="0.97" CC="070"/>
						<SP ID="P124_SP00239" HPOS="841" VPOS="3845" WIDTH="56"/>
						<String ID="P124_ST00274" HPOS="897" VPOS="3786" WIDTH="278" HEIGHT="64" CONTENT="Freund" WC="0.97" CC="750670"/>
						<SP ID="P124_SP00240" HPOS="1175" VPOS="3850" WIDTH="55"/>
						<String ID="P124_ST00275" HPOS="1230" VPOS="3801" WIDTH="181" HEIGHT="53" CONTENT="(erhebt" WC="0.98" CC="0770770" STYLEREFS="TXT_3"/>
						<SP ID="P124_SP00241" HPOS="1411" VPOS="3854" WIDTH="32"/>
						<String ID="P124_ST00276" HPOS="1443" VPOS="3802" WIDTH="90" HEIGHT="50" CONTENT="sich" WC="0.97" CC="0707" STYLEREFS="TXT_3"/>
						<SP ID="P124_SP00242" HPOS="1533" VPOS="3854" WIDTH="42"/>
						<String ID="P124_ST00277" HPOS="1575" VPOS="3808" WIDTH="62" HEIGHT="45" CONTENT="im" WC="0.34" CC="75" STYLEREFS="TXT_3"/>
						<SP ID="P124_SP00243" HPOS="1637" VPOS="3854" WIDTH="35"/>
						<String ID="P124_ST00278" HPOS="1672" VPOS="3806" WIDTH="199" HEIGHT="51" CONTENT="Fenster" WC="0.98" CC="5770076" STYLEREFS="TXT_3"/>
						<SP ID="P124_SP00244" HPOS="1871" VPOS="3857" WIDTH="32"/>
						<String ID="P124_ST00279" HPOS="1903" VPOS="3826" WIDTH="62" HEIGHT="32" CONTENT="zu" WC="0.38" CC="56" STYLEREFS="TXT_3"/>
						<SP ID="P124_SP00245" HPOS="1965" VPOS="3858" WIDTH="41"/>
						<String ID="P124_ST00280" HPOS="2006" VPOS="3808" WIDTH="160" HEIGHT="53" CONTENT="halber" WC="0.96" CC="727776" STYLEREFS="TXT_3"/>
						<SP ID="P124_SP00246" HPOS="2166" VPOS="3861" WIDTH="29"/>
						<String ID="P124_ST00281" HPOS="2195" VPOS="3812" WIDTH="186" HEIGHT="56" CONTENT="Höhe):" WC="0.97" CC="607707" STYLEREFS="TXT_3"/>
						<SP ID="P124_SP00247" HPOS="2381" VPOS="3868" WIDTH="63"/>
						<String ID="P124_ST00282" HPOS="2444" VPOS="3806" WIDTH="144" HEIGHT="62" CONTENT="Nah" WC="0.94" CC="077"/>
						<SP ID="P124_SP00248" HPOS="2588" VPOS="3868" WIDTH="60"/>
						<String ID="P124_ST00283" HPOS="2648" VPOS="3810" WIDTH="79" HEIGHT="59" CONTENT="ich" WC="0.95" CC="407"/>
						<SP ID="P124_SP00249" HPOS="2727" VPOS="3869" WIDTH="57"/>
						<String ID="P124_ST00284" HPOS="2784" VPOS="3833" WIDTH="104" HEIGHT="38" CONTENT="zur" WC="1.00" CC="000"/>
					</TextLine>
					<TextLine ID="P124_TL00036" HPOS="624" VPOS="3876" WIDTH="509" HEIGHT="67">
						<String ID="P124_ST00285" HPOS="624" VPOS="3876" WIDTH="216" HEIGHT="62" CONTENT="rechten" WC="0.99" CC="0000450"/>
						<SP ID="P124_SP00250" HPOS="840" VPOS="3938" WIDTH="42"/>
						<String ID="P124_ST00286" HPOS="882" VPOS="3878" WIDTH="251" HEIGHT="65" CONTENT="Stunde?" WC="0.99" CC="5344000"/>
					</TextLine>
				</TextBlock>
			</PrintSpace>
		</Page>
	</Layout>
</alto>
