2309 3863
902 274 50 27 LA
984 269 169 33 PENSÉE
1185 278 223 27 MUSICALE

2078 287 78 40 495

155 357 112 41 dans
285 367 124 31 votie
433 373 212 39 ouvrage,
671 372 41 32 et
736 377 110 28 vous
867 367 238 51 désignent
1127 384 173 29 comme
1319 388 59 26 un
1399 377 217 40 musicien
1641 379 120 40 avisé
1787 380 76 51 qui
1879 392 54 27 ne
1961 393 45 28 se
2029 381 133 42 laisse

156 439 79 38 pas
256 427 176 41 séduire
454 443 72 37 par
557 430 61 40 les
642 430 215 45 formules
881 449 266 29 convenues.
1172 438 122 43 Vous
1312 442 112 42 dites
1448 442 103 43 bien
1574 445 95 41 leur
1689 445 77 43 fait
1780 461 84 27 aux
1886 450 248 52 métaphysi-

155 496 120 38 ciens
296 495 56 40 du
374 499 131 38 mode
524 500 171 51 majeur
714 510 40 31 et
771 502 58 40 du
853 504 132 41 mode
1008 507 189 41 mineur.
1222 508 122 42 Vous
1368 524 104 27 avez
1487 512 77 41 des
1586 527 139 38 pages
1744 517 318 41 intéressantes
2087 532 75 28 sur

157 562 38 39 le
219 563 92 41 rôle
333 564 53 40 de
410 565 38 40 la
465 580 177 28 mesure
666 578 41 31 et
727 571 57 40 du
810 572 173 52 rythme
1006 574 111 41 dans
1138 576 63 40 les
1239 585 183 34 travaux
1457 580 76 41 des
1575 582 221 43 hommes.
1837 584 217 43 Curieuse
2095 597 66 31 est

154 639 123 32 votre
301 633 183 52 analyse
505 635 24 40 d
551 651 85 26 une
657 648 156 31 sonate
836 640 53 40 de
909 640 136 53 Bach,
1066 657 54 26 en
1145 658 112 27 nous
1275 656 227 33 montrant
1525 663 85 38 que
1633 651 207 51 religion,
1865 655 69 39 vie
1956 654 201 52 profane,

154 698 149 49 chant,
337 704 207 51 musique
576 705 25 39 d
623 718 154 39 orgue,
821 711 208 50 musique
1063 711 54 40 de
1154 713 169 51 violon,
1358 715 163 42 danses
1554 725 284 46 empruntées
1871 726 22 35 à
1926 722 171 50 l'ltalie,
2135 729 23 36 à

154 766 258 53 l'Espagne,
437 775 21 35 à
480 771 314 55 l'Allemagne,
817 785 125 43 types
966 778 53 40 de
1055 783 295 50 composition
1370 797 141 29 venus
1535 786 57 41 du
1614 785 121 43 Nord
1774 797 42 35 et
1857 790 58 40 du
1947 790 111 42 Midi
2095 791 64 54 s'y

154 835 200 42 donnent
377 840 310 52 rendez-vous,
709 852 41 32 et
771 857 85 39 que
890 845 64 40 les
988 851 326 48 compositeurs
1350 852 53 40 de
1445 861 111 33 cette
1599 863 183 45 trempe,
1810 856 91 42 loin
1939 859 53 40 de
2030 859 126 49 faire,

152 916 174 29 comme
345 919 54 27 on
422 907 39 40 le
480 908 61 41 dit
566 911 214 51 toujours,
813 926 85 27 une
922 927 150 28 œuvre
1092 918 227 41 nationale
1342 928 40 32 et
1404 935 108 37 pure
1536 923 53 39 de
1612 931 95 34 tout
1726 925 178 52 alliage,
1931 927 227 42 subissent

154 972 10 39 1
184 973 217 42 influence
422 976 76 40 des
522 976 102 42 faits
649 981 194 51 sociaux,
866 982 76 40 des
959 984 213 41 relations
1192 996 123 32 entre
1337 988 64 40 les
1418 990 202 52 peuples,
1643 1000 41 32 et
1700 1006 55 27 ne
1772 993 97 42 font
1911 1009 85 38 que
2039 1009 96 27 rece-

152 1042 111 48 voir,
284 1042 207 42 modifier
509 1054 41 32 et
569 1054 283 35 transmettre
885 1064 86 27 une
994 1052 268 43 civilisation
1295 1070 54 26 en
1373 1058 196 41 marche.
1596 1059 111 42 Bien
1730 1063 282 41 instructives
2036 1066 122 39 aussi

151 1122 79 27 vos
247 1112 155 40 études
416 1126 75 27 sur
501 1113 63 41 les
583 1115 306 52 phénomènes
907 1121 303 53 périodiques,
1224 1137 75 28 sur
1316 1124 39 42 le
1368 1136 181 43 rapport
1570 1127 76 41 des
1659 1137 99 33 tons
1778 1139 42 32 et
1842 1131 77 41 des
1934 1132 220 46 couleurs,

151 1191 77 28 sur
251 1181 10 38 I
281 1181 297 42 intervention
602 1185 76 40 des
700 1186 378 55 mathématiques
1103 1202 10 38 \
1131 1190 103 43 bien
1253 1193 269 52 judicieuses
1545 1209 80 28 vos
1646 1199 234 41 réflexions
1902 1214 77 27 sur
2001 1215 19 24 «
2039 1199 119 44 l'état

153 1252 179 46 présent
371 1250 52 40 de
463 1251 38 39 la
540 1254 207 51 musique
789 1268 39 26 ».
884 1255 239 57 Beaucoup
1163 1260 24 40 d
1208 1263 223 52 exemples
1469 1273 42 33 et
1552 1266 77 40 des
1666 1268 206 41 citations
1914 1269 244 42 heureuses

150 1315 202 43 donnent
375 1319 53 40 de
448 1319 40 40 la
507 1322 69 38 vie
601 1325 21 35 à
648 1330 94 32 tout
761 1322 243 53 l'ouvrage.

209 1383 98 42 Une
326 1386 97 40 idée
442 1387 242 49 diiectiice,
712 1393 74 49 qui
804 1402 191 42 reparaît
1020 1397 21 36 à
1063 1395 173 52 chaque
1255 1411 115 38 page
1405 1407 41 32 et
1469 1402 75 50 qui
1585 1415 112 28 vous
1737 1405 109 40 tient
1878 1419 56 27 au
1972 1420 138 34 cœur,
2135 1421 22 26 a

154 1451 83 41 fixé
260 1466 104 27 mon
388 1456 218 40 attention
629 1472 8 33 ;
661 1456 104 42 c'est
785 1473 59 26 un
869 1461 140 51 point,
1030 1476 59 26 un
1109 1477 106 36 gros
1239 1467 125 49 point
1389 1479 76 28 sur
1488 1468 146 52 lequel
1660 1470 38 52 je
1717 1485 110 27 vous
1864 1473 238 43 demande,
2118 1475 40 40 la

154 1523 269 50 permission
446 1523 54 39 de
523 1523 205 42 batailler
745 1540 103 27 avec
871 1541 126 28 vous.
1042 1527 112 44 Mais
1190 1532 29 39 il
1249 1546 18 26 s
1288 1535 92 48 agit
1411 1534 40 40 là
1481 1533 130 44 d'une
1650 1547 284 34 controverse
1975 1541 109 41 dont
2119 1543 40 40 la

152 1590 196 40 solution
370 1605 27 25 n
417 1594 70 37 ôte
510 1594 94 38 rien
628 1597 21 35 à
672 1594 9 40 1
702 1595 158 40 intérêt
882 1596 53 40 de
954 1606 123 32 votre
1116 1600 130 40 étude
1271 1614 9 34 ;
1316 1601 39 40 la
1399 1616 131 28 cause
1571 1606 239 52 entendue,
1853 1608 29 40 il
1918 1622 114 28 nous
2062 1623 96 28 sera

150 1656 131 42 facile
304 1658 53 41 de
377 1672 114 28 nous
506 1670 157 31 mettre
684 1663 200 42 d'accord
906 1674 41 31 et
969 1665 54 40 de
1042 1667 148 52 parler
1211 1668 40 41 le
1275 1674 144 37 même
1440 1671 210 52 langage.

209 1778 239 44 Comment
468 1783 230 52 expliquer
714 1794 109 32 cette
847 1801 146 36 vague
1016 1801 176 36 sonore,
1214 1804 47 26 ce
1284 1792 154 40 souffle
1460 1795 74 51 qui
1558 1808 130 38 passe
1708 1809 54 28 en
1787 1806 176 43 portant
1985 1800 173 51 jusqu'à

153 1859 114 27 nous
291 1847 10 39 1
324 1851 96 38 âme
442 1849 26 40 d
489 1864 59 26 un
572 1851 257 42 Beethoven
852 1854 16 38 ?
897 1853 121 43 Pour
1041 1856 11 39 1
1074 1856 220 53 analyser,
1317 1859 223 51 plusieurs
1573 1863 193 41 sciences
1797 1866 327 42 interviennent
2148 1879 8 27 i

152 1914 10 38 1
184 1917 277 51 acoustique,
484 1917 40 41 la
545 1919 299 53 physiologie,
870 1922 63 41 les
956 1924 393 54 mathématiques,
1377 1928 38 40 la
1439 1929 306 52 psychologie,
1780 1930 295 57 l'esthétique,
2117 1936 37 40 la

154 1984 259 50 sociologie,
439 1986 11 39 1
469 1986 200 42 histoiie.
693 1987 117 43 Mais
830 1999 94 32 tout
947 1992 25 39 d
994 1992 139 41 abord
1156 1994 29 40 il
1205 2007 111 28 vous
1333 1994 94 43 faut
1440 2011 87 26 une
1549 1997 233 44 définition
1798 2001 54 40 de
1875 2001 39 41 la
1933 2004 223 52 musique,

152 2060 41 32 et
215 2054 130 46 voici,
364 2067 55 27 en
442 2067 188 36 somme,
653 2070 46 26 ce
724 2071 84 38 que
830 2072 111 27 vous
964 2060 155 41 voulez
1136 2062 257 41 démontrer
1424 2078 8 26 :
1458 2065 42 40 la
1515 2066 187 55 musique
1730 2075 57 33 est
1808 2067 97 42 l'art
1939 2071 50 39 de
2009 2075 150 47 penser

151 2135 98 25 avec
263 2121 71 39 des
348 2135 115 26 sons.
483 2122 64 41 La
572 2129 163 47 pensée
754 2128 213 40 musicale
989 2137 66 32 est
1072 2143 86 26 une
1183 2143 20 25 «
1227 2136 163 47 pensée
1407 2146 104 28 sans
1531 2145 208 43 concepts
1760 2149 38 27 ».
1822 2138 211 41 Formule
2055 2154 78 26 con-

153 2189 268 48 tradictoire,
446 2190 146 42 disent
613 2193 62 40 les
701 2194 308 53 philosophes,
1034 2210 57 27 on
1115 2211 53 27 ne
1188 2212 136 39 pense
1354 2199 180 53 qu'avec
1575 2203 78 41 des
1688 2215 208 43 concepts
1921 2218 9 37 ;
1967 2206 191 43 formule

153 2258 107 38 tirée
282 2257 54 39 de
359 2258 9 39 1
389 2262 258 48 expérience
663 2270 42 31 et
726 2262 54 40 de
797 2263 11 39 1
828 2262 304 51 observation,
1157 2266 274 44 dites-vous.
1451 2269 64 41 La
1534 2276 162 46 pensée
1737 2275 215 41 musicale
1988 2289 22 27 a
2043 2290 114 38 pour

152 2330 219 36 caractère
394 2326 244 54 spécifique
660 2330 53 39 de
747 2333 252 49 supprimer
1016 2332 62 41 les
1099 2344 207 43 concepts
1332 2350 9 34 ;
1379 2336 241 43 affranchie
1643 2340 58 40 du
1719 2341 149 49 verbe,
1891 2343 84 40 elle
2014 2350 119 47 repré-

153 2402 124 31 sente
302 2406 19 24 «
347 2391 208 45 l'activité
576 2409 109 39 pure
709 2398 52 39 de
778 2398 169 53 l'esprit
971 2412 38 35 »,
1044 2401 84 40 elle
1154 2411 66 32 est
1243 2418 59 25 un
1330 2413 93 32 acte
1447 2408 232 50 supérieur
1714 2418 40 31 et
1778 2416 88 35 très
1903 2411 254 42 différencié

150 2462 54 38 de
224 2470 125 31 notre
371 2463 298 51 intelligence.
698 2464 68 42 On
793 2466 39 40 la
858 2476 203 33 retrouve
1098 2474 21 35 à
1155 2478 98 33 tous
1275 2471 62 41 les
1359 2476 106 47 âges
1502 2475 52 39 de
1577 2474 278 52 l'humanité,
1881 2492 106 28 sous
2012 2488 143 33 toutes

151 2530 63 39 les
239 2528 163 42 formes
423 2540 40 31 et
489 2536 21 35 à
536 2541 98 32 tous
660 2534 62 39 les
745 2535 177 51 degrés,
947 2536 316 42 rudimentaire
1287 2540 103 40 chez
1411 2542 63 40 les
1498 2543 227 53 primitifs,
1751 2545 194 43 sublime
1967 2549 104 40 chez
2092 2549 62 40 les

150 2598 237 40 modernes
409 2608 40 31 et
473 2599 62 40 les
571 2603 160 50 esprits
750 2603 25 40 d
796 2603 100 41 élite
915 2618 9 33 ;
958 2606 114 40 ainsi
1107 2615 124 31 votre
1270 2606 235 45 définition
1547 2611 222 43 s'accorde
1792 2629 105 27 avec
1939 2615 216 43 l'histoire

150 2675 41 30 et
215 2679 103 27 avec
341 2667 40 40 la
400 2669 258 50 sociologie.

205 2733 138 42 Entre
366 2735 38 40 la
423 2741 163 46 pensée
609 2740 215 39 musicale
848 2744 149 38 créant
1016 2742 77 40 des
1117 2755 175 28 œuvres
1310 2745 112 40 d'art
1446 2754 40 33 et
1526 2748 37 39 la
1606 2750 171 41 science
1815 2754 77 50 qui
1932 2754 147 40 étudie
2117 2754 38 40 le

148 2805 272 39 mécanisme
442 2804 53 40 de
517 2805 9 39 1
547 2806 203 41 audition
773 2820 57 28 ou
853 2808 63 40 les
939 2808 84 41 lois
1058 2810 52 40 de
1148 2811 37 39 la
1221 2816 244 38 résonance
1498 2816 218 53 multiple,
1751 2819 28 39 il
1803 2834 26 38 y
1871 2834 21 26 a
1933 2834 20 24 «
1986 2822 165 47 conflit,

150 2872 247 40 antinomie
419 2873 284 41 irréductible
728 2887 37 27 ».
791 2874 65 42 Ne
875 2890 270 38 repoussons
1165 2893 79 38 pas
1263 2881 38 39 le
1324 2895 18 21 «
1368 2884 217 40 musicien
1610 2885 52 40 de
1687 2885 271 44 laboratoire
1979 2902 36 35 »,
2042 2892 112 38 mais

148 2939 247 41 cherchons
418 2954 53 26 en
491 2941 162 41 dehors
693 2943 53 40 de
769 2944 60 40 lui
855 2948 21 36 à
902 2957 19 25 «
945 2945 134 40 isoler
1099 2946 38 39 le
1170 2947 281 51 phénomène
1486 2954 184 39 musical
1700 2966 37 28 ».
1778 2954 63 42 Le
1878 2966 172 42 savant,
2060 2957 12 18 f
2079 2972 76 27 sur

151 3008 193 51 quelque
368 3011 162 37 terrain
555 3011 105 50 qu'il
683 3016 172 45 évolue,
876 3026 53 27 ne
950 3025 113 28 nous
1080 3014 196 41 donnera
1297 3031 78 38 pas
1399 3018 38 40 la
1464 3020 195 42 solution
1680 3022 58 41 du
1761 3024 231 50 problème
2018 3041 9 33 ;
2048 3027 28 39 il
2100 3041 54 26 ne

150 3075 89 40 fera
262 3090 85 37 que
368 3090 113 27 nous
501 3088 209 42 apporter
732 3079 175 41 d'utiles
933 3094 19 24 «
975 3081 328 43 contributions
1323 3098 19 24 »
1385 3100 54 26 au
1479 3088 370 54 développement
1891 3094 106 41 d'un
2043 3096 111 51 sujet

151 3144 226 41 tellement
391 3147 209 49 original,
623 3145 103 54 qu'il
742 3147 92 42 faut
857 3162 212 27 renoncer
1086 3161 22 28 «
1131 3155 21 36 à
1168 3151 38 40 le
1228 3153 174 41 réduire
1422 3168 54 27 en
1495 3156 120 42 idées
1634 3158 157 41 claires
1807 3170 41 30 et
1867 3162 229 41 distinctes
2114 3177 37 26 ».

206 3212 144 41 Toute
370 3214 191 41 mélodie
578 3225 124 42 porte
722 3229 53 28 en
809 3217 251 42 elle-même
1083 3233 59 26 un
1171 3234 94 26 sens
1305 3222 179 40 musical
1525 3226 134 50 qu'on
1698 3231 230 40 essaierait
1962 3244 54 27 en
2053 3234 100 37 vain

147 3278 267 55 d'exprimer
435 3297 104 26 avec
563 3284 77 40 des
666 3293 130 32 mots.
823 3284 71 42 On
918 3295 104 43 peut
1046 3288 195 40 traduire
1265 3302 52 28 en
1337 3305 86 26 une
1446 3291 165 53 langue
1634 3300 234 47 étrangère
1900 3312 87 26 une
2029 3300 125 40 lettre

150 3348 220 41 d'affaires
392 3363 56 28 ou
473 3355 143 37 même
637 3366 87 26 une
747 3367 114 38 page
893 3355 54 39 de
989 3353 294 50 Lamartine;
1326 3361 113 38 mais
1476 3361 28 39 il
1537 3372 65 30 est
1644 3365 265 51 impossible
1951 3367 53 39 de
2046 3367 108 40 faire

150 3430 152 38 passer
326 3431 86 27 une
435 3419 161 51 phrase
616 3422 213 39 musicale
852 3422 112 40 dans
982 3422 76 40 des
1073 3422 215 43 formules
1308 3427 217 51 verbales,
1551 3445 131 37 parce
1699 3431 132 53 qu'ici
1854 3447 18 24 «
1909 3434 39 40 la
1991 3440 162 46 pensée

150 3493 64 32 est
237 3486 23 39 d
284 3500 57 25 un
359 3496 124 31 autie
507 3488 128 40 ordre
660 3502 36 26 ».
727 3488 60 42 Ce
809 3503 101 27 sens
934 3492 314 41 intraduisible
1268 3495 232 42 démontre
1543 3499 11 38 1
1573 3501 219 40 existence
1826 3501 132 41 d'une
1992 3508 162 46 pensée

149 3567 65 24 sui
233 3554 187 51 generis.
