2309 3863
887 245 51 27 LA
971 237 170 36 PENSÉE
1174 245 222 28 MUSICALE

141 245 76 39 504

192 334 81 58 J'ai
298 334 76 43 fini
396 350 70 26 ma
491 337 202 51 critique,
719 345 41 33 et
777 336 39 53 je
840 335 220 42 m'excuse
1084 337 170 41 d'avoir
1281 345 92 33 tant
1408 336 143 42 abusé
1573 338 54 40 de
1663 345 123 33 votre
1809 338 217 52 patience.
2070 334 83 56 J'ai

138 404 95 50 fait,
258 419 54 27 en
336 418 188 35 somme,
552 409 21 35 à
588 413 124 33 votre
745 418 153 28 œuvre
919 418 88 28 une
1042 406 184 40 chicane
1272 407 74 51 qui
1390 405 212 41 l'effleure
1627 406 246 40 seulement
1898 419 9 35 ;
1927 405 70 53 j'ai
2030 404 120 43 cédé,

139 489 80 38 par
241 473 231 47 habitude,
498 487 55 26 au
576 472 158 42 besoin
759 472 267 54 d'analyser,
1052 474 54 40 de
1137 472 177 50 définir,
1337 474 53 40 de
1417 487 142 28 serrer
1595 474 54 40 de
1690 479 101 48 près
1815 474 62 40 les
1920 475 232 51 questions

141 552 41 32 et
204 543 54 40 de
278 555 54 27 ne
352 555 79 39 pas
454 555 71 26 me
547 541 158 41 laisser
728 541 200 42 étourdir
950 556 80 38 par
1054 542 63 41 les
1135 551 132 32 mots.
1292 541 119 42 Mais
1428 540 161 43 l'effort
1609 548 157 35 amène
1804 542 39 40 la
1883 543 191 49 détente,
2112 550 41 32 et

140 613 282 38 maintenant
445 623 114 28 nous
584 611 145 40 allons
753 623 116 28 nous
890 611 231 40 entendre.

198 678 33 41 Il
255 678 93 41 faut
367 677 103 42 bien
494 691 104 28 user
617 677 104 42 d'un
743 677 196 51 langage
956 687 203 37 courant,
1178 686 42 33 et
1244 691 114 28 nous
1387 691 55 28 ne
1468 691 207 40 pouvons
1699 678 232 41 surveiller
1952 682 20 36 à
1997 677 157 41 l'excès

141 761 82 29 nos
247 747 228 40 moindres
494 747 194 52 paroles.
709 745 64 42 Le
790 747 200 50 langage
1012 755 65 32 est
1091 745 185 42 d'abord
1294 761 89 26 une
1408 748 112 39 série
1538 748 355 51 ininterrompue
1916 745 215 42 d'abstrac-

143 818 118 40 tions
286 818 74 50 qui
386 815 216 52 abrègent
619 816 40 40 le
682 816 220 40 discours.
927 814 69 42 Au
1020 816 88 40 lieu
1147 816 54 40 de
1243 816 146 52 parler
1409 816 77 40 des
1507 816 206 40 hommes
1737 818 149 39 réunis
1925 825 41 31 et
2003 817 151 39 vivant

142 884 230 42 ensemble
395 883 173 53 d'après
609 886 220 38 certaines
854 886 309 49 conventions,
1205 898 114 26 nous
1359 885 155 40 disons
1540 898 19 24 «
1583 885 39 39 la
1644 886 198 40 société»
1869 899 10 34 ;
1911 899 55 25 au
1989 884 88 40 lieu
2101 883 53 41 de

143 954 203 52 rappeler
366 967 46 26 ce
435 953 78 40 fait
537 966 86 40 que
646 966 81 28 nos
753 954 257 39 sensations
1035 961 41 33 et
1099 953 119 41 leurs
1240 955 379 51 représentations
1641 953 204 41 verbales
1865 954 186 39 laissent
2076 953 78 41 des

145 1031 142 33 traces
315 1022 111 40 dans
449 1030 125 33 notre
599 1035 186 27 cerveau
809 1030 40 32 et
884 1030 198 43 peuvent
1105 1020 63 55 s'y
1191 1022 218 52 réveiller,
1435 1035 114 28 nous
1572 1023 156 40 disons
1762 1035 20 25 «
1814 1023 40 39 la
1875 1023 215 39 mémoire
2114 1034 38 26 ».

142 1090 88 42 Les
253 1090 216 41 formules
494 1091 282 52 analytiques
800 1091 192 39 seraient
1016 1091 53 40 de
1110 1091 296 40 continuelles
1428 1100 221 31 entraves.
1684 1090 116 41 Mais
1836 1091 29 40 il
1907 1106 28 37 y
1968 1105 21 25 a
2014 1091 100 52 plus
2143 1106 7 25 :

142 1173 89 28 non
261 1168 202 32 contents
480 1157 278 49 d'abstraire,
793 1172 114 27 nous
933 1157 334 54 personnifions
1291 1173 84 28 nos
1399 1160 137 40 idées.
1561 1158 128 43 Nous
1731 1159 306 41 ressemblons
2070 1173 82 27 aux

141 1227 211 54 primitifs
386 1229 91 51 qui,
513 1228 112 40 dans
646 1228 173 52 chaque
857 1227 286 52 phénomène
1181 1229 54 40 de
1258 1229 40 40 la
1329 1237 176 40 nature,
1532 1230 208 51 voyaient
1762 1243 60 26 un
1859 1232 90 37 être
1985 1237 40 32 et
2066 1242 85 26 une

141 1298 181 39 volonté
338 1312 8 33 ;
373 1310 173 27 comme
579 1310 97 37 eux,
708 1309 114 27 nous
861 1295 170 41 faisons
1072 1297 54 40 de
1164 1296 524 56 tanthropomorphisme.
1714 1296 125 42 Nous
1876 1298 154 39 disons
2066 1310 84 39 que

142 1364 168 54 l'esprit
334 1364 280 54 scientifique
637 1378 111 28 nous
770 1366 149 39 anime
942 1373 41 33 et
1008 1379 116 27 nous
1148 1379 165 39 pousse
1332 1370 20 36 à
1378 1366 40 40 la
1444 1366 235 41 recherche
1701 1366 53 40 de
1787 1366 37 40 la
1845 1367 152 45 vérité,
2038 1378 111 27 nous

142 1434 156 41 disons
322 1448 85 38 que
430 1432 183 42 l'artiste
628 1443 66 31 est
716 1434 137 50 guidé
875 1448 79 37 par
989 1448 87 26 une
1108 1433 134 42 noble
1265 1436 283 51 inspiration,
1583 1443 41 31 et
1653 1447 113 28 nous
1802 1443 213 31 trouvons
2038 1434 112 39 dans

145 1516 83 27 son
251 1516 151 27 œuvre
425 1517 59 26 un
506 1502 155 41 souffle
684 1503 221 51 puissant.
931 1501 50 55 Je
1000 1504 115 47 vois,
1141 1516 105 27 avec
1263 1516 130 33 vous,
1428 1503 39 40 la
1494 1503 192 40 mélodie
1709 1505 76 49 qui
1818 1501 201 51 s'élance,
2050 1503 100 51 puis

146 1569 180 43 s'arrête
349 1580 41 32 et
419 1585 19 24 «
482 1572 137 51 replie
644 1584 69 27 ses
734 1571 108 39 ailes
867 1583 19 25 »
912 1582 8 37 ;
961 1584 105 27 avec
1109 1570 278 50 Schumann,
1425 1573 38 51 je
1484 1573 98 39 vois
1616 1585 19 25 «
1675 1571 191 40 l'amour
1899 1579 40 31 et
1971 1568 181 42 l'amitié

146 1653 156 39 passer
325 1653 75 28 sur
418 1648 111 32 cette
552 1648 113 31 terre
688 1653 60 27 un
770 1639 117 39 voile
910 1652 55 27 au
987 1638 120 41 front
1127 1648 40 31 et
1182 1639 64 40 les
1263 1640 141 40 lèvres
1424 1640 143 40 closes
1590 1652 19 24 »
1633 1651 9 37 ;
1665 1652 105 27 avec
1806 1638 275 52 Montaigne,
2114 1641 38 50 je

146 1717 155 32 trouve
341 1722 85 39 que
460 1706 166 53 l'esprit
660 1707 188 40 humain
872 1715 66 32 est
979 1720 20 25 «
1024 1722 60 25 un
1122 1708 146 50 grand
1293 1709 176 40 ouvrier
1500 1709 54 39 de
1577 1708 204 40 miracles
1803 1720 38 26 ».
1876 1707 167 41 Toutes
2082 1721 69 27 ces

146 1775 171 53 figures
351 1777 201 40 donnent
576 1780 21 37 à
628 1777 40 40 la
693 1775 153 53 parole
866 1789 60 26 un
957 1789 141 35 essor,
1124 1790 87 27 une
1234 1777 183 40 couleur
1446 1790 104 27 sans
1586 1776 194 53 lesquels
1813 1785 122 32 toute
1957 1778 195 39 émotion

148 1847 257 51 persuasive
430 1844 92 41 s'en
546 1846 100 40 irait
679 1845 53 40 de
761 1857 81 27 nos
872 1843 228 44 discours..

201 1914 50 54 Je
274 1927 55 27 ne
367 1912 148 42 refuse
539 1914 117 52 plus,
693 1928 113 28 vous
842 1917 38 40 le
926 1928 136 40 voyez
1084 1914 52 40 de
1171 1914 148 52 parler
1347 1921 125 33 votre
1499 1914 210 50 langage.
1741 1912 62 41 La
1844 1914 208 51 musique
2086 1925 70 27 me

147 1982 150 41 donne
319 1982 78 40 des
420 1984 226 39 émotions
665 1983 259 52 profondes,
950 1984 84 41 elle
1057 1996 70 27 me
1151 1990 251 46 transporte
1442 1996 54 26 en
1538 1996 59 26 un
1630 1982 164 40 monde
1820 1982 53 40 de
1910 1985 138 46 rêves,
2074 1981 83 39 elle

148 2060 66 31 est
233 2065 60 26 un
317 2050 419 42 affranchissement
759 2063 7 28 :
789 2053 39 52 je
844 2067 55 27 ne
916 2053 119 40 crois
1056 2065 80 39 pas
1162 2048 159 56 qu'elle
1343 2064 71 27 me
1427 2049 118 42 fasse
1566 2053 97 38 voir
1682 2051 63 40 les
1765 2051 157 40 choses
1948 2064 19 24 «
1994 2055 21 35 à
2040 2048 116 42 l'état

147 2133 84 38 pur
254 2132 38 38 »,
315 2120 115 39 mais
453 2119 84 40 elle
560 2133 71 26 me
653 2120 182 49 délivre,
872 2121 275 41 c'est-à-dire
1182 2117 158 55 qu'elle
1378 2132 71 27 me
1488 2132 156 39 repose
1686 2119 183 52 l'esprit,
1896 2119 173 50 change
2117 2118 39 40 le

148 2201 129 27 cours
299 2188 54 40 de
386 2201 94 27 mes
504 2188 121 40 idées
643 2197 41 32 et
706 2187 317 54 m'encourage
1044 2193 22 36 à
1091 2189 52 40 de
1166 2201 235 28 nouveaux
1423 2187 167 42 efforts.
1611 2187 51 56 Je
1684 2189 115 40 crois
1823 2192 21 35 à
1870 2201 79 27 son
1970 2188 187 51 pouvoir

147 2258 213 51 magique
383 2265 41 32 et
458 2271 54 26 au
538 2270 102 28 sens
663 2257 188 53 profond
872 2260 78 40 des
977 2258 188 51 adagios
1199 2257 54 40 de
1274 2257 274 41 Beethoven.
1572 2257 50 54 Je
1646 2258 166 39 crois...
1837 2258 113 39 mais
1980 2253 177 56 j'aurais

146 2328 232 38 mauvaise
400 2329 133 48 grâce
554 2331 20 35 à
593 2327 246 53 multiplier
861 2328 63 41 les
955 2328 177 40 articles
1170 2327 53 40 de
1244 2338 106 28 mon
1374 2326 123 40 credo
1528 2335 40 33 et
1609 2331 21 35 à
1670 2340 112 28 vous
1813 2325 110 41 faire
1959 2325 199 41 attendre

146 2394 102 53 plus
278 2395 258 52 longtemps
571 2410 72 26 ma
678 2396 278 42 conclusion.

204 2462 137 41 Votre
362 2464 108 40 livre
494 2472 65 32 est
582 2464 119 52 plein
735 2465 52 39 de
810 2464 118 48 faits,
955 2463 253 53 d'analyses
1238 2472 41 32 et
1307 2464 54 40 de
1380 2465 253 51 jugements
1656 2463 177 49 subtils,
1872 2461 202 42 d'amour
2105 2462 53 40 de

150 2531 39 40 la
209 2533 226 51 musique,
461 2532 53 40 de
539 2545 103 27 sens
666 2535 258 50 artistisque
940 2542 41 31 et
1005 2531 317 41 d'admiration
1338 2545 115 39 pour
1467 2532 63 40 les
1544 2535 197 37 maîtres.
1769 2530 47 41 Si
1831 2530 69 54 j'ai
1916 2546 57 37 pu
1994 2539 139 41 regret-

152 2608 66 32 ter
240 2615 59 25 un
322 2601 170 39 instant
515 2613 86 39 que
625 2613 111 28 vous
760 2614 104 39 ayez
903 2603 86 38 mis
1021 2609 94 32 tant
1155 2601 54 40 de
1230 2600 174 48 travail,
1429 2600 53 40 de
1505 2604 283 46 compétence
1804 2607 41 32 et
1864 2597 204 42 d'ardeur
2101 2613 54 25 au

151 2670 168 39 service
332 2666 131 43 d'une
486 2669 287 53 philosophie
793 2672 75 51 qui
892 2668 112 43 n'est
1028 2683 79 39 pas
1128 2669 39 40 la
1198 2671 194 48 mienne,
1416 2683 54 26 en
1491 2669 119 52 dépit
1632 2669 54 40 de
1709 2681 93 28 mes
1826 2673 215 45 réserves,
2066 2667 91 40 bon

152 2737 108 42 livre
282 2738 30 40 il
336 2746 115 33 reste
473 2746 57 41 et,
555 2751 172 29 comme
745 2747 101 33 tous
870 2739 63 41 les
957 2738 112 42 bons
1093 2739 148 50 livres,
1267 2738 29 40 il
1311 2737 77 42 fait
1408 2751 212 39 penser...
1637 2751 103 27 avec
1759 2737 77 40 des
1856 2746 131 31 mots.

1259 2833 28 40 D
1287 2833 29 40 r
1344 2833 52 41 L.
1436 2831 212 43 GUSTAVE
1683 2832 251 48 RICHELOT,

1428 2916 50 37 de
1502 2914 257 39 l'Académie
1774 2915 51 38 de
1848 2914 227 39 médecine.

882 3236 38 39 A
954 3235 63 41 M.
1054 3236 37 40 le
1125 3236 29 40 D
1154 3236 30 40 r
1214 3234 212 50 Richelot,

783 3341 163 33 Membre
971 3342 45 32 de
1034 3340 218 34 l'Académie
1274 3342 44 32 de
1340 3340 200 34 médecine.

213 3425 68 41 En
306 3425 135 41 lisant
466 3425 41 41 la
528 3425 126 41 lettre
676 3424 239 50 ci-dessus,
942 3427 76 51 qui
1041 3438 258 28 commence
1322 3430 88 36 très
1429 3424 104 42 bien
1555 3438 114 40 pour
1687 3425 91 41 moi
1800 3432 41 33 et
1864 3425 77 52 qui
1960 3426 209 40 continue

158 3496 150 40 moins
326 3494 120 50 bien,
469 3495 29 40 il
519 3507 70 28 me
607 3492 320 55 semblequ'un
944 3499 88 36 très
1055 3494 143 52 grand
1215 3495 284 42 médecinme
1521 3495 147 41 donne
1685 3507 86 28 une
1793 3493 316 42 consultation.
2136 3493 32 42 Il

156 3577 262 29 commence
440 3578 80 38 par
542 3564 53 41 de
627 3563 174 42 bonnes
847 3564 196 52 paroles,
1068 3564 224 42 destinées
1328 3569 21 37 à
1389 3579 72 27 me
1483 3572 225 34 remonter
1730 3563 40 42 le
1807 3563 143 42 moral
1991 3572 42 33 et
2057 3567 113 39 àme
