2309 3863
908 256 52 25 LA
995 247 168 34 PENSÉE
1196 254 223 27 MUSICALE

236 290 0 0 502

156 349 118 40 leurs
299 349 248 51 analogues
573 350 111 40 dans
714 362 81 28 nos
838 349 205 40 discours
1082 356 41 32 et
1148 348 95 40 leur
1282 348 150 40 raison
1472 345 133 43 d'être
1641 363 54 26 en
1737 352 328 38 nous-mêmes.
2104 347 66 41 La

158 417 331 41 ressemblance
513 418 77 40 des
611 418 215 52 procédés
850 426 66 32 est
939 417 204 40 évidente
1172 418 36 38 si
1232 429 114 27 nous
1369 429 269 39 comparons
1662 431 86 27 une
1770 418 181 52 période
1975 419 193 39 oratoire

159 499 103 27 avec
296 501 58 25 un
378 486 160 52 simple
562 485 85 40 lied
653 517 9 19 ,
691 492 57 34 où
769 486 63 40 les
852 485 235 41 inflexions
1111 485 58 40 du
1190 484 132 41 chant
1343 486 176 40 suivent
1551 499 79 39 pas
1655 490 22 36 à
1701 499 79 39 pas
1804 487 63 40 les
1890 500 197 27 nuances
2108 487 58 40 du

157 556 238 39 sentiment
419 555 122 51 parlé
566 566 7 37 ;
599 555 83 40 elle
703 568 54 27 ne
781 555 96 40 l'est
898 567 78 39 pas
1001 555 147 39 moins
1171 554 113 39 dans
1312 553 38 40 la
1376 555 207 51 musique
1603 555 356 49 instrumentale,
1983 557 75 51 qui
2096 565 67 31 est

159 635 19 25 «
204 635 85 28 une
313 625 323 50 transposition
660 632 40 31 et
724 638 59 26 un
807 623 372 52 développement
1202 622 55 40 de
1276 622 38 40 la
1333 624 209 50 musique
1557 623 152 40 vocale
1733 622 106 42 ».Et
1862 637 70 27 ces
1950 625 214 51 procédés

157 689 301 54 d'expression
475 701 76 31 ont
571 691 38 40 la
630 696 143 36 même
799 696 168 47 portée,
994 691 38 40 le
1058 695 145 36 même
1227 691 137 49 degré
1406 691 309 47 d'exactitude,
1749 689 106 54 qu'il
1891 691 186 52 s'agisse
2114 693 52 40 de

157 761 207 50 musique
388 773 55 27 ou
469 760 54 40 de
546 760 194 51 langage
767 775 9 34 ;
803 760 275 40 c'est-à-dire
1102 773 86 38 que
1211 759 171 40 chacun
1406 758 127 41 d'eux
1557 759 167 52 répond
1752 764 20 35 à
1803 760 77 40 des
1903 764 263 38 sentiments

159 833 87 35 très
269 828 163 40 divers.
454 828 187 42 Comme
667 830 62 39 les
748 830 126 39 traits
897 828 108 40 delà
1032 830 143 38 sainte
1199 827 194 41 Thérèse
1416 828 58 40 du
1498 827 164 41 Bernin
1698 830 247 50 expriment
1968 829 40 40 la
2030 829 115 41 béati-

159 896 104 40 tude
287 910 56 27 ou
367 897 37 39 la
428 897 181 53 volupté
626 898 56 39 ad
705 898 166 39 libitum
881 930 9 14 ,
905 912 59 25 un
986 898 322 49 gémissement
1332 905 103 43 peut
1455 898 196 39 traduire
1674 896 40 40 la
1736 897 202 49 douleur,
1956 898 40 40 le
2015 898 156 51 plaisir

159 977 55 28 ou
237 964 206 51 l'extase;
465 966 263 48 seulement,
755 966 63 40 les
846 966 235 40 inflexions
1098 966 57 39 du
1176 965 195 50 langage
1395 974 100 32 sont
1531 965 257 51 expliquées
1812 969 22 35 à
1870 966 174 51 chaque
2080 967 66 39 ins-

157 1042 94 31 tant
271 1047 79 39 par
373 1047 86 27 une
480 1034 96 41 idée
600 1036 185 51 précise,
809 1035 147 39 tandis
976 1047 86 39 que
1086 1034 61 40 les
1173 1035 223 38 émotions
1421 1034 54 39 de
1499 1034 37 39 la
1561 1034 210 51 musique
1803 1047 109 38 pure
2036 1034 39 52 je
2097 1034 71 40 l'ai

159 1101 62 41 dit
244 1103 101 51 plus
368 1103 109 40 haut
492 1126 53 4 —
565 1112 169 31 restent
757 1116 170 37 vagues
942 1111 41 32 et
1006 1102 409 52 compréhensives,
1437 1111 41 31 et
1498 1101 113 40 dans
1634 1101 96 41 leur
1751 1102 130 40 cadre
1904 1115 46 27 se
1970 1102 199 41 donnent

158 1171 292 40 rendez-vous
475 1180 101 32 tous
596 1172 62 39 les
684 1173 265 39 sentiments
972 1171 227 40 humains.

211 1237 99 53 Que
327 1240 391 41 demandez-vous
741 1241 54 39 de
828 1240 117 52 plus,
971 1248 42 32 et
1056 1241 223 50 pourquoi
1312 1241 267 51 jugez-vous
1613 1239 141 52 puéril
1775 1239 54 40 de
1863 1241 98 39 voir
1989 1240 113 39 dans
2125 1241 39 38 la

155 1308 207 51 musique
386 1308 39 39 le
444 1308 374 53 développement
837 1308 54 40 de
914 1309 191 39 certains
1129 1307 744 54 procédésnaturelsd'expression
1893 1312 16 36 ?
1932 1307 231 53 Pourquoi

153 1374 188 42 Diderot
363 1385 41 32 et
423 1375 211 54 Spencer,
659 1378 74 50 qui
752 1386 76 32 ont
851 1385 190 32 soutenu
1060 1385 109 32 cette
1190 1376 140 48 thèse,
1347 1376 205 41 n'ont-ils
1569 1390 58 38 pu
1647 1385 178 31 trouver
1845 1380 132 47 grâce
2001 1376 163 41 devant

153 1456 112 28 vous
289 1449 16 35 ?
329 1444 230 54 Pourquoi
582 1459 299 39 prenez-vous
903 1449 20 36 à
948 1447 142 51 partie
1114 1458 19 24 «
1159 1445 64 40 les
1244 1445 368 52 physiologistes,
1635 1445 242 50 médecins,
1923 1445 241 40 directeurs

155 1511 178 43 d'asiles
357 1512 231 53 d'aliénés,
604 1523 181 32 savants
807 1515 54 39 de
881 1514 271 40 laboratoire
1173 1511 300 55 oud'hôpital,
1493 1515 76 49 qui
1586 1526 55 27 ne
1663 1514 150 39 voient
1837 1517 21 35 à
1880 1510 202 54 l'origine
2106 1514 58 40 du

155 1582 134 40 chant
310 1595 83 39 que
416 1583 78 40 des
512 1585 171 38 actions
707 1583 294 40 musculaires
1024 1583 220 40 réflexes»
1272 1586 16 36 ?
1327 1582 232 51 Pourquoi
1589 1580 121 42 enfin
1746 1582 64 40 les
1843 1595 320 28 accusez-vous

154 1649 276 54 d'expliquer
451 1651 97 41 l'art
570 1665 55 26 en
645 1653 282 50 supprimant
952 1659 95 32 tout
1067 1650 184 41 d'abord
1277 1650 38 40 le
1340 1663 102 27 sens
1463 1651 233 51 artistique
1721 1650 15 38 ?

210 1717 115 49 Non,
352 1728 155 39 certes,
535 1720 151 51 quand
707 1733 114 27 nous
844 1719 249 40 cherchons
1117 1719 63 40 les
1193 1719 253 40 conditions
1470 1718 351 41 déterminantes
1841 1718 53 40 de
1933 1715 230 44 l'émotion

155 1787 214 40 musicale
388 1796 42 31 et
451 1801 101 38 que,
578 1801 71 27 ces
672 1789 253 39 conditions
941 1788 240 46 dévoilées,
1208 1800 114 27 nous
1362 1790 202 37 arrêtons
1589 1787 39 40 là
1670 1796 128 31 notre
1821 1790 203 49 enquête,
2051 1800 113 27 nous

155 1869 197 27 sommes
376 1856 92 40 loin
487 1856 53 40 de
570 1870 114 27 nous
708 1865 159 32 mettre
891 1870 19 24 «
934 1870 55 26 en
1007 1856 165 40 dehors
1195 1856 54 39 de
1273 1856 39 39 la
1338 1857 208 50 musique
1570 1868 19 25 »
1615 1863 41 32 et
1676 1855 219 41 d'étudier
1918 1868 19 25 «
1959 1856 78 39 des
2055 1855 85 52 phé-

155 1929 216 35 nomènes
393 1926 284 47 accessoires,
702 1929 20 36 à
743 1928 96 37 côté
858 1925 59 40 du
936 1926 93 39 vrai
1052 1925 112 52 sujet
1186 1936 37 28 ».

209 1991 118 48 Non,
353 2002 157 38 certes,
536 1994 148 52 quand
708 2007 115 27 nous
842 2003 192 37 restons,
1055 2006 103 27 avec
1176 1992 173 40 Claude
1369 1992 215 50 Bernard,
1613 1992 110 40 dans
1744 1992 64 40 les
1832 1992 165 40 limites
2037 1992 53 40 de
2125 1992 40 40 la

153 2063 324 39 connaissance
494 2062 230 52 humaine,
762 2075 113 27 nous
898 2062 177 40 n'ôtons
1095 2074 80 40 pas
1218 2061 53 41 de
1310 2061 183 41 l'oeuvre
1533 2059 113 42 d'art
1688 2060 39 40 le
1766 2074 104 26 sens
1908 2061 254 51 artistique,

154 2128 316 52 l'intelligence
492 2139 41 32 et
557 2131 39 40 la
621 2135 176 48 pensée.
821 2129 276 49 Seulement,
1115 2143 112 27 nous
1249 2142 140 28 avons
1402 2133 258 37 commencé
1672 2143 82 39 par
1770 2126 160 44 définir
1949 2128 62 41 les
2032 2138 132 31 mots.

153 2197 64 41 Le
239 2201 306 50 compositeur
566 2213 151 38 pense,
746 2199 29 40 il
800 2200 174 50 conçoit
991 2199 78 40 des
1086 2200 264 39 sentiments
1373 2206 41 32 et
1437 2197 78 41 des
1538 2198 122 40 idées
1692 2199 76 51 qui
1807 2197 281 44 l'émeuvent,
2125 2207 43 31 et

154 2281 105 27 sous
280 2267 96 40 leur
391 2267 140 41 dictée
546 2268 30 39 il
593 2268 187 40 cherche
795 2268 78 40 des
890 2267 338 41 combinaisons
1249 2279 186 28 sonores
1455 2266 209 53 capables
1695 2266 226 40 d'éveiller
1940 2266 77 40 des
2041 2270 94 37 émo-

152 2337 117 40 tions
294 2336 207 53 pareilles
518 2345 41 32 et
581 2337 78 40 des
680 2338 264 39 sentiments
969 2336 263 50 analogues.
1258 2335 56 41 Et
1342 2349 113 38 pour
1472 2337 183 45 réussir,
1680 2335 29 40 il
1740 2335 92 40 doit
1869 2338 90 37 être
2000 2335 146 40 intelli-

152 2413 122 42 gent,
301 2404 266 41 c'est-à-dire
592 2403 106 54 qu'il
716 2405 60 39 lui
800 2403 93 42 faut
917 2418 87 27 une
1027 2404 269 53 disposition
1314 2405 164 46 native,
1491 2417 88 27 une
1593 2404 310 49 organisation
1918 2402 224 41 cérébrale
2155 2417 10 34 ;

153 2473 30 39 il
207 2473 60 40 lui
289 2472 92 40 faut
405 2475 122 38 aussi
550 2473 215 51 posséder
788 2474 40 38 la
854 2473 254 52 technique,
1136 2472 68 40 s'il
1228 2481 102 31 veut
1355 2472 260 52 reproduire
1640 2484 104 27 avec
1783 2486 60 25 un
1883 2480 151 31 accent
2070 2485 72 38 per-

155 2540 158 42 sonnel
336 2549 41 32 et
401 2540 277 41 habilement
699 2554 197 39 grouper
919 2541 62 40 les
1007 2541 213 51 procédés
1239 2540 199 41 naturels
1456 2548 42 32 et
1525 2538 241 41 instinctifs
1780 2539 54 39 de
1855 2538 306 52 l'expression.

155 2609 124 41 Vous
303 2622 153 40 croyez
475 2613 21 36 à
522 2624 59 26 un
605 2623 20 24 «
645 2609 156 41 travail
825 2611 124 51 privé
971 2610 54 39 de
1063 2608 175 40 modèle
1277 2608 112 40 dans
1409 2608 39 40 la
1471 2608 152 40 réalité
1667 2620 39 33 »,
1731 2620 131 38 parce
1903 2606 108 52 qu'il
2035 2606 129 51 s'agit

155 2676 339 54 d'impressions
514 2678 220 40 auditives
752 2687 40 31 et
816 2691 90 27 non
929 2678 54 40 de
1002 2676 167 42 formes
1188 2678 251 51 plastiques
1463 2687 9 39 ;
1493 2677 113 39 mais
1627 2676 188 52 peintre,
1858 2675 216 40 musicien
2107 2688 57 27 ou

156 2747 227 52 sculpteur
399 2760 55 27 ne
484 2746 95 41 font
600 2748 94 39 rien
719 2759 103 28 sans
842 2746 192 41 modèle.
1060 2745 69 41 Au
1154 2745 226 53 sculpteur
1402 2753 42 32 et
1477 2759 54 26 au
1556 2745 172 51 peintre
1751 2744 29 39 il
1804 2742 94 42 faut
1935 2745 122 39 aussi
2081 2756 85 28 une

154 2815 269 52 disposition
447 2817 148 38 native
618 2823 41 32 et
682 2814 78 41 des
777 2827 102 28 sens
904 2813 153 41 affinés
1074 2827 80 39 par
1173 2811 282 42 l'éducation.
1479 2811 232 53 Pourquoi
1736 2825 54 27 ne
1810 2812 97 40 leur
1939 2811 204 40 accordez-

153 2897 112 28 vous
286 2897 79 39 pas
386 2897 86 28 une
492 2887 168 48 pensée
678 2882 252 54 suigeneris
944 2883 76 51 qui
1034 2882 145 51 dirige
1195 2881 105 40 l'oeil
1316 2881 59 40 du
1389 2882 170 51 peintre
1576 2889 41 32 et
1632 2880 40 40 la
1695 2881 122 39 main
1841 2880 59 40 du
1922 2880 215 41 statuaire
2152 2883 18 36 ?

212 3012 301 48 Parcourons,
540 3026 53 27 en
618 3013 202 40 dernière
841 3013 201 53 analyse,
1070 3013 64 41 les
1158 3027 139 39 pages
1322 3020 56 34 où
1401 3026 113 27 vous
1550 3026 160 40 prenez
1736 3026 129 40 corps
1903 3017 21 35 à
1968 3025 129 40 corps
2122 3013 41 39 la

155 3083 172 38 science
350 3090 40 31 et
414 3081 64 40 les
500 3090 198 33 savants.
726 3080 48 43 Si
798 3083 39 52 je
856 3096 55 27 ne
926 3096 69 27 me
1019 3091 189 44 trompe,
1230 3095 112 28 vous
1366 3083 173 39 donnez
1559 3086 21 35 à
1606 3081 160 40 l'étude
1791 3081 53 40 de
1862 3079 181 42 l'oreille
2065 3081 101 51 plus

153 3150 324 53 d'importance
502 3148 159 55 qu'elle
682 3150 99 41 n'en
804 3166 21 25 a
847 3165 114 38 pour
1001 3160 127 32 notre
1152 3152 127 51 sujet.
1308 3149 99 53 Que
1434 3164 114 27 vous
1590 3151 244 51 importent
1874 3149 198 50 l'organe
2112 3149 55 41 de

154 3217 126 43 Corti
304 3227 41 32 et
369 3232 70 27 ses
475 3231 158 38 30.000
654 3219 153 52 piliers
828 3219 244 52 élastiques
1096 3224 16 35 ?
1135 3219 232 52 Pourquoi
1385 3219 368 46 cherchez-vous,
1780 3231 104 27 avec
1903 3217 63 41 les
1984 3217 152 54 physio-

154 3288 203 51 logistes,
385 3290 35 38 si
453 3288 174 52 chaque
668 3301 82 27 son
796 3296 65 32 est
902 3301 20 25 «
947 3301 133 39 perçu
1098 3301 21 24 »
1163 3302 81 38 par
1275 3301 87 27 une
1401 3287 121 41 seule
1543 3286 163 42 fibrille
1749 3300 56 27 ou
1850 3288 35 39 si
1906 3285 265 43 l'ensemble

155 3356 329 42 s'accommode
520 3361 23 35 à
573 3365 101 32 tous
717 3356 63 41 les
821 3360 136 37 sons?
980 3356 55 41 Et
1072 3365 190 40 surtout,
1301 3358 224 51 pourquoi
1562 3356 288 53 parlez-vous
1890 3356 53 40 de
1984 3355 184 41 l'oreille

154 3437 173 28 comme
362 3424 104 42 d'un
505 3438 168 37 organe
711 3424 54 40 de
816 3426 258 51 perception
1097 3429 16 35 ?
1148 3424 224 48 L'oreille,
1411 3425 268 49 dites-vous,
1717 3438 55 26 ne
1808 3422 258 42 fonctionne
2088 3436 80 40 pas

157 3506 19 25 «
200 3492 176 54 d'après
396 3495 78 39 des
506 3493 84 42 lois
613 3502 236 44 purement
886 3493 245 53 physiques
1156 3506 38 36 »,
1228 3494 82 40 elle
1344 3493 326 41 s'accommode
1695 3506 20 25 «
1740 3490 173 55 d'après
1943 3506 88 27 une
2070 3492 98 41 idée

157 3564 75 50 qui
254 3564 122 40 vient
398 3564 201 50 imposer
619 3576 47 27 sa
686 3561 144 43 forme
864 3567 22 36 à
910 3563 40 40 la
972 3564 231 39 sensation
1246 3575 38 36 »,
1325 3563 84 40 elle
1446 3572 66 32 est
1533 3576 19 25 «
1576 3577 60 27 un
1660 3563 259 50 organisme
1954 3562 113 40 dans
2106 3561 63 40 les
