2784 4003
2427 3715 103 96 51

867 256 930 97 ECHOS

209 553 72 36 IX*
322 551 240 37 CONGRES
600 551 275 37 NATIONAL
914 551 96 37 DES
1051 550 252 38 ARCHITEC-

149 615 95 37 TES
274 615 197 40 BELGES,
508 616 185 43 organisé
725 629 75 30 par
828 616 40 35 la
898 614 236 37 Fédération
1166 614 69 37 des
1264 613 48 36 So-

153 681 120 34 ciétés
304 678 294 36 6*Architectes
625 678 50 35 de
706 677 201 45 Belgique.
934 678 174 40 Anvers,
1137 677 40 38 le
1213 675 122 38 15-16

152 751 38 26 et
238 742 44 34 17
327 741 226 44 septembre
602 740 116 36 1923.
758 761 59 7 —
854 740 276 45 Programme.
1170 760 59 8 —
1266 738 47 38 Sa-

155 804 104 36 medi
302 803 58 36 15.
393 825 59 7 —
481 804 39 35 A
560 803 44 36 12
640 803 54 41 h.,
726 818 56 22 au
810 802 106 38 local
949 814 21 26 c
998 804 105 36 Calfé
1132 802 136 38 Suisse
1297 812 38 30 »,

153 866 114 45 place
292 866 137 41 Verte,
460 868 206 43 réception
693 865 70 37 des
789 868 287 43 congressistes
1103 880 75 31 par
1201 864 40 38 la
1266 864 47 37 So-

152 931 102 35 ciété
280 929 151 45 Royale
454 929 70 38 des
549 929 254 37 Architectes
826 929 211 37 d'Anvers.

208 1004 40 36 A
281 1004 43 35 13
352 1003 38 37 h.
421 1019 10 21 :
452 1003 208 45 Déjeûner
680 1017 55 23 au
758 1014 23 26 €
800 1002 104 38 Calé
925 1003 134 37 Suisse
1081 1014 44 32 »;

210 1079 40 36 A
285 1079 45 36 14
358 1079 41 42 h.
431 1078 52 37 30
520 1094 8 21 :
555 1079 127 36 Visite
711 1078 53 37 du
794 1089 22 26 <
842 1078 243 46 Belgenland
1115 1089 35 26 ».
1181 1088 24 27 €
1230 1077 109 48 Quai

152 1141 55 37 du
231 1141 103 38 Rhin
359 1152 42 32 »;

210 1217 137 37 Soirée
372 1216 113 38 libre.

213 1292 225 37 Dimanche
475 1292 60 36 16.
563 1313 59 7 —
648 1292 39 35 A
716 1291 23 36 9
769 1291 39 38 h.
840 1291 52 37 30
927 1306 10 22 :
964 1292 204 37 Première
1196 1294 147 33 séance

157 1355 54 37 du
250 1356 195 44 Congrès,
487 1370 52 21 au
577 1354 103 38 local
718 1355 57 37 du
810 1354 144 38 Cercle
991 1355 237 44 Artistique,
1271 1368 73 22 rue

154 1418 227 45 Arenberg,
410 1418 73 42 28;

211 1494 41 37 A
290 1495 38 35 11
366 1494 39 37 h.
438 1494 52 36 30
528 1508 9 22 :
567 1494 221 44 Réception
819 1507 74 31 par
920 1493 58 37 les
1005 1494 198 37 autorités
1231 1506 82 23 com-

159 1557 194 41 munales,
380 1561 23 32 à
426 1557 141 40 1*hôtel
590 1557 50 38 de
662 1556 111 43 ville;

213 1634 39 35 A
285 1634 42 35 12
355 1633 39 42 h.
422 1632 53 37 30
505 1648 9 22 :
537 1632 205 44 Déjeûner
765 1646 53 22 au
842 1642 22 26 €
888 1631 100 37 Café
1009 1631 134 37 Suisse
1165 1641 37 31 »,
1227 1630 117 45 place

154 1696 143 42 Verte;

211 1771 39 37 A
283 1772 9 35 1
306 1771 20 36 5
353 1771 40 44 h.
427 1786 9 22 :
460 1770 222 38 Deuxième
707 1773 145 33 séance
875 1769 54 37 du
953 1769 202 45 Congrès;

214 1848 40 35 A
292 1848 43 34 19
369 1848 38 35 h.
441 1846 53 37 30
532 1861 9 21 :
570 1846 184 45 Banquet
784 1844 272 38 confraternel
1085 1849 25 32 à
1141 1856 23 26 €
1191 1843 153 39 l'Hôtel

156 1910 216 37 Terminus
407 1922 35 30 »,
480 1925 69 21 rue
582 1910 56 35 du
674 1908 173 42 Pélican,
884 1924 49 21 en
969 1908 87 37 face
1090 1908 49 38 de
1174 1907 40 38 la
1249 1921 95 33 gare

157 1973 201 37 Centrale.
389 1974 122 35 Habit
537 1973 50 38 de
614 1975 142 35 soirée.

471 2016 8 12 /

216 2049 127 37 Lundi
393 2050 8 34 1
419 2050 31 36 7.
492 2071 59 6 —
591 2048 127 37 Visite
760 2048 69 36 des
871 2048 202 36 chantiers
1113 2047 55 37 du
1207 2046 114 36 Kruis-

155 2113 159 41 schans,
345 2113 142 44 départ
513 2116 24 33 à
565 2112 24 36 Ô
617 2112 158 40 heures,
803 2126 54 21 au
887 2120 155 36 ponton
1067 2110 55 37 du
1150 2109 118 38 canal
1292 2124 54 23 au

159 2176 135 45 Sucre,
326 2185 137 27 retour
487 2190 50 23 en
561 2175 93 40 ville
676 2178 26 33 à
734 2175 43 36 13
805 2175 40 37 h.

215 2251 41 37 A
288 2251 42 36 13
357 2251 37 36 h.
422 2251 51 37 30
505 2267 8 20 :
535 2250 207 45 Déjeûner
767 2262 22 25 €
812 2249 103 37 Café
936 2249 136 37 Suisse
1093 2260 38 29 ».

441 2364 133 39 Ordre
601 2365 54 36 du
682 2366 94 42 jour
801 2366 56 35 du
884 2364 183 44 Congrès

226 2467 29 35 î.
288 2465 284 45 Approbation
597 2466 52 36 du
675 2474 160 36 compte
861 2465 125 36 rendu
1010 2465 54 36 du
1085 2463 56 37 X*
1165 2464 183 45 Congrès

347 2529 188 37 National
564 2529 49 37 de
640 2529 141 45 Liège;

220 2606 37 36 2.
290 2606 54 36 Le
383 2604 177 45 diplôme
600 2604 272 41 d'architecte,
916 2604 343 36 communication
1299 2602 51 37 de

347 2669 54 36 M.
430 2669 45 35 G.
502 2667 204 42 Maukels;

222 2745 36 35 3.
292 2745 74 36 Les
398 2744 219 36 tendances
649 2744 246 43 esthétiques
927 2758 49 21 en
1010 2742 190 45 Belgique
1230 2744 120 43 après

349 2808 37 36 la
412 2822 154 30 guerre,
595 2809 285 42 communiqué
902 2806 51 38 de
977 2806 54 37 M.
1056 2807 43 42 L.
1122 2805 149 42 David;

220 2885 36 36 4.
291 2884 224 36 Chambres
539 2883 224 36 Arbitrales
786 2883 57 38 du
866 2883 211 40 Bâtiment,
1108 2890 167 37 rapport
1300 2881 48 36 de

349 2948 52 36 M.
457 2948 171 36 l'avocat
682 2946 255 41 Volckerick,
993 2945 165 45 greffier
1208 2945 49 36 de
1311 2944 38 37 la

351 3011 202 37 Chambre
584 3010 205 36 Arbitrale
819 3010 216 41 d'Anvers;

224 3076 35 35 5.
293 3076 221 35 Education
561 3084 39 27 et
647 3074 217 37 formation
912 3074 223 44 profession
1141 3073 93 37 selle
1280 3073 71 37 des

353 3140 179 35 ouvriers
566 3138 51 37 du
649 3138 208 40 bâtiment,
894 3145 166 37 rapport
1092 3137 48 37 de
1172 3137 52 36 M.
1259 3136 91 36 Van

350 3203 146 44 Kuyck
505 3218 10 27 ;

226 3268 36 40 6.
297 3267 235 43 Historique
565 3266 71 36 des
673 3265 182 45 Congrès
889 3264 228 37 Nationaux
1151 3272 40 28 et
1229 3263 102 37 Inter-

354 3333 233 39 nationaux,
622 3338 165 36 rapport
817 3329 48 36 de
894 3328 55 44 M.
981 3328 39 37 F.
1052 3328 188 44 Symons;

230 3396 32 35 7.
298 3395 181 35 Fixation
506 3394 52 36 du
585 3393 78 36 lieu
687 3402 40 27 et
754 3393 90 38 date
871 3392 52 37 du
951 3392 194 45 prochain
1172 3392 183 44 Congrès

353 3457 188 37 National
549 3472 9 27 ;

227 3523 35 34 8.
298 3523 152 35 Divers.

1465 550 218 36 VOYAGE
1719 551 249 36 D'ETUDES
2006 551 64 36 EN
2110 551 252 44 BEJJGIQUE
2401 551 184 44 organisé

1410 627 72 30 par
1507 612 158 37 l'Union
1691 614 68 36 des
1780 614 109 36 villes
1915 624 37 26 et
1977 628 233 22 communes
2234 614 145 43 belges.
2483 613 84 36 L'ef-

1410 675 78 36 fort
1520 675 114 44 belge
1666 690 48 21 en
1748 678 163 35 matière
1942 677 284 36 d'habitations
2256 682 22 30 à
2310 678 80 34 bon
2424 676 163 35 marché

1411 738 91 36 s'est
1533 739 207 35 manifesté
1767 754 73 29 par
1867 740 36 36 la
1931 742 175 34 création
2136 739 261 37 d'ensembles
2427 739 96 35 dont
2550 738 39 37 la

1410 802 124 38 visite,
1566 800 68 37 dès
1663 802 267 43 aujourd'hui,
1962 802 102 36 offre
2095 817 51 22 un
2180 803 77 35 réel
2286 805 157 33 intérêt.

1465 875 170 40 Anvers,
1662 875 213 41 Bruxelles,
1901 876 127 42 Garni,
2052 877 132 44 Liège,
2213 877 40 36 la
2276 877 167 36 Flandre
2469 877 94 34 Occi-

1411 938 170 40 dentale,
1622 938 38 35 la
1694 940 142 43 irégion
1877 941 163 34 minière
2079 940 53 36 du
2170 941 227 43 iLmbourg,
2439 938 149 36 offrent

1412 1000 68 37 des
1508 1001 200 43 exemples
1736 1001 48 35 de
1814 1002 225 36 réalisation
2063 1006 83 32 très
2173 1003 222 44 suggestifs.

1468 1075 178 37 L'Union
1674 1075 69 36 des
1769 1075 126 36 Villes
1921 1077 204 36 considère
2151 1091 81 30 que
2258 1077 36 36 le
2324 1085 178 28 moment
2528 1085 61 27 est

1413 1152 104 22 venu
1544 1138 91 36 d'en
1663 1139 207 44 organiser
1897 1139 39 36 la
1961 1141 125 39 visite,
2114 1155 49 21 en
2190 1154 75 23 vue
2295 1140 47 36 de
2372 1147 218 37 permettre

1415 1216 78 21 aux
1522 1200 111 37 villes
1662 1210 38 27 et
1731 1216 233 21 communes
1994 1204 69 42 qui
2091 1212 69 26 ont
2189 1207 23 32 à
2239 1205 219 34 intervenir
2481 1207 27 35 à
2538 1217 53 22 un

1411 1266 92 34 titre
1530 1264 265 44 quelconque,
1823 1268 23 31 à
1872 1269 160 40 présent
2058 1280 51 21 ou
2135 1266 332 35 éventuellement
2491 1265 101 36 dans

1413 1327 177 40 l'avenir,
1623 1329 99 34 ainsi
1754 1341 78 30 que
1861 1327 54 36 les
1945 1327 214 45 dirigeants
2187 1329 68 37 des
2284 1331 167 33 sociétés
2477 1329 90 35 d'ha-

1414 1390 189 37 bitations
1629 1393 23 33 à
1677 1390 79 36 bon
1785 1390 161 36 marché
1973 1399 38 28 et
2037 1390 68 36 des
2130 1392 276 43 cités-jardins,
2435 1392 56 36 les
2516 1391 51 35 Co-

1413 1456 116 33 mités
1553 1454 51 36 de
1630 1462 222 36 patronage
1879 1462 38 27 et
1944 1454 57 35 les
2023 1454 256 41 techniciens,
2307 1454 47 36 de
2382 1470 40 21 se
2450 1454 142 36 rendre

1416 1526 160 34 compte
1613 1518 68 35 des
1714 1517 194 36 solutions
1943 1519 67 41 qui
2044 1526 70 26 ont
2149 1520 59 32 été
2243 1518 177 36 données
2453 1526 38 26 et
2528 1517 63 43 d'y

1416 1582 135 42 puiser
1585 1579 155 37 d'utiles
1774 1582 319 41 enseignements
2126 1594 102 30 pour
2260 1580 55 37 les
2348 1580 248 36 réalisations

1416 1647 23 31 à
1463 1645 123 34 venir.

1475 1719 178 35 L'Union
1681 1720 231 42 organisera
1938 1731 66 24 ces
2028 1720 132 33 visites
2186 1733 102 30 pour
2313 1719 54 35 les
2394 1719 110 36 dates
2527 1718 72 35 des

1420 1781 48 37 21
1513 1797 51 21 au
1605 1781 52 37 26
1698 1781 227 45 septembre
1970 1781 76 44 (du
2083 1781 188 37 vendredi
2312 1782 45 36 21
2402 1797 55 21 au
2495 1796 76 21 mer-

1417 1845 106 36 credi
1554 1846 92 43 26).

1475 1920 84 37 Elle
1583 1920 209 37 désirerait
1820 1922 85 33 être
1934 1919 102 36 fixée
2065 1919 35 37 le
2129 1919 88 45 plus
2244 1923 58 33 tôt
2331 1919 169 45 possible
2530 1933 69 22 sur

1418 1983 35 37 le
1493 1985 166 35 nombre
1698 1985 69 34 des
1804 1985 274 43 participants,
2119 1992 36 26 et
2192 1983 87 36 leur
2317 1983 193 36 demande
2549 1984 49 34 de

1419 2047 157 36 vouloir
1606 2048 102 39 bien,
1743 2047 68 35 dès
1844 2051 21 31 à
1899 2050 173 41 présent,
2106 2046 152 36 donner
2291 2046 85 36 leur
2408 2047 189 35 adhésion

1418 2111 48 36 de
1506 2112 193 43 principe,
1740 2125 91 21 sans
1871 2124 131 21 aucun
2041 2118 278 36 engagement,
2361 2124 120 30 parce
2519 2122 80 31 que

1423 2174 54 36 les
1517 2174 135 36 modes
1691 2175 47 35 de
1776 2182 205 35 transport
2019 2176 22 32 à
2079 2172 151 37 utiliser
2266 2181 51 32 et,
2356 2187 73 29 par
2464 2176 115 32 consé-

1420 2247 134 34 quent,
1588 2239 34 34 le
1654 2241 93 31 coût
1779 2237 69 35 des
1877 2239 244 37 excursions,
2151 2235 225 45 dépendent
2406 2236 52 35 du
2488 2249 84 22 nom-

1419 2301 70 36 bre
1519 2301 266 35 d'adhérents.

1480 2377 248 36 L'itinéraire
1755 2386 114 25 exact
1897 2385 37 26 et
1961 2376 33 35 le
2021 2378 93 32 coût
2139 2375 286 45 approximatif
2446 2375 69 36 des
2538 2374 44 35 dé-

1423 2440 246 44 placements
1715 2449 39 26 et
1799 2439 96 36 frais
1940 2439 130 36 divers
2115 2440 87 35 leur
2246 2448 134 26 seront
2427 2452 148 21 commu-

1420 2506 151 42 niqués.

1755 2581 261 42 Programme
2046 2580 220 42 provisoire

1481 2658 201 34 Première
1710 2658 172 42 journée
1917 2670 8 21 :
1956 2656 54 35 La
2041 2655 166 36 Flandre
2237 2653 270 36 Occidentale.
2538 2653 46 36 Vi-

1421 2722 72 34 site
1519 2721 68 36 des
1609 2720 174 44 Régions
1806 2719 219 43 dévastées.
2052 2718 27 36 Il
2103 2728 57 26 est
2184 2722 171 41 proposé
2380 2718 46 35 de
2452 2732 40 20 se
2517 2731 66 22 ren-

1421 2784 84 40 dre,
1531 2787 120 41 après
1674 2783 55 36 les
1752 2785 146 38 visites,
1924 2787 23 31 à
1969 2782 127 40 Gand,
2122 2796 105 30 pour
2248 2797 26 29 y
2296 2782 122 43 loger.

1479 2860 221 35 Deuxième
1743 2862 169 41 journée
1964 2874 8 19 :
2018 2858 113 35 Gand
2177 2866 37 27 et
2260 2857 345 44 l'agglomération

1423 2926 192 41 gantoise.
1646 2923 220 43 Logement
1895 2926 21 31 à
1945 2921 211 36 Bruxelles.

1480 3004 221 37 Troisième
1731 3007 169 42 journée
1937 3019 8 20 :
1974 3004 168 35 Anvers.
2175 3004 332 43 Agglomération
2540 3017 44 20 an-

1423 3071 174 33 versoise
1629 3077 37 26 et
1697 3069 36 34 la
1764 3070 137 42 région
1933 3067 52 36 du
2014 3067 166 44 Ruppel.
2211 3067 219 43 Logement
2461 3070 20 30 à
2514 3066 69 35 Bru-

1425 3131 135 43 xelles.

1483 3203 235 43 Quatrième
1755 3204 169 42 journée
1966 3217 7 19 :
2007 3200 201 36 Bruxelles
2244 3209 38 26 et
2319 3200 54 35 les
2411 3202 197 33 environs.

1426 3266 219 43 Logement
1674 3270 20 30 à
1724 3264 212 44 Bruxelles.

1484 3330 237 43 Cinquième
1751 3332 168 41 journée
1957 3344 7 19 :
1997 3328 117 43 Liège
2148 3337 37 25 et
2218 3327 54 36 les
2305 3329 197 33 environs.
2538 3326 48 36 Lo-

1428 3403 160 34 gement
1628 3396 21 31 à
1689 3392 117 44 Liège
1846 3407 102 28 pour
1987 3406 99 21 ceux
2124 3393 70 41 qui
2234 3392 238 42 participent
2511 3393 23 31 à
2575 3389 36 36 la

1427 3458 162 35 sixième
1617 3459 181 41 journée.

1484 3519 171 37 Sixième
1686 3522 169 40 journée
1893 3535 7 19 :
1933 3519 133 35 Bassin
2098 3518 171 36 houiller
2298 3518 51 35 du
2380 3518 228 43 Limbourg.
