2784 4003
244 3740 122 95 52

1016 294 930 97 ECHOS

231 586 149 42 Départ
421 590 19 30 à
487 588 17 31 7
543 587 37 33 h.
624 586 47 34 55
714 601 71 28 par
823 586 308 44 Liége-Herstal,
1174 603 46 19 en
1260 587 142 36 vicinal

228 649 158 42 spécial.

283 711 71 34 Les
380 713 293 40 organisateurs
698 711 239 35 demandent
963 726 77 20 aux
1067 713 210 34 adhérents
1304 712 76 35 d'in-

227 772 138 43 diquer
404 773 111 42 (sans
547 773 287 43 engagement)
878 789 7 18 :

291 836 32 32 1°
354 835 37 34 A
422 834 148 43 quelles
598 838 190 40 journées
815 835 45 35 ils
890 836 172 36 désirent
1092 837 172 43 prendre
1293 846 105 34 part;

282 898 39 33 2°
354 897 36 34 Si
424 897 157 35 l'Union
618 898 66 34 des
718 897 122 36 Villes
875 898 81 36 doit
991 899 210 44 s'occuper
1232 899 48 35 de
1312 899 86 35 leur

224 962 143 31 retenir
400 974 50 21 un
484 959 200 43 logement
714 969 48 29 et,
796 960 118 35 d'une
946 961 117 43 façon
1096 966 163 39 précise,
1293 976 102 29 pour

220 1021 149 43 quelles
395 1024 114 32 nuits.

276 1083 26 36 11
342 1093 56 26 est
439 1085 172 34 entendu
653 1100 78 27 que
771 1085 72 35 TU.
886 1086 34 37 d,.
962 1086 47 35 V.
1052 1087 232 43 s'occupera
1324 1087 68 34 des

219 1160 162 29 moyens
419 1147 46 34 de
502 1155 202 35 transport
743 1157 38 25 et
818 1150 66 35 des
924 1164 116 28 repas
1075 1150 51 35 du
1166 1150 104 35 midi.
1309 1148 83 37 Elle

214 1211 228 33 examinera
470 1212 103 34 aussi
602 1211 57 34 s'il
687 1214 129 39 paraît
844 1213 236 34 intéressant
1108 1212 47 35 de
1183 1213 209 41 s'occuper

214 1272 70 34 des
312 1286 115 29 repas
453 1272 55 35 du
537 1275 92 38 soir.

266 1334 147 35 Toutes
458 1337 361 34 communications
861 1347 244 26 concernant
1147 1351 44 20 ce
1233 1350 153 30 voyage

211 1396 158 35 doivent
395 1400 83 34 être
505 1397 202 37 adressées
733 1402 22 32 à
779 1398 160 37 l'Union
965 1400 68 36 des
1058 1399 122 36 Villes
1202 1409 41 25 et
1268 1399 90 36 Com-

210 1474 138 20 munes
379 1460 148 43 Belges,
563 1461 96 40 3bis,
695 1477 68 20 rue
795 1462 48 35 de
875 1462 37 36 la
943 1463 193 43 Régence,
1169 1461 212 37 Bruxelles.

263 1601 267 36 RESULTAT
561 1602 69 37 DE
663 1604 67 35 LA
762 1604 251 36 PREMIERE
1044 1604 234 35 EPREUVE
1312 1604 72 35 DU

205 1663 313 37 COFNCOURS
558 1665 139 36 POUR
735 1666 301 37 L'ERECTION
1075 1665 122 37 D'UN
1238 1666 120 37 INSTI-

202 1726 103 36 TUT
338 1728 319 36 PROVINCIAL
686 1729 285 40 D'HYGIENE,
1004 1730 38 34 A
1073 1729 216 37 ANVERS.

201 1790 132 35 Parmi
365 1791 54 34 les
451 1791 51 35 24
534 1795 151 40 projets
714 1796 215 40 présentés,
962 1792 33 36 le
1023 1795 94 41 jury
1147 1808 45 19 en
1226 1808 23 20 a
1277 1793 80 35 dési-

200 1857 75 39 gné
304 1854 23 34 6
353 1854 96 35 dont
477 1855 54 36 les
557 1863 161 28 auteurs
743 1863 135 28 seront
903 1855 129 38 admis
1054 1858 25 33 à
1101 1855 42 38 'la
1168 1857 209 36 deuxième

202 1919 172 40 épreuve
409 1917 52 35 du
496 1933 207 26 concours,
740 1933 43 21 ce
818 1928 88 26 sont
941 1921 54 34 les
1030 1921 151 41 projets
1215 1928 161 34 portant

200 1979 54 35 les
284 1994 186 29 marques
496 1995 54 22 ou
578 1989 147 27 mottos
757 1996 8 20 :

254 2042 151 44 Disque
432 2042 97 37 dans
557 2058 52 21 un
638 2043 139 36 cercle.
887 2044 115 36 Deux
1030 2044 184 45 losanges
1242 2048 110 41 juxta-

196 2109 127 39 posés.
430 2106 140 36 Cercle
594 2109 98 33 noir.
796 2106 162 37 Timbre
985 2107 245 37 réclame.—
1253 2108 120 37 Louis

196 2168 165 36 Pasteur
395 2169 243 36 1822-1895.
748 2169 266 46 Straatsburg.

251 2232 37 35 A
319 2232 239 35 l'ouverture
589 2232 67 35 des
685 2232 240 45 enveloppes
953 2236 148 41 jointes
1131 2238 22 32 à
1185 2249 64 21 ces
1279 2249 68 30 pro-

194 2297 88 41 jets,
312 2295 24 34 il
364 2310 22 19 a
414 2298 61 32 été
504 2309 174 22 reconnu
707 2296 117 43 qu'ils
851 2306 68 25 ont
949 2301 61 32 été
1040 2299 333 43 respectivement

193 2361 173 39 envoyés
405 2374 7 18 :
446 2358 53 35 les
532 2359 102 35 deux
668 2362 192 40 premiers
894 2375 48 20 en
976 2360 289 37 collaboration
1299 2376 73 29 par

191 2420 95 35 MM.
313 2422 52 33 Le
390 2421 92 39 Bon,
510 2422 215 35 architecte
751 2426 21 30 à
798 2422 135 35 Forest
961 2432 36 26 et
1021 2424 54 35 M.
1104 2423 176 45 Spittael,
1309 2439 40 21 ar-

193 2484 167 35 chitecte
404 2488 20 31 à
469 2484 564 44 Saint-Gilles-lez-Bruxelles;
1077 2486 36 38 le
1159 2487 44 36 3*
1247 2497 39 27 et
1329 2486 36 37 le

191 2547 41 34 4*
261 2549 162 41 projets,
456 2563 45 20 en
535 2547 288 37 collaboration
854 2564 73 28 par
954 2550 98 35 MM.
1085 2550 54 35 les
1171 2551 172 36 architec-

188 2618 57 27 tes
274 2611 30 42 J.
336 2610 243 41 Smolderen,
610 2611 89 36 Van
729 2611 242 38 Hoenacker
1000 2623 36 26 et
1065 2613 31 43 J.
1127 2613 88 36 Van
1246 2613 95 37 Beur-

190 2673 86 40 den,
309 2674 206 39 d'Anvers,
549 2675 33 38 le
614 2674 19 36 5
643 2678 14 13 e
687 2684 37 26 et
753 2675 35 35 le
821 2677 23 35 6
850 2679 12 14 e
894 2691 47 21 en
973 2676 288 36 collaboration
1291 2691 75 31 par

186 2736 92 35 MM.
319 2737 88 35 Van
446 2737 280 43 Coppernolle,
766 2738 217 37 architecte
1021 2744 22 31 à
1080 2739 204 41 Berchem,
1324 2749 38 28 et

186 2799 82 35 Em.
295 2800 87 35 Van
409 2800 273 44 Leemputten,
710 2801 217 37 architecte
953 2806 24 32 à
1002 2803 169 36 Anvers.

243 2864 52 34 La
328 2864 88 36 date
449 2864 47 35 de
529 2864 36 35 la
598 2866 142 34 remise
773 2865 67 36 des
873 2868 152 41 projets
1058 2875 37 27 et
1127 2866 235 36 documents

186 2941 101 29 pour
320 2927 37 34 la
389 2927 208 36 deuxième
631 2931 174 40 épreuve
838 2944 21 19 a
893 2932 63 32 été
992 2929 101 36 fixée
1126 2944 52 22 au
1219 2930 36 36 l*
1258 2933 14 15 r
1307 2929 38 37 fé-

183 2991 103 33 vrier
320 2989 113 36 1924.

1540 588 157 34 PARIS.
1824 589 69 34 UN
1928 590 208 35 GROUPE
2169 591 94 34 DES
2296 592 360 36 ARCHITECTES

1476 649 288 36 MODERNES.
1891 651 61 35 Un
1990 667 151 29 groupe
2176 654 68 34 des
2278 654 252 35 Architectes
2564 654 56 35 Mo-

1475 712 141 34 dernes
1642 712 91 34 s'est
1761 715 196 34 constitué
1985 718 21 30 à
2034 715 109 35 Paris
2170 730 50 20 au
2249 719 100 33 mois
2375 716 47 36 de
2448 719 87 40 juin
2563 717 64 35 der-

1475 776 84 32 nier
1586 774 96 34 dans
1711 774 33 35 le
1773 775 69 34 but
1871 775 46 35 de
1947 780 177 32 soutenir
2150 777 56 35 les
2234 780 257 41 conceptions
2518 778 107 35 archi-

1473 835 213 35 tecturales
1720 837 184 35 excluant
1939 838 34 35 le
2007 839 178 42 pastiche
2220 848 36 27 et
2291 840 36 34 la
2364 840 282 43 reproduction

1473 898 67 33 des
1577 899 118 41 styles
1732 901 162 33 anciens
1931 910 38 25 et
2005 901 302 36 véritablement
2345 902 188 43 adaptées
2568 917 79 21 aux

1472 959 158 36 besoins
1663 961 49 38 de
1745 971 91 26 notr
1871 966 192 40 eépoque.
2100 964 52 35 Le
2188 964 156 35 Comité
2377 966 108 33 vient
2521 964 125 36 d'être

1473 1025 194 32 constitué
1707 1032 36 25 et
1781 1033 57 25 est
1878 1025 127 34 formé
2044 1026 47 35 de
2127 1025 96 36 MM.
2262 1025 140 36 Frantz
2439 1026 204 43 Jourdain,

1470 1084 218 42 président;
1733 1086 193 35 Guimard
1974 1096 37 26 et
2058 1087 192 44 Sauvage,
2300 1089 346 43 vice-présidents;

1469 1146 170 39 Boileau,
1695 1151 206 38 trésorier;
1954 1150 172 43 Huguet,
2181 1153 230 38 secrétaire;
2462 1151 180 44 Agache,

1467 1207 180 44 Bluysen,
1674 1209 200 41 Dervaux,
1902 1212 154 44 Patout,
2084 1213 88 40 Sue,
2199 1211 292 42 Selmersheim,
2517 1213 125 40 Sorel,

1466 1270 140 43 Woog,
1639 1272 208 38 membres.
1877 1273 52 36 M.
1961 1274 95 35 Paul
2084 1274 145 36 Bornet
2261 1275 157 42 remplit
2448 1275 54 35 les
2533 1276 87 35 fonc-

1465 1334 103 33 tions
1603 1334 47 34 de
1686 1338 214 34 secrétaire
1935 1338 46 34 de
2017 1341 154 30 séance.
2208 1337 221 36 Secrétaire
2466 1339 173 42 général,

1465 1394 53 36 M.
1548 1396 193 36 Yvanhoë
1772 1398 261 41 Rambosson,
2069 1399 34 39 6,
2138 1414 68 20 rue
2237 1400 47 35 de
2315 1399 183 41 l'Orient,
2531 1400 110 36 Paris

1471 1458 74 42 (18
1550 1464 15 17 e
1573 1458 33 43 ),
1639 1460 146 43 auquel
1816 1470 131 26 toutes
1976 1464 360 33 communications
2367 1463 160 35 doivent
2556 1466 85 32 être

1463 1519 49 35 ad
1519 1525 160 32 ressées.

1516 1594 52 36 M.
1622 1596 96 35 Paul
1767 1597 119 40 Léon,
1938 1598 198 35 directeur
2186 1598 67 36 des
2302 1599 261 40 Beaux-Arts,
2613 1615 24 21 a

1461 1662 164 39 accepté
1662 1660 37 34 la
1736 1660 232 43 présidence
2004 1660 226 36 d'honneur
2264 1661 48 36 de
2350 1670 102 28 cette
2488 1665 125 41 impor-

1460 1729 110 26 tante
1609 1724 251 38 association,
1901 1726 67 40 qui
2007 1723 215 36 rassemble
2258 1723 57 37 les
2350 1724 89 44 plus
2477 1726 162 35 ardents

1460 1786 198 39 partisans
1682 1785 117 35 d'une
1827 1788 250 33 renaissance
2101 1786 320 37 architecturale.

1513 1962 392 37 IMPREGNATION
1954 1964 95 36 DES
2097 1964 112 37 BOIS
2257 1966 142 36 POUR
2448 1966 186 37 EVITER

1455 2025 130 35 LEUR
1620 2025 337 37 POURRITURE.
2081 2028 114 37 Cette
2229 2032 183 40 question
2446 2033 82 32 très
2561 2032 48 33 im-

1454 2097 186 33 portante
1672 2089 46 35 de
1748 2089 324 44 l'imprégnation
2105 2091 51 35 du
2187 2091 85 35 bois
2305 2107 104 28 pour
2439 2095 125 34 éviter
2594 2093 37 36 la

1451 2152 230 41 pourriture
1727 2154 147 34 suscite
1922 2151 48 37 de
2019 2152 232 45 fréquentes
2300 2155 249 37 recherches.
2602 2156 28 36 Il

1454 2213 145 35 résulte
1634 2215 118 34 d'une
1788 2215 117 35 étudie
1941 2215 157 44 publiée
2135 2230 74 30 par
2246 2228 21 25 «
2301 2217 230 37 Zeitschrift
2566 2219 64 35 fur

1453 2277 259 42 angewandte
1752 2277 155 37 Chimie
1946 2289 34 29 »,
2021 2279 51 35 du
2114 2279 21 35 9
2177 2282 78 33 mai
2303 2281 115 40 1922,
2459 2296 77 28 que
2574 2281 56 36 les

1453 2338 200 37 meilleurs
1692 2340 183 36 résultats
1916 2350 139 26 contre
2093 2342 36 34 la
2169 2345 230 41 pourriture
2439 2344 66 35 des
2543 2345 86 35 bois

1450 2404 180 33 auraient
1673 2406 62 32 été
1777 2404 151 35 donnés
1971 2419 74 29 par
2088 2420 76 19 une
2207 2406 213 35 substance
2463 2407 166 43 appelée

1451 2475 20 23 «
1498 2464 152 39 basilite
1678 2476 20 25 »
1728 2476 37 25 et
1794 2470 213 40 composée
2036 2467 48 35 de
2114 2467 50 35 89
2195 2469 79 41 0/0
2305 2469 47 35 de
2382 2469 171 36 fluorine
2580 2471 48 34 de

1449 2527 153 35 sodium
1647 2538 36 26 et
1735 2530 8 33 1
1764 2530 7 33 1
1824 2530 79 42 0/0
1949 2530 47 35 de
2041 2530 475 44 lunitrophénolanilime.
2563 2533 64 35 On

1449 2593 191 40 pourrait,
1672 2606 95 21 avec
1799 2592 18 34 3
1850 2592 100 36 kilos
1979 2593 47 36 de
2055 2603 102 26 cette
2185 2595 224 41 substance,
2441 2599 189 41 protéger

1449 2667 101 29 pour
1578 2669 76 21 une
1684 2655 162 43 période
1877 2670 198 29 moyenne
2104 2657 48 36 de
2180 2666 87 36 sept
2296 2672 82 23 ans.
2409 2659 56 34 Ce
2491 2660 115 35 traite-

1449 2725 109 26 ment
1593 2732 49 20 ne
1679 2720 146 34 nuirait
1861 2733 71 29 pas
1966 2722 22 32 à
2023 2719 37 35 la
2098 2723 214 35 résistance
2349 2722 50 35 du
2434 2721 97 36 bois.
2568 2721 59 36 De

1449 2779 95 35 bons
1570 2780 182 36 résultats
1778 2791 68 26 ont
1872 2785 61 32 été
1958 2782 171 36 obtenus
2151 2798 96 20 avec
2271 2784 52 36 du
2347 2784 150 36 silicate
2524 2799 75 21 mer-

1449 2842 117 35 curiel
1592 2852 36 26 et
1653 2843 51 36 du
1728 2846 128 36 crésol
1878 2844 99 37 dans
1999 2844 38 37 la
2060 2848 237 42 proportion
2322 2847 47 35 de
2394 2848 50 35 90
2471 2847 80 44 0/0
2576 2848 47 36 de

1449 2905 144 35 silicate
1621 2916 37 25 et
1692 2906 43 36 10
1764 2907 80 43 0/0
1870 2908 49 36 de
1943 2909 139 36 crésol.

1510 2994 43 40 («
1582 2994 198 36 Bâtiment
1810 3007 37 25 et
1875 2995 188 37 Travaux
2093 2996 153 44 publics
2277 3008 34 30 »,
2345 2998 51 34 28
2425 2998 192 43 janvier.)

504 3286 56 34 LE
597 3278 225 45 PRÉSENT
856 3280 209 44 NUMÉRO
1106 3289 263 36 RENFERME
1409 3291 199 38 QUATRE
1650 3292 259 36 PLANCHES
1951 3294 320 35 HORS-TEXTE
