2784 4003
2452 3726 118 95 43

524 260 1673 101 ARCHITECTURE

202 579 1380 120 L'ARCHITECTURE
1668 579 940 115 RELIGIEUSE

526 869 173 43 Entrant
730 870 74 40 très
835 867 256 43 tardivement
1123 867 100 42 dans
1254 883 72 26 une
1356 867 88 41 voie
1474 866 225 50 préconisée
1730 863 138 52 depuis
1899 863 22 42 f
1929 865 192 42 armistice
2152 878 72 38 par
2257 864 54 43 les
2340 879 92 37 grou-

381 952 174 45 pements
591 942 289 47 d'architectes,
918 940 128 43 l'Etat
1081 942 192 50 organise,
1310 957 46 25 en
1391 953 76 29 Vue
1494 938 49 43 de
1573 938 38 42 la
1639 938 305 42 reconstruction
1973 936 118 44 d'une
2121 936 67 44 des
2216 937 135 51 églises
2379 936 67 42 des

374 1017 180 52 Régions
577 1016 234 46 Dévastées,
837 1031 52 27 un
912 1030 191 27 concours
1126 1014 97 42 dont
1247 1030 98 26 nous
1366 1012 185 52 publions
1575 1011 88 52 plus
1688 1011 77 42 loin
1792 1011 34 42 le
1851 1024 261 38 programme.
2140 1010 58 47 Si,
2224 1013 205 49 peut-être,

374 1091 197 44 d'aucuns
595 1095 131 44 feront
755 1089 68 43 des
849 1092 168 39 réserves
1046 1105 50 25 au
1124 1089 101 49 sujet
1253 1086 49 43 de
1332 1086 302 51 quelques-unes
1662 1084 69 43 des
1759 1084 151 42 clauses
1939 1084 48 42 de
2017 1102 43 24 ce
2090 1097 261 38 programme,
2382 1100 49 25 on

374 1182 101 30 sera,
505 1164 236 52 cependant,
773 1165 195 45 unanime,
1000 1178 296 36 croyons-nous,
1328 1164 23 38 à
1380 1173 222 38 approuver
1633 1157 115 44 Vidée
1779 1166 196 35 maîtresse
2008 1160 64 48 qui
2103 1176 22 23 a
2158 1157 102 43 dicté
2290 1157 24 42 Y
2320 1171 91 37 orga-

376 1238 167 41 nisation
574 1236 50 43 de
654 1254 43 26 ce
729 1253 192 26 concours
958 1253 12 25 :
999 1237 103 48 faire
1133 1234 118 52 appel
1282 1237 23 39 à
1338 1241 125 35 toutes
1494 1232 55 43 les
1577 1232 205 42 initiatives
1814 1248 45 26 en
1891 1244 74 29 Vue
1997 1230 204 48 d'arriver,
2236 1230 99 43 dans
2366 1230 72 42 des.

378 1311 220 43 conditions
626 1314 105 40 aussi
757 1317 285 45 avantageuses
1070 1327 75 34 que
1173 1307 184 53 possible,
1389 1310 24 40 à
1441 1309 106 40 créer
1576 1324 50 25 un
1655 1305 146 49 édifice
1832 1307 65 49 qui
1926 1305 173 52 réponde
2128 1322 78 25 aux
2234 1307 201 49 exigences

378 1386 53 42 du
459 1385 104 44 culte
588 1394 37 33 et
654 1385 170 43 traduise
853 1401 45 26 en
926 1383 69 44 des
1020 1387 148 45 formes
1196 1381 234 50 esthétiques
1458 1380 53 43 les
1540 1380 233 51 aspirations
1801 1378 186 43 actuelles
2015 1378 49 42 de
2095 1378 37 42 la
2163 1379 273 41 communauté

378 1460 69 42 des
476 1458 143 51 fidèles
647 1458 192 51 auxquels
869 1457 147 51 l'église
1048 1464 54 34 est
1132 1455 185 42 destinée.

511 1532 109 43 Tous
646 1549 97 26 ceux
769 1534 66 48 qui
862 1532 147 41 croient
1035 1547 46 25 en
1108 1529 40 42 la
1171 1527 213 53 possibilité
1411 1526 98 43 d'un
1535 1540 222 28 renouveau
1785 1525 50 43 de
1862 1525 286 43 l'architecture
2175 1533 36 34 et
2236 1533 85 34 sont
2347 1541 69 25 con-

379 1610 163 41 vaincus
575 1606 56 44 du
662 1606 83 43 rôle
778 1606 272 49 économique,
1085 1602 124 43 social
1244 1610 35 34 et
1312 1601 174 51 spirituel
1520 1599 145 51 qu'elle
1702 1599 151 42 devrait
1886 1598 157 52 remplir
2079 1598 99 44 dans
2213 1598 37 43 la
2284 1597 155 44 Société

383 1681 333 52 contemporaine,
749 1690 67 33 ont
846 1679 164 51 regretté
1042 1693 77 34 que
1150 1676 54 43 les
1235 1675 197 42 centaines
1462 1672 182 52 d'églises
1674 1675 66 48 qui
1772 1681 67 34 ont
1869 1675 59 39 été
1958 1674 269 41 reconstruites
2258 1671 100 44 dans
2391 1672 53 42 les

380 1756 180 52 Régions
588 1754 222 44 Dévastées
839 1754 124 41 soient
994 1751 69 43 des
1093 1749 228 50 décalques,
1356 1755 85 46 trop
1472 1756 161 34 souvent
1665 1746 230 48 médiocres,
1927 1745 210 49 d'édifices
2167 1762 145 34 conçus
2342 1758 101 38 pour

382 1830 175 44 d'autres
587 1837 121 44 temps
738 1837 35 34 et
802 1827 176 43 d'autres
1009 1825 164 43 besoins.
1203 1823 37 44 Il
1269 1823 69 52 n'y
1366 1841 23 24 a
1418 1836 71 38 pas
1519 1822 49 42 de
1599 1821 118 44 doute
1749 1838 75 33 que
1853 1824 31 40 si
1914 1820 80 44 l'on
2024 1822 105 41 avait
2158 1820 120 43 Voulu
2309 1827 135 35 mettre

381 1909 23 39 à
429 1906 124 52 profit
579 1912 124 34 toutes
728 1903 54 42 les
806 1918 218 26 ressources
1050 1898 49 44 de
1126 1899 36 43 la
1191 1897 207 51 technique
1422 1896 199 47 moderne,
1650 1913 46 25 en
1724 1898 124 40 même
1876 1902 122 45 temps
2024 1912 75 33 que
2127 1894 319 43 l'enthousiasme

385 1982 65 49 qui
491 1980 127 42 anime
662 1977 190 51 quelques
893 1973 231 44 architectes
1164 1970 322 52 d'avant-garde,
1529 1985 51 27 on
1622 1970 127 41 aurait
1789 1982 52 38 pu
1884 1969 107 41 créer
2032 1968 68 42 des
2142 1968 165 47 édifices
2350 1967 95 41 d'un

385 2056 200 41 caractère
617 2050 185 44 moderne
830 2048 282 52 parfaitement
1142 2045 165 52 adaptés
1336 2048 25 38 à
1392 2043 82 44 leur
1505 2043 68 43 but
1604 2043 220 51 liturgique.

510 2127 104 43 Sans
635 2127 148 41 insister
802 2137 102 38 pour
927 2122 33 43 le
981 2129 172 36 moment
1173 2138 65 24 sur
1260 2119 52 42 les
1334 2119 246 51 impérieuses
1603 2118 149 43 raisons
1775 2116 161 43 d'ordre
1957 2116 126 43 moral
2105 2118 67 49 qui
2195 2118 177 41 auraient
2394 2115 54 42 dû

385 2205 104 49 faire
523 2203 84 50 agir
639 2199 52 44 de
724 2198 40 44 la
795 2204 117 41 sorte,
946 2199 348 40 contentons-nous
1324 2193 53 43 de
1406 2192 169 51 signaler
1610 2209 117 34 quen
1762 2210 42 24 ce
1837 2192 148 49 faisant
2020 2207 49 27 on
2104 2191 128 43 aurait
2262 2191 76 49 fait
2372 2192 63 41 réa-

388 2274 87 42 liser
510 2272 50 44 de
594 2273 186 43 sérieuses
814 2271 223 43 économies
1071 2286 77 26 aux
1182 2268 182 50 finances
1397 2265 49 44 de
1484 2265 139 43 l'Etat.

512 2345 110 44 C'est
647 2363 45 26 ce
718 2346 154 43 dernier
897 2352 219 45 argument,
1141 2360 91 26 sans
1256 2342 134 47 doute,
1418 2344 65 49 qui
1597 2340 149 52 malgré
1770 2356 69 26 son
1867 2340 242 52 importance
2133 2338 228 43 secondaire

390 2439 24 26 a
444 2420 234 51 finalement
707 2419 141 43 décidé
881 2418 53 44 les
963 2420 185 50 pouvoirs
1178 2416 155 53 publics
1362 2419 24 40 à
1416 2417 103 49 faire
1549 2414 119 53 appel
1699 2431 77 26 aux
1808 2413 231 43 chercheurs
2069 2412 51 44 de
2151 2426 194 33 nouveau,
2377 2428 77 25 aux

384 2498 150 41 artistes
560 2498 208 41 créateurs.

515 2569 37 43 Il
578 2568 99 43 n'est
700 2582 74 38 pas
799 2584 89 27 sans
914 2568 137 42 intérêt
1076 2565 50 43 de
1151 2565 198 54 souligner
1374 2581 87 35 que,
1484 2568 124 39 même
1630 2582 47 25 en
1700 2582 42 24 ce
1765 2565 65 49 qui
1853 2580 188 25 concerne
2065 2561 286 44 l'architecture
2374 2560 69 44 reli-

385 2645 145 49 gieuse,
555 2642 97 43 c'est
674 2641 34 43 le
734 2642 134 42 besoin
890 2642 26 41 d
936 2643 202 40 économie
1163 2642 66 50 qui
1254 2654 119 29 ouvre
1398 2640 38 42 la
1460 2647 111 44 porte
1597 2641 22 39 à
1645 2638 69 42 des
1735 2636 235 54 possibilités
1994 2637 221 48 artistiques
2238 2634 211 44 nouvelles.

515 2716 110 44 C'est
650 2716 50 43 de
724 2716 38 43 la
786 2725 102 34 sorte
914 2733 74 34 que
1015 2716 37 42 la
1075 2714 157 44 France
1257 2731 98 26 nous
1379 2732 24 24 a
1428 2713 197 43 devancés
1650 2730 45 26 en
1722 2713 159 41 matière
1907 2709 305 45 d'architecture
2236 2709 214 52 religieuse.

386 2789 64 42 La
488 2792 224 49 séparation
750 2790 49 43 de
837 2789 165 52 l'Eglise
1042 2798 35 35 et
1114 2789 49 44 de
1202 2788 128 43 l'Etat
1369 2806 23 25 a
1431 2787 112 43 laissé
1582 2786 54 43 les
1672 2788 194 50 paroisses
1903 2785 98 42 dans
2041 2802 75 25 une
2152 2784 183 43 situation
2373 2787 82 46 fort

391 2867 176 50 précaire
595 2867 66 49 qui
689 2866 52 42 les
769 2865 188 43 détourne
987 2864 50 43 de
1065 2864 37 42 la
1130 2866 111 50 copie
1270 2863 68 43 des
1368 2861 173 44 modèles
1570 2863 158 41 anciens
1756 2869 84 44 trop
1869 2863 112 40 ornés
2009 2869 34 33 et
2073 2867 84 45 trop
2185 2861 181 41 coûteux.

524 2940 106 42 Tout
654 2957 152 26 comme
831 2943 23 39 à
881 2939 184 52 l'époque
1089 2956 176 30 romane,
1293 2937 147 52 l'église
1467 2936 197 43 redevient
1691 2935 115 43 l'abri
1832 2935 68 42 des
1923 2934 155 50 fidèles.
2108 2934 59 42 Ce
2193 2936 65 48 qui
2284 2933 173 42 n'exclut

389 3031 73 37 pas
487 3015 206 43 l'intensité
719 3014 53 43 du
797 3016 202 41 sentiment
1023 3014 186 50 religieux
1237 3014 80 50 qui,
1345 3015 170 49 éprouvé
1539 3026 73 36 par
1638 3012 37 42 la
1700 3012 203 50 pauvreté,
1929 3026 40 26 se
1994 3015 206 37 concentre
2227 3011 23 39 à
2276 3021 180 29 nouveau

388 3110 63 24 sur
476 3091 52 43 les
550 3092 139 41 vérités
714 3088 232 44 essentielles
968 3088 49 43 de
1042 3088 38 42 la
1105 3087 177 43 doctrine
1305 3095 35 35 et
1366 3086 137 51 l'objet
1526 3085 194 52 principal
1743 3085 54 42 du
1823 3083 101 44 culte
1950 3083 238 51 catholique.

519 3165 109 43 C'est
658 3168 22 39 à
713 3164 37 43 la
779 3168 143 46 faveur
950 3162 50 43 de
1031 3180 62 26 ces
1125 3163 287 42 circonstances
1442 3161 128 50 qu'est
1600 3162 69 41 née
1793 3158 96 44 chez
1920 3175 69 27 nos
2019 3159 142 41 voisins
2192 3156 54 44 du
2279 3156 85 42 Sud

392 3259 73 26 une
488 3240 260 44 architecture
769 3238 201 51 religieuse
995 3236 184 43 moderne
1203 3236 98 42 dont
1324 3236 33 42 le
1381 3237 132 41 mérite
1537 3235 202 50 artistique
1764 3233 98 43 n'est
1884 3247 72 38 pas
1980 3231 178 45 moindre
2182 3249 75 33 que
2283 3230 99 44 celui
2408 3230 49 42 de

392 3316 141 44 l'école
553 3315 183 43 littéraire
755 3313 95 43 dont
869 3311 177 44 Claudel
1063 3316 63 45 fut
1145 3311 35 43 le
1197 3312 178 51 pionnier
1395 3320 35 33 et
1451 3309 52 43 du
1524 3323 148 38 groupe
1695 3308 48 43 de
1762 3310 166 50 peintres
1949 3307 185 51 religieux
2154 3306 96 42 dont
2270 3305 189 43 Maurice

391 3391 128 43 Denis
545 3398 36 35 et
602 3388 268 45 Desvallières
894 3396 86 34 sont
1006 3388 52 41 les
1082 3386 88 52 plus
1196 3402 160 26 connus.

518 3464 106 49 Afin
656 3463 49 43 de
735 3470 207 45 permettre
975 3465 22 39 à
1030 3479 68 25 nos
1132 3461 162 43 lecteurs
1327 3459 49 43 de
1407 3458 166 52 prendre
1608 3457 280 43 connaissance
1921 3471 94 28 avec
2053 3473 42 26 ce
2131 3462 246 35 mouvement
2413 3454 49 40 de

381 3540 247 42 renaissance
650 3537 48 44 de
722 3536 287 45 l'architecture
1031 3536 216 50 religieuse,
1270 3552 97 26 nous
1389 3533 276 53 reproduisons
1690 3535 36 40 in
1752 3539 155 35 extenso
1933 3548 50 26 un
2007 3530 135 44 article
2168 3546 75 36 que
2267 3529 185 43 Léandre
