2773 3934
1836 167 309 54 TEK
2228 172 50 49 H
2361 174 55 49 N
2499 175 41 49 E

2416 3575 136 73 83

148 2434 93 49 hut,
274 2436 330 51 bibliothèque,
642 2437 210 45 machine
884 2441 25 37 à
942 2435 184 56 coudre,
1161 2438 154 50 piano,

140 2499 153 48 divan,
332 2511 44 32 et
409 2504 157 48 peinte
601 2519 55 25 en
695 2511 105 34 tons
834 2501 142 43 clairs.

218 2559 283 52 Lorsqu'une
534 2561 170 42 laverie
735 2573 108 39 peut
877 2565 94 40 être
1003 2563 185 49 ajoutée
1221 2563 27 38 à
1278 2558 42 41 la

148 2625 181 45 cuisine,
365 2622 85 44 elle
487 2622 98 45 doit
618 2626 197 48 pouvoir
848 2624 142 41 servir
1023 2626 26 38 à
1083 2622 41 43 la
1160 2622 160 43 lessive

148 2696 44 32 et
217 2702 87 24 aux
329 2684 145 44 bains.
1083 2719 10 12 ,

1453 1389 63 42 La
1549 1390 75 51 fig.
1664 1390 23 41 3
1726 1401 179 31 montre
1940 1410 59 27 un
2034 1402 108 41 type
2175 1393 57 41 de
2267 1395 177 41 maison
2477 1411 50 23 en-

1386 1460 65 33 tre
1489 1454 216 49 pignons;
1742 1453 85 41 elle
1859 1453 209 50 possède,
2107 1456 25 38 à
2165 1458 101 37 côté
2300 1455 59 41 de
2391 1455 42 41 la
2466 1457 64 39 cui-

1384 1516 107 44 sine,
1538 1531 87 25 une
1663 1514 167 42 laverie
1871 1518 73 47 qui
1983 1525 88 32 sert
2111 1533 90 23 non
2239 1516 250 42 seulement
2528 1520 25 38 à

1384 1577 184 39 remiser
1597 1576 62 41 les
1686 1575 211 52 cuvelles,
1929 1576 110 42 faire
2067 1576 43 43 la
2136 1578 159 41 lessive
2321 1587 44 31 et
2391 1581 135 48 prépa-

1385 1654 69 24 rer
1479 1640 43 41 la
1548 1640 252 39 nourriture
1827 1639 59 41 du
1913 1638 151 47 bétail,
2099 1642 112 40 mais
2239 1641 115 40 aussi
2382 1643 25 38 à
2436 1656 94 25 rece-

1383 1703 102 40 voir
1510 1700 43 42 la
1581 1698 241 52 biagnoir©
1846 1700 115 42 dans
1990 1700 193 51 laquelle
2211 1719 58 27 on
2294 1719 47 24 se
2368 1702 104 41 lave
2497 1702 57 41 de

1383 1760 267 51 préférence
1685 1761 43 42 le
1760 1764 104 49 jour
1899 1761 57 43 de
1990 1762 44 42 la
2067 1763 180 47 lessive;
2285 1763 116 41 l'eau
2439 1780 115 33 pour

1384 1822 39 41 le
1451 1822 108 42 bain
1587 1832 66 33 est
1681 1823 214 42 chauffée
1923 1824 113 41 dans
2065 1843 58 23 un
2152 1824 234 42 chaudron
2417 1825 137 50 qu'un

1383 1886 199 49 système
1622 1884 57 42 de
1720 1884 180 43 robinet
1938 1895 178 42 permet
2156 1886 57 42 de
2253 1886 112 42 faire
2404 1886 151 42 couler

1385 1945 299 43 directemnet
1720 1947 114 42 dans
1867 1947 43 42 la
1941 1947 250 51 baignoire.

1463 2008 61 41 Le
1561 2018 108 40 type
1707 2009 57 41 de
1802 2013 182 37 maison
2022 2027 116 32 pour
2179 2010 22 40 2
2244 2008 204 48 familles,
2491 2026 43 24 re-

1387 2072 176 48 préseté
1596 2086 80 35 par
1706 2069 43 43 la
1780 2071 75 50 fig.
1891 2069 23 43 5
1951 2080 139 41 ayant
2116 2088 87 24 une
2231 2071 238 50 superficie
2500 2071 57 41 de

1389 2130 61 43 90
1482 2149 45 24 m
1556 2165 8 14 2,
1597 2140 111 43 peut
1736 2135 93 38 être
1859 2130 238 43 considéré
2126 2149 180 24 comme
2333 2150 87 23 une
2450 2135 81 39 mai-

1387 2211 83 24 son
1495 2192 274 53 bourgeoise
1803 2211 8 24 :
1840 2193 45 43 la
1909 2196 167 40 cuisine
2105 2203 65 31 est
2199 2194 231 41 tellement
2457 2211 75 34 spa-

1389 2258 148 39 cieuse
1564 2272 87 34 que
1682 2255 10 41 1
1716 2273 58 24 on
1803 2264 108 43 peut
1940 2273 54 24 en
2025 2257 111 40 faire
2163 2273 86 24 une
2276 2258 127 48 pièce
2433 2255 99 42 indé-

1388 2316 234 51 pendante
1651 2318 58 41 de
1740 2318 44 42 la
1811 2317 109 42 salle
1951 2335 256 24 commune.

1464 2376 133 43 Enfin
1636 2377 189 42 l'auteur
1863 2377 182 43 affirme
2082 2397 55 25 en
2173 2377 261 43 conclusion
2473 2392 84 33 que

1400 2455 22 24 «
1462 2456 116 33 pour
1618 2438 180 42 obtenir
1834 2455 87 25 une
1958 2439 196 42 solution
2193 2439 264 42 rationnelle
2498 2438 58 41 du

1396 2500 240 50 problème
1664 2516 22 25 »
1716 2502 296 41 cuisine-salle
2036 2517 245 25 commune
2309 2516 41 32 »,
2377 2511 96 33 tant
2500 2516 58 24 au

1397 2566 131 46 point
1568 2562 57 43 de
1666 2579 87 27 vue
1795 2565 194 47 ménage
2029 2562 135 50 qu'au
2204 2566 128 47 point
2373 2561 56 42 de
2469 2579 88 24 vue

1396 2623 263 51 esthétique,
1700 2622 204 52 l'emploi
1943 2624 79 43 des
2057 2623 203 42 meubles
2296 2625 262 48 incorporés

1398 2685 96 42 doit
1520 2689 93 40 être
1640 2688 214 47 envisagé
1881 2701 40 25 ».

140 3443 518 51 SUPPLEMENT
727 3444 109 50 AU
903 3441 333 53 VOLUME
1298 3439 94 55 VI.
1593 3441 80 50 N°
1739 3443 29 48 6
1832 3441 100 51 DE
2007 3461 29 31 «
2100 3441 99 51 LA
2260 3441 179 51 CITE
2506 3459 47 32 ».
