1541 2286
627 79 293 124 291

155 447 40 15 Nos.
204 448 28 14 7-8
329 447 194 18 September-October,
532 449 37 14 1915
665 449 44 16 $2.00

214 553 33 15 WE
258 553 43 15 ARE
314 554 76 14 LIVING
402 554 23 14 IN
436 555 45 13 THE
493 554 43 14 AGE
547 555 28 13 OF
585 555 45 13 THE
642 555 105 13 MACHINE.

214 577 49 14 MAN
275 577 63 14 MADE
349 577 45 14 THE
406 578 103 14 MACHINE
521 578 23 14 IN
556 578 35 14 HIS
602 578 50 14 OWN
665 578 75 15 IMAGE.
757 578 41 15 SHE
812 579 40 14 HAS
866 579 65 14 LIMBS
945 579 75 15 WHICH
1033 580 48 17 ACT;
1102 580 70 15 LUNGS
1185 581 75 15 WHICH
1274 582 107 17 BREATHE;

154 600 13 14 A
180 600 74 14 HEART
266 600 75 14 WHICH
355 600 73 18 BEATS;
441 601 14 14 A
467 601 101 15 NERVOUS
580 601 83 15 SYSTEM
677 602 106 14 THROUGH
799 602 75 14 WHICH
891 602 57 14 RUNS
963 602 151 16 ELECTRICITY.
1140 604 45 14 THE
1201 604 146 15 PHONOGRAPH
1364 605 17 14 IS

154 623 44 14 THE
209 623 72 14 IMAGE
291 623 27 15 OF
329 623 35 15 HIS
375 624 72 16 VOICE;
458 624 44 14 THE
514 624 91 14 CAMERA
616 625 44 13 THE
672 625 71 14 IMAGE
754 625 27 14 OF
795 625 35 14 HIS
845 625 47 14 EYE.
917 625 45 15 THE
977 626 102 14 MACHINE
1095 626 18 15 IS
1128 627 34 14 HIS
1178 627 131 15 “DAUGHTER
1324 628 57 15 BORN

154 645 102 16 WITHOUT
269 646 14 15 A
297 647 109 14 MOTHER.’’
430 647 59 14 THAT
503 647 18 14 IS
535 647 50 14 WHY
600 647 28 14 HE
643 647 66 15 LOVES
722 648 50 14 HER.
794 648 29 14 HE
834 648 40 14 HAS
885 648 64 15 MADE
959 649 44 14 THE
1015 649 102 15 MACHINE
1127 650 107 15 SUPERIOR
1244 651 27 14 TO
1282 651 99 15 HIMSELF.

153 669 59 15 THAT
227 669 19 15 IS
260 670 51 14 WHY
326 670 29 14 HE
370 670 100 14 ADMIRES
485 670 49 14 HER.
561 670 84 15 HAVING
660 671 63 14 MADE
739 671 45 14 HER
796 671 107 14 SUPERIOR
916 672 28 14 TO
958 672 100 17 HIMSELF,
1072 673 30 14 HE
1115 673 91 15 ENDOWS
1219 674 44 14 THE
1276 674 105 15 SUPERIOR

154 692 78 14 BEINGS
246 692 75 15 WHICH
335 693 30 14 HE
379 693 121 15 CONCEIVES
514 693 23 15 IN
552 693 35 15 HIS
601 694 85 14 POETRY
700 694 47 14 AND
761 694 24 14 IN
797 694 35 14 HIS
844 694 118 19 PLASTIQUE
973 695 58 15 WITH
1044 696 44 14 THE
1100 696 113 18 QUALITIES
1225 697 27 14 OF
1264 698 113 14 MACHINES

153 715 71 14 AFTER
238 715 90 15 MAKING
341 716 45 14 THE
400 716 103 15 MACHINE
518 717 23 14 IN
555 717 35 14 HIS
604 717 49 14 OWN
668 717 71 14 IMAGE
754 717 29 14 HE
800 717 41 14 HAS
858 718 63 14 MADE
940 718 34 14 HIS
992 718 80 15 HUMAN
1091 719 65 14 IDEAL
1173 720 204 15 MACHINOMORPHIC

154 738 42 15 BUT
210 738 44 15 THE
270 739 103 14 MACHINE
388 739 18 14 IS
421 739 43 14 YET
479 739 28 14 AT
521 739 14 14 A
550 739 135 15 DEPENDENT
699 740 73 15 STAGE.
804 740 49 15 MAN
873 741 57 14 GAVE
951 741 45 14 HER
1016 741 72 15 EVERY
1108 742 168 18 QUALIFICATION
1297 743 84 15 EXCEPT

152 762 111 14 THOUGHT.
284 762 41 14 SHE
336 762 93 15 SUBMITS
439 762 28 15 TO
479 763 35 14 HIS
524 763 54 14 WILL
589 763 43 15 BUT
642 763 30 14 HE
683 764 59 14 MUST
754 764 82 14 DIRECT
849 764 45 14 HER
907 764 126 15 ACTIVITIES.
1057 765 103 15 WITHOUT
1173 766 42 14 HIM
1229 766 41 14 SHE
1284 767 97 14 REMAINS

152 785 14 14 A
181 785 139 15 WONDERFUL
336 785 73 18 BEING,
422 786 43 14 BUT
481 786 102 14 WITHOUT
599 786 42 14 AIM
658 786 29 14 OR
695 786 113 15 ANATOMY.
826 787 107 15 THROUGH
948 788 68 14 THEIR
1032 788 87 15 MATING
1133 789 59 15 THEY
1208 789 115 15 COMPLETE
1338 790 43 14 ONE

152 807 109 16 ANOTHER.
286 809 42 14 SHE
342 809 79 14 BRINGS
435 809 73 14 FORTH
522 809 129 15 ACCORDING
665 809 28 15 TO
707 810 35 14 HIS
755 810 155 15 CONCEPTIONS.

213 832 161 14 PHOTOGRAPHY
386 832 18 14 IS
415 832 44 14 ONE
470 832 27 14 OF
508 832 45 15 THE
564 832 52 15 FINE
627 833 77 14 FRUITS
715 833 27 14 OF
753 833 50 14 THIS
812 833 74 14 UNION.
913 834 44 14 THE
975 834 167 15 PHOTOGRAPHIC
1159 835 66 15 PRINT
1242 836 18 14 IS
1275 836 44 15 ONE
1335 837 35 14 ELE-

153 854 63 14 MENT
228 854 26 15 OF
265 854 50 15 THIS
328 855 49 15 NEW
388 855 100 15 TRINITY:
508 856 53 17 MAN,
573 856 45 14 THE
630 856 106 17 CREATOR,
749 856 57 14 WITH
825 856 106 15 THOUGHT
949 857 47 15 AND
1014 858 60 17 WILL;
1093 858 44 14 THE
1156 858 102 15 MACHINE
1283 859 84 15 MOTHER-

152 877 88 17 ACTION;
255 877 46 15 AND
317 878 69 14 THEIR
402 879 106 16 PRODUCT,
524 879 45 14 THE
585 879 65 14 WORK
665 879 175 15 ACCOMPLISHED.

1155 904 54 15 PAUL
1228 905 17 15 B.
1264 905 117 15 HAVILAND,

228 1020 25 21 In
268 1019 63 27 1907,
345 1020 106 27 Stieglitz,
466 1021 22 21 in
502 1021 38 22 the
552 1021 146 28 photograph
710 1022 72 22 which
796 1030 31 14 we
842 1023 91 27 publish
949 1023 22 21 in
988 1023 37 22 the
1041 1028 89 22 present
1145 1024 94 22 number
1254 1025 22 21 of
1291 1024 12 9 “
1314 1025 41 21 291
1368 1025 12 8 ”

152 1050 71 21 under
238 1050 38 22 the
291 1050 49 22 title
356 1050 12 8 “
380 1051 46 21 The
435 1051 126 27 Steerage,”
578 1051 108 22 obtained
703 1052 37 21 the
754 1053 140 21 verification
905 1053 21 21 of
936 1061 14 13 a
960 1053 51 22 fact.

225 1080 47 21 The
284 1080 69 21 desire
365 1080 22 21 of
399 1080 92 22 modern
505 1081 81 27 plastic
597 1082 127 26 expression
737 1082 41 21 has
788 1082 53 21 been
852 1086 24 18 to
884 1087 72 17 create
964 1082 35 22 for
1007 1083 58 21 itself
1074 1090 29 15 an
1113 1083 135 27 objectivity.
1274 1084 47 21 The
1330 1084 50 22 task

151 1110 164 26 accomplished
328 1110 30 26 by
369 1110 121 27 Stieglitz’s
502 1111 163 27 photography
676 1112 41 21 has
729 1112 54 21 been
795 1116 24 17 to
829 1112 66 22 make
905 1112 131 28 objectivity
1046 1113 139 21 understood
1196 1113 34 21 for
1239 1113 19 22 it
1267 1113 42 22 has
1317 1114 63 27 given

151 1139 18 21 it
178 1139 37 21 the
224 1143 50 18 true
281 1140 140 26 importance
429 1140 22 21 of
459 1148 13 14 a
481 1141 91 21 natural
580 1141 51 21 fact.

225 1169 35 21 He
273 1169 41 21 has
327 1170 120 27 surpassed
462 1170 12 8 “
485 1171 64 25 Art,”
565 1171 53 21 that
630 1171 79 22 idiotic
721 1171 61 22 word
797 1172 71 21 which
884 1172 84 27 during
982 1173 110 20 centuries
1107 1173 42 20 has
1163 1173 132 21 dominated
1310 1181 59 19 every-

151 1199 72 26 thing,
233 1199 46 21 and
287 1199 71 22 which
367 1199 23 21 in
399 1200 80 26 reality
487 1200 41 21 has
536 1200 54 27 only
597 1201 115 27 expressed
722 1209 13 13 a
744 1202 85 21 mental
842 1206 65 21 state,
922 1209 13 14 a
947 1206 60 17 state
1018 1202 23 21 of
1053 1202 204 22 unconsciousness.
1293 1202 12 9 “
1315 1203 42 22 Art
1367 1204 12 7 ”

150 1228 46 22 had
205 1228 89 22 become
303 1236 28 14 an
340 1229 92 22 esoteric
441 1230 52 21 God
501 1230 51 21 who
560 1230 46 21 had
614 1230 34 22 for
657 1231 34 21 his
700 1231 44 21 sole
752 1231 99 27 prophet
869 1232 12 8 “
893 1231 167 22 Conventional
1070 1232 109 27 Beauty.”
1230 1232 12 8 “
1253 1233 42 21 Art
1305 1233 12 8 ”
1335 1233 45 21 and

152 1258 12 9 “
175 1258 166 22 Conventional
357 1259 88 27 Beauty
456 1260 12 7 ”
486 1260 102 26 together
604 1260 55 22 have
674 1261 107 21 exercised
797 1268 13 14 a
825 1265 105 23 tyranny.
962 1261 21 22 It
997 1261 19 22 is
1030 1261 73 28 surely
1117 1262 44 21 due
1175 1262 22 21 in
1209 1266 63 23 great
1286 1267 52 22 part
1357 1267 23 17 to

151 1288 168 27 photography,
333 1288 53 22 that
397 1296 31 14 we
440 1289 57 22 have
508 1289 79 28 finally
598 1290 58 22 freed
668 1291 112 21 ourselves
789 1291 59 21 from
859 1291 52 21 that
921 1291 61 27 spell.

223 1318 42 22 We
275 1318 57 22 have
343 1319 92 27 escaped
446 1319 58 21 from
516 1319 38 22 the
564 1319 111 22 fetishism
687 1320 49 21 into
747 1320 71 22 which
830 1320 52 22 that
893 1321 61 21 word
966 1320 12 9 “
990 1321 42 22 Art
1042 1321 12 8 ”
1067 1321 45 22 had
1124 1322 136 26 hypnotized
1272 1329 31 19 us,
1317 1322 47 21 mak-

150 1347 38 27 ing
199 1355 26 14 us
234 1348 142 21 insensitives
386 1352 25 17 to
421 1348 38 22 the
468 1349 120 27 respective
597 1350 96 21 realities
703 1350 23 21 of
735 1357 42 14 our
785 1350 63 22 inner
855 1350 74 26 selves,
940 1351 45 21 and
994 1351 21 21 of
1023 1351 38 22 the
1069 1355 64 18 outer
1140 1351 76 22 world.

223 1378 19 21 A
250 1385 74 20 group
333 1378 21 21 of
362 1385 51 14 men
422 1378 22 21 in
453 1379 84 21 Franee
545 1379 42 21 has
594 1380 90 21 flooded
693 1387 42 14 our
743 1380 64 21 inner
813 1380 69 22 world
888 1381 55 21 with
951 1381 38 21 the
995 1381 58 26 light
1060 1381 22 21 of
1088 1388 14 14 a
1108 1388 46 14 new
1161 1381 80 27 plastic
1246 1381 132 27 expression.

149 1407 107 27 Stieglitz,
273 1407 22 21 in
310 1407 107 27 America,
435 1408 99 27 through
550 1409 167 27 photography,
734 1409 41 22 has
785 1410 77 22 shown
874 1418 31 18 us,
918 1418 25 14 as
952 1410 34 22 far
996 1418 24 14 as
1030 1411 19 21 it
1058 1411 19 21 is
1087 1411 102 27 possible,
1202 1411 37 21 the
1251 1411 129 28 objectivity

150 1437 22 21 of
181 1437 37 21 the
227 1440 64 18 outer
299 1437 76 22 world.

224 1467 8 20 I
243 1467 70 27 speak
322 1467 22 21 of
354 1467 53 22 that
416 1468 162 27 photography
588 1468 22 21 in
620 1468 71 23 which
702 1469 38 22 the
749 1469 78 27 genius
837 1469 22 22 of
870 1477 53 14 man
935 1470 70 21 leaves
1016 1474 25 17 to
1052 1470 38 21 the
1100 1470 101 22 machine
1212 1470 29 22 its
1257 1470 40 21 full
1308 1478 72 20 power

149 1496 22 21 of
179 1496 135 27 expression.
340 1497 44 21 For
393 1497 18 22 it
421 1497 18 22 is
449 1498 54 26 only
512 1498 54 21 thus
576 1498 54 22 that
638 1506 31 14 we
678 1506 41 14 can
729 1499 65 22 reach
803 1507 13 14 a
824 1500 184 26 comprehension
1017 1500 22 21 of
1047 1507 55 20 pure
1110 1500 136 27 objectivity.

222 1526 113 27 Objective
345 1527 65 21 truth
421 1527 64 22 takes
495 1527 129 28 precedence
634 1536 52 14 over
695 1529 100 26 Stieglitz
805 1529 23 21 in
839 1529 34 21 his
882 1529 68 22 work.
978 1529 33 27 By
1020 1537 77 14 means
1107 1529 22 22 of
1138 1538 14 13 a
1161 1530 101 22 machine
1272 1530 26 22 he
1307 1530 73 22 shows

149 1563 26 14 us
183 1555 37 22 the
228 1560 65 18 outer
300 1556 40 22 life.

223 1586 100 27 Stieglitz
334 1587 122 26 comprises
468 1587 38 22 the
518 1587 88 27 history
618 1588 21 21 of
651 1588 162 27 photography
830 1588 23 21 in
872 1588 37 22 the
928 1589 84 21 United
1030 1589 83 22 States.
1149 1589 12 8 “
1172 1589 95 22 Camera
1284 1589 71 22 Work
1365 1590 12 8 ”

149 1615 64 22 bears
221 1616 90 21 witness
320 1620 24 17 to
354 1616 52 22 this.
431 1616 18 22 If
458 1616 27 23 he
494 1617 41 22 has
543 1618 65 26 given
617 1618 128 21 sometimes
756 1621 39 18 too
806 1618 66 22 much
883 1619 140 27 importance
1034 1623 24 18 to
1069 1619 38 22 the
1117 1619 135 22 intellectual
1261 1619 117 27 juggleries

148 1645 22 22 of
180 1645 76 22 others
266 1646 22 21 in
300 1646 136 22 mechanical
448 1648 184 26 representation,
645 1648 27 21 he
682 1648 41 21 has
733 1648 167 27 unwaveringly
910 1652 43 23 put
963 1649 49 21 into
1023 1649 96 26 practice
1130 1649 38 21 the
1179 1649 106 27 principle
1296 1649 21 21 of
1329 1649 37 21 Boi-

148 1675 56 25 leau,
216 1675 113 28 “nothing
340 1676 18 21 is
369 1675 110 23 beautiful
490 1677 43 21 but
544 1677 38 22 the
593 1677 121 22 truthful.”
735 1678 52 21 And
796 1678 22 21 in
827 1678 90 27 seeking
926 1678 65 22 truth
1000 1679 26 21 he
1035 1679 41 21 has
1084 1679 63 21 acted
1156 1686 25 14 as
1189 1686 14 14 a
1211 1679 43 21 real
1265 1682 91 19 creator.

223 1705 18 21 If
251 1705 93 22 modern
356 1706 80 27 plastic
446 1707 128 26 expression
586 1707 41 22 has
638 1707 66 22 made
715 1715 27 14 us
752 1708 100 21 conceive
867 1708 37 21 the
919 1708 129 27 possibility
1061 1708 22 21 of
1096 1708 100 27 creating
1210 1716 46 14 new
1269 1708 70 22 forms
1353 1712 24 18 to

147 1742 88 19 express
244 1742 47 14 new
299 1735 140 26 sentiments,
451 1736 162 28 photography
622 1737 22 21 in
654 1737 37 22 the
701 1737 74 22 hands
791 1737 22 22 of
829 1738 101 26 Stieglitz
946 1738 41 21 has
1003 1738 116 21 succeeded
1136 1738 23 21 in
1175 1738 149 27 determining
1341 1738 37 22 the

148 1764 131 28 objectivity
287 1765 21 21 of
316 1765 65 26 form,
392 1766 52 21 that
452 1766 18 21 is
479 1769 24 18 to
514 1774 46 19 say,
572 1766 23 22 in
606 1766 120 28 obtaining
737 1767 38 21 the
792 1767 74 21 initial
884 1768 117 21 condition
1019 1768 22 21 of
1059 1768 37 21 the
1114 1768 142 27 phenomena
1273 1768 22 22 of
1311 1768 65 26 form,

148 1794 148 27 phenomena,
307 1795 71 21 which
390 1795 71 22 under
472 1795 37 22 the
519 1796 94 22 domain
623 1797 22 21 of
655 1797 87 21 human
754 1797 100 27 thought
868 1797 49 27 give
931 1797 63 22 birth
1009 1801 25 18 to
1047 1797 119 26 emotions,
1182 1798 133 25 sensations,
1331 1798 46 22 and

147 1824 68 21 ideas.

1161 1887 34 21 M.
1214 1887 42 21 DE
1274 1887 101 21 ZAYAS.
