3543 4366
1757 146 100 49 134

277 300 85 48 ben
406 297 100 47 hat!
556 297 62 47 Es
659 293 94 48 sind
785 292 251 63 Wolfgang
1063 291 199 48 Müller's
1299 289 145 55 „Lenz
1473 286 90 48 und

273 374 273 64 (AUegretto,
575 371 196 57 Es-dur,
802 366 216 66 %-Tact)
1063 366 89 48 und
1196 366 107 47 Karl
1335 363 184 48 Siebel's
1559 362 210 62 „Lustige

492 446 97 64 (Mit
617 447 155 46 Laune
814 443 87 48 und
933 441 349 63 Lebhaftigkeit,
1533 434 14 28 2
1548 435 220 68 /4-Tact).

268 528 64 46 Im
364 532 144 41 ersten
536 522 166 63 spricht
729 521 81 47 der
835 519 159 56 sanfte,
1025 518 157 64 ruhige
1205 517 130 47 Fluss
1357 515 80 47 der
1462 513 307 66 Empfindung

270 620 71 35 an,
372 601 68 45 die
471 597 242 49 besonders
743 597 68 47 bei
842 597 77 47 der
948 595 135 47 Stelle
1111 594 42 47 in
1392 590 139 49 durch
1562 590 71 47 die
1663 590 79 46 wie-

272 675 171 65 genden
472 674 200 62 Figuren
712 672 80 48 der
835 672 158 48 beiden
1025 669 350 48 Mittelstimmen
1416 668 127 47 einen
1572 665 196 49 schönen

269 750 237 51 Ausdruck
538 749 155 56 findet,
733 747 214 50 während
976 747 78 48 das
1081 745 154 49 zweite
1263 744 140 47 durch
1434 743 151 47 seinen
1616 742 152 47 flotten

269 829 180 46 Humor
476 825 171 47 überall
669 824 300 47 willkommen
998 823 90 46 sein
1120 819 126 48 wird.
1279 822 90 44 Das
1390 818 154 48 dritte:
1578 816 191 56 „Mädel,

272 905 115 46 mein
651 900 112 49 auch
792 917 83 30 von
904 899 164 56 Siebe],
1111 898 53 47 ist
1205 896 213 47 ebenfalls
1462 896 62 46 als
1567 895 173 61 Gesang-

270 980 125 47 stück
435 978 103 48 sehr
581 976 169 47 hübsch
792 975 267 64 componirt,
1089 973 172 48 scheint
1299 989 81 31 uns
1418 971 110 47 aber
1563 971 75 46 für
1681 970 84 46 den

272 1058 114 45 Text
412 1062 139 39 etwas
578 1069 50 31 zu
658 1051 280 49 sentimental
967 1050 256 65 aufgefasst.

386 1130 203 47 Gustav
631 1128 220 63 Flügel,
899 1128 133 47 Drei
1075 1126 273 47 Cantaten
1392 1124 76 46 für
1510 1120 258 66 geistlichen

496 1205 388 48 Münnerchor.
933 1205 114 45 Dem
1091 1200 257 50 kölnischen
1387 1201 381 61 Männergesang-

498 1281 191 47 Vereine
716 1280 274 64 zugeeignet.
1021 1279 87 62 Op.
1140 1276 84 50 58.

386 1357 105 50 Wir
531 1356 228 64 gestehen,
801 1354 99 48 dass
941 1354 82 47 wir
1061 1354 59 47 im
1152 1352 308 64 Allgemeinen
1501 1350 68 47 die
1599 1351 145 45 Instru-

269 1431 569 65 mentaJ-Compositionen,
867 1430 267 48 namentlich
1166 1429 69 48 die
1265 1444 181 48 grossen
1464 1429 197 44 Sonaten
1694 1426 75 46 für

266 1510 256 48 Pianoforle
551 1509 90 45 und
670 1507 70 49 die
769 1509 225 45 kleineren
1021 1505 330 49 Ciavierstücke
1374 1505 141 46 dieses
1548 1502 218 64 lleissigen

273 1586 335 64 Componisten,
647 1584 87 47 den
771 1585 81 46 wir
894 1584 113 47 auch
1037 1585 63 46 als
1129 1581 291 50 ausübenden
1451 1580 215 47 Künstler
1695 1578 80 47 auf

268 1664 141 63 Orgel
439 1661 88 48 und
553 1661 190 56 Ciavier,
772 1661 62 47 als
857 1660 171 47 Lehrer
1059 1660 86 45 und
1177 1660 62 45 als
1258 1657 264 64 Dirigenten
1552 1653 216 50 während

266 1740 141 47 seines
437 1737 313 48 Aufenthaltes
778 1754 70 30 am
882 1737 172 47 Rheine
1089 1736 103 47 sehr
1229 1735 114 45 hoch
1375 1751 52 29 zu
1456 1733 205 47 schätzen
1691 1747 52 47 ge-

268 1816 115 46 lernt
412 1813 166 56 haben,
606 1813 151 47 seinen
781 1812 366 64 Gesangwerken
1169 1810 248 48 vorziehen.
1448 1811 47 46 In
1526 1807 160 48 beiden
1717 1807 53 47 ist

266 1891 239 65 allerdings
546 1890 71 47 die
658 1897 162 48 ernste,
870 1888 113 57 edle,
1035 1888 101 47 echt
1178 1887 322 47 künstlerische
1543 1885 227 63 Richtung

266 1966 290 56 herrschend,
598 1967 169 47 welche
799 1967 155 62 Flügel
990 1966 69 47 nie
1089 1966 220 46 verlassen
1341 1963 112 47 wird
1483 1962 89 47 und
1601 1961 167 47 seinem

268 2060 166 48 ganzen
466 2043 171 49 Wesen
678 2043 113 47 nach
835 2042 121 48 nicht
995 2042 221 47 verlassen
1261 2041 146 53 kann;
1451 2039 131 47 allein
1611 2038 44 47 in
1684 2037 85 47 den

268 2119 338 49 Ciaviersachen
633 2119 152 47 waltet
811 2118 69 47 ein
905 2118 181 47 freieres
1108 2117 228 52 Schaffen,
1365 2116 98 47 eine
1486 2114 255 64 eigenthüm-

266 2197 167 47 lichere
459 2194 274 64 Erfindung,
776 2194 68 49 ein
875 2194 336 64 energischerer
1239 2193 256 62 Schwung;
1536 2191 61 47 sie
1627 2191 142 47 lassen

266 2273 86 47 den
382 2271 246 49 Gedanken
659 2287 56 32 an
745 2271 76 48 das
1307 2268 119 47 nicht
1455 2268 315 55 aufkommen,

266 2349 61 47 sie
357 2348 287 65 entspringen
672 2347 100 47 dem
797 2347 259 47 wirklichen
1079 2346 135 57 Quell
1246 2344 76 49 des
1350 2344 185 47 inneren
1559 2344 127 46 Dran
1693 2358 76 47 ges

268 2424 89 49 und
387 2424 238 49 verdienen
653 2440 82 31 von
760 2423 367 65 Clavierspielern
1158 2422 91 48 und
1281 2420 354 49 Clavierlehrern
1666 2420 105 46 weit

266 2503 129 47 mehr
423 2502 190 47 cultivirt
639 2518 52 29 zu
720 2500 200 56 werden,
962 2502 63 47 als
1067 2516 45 31 es
1152 2499 80 48 der
1260 2499 95 47 Fall
1384 2516 52 30 zu
1467 2499 90 46 sein
1587 2497 184 47 scheint.

266 2579 86 47 Die
381 2578 383 63 mehrstimmigen
783 2577 573 64 Gesang-Compositionen
1379 2575 223 64 hingegen
1629 2573 119 48 zeich-

268 2672 86 32 nen
381 2655 91 47 sich
501 2654 207 48 meistens
739 2654 128 47 mehr
894 2654 142 47 durch
1077 2660 106 58 gute
1213 2652 161 48 Arbeit
1415 2653 62 46 als
1511 2650 141 49 durch
1685 2650 65 47 ori-

269 2732 160 63 ginelle
443 2730 253 64 Erfindung
720 2747 103 38 aus;
852 2729 79 48 das
954 2729 422 65 eontrapunktischc
1397 2729 205 46 Element
1625 2727 150 47 macht

272 2808 88 48 sich
401 2807 127 48 darin
569 2807 212 47 zuweilen
824 2808 80 46 auf
929 2808 168 46 Kosten
1138 2805 76 49 des
1244 2804 300 48 melodischen
1576 2801 194 67 geltend.

266 2885 110 47 Dies
410 2884 173 47 scheint
622 2899 81 32 uns
741 2884 113 47 auch
899 2884 267 48 namentlich
1208 2883 40 47 in
1295 2883 79 47 der
1413 2883 186 47 zweiten
1627 2881 108 46 Num-

272 2978 95 30 mer
396 2960 76 48 des
501 2959 314 65 vorliegenden
838 2960 217 48 Werkes:
1694 2956 80 49 der

266 3038 97 48 Fall
386 3054 53 31 zu
462 3036 105 49 sein.
598 3035 254 65 Allerdings
882 3036 263 47 beherrscht
1173 3035 160 65 Flügel
1362 3035 70 47 die
1462 3043 209 54 strengen
1702 3049 48 32 ca-

270 3115 240 47 nonischen
539 3115 199 46 Formen
782 3114 79 47 mit
895 3114 253 47 Sicherheit
1188 3113 91 48 und
1322 3129 178 47 grosser
1530 3110 213 50 Gewandt-

272 3190 106 57 heit,
419 3190 128 47 allein
578 3205 44 32 es
651 3189 111 48 wird
793 3189 111 48 doch
933 3196 107 41 stets
1070 3189 129 49 wahr
1228 3189 194 53 bleiben,
1459 3188 100 47 dass
1590 3186 80 49 der
1698 3204 51 47 ge-

272 3266 128 65 ringe
420 3266 196 64 Umfang
644 3265 78 48 der
743 3266 400 47 Männerstimmen
1174 3265 91 48 und
1294 3264 335 66 hauptsächlich
1661 3264 113 47 auch

270 3342 82 50 der
379 3342 312 65 Gleichklang,
729 3342 70 49 die
838 3344 170 63 gleiche
1039 3342 229 50 Tonfarbe
1308 3341 255 57 derselben,
1605 3358 46 30 es
1694 3341 83 47 fast

270 3419 259 64 unmöglich
561 3419 205 56 machen,
809 3419 96 48 klar
934 3420 89 47 und
1053 3420 200 65 zugleich
1285 3419 210 48 wirksam
1526 3417 79 49 für
1633 3417 61 47 sie
1722 3435 52 29 zu

269 3496 190 66 fugiren.
508 3497 96 47 Der
644 3503 115 40 erste
799 3497 195 64 Gesang,
1036 3496 70 48 die
1700 3495 51 48 be-

269 3580 121 58 wegt
428 3572 92 49 sich
564 3572 129 50 mehr
734 3572 42 47 in
818 3580 275 58 getragenen
1134 3574 236 48 Accorden
1415 3572 90 49 und
1548 3572 200 49 harmoni-

270 3650 149 48 schem
440 3650 131 47 Fluss
602 3647 90 50 und
722 3649 92 48 hält
842 3650 96 47 eine
966 3650 182 54 schöne,
1172 3649 447 64 kirchlich-freudige
1642 3649 108 47 Stim-

272 3743 138 48 mung
437 3744 82 30 von
548 3726 183 65 Anfang
762 3726 66 48 bis
854 3726 131 48 Ende
1016 3727 91 47 fest.
1138 3727 72 47 Sie
1232 3727 147 47 dürfte
1402 3727 70 47 die
1496 3726 280 48 wirksamste

273 3809 131 40 unter
432 3801 85 48 den
545 3802 153 48 dreien
727 3803 107 47 sein.
870 3802 86 48 Die
985 3803 155 47 meiste
1169 3803 125 47 Tiefe
1323 3803 90 47 und
1444 3802 307 65 Eindringlich-

274 3878 90 49 keit
391 3878 148 49 finden
569 3880 81 48 wir
678 3880 110 49 aber
815 3880 43 48 in
889 3880 80 48 der
997 3880 189 49 dritten:
1227 3882 152 55 „Zum
1412 3880 365 49 Gedächtniss

274 3955 103 48 der
929 3958 83 49 auf
1042 3957 72 48 die
1152 3957 188 50 Worte:
1393 3957 183 57 „Mitten
1606 3956 83 48 wir
1717 3956 59 47 im

275 4030 157 50 Leben
461 4031 96 51 sind
585 4033 79 47 mit
691 4032 99 50 dem
820 4033 99 50 Tod
1262 4035 42 48 in
1335 4032 193 62 D-mött,
1559 4028 16 31 4
1576 4030 201 62 A-Tact,

1840 282 293 50 stellenweise
2176 280 311 63 fi'infstimmig.
2530 306 63 6 —
2636 277 106 49 Wir
2783 277 253 64 empfehlen
3079 275 77 48 das
3198 275 150 49 Werk

1841 361 84 47 den
1956 359 240 48 Freunden
2228 357 75 47 des
2332 364 177 39 ernsten
2541 356 231 62 Gesanges
2801 353 90 47 und
2920 353 87 49 den
3037 352 282 47 Kirchenchö-

1842 453 76 30 ren
1950 432 411 66 angelegentlichst.

3183 428 52 46 L.

1838 681 85 54 Ein
1964 678 193 55 kleiner
2195 676 203 70 Anhang
2533 669 20 77 zu
2563 669 20 77 A.
2614 672 275 55 Malibran’s
2922 671 180 68 „Louis
3138 669 210 73 Spohr“.

1917 811 133 33 Dieses
2080 807 103 34 Bach
2214 806 147 35 enthalt
2386 808 111 31 unter
2513 804 185 34 Anderem
2728 803 97 34 auch
2857 804 104 33 einen
2984 803 155 42 Passus,
3170 803 70 34 den
3260 803 67 34 Ein-

1839 869 80 33 tritt
1947 868 188 35 Gollmick
2142 866 7 14 1
2154 879 16 22 «
2196 867 38 33 in
2264 865 64 35 das
2358 865 231 33 frankfurter
2617 863 200 35 Orchester
2844 863 219 35 betreifend.
3092 863 60 32 Da
3179 874 75 21 nun
3285 862 66 34 der

1837 929 197 33 Verfasser
2074 927 118 33 dieses
2220 924 169 35 Artikels
2431 925 67 32 mit
2535 922 187 35 Gollmick
2763 924 36 32 in
2841 922 87 35 sehr
2967 922 119 34 naher
3129 922 225 44 Berührung

1839 988 110 41 steht,
1980 987 96 34 denn
2103 997 39 23 er
2168 987 49 31 ist
2246 996 38 22 es
2314 984 129 45 selbst,
2490 995 40 22 so
2566 982 151 35 erlaubt
2744 982 80 34 sich
2854 983 170 34 derselbe
3052 983 121 43 einige
3201 981 129 35 Berich-

1839 1049 192 43 tigungen,
2058 1046 104 34 nicht
2189 1046 57 33 als
2275 1044 45 35 ob
2349 1055 38 23 er
2413 1043 129 45 irgend
2571 1043 58 34 ein
2649 1043 183 33 Interesse
2859 1042 59 34 für
2946 1043 100 32 seine
3064 1042 141 34 Person
3236 1042 118 32 damit

1841 1109 244 33 hervorrufen
2114 1105 136 43 wollte,
2294 1103 158 35 sondern
2491 1102 86 34 weil
2606 1102 102 34 diese
2735 1102 321 44 Berichtigungen
3088 1102 122 43 einige
3239 1101 117 34 Facta

1839 1167 194 42 berühren,
2078 1165 139 35 welche
2259 1175 67 23 zur
2353 1164 228 44 Ergänzung
2610 1173 74 23 von
2711 1160 153 46 Spohr's
2892 1159 225 35 Aufenthalt
3145 1162 38 32 in
3210 1160 122 34 Frank-

1841 1228 78 33 furt
1948 1237 58 23 am
2036 1227 95 33 Main
2159 1224 96 35 noch
2284 1223 180 34 Manches
2493 1221 211 35 nachholen
2734 1221 160 35 dürften.

1917 1288 98 33 Dass
2044 1287 97 33 mein
2170 1284 290 35 hochverehrter
2486 1283 163 42 Freund,
2678 1283 97 33 Herr
2789 1283 128 33 Xaver
2934 1281 193 45 Schnyder
3154 1292 72 23 von
3249 1281 82 35 War-

1839 1350 140 42 tensee,
2010 1357 67 23 vor
2103 1344 47 36 43
2178 1344 143 34 Jahren
2352 1344 98 33 mich
2481 1342 120 45 Spohr
2628 1343 60 34 für
2716 1344 78 32 sein
2817 1341 202 35 Orchester
3046 1340 223 45 empfohlen,
3293 1339 65 34 hat

1842 1408 101 33 seine
1972 1405 244 45 Richtigkeit,
2260 1404 75 33 und
2377 1403 57 33 ich
2476 1402 63 34 bin
2580 1401 79 34 ihm
2695 1401 59 35 für
2791 1403 125 33 seinen
2945 1404 116 41 guten
3093 1400 137 34 Willen
3260 1399 98 35 auch

1841 1467 85 33 sehr
1954 1465 229 45 verbunden,
2214 1463 173 45 obgleich
2417 1462 61 33 ich
2508 1460 190 47 wünsche,
2740 1462 103 33 seine
2870 1460 114 35 Wahl
3022 1464 99 30 wäre
3158 1461 70 34 auf
3252 1460 108 35 einen

1841 1524 170 35 Anderen
2055 1524 172 45 gefallen,
2273 1523 95 33 denn
2410 1521 64 35 das
2517 1521 159 33 Glück
2718 1520 83 44 (wie
2831 1521 97 33 auch
2959 1520 94 34 Herr
3080 1519 191 35 Malibran
3300 1521 59 33 ein

1841 1585 146 35 solches
2016 1586 67 32 mit
2110 1585 159 33 meinem
2297 1584 257 43 Engagement
2582 1582 38 32 in
2648 1580 247 45 Verbindung
2937 1592 47 22 zu
3019 1580 156 45 bringen
3215 1580 143 45 sucht),

1841 1646 66 33 das
1937 1645 139 41 Glück,
2117 1646 57 32 ein
2204 1646 110 43 gutes
2344 1642 300 34 Menschenalter
2671 1642 88 44 lang
2791 1641 88 42 „des
2909 1643 134 32 harten
3071 1642 175 33 Dienstes
3275 1641 64 35 kar-

1840 1718 65 33 ges
1932 1704 98 36 Brod
2059 1716 47 22 zu
2307 1715 106 22 wenn
2442 1714 82 22 man
2555 1700 85 51 kein
2661 1700 22 51 3
2704 1700 191 51 Erbschaft
2923 1702 124 33 macht
3075 1702 88 33 oder
3190 1705 104 31 sonst
3320 1703 40 33 in

1839 1763 201 36 Förtuna's
2069 1764 185 44 Loostopf
2276 1763 134 34 keinen
2439 1766 114 40 guten
2584 1761 101 35 Griff
2710 1763 98 42 thut,
2850 1761 66 34 hat
2951 1761 95 35 noch
3085 1761 88 35 kein
3222 1761 115 36 Orche-

1842 1824 267 45 ster-Mitglied
2153 1825 68 32 mit
2260 1822 199 35 zeitlichen
2503 1822 143 34 Gütern
2689 1825 179 42 gesegnet
2932 1825 75 32 Der
3033 1822 198 35 Verfasser
3253 1823 107 43 jenes

1839 1886 151 33 Buches
2019 1888 84 41 sagt
2133 1884 122 34 ferner
2283 1882 108 45 (Pag.
2420 1880 89 46 46):
2554 1881 89 42 „Ich
2674 1883 139 32 wüsste
2839 1881 118 45 nicht,
2991 1881 86 35 dass
3106 1882 191 34 Gollmick
3320 1883 39 44 je

1842 1945 119 34 dieser
1990 1944 119 35 Sache
2138 1941 263 46 uncingedenk
2429 1952 172 34 gewesen
2630 1943 135 34 wäre.®
2823 1940 144 35 Gewiss
2996 1941 125 35 nicht!
3151 1944 49 32 ist
3228 1942 132 35 dessen

1841 2005 193 41 Antwort;
2063 2003 95 33 denn
2179 2001 95 35 noch
2304 2001 114 34 leidet
2445 2013 50 30 er,
2524 2001 171 45 obgleich
2715 2001 218 45 pensionirt,
2964 2012 45 21 an
3029 2000 70 34 den
3120 2001 240 36 Nachwehen

1842 2065 101 34 einer
1970 2065 59 33 nie
2058 2074 47 23 zu
2135 2062 240 35 ersetzenden
2404 2062 217 34 verlorenen
2651 2062 93 35 Zeit,
2770 2062 83 33 Den
2881 2060 139 35 Leiden
3050 2060 64 36 des
3142 2061 199 35 Orchester-

1843 2125 163 33 dienstes
2051 2123 121 35 werde
2216 2122 60 34 ich
2317 2132 47 23 zu
2406 2122 122 33 seiner
2556 2122 81 33 Zeit
2678 2122 107 32 einen
2827 2121 157 44 eigenen
3011 2120 148 34 Artikel
3189 2121 172 36 widmen.

1842 2184 211 35 Jedenfalls
2083 2184 64 33 hat
2174 2184 96 33 Herr
2298 2181 246 35 Hackländer
2571 2180 93 35 noch
2695 2182 37 32 in
2761 2182 147 33 keinem
2938 2180 204 35 Orchester
3168 2193 192 34 gesessen,

1843 2250 104 29 sonst
1975 2244 127 34 würde
2131 2255 39 22 er
2197 2244 37 32 in
2263 2243 138 33 seinem
2425 2240 310 46 „Europäischen
3070 2239 130 36 dessen
3225 2243 137 43 gewiss

1841 2304 245 44 Erwähnung
2113 2302 138 46 gethan
2281 2301 135 35 haben.
2474 2301 79 33 Das
2585 2328 14 16 r
2952 2311 75 23 von
3057 2300 182 35 welchem
3264 2301 99 35 Herr

1843 2364 185 34 Malibran
2057 2365 38 32 in
2124 2361 245 45 Verbindung
2397 2361 68 34 mit
2493 2361 99 33 einer
2613 2360 339 34 Orchester-Stelle
2982 2360 156 46 spricht,
3170 2373 103 23 muss
3302 2361 59 35 ich

1844 2426 80 34 also
1952 2425 150 34 hiermit
2129 2424 68 34 auf
2224 2422 65 35 das
2319 2422 301 35 entschiedenste
2648 2420 196 35 ablehnen.

1922 2487 75 33 Der
2025 2485 189 35 Nachsatz
2251 2483 108 44 jener
2389 2481 115 35 Stelle
2543 2482 39 33 in
2624 2480 83 34 dem
2749 2480 263 35 bezeichneten
3041 2480 130 34 Buche
3206 2481 51 34 ist
3295 2483 71 33 mir

1844 2546 150 42 unklar,
2023 2544 89 36 aber
2142 2545 100 33 seine
2270 2546 117 31 etwas
2416 2542 225 44 mysteriöse
2669 2541 179 44 Fassung
2884 2540 124 34 dürfte
3036 2540 186 35 manchen
3249 2541 116 36 Leser

1844 2607 164 45 glauben
2036 2605 169 43 machen,
2246 2605 56 34 als
2333 2604 118 34 datire
2479 2602 80 35 sich
2588 2614 74 23 von
2690 2603 140 34 meiner
2857 2601 231 46 Anstellung
3117 2602 96 34 alles
3243 2601 121 37 Uebel

1846 2667 77 42 her,
1966 2666 162 34 welches
2157 2665 68 33 den
2254 2674 156 35 grossen
2437 2662 117 34 Mann
2583 2673 68 23 aus
2682 2661 208 35 Frankfurt
2931 2662 110 42 trieb,
3084 2663 69 32 wie
3182 2662 96 35 denn
3306 2662 59 35 die

1844 2727 200 45 folgenden
2074 2726 125 34 Seiten
2241 2725 120 33 dieses
2393 2723 148 33 Buches
2581 2722 58 34 bis
2667 2723 93 44 Pag.
2792 2720 47 38 59
2877 2722 66 34 das
2973 2723 229 34 frankfurter
3224 2722 120 35 Orche-

1846 2791 75 31 ster
1950 2798 46 23 zu
2023 2787 118 33 einem
2171 2784 148 35 wahren
2349 2782 144 36 Heerde
2522 2794 72 22 von
2613 2781 262 46 Conspiration
2907 2782 75 33 und
3012 2784 172 46 Intrigue
3208 2782 157 37 machen

1846 2847 186 45 möchten,
2079 2846 70 34 auf
2185 2845 180 33 welchem
2409 2843 59 33 die
2507 2841 216 46 Mitglieder
2761 2841 196 35 desselben
2999 2842 124 45 gleich
3153 2842 214 36 Macbeths

1846 2906 130 34 Hexen
2007 2906 68 34 den
2103 2904 126 35 Trank
2259 2904 170 43 brauten,
2473 2904 38 33 in
2539 2901 180 36 welchem
2747 2901 121 46 Spohr
2905 2901 70 34 den
3004 2902 79 35 Tod
3113 2904 120 33 seines
3263 2902 78 36 Ruh-

1846 2979 77 22 mes
1952 2967 147 34 trinken
2128 2965 122 35 sollte.
2302 2965 97 33 Herr
2427 2963 188 34 Malibran
2643 2963 66 33 hat
2736 2962 80 34 hier
2844 2962 168 35 offenbar
3041 2962 121 35 durch
3192 2965 60 33 ein
3280 2965 67 34 Ver-

1845 3026 339 47 grösserungsglas
2213 3023 162 48 gesehen
2414 3023 88 35 oder
2538 3023 65 34 hat
2632 3022 80 34 sich
2742 3022 87 35 übel
2857 3022 195 35 berichten
3081 3023 143 43 lassen;
3273 3024 96 35 denn

1845 3099 72 23 von
1947 3088 99 33 einer
2074 3086 151 34 solchen
2254 3083 316 35 Catilinarischen
2598 3081 317 46 Verschwörung,
2961 3093 74 23 von
3069 3082 197 45 geheimen
3295 3083 50 35 Co-

1848 3148 134 41 mite's,
2015 3147 235 44 Complotten
2280 3156 37 22 u.
2349 3154 25 26 s.
2406 3155 45 22 w.
2483 3142 118 47 (siehe
2629 3142 94 46 Pag.
2754 3142 65 44 54)
2848 3142 51 34 ist
2926 3142 72 35 mir
3026 3142 189 36 durchaus
3245 3143 125 36 nichts

1849 3208 167 35 bekannt
2044 3205 210 47 geworden,
2284 3203 76 35 und
2390 3215 75 23 was
2495 3203 58 35 die
2573 3202 266 42 „Nadelstiche
2860 3201 145 36 kleiner
3212 3203 157 47 betrifft,

1849 3279 40 23 so
1919 3269 148 33 können
2098 3266 101 34 diese
2228 3264 219 46 unmöglich
2485 3265 50 32 im
2564 3263 140 35 Stande
2744 3264 91 42 sein,
2878 3263 107 34 einen
3013 3263 354 47 willenskräftigen,

1849 3327 255 46 energischen,
2147 3325 65 35 das
2243 3325 97 35 Gute
2379 3325 78 33 und
2485 3323 202 35 Nützliche
2728 3322 273 35 anstrebenden
3031 3323 222 46 Dirigenten
3295 3335 70 24 aus

1849 3389 121 33 seiner
1999 3388 120 33 festen
2148 3385 176 45 Stellung
2353 3395 48 22 zu
2430 3384 152 34 reissen.
2613 3383 51 34 Es
2693 3382 148 35 werden
2869 3382 82 34 sich
2980 3395 121 34 gegen
3129 3384 81 35 eine
3240 3383 128 36 solche

1848 3449 83 33 eine
1960 3458 119 35 ganze
2107 3445 245 47 Corporation
2382 3443 372 46 compromittirende
2778 3442 319 47 Anschuldigung
3125 3455 69 23 zur
3220 3443 152 36 rechten

1848 3510 82 34 Zeit
1957 3509 115 35 schon
2102 3508 58 35 die
2188 3508 222 45 geeigneten
2438 3505 181 35 Stimmen
2655 3502 181 44 erheben;
2876 3504 61 34 ich
2963 3504 141 33 meines
3133 3503 130 35 Theils
3292 3515 61 24 ver-

1848 3570 127 35 wahre
2003 3569 99 34 mich
2131 3568 191 45 vorläufig
2359 3578 120 34 gegen
2519 3567 81 33 eine
2627 3565 186 45 Anklage,
2860 3565 54 35 sei
2954 3565 54 35 sie
3048 3564 98 34 auch
3189 3563 100 36 noch
3332 3576 42 24 so

1847 3630 159 34 maskirt
2032 3629 181 46 gegeben,
2241 3628 56 34 als
2326 3626 105 35 hätte
2457 3625 61 36 ich
2545 3626 136 44 jemals
2709 3626 38 33 in
2776 3625 101 34 einer
2904 3624 273 46 zweideutigen
3195 3624 180 46 Stellung

1848 3701 47 23 zu
1925 3691 118 33 einem
2071 3690 137 33 Manne
2236 3687 221 47 gestanden,
2495 3687 71 34 den
2603 3686 61 34 ich
2693 3688 92 32 stets
2813 3685 152 34 verehrt
2991 3684 109 46 habe,
3147 3684 96 36 ohne
3271 3685 83 35 dess-

1848 3750 88 35 halb
1964 3750 59 34 ein
2051 3749 254 44 unbedingter
2333 3748 226 45 Spohrianer
2587 3760 47 22 zu
2663 3748 92 35 sein.
2783 3745 86 35 Und
2892 3744 210 46 Folgendes
3122 3748 110 43 möge
3252 3745 121 35 dieses

1848 3810 229 46 bestätigen;
2120 3809 97 34 denn
2258 3819 74 24 von
2360 3807 163 35 alledem
2566 3806 229 45 abgesehen,
2836 3816 42 23 so
2907 3816 77 23 war
3010 3804 61 34 ich
3099 3805 123 35 Herrn
3251 3803 122 47 Spohr

1848 3871 115 35 schon
1990 3870 177 43 bekannt,
2196 3868 67 35 ehe
2289 3867 62 35 ich
2381 3868 78 34 ihm
2490 3867 119 35 durch
2631 3867 124 34 Herrn
2778 3864 194 47 Schnyder
3001 3865 212 46 empfohlen
3232 3863 141 37 wurde.

1848 3931 66 34 Ich
1954 3930 103 35 hatte
2103 3929 117 35 schon
2266 3929 57 34 als
2352 3928 203 35 Studiosus
2596 3928 51 32 im
2687 3926 119 35 Jahre
2837 3925 98 37 1816
2973 3927 40 33 in
3043 3924 227 46 Strassburg
3311 3924 59 37 die

1848 3991 108 44 Ehre,
1983 4002 174 23 unserem
2176 3988 231 45 Altmeister,
2439 3988 65 36 der
2532 3987 144 36 damals
2705 3987 96 36 noch
2830 3988 59 35 ein
2914 3988 140 45 junger
3072 3986 157 36 Meister
3254 3997 97 35 gewe-

1852 4063 64 25 sen
1942 4052 61 42 ist,
2032 4050 61 35 bei
2122 4051 126 34 seinen
2267 4048 204 36 Concerten
2489 4049 156 34 Dienste
2672 4059 49 23 zu
2747 4047 149 39 leisten.
2925 4047 101 34 Mein
3053 4045 145 37 kleines
3222 4045 132 37 Schick-
