3553 4450
1741 233 77 50 26

152 371 185 54 Cadenz
368 372 79 53 des
480 376 404 69 Solo-Quartetts)
928 378 93 50 und
1054 380 47 50 S.
1132 380 114 51 222
1286 380 74 51 die
1398 381 95 50 vier
1533 380 160 67 pracht-

150 454 148 49 vollen
331 454 144 51 Tacte
872 452 236 55 Maestoso
771 458 81 50 mit
884 459 128 49 Chor
1054 460 90 50 und
1177 461 258 50 Orchester
1465 461 162 50 mitten
1656 460 62 51 im

158 531 309 90 pfestissimo
801 545 20 42 !

274 615 102 50 Und
407 615 74 51 bei
522 616 149 51 einem
706 619 206 60 Meister,
956 620 202 50 welcher
1197 638 176 49 ganzen
1406 621 185 50 Massen
1633 639 85 32 von

151 694 368 51 Ausführenden
552 696 86 50 den
664 698 467 52 charakteristischen
1158 700 249 50 Ausdruck
1433 701 148 49 durch
1606 700 112 50 freie

152 774 272 68 Bewegung
462 776 60 50 im
556 779 180 66 Tempo
777 779 222 67 gebietet,
1039 781 130 49 sollte
1209 780 212 51 dasselbe
1451 781 146 51 Mittel
1639 781 79 50 des

150 854 274 49 Ausdrucks
468 856 60 49 im
575 858 477 61 Streich-Quartette,
1097 877 74 33 wo
1224 878 90 32 nur
1356 861 94 50 vier
1480 863 237 48 Personen

150 934 92 48 sich
277 934 205 51 darüber
513 954 53 31 zu
599 939 321 67 verständigen
952 939 172 58 haben,
1154 944 196 63 verpönt
1378 941 130 50 sein?

274 1015 117 48 Eine
431 1015 218 69 wichtige
685 1019 131 49 Notiz
862 1019 118 49 über
1011 1020 303 50 Beethoven's
1346 1020 371 67 Vortragsweise

152 1093 100 66 gibt
287 1112 82 31 uns
401 1095 160 58 Ries,
605 1098 155 49 indem
801 1115 50 32 er
890 1108 124 58 sagt:
1056 1101 172 56 „auch
1275 1101 70 49 im
1393 1100 325 52 Crescendo

152 1173 145 49 hielt
340 1192 58 31 er
443 1176 85 49 oft
901 1180 219 48 Möchten
1153 1179 117 51 doch
1312 1198 49 32 so
1406 1180 196 51 manche
1635 1180 53 50 Di-

151 1254 211 65 rigenten
402 1255 154 51 diesen
603 1258 143 49 Wink
793 1258 229 50 benutzen
1068 1260 92 48 und
1206 1261 236 56 einsehen,
1486 1261 105 49 dass
1634 1260 84 50 der

150 1334 240 49 Eindruck
425 1338 301 49 wachsender
757 1339 158 49 Macht
961 1339 91 49 und
1088 1340 136 50 Kraft
1261 1340 146 51 durch
1439 1343 133 48 Eilen
1618 1358 73 33 ver-

151 1413 185 50 hindert
363 1415 91 50 und
480 1418 311 63 geschwächt,
816 1418 146 50 durch
990 1420 313 50 Maasshalten
1329 1421 92 50 und
1445 1438 272 49 gemessene

151 1494 171 57 Breite,
368 1495 72 50 die
484 1498 111 48 eher
637 1501 177 63 zögert,
858 1500 65 48 als
967 1500 93 57 eilt,
1105 1501 200 49 erreicht
1350 1503 91 47 und
1489 1501 228 49 verstärkt

150 1573 139 49 wird!
334 1576 89 49 Am
456 1575 433 70 überzeugendsten
920 1580 122 48 stellt
1072 1580 94 48 sich
1199 1580 81 50 das
1312 1580 71 51 bei
1416 1580 84 50 der
1531 1580 182 50 fünften

147 1653 207 50 Sinlonie
400 1655 188 59 heraus,
638 1674 134 32 wenn
802 1677 35 30 z.
868 1659 50 48 B.
953 1658 80 49 das
1078 1677 143 48 ganze
1266 1660 128 50 Coda
1436 1660 80 50 des
1559 1668 153 42 ersten

146 1733 158 49 Satzes
330 1750 84 33 von
437 1735 45 48 S.
509 1735 70 51 37
608 1736 67 50 bis
699 1735 73 53 43
807 1736 160 68 (ältere
999 1740 202 48 Partitur
1235 1757 84 33 von
1355 1740 245 66 Breitkopf
1619 1739 91 51 und

148 1813 181 67 Härtel)
374 1815 168 50 immer
583 1818 238 66 kräftiger,
862 1818 113 49 aber
1005 1819 119 48 auch
1155 1820 167 48 immer
1360 1819 354 51 entschiedener

148 1893 285 67 rhythmisch
467 1914 243 48 gemessen
755 1898 93 49 und
895 1915 84 32 von
1025 1898 104 51 dem
1163 1896 270 69 fortissimo
1463 1902 47 48 S.
1540 1900 73 50 40
1654 1918 58 32 an

146 1980 146 42 etwas
316 1975 274 65 gehaltener
607 1994 280 50 genommen
908 1978 132 57 wird,
1064 1997 48 30 so
1138 1980 104 49 dass
1266 1980 72 49 die
1365 1980 165 50 beiden
1557 1980 156 50 Chöre

147 2051 84 50 der
260 2054 157 49 Bläser
449 2056 93 49 und
575 2058 171 64 Geiger
776 2058 94 49 sich
910 2059 129 48 recht
1070 2059 178 50 schroff
1282 2060 223 50 einander
1538 2078 143 47 gegen-

147 2131 118 50 über
307 2135 255 60 markiren,
607 2154 95 32 was
745 2136 145 50 durch
937 2138 71 49 ein
1054 2139 200 50 eilendes
1285 2140 180 66 Tempo
1497 2140 124 50 nicht
1656 2158 53 31 zu

146 2213 242 50 erreichen
420 2215 70 50 ist.
612 2218 136 48 Eben
778 2234 51 32 so
859 2218 177 49 verhält
1065 2236 47 31 es
1141 2220 93 49 sich
1268 2220 80 49 mit
1379 2220 86 49 den
1498 2220 210 49 vierzehn

146 2290 174 51 Tacten
353 2310 78 33 vor
462 2295 105 50 dem
598 2296 216 50 Schlüsse
844 2296 79 49 des
953 2305 153 41 ersten
1138 2299 184 48 Theiles
1355 2299 78 48 des
1468 2299 214 50 Final-Al-

147 2371 185 65 legro's,
378 2392 73 31 wo
495 2375 72 48 die
603 2376 182 50 Wucht
821 2375 83 50 der
948 2378 146 48 vollen
1127 2378 213 49 Accorde
1384 2379 43 48 in
1460 2379 87 48 den
1581 2379 102 50 Blas-

144 2451 348 52 instrumenten
536 2455 92 50 und
669 2457 71 49 die
781 2457 331 50 erforderliche
1144 2459 133 50 Kraft
1318 2459 43 48 in
1402 2459 86 50 den
1522 2459 187 50 Achtel-

146 2531 226 68 Figuren,
416 2534 73 51 die
528 2537 118 48 noch
687 2537 117 50 dazu
844 2537 81 49 mit
953 2538 205 51 staccato
1188 2538 91 51 und
1310 2535 140 73 ligato
1480 2539 229 50 wechseln

146 2617 203 57 müssen,

148 2980 71 49 bei
251 2980 106 51 dem
390 2996 181 55 sempre
589 2980 95 72 piü
701 2984 134 66 forte
871 3003 86 48 gar
995 2985 127 49 nicht
1152 3004 53 30 zu
1234 2986 194 50 erzielen
1460 2986 71 60 ist,
1576 3005 133 32 wenn

144 3060 91 49 den
264 3062 348 50 Instrumenten
642 3064 126 49 nicht
797 3064 73 50 die
901 3066 226 66 gehörige
1149 3066 100 50 Zeit
1279 3084 101 32 zum
1413 3067 145 50 vollen
1585 3069 93 48 Ton-

144 3141 153 67 geben
329 3142 208 66 gelassen
570 3142 135 64 wird,
753 3145 222 51 während
1014 3146 101 50 eine
1158 3146 331 66 gleichförmig
1529 3152 150 61 gemäs-

143 3222 117 65 sigte
292 3222 274 68 Bewegung
605 3222 88 51 den
740 3226 262 66 mächtigen
1031 3226 239 50 Eindruck
1304 3226 81 51 der
1423 3229 286 48 Tonmassen

143 3319 55 32 zu
228 3302 151 50 einem
404 3304 220 66 gewaltig
652 3305 356 66 imponirenden
1040 3306 170 50 macht.
1296 3306 267 51 Denselben
1588 3309 91 48 Vor-

143 3389 108 58 trag
282 3381 176 50 fordert
486 3382 142 50 schon
659 3384 46 48 in
736 3384 83 50 der
847 3385 192 49 zweiten
1069 3385 207 49 Sinfonie
1306 3385 83 49 der
1413 3386 188 50 Schluss
1632 3387 78 50 des

146 3469 152 42 ersten
329 3461 184 51 Theiles
543 3462 79 50 des
650 3464 193 67 Allegro
873 3462 66 69 (S.
971 3464 97 67 23)
1110 3465 81 49 mit
1230 3465 88 49 den
1515 3484 57 32 au
1580 3466 19 48 f
1623 3467 86 50 den

144 3542 266 50 schlechten
442 3542 246 64 Tacttheil,
729 3545 94 49 und
865 3545 81 51 das
978 3545 130 51 Coda
1148 3545 241 51 desselben
1431 3547 157 50 Satzes
1630 3565 53 33 na-

148 3622 217 49 mentlich
398 3639 87 33 von
514 3624 47 48 S.
595 3622 73 52 54
698 3640 85 33 an:

269 4043 110 51 Wir
428 4044 146 66 fügen
618 4045 121 50 noch
781 4063 82 33 aus
903 4047 265 50 Weber's
1218 4048 297 51 Ouvertüren
1558 4049 154 55 hinzu,

150 4121 105 50 dass
292 4123 45 49 in
377 4124 84 50 der
492 4125 564 52 Freischütz-Ouverture
1098 4128 45 49 in
1187 4128 155 49 Berlin
1386 4129 117 51 nach
1549 4128 163 51 dessen

146 4203 214 66 eigenem
395 4203 266 71 Verlangen
705 4205 73 51 die
821 4207 141 50 Stelle
1007 4208 61 49 im
1456 4210 61 49 im

146 4283 150 51 vollen
326 4283 240 53 Accorde:

1820 586 61 51 im
1925 588 588 68 zurückgehaltenen
2556 595 181 67 Tempo
2768 597 193 66 gespielt
2993 597 180 60 wurde,
3223 601 91 48 und
3346 602 43 49 in

1821 667 82 50 der
1931 668 496 54 Oberon-Ouverture
2448 672 74 51 die
2546 675 142 49 Stelle
2719 692 80 32 vor
2822 676 83 51 der
2932 677 457 55 Wiederaufnahme

1821 747 80 50 des
1931 757 153 42 ersten
2117 751 185 51 Theiles
2343 751 242 68 (ebenfalls
2616 755 244 52 crescendo
2899 757 92 51 und
3036 759 45 50 in
3119 761 147 50 vollen
3299 764 60 47 Ac-

1821 827 218 69 corden):

1818 1179 118 51 eben
1967 1198 49 33 so
2047 1189 311 60 vorgetragen
2390 1183 189 50 werden
2613 1184 139 60 kann,
2786 1185 86 50 wie
2903 1187 63 48 sie
2998 1188 118 48 auch
3151 1190 203 50 Mendels-

1817 1261 116 49 sohn
1967 1263 258 49 ausführen
2258 1263 119 58 liess,
2408 1263 105 49 dem
2540 1282 106 33 man
2672 1265 125 51 nicht
2827 1268 257 49 vorwerfen
3110 1268 140 59 kann,
3281 1270 103 51 dass

1820 1358 50 30 er
1898 1341 428 66 zurückgehaltene
2359 1344 164 67 Tempi
2554 1344 153 50 liebte.

1940 1421 198 50 Manche
2170 1439 85 32 von
2286 1439 200 33 unseren
2510 1424 176 51 Lesern
2720 1425 188 51 werden
2940 1427 123 49 diese
3090 1429 268 51 Hinweisun-

1817 1518 89 48 gen
1940 1503 84 47 auf
2057 1501 88 50 den
2179 1503 204 66 Vortrag
2425 1521 87 33 von
2543 1505 453 51 Orchesterwerken
3037 1509 225 50 vielleicht
3307 1512 78 48 für

1817 1580 103 50 eine
1962 1581 369 68 Abschweifung
2375 1601 83 33 von
2504 1602 216 33 unserem
2750 1587 127 49 Ziele
2921 1587 175 54 halten,
3140 1589 135 50 allein
3319 1592 66 48 sie

1814 1660 177 48 scheint
2021 1678 84 32 uns
2137 1661 132 50 keine
2301 1681 52 30 zu
2378 1664 121 57 «ein,
2529 1665 122 56 weil,
2697 1682 133 33 wenn
2871 1683 106 33 man
3022 1668 211 57 erkennt,
3279 1669 104 50 dass

1818 1740 203 48 Freiheit
2046 1740 81 50 der
2152 1743 273 66 Bewegung
2457 1743 126 49 nicht
2611 1761 90 33 nur
2731 1745 72 50 bei
2827 1745 423 69 Solo-Vorträgen,
3274 1767 78 32 son-

1814 1819 112 49 dern
1959 1822 118 48 auch
2113 1822 69 49 bei
2215 1823 82 48 der
2321 1824 315 66 Ausführung
2668 1842 85 33 von
2777 1825 266 51 Sinfonieen
3077 1829 91 47 und
3195 1829 152 50 Ouver-

1813 1907 136 42 türen
1981 1902 250 49 herrschen
2265 1921 141 39 muss,
2438 1921 107 33 man
2578 1905 268 66 unmöglich
2876 1924 57 31 an
2966 1908 103 48 dem
3106 1908 269 52 Vorurtheil

1814 1979 157 50 haften
2004 1980 183 50 bleiben
2221 1982 140 57 kann,
2392 1983 103 49 dass
2527 1984 203 50 dieselbe
2759 1985 60 49 im
2847 1987 337 67 Quartettspiel
3215 1989 135 66 aufge-

1816 2059 152 50 hoben
2002 2060 188 50 werden
2223 2065 167 46 müsse.
2449 2062 103 50 Und
2594 2063 268 68 behaupten
2895 2067 184 55 wollen,
3124 2067 103 49 dass
3257 2086 47 31 es
3333 2069 45 50 in

1813 2139 88 50 den
1934 2140 302 60 Quartetten,
2279 2142 74 49 die
2397 2144 146 47 nichts
2575 2144 212 50 Anderes
2825 2147 98 47 sind
2969 2149 65 46 als
3063 2149 206 48 Sonaten
3302 2150 78 49 für

1813 2219 93 48 vier
1936 2220 332 57 Instrumente,
2300 2223 132 48 keine
2462 2224 172 48 Stellen
2667 2224 137 65 gebe,
2833 2225 72 50 die
2935 2227 124 49 eines
3091 2227 141 50 freien
3258 2228 90 51 Vor-

1813 2305 126 59 trags
1971 2299 264 58 bedürften,
2268 2302 146 49 hiesse
2444 2302 73 49 die
2546 2303 151 48 Musik
2729 2304 269 67 überhaupt
3029 2308 294 65 verläugnen.

1934 2379 115 48 Dass
2086 2379 82 50 das
2621 2379 173 70 Tempo
3031 2380 165 51 rubato
2626 2382 179 50 überall
2853 2384 91 50 und
2989 2387 226 49 vielleicht
3257 2389 118 48 noch

1813 2458 112 48 eher
1954 2459 60 48 im
2048 2459 266 60 Quartette,
2347 2463 63 47 als
2439 2462 61 48 im
2532 2463 128 58 Solo,
2691 2463 146 49 durch
2872 2464 169 51 falsche
3069 2467 308 67 Behandlung

1814 2539 347 65 unangenehm,
2198 2539 66 67 ja,
2307 2558 54 31 zu
2406 2540 127 50 einer
2578 2542 315 58 widerlichen,
2946 2544 103 50 dem
3097 2547 154 49 Geiste
3294 2547 84 49 der

1813 2618 318 66 Composition
2165 2620 466 66 widersprechenden
2656 2624 181 48 Manier
2864 2625 185 49 werden
3084 2627 169 58 könne,
3278 2644 99 33 wer

1813 2698 132 48 weiss
1977 2697 80 49 das
2088 2699 142 57 nicht,
2274 2700 93 49 und
2400 2718 96 32 wer
2527 2702 155 49 wollte
2720 2703 182 49 solcher
2935 2704 330 51 Verkehrtheit
3294 2708 81 48 das

1813 2777 146 50 Wort
1990 2778 175 49 reden?
2197 2780 71 47 Da
2298 2780 252 50 verweisen
2576 2782 86 47 wir
2686 2782 172 48 wieder
2883 2784 83 48 auf
2985 2785 83 49 Ph.
3095 2785 103 50 Em.
3225 2787 149 49 Bach:

1823 2858 91 56 „Es
1943 2858 169 66 gehört
2138 2877 82 30 zur
2262 2860 226 66 richtigen
2521 2862 313 66 Ausführung
2866 2863 145 51 dieses
3044 2865 216 68 Tempo's
3290 2868 84 50 viel

1813 2937 328 50 Urtbeilskraft
2171 2938 92 49 und
2296 2957 115 47 ganz
2443 2939 253 50 besonders
2720 2940 81 50 viel
2830 2943 343 67 Empfindung:
3205 2945 169 50 anders

1811 3014 117 51 wird
1972 3017 72 48 bei
2086 3018 113 49 aller
2230 3019 145 48 Mühe
2413 3019 147 50 nichts
2589 3022 200 48 Rechtes
2827 3024 313 64 ausgerichtet
3184 3025 189 51 werden

2109 3098 363 51 Verführerisch
2513 3100 79 49 für
2632 3102 456 50 unkünsllerischere
3128 3104 114 50 oder
3283 3123 85 49 gar

1810 3175 140 50 schon
1983 3193 56 32 an
2071 3177 201 49 Ziererei
2305 3178 94 49 und
2430 3179 197 50 falscher
2656 3182 392 50 Sentimentalität
3087 3184 287 51 kränkelnde

1812 3257 207 48 Musiker
2062 3257 56 48 ist
2161 3257 80 49 das
2293 3258 169 70 Tempo
2503 3259 165 51 rubaio
2710 3262 249 63 allerdings
3012 3264 92 48 und
3159 3282 47 32 es
3251 3265 121 50 kann

1811 3337 155 48 solche
2008 3337 246 49 schwache
2284 3339 211 50 Naturen
2538 3358 82 31 zur
2653 3340 435 69 Verweichlichung
3130 3344 93 48 und
3257 3346 87 49 Ver-

1811 3414 292 66 süsslichung
2146 3417 81 48 der
2265 3417 356 67 kerngesunden
2653 3420 332 66 Schöpfungen
3018 3439 193 34 unserer
3241 3441 100 48 gros-

1810 3512 79 32 sen
1916 3495 187 50 Meister
2127 3497 234 50 verleiten.
2396 3498 97 51 Wo
2518 3499 131 57 aber,
2683 3500 84 49 wie
2800 3500 71 50 bei
2904 3503 87 48 den
3025 3503 347 52 Gebrüdern

1812 3574 235 59 Müller,
2084 3574 87 51 den
2203 3577 175 49 älteren
2410 3578 92 48 und
2527 3578 253 67 jüngeren,
2810 3580 150 50 neben
2993 3582 147 49 einem
3173 3583 199 51 frischen

1812 3653 94 51 und
1958 3653 227 68 kräftigen
2232 3657 231 49 tonvollen
2518 3659 359 66 Herausspielen
2930 3660 78 50 des
3058 3663 174 48 Inhalts
3289 3663 84 51 der

1816 3734 180 51 Werke
2033 3735 118 50 nach
2195 3737 148 48 ihrem
2377 3737 335 67 jedesmaligen
2747 3740 260 50 Charakter
3036 3743 101 48 eine
3168 3748 177 46 verstän-

1812 3813 105 66 dige
1950 3815 313 66 Anwendung
2293 3815 83 50 der
2406 3817 301 50 Tactfreiheit
2744 3819 114 56 tritt,
2903 3819 58 50 da
3004 3822 237 49 erkennen
3286 3823 86 48 wir

1811 3893 44 49 in
1887 3893 151 49 dieser
2066 3894 132 50 einen
2240 3913 190 48 grossen
2462 3897 188 67 Vorzug
2695 3898 78 49 des
2801 3899 148 65 Spiels
2993 3902 90 48 und
3129 3903 72 48 ein
3246 3903 126 51 nicht

1812 3972 122 50 bloss
1964 3974 275 59 rathsames,
2268 3975 201 51 sondern
2502 3978 353 67 notwendiges
2884 3981 145 48 Mittel
3067 3982 78 48 des
3181 3982 165 51 ästheti-

1810 4053 139 49 schen
1982 4053 241 68 Vortrags.
2283 4055 155 51 Ueber
2467 4055 74 51 die
2571 4058 313 67 Ausführung
2914 4059 78 50 des
3022 4061 273 60 Quartettes
3323 4063 45 50 in

1820 4132 172 50 B-dur
2011 4132 230 68 (Allegro,
2272 4129 23 33 4
2298 4132 211 72 /4-Tact)
2547 4153 84 33 von
2665 4138 165 67 Haydn
2870 4139 145 49 durch
3049 4139 72 50 die
3159 4158 178 49 genann-

1812 4219 75 41 ten
1929 4213 221 49 Künstler
2190 4214 183 50 schrieb
2419 4232 83 33 uns
2545 4218 56 48 A.
2640 4217 244 51 Schindler
2926 4227 137 41 unter
3100 4222 268 49 Anderem:

1825 4293 124 57 „Der
1988 4301 121 41 erste
2138 4294 104 50 Satz
2283 4295 208 49 erschien
2532 4297 43 48 in
2611 4297 143 65 Folge
2799 4298 241 51 mehrerer
3069 4316 74 34 am
3176 4301 190 50 rechten
