3553 4450
1760 240 72 51 32

180 385 140 50 merkt,
370 386 112 37 nicht
522 385 224 38 verhindert
786 385 78 47 hat,
912 386 88 37 dass
1046 386 65 38 bei
1155 386 128 37 Herrn
1312 385 437 46 Hüttenbrenner,

181 449 103 36 auch
327 450 127 35 einem
501 449 131 47 „alten
926 449 61 36 die
1026 449 126 38 Oefen
1195 451 72 35 mit
1309 449 442 49 Opern-Manuscripten

181 510 226 38 Schubert's
434 512 155 48 geheizt
618 512 170 36 wurden.
844 512 108 35 Zwei
974 512 127 47 junge
1129 513 179 47 Männer,
1354 512 74 43 die,
1472 509 57 37 als
1560 509 192 37 Schubert

181 574 116 46 starb,
325 574 117 35 kaum
471 573 172 48 geboren
672 585 142 34 waren,
843 572 408 49 Hellmesberger
1277 571 80 36 und
1385 571 132 37 Herb
1531 570 109 46 eck,
1683 570 45 36 ha-

178 635 78 38 ben
283 637 62 35 für
374 635 73 36 den
476 635 128 36 Ruhm
633 634 66 36 des
728 635 181 36 Meisters
938 634 111 36 mehr
1077 634 156 48 gethan,
1277 632 56 36 als
1376 632 75 36 alle
1482 633 108 36 seine
1623 632 125 48 „alten

449 697 85 37 Wir
560 696 144 44 hoffen,
735 695 88 37 dass
853 696 61 36 die
945 696 205 35 Direction
1181 695 67 36 der
1277 694 262 37 Gesellschaft
1568 693 67 36 der
1663 693 58 35 Mu-

179 760 225 37 sikfreunde
432 761 42 34 in
501 760 186 47 richtiger
715 759 217 47 Erfassung
959 758 104 35 ihrer
1091 757 181 49 Aufgabe
1306 757 63 35 für
1397 757 63 35 die
1488 755 262 47 Verbreitung

181 823 66 36 der
270 823 103 36 noch
401 821 279 38 unbekannten
710 819 328 39 Sehubert'schen
1067 818 144 39 Werke
1247 820 40 34 in
1333 818 211 48 möglichst
1569 816 181 38 liberaler

181 886 133 37 Weise
343 896 142 38 sorgen
515 884 139 38 werde.
1355 880 78 49 (W.
1463 879 180 49 Recens.)

287 1051 178 49 Prag;
499 1049 60 39 17.
590 1051 164 36 Januar.
785 1050 75 36 Die
888 1049 228 38 böhmische
1139 1049 138 37 Bühne
1305 1049 160 38 brachte
1495 1049 85 37 eine
1601 1049 149 48 Opern-

181 1115 160 36 Novität
383 1126 77 24 von
505 1114 247 35 Smetana:
786 1112 101 47 „Die
913 1111 328 49 Brandenburger
1267 1113 41 35 in
1583 1112 60 35 die
1687 1112 62 34 ein

181 1176 90 37 sehr
299 1175 217 37 dankbares
545 1173 207 37 Publicum
780 1174 104 37 fand.
915 1174 195 45 Smetana,
1140 1175 62 35 ein
1232 1174 161 48 Böhme,
1422 1174 67 35 bat
1518 1174 105 35 diese
1651 1172 100 48 Oper

180 1240 62 34 für
272 1240 83 35 sein
376 1237 176 37 national
578 1236 334 48 gleichgesinntes
931 1237 207 35 Publicum
1162 1236 268 49 geschrieben,
1459 1248 80 24 war
1564 1236 187 47 gewisser

181 1303 181 35 Maassen
394 1303 62 34 ein
486 1301 356 47 Kunst-Martyrer,
870 1300 130 35 indem
1030 1312 41 24 er
1100 1302 85 34 eine
1213 1301 219 47 gesicherte
1462 1298 179 48 Stellung
1669 1298 62 35 auf-

180 1365 90 48 gab,
299 1378 65 23 um
395 1366 104 35 diese
529 1364 104 47 Oper
661 1362 84 35 hier
774 1374 68 23 zur
872 1362 248 49 Aufführung
1150 1375 47 23 zu
1226 1363 176 48 bringen,
1433 1373 110 24 wozu
1574 1373 42 24 es
1645 1362 107 35 einer

179 1427 91 36 sehr
296 1437 210 38 geraumen
536 1426 84 35 Zeit
647 1424 193 37 bedurfte.
870 1425 57 34 Zu
951 1425 107 36 einer
1079 1425 255 36 böhmischen
1360 1425 103 47 Oper
1483 1423 140 49 gehört
1644 1423 105 36 wohl

179 1490 122 46 mehr,
348 1490 57 36 als
451 1490 61 35 die
559 1486 215 49 Handlung
816 1488 69 34 auf
922 1486 269 38 böhmischem
1234 1488 135 35 Boden
1415 1487 39 34 in
1498 1486 252 36 czechischer

181 1554 173 47 Sprache
383 1552 149 49 spielen
580 1562 49 24 zu
668 1549 132 38 lassen
843 1549 80 36 und
963 1549 60 36 ihr
1065 1550 85 36 eine
1181 1549 232 36 historische
1445 1548 226 46 Grundlage
1702 1559 48 23 zu

180 1615 138 48 geben.
375 1615 80 35 Der
486 1612 229 49 Componist
745 1611 205 37 versuchte
981 1612 113 45 auch,
1126 1612 128 47 einige
1284 1611 211 36 Nummern
1523 1611 40 34 in
1594 1609 61 36 ein
1684 1621 45 23 na-

181 1675 440 39 tional-musicalisches
653 1674 174 36 Gewand
866 1686 47 23 zu
957 1674 167 45 kleiden,
1167 1675 51 34 im
1251 1674 156 36 Ganzen
1439 1672 92 37 aber
1558 1670 194 49 verfolgte

182 1752 41 24 er
251 1740 61 36 die
341 1739 207 48 allgemein
579 1747 306 37 angenommene
913 1742 161 31 neueste
1094 1736 212 47 Richtung.
1337 1736 98 35 Dem
1458 1736 150 47 jungen
1637 1734 87 36 Com-

180 1804 179 47 ponisten
390 1803 52 35 ist
469 1800 248 46 keineswegs
748 1799 97 36 eben
874 1811 42 24 so
947 1800 86 35 eine
1061 1799 229 47 glückliche
1319 1797 337 47 Erfindungsgabe
1687 1795 44 35 ab-

181 1865 235 47 zuläugnen,
463 1863 73 35 wie
580 1874 41 23 er
661 1861 218 48 überhaupt
907 1862 62 34 ein
999 1861 295 36 musicalisches
1325 1859 141 36 Talent
1508 1860 154 43 besitzt,
1706 1856 47 35 da

182 1927 84 37 sich
294 1927 41 34 in
365 1925 145 36 diesem
540 1924 147 35 seinem
719 1922 144 36 Werke
905 1934 41 25 so
984 1922 164 36 manche
1179 1922 262 36 Schönheiten
1473 1919 279 45 herausheben,

181 1988 209 37 Manchem
418 1986 99 36 fehlt
545 1985 172 47 dagegen
749 1984 67 36 das
841 1984 398 45 Charakteristische;
1270 1984 98 36 auch
1390 1984 176 35 könnten
1588 1983 61 35 die
1669 1982 63 34 lan-

179 2063 77 37 gen
285 2050 211 37 Präludien
539 2048 80 35 und
648 2046 215 37 Ritornelle
901 2048 108 34 einer
1046 2046 332 48 zweckmässigen
1408 2046 243 47 Abkürzung
1681 2056 48 23 un-

180 2120 185 42 terzogen
409 2112 167 36 werden.
633 2110 82 35 Das
743 2109 175 37 Libretto
948 2109 98 36 lässt
1074 2109 78 35 viel
1180 2121 46 23 zu
1259 2109 210 36 wünschen
1498 2107 127 46 übrig*
1677 2108 76 34 Die

180 2175 339 50 Haupthandlung
547 2171 155 39 besteht
728 2172 42 35 in
800 2172 85 35 dem
917 2171 151 47 ewigen
1086 2171 216 36 Entführen
1326 2170 80 36 und
1429 2169 324 48 Wiederbringen

183 2240 66 36 der
278 2240 82 36 drei
391 2237 173 37 Töchter
593 2236 66 36 des
689 2235 338 48 Bürgermeisters,
1072 2234 80 35 und
1183 2234 86 35 sind
1300 2232 73 37 alle
1402 2234 214 34 Personen«
1633 2232 120 35 durch

183 2303 61 36 die
272 2301 113 37 Bank
416 2312 50 24 zu
496 2297 223 50 episodisch
754 2297 196 48 gehalten.
999 2297 75 34 Die
1103 2295 249 47 Aufführung
1381 2306 78 24 war
1486 2295 88 35 eine
1603 2299 149 31 exaete.

181 2367 82 34 Der
291 2369 158 32 äussere
479 2361 138 47 Erfolg
645 2371 81 25 war
763 2361 63 34 für
867 2359 73 36 den
975 2360 84 36 sein
1091 2358 120 36 Werk
1239 2357 222 49 persönlich
1491 2357 261 48 dirigirenden

183 2427 280 48 Componisten
493 2425 63 35 ein
586 2422 89 37 sehr
704 2420 376 38 schmeichelhafter.
1132 2422 51 34 Er
1214 2420 129 35 wurde
1373 2421 101 34 nach
1496 2420 131 46 jedem
1654 2421 98 34 Acte

180 2489 164 46 gerufen
373 2486 80 37 und
481 2484 94 37 fand
604 2484 64 37 bei
697 2483 67 36 der
792 2495 48 24 zu
870 2484 146 35 seinem
1045 2483 156 36 Benefiz
1232 2482 99 35 Statt
1372 2481 193 47 gehabten
1611 2482 141 35 dritten

179 2549 255 48 Vorstellung
463 2549 113 35 einen
605 2545 283 47 Lorberkranz,
919 2546 69 35 mit
1016 2544 226 36 nationalen
1273 2543 180 36 Bändern
1482 2543 269 48 geschmückt,

183 2611 69 35 auf
278 2610 85 36 dem
393 2606 357 51 Dirigentenpulte.

287 2693 81 35 Der
391 2689 331 39 Concertmeister
741 2688 102 37 Herr
873 2688 129 38 Grün
1031 2698 78 25 von
1138 2688 228 43 Hannover,
1396 2686 180 46 welcher,
1608 2687 73 36 wie
1712 2699 40 24 es

181 2754 134 49 heisst,
345 2755 61 36 die
435 2752 360 38 Violin-Professur
824 2762 62 24 am
914 2751 178 47 hiesigen
1113 2750 345 36 Conservatorium
1480 2761 49 24 an
1549 2749 201 36 Mildner's

181 2817 122 36 Stelle
332 2818 167 47 aspirirt,
544 2815 95 35 hielt
680 2815 52 33 im
776 2813 214 37 deutschen
1021 2814 169 34 Theater
1235 2814 114 34 einen
1394 2813 357 47 Concert-Vortrag

183 2878 183 43 (D-moll-
372 2879 169 37 Concert
571 2889 77 24 von
679 2876 125 48 Spohr
849 2876 80 35 und
955 2875 162 36 Ballade
1155 2875 79 35 und
1261 2872 211 38 Polonaise
1500 2886 77 23 von
1606 2875 120 35 Vieux-

181 2943 156 48 temps).
367 2942 92 37 Sein
483 2940 107 49 Spiel
609 2940 50 36 ist
681 2938 104 37 wohl
814 2938 88 37 sehr
929 2938 93 45 fein,
1053 2938 91 36 aber
1173 2950 77 23 von
1281 2938 127 47 wenig
1430 2938 155 35 Wärme
1612 2938 117 35 durch-

183 3004 166 46 haucht;
394 3003 102 37 beim
527 3013 161 38 grossen
717 2999 208 38 Publicum
955 2999 92 37 fand
1077 3012 41 24 er
1144 2999 142 37 keinen
1319 2998 429 52 aussergewöhnlichen

183 3064 198 50 Anklang.

289 3231 195 51 Wien,
517 3229 61 41 16.
609 3233 165 36 Januar.
816 3232 103 35 Herr
946 3231 145 36 Ernst
1119 3231 158 36 Pauer
1306 3230 138 48 spielte
1472 3230 176 47 Sonntag
1676 3229 71 35 den

185 3294 61 40 14.
277 3295 36 37 d.
341 3297 91 37 Mts.
459 3295 160 48 Mittags
660 3295 64 36 bei
766 3293 74 37 den
870 3293 369 37 Philharmonikern
1281 3293 80 35 und
1390 3292 268 47 Nachmittags
1687 3291 63 37 bei

183 3358 330 50 Hellmesberger,
555 3358 86 36 dort
682 3357 68 36 das
785 3354 334 39 Beethoven'sche
1555 3353 85 36 hier
1680 3354 68 35 das

182 3420 337 39 Beethoven'sehe
550 3418 278 39 Geister-Trio.
860 3417 48 49 (?)
956 3418 144 36 Seinen
1129 3417 352 49 ausgezeichneten
1509 3417 239 47 Leistungen

183 3484 132 37 wurde
345 3495 47 25 an
421 3483 139 38 beiden
590 3482 120 36 Orten
740 3481 60 36 die
829 3480 143 38 vollste
1000 3480 232 48 Beachtung
1267 3480 79 35 und
1376 3478 295 47 Anerkennung
1701 3491 47 23 zu

185 3546 124 37 Theil.
340 3547 74 36 Die
441 3546 41 36 in
512 3544 221 38 demselben
762 3544 191 36 Concerte
982 3544 41 34 in
1044 3544 115 36 Wien
1188 3554 90 24 zum
1307 3546 128 31 ersten
1455 3541 104 37 Male
1587 3541 162 48 gehörte

185 3607 333 40 -4-dur-Sinfonie
564 3605 116 38 Karl
723 3603 317 47 Reinecke's,
1082 3605 67 36 der
1174 3615 180 25 unserem
1383 3603 208 37 Publicum
1619 3603 132 37 bisher

185 3685 76 24 nur
289 3684 68 25 aus
386 3673 128 34 seiner
542 3669 206 37 reizenden
776 3667 244 49 Paraphrase
1049 3667 67 36 der
1136 3666 272 47 Erscheinung
1437 3666 66 36 der
1524 3665 226 48 Alpen-Fee

187 3746 71 24 aus
287 3731 259 39 Schumann's
592 3730 333 37 Manfred-Musik
970 3729 173 38 bekannt
1184 3741 91 32 war,
1321 3729 50 36 ist
1411 3728 101 36 auch
1555 3729 86 35 eine
1679 3728 73 36 Art

185 3796 255 48 Paraphrase,
487 3794 170 37 welcher
698 3791 337 39 Schumann'sche
1066 3791 227 45 Gedanken,
1337 3788 280 50 Wagner'sche
1651 3791 75 34 Har-

186 3859 380 47 moniewendungen
586 3856 82 36 und
685 3853 262 38 Berlioz'sche
970 3852 518 38 Instrumentationsweisen
1510 3864 69 23 zur
1599 3852 127 36 Grund-

186 3922 89 49 lage
305 3921 151 45 dienen,
500 3918 208 50 geschickt
737 3918 208 47 compilirt,
976 3916 182 49 gewandt
1201 3914 78 37 und
1320 3914 121 36 frisch
1482 3918 270 44 vorgetragen.

187 3986 54 36 Es
268 3984 133 37 finden
428 3984 84 37 sich
539 3982 165 37 manche
732 3982 110 35 recht
869 3981 258 35 interessante
1157 3977 160 46 Stellen,
1347 3976 129 37 zumal
1503 3977 52 35 im
1586 3976 167 36 Scherzo

188 4047 82 37 und
297 4059 124 37 gegen
452 4046 73 36 den
554 4045 161 36 Schluss
745 4043 66 37 des
839 4040 151 39 Finale.
1030 4041 51 36 Es
1110 4041 51 35 ist
1190 4041 86 35 eine
1307 4040 146 43 Arbeit,
1482 4038 61 36 die
1571 4038 53 35 im
1654 4040 75 34 Hin-

188 4108 132 39 blicke
348 4111 70 35 auf
443 4109 62 37 die
532 4109 140 36 Mache
701 4107 77 35 alle
806 4106 186 47 Achtung
1018 4104 189 45 verdient,
1237 4102 62 37 die
1326 4102 61 37 ihr
1415 4102 101 37 denn
1545 4102 101 35 auch
1674 4114 78 25 von

188 4172 111 36 Seite
325 4173 68 35 der
420 4170 305 38 Zuhörerschaft
753 4181 49 27 zu
830 4168 116 37 Theil
973 4167 146 38 wurde.

1958 381 75 37 Am
2064 381 177 50 Samstag
2271 381 72 37 den
2378 378 61 42 13.
2470 382 153 37 Januar
2650 381 246 38 überreichte
2924 382 54 36 im
3005 383 148 37 Namen
3184 383 67 37 des
3279 382 117 38 akade-

1849 444 175 37 mischen
2059 445 256 36 Lesevereins
2343 445 40 34 in
2412 444 115 36 Wien
2564 445 87 36 eine
2681 446 241 47 Deputation
2952 445 205 37 desselben
3187 447 85 36 dem
3298 447 97 36 Dich-

1848 510 60 32 ter
1950 507 311 48 Grillparzer
2298 517 48 25 zu
2375 505 137 37 dessen
2541 506 472 48 fünfundsiebenzigstem
3043 507 259 49 Geburtstage
3332 509 86 37 eine

1849 568 454 48 Huldigungs-Adresse,
2334 568 62 36 die
2426 568 66 36 der
2522 569 195 37 Gefeierte
2746 569 40 35 in
2816 569 231 48 geistvoller
3074 569 80 37 und
3183 570 236 38 erhebender

1850 630 131 36 Weise
2012 630 238 36 erwiederte.

2226 3777 73 51 pie

1851 3840 191 36 erscheint
2073 3839 117 47 jeden
2232 3840 176 47 Samstag
2449 3841 41 33 in
2534 3841 126 34 einem
2703 3852 150 35 ganzen
2888 3840 134 46 Bogen
3067 3840 69 34 mit
3171 3836 247 48 zwanglosen

1852 3892 199 48 Beilagen.
2084 3913 47 4 —
2161 3893 79 33 Der
2263 3892 393 47 Abonnementspreis
2677 3892 153 47 beträgt
2863 3893 61 34 für
2955 3892 66 35 das
3042 3890 192 46 Halbjahr
3262 3887 23 37 2
3302 3889 117 44 Thlr.,

1851 3946 62 36 bei
1942 3946 73 34 den
2037 3946 48 34 K.
2115 3955 145 36 preuss.
2284 3944 317 36 Post-Anstalten
2630 3944 24 37 2
2670 3944 106 36 Thlr.
2801 3944 22 37 5
2844 3944 83 47 Sgr.
2983 3944 99 35 Eine
3111 3941 173 36 einzelne
3304 3942 87 35 Num-

1851 4010 81 23 mer
1960 3996 25 37 4
2014 3997 83 47 Sgr.

1958 4050 128 36 Briefe
2113 4050 82 35 und
2214 4049 284 47 Zusendungen
2533 4049 94 36 aller
2647 4050 70 35 Art
2746 4047 154 37 werden
2929 4052 114 32 unter
3071 4047 65 36 der
3161 4046 169 37 Adresse
3359 4046 66 37 der

1853 4104 52 36 M.
1937 4104 186 35 DuMont-
2135 4101 357 49 Schauberg'sehen
2520 4102 312 47 Buchhandlung
2859 4103 40 33 in
2929 4102 104 35 Köln
3063 4102 167 35 erbeten.

1973 4213 368 36 Verantwortlicher
2370 4211 291 48 Herausgeber:
2692 4211 103 36 Prof.
2829 4209 36 35 L
2869 4236 10 11 ♦
2910 4208 177 47 Bischof
3111 4211 41 33 in
3181 4209 116 38 Köln.

1931 4267 201 48 Verleger:
2164 4265 55 37 M.
2694 4263 90 36 sehe
2813 4263 310 47 Buchhandlung
3153 4264 41 34 in
3223 4261 117 38 Köln.

1888 4319 195 39 Drucker:
2118 4318 45 37 M
2163 4346 8 10 .
2202 4315 426 49 DuMont-Schauberg
2656 4317 40 35 in
2725 4315 117 47 Köln,
2881 4315 247 38 Breitstrasse
3159 4314 50 39 76
3234 4327 36 25 u.
3304 4314 63 39 78.

2399 857 472 79 ÄttltimMpnigett.

2269 1035 196 56 Nene
2527 1033 483 60 Musicalien

1923 1132 53 37 im
2005 1132 166 49 Verlage
2198 1145 80 24 von
2306 1129 330 51 Breitkopf
2660 1131 125 38 und
2814 1129 214 42 Härtel
3054 1134 42 35 in
3124 1134 213 49 Leipzig.

1852 1203 224 49 JBargiel,
2118 1203 65 46 W.,
2232 1206 70 45 Op.
2332 1206 65 46 30,
2441 1204 239 50 Symphonie
2708 1205 44 39 in
2784 1205 33 38 C
2832 1207 81 49 für
2950 1205 219 39 Orchester.
3215 1205 202 40 Partitur.

2169 1259 25 35 5
2231 1257 111 41 Thlr♦

2065 1310 105 38 Dito.
2206 1311 394 39 Orchesterstimmen.
2660 1317 23 33 6
2720 1313 109 38 Thlr.
2860 1317 52 34 10
2942 1313 101 49 Ngr.

2067 1366 291 46 Arrangement
2369 1366 78 48 für
2468 1365 73 37 das
2563 1366 240 50 Pianoforte
2829 1379 47 25 zu
2898 1367 84 37 vier
3004 1366 179 38 Händen
3205 1380 83 25 vom
3310 1369 109 36 Com-

2166 1418 197 47 ponisten.
2419 1421 24 33 2
2480 1419 111 38 Thlr.
2620 1422 51 34 15
2704 1421 99 47 Ngr.

1853 1472 37 35 B
1902 1470 165 38 eethov
2079 1483 75 37 en,
2184 1472 49 36 L.
2264 1483 35 25 v.
2304 1499 9 18 y
2345 1471 269 48 Symphonies.
2643 1472 203 39 Partition
2874 1473 48 37 de
2950 1472 132 39 Piano
3109 1487 80 36 par
3221 1476 47 35 F.
3299 1475 120 39 Liszt.

2175 1526 74 37 Nr.
2281 1528 36 32 1.
2358 1525 50 36 Ut
2433 1526 94 48 maj.
2560 1526 178 47 (C-dur)
2794 1529 21 35 1
2856 1527 110 37 Thlr.
2996 1529 52 35 15
3080 1528 99 48 Ngr.

2173 1578 73 37 Nr.
2278 1580 36 34 2.
2346 1578 59 37 Re
2432 1579 94 47 maj.
2560 1579 181 48 (D-dur)
2796 1582 25 34 2
2858 1579 107 38 Thlr.

1858 1630 318 47 Gernsheim,
2218 1630 62 45 F.,
2337 1631 259 38 Wächterlied
2624 1646 72 24 aus
2725 1633 71 37 der
2826 1633 327 47 Neujahrsnacht
3181 1633 66 37 des
3276 1633 144 38 Jahres

2170 1686 105 35 1200
2303 1684 97 47 (aus
2429 1684 200 49 ScheffeVs
2661 1687 143 47 „Frau
3132 1687 78 49 für
3226 1688 193 36 Männer-

2169 1737 93 37 chor
2293 1738 83 36 und
2408 1738 218 40 Orchester♦
2659 1742 68 44 Op.
2753 1743 35 35 7.
2823 1739 170 39 Ciavier-
2998 1741 157 49 Auszug
3183 1740 86 37 und
3301 1740 118 38 Chor-

2170 1790 188 38 stimmen.
2416 1794 51 34 25
2499 1793 99 47 Ngr.

1858 1842 195 47 Grimm,
2084 1844 37 36 J.
2159 1846 55 43 0.,
2260 1844 118 37 Sechs
2407 1845 147 37 Lieder
2574 1846 81 47 für
2683 1844 299 51 vierstimmigen
3011 1846 283 38 Männerchor.
3344 1849 72 46 Op.

2172 1899 61 34 13.
2266 1897 185 37 Partitur
2479 1898 85 36 und
2593 1898 200 38 Stimmen.
2850 1901 21 35 1
2911 1900 110 36 Thlr.
3054 1903 49 33 12
3111 1900 7 22 x
3122 1901 33 49 /v
3191 1900 98 48 Ngr.

1855 1949 175 38 Ketter
2039 1961 67 38 er,
2151 1950 63 47 E.,
2263 1951 164 37 Grande
2456 1952 206 36 Fantaisie
2697 1952 49 37 de
2777 1953 165 36 Concert
2981 1966 70 24 sur
3080 1955 34 35 le
3144 1953 130 48 Songe
3304 1953 118 37 dlune

2173 2004 101 37 Nuit
2300 2004 74 50 &Et
2399 2004 24 50 6
2448 2004 49 50 de
2526 2004 49 37 F.
2607 2006 523 48 Mendelssohn-Bartholdy
3166 2019 108 35 pour
3318 2006 104 36 deux

2174 2056 161 39 Pianos.
2372 2060 69 45 Op.
2472 2060 89 34 165.
2617 2061 21 34 1
2679 2058 108 37 Thlr.
2819 2061 24 34 5
2876 2060 99 48 Ngr.

1855 2109 225 46 Krause,
2112 2109 217 49 AKyrie
2341 2112 81 46 für
2444 2110 281 46 Solostimmen,
2751 2112 105 37 Chor
2878 2113 85 36 und
2989 2112 216 38 Orchester.
3235 2112 70 49 Op.
3325 2116 51 34 16
3385 2126 38 26 a.

2172 2162 186 39 Partitur
2386 2164 69 36 mit
2475 2167 302 47 untergelegtem
2800 2165 365 50 Ciavier-Auszuge.
3196 2168 51 35 22
3252 2166 10 22 x
3262 2166 23 47 /
3284 2180 6 10 c
3291 2181 8 23 L
3324 2167 99 48 Ngr.

2069 2215 103 38 Dito.
2206 2217 296 38 Chorstimmen.
2558 2221 51 33 10
2641 2220 100 47 Ngr.

2067 2268 169 38 Sanctus
2264 2270 85 37 und
2377 2270 237 37 Benedictus
2646 2273 81 46 für
2763 2270 280 50 Solostimmen,
3092 2271 103 37 Chor
3232 2272 85 36 und
3351 2275 72 34 Or-

2172 2322 158 38 chester.
2367 2326 69 45 Op.
2466 2327 52 34 16
2528 2324 32 37 b.
2606 2324 185 37 Partitur
2819 2325 68 37 mit
2915 2326 302 49 untergelegtem
3250 2324 173 38 Ciavier-

2175 2378 186 47 Auszuge.
2420 2380 51 33 27
2478 2378 9 21 l
2490 2376 17 49 l
2507 2391 7 9 r
2515 2394 8 19 i
2557 2380 98 45 Ngr.

2067 2428 105 37 Dito.
2209 2429 290 38 Chorstimmen.
2556 2435 51 33 10
2637 2431 105 49 Ngr,

1854 2481 208 47 Mozart,
2106 2482 50 37 W.
2189 2482 294 45 AQuartette
2502 2484 78 48 für
2610 2484 247 49 Pianoforte,
2890 2485 162 48 Violine,
3087 2485 112 38 Viola
3220 2485 85 36 und
3337 2483 86 39 Vio-

2172 2536 149 37 loncell.
2354 2538 112 36 Neue
2495 2536 191 49 Ausgabe.
2720 2540 74 36 Nr.
2828 2541 34 34 2.
2887 2538 172 42 JZs-dur.
3116 2541 23 34 2
3177 2538 109 38 Thlr.

1852 2587 37 36 B
1899 2587 76 38 ein
1988 2588 127 48 ecke,
2162 2590 232 37 CMusik
2422 2603 49 24 zu
2497 2590 252 47 Hoffmann's
2778 2591 348 37 Kindermärchen
3155 2604 84 24 vom
3271 2594 147 44 „Nuss-

2173 2642 174 37 knacker
2375 2643 84 36 und
2791 2646 78 47 für
2898 2645 73 36 das
2999 2644 237 48 Pianoforte
3263 2658 48 24 zu
3338 2644 85 38 vier

2175 2695 186 38 Händen.
2397 2696 69 47 Op.
2498 2700 62 34 46.
2594 2698 183 45 Complet.
2834 2700 23 33 2
2895 2698 110 36 Thlr.
3035 2700 24 33 5
3092 2698 99 48 Ngr.

1855 2746 270 46 Scarlatti,
2156 2748 348 39 DomSonaten
2523 2751 82 46 für
2636 2751 167 36 Ciavier.
2834 2751 101 48 Heft
2963 2751 35 36 I.
3043 2754 21 33 1
3098 2750 109 38 Thlr.
3238 2755 51 34 10
3318 2751 105 50 Ngr.

2068 2801 104 37 Dito.
2204 2802 98 47 Heft
2328 2802 63 39 11.
2446 2806 21 34 1
2509 2802 110 37 Thlr.
2650 2805 51 34 15
2732 2804 98 47 Ngr.

1853 2852 180 51 Stiehl,
2071 2854 66 45 H.,
2190 2854 208 38 Troisihme
2424 2856 136 47 grand
2590 2855 88 38 Trio
2701 2869 107 34 pour
2838 2855 143 47 Piano,
3024 2857 136 38 Violon
3190 2863 38 32 et
3265 2858 154 37 Violon-

2168 2909 104 36 celle.
2309 2912 70 44 Op.
2410 2912 63 34 50.
2529 2910 24 35 3
2591 2909 109 38 Thlr.
2730 2912 51 35 20
2813 2910 99 48 Ngr.

1862 2959 336 40 Violin-Concerte
2243 2973 168 25 neuerer
2461 2962 170 45 Meister,
2681 2963 303 45 Beethoven,
3043 2965 49 35 M
3101 2963 94 38 end
3205 2964 65 37 eis
3279 2964 139 47 söhn,

2171 3015 171 48 Ernst,
2389 3014 251 48 Lipinski.
2688 3016 98 36 Zum
2819 3016 230 37 Gebrauche
3080 3017 95 36 beim
3208 3018 215 37 Conserva-

2167 3069 145 36 torium
2352 3069 73 35 der
2466 3069 134 37 Musik
2641 3069 44 36 in
2730 3069 161 48 Leipzig
2930 3082 134 36 genau
3094 3071 214 36 bezeichnet
3336 3070 87 38 und

2168 3121 314 49 herausgegeben
2509 3134 77 25 von
2615 3122 122 37 Ferd.
2768 3122 145 38 David.
2963 3123 239 48 Complet,
3235 3124 184 37 brochirt.

2169 3177 24 34 3
2231 3175 109 36 Thlr.

1864 3226 229 50 Wagner,
2136 3227 211 39 BÄne
2377 3228 370 37 Faust-Ouvertüre
2778 3229 80 46 für
2882 3241 151 36 grosses
3068 3230 215 37 Orchester.
3334 3230 89 37 Für

2168 3281 73 36 das
2269 3280 232 49 Pianoforte
2540 3295 48 23 zu
2629 3283 91 36 zwei
2755 3282 180 37 Händen
2977 3284 237 48 übertragen
3255 3295 75 25 von
3358 3283 57 36 H.

2167 3346 75 24 von
2271 3333 147 38 Bülow.
2476 3337 50 34 25
2555 3335 100 49 Ngr.

1955 3442 87 36 Alle
2070 3442 42 36 in
2137 3442 134 36 dieser
2296 3442 331 48 Musik-Zeitung
2651 3443 298 46 besprochenen
2986 3443 88 36 und
3098 3443 328 48 angekündigten

1849 3493 238 39 Musicalien
2116 3501 68 31 etc.
2220 3495 95 36 sind
2346 3509 49 22 zu
2427 3496 184 36 erhalten
2637 3496 42 35 in
2708 3496 72 35 der
2807 3502 95 29 stets
2926 3496 241 48 vollständig
3191 3497 234 35 assortirten

1847 3547 485 50 Musicalien-Handlung
2351 3549 89 36 und
2456 3549 263 36 Leihanstalt
2741 3561 79 24 von
2839 3549 325 36 BERNHARD
3184 3548 240 37 BREUER

1844 3601 44 36 in
1917 3600 121 47 Köln,
2072 3615 137 35 grosse
2233 3602 267 49 Budengasse
2530 3603 78 37 Nr.
2640 3606 35 35 1,
2720 3615 42 22 so
2806 3602 73 35 wie
2920 3601 61 36 bei
3008 3602 39 35 J.
3079 3601 88 36 FR.
3208 3601 216 43 WEBER,

1851 3655 134 36 Hohle
2016 3654 77 38 Nr.
2123 3658 36 34 1.
