3553 4450
1766 155 70 50 27

181 293 119 50 Orte
323 293 349 67 angebrachten
696 296 367 64 Nuancirungen
1089 296 79 51 des
1190 298 307 51 Zeitmaasses
1528 300 103 49 eine
1658 301 85 49 fast

180 390 121 31 neue
324 373 272 69 Schöpfung
625 393 55 31 zu
710 376 112 49 sein.
854 377 98 47 Der
976 376 242 51 Mittelsatz
1244 378 164 50 erhielt
1432 380 103 48 eine
1565 380 175 49 seinem

185 452 262 51 Charakter
497 472 333 50 angemessene
887 456 220 67 ruhigere
1165 458 291 68 Bewegung,
1510 460 92 48 und
1654 468 93 42 erst

183 533 229 51 nachdem
437 551 51 33 er
510 554 117 48 ganz
651 536 395 67 ausgesprochen,
1076 538 130 50 ward
1237 538 80 51 das
1348 548 119 41 erste
1491 541 254 51 Zeitmaass

183 613 176 51 wieder
403 616 220 66 ergriffen
670 616 94 49 und
808 617 81 48 der
928 617 130 50 Theil
1104 618 43 49 in
1193 618 243 51 heiterster
1479 621 268 66 Stimmung

183 711 103 32 zum
319 694 217 51 Schlüsse
580 696 207 65 geführt.
844 697 49 48 In
926 697 203 65 gleicher
1164 698 161 50 Weise
1357 698 278 51 behandelte
1667 701 80 49 das

180 773 486 69 Schuppanzigh'sche
698 776 222 59 Quartett
949 777 155 50 diesen
1491 781 105 48 Den
1629 781 87 49 Vor-

180 862 105 59 trag
315 856 80 49 des
608 853 145 54 C-dur-
754 857 102 60 Quartetts
884 875 85 32 von
1001 858 181 50 Mozart
1211 867 142 42 nennt
1382 877 66 40 er,
1493 860 252 50 besonders

178 936 46 48 in
257 936 155 65 Bezug
451 936 84 48 auf
569 935 88 49 den
696 945 153 42 ersten
882 937 93 48 und
1005 938 174 50 vierten
1211 940 123 58 Satz,
1376 940 71 57 „in
1483 941 153 66 Bezug
1667 941 82 51 auf

182 1013 118 51 feine
343 1015 94 49 und
483 1015 379 52 überraschende
907 1018 220 59 Accente,
1171 1018 163 50 kurzes
1363 1020 264 49 Verweilen
1669 1021 82 49 auf

181 1095 235 49 einzelnen
463 1097 263 58 Accorden,
770 1098 150 49 feinen
958 1098 164 50 Ohren
1169 1100 312 50 bemerkbare
1518 1102 226 50 Nuancen

180 1175 44 49 in
256 1173 84 51 der
370 1176 291 66 Bewegung,
708 1177 123 50 Alles
875 1177 59 50 im
969 1178 155 50 Geiste
1166 1178 83 50 der
1279 1180 350 67 Tondichtung,
1673 1182 71 48 ein

180 1255 322 50 Meisterstück
529 1257 82 48 der
642 1258 350 50 musicalischen
1626 1262 117 50 eben

177 1351 52 33 so
261 1335 269 50 bezeichnet
572 1354 51 31 er
663 1337 73 50 die
769 1338 230 65 Vorträge
1030 1340 418 49 Beethoven'scher
1479 1341 266 60 Quartette,

177 1432 37 32 z.
246 1415 52 49 B.
328 1415 74 49 die
435 1416 310 68 Behandlung
789 1417 79 50 des
912 1420 296 49 Mittelsatzes
1251 1421 59 48 im
1357 1429 151 40 ersten
1554 1422 191 65 Allegro

178 1495 80 50 des
287 1495 242 63 B-dur-Q
539 1505 222 42 uartettes
790 1498 92 68 Op.
920 1498 67 51 18
1035 1517 42 33 u,
1108 1517 33 32 s.
1175 1517 76 41 w.,
1296 1501 63 49 als
1391 1501 83 49 der
1503 1501 241 51 Tradition

177 1591 85 34 von
295 1576 304 49 Beethoven's
628 1578 100 49 Zeit
759 1577 83 50 her
874 1580 355 64 entsprechend.

299 1656 86 49 Die
414 1656 180 67 gleiche
620 1657 332 67 Befriedigung
978 1658 151 51 haben
1160 1660 84 48 wir
1269 1658 70 51 bei
1366 1658 89 51 den
1483 1660 261 66 Vorträgen

177 1735 83 50 der
281 1736 235 67 jüngeren
549 1737 250 51 Gebrüder
827 1740 170 49 Müller
1027 1740 303 66 empfunden,
1376 1740 141 50 deren
1547 1742 164 48 Zusam-

177 1817 221 66 menspiel
430 1817 175 66 gerade
634 1818 45 50 in
709 1817 150 51 dieser
892 1820 284 67 Beziehung,
1217 1821 198 50 nämlich
1448 1821 205 50 Freiheit
1682 1822 61 49 im

176 1897 199 66 Tempo,
418 1914 116 49 ganz
577 1898 263 66 vorzüglich
870 1898 68 51 ist.
997 1900 136 51 Auch
1176 1900 227 51 bedürfen
1434 1901 85 48 wir
1551 1901 78 48 für
1660 1919 85 32 uns

176 1976 45 49 in
251 1977 124 50 Köln
416 1977 160 51 keiner
614 1995 84 33 aus
729 1978 82 51 der
842 1981 153 48 Ferne
1035 1981 432 66 hergenommenen
1502 1981 243 67 Beispiele,

176 2055 59 50 da
279 2056 72 49 die
394 2057 344 51 vortrefflichen
779 2060 282 66 Leistungen
1107 2061 77 48 des
1230 2061 206 65 hiesigen
1467 2061 276 60 Quartettes

176 2152 85 33 uns
290 2136 74 49 die
394 2137 371 69 Verkörperung
804 2138 83 50 der
925 2140 43 49 in
1001 2140 156 51 diesen
1190 2141 213 50 Artikeln
1434 2141 304 66 dargelegten

174 2216 254 49 Ansichten
461 2217 147 50 durch
649 2220 73 48 ihr
750 2218 124 68 Spiel
915 2220 44 49 in
994 2220 134 66 jeder
1157 2238 87 33 von
1274 2221 134 50 ihren
1438 2221 193 50 Soireen
1665 2221 77 48 für

174 2296 385 51 Kammermusik
602 2297 223 68 darlegen
872 2300 94 49 und
1011 2318 84 31 uns
1140 2301 330 65 grossentheils
1509 2301 118 50 eben
1660 2300 55 51 da-

174 2376 148 51 durch
359 2395 54 30 zu
453 2377 128 50 einer
620 2379 356 50 ausführlichen
1010 2380 306 67 Behandlung
1349 2380 145 51 dieses
1524 2382 220 49 Thema's

176 2464 230 59 angeregt
436 2457 170 51 haben.

296 2536 160 53 Wenn
489 2539 84 48 wir
604 2539 348 66 hauptsächlich
983 2537 74 51 die
1088 2546 119 43 erste
1230 2540 87 49 Art
1348 2539 79 50 des
1458 2536 172 72 Tempo
1659 2555 54 36 ru-

178 2613 121 65 bato,
324 2616 75 51 die
428 2616 60 51 im
521 2619 290 66 Mässigen
844 2617 92 50 und
967 2619 350 50 Zurückhalten
1350 2619 83 50 der
1466 2620 274 67 Bewegung

174 2695 201 61 besteht,
407 2697 288 66 besprochen
728 2697 94 51 und
854 2699 225 67 Beispiele
1109 2699 142 50 dafür
1281 2699 259 68 angeführt
1569 2699 173 61 haben,

173 2793 51 34 so
253 2776 57 50 ist
338 2777 219 51 dessbalb
587 2777 74 52 die
690 2779 161 50 zweite
883 2781 86 48 Art
1009 2779 82 50 der
1122 2780 315 66 Ausführung
1481 2779 261 62 desselben,

176 2857 198 50 nämlich
407 2857 147 51 durch
599 2860 510 66 Beschleunigung
1154 2859 95 50 und
1282 2861 221 65 Drängen
1536 2859 82 50 der
1651 2861 56 48 Be-

178 2954 222 51 wegung,
430 2939 127 49 nicht
586 2940 208 66 weniger
825 2940 200 66 wichtig.
1076 2941 80 48 Bei
1188 2940 151 49 dieser
1368 2940 116 49 aber
1512 2940 57 48 ist
1599 2941 113 48 weni-

178 3034 84 49 ger
291 3017 102 51 eine
423 3019 318 67 Empfehlung
771 3020 127 49 ihrer
929 3020 316 67 Anwendung
1283 3020 84 51 auf
1390 3020 81 49 das
1503 3020 239 60 Quartett,

178 3097 66 50 als
281 3099 102 48 eine
416 3097 311 69 Warnung
770 3099 145 50 davor
950 3100 286 60 vonnöthen,
1281 3100 57 49 da
1368 3099 83 50 das
1480 3100 132 49 Eilen
1646 3100 91 49 und

180 3179 222 66 Drängen
431 3179 47 49 in
508 3179 84 49 der
616 3179 380 67 Durchführung
1020 3180 83 49 der
1126 3180 165 67 Tempi
1321 3180 283 67 überhaupt,
1636 3180 103 49 dem

190 3259 185 58 „Geiste
402 3261 82 47 der
762 3264 199 62 gemäss,
992 3260 121 49 denn
1138 3261 118 48 auch
1288 3261 45 48 in
1358 3260 83 51 der
1463 3260 279 51 Orchester-

180 3337 93 50 und
320 3339 383 49 Kammermusik
746 3339 66 49 oft
860 3339 84 49 auf
980 3339 194 66 widrige
1221 3340 162 49 Weise
1424 3340 146 66 geübt
1611 3339 129 50 wird.

178 3419 262 49 Besonders
483 3419 208 50 verdient
733 3419 136 50 dabei
914 3419 72 50 die
1025 3420 198 58 Unsitte,
1273 3420 72 51 die
1385 3420 358 51 Schluss-Tacte

178 3497 126 52 eines
340 3499 141 67 jeden
525 3500 439 67 Allegro-Tempo's
1008 3518 55 31 zu
1107 3500 356 58 verschnellem,
1516 3516 96 33 was
1655 3518 87 33 von

177 3579 400 66 Unverständigen
606 3595 141 51 sogar
778 3580 78 49 für
1150 3579 300 67 ausgegeben
1490 3579 117 49 wird
1646 3579 94 50 und

178 3657 120 51 doch
329 3657 167 51 keinen
525 3659 206 50 anderen
761 3659 241 50 Eindruck
1033 3660 84 49 auf
1141 3660 89 49 den
1262 3660 287 49 musicalisch
1583 3659 130 50 Gebil-

178 3737 139 51 deten
348 3739 173 59 macht,
566 3740 64 49 als
662 3756 136 33 wenn
841 3756 108 35 man
980 3740 151 49 einem
1161 3740 205 49 schönen
1396 3740 170 49 Thiere
1598 3740 119 66 plötz-

178 3819 89 50 lich
298 3819 90 50 den
417 3819 227 52 Schwanz
682 3820 220 61 abhiebe,
944 3828 185 43 ernsten
1161 3820 160 51 Tadel.
1448 3821 162 66 Gegen
1654 3821 89 50 alle

180 3897 124 51 diese
347 3897 353 60 Uebertreiber,
759 3900 176 49 welche
987 3900 88 49 wie
1118 3900 84 49 der
1243 3900 383 67 Taschenspieler
1669 3899 74 50 die

180 3979 204 49 Hexerei
427 3980 45 48 in
516 3979 74 51 die
627 3980 335 66 Schnelligkeit
1001 3988 169 52 setzen,
1215 3980 100 50 hilft
1353 3980 229 51 natürlich
1622 3980 117 50 auch

180 4059 85 52 der
294 4060 263 51 Metronom
590 4060 164 58 nichts,
799 4060 93 51 und
926 4061 263 50 Beethoven
1234 4060 127 51 hatte
1389 4061 168 56 Recht,
1604 4076 138 35 wenn

181 4157 51 33 er
261 4140 117 50 nach
408 4140 146 51 vielen
586 4140 253 51 verfehlten
865 4141 272 50 Versuchen
1168 4140 118 51 über
1315 4140 89 51 den
1430 4140 174 52 Werth
1637 4140 78 50 des-

180 4219 160 53 selben
369 4220 202 52 ausrief:
616 4221 126 61 „Gar
771 4220 106 52 kein
906 4221 292 52 Metronom!
1249 4220 123 53 Wer
1403 4221 215 66 richtiges
1650 4221 60 51 Ge-

1846 299 103 48 fühl
1980 299 97 57 hat,
2120 299 201 50 braucht
2351 300 78 49 ihn
2459 300 144 58 nicht,
2647 299 94 50 und
2775 318 97 33 wer
2902 300 80 51 das
3013 300 126 51 nicht
3168 301 98 57 hat,
3304 299 104 50 dem

1845 382 125 46 nützt
1999 396 50 32 er
2078 379 118 50 doch
2229 380 165 61 nichts,
2434 379 82 50 der
2558 380 113 49 läuft
2700 380 120 51 doch
2863 381 81 50 mit
2975 381 105 50 dem
3112 398 178 51 ganzen
3323 380 89 49 Or-

3161 463 54 48 L.
3249 461 50 50 B.

1846 461 182 49 ehester

2173 701 169 58 Ueber
2384 701 87 56 die
2509 700 567 59 Instrumentalmusik.

2272 835 87 36 Von
2404 833 210 38 Charles
2650 834 281 49 Beauquier

2940 833 52 49 *)•

2615 936 33 48 I.

1968 1016 86 48 Die
2083 1015 301 49 Vocalmusik
2415 1015 72 55 ist,
2526 1015 88 49 wie
2645 1021 180 60 gesagt,
2866 1012 146 50 durch
3045 1011 72 51 die
3146 1011 231 51 Nothwen-

1848 1097 191 66 digkeit,
2069 1096 93 49 sich
2195 1096 88 48 den
2316 1096 236 48 Gefühlen
2584 1095 92 49 und
2711 1093 400 68 Empfindungen,
3141 1092 177 48 welche
3348 1092 70 50 sie

1848 1176 294 51 ausdrücken
2173 1176 102 57 soll,
2307 1175 395 59 unterzuordnen,
2735 1173 308 51 beschränkt:
3074 1173 62 49 sie
3168 1189 124 33 muss
3323 1172 94 48 sich

1848 1257 85 48 fast
1964 1255 364 52 ausschliesslich
2361 1272 58 32 an
2450 1255 74 49 die
2554 1253 200 51 Melodie
2786 1255 171 48 halten.
2990 1252 86 50 Die
3106 1258 116 44 stete
3252 1251 127 49 Rück-

1846 1337 118 50 sicht
2006 1337 82 48 auf
2128 1336 73 49 die
2236 1335 170 50 Worte
2449 1335 80 50 des
2573 1336 172 48 Textes
2789 1333 94 51 und
2928 1333 72 49 die
3046 1331 373 52 Charakteristik

1847 1417 84 50 der
1964 1417 161 48 Bollen
2172 1415 94 50 und
2313 1416 83 48 auf
2435 1416 127 57 alles,
2606 1431 97 33 was
2741 1413 219 51 Scenerie
2991 1431 43 31 u.
3066 1430 33 33 s.
3134 1429 55 33 w.
3224 1411 193 58 betrifft,

1847 1498 132 64 legen
2025 1496 82 48 der
2154 1496 347 49 dramatischen
2548 1495 154 49 Musik
2755 1495 188 48 Fesseln
2990 1510 76 42 an,
3116 1510 131 32 wozu
3294 1492 124 48 dann

1846 1577 119 50 noch
2011 1576 72 49 die
2118 1577 307 65 Begränzung
2466 1576 128 48 ihrer
2632 1575 179 67 Sphäre
2857 1573 147 50 durch
3047 1573 73 49 ihr
3153 1572 232 66 Haupt-In-

1844 1662 248 52 strumenf,
2123 1655 72 49 die
2225 1655 312 49 menschliche
2567 1655 213 55 Stimme,
2813 1653 192 50 kommt.

1966 1738 98 49 Aus
2093 1737 120 48 allen
2246 1736 156 49 diesen
2435 1735 226 50 Gründen
2694 1751 98 33 war
2821 1733 83 50 der
2934 1735 187 63 Gesang
3159 1732 103 50 eine
3291 1731 127 49 nicht

1847 1816 281 67 genügende
2158 1816 274 49 Kunstform
2476 1816 78 48 für
2584 1815 73 49 die
2686 1815 115 49 freie
2830 1813 330 65 Entwicklung
3192 1811 83 49 der
3305 1812 69 48 Mu-

1846 1896 68 49 sik
1959 1896 91 49 und
2092 1893 74 51 die
2209 1895 301 66 vollständige
2542 1893 313 66 Anwendung
2897 1893 113 50 aller
3041 1892 165 55 Mittel,
3249 1890 74 49 die
3352 1891 65 48 sie

1848 1976 45 49 in
1924 1976 83 49 der
2039 1976 139 49 Höhe
2212 1975 92 49 und
2344 1976 129 49 Tiefe
2513 1975 83 49 der
2626 1976 147 56 Töne,
2813 1973 89 50 den
2934 1971 452 67 Klangverschieden-

1850 2056 172 57 heiten,
2051 2056 83 48 der
2166 2055 240 58 Tonfülle,
2438 2055 105 49 dem
2571 2053 222 51 Wechsel
2820 2053 81 50 der
2928 2055 273 63 Bewegung
3225 2069 43 31 u.
3294 2067 33 33 s.
3358 2067 57 33 w.

1850 2137 168 50 besass.
2076 2137 89 50 Um
2213 2135 207 50 darüber
2463 2135 376 49 unbeschränkte
2871 2132 275 51 Herrschaft
3186 2150 53 30 zu
3271 2131 142 60 üben,

1848 2225 173 40 musste
2059 2216 74 49 die
2162 2215 248 49 Tonkunst
2453 2216 82 48 auf
2573 2213 73 51 die
2692 2212 266 67 Erfindung
3003 2212 199 51 anderer
3235 2211 142 49 Werk-

1846 2314 145 49 zeuge
2016 2296 65 49 als
2107 2295 74 52 die
2206 2295 312 49 menschliche
2540 2295 197 49 Stimme
2761 2293 201 60 denken,
2993 2292 95 51 und
3117 2309 50 33 so
3197 2290 217 50 entstand

1846 2375 73 50 die
1951 2375 507 49 Instrumentalmusik.

1965 2456 158 58 Diese,
2154 2455 73 49 die
2256 2455 128 49 reine
2413 2453 173 60 Musik,
2617 2451 266 52 entwickelt
2910 2451 95 49 sich
3036 2451 45 49 in
3113 2450 83 50 der
3224 2448 158 52 Unend-

1844 2535 187 49 lichkeit
2060 2535 83 49 der
2172 2536 146 48 Töne.
2363 2535 76 49 Sie
2468 2535 56 48 ist
2553 2533 74 50 die
2659 2533 128 58 freie,
2817 2531 329 65 selbständige,
3177 2531 232 49 abstracte

1846 2616 169 58 Kunst,
2054 2615 177 49 welche
2270 2613 104 51 kein
2408 2613 195 50 Vorbild
2641 2612 256 51 nachahmt
2937 2611 94 49 und
3076 2611 134 49 keine
3240 2610 173 49 andere

1847 2695 279 66 Bedeutung
2170 2695 64 51 als
2276 2695 45 49 in
2365 2695 94 48 sich
2504 2693 141 50 selbst
2688 2693 94 50 hat.
2843 2691 247 52 Während
3132 2691 73 48 die
3244 2690 140 49 Vocal-

1846 2776 151 50 musik
2029 2776 180 50 einfach
2255 2775 279 51 menschlich
2580 2773 162 59 bleibt,
2787 2789 160 34 ausser
2991 2771 104 51 dem
3142 2771 271 57 Menschen,

1951 2927 38 48 *)
2020 2926 207 38 Charles
2269 2927 29 34 B
2310 2924 234 48 eauquier
2583 2922 39 36 in
2666 2921 111 35 Paris
2820 2919 67 36 hat
2930 2918 56 37 als
3015 2918 115 36 Theil
3172 2920 66 36 der
3266 2916 125 38 Biblio-

1841 2988 138 51 ihhque
2020 2989 47 37 de
2104 2989 41 37 la
2180 2986 251 48 Philosophie
2466 2982 316 50 contemporaine
2788 3010 8 18 ,
2845 2981 149 37 welche
3040 2982 161 35 Germer
3228 2980 185 36 Bailiiere

1843 3052 161 49 verlegt,
2034 3054 87 34 eine
2151 3050 145 37 Philo
2307 3048 165 48 sophie
2500 3047 56 37 de
2585 3047 48 36 la
2662 3045 246 47 Musique,
2939 3041 132 46 Paris,
3102 3043 104 35 1865
3210 3072 7 15 ,
3248 3043 139 34 heraus-

1843 3116 188 49 gegeben,
2062 3116 64 35 ein
2153 3113 193 38 Büchlein
2377 3125 76 24 von
2484 3109 77 40 200
2592 3111 130 36 Seiten
2751 3109 39 34 in
2818 3106 50 50 8.,
2907 3106 169 36 welches
3107 3106 61 35 die
3198 3106 188 47 Hauptfra-

1844 3190 76 36 gen
1957 3178 97 36 über
2084 3178 67 36 das
2180 3177 145 35 Wesen
2363 3175 65 36 der
2457 3173 209 36 Tonkunst
2709 3172 71 36 auf
2811 3172 93 45 jene
2934 3170 132 35 Weise
3109 3168 213 47 bespricht,
3371 3168 40 34 in

1846 3240 171 36 welcher
2046 3240 62 36 die
2137 3240 223 34 Franzosen
2389 3236 162 36 Meister
2579 3235 98 45 sind,
2707 3232 173 37 nämlich
2907 3229 185 50 geistvoll
3120 3229 80 36 und
3229 3228 183 48 fesselnd,

1846 3302 139 37 mithin
2013 3301 170 50 populär
2210 3302 54 34 im
2294 3301 137 36 besten
2462 3300 134 46 Sinne,
2639 3297 101 37 ohne
2782 3296 68 36 der
2879 3294 301 37 Gründlichkeit
3206 3294 79 35 und
3314 3292 80 49 logi-

1845 3366 120 37 schen
1995 3365 255 46 Consequenz
2281 3362 188 38 Abbruch
2506 3373 49 24 zu
2589 3361 110 35 thun.
2756 3360 74 35 Ein
2865 3356 233 38 besonderes
3127 3356 193 35 Interesse
3348 3367 44 36 ge-

1846 3429 123 37 winnt
1997 3428 68 36 das
2092 3426 111 36 Buch
2233 3425 92 37 aber
2354 3424 186 49 dadurch,
2577 3424 87 35 dass
2693 3423 102 35 Herr
2822 3419 232 48 Beauquier,
3099 3418 66 35 der
3189 3418 110 35 nicht
3327 3418 58 35 Mu-

1845 3492 106 36 siker
1979 3502 77 24 von
2085 3489 109 36 Fach
2222 3489 62 43 ist,
2330 3489 168 35 sondern
2529 3486 84 37 sich
2640 3497 74 24 nur
2740 3484 71 36 mit
2838 3481 344 49 philosophischen
3220 3480 81 35 und
3327 3480 69 35 lite-

1846 3553 199 37 rarischen
2076 3551 165 37 Studien
2269 3549 250 48 beschäftigt,
2562 3549 40 34 in
2640 3547 146 36 diesem
2829 3546 148 35 seinem
3005 3542 327 49 Erstlingswerke
3363 3564 43 4 —

1844 3630 42 24 er
1913 3621 122 31 nennt
2064 3614 83 38 sich
2176 3614 41 36 in
2247 3614 87 35 dem
2364 3612 211 37 Schreiben
2605 3622 48 24 an
2683 3621 73 25 uns
2784 3606 114 39 einen
3264 3626 41 6 —
3339 3607 50 35 Ke-

1844 3679 141 37 sultate
2031 3678 127 37 seines
2187 3675 286 38 Nachdenkens
2514 3675 95 36 über
2652 3673 61 36 die
2756 3671 209 37 Tonkunst
3007 3668 193 50 mittheilt,
3244 3669 60 35 die
3346 3669 69 35 auf

1844 3739 286 48 merkwürdige
2161 3740 132 35 Weise
2330 3738 71 36 mit
2430 3737 74 35 den
2533 3735 216 37 Ansichten
2791 3733 360 42 übereinstimmen,
3194 3730 148 36 welche
3370 3732 41 34 in

1843 3805 135 45 Bezug
2006 3803 70 35 auf
2102 3802 102 36 Stoff
2228 3801 81 35 und
2336 3799 131 37 Inhalt
2498 3798 67 36 der
2592 3797 134 37 Musik
2755 3808 76 25 von
2862 3794 192 37 Hanslick
3098 3793 79 36 und
3219 3805 78 24 von
3336 3805 75 24 uns

1844 3865 80 36 und
1954 3865 73 36 den
2055 3864 270 37 Mitarbeitern
2355 3874 48 23 an
2438 3872 161 25 unserer
2627 3859 225 37 Zeitschrift
2893 3858 74 36 seit
2994 3857 149 36 Jahren
3186 3855 226 48 aufgestellt

1844 3928 80 36 und
1952 3927 235 47 vertheidigt
2216 3925 156 37 worden
2401 3923 100 37 sind.
2558 3925 102 34 Dem
2687 3922 226 36 Anscheine
2948 3919 100 36 nach
3076 3919 51 36 ist
3156 3920 102 34 Herr
3285 3920 100 35 Beau-

1845 3991 110 48 quier
1984 3990 120 35 durch
2132 3987 263 48 selbständige
2423 3986 203 36 Reflexion
2669 3997 49 24 zu
2747 3984 73 36 den
2850 3982 362 48 Ueberzeugungen
3240 3981 169 48 gelangt,

1844 4052 148 37 welche
2022 4064 41 23 er
2091 4049 232 49 ausspricht.
2375 4049 85 36 Wir
2488 4047 148 37 theilen
2665 4047 61 36 die
2755 4043 276 50 Hauptstellen
3061 4055 70 23 aus
3161 4043 84 35 dem
3276 4043 112 36 zwölf-

1843 4120 67 32 ten
1938 4113 232 37 Abschnitte
2198 4112 128 36 seines
2354 4111 155 36 Buches
2538 4110 82 45 mit,
2650 4122 66 23 um
2747 4108 61 36 die
2836 4108 118 35 Leser
2981 4105 131 48 gleich
3138 4106 41 35 in
3208 4105 73 35 den
3304 4107 106 34 Kern

1844 4176 202 38 desselben
2075 4174 269 46 einzuführen,
2379 4173 187 37 während
2594 4173 70 35 wir
2692 4174 129 46 später
2849 4171 71 34 auf
2946 4169 74 36 den
3051 4170 114 45 Gang
3194 4167 67 37 der
3289 4168 119 36 Ideen

1844 4241 43 36 in
1916 4238 221 39 demselben
2167 4236 334 39 zurückkommen
2530 4235 166 38 werden.
2888 4232 89 36 Die
3012 4230 292 40 Redaction*

3097 4285 72 70 [*]
