3553 4450
1021 515 120 122 für
1209 512 574 132 ItiHstfreariiie
1847 510 150 124 traft
2063 510 442 124 MmWn:

135 776 425 68 Herausgegeben
605 793 96 37 von
743 774 263 57 Professor
1967 771 68 61 L.
2209 772 284 80 Bischoff.
1616 778 189 66 Verlag
1847 776 89 51 der
2211 769 97 61 Mo
2356 766 164 62 t-Sch
2525 789 35 38 a
2568 766 95 62 übe
2668 767 237 74 /v/'sclien
2945 771 412 66 Buchhandlung.

236 1118 226 35 Inhalt.

520 1119 298 48 Bemerkungen
846 1120 96 36 über
971 1120 67 37 das
1070 1120 278 48 Quartettspiel
1377 1120 206 48 (Schluss).
1614 1120 84 35 Von
1728 1120 43 37 L.
1800 1120 45 35 B.
1955 1120 129 36 Ueber
2113 1121 61 34 die
2203 1120 420 39 Instrumentalmusik.
2655 1122 85 35 Von
2773 1120 203 37 Charles
3004 1124 296 44 Beauquier.
3331 1122 32 36 I.

206 1181 222 37 Ferdinand
458 1180 163 38 Hiller's
648 1193 100 24 neue
779 1181 495 49 Ciavier-Compositionen
1304 1183 61 34 für
1395 1183 61 34 die
1485 1181 273 36 musicalische
1788 1183 172 47 Jugend.
1990 1183 85 35 Von
2106 1183 120 37 Hsch.
2346 1184 291 36 Musik-Abend
2667 1185 66 35 des
2764 1186 364 36 Conservatoriums
3169 1198 48 23 zu
3246 1186 116 37 Köln.

206 1246 180 46 Tages-
416 1247 96 33 und
544 1246 66 34 Un
624 1250 72 30 ter
708 1245 81 35 hal
802 1251 145 42 tungs
960 1246 81 36 bla
1052 1251 39 29 11
1122 1245 133 47 (Köln,
1286 1246 114 35 dritte
1431 1246 132 34 Soiree
1593 1245 60 34 für
1682 1244 329 44 Kammermusik,
2032 1244 190 49 Halevy's
2510 1247 236 46 Darmstadt,
2778 1247 307 48 Auszeichnung
3187 1249 179 47 Leipzig,

127 1308 191 35 Concerte
427 1309 227 44 Hannover,
685 1307 482 37 Abonnements-Concert
1276 1307 153 46 Kassel,
1460 1307 182 34 Fräulein
1676 1306 107 36 Grün
1891 1305 211 45 München,
2134 1307 202 45 Niemann,
2367 1308 112 36 Hans
2507 1320 78 24 von
2613 1309 139 36 Bülow
2838 1309 316 38 Patti-Concerte
3174 1322 37 24 u.
3235 1322 30 25 s.
3286 1310 80 46 w.).

326 1467 401 73 Bemerkungen
771 1467 140 56 über
953 1467 91 56 das
1090 1467 397 73 Quartettspiel.

604 1591 189 48 (Scbluss.
850 1593 37 35 S.
918 1593 64 37 Nr.
1014 1589 23 38 2
1066 1593 80 35 und
1175 1589 52 51 3.)

253 1706 263 51 Verweilen
549 1707 84 48 wir
663 1708 119 49 noch
831 1708 100 49 eine
967 1708 153 51 Weile
1153 1708 73 50 bei
1261 1707 303 50 Beethoven's
1597 1707 76 48 Sin-

132 1787 200 54 fonieen,
375 1805 77 30 um
485 1787 73 50 die
587 1805 85 32 von
706 1787 93 50 ihm
833 1787 141 50 selbst
1005 1788 200 49 deutlich
1242 1788 324 49 bezeichneten
1600 1788 66 49 Mo-

132 1867 299 50 dificationen
456 1867 79 50 des
560 1868 219 67 Tempo's
807 1870 77 45 für
908 1868 259 68 diejenigen
1193 1870 190 54 Stellen,
1417 1885 72 32 wo
1520 1885 51 32 er
1602 1867 99 48 ihre

135 1948 307 50 Erkenntniss
473 1947 87 50 den
592 1948 362 67 Vortragenden
1000 1948 242 59 überlässt,
1288 1950 63 48 als
1386 1950 204 48 Beweise
1623 1948 78 49 für

137 2045 197 33 unseren
366 2029 169 48 Zweck
569 2029 311 48 anzuführen.

259 2109 101 48 Von
407 2109 86 48 den
536 2109 173 48 Stellen
755 2109 59 48 im
856 2109 202 49 Scherzo
1103 2109 82 48 der
1231 2109 225 48 dritten
1503 2109 91 48 und
1641 2109 58 48 im

131 2189 204 48 Scherzo
379 2187 82 49 der
509 2187 225 50 fünften
767 2187 206 50 Sinfonie
1015 2187 154 51 haben
1202 2190 82 47 wir
1331 2189 141 48 schon
1513 2205 162 50 gespro-

132 2269 145 57 chen;
309 2284 82 32 aus
423 2267 243 50 derselben
700 2269 184 48 fünften
917 2267 210 68 gehören
1158 2270 60 48 im
1245 2269 216 49 Andante
1486 2267 72 51 die
1589 2270 91 47 vier-

131 2349 114 48 zehn
278 2349 144 48 Tacte
441 2345 96 71 piu
565 2350 140 60 moto,
753 2349 73 48 die
859 2350 81 47 mit
973 2349 104 48 dem
1114 2350 306 63 Fagott-Solo
1470 2349 231 64 beginnen

134 2427 64 68 (S.
234 2426 68 51 79
349 2427 83 49 der
475 2429 174 48 älteren
699 2427 245 68 Breitkopf
978 2429 93 48 und
1104 2429 321 49 Härtel'schen
1459 2426 243 69 Partitur),

132 2509 177 49 hieher.
400 2507 117 50 Was
542 2507 88 50 den
663 2516 153 42 ersten
846 2509 105 49 Satz
984 2507 192 60 betrifft,
1207 2525 50 33 so
1289 2509 56 48 ist
1377 2507 124 50 wohl
1532 2524 57 33 an
1621 2507 82 50 der

132 2589 149 49 durch
325 2589 244 48 Schindler
617 2589 332 50 überlieferten
981 2589 260 58 Tradition,
1287 2590 104 48 dass
1434 2589 267 48 Beethoven

132 2708 45 51 in
208 2708 88 49 den
328 2716 151 40 ersten
520 2708 94 48 vier
644 2709 174 50 Tacten
851 2708 80 52 das
973 2709 333 68 Haupt-Motiv

134 2830 44 48 in
203 2827 132 50 mehr
360 2844 318 48 gemessenem
700 2830 199 65 Tempo,
922 2830 65 48 als
1011 2829 72 49 die
1111 2829 144 64 Folge
1275 2827 79 50 des
1372 2829 231 64 Allegro's
1623 2845 51 48 ge-

134 2925 220 32 nommen
389 2907 137 56 habe,
551 2909 125 48 nicht
697 2926 56 31 zu
777 2910 225 56 zweifeln;
1028 2910 66 66 ja,
1123 2910 43 48 in
1193 2909 280 49 Scbindler's
1497 2910 206 47 Partitur

132 2986 325 66 (Manuscript)
481 2986 98 48 sind
606 2987 122 49 diese
752 2989 142 48 Tacte
913 3006 140 49 sogar
1078 2989 80 48 mit
1495 2987 181 50 bezeich-

134 3076 92 42 net.
252 3069 122 47 Herr
396 3067 105 47 Wü
517 3067 34 47 11
567 3084 62 32 ne
643 3085 35 40 r,
695 3067 197 50 Schüler
906 3067 298 59 Schindlers,
1223 3067 203 68 befolgte
1444 3066 125 51 diese
1586 3067 87 50 Tra-

135 3147 142 50 dition
309 3147 44 49 in
385 3146 83 48 der
498 3147 316 65 Ausführung
852 3149 79 48 des
967 3149 203 49 Werkes
1199 3149 44 48 in
1279 3147 210 56 Aachen,
1524 3146 93 50 und
1656 3164 47 32 es

137 3229 184 48 machte
339 3227 102 50 eine
461 3227 107 47 sehr
586 3236 110 56 gute
719 3229 255 66 Wirkung,
1000 3245 165 33 wovon
1184 3229 85 48 wir
1293 3246 84 31 uns
1400 3229 141 48 selbst
1562 3227 112 50 über-

136 3316 212 57 zeugten.
400 3306 154 50 Schon
592 3307 86 50 ehe
719 3307 81 49 wir
833 3307 150 50 dieser
1021 3307 311 68 Aufführung
1384 3307 317 58 beiwohnten,

136 3390 159 48 hatten
320 3389 83 47 wir
433 3386 123 50 diese
587 3387 334 66 Anfangstacte
951 3396 108 41 stets
1090 3387 159 50 scharf
1274 3389 196 49 markirt
1499 3387 204 66 gewollt,

136 3467 95 51 und
262 3467 146 51 nichts
437 3467 55 49 ist
521 3467 225 50 wahrlich
772 3469 237 64 widriger,
1040 3469 63 48 als
1134 3469 73 48 ein
1238 3467 333 51 Ueberhudeln
1598 3465 76 51 der-

135 3547 176 58 selben,
344 3547 198 50 welches
573 3547 81 50 das
685 3549 137 48 dritte
854 3549 163 48 Achtel
1052 3549 84 48 fast
1166 3549 244 49 unhörbar
1442 3547 167 50 macht.

255 3629 89 48 Am
377 3626 357 50 auffallendsten
781 3627 79 49 für
892 3627 72 50 die
993 3627 221 66 Läugner
1245 3629 123 48 eines
1406 3625 172 71 Tempo
1617 3641 54 36 ru-

136 3706 104 52 bato
268 3707 45 50 in
344 3707 430 50 Orchestersachen
805 3707 55 50 ist
892 3709 71 48 die
992 3707 142 50 Stelle
1163 3707 45 50 in
1240 3707 82 50 der
1360 3707 207 50 achten
1599 3706 78 50 Sin-

137 3787 139 58 fonie,
306 3787 61 49 im
400 3794 151 42 ersten
575 3789 152 56 Satze,
758 3787 47 50 S.
832 3787 32 50 6
898 3787 470 66 (Original-Partitur
1392 3805 85 32 von
1501 3787 54 50 T.
1580 3787 90 49 Has-

137 3867 186 55 linger),
354 3867 116 49 Tact
501 3866 61 50 6:

137 4186 94 50 und
271 4186 123 50 eben
433 4203 50 31 so
525 4185 70 49 bei
636 4186 119 48 allen
789 4185 457 67 Wiederholungen.
1306 4186 174 50 Stände
1510 4186 74 50 die
1616 4188 57 48 Be-

135 4266 264 68 zeichnung
437 4266 123 50 nicht
601 4265 76 61 da,
722 4265 91 51 und
862 4284 46 32 es
955 4266 103 50 fiele
1106 4266 149 51 einem
1297 4268 273 67 Dirigenten
1616 4268 90 60 ein,

1797 1468 73 50 die
1900 1468 140 49 Stelle
2070 1468 60 49 im
2560 1468 172 69 Tempo
2955 1468 167 51 rubato
2573 1470 172 66 spielen
2789 1490 51 29 zu
2883 1472 165 59 lassen,
3094 1474 143 49 welch
3282 1475 70 48 ein

1798 1548 219 50 Geschrei
2065 1551 193 47 würden
2303 1551 72 48 die
2408 1552 382 47 Metronomisten
2836 1569 151 49 gegen
3034 1552 87 51 den
3171 1556 190 47 Frevler

1797 1627 233 51 erheben!
2073 1630 104 49 Und
2211 1630 211 49 dennoch
2456 1631 124 50 hätte
2610 1649 50 32 er
2690 1631 71 50 die
2792 1632 231 50 Intention
3057 1634 302 50 Beethoven's

1797 1707 165 68 richtig
1995 1707 244 66 getroffen.

1917 1788 188 50 Andere
2135 1790 192 54 Stellen,
2371 1790 43 48 in
2460 1791 206 48 welchen
2703 1791 261 50 Beethoven
3009 1792 73 50 die
3124 1795 234 65 zögernde

1800 1868 270 67 Bewegung
2102 1870 124 47 nicht
2256 1868 326 50 ausdrücklich
2618 1871 266 50 bezeichnet
2915 1874 94 57 hat,
3039 1874 98 48 sind
3165 1891 194 32 unserer

1798 1948 147 50 vollen
1986 1947 375 68 Ueberzeugung
2407 1951 115 48 nach
2568 1950 211 49 dennoch
2825 1969 49 32 so
2919 1954 335 57 auszuführen,
3298 1955 64 48 als

1798 2032 125 46 wäre
1952 2030 64 47 sie
2046 2030 404 62 vorgeschrieben.
2491 2031 155 48 Dahin
2679 2031 200 50 rechnen
2912 2034 87 47 wir
3027 2051 33 32 z.
3091 2035 50 48 B.
3173 2035 59 48 im
3265 2035 65 48 An-

1798 2109 139 48 dante
1969 2109 82 48 der
2082 2110 181 47 fünften
2296 2110 206 48 Sinfonie
2534 2109 65 67 (S.
2633 2110 91 62 67)
2770 2111 72 48 die
2887 2112 121 49 sanft
3046 2114 83 47 auf
3168 2114 92 49 und
3303 2115 59 48 ab

1801 2189 258 66 wogenden
2092 2190 560 66 Sechszehntel-Figuren
2684 2191 81 48 der
2801 2192 147 57 Flöte,
2986 2192 138 51 Oboe
3157 2195 92 48 und
3282 2195 80 48 der

1800 2270 284 48 Clarinetten
2115 2286 80 32 vor
2225 2270 104 48 dem
2359 2270 213 49 Eintritte
2597 2271 79 48 des
2778 2272 43 49 in
3057 2274 142 49 deren
3232 2275 130 49 letzte

1798 2350 388 47 Staccato-Tacte
2216 2350 280 48 namentlich
2533 2350 334 66 Verzögerung
2898 2354 276 64 verlangen;
3204 2355 45 48 in
3281 2354 81 48 der

1801 2429 238 49 Pastorale
2070 2429 73 49 die
2172 2431 110 47 zwei
2315 2430 163 48 letzten
2505 2431 142 48 Tactfe
2671 2430 345 70 (Flöten-Solo)
3043 2434 79 49 des
3156 2435 174 58 „Gewit-

1980 2507 121 50 dann
2146 2509 59 48 im
2243 2509 216 66 Anfange
2488 2510 94 48 und
2615 2528 74 30 am
2718 2511 128 50 Ende
2879 2511 78 50 des
2992 2514 337 67 „Hirtengesan-

1950 2587 86 50 den
2069 2589 98 49 Ruf
2192 2589 79 48 des
2304 2590 173 54 Horns,
2508 2608 42 31 u.
2583 2608 41 31 a.
2657 2609 60 32 m.

1917 2669 152 48 Sehen
2116 2669 83 47 wir
2239 2685 83 32 uns
2366 2669 201 48 vollends
2609 2670 72 47 die
2719 2671 207 47 Partitur
2969 2670 83 49 der
3096 2681 265 42 neunten

1798 2747 207 50 Sinfonie
2037 2765 74 39 an,
2149 2765 50 32 so
2230 2747 154 50 finden
2418 2750 83 47 wir
2533 2750 146 66 gleich
2712 2750 58 48 im
2806 2759 149 40 ersten
2991 2752 191 66 Allegro
3215 2754 144 48 durch

1800 2827 72 49 die
1917 2827 177 50 öfteren
2143 2827 382 66 Bezeichnungen
2571 2846 85 31 von
2997 2831 91 48 und

1801 2909 93 48 und
1923 2905 286 53 ritardando
2242 2926 56 31 an
2329 2910 143 47 vielen
2505 2910 170 48 Stellen
2715 2914 72 44 ein
2826 2909 171 71 Tempo
3025 2911 165 51 rubato
3221 2930 112 48 ange-

1798 2987 135 66 zeigt,
1976 2987 80 49 das
2098 2989 94 47 sich
2237 3005 139 47 sogar
2421 2987 260 51 manchmal
2729 3008 88 30 nur
2861 2990 84 49 auf
2983 2991 210 50 Theile
3237 2994 125 48 eines

1800 3069 165 47 Tactes
1999 3066 196 57 bezieht,
2226 3085 33 31 z.
2289 3069 48 48 B.
2370 3085 88 31 nur
2489 3069 82 48 auf
2597 3067 71 51 die
2700 3070 163 48 letzten
2897 3070 95 49 drei
3024 3071 338 52 Sechszehntel.

1800 3149 109 48 Man
1942 3147 258 66 vergleiche
2230 3149 46 48 S.
2320 3149 84 54 11,
2458 3149 83 56 12,
2595 3150 84 56 15,
2732 3149 85 56 17,
2863 3150 91 57 21,
2994 3150 90 57 23,
3133 3151 90 59 28,
3270 3151 92 57 33,

1802 3226 71 51 38
1989 3225 177 68 \dolce),
2167 3226 19 50 4l
2219 3226 52 65 (2
2305 3226 125 67 Mal).
2451 3229 148 48 —lm
2630 3230 200 48 Scherzo
2860 3231 206 61 gehören
3100 3230 160 49 hieher
3291 3231 71 50 die

1801 3307 107 49 acht
1938 3307 141 49 Tacte
2108 3304 270 71 stringendo
2407 3306 65 67 (S.
2500 3307 90 68 65)
2621 3309 91 48 und
2746 3309 81 48 der
2858 3310 329 49 Schluss-Tact
3216 3312 46 49 S.
3291 3310 68 52 73

1793 3403 121 53 poco
2088 3384 274 53 ritardando.
2363 3389 21 47 Das
2417 3387 182 65 Adagio
2638 3389 100 64 gibt
2783 3387 145 50 durch
2962 3389 81 49 das
3082 3391 279 66 gemässigte

1802 3467 179 65 Tempo
2013 3466 78 48 des
2122 3467 295 50 Mittelsatzes
2456 3469 42 47 in
2540 3466 20 27 3
2564 3464 191 71 /4-Tact
2784 3470 71 47 ein
2891 3469 191 66 Beispiel
3117 3470 82 49 der
3231 3471 102 50 Frei-

1801 3547 94 49 heit
1924 3547 83 47 der
2039 3547 273 65 Bewegung
2341 3549 61 48 im
2435 3549 218 56 Grossen,
2699 3565 94 32 was
2837 3550 177 48 Berlioz
3055 3568 115 48 ganz
3216 3551 116 50 unbe-

1802 3626 226 67 greiflich,
2074 3627 273 49 willkürlich
2381 3627 93 49 und
2820 3629 124 58 fand,
2988 3630 221 50 während
3244 3631 115 50 doch

1801 3707 117 50 nach
1960 3706 81 50 der
2086 3707 351 66 wehmüthigen
2477 3709 151 64 Klage
2671 3707 79 50 des
2781 3709 185 66 Adagio
3015 3709 83 49 der
3141 3728 49 32 so
3235 3711 127 66 innig

1800 3787 269 50 tröstenden
2115 3787 199 49 Melodie
2370 3789 60 47 im
3168 3785 194 53 Andant
3032 3790 71 48 ein
3162 3791 200 49 anderer

1802 3869 117 47 Tact
1941 3866 92 50 und
2059 3869 101 47 eine
2185 3866 172 50 andere
2384 3867 270 67 Bewegung
2680 3885 85 49 gar
2794 3870 108 47 sehr
2931 3885 304 49 angemessen
3268 3871 91 49 und

1802 3946 71 50 ein
1906 3946 105 48 echt
2042 3946 416 48 Beethoven'scher
2480 3949 102 63 Zug
2611 3947 115 50 sind.
2742 3949 135 47 —lm
2910 3947 161 51 Finale
3102 3950 259 66 vergleiche

1805 4043 105 31 man
1941 4026 45 48 S.
2021 4025 70 51 98
2125 4025 85 49 den
2242 4026 188 48 Schluss
2461 4027 78 49 des
2568 4027 263 58 Recitativs,
2870 4026 125 51 dann
3027 4029 251 48 besonders
3311 4031 46 47 S.

1810 4106 104 50 109
1948 4105 93 49 und
2079 4104 108 52 110
2230 4105 14 66 (
2249 4121 118 54 poco
2397 4104 133 53 riten.
2572 4107 67 49 bis
2682 4125 102 32 zum
2817 4124 117 52 poco
2971 4106 185 70 Adagio
3199 4110 159 50 mitten

1801 4185 62 49 im
1895 4184 189 68 Allegro
2120 4182 162 68 assai),
2326 4188 45 46 S.
2403 4185 110 51 205
2563 4185 77 67 (im
2676 4186 126 51 Chor
2846 4188 92 48 und
2972 4189 255 48 Orchester
3267 4190 92 47 vier

1802 4268 144 48 Tacte
1967 4281 116 53 poco
2113 4264 182 70 Adagio
2324 4266 60 50 im
2414 4265 186 69 Allegro
2601 4269 33 65 ),
2675 4269 43 48 S.
2746 4266 110 52 208
2884 4268 91 66 (die
3005 4268 81 50 eilf
3104 4270 142 48 Tacte
3278 4269 80 48 der

3085 4349 37 50 4

2834 935 116 57 XIV.
2994 935 279 74 Jahrgang.

208 932 80 55 Nr.
332 932 49 55 4.

1414 922 177 80 KÖM,
1635 934 78 56 27.
1755 934 200 56 Januar
1997 934 144 57 1800.
