4300 3055
3421 205 298 50 POESIA

373 349 116 76 La
560 343 565 86 Renaissance
1189 342 401 79 Catalane

1267 490 9 11 /

187 526 44 24 est
248 528 43 19 un
315 516 59 30 des
394 515 87 36 fails
501 514 45 29 les
566 513 80 39 plus
672 514 200 37 importants
897 511 42 30 de
964 511 34 29 la
1021 510 142 39 période
1198 511 20 29 d
1234 517 247 31 acant-guerre,
1517 516 73 22 tant
1624 520 45 18 au
1689 508 102 38 poiiit

186 572 39 30 de
249 581 59 19 vue
340 574 179 32 purement
557 566 205 39 hispanique
798 576 45 27 qu
857 576 46 18 au
923 566 102 37 point
1059 565 41 29 de
1136 576 60 18 vue
1220 565 180 37 européen.

312 622 94 30 Cette
430 621 229 30 Renaissance
683 619 75 30 s'est
778 619 164 38 produite
966 618 87 30 dans
1091 626 73 21 tous
1191 618 45 29 les
1272 617 114 30 ordres
1422 616 41 30 de
1498 616 11 29 l
1522 616 136 29 actixité
1691 616 83 36 spiri-

188 677 106 32 tuelle.
320 675 74 30 Elle
418 686 21 18 a
464 675 51 29 été
541 674 125 37 lirique
691 684 78 18 avec
802 673 30 32 J.
858 672 178 38 Maragall
1059 679 31 22 et
1118 672 103 37 Josep
1248 670 138 35 Carner,
1418 668 271 40 philosophique
1712 678 79 19 avec

185 731 131 38 Eugène
343 728 109 35 d'Ors,
474 727 173 38 picturale
682 737 79 19 avec
795 726 165 37 Joaquim
996 725 144 37 Sunyer,
1176 724 65 29 elle
1266 736 20 17 a
1306 724 144 38 produit
1483 722 58 30 des
1565 724 144 32 artistes,
1732 720 59 31 des

185 794 167 29 penseurs,
376 782 57 29 des
460 781 149 30 hommes
634 779 122 31 d'Etat.
792 779 84 30 Sous
898 790 64 19 son
985 786 192 31 apparente
1201 778 158 29 diversité
1378 783 169 32 pourtant
1571 775 26 29 il
1619 774 83 38 faut
1724 774 51 30 dis-

188 839 130 36 tinguer
343 836 126 37 l'esprit
501 836 58 36 qui
594 834 155 34 l'anime;
783 840 86 23 cette
895 833 214 29 renaissance
1133 832 76 29 s'est
1241 830 86 37 faite
1352 837 73 22 tout
1448 830 129 28 enlière
1600 835 127 23 autour
1749 827 42 29 de

187 892 31 29 la
242 891 134 37 langue.

310 943 94 29 Cette
430 942 128 38 langue
592 941 172 35 catalane,
801 940 86 29 belle
917 948 32 21 et
982 950 121 19 sonore
1140 946 94 21 entre
1268 944 102 27 toute,
1404 937 61 37 qui
1499 936 92 30 avait
1625 934 75 31 subi
1725 945 65 19 une

185 997 118 38 éclipse
331 1003 240 22 momentanee
596 995 149 29 trouvait
769 1004 66 19 une
860 993 158 30 nouvelle
1048 992 218 39 fiorescence,
1290 998 31 21 et
1343 990 42 29 de
1417 989 196 38 Verdaguer
1635 989 21 28 à
1681 988 90 29 Mara-

183 1050 73 39 gall
274 1049 141 38 jusqu'à
441 1049 102 38 Josep
562 1048 132 30 Carner
715 1055 32 22 et
771 1058 70 19 aux
861 1049 119 37 poètes
998 1048 128 27 récents
1151 1045 46 29 les
1213 1044 231 29 admirateurs
1462 1042 45 30 du
1527 1043 102 37 génie
1651 1041 141 30 catalan

181 1111 143 32 peuvent
348 1104 112 29 suivre
486 1102 33 29 la
543 1102 124 29 courbe
693 1101 132 39 lyrique
849 1102 60 36 qui
933 1111 140 27 marque
1096 1106 85 23 cette
1204 1099 199 37 expansion.

309 1157 48 29 La
384 1156 231 30 Renaissance
640 1155 170 30 Catalane
834 1166 19 18 a
879 1156 51 28 été
951 1160 182 33 purement
1156 1151 203 39 spiriiuelle,
1377 1150 64 30 elle
1466 1162 20 18 a
1515 1152 53 28 été
1592 1150 30 29 le
1651 1148 143 30 lésultat

184 1211 39 30 de
247 1210 123 39 Veffort
394 1210 57 29 des
477 1209 226 30 intellectuels
726 1208 167 34 catalans,
917 1215 32 22 et
971 1209 28 28 si
1025 1207 33 28 la
1081 1208 113 36 pierre
1218 1206 41 29 de
1284 1204 121 30 touche
1429 1204 102 29 d'une
1556 1203 126 37 langue
1707 1209 85 22 reste

185 1276 34 19 sa
240 1265 124 38 poésie,
392 1263 34 30 la
445 1265 121 36 poésie
589 1262 163 30 catalane
775 1270 49 21 est
858 1261 225 38 aujourd'hui
1106 1260 103 38 digne
1234 1259 41 29 de
1303 1258 135 39 figurer
1460 1268 43 19 en
1524 1256 80 38 face
1633 1256 57 30 des
1711 1256 80 37 plus

185 1317 140 31 célèbres
347 1319 133 36 poésies
505 1318 242 36 européennes.

315 1371 72 29 Lesr
413 1371 141 29 lecteurs
590 1369 41 30 de
698 1368 158 31 POESIA
921 1374 183 32 gouteront
1138 1366 80 30 chez
1251 1366 47 29 M.
1327 1365 30 32 J.
1382 1364 45 31 M.
1458 1363 218 39 Lòpez-Picó,
1710 1362 82 30 dont

185 1425 132 30 l'oeuvre
345 1432 49 22 est
419 1423 199 30 nombreuse
642 1431 32 21 et
696 1422 239 39 significative,
958 1433 36 18 ce
1015 1422 99 29 souci
1131 1420 41 30 de
1190 1420 34 29 la
1241 1418 116 38 forme
1381 1426 32 21 et
1436 1418 42 29 de
1495 1417 35 30 la
1548 1416 89 31 belle
1658 1418 135 36 pensée.

187 1479 42 30 Ge
251 1480 113 36 poète,
391 1477 74 30 Vun
488 1477 58 30 des
566 1477 80 38 plus
672 1483 198 31 marquants
894 1476 113 37 parmi
1032 1474 45 30 les
1097 1475 121 37 jeunes
1238 1474 117 38 poètes
1378 1472 41 31 de
1444 1470 200 38 Catalogne,
1667 1469 126 30 excelle

185 1534 20 28 à
228 1532 187 30 enchdsser
439 1542 66 19 une
524 1531 73 38 fine
621 1538 32 22 et
677 1530 102 29 noble
803 1530 76 29 idée
903 1529 85 30 dans
1023 1527 163 39 quelques
1220 1526 151 38 strophes
1395 1525 112 30 brèves
1539 1532 34 22 et
1602 1522 170 40 parfaites
1785 1534 9 18 :

193 1586 25 29 A
242 1596 65 18 una
330 1585 86 29 Font
451 1592 85 21 reste
560 1595 21 18 ci
604 1590 51 23 cet
689 1583 106 38 égard
830 1593 66 18 une
929 1583 107 37 petite
1072 1579 169 32 merveille
1275 1580 78 28 blen
1386 1578 282 36 caractéristique
1693 1576 41 30 de
1759 1575 33 29 la

187 1641 147 27 manière
359 1639 47 29 du
427 1641 111 35 poète.
574 1637 89 30 Mais
688 1636 116 38 quand
830 1636 25 29 il
878 1635 189 39 développe
1090 1645 62 18 son
1177 1633 109 29 thème
1315 1632 46 30 M.
1386 1632 30 33 J.
1446 1632 44 30 M.
1516 1630 210 38 Lòpez-Picó
1751 1640 42 18 ne

187 1692 28 30 le
237 1693 81 29 cède
343 1704 41 17 en
410 1693 72 28 rien
506 1702 69 19 aux
610 1691 171 29 meilleurs
816 1690 168 38 lyriques;
1020 1689 34 29 la
1088 1688 125 31 Balada
1241 1687 40 28 de
1316 1686 31 29 la
1364 1686 96 29 Dona
1484 1695 65 27 que
1577 1690 95 24 canta
1697 1693 41 19 en
1763 1682 29 29 la

186 1748 48 28 nit
256 1747 123 29 chante
402 1757 132 18 comme
560 1755 65 19 une
650 1745 153 36 musique
826 1745 109 33 émue,
955 1749 249 32 penetrante....
1229 1741 44 30 Sa
1296 1740 150 30 sonorità
1470 1747 48 21 est
1542 1739 137 37 exquise
1703 1744 32 22 et
1760 1736 33 30 la

188 1800 124 39 langue
336 1801 58 36 qui
430 1810 19 18 a
484 1798 145 39 produit
653 1805 85 22 cette
769 1798 97 37 pièce
898 1804 86 31 peut
1018 1795 159 30 rivaliser
1210 1805 81 18 avec
1316 1793 45 30 les
1392 1792 81 39 plus
1498 1791 129 30 vieilles
1653 1790 141 38 langues

187 1855 238 36 européennes.

1212 1892 60 46 A.
1318 1889 406 59 Schneeberger.

681 2059 90 69 A
826 2080 208 47 una
1086 2055 221 72 font

443 2227 186 38 Brollada
659 2226 49 37 de
740 2226 35 37 la
807 2225 136 48 pedra,
976 2235 85 27 com
1094 2223 184 38 Minerva
1310 2221 60 38 del
1402 2220 126 38 front:

442 2291 95 38 total
570 2291 6 36 i
610 2291 200 45 recatada,
843 2289 214 38 mesurada
1089 2288 8 37 i
1129 2287 217 49 despresa;

445 2366 226 38 companya
702 2354 85 37 dels
821 2355 140 35 homes
992 2353 8 37 i
1032 2353 163 37 claretat
1226 2351 62 37 del
1321 2351 105 44 inón,

443 2420 215 37 llibèrrima
689 2419 7 36 i
731 2420 184 43 honesta,
946 2418 53 36 oh
1030 2416 97 46 font,
1158 2417 53 36 oh
1245 2414 155 39 saviesa
1419 2413 7 38 !

444 2536 43 37 E1
523 2536 78 38 doli
632 2547 72 26 cau
737 2536 268 47 espaiant-se;
1039 2534 8 36 i
1079 2533 165 38 tremola
1276 2542 78 27 una
1387 2531 99 37 mica

443 2601 33 37 el
509 2599 122 38 mirali
663 2610 78 38 que
772 2599 37 37 fa
841 2599 164 50 Taigua;
1039 2599 95 47 però
1166 2599 66 35 tan
1264 2597 213 37 suaument

445 2675 77 37 que
554 2663 35 38 la
620 2663 74 38 sed
725 2674 42 27 es
799 2662 107 38 fonia
941 2673 51 27 no
1025 2661 83 39 més
1141 2661 141 37 mirant
1311 2660 37 38 la
1379 2660 88 48 pica

445 2739 53 27 on
530 2728 55 37 els
617 2728 139 37 arbres
788 2726 7 37 i
827 2726 32 37 el
890 2726 58 37 cel
979 2725 65 38 fan
1077 2736 53 26 un
1162 2724 59 38 sol
1254 2726 249 46 pensament.

2114 340 305 83 Balada
2451 340 99 83 de
2580 341 73 80 la
2684 340 211 83 d
2926 340 65 100 òna
3013 340 65 100 que
3119 344 227 77 canta
3378 372 95 49 en
3505 340 71 81 la
3614 344 105 76 nit

2374 500 38 40 Si
2447 501 85 39 n'és
2565 512 78 27 una
2674 501 108 38 dona
2813 501 65 49 qui
2910 503 116 37 canta
3057 512 48 27 eri
3137 501 35 37 la
3202 501 54 37 nit

2377 571 108 37 quan
2517 562 143 35 canten
2692 560 56 37 els
2780 560 98 49 galls
2910 561 7 36 i
2950 560 156 37 dancen
3138 559 191 47 estrelles,

2375 619 7 36 i
2420 630 48 26 en
2501 619 55 37 els
2588 630 139 37 carnps
2759 621 57 36 els
2847 619 107 50 griils
2986 619 119 37 diuen
3138 618 266 37 meravelles...

2379 677 39 38 Si
2452 677 85 38 n'és
2569 689 79 26 una
2679 678 108 37 dona
2819 678 66 48 qui
2917 680 114 35 canta
3062 688 47 27 en
3141 676 34 38 la
3207 677 63 38 nit.

2380 774 60 38 No
2472 775 9 36 l
2485 773 8 16 ?
2500 775 48 37 he
2579 774 100 38 vista
2711 774 72 38 mai
2802 788 8 33 ;
2843 774 7 37 i
2883 776 114 35 canta
3029 785 75 37 que
3136 775 125 36 canta.

2374 833 52 37 Es
2459 833 71 37 ella
2563 833 65 49 qui
2662 833 125 37 encén
2820 833 36 37 la
2887 832 127 38 claror
3045 843 76 37 que
3154 832 51 37 llu

2377 903 49 26 en
2459 893 35 36 la
2523 892 111 37 fosca
2666 892 130 39 nit?...
2828 891 62 37 No
2923 893 51 35 ho
3007 891 73 37 sab
3113 901 72 37 pas
3218 891 159 49 ningù.,.

2373 951 63 38 No
2467 952 79 36 l'he
2577 952 98 37 vista
2707 950 96 45 mai;
2835 950 8 37 i
2875 952 116 36 canta
3022 960 79 37 que
3137 952 125 35 canta.

2375 1046 39 40 Si
2448 1048 85 38 n'és
2565 1058 79 26 una
2674 1048 108 36 dona
2814 1046 66 49 qui
2914 1048 117 36 canta
3063 1056 48 26 en
3144 1046 32 36 la
3208 1048 65 34 nit;

2381 1107 53 38 La
2465 1108 127 47 cangó
2624 1117 76 37 que
2732 1108 115 35 canta
2878 1105 49 37 bé
2958 1105 115 37 i'hem
3106 1115 99 38 prou
3237 1103 175 46 sentida;

2376 1166 164 38 talment
2572 1166 31 38 si
2636 1167 53 35 tot
2720 1164 123 38 d'una
2873 1163 107 39 se'ns
3013 1164 55 37 fes
3099 1165 116 36 canta
3246 1164 33 35 la
3309 1162 102 37 vida.

2377 1223 40 40 Si
2449 1224 85 38 n'és
2566 1235 79 27 una
2676 1224 107 37 dona
2814 1223 65 48 qui
2911 1224 115 36 canta
3056 1233 47 26 en
3135 1222 35 36 la
3201 1223 64 35 nit.

2374 1322 61 38 No
2467 1322 79 37 l'he
2577 1321 101 38 vista
2710 1322 95 44 mai;
2836 1321 9 35 i
2876 1323 114 34 canta
3022 1329 76 37 que
3129 1322 126 34 canta.

2382 1382 66 36 Els
2479 1381 185 37 vianants
2705 1390 176 37 pensen:
2954 1377 88 38 Dèu
3084 1388 63 27 ser
3177 1388 23 26 a
3229 1387 94 27 casa
3359 1376 32 37 el
3422 1378 108 40 cant;

2381 1441 127 47 cangó
2541 1439 49 37 de
2622 1438 35 38 la
2688 1449 105 27 mare
2826 1438 65 48 qui
2924 1437 137 38 adorm
3094 1437 134 37 nostre
3259 1435 162 38 infant...
3442 1464 16 16 „

2380 1499 62 37 No
2474 1498 77 37 l'he
2582 1498 99 37 vista
2714 1496 73 39 mai
2803 1509 7 34 ;
2842 1497 7 36 i
2882 1498 115 36 canta
3029 1506 76 37 que
3141 1496 125 36 canta.

2379 1594 38 40 Si
2451 1594 84 38 n'és
2567 1605 79 26 una
2678 1594 105 37 dona
2814 1592 66 49 qui
2912 1594 114 35 canta
3057 1602 47 27 en
3135 1592 37 36 la
3201 1590 75 46 nit;

2378 1654 179 49 jovencel
2589 1663 47 27 en
2669 1651 151 39 somnis
2852 1661 146 39 pensa;
3030 1661 108 27 amor
3168 1650 133 48 vigila;

2379 1714 127 47 cangó
2539 1712 48 38 de
2619 1711 136 38 l'amor
2786 1710 169 39 filadora
2984 1709 104 38 fila...

2379 1770 39 40 Si
2451 1772 85 37 n'és
2568 1782 78 26 una
2677 1770 107 37 dona
2815 1770 66 47 qui
2913 1770 116 36 canta
3060 1778 47 27 en
3141 1767 33 37 la
3205 1767 66 37 nit.

2379 1868 61 37 No
2472 1867 75 38 l'he
2578 1867 102 37 vista
2711 1865 73 39 mai
2800 1877 7 35 ;
2839 1866 7 36 i
2878 1867 116 36 canta
3026 1875 77 37 que
3140 1865 127 35 canta.

2379 1926 59 38 En
2470 1927 34 37 la
2537 1926 54 37 nit
2623 1926 142 49 batega
2796 1935 51 27 un
2880 1923 90 37 llum
3003 1933 86 28 coni
3123 1932 52 26 un
3207 1931 86 28 cor:

2383 1986 142 48 cangó,
2556 1985 231 47 cangoneta,
2818 1982 100 38 cada
2949 1985 89 34 nota
3070 1982 42 37 és
3144 1980 122 38 d'or...

2379 2045 62 37 No
2475 2043 78 38 l'he
2584 2043 101 38 vista
2717 2043 95 45 mai;
2843 2044 9 34 i
2882 2043 114 36 canta
3028 2051 76 37 que
3135 2041 127 36 canta.

2380 2139 39 40 Si
2453 2139 86 38 n'és
2575 2149 78 27 una
2685 2138 106 38 dona
2822 2137 65 48 qui
2918 2138 114 36 canta
3064 2147 48 26 en
3144 2135 33 37 la
3208 2134 76 48 nit;

2387 2200 128 47 cangó
2547 2208 77 38 que
2655 2209 49 26 en
2735 2198 35 36 la
2801 2196 54 36 nit
2885 2206 71 27 ens
2987 2195 60 37 fas
3079 2192 278 51 companyia!;

2389 2259 105 36 dona
2525 2257 65 48 qui
2622 2257 36 36 la
2686 2257 137 36 cantes
2855 2254 31 38 si
2916 2255 38 48 jo
2984 2255 35 35 et
3049 2252 179 38 coneixia
3246 2251 47 38 !...

2382 2316 38 39 Si
2455 2316 84 37 n'és
2574 2326 79 26 una
2685 2315 105 36 dona
2821 2314 65 47 qui
2918 2314 116 37 canta
3064 2323 47 25 en
3144 2311 35 36 la
3211 2311 65 36 nit.

2381 2412 62 38 No
2473 2412 76 37 l'he
2579 2412 101 36 vista
2710 2410 97 45 mai;
2838 2408 8 38 i
2879 2410 114 37 canta
3024 2418 76 37 que
3130 2409 136 44 canta;

2382 2471 35 38 la
2447 2471 36 37 té
2514 2469 101 39 cada
2646 2468 119 49 poble
2797 2468 8 36 i
2837 2467 42 38 és
2912 2467 48 37 de
2991 2466 101 38 cada
3123 2465 91 37 nit...

2382 2529 39 39 Si
2455 2528 84 39 n'és
2570 2539 82 26 una
2683 2527 107 37 dona
2822 2526 65 48 qui
2920 2527 113 36 canta
3065 2535 48 26 en
3145 2523 34 37 la
3211 2525 93 35 nit...

2380 2589 63 38 No
2474 2589 75 37 l'he
2580 2587 100 37 vista
2713 2585 96 46 mai;
2840 2585 7 37 i
2881 2586 114 36 canta
3027 2594 77 37 que
3136 2585 128 34 canta.

2950 2680 55 79 J.
3170 2678 92 62 M.
3455 2677 184 77 López-Picó.

3665 2823 63 50 43
