4300 3055
471 2861 43 31 22

475 250 299 49 POESIA

1019 640 838 139 L'amour
1964 678 236 94 ne
2309 635 546 137 laisse
2959 678 476 127 pas...

537 1068 215 47 L'amour
786 1085 57 33 ne
882 1071 141 47 laisse
1060 1084 88 47 pas
1183 1084 92 45 que
1318 1071 268 60 longtemps
1623 1081 61 33 on
1722 1068 209 56 l'oublie,

534 1156 72 47 Au
641 1157 121 46 front
796 1159 79 57 qui
910 1156 66 47 fut
1009 1156 182 47 distrait
1227 1156 28 46 il
1291 1157 93 45 met
1420 1167 59 34 un
1515 1155 117 59 joug
1666 1154 108 59 plus
1812 1154 100 55 dur,

536 1242 30 45 Il
603 1244 65 57 git
703 1255 59 32 au
799 1241 113 47 fond
948 1240 88 47 des
1072 1253 141 47 corps
1249 1253 185 34 comme
1470 1253 59 33 au
1564 1239 115 47 fond
1716 1240 59 46 de
1813 1239 142 47 l'azur

534 1326 133 47 Ainsi
705 1326 171 60 qu'une
914 1338 146 35 suave
1097 1329 44 44 et
1178 1328 282 58 persistante
1497 1326 74 46 lie.

536 1495 174 59 Quand
747 1498 119 45 dans
901 1498 72 45 les
1007 1499 131 57 jours
1173 1495 196 60 parfaits
1404 1496 87 46 des
1528 1498 100 44 étés
1665 1498 285 58 somptueux

537 1580 74 50 On
649 1584 115 45 croit
800 1583 201 58 pouvoir
1035 1593 113 36 sans
1183 1582 63 45 lui
1282 1580 243 47 connaftre
1561 1580 308 61 l'allégresse,

536 1667 30 45 Il
600 1668 183 46 trouble
820 1669 131 45 notre
987 1668 94 58 joie
1116 1678 62 36 ou
1214 1667 109 45 bien
1361 1668 131 43 notre
1529 1675 197 49 paresse

534 1752 89 47 Par
659 1766 61 33 un
757 1753 142 47 doute
936 1754 179 56 rèveur,
1152 1763 175 49 sagace
1364 1753 44 44 et
1442 1750 308 61 langoureux.

2482 1093 61 4 —
2580 1065 133 47 Vous
2749 1066 202 59 avais-je
2987 1066 176 56 oublié,
3200 1066 214 59 avais-je,
3451 1065 110 46 folle
3601 1068 44 43 et
3680 1065 144 57 triste,

2482 1150 71 49 Un
2592 1150 178 46 instant
2806 1149 216 60 échappé
3059 1150 25 45 à
3120 1160 87 36 vos
3244 1152 277 44 constantes
3558 1150 134 46 lois?

2481 1234 279 47 Inexorable
2796 1234 195 47 Amour!
3027 1234 217 61 Avais-je
3282 1235 94 46 dit:
3413 1235 208 60 J'existe,

2479 1322 51 59 Je
2567 1322 194 58 respire,
2798 1323 45 57 je
2879 1322 116 56 suis,
3031 1322 44 58 je
3112 1319 234 60 réfléchis,
3382 1323 44 57 je
3462 1322 121 57 vois,

2481 1494 124 50 Sans
2641 1506 73 35 me
2751 1494 148 47 sentir
2934 1494 212 46 soumise
3183 1494 27 46 à
3244 1506 89 34 vos
3368 1494 232 46 sublimes
3636 1493 168 46 ordres
3824 1508 11 41 ;

2479 1583 215 57 Avais-je
2731 1581 171 46 décidé
2939 1591 93 47 que
3069 1580 152 59 j'étais
3259 1580 115 47 libre
3412 1580 128 45 enfin

2483 1666 70 48 De
2591 1667 253 46 détourner
2879 1666 44 46 la
2957 1667 112 57 joue
3104 1666 63 46 où
3202 1676 122 36 vous
3360 1665 264 47 souhaitiez
3659 1663 201 59 mordre,

2482 1752 55 47 Et
2572 1752 59 46 d«
2669 1751 269 47 n'assouvir
2973 1751 107 58 plus
3113 1751 132 46 votre
3281 1750 106 58 soif,
3422 1752 131 45 votre
3589 1750 111 45 faim
3719 1751 27 46 ?

1491 1953 53 5 —
1585 1925 53 47 Et
1674 1928 285 57 cependant,
1996 1928 189 56 Amour,
2229 1928 109 45 dieu
2373 1930 253 56 trompeur,
2653 1928 109 45 dieu
2799 1926 157 58 fidèle,

1488 2010 74 47 Du
1602 2013 180 44 distrait
1820 2014 189 45 univers
2044 2025 122 34 vous
2202 2013 42 46 le
2282 2014 100 46 seul
2420 2014 211 60 protégé,

1488 2097 132 48 C'est
1656 2109 73 35 ma
1765 2098 164 60 gioire,
1967 2111 93 45 que
2096 2098 79 46 nul
2212 2111 57 31 ne
2307 2111 170 45 pourra
2514 2098 245 60 déranger,

1489 2182 193 47 D'avoir
1718 2196 55 31 su
1813 2182 254 47 déchiffrer
2102 2186 100 43 tout
2239 2196 54 33 ce
2330 2184 78 57 qui
2446 2196 120 34 vous
2602 2183 173 57 révèle,

1488 2267 193 47 D'avoir
1719 2268 93 45 fixé
1850 2281 100 33 mes
1987 2281 123 47 yeux
2147 2279 80 35 sur
2260 2281 89 34 vos
2385 2268 151 46 mains
2573 2268 265 57 éternelles,

1487 2354 55 46 Et
1578 2354 59 45 de
1675 2354 181 46 n'avoir
1892 2356 113 44 écrit
2042 2366 93 47 que
2171 2367 121 46 pour
2326 2367 122 34 vous
2485 2357 300 57 prolonger...

2491 2562 345 64 Comtesse
3269 2563 62 62 de
3331 2562 1 64 Noailles.
