4300 3055
3480 236 289 48 POESIA

1110 538 1870 155 L'Introvabile

305 931 61 40 Un
397 941 130 38 paese.

306 994 301 44 Lontanissimo,
639 991 118 40 forse.

307 1174 63 39 Un
399 1184 119 39 paese
549 1183 110 28 come
691 1181 42 28 se
766 1181 46 26 ne
841 1169 132 38 vedon
1004 1167 137 49 dipinti
1172 1165 61 39 sui
1263 1164 169 49 ventagli
1472 1173 23 27 o
1535 1161 101 37 nelle
1674 1160 117 37 storie
1828 1158 61 37 dei

412 1237 148 37 corsari
592 1236 74 37 che
696 1234 66 37 fan
793 1242 171 40 sognare
994 1234 8 34 i
1034 1230 165 50 ragazzi.

310 1427 61 39 Un
403 1436 117 39 paese
552 1425 50 37 da
632 1424 118 37 fiaba.

312 1616 60 39 Un
408 1617 125 47 punto
565 1623 157 39 appena
752 1609 290 45 riconoscibile,
1073 1607 60 39 sul
1164 1603 241 50 Planisfero
1435 1603 311 44 arlecchinesco,
1776 1601 59 36 fra
1860 1599 34 38 le

417 1680 169 36 matasse
616 1677 38 36 di
684 1675 52 38 fili
768 1675 67 38 blu
865 1673 101 38 delle
1035 1673 98 35 rotte
1166 1669 61 37 dei
1260 1666 186 51 piroscafi
1515 1666 58 37 fra
1594 1666 31 37 le
1647 1665 67 38 reti
1738 1663 60 38 dei
1822 1673 49 27 me-

417 1741 138 38 ridiani
587 1751 19 27 e
637 1739 61 37 dei
729 1736 170 51 paralleli
929 1735 71 39 tesi
1031 1735 60 36 fra
1122 1733 102 37 nord
1256 1742 19 27 e
1307 1731 94 38 sud:

312 1804 257 49 longitudine,

312 1861 215 46 latitudine,

313 1927 200 46 equatore,

1640 2003 8 10 »

314 2103 26 37 Il
369 2103 169 49 viaggio.

315 2165 298 49 Lunghissimo,
643 2166 118 36 certo.

318 2343 61 39 Un
410 2343 155 51 viaggio
597 2354 46 26 su
674 2341 98 39 treni
805 2341 201 38 bombanti
1039 2351 19 26 e
1088 2338 191 45 tuonanti,
1317 2338 54 36 fin
1408 2336 99 38 dove
1538 2336 136 37 finisce
1705 2335 35 37 la
1775 2337 124 34 terra:

317 2408 36 37 la
383 2409 188 46 partenza
602 2407 49 36 da
681 2416 78 26 una
789 2404 201 38 banchina
1022 2404 36 36 di
1089 2402 165 49 granito,
1287 2401 100 38 dove
1422 2400 31 38 si
1498 2399 144 49 allarga
1686 2397 21 37 il
1752 2407 118 27 mare.

318 2469 30 38 E
379 2472 169 36 arrivare
579 2470 35 37 la
643 2479 90 28 sera
764 2468 37 36 in
832 2467 98 38 vista
961 2466 62 37 del
1053 2468 125 46 primo
1207 2465 127 38 scalo:

320 2544 78 27 una
432 2533 102 37 linea
565 2533 152 36 lucente
749 2541 111 28 come
891 2540 78 27 una
1000 2529 115 49 taglio
1147 2528 36 38 di
1214 2528 118 37 fiume
1364 2529 101 35 sotto
1496 2526 21 36 il
1548 2525 104 38 sole:
1684 2525 124 36 l'ansa
1839 2522 62 37 del

425 2595 103 49 golfo
559 2616 47 4 —

321 2659 77 37 due
430 2658 171 49 ventagli
635 2658 37 36 di
704 2656 166 38 brillanti
901 2655 149 48 liquidi,
1081 2655 32 37 ai
1145 2654 62 37 lati
1239 2653 101 37 della
1369 2662 112 39 prua,
1512 2650 191 39 ricadono
1725 2659 75 27 con
1823 2658 79 27 uno

426 2721 177 39 scroscio
635 2721 157 48 leggero
823 2719 37 37 di
891 2718 163 38 fontana
1082 2737 52 6 —

2208 914 22 37 il
2260 916 116 35 vento
2406 913 146 48 tiepido
2582 924 18 25 e
2632 912 243 48 profumoso,
2907 911 59 37 sul
2996 910 116 46 volto,
3143 920 107 27 come
3281 909 34 37 la
3346 908 127 48 palma
3503 908 35 36 di
3562 917 77 27 una
3662 917 114 27 mano

2314 977 37 37 di
2385 977 134 37 donna
2550 998 46 5 —

2208 1041 34 36 la
2272 1040 90 37 città
2392 1049 153 39 emerge
2576 1050 20 26 a
2627 1048 206 38 sorpresa:
2865 1037 103 45 navi,
2997 1047 87 39 gru,
3115 1036 246 36 architetture
3389 1055 50 4 —

2209 1103 31 38 si
2272 1103 170 48 procede
2472 1102 66 48 più
2568 1101 141 50 adagio
2742 1123 40 3 —

2211 1166 35 37 la
2275 1166 185 49 fumaglia
2490 1167 140 46 stagna
2660 1164 59 38 sul
2750 1166 112 45 porto
2891 1161 226 40 incendiato
3147 1161 61 37 nel
3237 1161 194 36 tramonto
3465 1181 40 3 —

2210 1229 286 47 avanscoperta
2526 1227 59 38 dei
2618 1225 182 49 quartieri
2832 1227 73 36 che
2935 1234 182 39 vengono
3147 1225 179 35 incontro
3356 1244 50 4 —

2213 1292 66 47 più
2310 1291 141 49 adagio
2482 1312 46 6 —

2209 1354 96 49 (una
2337 1354 143 37 chiatta
2509 1354 36 36 di
2578 1354 186 44 carbone,
2795 1351 211 46 sbandata,
3037 1360 110 27 come
3178 1359 51 26 un
3260 1348 190 37 cadavere
3479 1346 37 36 di
3547 1345 155 48 squalo)

2212 1418 230 37 lentamente

2211 1481 172 49 (l'acqua
2413 1481 61 37 del
2506 1482 112 46 porto
2647 1480 20 37 è
2697 1479 76 38 olio
2805 1489 93 27 nero
2928 1489 18 25 e
2977 1474 217 50 aranciato)

2213 1545 67 47 più
2311 1545 232 36 lentamente

2213 1607 144 49 (fischi,
2387 1606 191 46 richiami,
2608 1605 181 38 comandi
2820 1606 38 35 in
2889 1604 129 48 lingue
3049 1600 273 48 sconosciute)

2215 1680 155 37 sempre
2401 1670 66 47 più
2497 1669 233 38 lentamente

2214 1733 134 49 (faccie
2380 1732 224 39 incuriosite
2635 1731 60 38 sui
2728 1730 108 50 moli)

2215 1797 344 37 lentissimamente
2573 1808 7 24 :
2612 1817 48 5 —

2215 1976 121 37 fermi.

2217 2143 29 46 È
2278 2152 64 49 qui
2359 2152 21 37 ?

2216 2215 90 38 Non
2337 2216 20 37 è
2389 2215 79 47 qui.

2219 2277 71 39 Più
2321 2279 172 36 lontano.

2219 2453 147 45 Allora,
2396 2453 163 46 questo:

2221 2527 52 26 un
2296 2526 119 37 paese
2447 2514 36 37 di
2514 2512 167 39 fantasia
2711 2514 101 35 sotto
2844 2521 51 26 un
2926 2509 94 37 cielo
3052 2508 201 44 d'oriente,
3284 2507 37 36 di
3352 2516 141 37 crespo
3523 2504 131 37 chiaro
3669 2514 6 24 :

2221 2590 53 26 un
2304 2588 121 37 paese
2455 2577 63 37 dal
2548 2586 113 27 nome
2693 2573 197 45 musicale,
2914 2573 88 42 che,
3024 2582 21 26 a
3075 2571 109 44 dirlo,
3219 2570 49 36 dà
3298 2580 50 26 un
3371 2578 125 27 suono
3519 2566 35 37 di
3577 2566 211 37 strumento

2326 2650 201 39 percosso,

2221 2716 109 28 come
2361 2714 78 26 una
2470 2705 91 34 nota
2591 2701 37 37 di
2659 2700 171 38 sàmiseu
2862 2709 23 26 o
2916 2698 36 36 di
2983 2707 127 40 gong:

3710 2819 75 34 51
