4300 3055
3455 210 290 46 POESIA

1368 286 1301 122 BOCCIONI

375 543 103 61 Ho
733 541 84 60 vissuto
818 538 75 59 in
894 559 163 57 sogno
1090 558 80 38 un
1197 534 232 80 quadro
1462 534 60 59 di
1556 531 304 61 Boccioni.

374 628 165 59 Sono
573 637 140 47 nato
747 645 113 37 con
893 643 153 48 esso,
1082 619 79 61 mi
1199 643 150 37 sono
1387 618 342 78 sviluppato
1769 615 91 61 col

292 736 105 36 suo
442 709 296 77 sviluppo.

374 794 338 61 Altomare.
751 789 326 81 Qualcuno
1110 786 300 61 costruiva
1437 809 80 37 un
1547 783 314 80 piroscafo.

296 879 139 61 Una
482 901 198 35 massa
731 872 275 63 ovoidale
1063 883 352 48 sovrastava
1475 891 245 38 enorme
1776 865 89 61 sul

295 977 197 46 nostro
524 959 502 81 galleggiamento
1061 954 279 61 istintivo.
1383 953 207 59 Bruno
1634 974 30 36 e
1711 949 156 61 viola

295 1047 149 62 della
518 1044 233 80 chiglia,
819 1039 393 81 vermiglione
1286 1038 92 61 dei
1449 1034 313 81 parapetti,
1834 1058 33 36 a

298 1131 205 81 grandi
550 1127 337 81 pennellate
910 1151 9 34 :
969 1124 342 60 frammenti
1350 1122 59 59 di
1447 1120 197 60 colore
1681 1141 151 37 muni-

296 1214 108 61 fico
436 1236 319 58 sgocciano
793 1208 150 62 sulla
974 1230 204 38 marea
1209 1217 279 67 inquieta,
1524 1200 343 64 suscitando

298 1322 217 55 sprazzi
574 1294 343 63 ridondanti
976 1291 357 61 all'intorno.
1405 1288 187 60 Linee
1654 1286 185 78 irrego-

298 1383 119 71 lari,
446 1380 318 71 fluttuanti,
799 1376 267 62 volubili:
1096 1399 99 35 ma
1220 1378 30 55 è
1275 1395 235 56 sempre
1536 1395 80 35 un
1641 1368 229 83 grande

298 1491 31 36 e
383 1479 297 47 maestoso
738 1460 316 82 piroscafo,
1114 1458 56 60 lo
1234 1457 44 61 si
1338 1456 302 59 riconosce
1701 1476 169 37 come

300 1552 141 60 sulle
488 1574 29 39 «
543 1548 242 61 affiches
808 1566 31 42 »
889 1545 93 61 del
1032 1542 217 80 Lloyd.
1301 1541 72 60 E'
1425 1538 294 63 solennità
1758 1561 76 36 wa-

299 1635 308 80 gneriana:
659 1645 125 47 arte
816 1628 420 79 oltrepassata:
1273 1625 98 59 noi
1405 1647 119 36 non
1568 1621 302 80 vogliamo

299 1720 179 60 veder
510 1716 346 64 discendere
891 1711 268 81 Sigfrido
1192 1711 76 60 da
1300 1707 195 81 quella
1527 1730 169 37 nave.
1728 1706 108 58 Rin-

303 1827 237 47 novare,
591 1799 344 62 rinnovare!
988 1795 134 62 Che
1183 1818 139 35 cosa
1378 1790 200 81 voglio
1636 1788 236 61 creare?

305 1886 46 60 Il
397 1888 273 59 dramma
715 1884 151 61 delle
922 1881 169 70 linee,
1141 1879 93 61 dei
1282 1875 231 63 blocchi
1548 1872 321 71 cromatici,

304 1971 34 59 il
383 1971 221 60 lirismo
1014 1969 166 61 reale
861 1965 113 62 dell
1004 1962 426 69 oscillamento,
1480 1959 93 61 del
1627 1957 168 61 rullio
1842 1980 32 36 e

303 2054 91 62 del
454 2051 385 82 beccheggio.
903 2049 144 61 Una
1107 2058 241 48 manata
1411 2045 65 81 (o
1536 2041 157 61 forse
1754 2063 120 38 una

304 2138 424 78 pennellata?):
778 2136 55 59 la
879 2157 154 37 nave
1079 2155 47 36 si
1173 2143 179 56 torce,
1386 2126 254 82 sguscia,
1675 2149 26 36 s
1739 2124 107 59 irre-

301 2223 287 79 golarizza
634 2242 238 56 sempre
917 2222 120 74 più,
1089 2238 99 37 ma
1232 2218 32 54 è
1311 2208 408 64 riconoscibile
1776 2230 66 37 an-

306 2331 150 37 cora.
524 2303 453 81 L'espressione
1038 2299 244 61 solenne
1341 2294 370 70 diminuisce,
1776 2314 98 37 ma

306 2412 116 38 non
449 2402 181 48 tanto.
670 2388 208 61 Siamo
911 2379 596 81 all'interpretazione
1541 2375 329 62 simbolica:

306 2488 120 46 arte
473 2474 391 78 oltrepassata
883 2496 9 34 :
944 2468 96 60 noi
1075 2491 120 35 non
1228 2464 303 79 vogliamo
1562 2460 183 61 veder
1777 2482 65 35 na-

305 2582 201 55 vigare
554 2554 311 64 Rimbaud
903 2577 68 37 su
1004 2563 212 67 questo
1249 2571 226 38 avanzo
1508 2545 58 61 di
1598 2542 272 62 vascello.

313 2642 98 60 Un
438 2642 147 61 altra
616 2651 271 51 manata:
924 2637 54 60 la
1011 2658 153 37 nave
1195 2633 168 61 balza
1395 2656 30 35 e
1461 2652 203 58 guizza
1705 2625 169 80 quasi

2183 552 35 36 a
2262 528 108 59 fior
2417 526 57 62 di
2523 548 161 37 mare
2704 550 8 35 :
2763 525 14 58 i
2825 522 269 61 contorni
3140 521 306 71 vacillano,
3502 521 54 60 la
3615 521 106 60 fiso-

2183 610 202 61 nomia
2430 609 46 61 si
2524 609 391 77 decompone.
2952 606 188 60 Tutto
3174 605 33 58 il
3241 605 195 60 colore
3470 604 107 59 che
3615 628 99 35 can-

2183 709 138 47 tava
2366 719 68 36 su
2481 693 57 61 di
2585 693 71 59 lei
2707 694 213 76 (rosso,
2971 691 209 66 bruno,
3215 689 181 72 viola)
3436 688 218 59 scivola
3688 688 58 59 in

2183 802 192 56 acqua
2435 802 30 34 e
2525 776 243 60 diventa
2834 787 344 57 autonomo,
3240 770 354 80 sposandosi
3655 770 89 60 col

2182 862 182 60 verde
2412 884 31 37 e
2488 860 89 60 col
2625 859 154 61 bleu.
2831 858 156 59 Essa
3033 879 119 37 non
3185 860 31 55 è
3248 855 99 78 più
3381 854 107 60 che
3521 854 57 60 in
3610 853 134 80 quel

2183 947 197 61 colore
2426 944 316 70 dinamico,
2792 942 108 59 che
2945 940 46 60 si
3038 939 159 80 agita
3241 963 31 36 e
3320 938 201 59 ribolle
3578 961 168 36 come

2185 1029 401 62 un'eruzione.
2638 1028 89 60 Le
2774 1025 150 60 linee
2970 1024 78 80 gli
3095 1024 45 60 si
3188 1022 339 61 addossano
3579 1044 168 36 come

2186 1137 119 37 una
2338 1126 138 57 rete,
2511 1136 31 34 e
2573 1110 239 60 sembra
2843 1107 278 80 vogliano
3154 1104 271 61 limitarlo
3459 1104 92 60 dal
3593 1117 154 47 resto

2186 1198 93 61 del
2327 1196 241 60 mondo.
2622 1193 47 60 Il
2717 1193 93 60 bel
2857 1189 293 80 piroscafo
3184 1189 339 60 decorativo
3555 1211 31 35 e
3629 1187 95 59 illu-

2186 1281 248 62 strativo
2465 1279 44 60 si
2539 1283 31 55 è
2601 1276 245 62 dissolto
2873 1276 56 58 in
2957 1273 231 71 fremiti,
3224 1269 520 81 attenagliamenti,

2187 1364 391 69 convulsioni,
2628 1373 222 66 impeti,
2898 1381 225 56 scoppi,
3174 1356 356 61 turbolenze.

2274 1448 92 60 Mi
2413 1467 313 59 aggrappo
2773 1443 52 60 al
2859 1443 221 59 timone
3117 1437 435 85 (promontorio
3586 1460 130 35 aran-

2189 1533 171 60 cione
2392 1531 188 60 orlato
2614 1528 56 61 di
2704 1526 481 80 verde-argento)
3224 1546 102 55 per
3361 1522 195 77 capire
3591 1519 127 79 qual-

2189 1640 139 37 cosa
2374 1615 58 59 di
2481 1625 210 67 questo
2740 1608 299 61 miracolo.

2275 1697 197 61 Flussi
2506 1721 32 36 e
2571 1695 211 59 riflussi
2810 1693 55 60 di
2893 1693 221 68 biacca,
3142 1690 59 61 di
3232 1688 193 80 giallo,
3461 1687 58 60 di
3551 1686 196 67 verde,

2190 1784 58 61 di
2274 1782 204 70 bistro,
2514 1780 57 61 di
2605 1778 178 70 cloro,
2840 1776 298 67 d'indaco,
3196 1772 57 61 di
3287 1794 276 56 porpora,
3598 1792 116 36 com-

2190 1889 286 57 pongono
2510 1871 568 54 tormentosamente
3105 1880 119 37 una
3255 1856 143 58 lotta
3429 1853 59 60 di
3518 1851 234 80 energie

2190 1974 247 38 avverse
2483 1949 108 59 che
2637 1946 46 61 si
2730 1944 342 66 accendono
3119 1941 77 61 da
3241 1938 154 60 mille
3441 1937 165 79 punti
3660 1935 92 61 del

2190 2034 253 80 quadro,
2491 2054 170 37 come
2694 2052 118 36 una
2857 2025 327 62 luminaria.
3238 2022 109 59 Ma
3392 2025 31 54 è
3467 2032 210 67 questo
3719 2017 33 60 il

2191 2116 296 82 piroscafo
2509 2116 20 59 ?
2577 2114 193 61 Come
2816 2135 44 36 si
2909 2115 30 55 è
2985 2107 376 61 trasformato
3409 2126 118 37 cosi
3549 2104 19 57 ?

2279 2203 67 58 Io
2393 2223 119 37 non
2559 2222 66 37 so
2677 2196 101 79 più
2826 2195 154 60 dove
3037 2189 308 82 reggermi,
3401 2186 226 70 vacillo,
3677 2185 76 60 mi

2191 2298 170 48 sento
2409 2281 274 82 perduto,
2732 2279 78 60 dò
2858 2302 77 35 un
2985 2276 270 69 balzo....,
3291 2295 30 36 e
3356 2270 198 61 ricado
3587 2283 86 45 tra
3704 2269 52 58 le

2192 2370 237 60 braccia
2474 2366 93 60 del
2615 2375 249 49 mattino
2912 2360 190 60 calmo
3128 2383 31 34 e
3192 2378 287 57 prosaico,
3514 2375 208 37 avanza-

2194 2453 110 60 tosi
2351 2474 66 37 or
2463 2472 104 37 ora
2613 2445 151 61 nella
2810 2444 118 60 mia
2971 2455 200 47 stanza
3218 2439 88 60 col
3356 2460 175 56 passo
3577 2434 57 61 di
3678 2458 78 35 un

2192 2538 164 59 buon
2403 2534 234 61 dottore
2681 2529 334 61 sorridente
3060 2551 30 34 e
3135 2525 241 59 verista.

3281 2627 222 62 Mario
3550 2622 200 64 Carli.

3719 2786 34 30 31
