3510 4348
860 57 12 9 *

414 160 107 198 \
531 160 1285 198 iederrheinische
1959 165 1133 259 Musik-Zeitung

1039 465 117 119 für
1235 465 556 119 iiirasttmraiie
1842 465 145 119 titiit
2040 470 389 119 liiuatlcr.

225 698 389 73 Herausgegeben
659 721 89 33 von
798 705 235 49 Professor
1947 700 70 58 L.
2173 700 263 78 Bischof.
1653 706 172 67 Verlag
1877 707 82 50 der
2008 703 83 57 M.
2928 710 371 67 Buchhandlung.

593 1035 123 37 Briefe
743 1047 73 25 von
842 1035 173 48 Adolphe
1042 1037 154 36 Nourrit
1223 1049 47 24 an
1297 1038 213 36 Ferdinand
1537 1039 134 35 Hiller.
1696 1039 52 37 11.
1849 1039 82 35 Aus
1959 1039 160 36 Utrecht
2145 1038 299 49 (Musicalisches
2472 1041 152 47 Leben).
2650 1042 83 36 Von
2759 1042 51 39 M.
2838 1042 41 37 F.
2985 1043 320 48 Beurtheilungen

213 1095 147 45 (Psalm
388 1094 61 39 24.
477 1096 158 35 Cantate
663 1097 61 34 für
751 1097 93 34 zwei
870 1096 123 36 Chöre
1020 1109 73 23 von
1120 1098 102 45 Arey
1249 1110 73 23 von
1350 1099 176 34 Dommer
1629 1098 437 46 Frühlings-Ouverture
2093 1100 61 34 für
2182 1099 202 35 Orchester
2411 1111 73 23 von
2512 1100 123 47 Georg
2661 1102 196 45 Vierling).
2985 1105 183 43 Tages-
3211 1105 94 34 und

214 1157 68 35 Un
295 1162 43 30 te
351 1170 17 22 r
379 1158 22 32 h
417 1157 135 35 altun
565 1169 51 34 gs
630 1157 129 35 blatt
786 1157 246 48 (Lindenfels,
1060 1159 224 45 Verfügung
1387 1159 94 35 Vom
1508 1159 265 44 Mittelrheine,
1808 1158 315 48 Rechtfertigung
2225 1159 207 35 Frankfurt
2457 1171 61 23 am
2545 1160 105 35 Main
2752 1161 167 35 Dresden
3048 1163 231 36 Oberammer-

214 1228 78 35 gau
395 1218 110 35 Wien
608 1217 422 36 Beethoven-Denkmal
1133 1218 107 35 Paris
1347 1217 184 46 London).

313 1035 227 35 Inhalt.

254 1444 169 58 Briefe
464 1465 94 37 von
598 1447 223 71 Adolphe
860 1448 203 55 Nourrit
1103 1467 60 36 an
1204 1444 231 74 Ferdinand
1461 1444 204 74 IIiller.

947 1573 55 48 11.

824 1671 34 48 (I
897 1684 29 26 s.
958 1672 65 37 Nr.
1052 1670 77 49 37.)

889 1754 219 64 „Neapel,
1137 1753 86 49 den
1254 1754 47 49 5.
1330 1755 93 48 Mai
1457 1754 159 50 1838.

342 1829 104 57 „Ich
488 1845 98 33 war
623 1836 263 59 vorgestern
929 1831 80 48 mit
1049 1830 102 48 dem
1192 1831 229 57 Vorsatze,
1472 1848 56 33 an
1564 1832 73 49 Sie
1677 1851 53 30 zu

216 1905 254 59 schreiben,
508 1906 351 65 aufgestanden;
900 1907 82 49 seit
1014 1907 108 49 zwei
1152 1909 156 64 Tagen
1339 1909 123 48 hatte
1490 1909 70 48 ich
1589 1910 142 48 Ihnen

216 1983 99 49 eine
343 1983 210 65 wichtige
581 1983 245 65 Neuigkeit
855 1985 304 49 mitzutheiien
1194 1985 93 48 und
1330 1986 151 48 wollte
1509 1986 74 48 Sie
1611 1987 123 49 nicht

215 2061 157 63 länger
400 2060 168 48 darauf
591 2069 171 40 warten
794 2061 161 57 lassen,
985 2062 62 48 als
1076 2061 70 48 ich
1169 2062 134 47 Ihren
1334 2062 254 48 herrlichen
1611 2065 127 47 Brief

215 2137 175 46 erhielt.
421 2136 191 47 Freilich
638 2137 121 47 hätte
781 2154 51 29 er
847 2137 116 47 mich
987 2137 235 48 antreiben
1245 2138 157 56 sollen,
1420 2138 116 47 noch
1557 2140 150 47 schnel-

215 2213 66 49 ler
304 2212 169 48 wieder
498 2230 52 29 zu
579 2212 262 56 schreiben;
872 2213 111 49 aber
1015 2215 57 47 im
1098 2215 283 63 Gegentheil,
1405 2231 49 31 er
1485 2216 52 47 ist
1557 2216 173 56 schuld,

215 2288 100 50 dass
343 2290 70 47 ich
442 2288 70 49 die
543 2288 195 57 Freude,
780 2288 71 50 die
882 2291 84 47 mir
993 2290 79 48 das
1113 2292 165 55 macht,
1320 2291 114 48 noch
1474 2292 128 47 einen
1634 2295 97 62 Tag

215 2364 278 49 verschoben
516 2366 132 48 habe.
682 2367 130 47 Denn
836 2366 188 48 seitdem
1048 2367 69 47 ich
1141 2367 131 47 allein
1298 2367 90 57 bin,
1414 2367 117 48 habe
1555 2368 67 47 ich
1650 2368 80 49 der

219 2442 209 49 Freuden
458 2443 123 47 nicht
607 2443 110 48 viele
760 2442 93 49 und
886 2443 190 55 trachte,
1118 2443 269 65 diejenigen,
1428 2443 71 50 die
1529 2446 84 47 mir
1644 2462 85 32 von

214 2536 161 32 aussen
405 2519 230 56 kommen,
663 2537 51 29 zu
746 2519 278 65 verlängern.
1080 2521 61 47 So
1179 2521 166 48 reichte
1373 2521 76 47 Ihr
1479 2521 124 48 Brief
1636 2522 93 56 hin,

215 2597 85 47 mir
329 2597 130 47 einen
491 2605 138 55 guten
659 2598 100 64 Tag
785 2613 54 32 zu
868 2597 218 57 bereiten,
1124 2597 90 48 und
1245 2598 135 47 heute
1409 2598 94 47 sind
1535 2598 69 48 die
1634 2599 63 47 Au-

212 2673 256 65 genblicke,
496 2674 43 47 in
562 2673 144 48 denen
732 2674 68 47 ich
825 2674 78 49 mit
922 2674 141 47 Ihnen
1087 2674 232 65 plaudere,
1348 2676 70 47 ein
1443 2676 187 47 Gewinn
1654 2677 81 47 auf

214 2751 252 63 Rechnung
496 2751 171 47 meiner
695 2751 295 49 Einsamkeit.
1019 2752 104 47 Nun
1154 2752 109 56 also,
1293 2752 70 47 die
1392 2752 259 63 Neuigkeit!

339 2827 149 56 „Mein
517 2828 120 48 Loos
677 2828 54 48 ist
771 2828 175 48 endlich
993 2828 303 56 entschieden,
1338 2828 67 47 ich
1452 2828 119 48 kann
1609 2829 121 49 nicht

214 2904 129 48 mehr
364 2904 185 56 zurück,
571 2904 69 48 ich
665 2904 74 48 bin
764 2904 299 50 italiänischer
1085 2906 344 64 Opernsänger;
1461 2906 268 64 wenigstens

215 2980 119 50 habe
362 2982 70 48 ich
463 2982 116 47 mich
611 2982 62 47 als
700 2982 184 48 solchen
913 2982 247 64 engagiren
1189 2983 144 47 lassen
1378 2982 89 48 und
1499 2999 119 31 muss
1646 2982 54 48 ab-

215 3064 190 50 warten,
442 3058 59 48 ob
530 3057 80 49 das
640 3058 237 48 Publicum
906 3058 86 48 den
1024 3059 198 64 Stempel
1253 3058 77 48 des
1361 3058 261 48 Contractes
1654 3059 74 47 für

215 3135 143 64 gültig
388 3134 180 50 erklärt.
624 3137 75 47 Ich
748 3135 120 50 habe
910 3135 80 49 mit
1016 3134 198 66 Barbaja
1256 3135 131 49 einen
1419 3137 194 63 Vertrag
1654 3137 81 47 auf

214 3212 127 47 sechs
383 3213 184 47 Monate
609 3212 364 66 abgeschlossen,
1021 3228 98 32 vom
1162 3213 212 47 nächsten
1418 3212 203 49 October
1664 3212 64 48 bis

214 3287 131 48 Ende
379 3288 137 48 März.
572 3288 85 48 Die
696 3289 281 48 financiellen
1014 3287 329 66 Bedingungen
1381 3288 95 48 sind
1518 3289 122 47 nicht
1679 3304 49 32 so

214 3364 235 65 glänzend,
477 3365 86 49 wie
591 3367 173 48 Merelli
794 3367 62 48 sie
886 3367 85 47 mir
1001 3365 93 56 bot,
1124 3365 112 49 aber
1258 3365 69 47 die
1350 3365 205 65 Stellung
1576 3365 55 47 ist
1654 3365 75 47 für

215 3441 118 49 mich
358 3441 103 49 weit
483 3443 324 64 angenehmer.
835 3443 76 48 Ich
943 3441 75 50 bin
1048 3441 97 49 hier
1171 3458 49 32 so
1249 3449 80 60 gut
1358 3441 84 47 wie
1465 3443 122 47 Herr
1616 3440 114 50 über

214 3518 72 49 die
308 3518 143 50 Wahl
482 3519 172 48 meiner
682 3520 160 48 Rollen
873 3519 90 48 und
993 3519 171 48 meiner
1185 3519 173 63 Opern,
1388 3518 92 48 und
1503 3518 117 48 habe
1642 3518 87 48 den

212 3596 301 49 unendlichen
543 3596 223 58 Vortheil,
807 3598 81 47 mit
927 3596 125 49 einer
1091 3613 148 32 neuen
1268 3596 127 63 Oper
1432 3595 296 57 aufzutreten,

212 3674 173 47 welche
416 3674 221 48 Donizetti
681 3674 314 48 ausdrücklich
1042 3674 75 47 für
1154 3673 113 48 mich
1305 3671 208 49 schreibt.
1570 3673 156 47 Wenn

211 3749 71 48 ich
314 3750 114 47 mich
463 3767 113 47 ganz
605 3750 90 48 und
724 3767 84 48 gar
836 3750 83 48 auf
941 3750 220 48 Donizetti
1190 3749 207 54 verlasse,
1434 3765 76 31 um
1541 3746 70 49 die
1641 3749 57 47 Be-

211 3833 175 58 tonung
417 3825 76 50 des
517 3828 305 47 italiänischen
846 3828 231 63 Gesanges
1098 3844 53 29 zu
1174 3826 170 56 lernen,
1372 3841 48 32 so
1444 3831 108 41 setzt
1573 3841 48 31 er
1642 3841 86 32 von

211 3904 147 48 seiner
386 3905 121 48 Seite
536 3905 116 48 auch
682 3904 171 48 wieder
879 3905 135 47 volles
1046 3905 252 47 Vertrauen
1340 3904 43 45 in
1427 3902 144 47 meine
1599 3902 97 49 Büh-

212 3979 337 57 nenkenntniss,
579 3980 91 48 und
699 3980 54 48 ist
780 3996 113 49 ganz
922 3981 198 65 geneigt,
1148 3980 93 47 sich
1270 3980 71 47 bei
1373 3977 80 50 der
1479 3979 141 49 Wahl
1650 3979 78 48 des

211 4056 241 50 Libretto's
482 4057 113 49 nach
625 4057 178 49 meinen
831 4057 248 49 Ansichten
1104 4074 55 32 zu
1185 4056 188 50 richten.

1923 1374 92 54 „Er
2044 1373 118 48 fühlt
2189 1373 69 49 die
2285 1374 415 65 Notwendigkeit,
2742 1382 139 41 etwas
2910 1376 150 49 Neues
3100 1394 54 31 zu
3184 1378 97 49 brin-

1797 1465 102 49 gen.
1941 1450 65 47 Er
2034 1449 77 48 hat
2138 1450 137 48 schon
2305 1450 127 48 einen
2462 1451 120 47 Stoff
2604 1451 217 65 gebilligt,
2863 1451 85 49 den
2978 1453 69 48 ich
3076 1453 92 49 ihm
3201 1470 75 33 vor-

1797 1526 271 65 geschlagen
2098 1525 135 58 habe,
2276 1526 92 49 und
2396 1526 78 49 der
2509 1528 91 48 ihm
2631 1528 278 48 Situationen
2949 1529 238 56 darbietet,
3229 1530 72 50 die

1797 1619 50 32 er
1869 1602 113 49 noch
2006 1602 122 49 nicht
2149 1602 243 49 behandelt
2415 1604 90 57 hat,
2534 1604 128 48 einen
2685 1605 130 57 Stoff,
2844 1605 79 47 der
2951 1605 92 48 ihm
3071 1606 230 50 verbieten

1797 1679 130 58 wird,
1955 1680 93 48 sich
2077 1680 147 65 gehen
2252 1698 52 30 zu
2336 1681 160 57 lassen,
2537 1698 91 31 was
2657 1698 50 31 er
2732 1682 216 47 zuweilen
2976 1699 81 48 gar
3086 1702 53 29 zu
3169 1685 135 48 leicht

1797 1756 115 48 thut.
1943 1755 101 49 Und
2073 1756 119 48 dann
2220 1756 143 48 strebt
2390 1757 93 47 sein
2505 1757 193 65 Ehrgeiz
2726 1757 190 58 danach,
2947 1759 75 47 für
3048 1759 71 49 die
3147 1776 157 49 grosse

1797 1834 127 63 Oper
1951 1834 45 47 in
2023 1834 127 47 Paris
2178 1851 51 30 zu
2258 1832 253 59 schreiben,
2552 1834 89 48 und
2670 1834 140 48 durch
2846 1834 78 49 das
2951 1836 143 57 Neue,
3131 1854 93 32 was
3253 1854 51 32 er

1796 1911 156 47 Italien
1983 1910 152 57 bietet,
2163 1911 92 47 sich
2280 1911 126 48 Bahn
2432 1929 55 30 zu
2517 1910 211 58 brechen,
2756 1911 85 48 den
2867 1911 324 67 Forderungen
3219 1931 58 31 un-

1797 2004 124 30 serer
1947 1987 162 47 Bühne
2135 2005 54 29 zu
2219 1991 224 61 genügen.
2497 1989 75 47 Ich
2609 1989 122 47 hoffe
2769 1989 93 47 ihm
2905 1989 128 48 einen
3062 1990 127 48 Theil
3225 1990 77 48 des

1800 2063 164 55 Guten,
1994 2062 78 48 das
2101 2080 49 30 er
2180 2063 83 47 mir
2286 2063 182 64 gethan,
2490 2065 223 63 vergelten
2737 2081 51 31 zu
2813 2065 192 48 können.
3034 2067 64 46 Er
3118 2066 78 48 hat
3219 2067 85 47 mir

1800 2138 164 49 bereits
1993 2140 127 47 einen
2150 2140 173 47 Beweis
2352 2140 143 47 seines
2520 2141 278 47 Vertrauens
2827 2140 219 64 gegeben.
3089 2142 63 46 Er
3180 2159 93 31 com-

1799 2216 148 65 ponirt
1984 2216 191 47 nämlich
2214 2216 69 47 ein
2313 2216 169 48 Album
2524 2217 75 46 für
2627 2217 139 48 Paris.
2813 2218 160 47 Zuerst
3003 2217 76 48 bat
3107 2235 48 30 er
3183 2218 117 49 mich

1799 2310 72 29 um
1903 2292 143 64 einige
2074 2291 142 48 Stoffe
2247 2292 75 47 für
2349 2292 217 48 Balladen
2608 2292 89 48 und
2726 2295 275 53 Romanzen,
3043 2293 70 49 die
3142 2311 49 31 er
3219 2296 61 48 ita-

1796 2368 179 49 liänisch
2007 2368 262 49 bearbeiten
2297 2370 143 47 lassen
2470 2370 169 54 wollte;
2683 2368 199 49 nachher
2919 2370 110 48 aber
3067 2372 232 47 wünschte

1796 2462 65 40 er,
1890 2446 67 47 ich
1990 2444 177 49 möchte
2195 2444 61 49 sie
2286 2446 263 47 französisch
2581 2446 42 47 in
2648 2446 137 48 Verse
2815 2444 202 67 bringen.
3046 2447 59 47 Es
3135 2448 165 64 gelang

1797 2521 101 57 mir,
1940 2521 68 47 ich
2039 2537 95 32 war
2162 2537 47 32 so
2239 2521 239 63 glücklich,
2521 2522 168 63 gerade
2717 2521 77 48 das
2829 2540 52 29 zu
2910 2523 175 56 treffen,
3126 2540 91 31 was
3246 2541 51 30 er

1797 2599 169 55 wollte,
2008 2598 89 47 und
2136 2615 50 30 er
2225 2598 176 48 machte
2437 2599 91 47 sich
2563 2615 56 30 an
2648 2598 69 48 die
2745 2597 173 49 Arbeit.
2971 2601 72 47 Da
3070 2601 69 47 ich
3169 2601 127 57 aber,

1797 2692 82 31 von
1923 2674 100 49 dem
2062 2676 271 63 Verlangen,
2377 2682 137 41 etwas
2556 2676 148 47 Neues
2747 2692 52 31 zu
2841 2674 163 65 geben,
3047 2677 249 63 getrieben,

1797 2751 174 48 meinen
2002 2751 121 48 Stoff
2154 2758 139 41 etwas
2332 2751 333 48 ausführlicher
2702 2751 242 48 behandelt
2981 2752 137 57 hatte,
3160 2753 62 48 als
3250 2770 46 31 es

1799 2828 75 48 für
1900 2828 150 48 solche
2081 2828 363 64 Compositionen
2481 2846 52 29 zu
2571 2828 251 65 geschehen
2854 2828 152 66 pflegt,
3043 2846 49 32 so
3123 2831 173 48 machte

1796 2906 93 46 dies
1917 2906 120 46 seine
2068 2904 159 48 Arbeit
2255 2906 304 63 schwieriger,
2596 2904 90 48 und
2716 2922 48 30 er
2793 2912 164 40 musste
2987 2906 115 48 mich
3131 2907 161 63 täglich

1795 2999 51 28 zu
1879 2980 144 49 Rathe
2051 2980 176 56 ziehen;
2270 2980 68 47 ich
2380 2980 74 49 bin
2490 2980 115 49 eben
2646 2997 47 32 so
2722 2980 117 49 offen
2868 2997 144 48 gegen
3039 2982 73 47 ihn
3144 2998 119 47 gewe-

1795 3074 96 39 sen,
1935 3057 83 48 wie
2051 3073 49 32 er
2136 3074 145 47 gegen
2312 3057 131 56 mich,
2483 3057 88 48 und
2604 3074 48 31 er
2681 3058 75 47 hat
2794 3058 188 47 meinem
3024 3058 146 48 Rathe
3213 3059 83 47 fast

1797 3133 237 65 blindlings
2063 3134 181 64 gefolgt.
2289 3135 58 46 So
2377 3140 114 41 setze
2525 3134 69 47 ich
2637 3133 115 47 denn
2782 3133 113 48 auch
2926 3140 106 58 gute
3061 3133 234 66 Hoffnung

1796 3212 81 47 auf
1899 3210 70 47 die
1998 3212 141 63 Oper,
2170 3210 69 47 die
2269 3210 80 47 wir
2377 3209 251 55 vorhaben;
2669 3209 68 47 ich
2768 3209 183 65 glaube,
2991 3210 93 47 sein
3112 3210 185 49 Dichter

1799 3288 77 48 hat
1904 3287 279 57 verstanden,
2228 3303 90 32 was
2354 3287 68 46 ich
2463 3287 105 55 will,
2611 3285 91 48 und
2731 3285 213 66 übrigens
2973 3287 75 48 bin
3076 3288 68 47 ich
3175 3288 91 48 wäh-

1799 3363 110 49 rend
1931 3364 147 47 seiner
2100 3363 160 48 Arbeit
2281 3363 160 47 immer
2463 3361 72 58 da,
2566 3379 73 32 um
2666 3363 94 56 das,
2789 3379 92 32 was
2901 3363 86 48 mir
3015 3363 120 48 nicht
3161 3370 134 57 passt,

1799 3439 277 49 umschaffen
2103 3457 51 29 zu
2183 3440 157 47 lassen.

1924 3515 247 57 „Donizetti
2192 3515 138 48 selbst
2350 3515 53 48 ist
2422 3515 43 47 in
2486 3514 245 51 Gedanken
2754 3515 138 48 schon
2915 3515 79 48 mit
3019 3514 100 49 dem
3149 3532 148 33 neuen

1797 3594 141 48 Stoffe
1969 3593 263 64 beschäftigt
2260 3591 90 49 und
2378 3599 100 57 sagt
2505 3594 240 47 zuweilen:
2785 3593 219 55 „„Wenn
3033 3608 43 32 es
3102 3593 82 47 mir
3212 3610 85 31 nur

1799 3671 184 64 gelingt,
2013 3670 84 48 den
2128 3669 254 49 Charakter
2410 3669 143 48 dieser
2575 3669 146 48 Musik
2751 3685 47 32 so
2827 3687 52 29 zu
2907 3669 174 57 treffen,
3112 3669 84 48 wie
3224 3670 73 47 Sie

1797 3748 78 47 ihn
1917 3745 147 50 haben
2107 3745 182 48 wollen!
2338 3745 68 48 ich
2451 3745 117 48 habe
2609 3745 114 48 noch
2773 3744 141 48 nichts
2962 3744 79 48 der
3086 3745 89 48 Art
3220 3763 52 47 ge-

2049 3852 63 5 —
2129 3824 75 47 Ich
2236 3822 74 49 bin
2340 3822 221 65 glücklich
2586 3821 211 57 darüber,
2827 3821 97 48 dass
2954 3838 49 31 er
3031 3821 90 48 sich
3150 3822 150 49 solche

1801 3899 247 49 Gedanken
2078 3900 166 57 macht,
2276 3899 90 48 und
2389 3915 130 32 wenn
2547 3899 68 47 ich
2644 3899 75 47 ihn
2742 3897 200 58 hindere,
2970 3915 54 31 zu
3051 3899 168 48 schnell
3246 3916 55 31 zu

1799 3976 233 50 schreiben
2073 3976 91 48 und
2194 3976 91 48 sich
2313 3993 48 31 so
2390 3976 147 66 gehen
2564 3993 53 30 zu
2644 3976 158 57 lassen,
2839 3974 100 49 dass
2968 3991 49 32 er
3046 3976 122 59 alles,
3208 3991 92 33 was

1797 4055 93 48 ihm
1928 4055 43 48 in
2001 4054 69 50 die
2097 4054 150 49 Feder
2285 4054 188 59 kommt,
2511 4052 250 61 aufnimmt,
2801 4069 48 33 so
2888 4051 168 66 glaube
3098 4054 70 48 ich
3207 4052 90 49 ihm

2930 4130 68 48 38

2812 869 121 57 VIII.
2967 869 270 73 Jahrgang.

1412 862 168 74 KÖLN,
1617 865 71 55 15.
1725 863 277 74 September
2037 863 126 59 1860

285 860 86 56 Nr.
407 860 78 56 38.
