3241 4221
205 324 315 54 TEK
598 322 61 55 H
740 324 61 54 N
881 317 48 61 É

2582 3797 142 56 181

273 462 225 53 L'emploi
531 462 72 41 des
636 461 199 43 matières
867 461 210 43 isolantes
1110 462 171 53 impose
1314 464 45 40 di-

205 537 136 28 verses
370 523 282 54 précautions
689 539 8 26 :

273 597 80 41 Les
385 597 254 42 substances
672 596 334 53 compressibles
1036 610 104 30 sont
1173 596 210 43 isolantes

205 658 324 53 généralement
563 674 79 37 par
679 660 112 40 leurs
825 657 245 44 inclusions
1103 658 133 47 d'air;
1274 658 110 43 mais

205 735 50 27 en
290 720 282 54 interposant
604 735 85 27 une
722 719 99 43 telle
853 720 246 47 substance,
1134 720 32 43 il
1199 736 51 26 ne
1283 720 75 42 fau-

206 782 115 42 drait
353 797 77 38 pas
465 797 84 39 que
581 797 81 27 son
696 781 217 54 épaisseur
945 782 87 43 soit
1065 781 167 43 réduite
1265 782 22 42 à
1322 795 61 28 un

206 843 126 54 degré
366 843 182 42 excessif
579 859 79 38 par
693 843 39 42 la
766 843 318 53 compression,
1121 843 264 43 c'est-à-dire

205 906 168 53 qu'une
394 906 187 42 certaine
604 905 207 41 élasticité
834 916 61 31 est
918 904 244 43 nécessaire.
1187 907 74 41 On
1286 906 100 42 s'est

205 967 111 42 servi
346 979 314 42 avant-guerre
691 967 50 42 de
774 967 131 43 tissus
934 982 52 27 en
1018 967 115 42 crins
1162 968 78 53 qui
1272 967 84 41 don-

207 1029 151 42 naient
393 1029 284 42 d'excellents
714 1028 217 43 résultats.
969 1028 120 43 Mais
1123 1030 37 42 le
1195 1028 101 55 prix
1333 1043 52 27 en

205 1102 62 30 est
300 1092 311 41 actuellement
643 1090 84 43 très
761 1090 128 42 élevé.

275 1165 168 54 Quand
474 1179 60 27 on
562 1164 191 53 emploie
780 1179 85 27 une
893 1163 232 43 substance
1153 1165 51 42 de
1230 1174 157 33 nature

207 1227 259 53 organique,
496 1226 30 44 il
553 1238 61 30 est
639 1225 230 43 nécessaire
893 1226 162 54 qu'elle
1081 1226 86 42 soit
1193 1226 167 54 profon-

206 1288 180 44 dément
411 1287 252 55 imprégnée
687 1288 110 41 d'un
825 1286 311 57 antiseptique,
1164 1290 33 40 si
1223 1288 164 42 celle-ci

207 1350 98 43 doit
334 1350 85 42 être
448 1350 217 41 enfermée
693 1350 22 41 à
748 1350 130 43 l'abri
908 1350 51 42 de
988 1350 112 46 l'air,
1131 1366 69 27 car
1227 1350 78 43 elle
1335 1364 53 27 ne

206 1412 212 42 tarderait
445 1427 78 38 pas
552 1412 23 41 à
603 1427 41 27 se
670 1426 299 28 consommer.

273 1484 145 42 Enfin
446 1485 156 54 quand
631 1501 60 26 on
720 1484 223 43 constitue
971 1501 61 26 un
1066 1485 182 42 matelas
1276 1485 112 42 d'air

206 1558 121 31 entre
355 1546 117 43 deux
500 1546 150 54 parois
678 1547 215 43 soumises
921 1548 22 41 à
973 1548 71 42 des
1072 1548 317 52 températures

207 1609 203 54 inégales,
444 1609 29 45 il
506 1620 62 31 est
599 1608 231 43 nécessaire
860 1609 51 42 de
943 1608 178 55 prévoir
1151 1609 51 42 de
1233 1609 156 54 petites

207 1682 259 31 ouvertures
493 1670 212 43 destinées
731 1671 22 42 à
781 1671 174 42 donner
981 1687 62 26 un
1072 1671 202 42 exutoire
1301 1686 89 27 aux

207 1732 129 44 buées
375 1732 79 56 qui
490 1732 263 54 pourraient
791 1748 39 28 se
866 1732 170 44 former
1075 1746 40 32 et
1152 1734 78 53 qui
1268 1732 123 43 faute

207 1795 51 42 de
288 1804 107 33 cette
423 1795 260 54 précaution
713 1811 40 26 se
782 1795 305 54 déposeraient
1115 1810 51 27 en
1196 1795 167 42 conden-

207 1858 184 42 rations.

277 2030 80 42 Les
391 2045 105 27 sons
529 2045 52 27 ne
615 2045 40 28 se
688 2041 317 32 transmettent
1037 2046 78 39 pas
1148 2030 244 44 seulement

207 2106 80 39 par
340 2108 21 26 a
396 2092 342 42 conductibilité
774 2093 73 42 des
880 2108 127 38 corps
1044 2092 176 44 solides.
1258 2092 59 44 Ils
1351 2108 40 26 se

207 2166 318 30 transmettent
569 2154 115 43 aussi
725 2170 80 38 par
847 2155 112 46 l'air,
1007 2154 110 43 mais
1160 2156 231 55 beaucoup

207 2218 102 52 plus
348 2216 269 43 faiblement
653 2228 40 31 et
732 2232 100 27 avec
870 2232 87 27 une
993 2216 188 44 certaine
1221 2217 172 42 lenteur

208 2278 194 44 relative»

275 2341 258 47 D'ailleurs,
562 2341 136 42 d'une
727 2341 192 43 manière
943 2341 210 56 générale,
1183 2341 40 44 la
1248 2354 121 31 trans-

209 2404 187 42 mission
428 2414 238 44 augmente
698 2419 99 27 avec
827 2405 40 41 la
898 2404 245 54 compacité
1172 2416 40 31 et
1241 2404 41 43 la
1313 2404 54 41 du-

209 2466 85 42 reté
320 2466 73 42 des
421 2481 149 39 corps;
600 2465 79 43 elle
706 2465 203 45 diminue
939 2466 112 44 dans
1079 2468 57 41 les
1161 2466 165 44 fluides
1355 2479 40 31 et

209 2529 217 53 disparaît
459 2529 141 42 même
632 2543 84 39 peu
748 2529 23 42 à
804 2544 84 38 peu
920 2529 22 42 à
978 2543 168 28 mesure
1178 2544 85 39 que
1296 2527 99 44 l'air

213 2606 59 27 ou
319 2592 57 41 les
421 2606 82 39 gaz
549 2607 39 26 se
634 2590 210 46 raréfient
887 2606 119 39 pour
1051 2590 180 44 devenir
1277 2590 121 43 nulle

208 2653 112 43 dans
353 2656 36 42 le
419 2653 115 45 vide.

278 2715 63 43 La
372 2716 315 43 transmission
717 2716 61 42 du
810 2731 82 27 son
922 2731 80 40 par
1032 2716 97 43 l'air
1162 2733 52 26 ne
1244 2733 39 27 se
1312 2715 83 45 fait

208 2794 77 35 Pr3
311 2794 79 26 oar
414 2778 356 45 conductibilité,
802 2778 110 43 mais
936 2795 80 38 par
1043 2778 138 43 ondes
1208 2793 161 28 concen-

209 2841 167 54 triques
418 2842 235 52 rappelant
696 2841 57 42 les
795 2840 299 44 ondulations
1136 2841 137 43 d'une
1316 2856 78 26 eau

208 2903 259 55 tranquille,
503 2903 182 54 frappée
719 2919 80 38 par
832 2904 40 43 la
905 2904 131 43 chute
1070 2904 136 43 d'une
1239 2903 152 54 pierre,

209 2981 78 27 oar
318 2966 214 54 exemple.

278 3028 82 42 Les
382 3028 140 42 ondes
544 3044 182 26 sonores
750 3044 41 27 se
814 3039 319 33 transmettent
1157 3029 111 42 dans
1292 3041 78 30 tou-

209 3102 61 31 tes
299 3091 57 42 les
388 3091 240 42 directions
658 3101 165 32 autour
854 3091 51 42 de
934 3092 92 43 leur
1053 3091 135 55 point
1216 3091 154 42 d'émis-

211 3154 97 41 sion
350 3164 40 31 et
426 3165 115 31 vont
580 3169 41 27 se
657 3154 155 53 perdre
851 3169 54 27 au
944 3154 96 43 loin
1077 3154 23 41 à
1140 3168 167 28 mesure
1346 3154 51 42 de

210 3217 92 42 leur
330 3216 263 54 dispersion.
625 3216 74 42 On
731 3228 107 42 peut
865 3232 51 26 en
945 3227 148 43 capter
1119 3232 55 26 au
1200 3230 194 40 passage,

209 3294 50 26 en
290 3278 168 43 faisant
488 3294 130 39 usage
649 3278 111 43 d'un
790 3290 154 31 cornet
974 3278 272 56 acoustique,
1281 3279 116 54 large

209 3340 247 43 entonnoir
487 3341 116 42 dont
634 3342 40 42 la
704 3340 141 55 partie
875 3337 146 47 effilée
1053 3354 62 31 est
1146 3341 107 43 mise
1286 3342 111 41 dans

210 3403 200 43 l'oreille.
440 3404 80 42 Un
550 3404 263 53 porte-voix
843 3404 151 44 donne
1024 3420 89 26 aux
1143 3403 139 44 ondes
1311 3416 87 30 une

209 3465 218 44 direction
457 3467 79 54 qui
565 3466 58 43 les
654 3466 207 53 empêche
888 3466 53 43 de
971 3482 40 27 se
1039 3466 227 55 disperser.

278 3529 122 44 C'est
429 3544 60 26 un
518 3528 285 54 phénomène
832 3529 60 42 du
923 3528 142 43 même
1092 3529 130 42 ordre
1249 3529 79 55 qui
1358 3543 39 28 se

209 3590 189 54 produit
439 3591 33 42 si
515 3606 120 33 ,sous
675 3606 86 28 une
802 3592 137 42 voûte
979 3590 234 56 elliptique
1254 3607 61 27 on
1358 3606 40 26 se

209 3653 120 54 place
352 3653 22 42 à
398 3653 97 43 l'un
522 3653 71 42 des
618 3653 164 54 foyers.

1598 466 44 41 Si
1674 468 12 40 I
1708 481 58 26 on
1799 468 190 52 rappelle
2022 482 83 39 que
2135 471 39 40 la
2206 469 153 42 vitesse
2389 471 57 42 du
2477 487 79 26 son
2588 473 109 42 dans

1532 527 25 42 F
1566 527 61 40 air
1652 539 60 29 est
1740 527 50 41 de
1820 542 92 39 340
1941 528 154 42 mètres
2120 545 77 37 par
2223 531 182 42 seconde
2430 532 201 47 environ,
2659 546 40 30 et

1531 589 132 53 qu'en
1705 601 286 37 rencontrant
2029 606 84 26 une
2151 593 126 50 paroi
2314 594 36 41 le
2389 609 80 27 son
2507 607 61 30 est
2606 610 71 26 ren-

1530 650 114 53 voyé
1667 650 179 44 suivant
1870 652 57 41 les
1952 652 82 42 lois
2056 653 263 43 habituelles
2343 654 50 41 de
2417 655 40 41 la
2483 655 215 44 réflexion

1531 711 146 54 (angle
1710 713 269 42 d'incidence
2010 731 55 16 =
2094 715 126 53 angle
2255 716 50 41 de
2338 716 216 42 réflexion
2574 718 30 47 ),
2641 732 58 26 on

1533 788 103 26 aura
1661 774 121 52 passé
1806 789 50 26 en
1886 790 126 27 revue
2039 776 57 41 les
2123 777 193 41 données
2341 778 258 43 essentielles
2626 781 74 51 qui

1533 850 52 26 ne
1621 835 184 42 doivent
1839 852 76 37 pas
1949 836 84 42 être
2067 838 184 52 perdues
2285 839 50 41 de
2367 852 83 29 vue
2482 854 77 37 par
2596 854 106 28 ceux

1533 896 76 53 qui
1641 910 82 30 ont
1754 897 21 41 à
1806 909 198 42 compter
2036 914 98 27 avec
2167 902 35 41 le
2232 915 79 26 son
2343 901 86 42 soit
2458 915 114 39 pour
2604 902 80 42 l'ar-

1534 958 121 45 rêter,
1687 958 86 42 soit
1806 974 115 38 pour
1952 962 36 40 le
2020 972 294 32 transmettre.
2347 963 61 42 Ce
2437 962 170 43 dernier
2637 978 67 27 cas

1534 1020 309 54 s'appliquant
1865 1021 21 42 à
1911 1023 38 40 la
1971 1021 192 43 création
2189 1024 71 42 des
2284 1023 124 43 salles
2432 1024 269 42 d'audition.

1602 1082 127 41 Dans
1752 1097 60 26 un
1837 1083 112 44 local
1974 1083 50 42 de
2046 1085 141 52 grand
2209 1085 195 45 volume,
2432 1087 36 41 le
2491 1102 80 26 son
2599 1086 106 43 émis

1535 1143 110 41 dans
1675 1158 42 27 ce
1749 1144 111 42 local
1892 1144 123 43 vient
2046 1145 179 54 frapper
2255 1147 57 42 les
2343 1148 186 42 diverses
2560 1149 146 53 parois

1535 1205 21 41 à
1592 1205 71 42 des
1695 1205 252 44 intervalles
1980 1207 248 44 différents,
2262 1209 186 54 puisque
2479 1224 42 28 sa
2554 1209 152 43 vitesse

1535 1278 61 30 est
1628 1278 232 32 constante
1895 1280 39 30 et
1967 1268 30 43 il
2031 1284 50 26 en
2117 1268 155 43 résulte
2304 1285 85 27 une
2425 1271 279 42 résonnance.

1536 1329 183 42 Celle-ci
1753 1341 235 42 augmente
2020 1331 51 41 de
2104 1343 145 31 toutes
2282 1334 58 41 les
2373 1332 240 44 réflexions
2648 1334 58 40 du

1536 1405 81 27 son
1648 1391 49 42 de
1727 1391 126 53 paroi
1881 1392 22 41 à
1929 1392 127 53 paroi
2082 1404 40 31 et
2149 1395 36 42 le
2212 1409 81 26 son
2320 1409 105 38 peut
2453 1410 39 27 se
2521 1395 161 52 prolon-

1536 1468 72 38 ger
1633 1453 208 43 d'autant
1864 1454 102 53 plus
1992 1454 256 54 longtemps
2272 1470 84 40 que
2382 1456 35 41 le
2443 1457 181 42 volume
2649 1456 59 43 du

1538 1515 111 42 local
1684 1526 63 31 est
1778 1515 101 54 plus
1913 1517 142 53 grand
2088 1528 40 31 et
2161 1532 84 39 que
2279 1517 37 42 le
2349 1532 80 28 son
2467 1518 105 43 émis
2607 1518 103 42 était

1536 1577 101 54 plus
1672 1576 108 44 fort.

1608 1639 36 43 Il
1682 1639 129 54 s'agit
1851 1655 50 27 en
1939 1655 171 27 somme
2146 1641 135 42 d'une
2317 1640 183 44 infinité
2536 1642 176 42 d'échos

1540 1716 92 27 non
1670 1702 286 53 perceptibles
1993 1703 21 40 à
2051 1713 127 32 notre
2213 1703 162 42 oreille.
2414 1704 74 42 On
2526 1703 96 45 sait,
2660 1718 51 26 en

1539 1762 121 45 effet,
1701 1764 143 54 qu'un
1884 1764 106 42 écho
2029 1780 51 26 ne
2118 1764 177 44 devient
2330 1765 264 54 perceptible
2630 1781 83 39 que

1540 1825 68 45 s'il
1637 1826 99 42 s'est
1759 1825 122 54 passé
1903 1842 54 26 au
1985 1827 147 41 moins
2156 1843 60 26 un
2243 1826 190 44 dixième
2456 1828 51 42 de
2531 1828 182 43 seconde

1540 1899 119 30 entre
1695 1887 36 42 le
1765 1904 80 26 son
1881 1888 146 43 initial
2063 1905 40 31 et
2137 1889 37 43 le
2208 1905 80 27 son
2326 1889 198 46 réfléchi;
2561 1906 42 26 ce
2636 1889 78 56 qui

1540 1949 202 43 nécessite
1771 1965 59 27 un
1862 1966 208 38 parcours
2101 1951 50 42 de
2182 1967 94 39 340
2312 1967 10 26 :
2366 1967 54 27 10
2448 1969 54 17 =
2532 1967 58 39 34
2625 1950 60 45 mè-

1540 2023 82 31 tres
1653 2013 188 43 environ
1875 2029 53 25 au
1964 2013 258 44 minimum.

1609 2086 81 42 Les
1734 2087 303 53 phénomènes
2081 2088 51 41 de
2175 2087 267 44 résonnance
2486 2101 103 30 sont
2633 2087 62 44 fré-

1540 2160 160 43 quents
1733 2164 10 26 :
1775 2165 78 37 par
1881 2150 198 52 exemple
2107 2150 184 43 .chacun
2321 2150 50 42 de
2400 2166 114 27 nous
2541 2167 22 26 a
2592 2165 100 27 cons-

1540 2211 88 41 taté
1658 2212 40 42 la
1726 2211 239 42 différence
1994 2212 50 41 de
2077 2211 268 43 résonnance
2373 2212 110 42 dans
2514 2228 61 26 un
2605 2212 111 44 local

1541 2273 122 41 selon
1695 2273 113 42 cui'il
1837 2285 61 30 est
1926 2273 101 42 vide
2056 2289 58 26 ou
2143 2274 126 54 garni
2298 2274 51 42 de
2378 2285 193 32 tentures
2599 2287 40 30 et
2667 2274 51 41 de

1545 2334 127 54 tapis.
1711 2335 105 42 Une
1850 2335 104 43 salle
1991 2335 257 43 d'audition
2284 2336 73 43 n'a
2392 2352 77 37 pas
2503 2337 40 41 la
2580 2337 139 42 même

1544 2397 269 42 résonnance
1853 2397 122 43 selon
2020 2397 160 56 qu'elle
2219 2410 62 30 est
2319 2397 101 43 vide
2461 2413 57 28 ou
2559 2398 160 55 qu'elle

1543 2470 61 31 est
1633 2459 145 54 pleine
1809 2460 51 41 de
1891 2469 277 45 spectateurs.

1612 2532 122 42 Pour
1772 2533 250 42 combattre
2063 2535 37 41 le
2139 2533 136 48 bruit,
2320 2534 30 44 il
2390 2533 100 45 faut
2531 2533 162 44 évidem-

1545 2607 122 30 ment
1696 2595 202 42 chercher
1926 2597 22 41 à
1982 2596 250 53 supprimer
2262 2596 39 43 la
2333 2597 280 42 résonnance.
2647 2597 72 42 Au

1543 2658 232 43 contraire,
1809 2658 110 42 dans
1950 2661 56 41 les
2035 2658 124 44 salles
2189 2659 270 46 d'audition,
2493 2660 35 41 le
2557 2675 81 26 son
2669 2674 52 27 ne

1544 2720 98 42 doit
1673 2736 77 38 pas
1780 2720 85 42 être
1895 2721 200 42 assourdi
2126 2733 40 31 et
2196 2722 92 41 l'on
2324 2739 21 25 a
2375 2720 158 44 intérêt
2562 2722 22 42 à
2615 2736 79 27 con-

1543 2798 141 27 server
1733 2799 85 26 une
1865 2783 187 42 certaine
2100 2783 268 43 résonnance
2415 2785 21 41 à
2485 2783 235 43 condition

1543 2845 183 50 qu'elles
1755 2846 87 43 soit
1871 2846 207 52 régulière
2107 2864 40 32 et
2174 2846 229 43 uniforme
2433 2861 116 38 pour
2576 2856 145 33 toutes

1545 2908 57 42 les
1634 2908 160 49 parties
1825 2908 59 42 du
1916 2908 126 46 local,
2078 2924 42 27 ce
2151 2908 78 56 qui
2260 2908 215 44 s'obtient
2504 2908 193 56 générale-

1545 2982 124 31 ment
1703 2987 79 37 par
1818 2971 40 42 la
1893 2971 148 42 forme
2076 2969 224 45 circulaire
2335 2971 71 42 des
2442 2971 162 54 parois.
2643 2970 78 43 Les

1544 3033 175 43 anciens
1753 3035 56 42 les
1841 3033 344 44 construisaient
2215 3050 52 26 en
2300 3032 254 55 hémicycle.

1614 3194 35 44 Il
1681 3209 114 28 nous
1823 3206 106 31 reste
1959 3195 21 42 à
2010 3195 226 42 examiner
2264 3194 212 57 quelques
2503 3195 218 53 exemples

1547 3257 71 42 des
1661 3256 206 54 procédés
1910 3256 97 54 déjà
2050 3257 227 54 employés
2317 3273 116 37 pour
2475 3256 246 56 supprimer

1545 3334 59 27 ou
1643 3319 155 54 plutôt
1834 3319 201 43 atténuer
2071 3320 37 42 le
2144 3319 123 44 bruit
2304 3321 109 41 dans
2452 3320 58 43 les
2546 3319 150 43 habita-

1546 3382 133 43 tions.

1614 3456 61 43 Le
1707 3456 185 54 procédé
1926 3456 172 54 général
2133 3456 284 44 d'isolement
2449 3466 74 35 est.
2559 3456 139 44 théori-

1546 3531 227 43 quement,
1805 3519 158 54 simple
1999 3535 9 27 :

1615 3593 37 46 Il
1690 3594 189 42 consiste
1914 3594 21 42 à
1971 3594 244 42 constituer
2251 3609 98 27 avec
2385 3597 57 42 les
2479 3592 146 56 parois
2662 3592 58 42 du

1545 3655 111 43 local
1706 3656 22 42 à
1774 3656 143 45 isoler,
1967 3672 60 27 un
2076 3655 312 44 encaissement
2434 3655 287 45 entièrement
