3241 4221
2242 294 312 54 TEK
2634 294 58 52 H
2773 292 60 54 N
2914 282 46 61 É

441 3782 155 57 188

473 435 2483 120 BIBLIOGRAPHIE

465 711 334 55 PRATIQUE
840 710 93 42 DU
971 708 261 43 CALCUL

1074 769 92 44 DU
1198 769 222 43 BETON
1457 767 177 44 ARME

823 885 79 38 par
933 870 55 41 G.
1025 868 242 43 MAGNEL,

529 969 174 54 Chargé
733 969 50 41 de
813 983 125 26 cours
971 968 21 41 à
1026 964 291 45 l'Université
1349 964 50 42 de
1430 962 134 42 Gand

460 1032 228 42 Directeur
739 1032 58 40 du
853 1028 290 43 Laboratoire
1196 1028 49 40 de
1297 1025 144 42 Béton
1495 1024 139 42 Armé

458 1166 282 43 TROISIÈME
764 1174 209 33 VOLUME
1004 1180 9 25 :
1041 1162 261 44 CALCUL
1328 1161 116 43 DES
1470 1160 161 44 ARCS

1326 1217 9 10 ê

799 1263 106 42 Prix
954 1278 8 27 :
1016 1277 87 38 140
1143 1262 147 41 francs

527 1364 247 51 L'ouvrage
800 1362 50 40 de
879 1361 68 42 M.
974 1360 185 55 Magnel
1186 1375 72 26 sur
1284 1361 58 41 les
1367 1374 89 27 arcs
1481 1370 61 31 est
1566 1369 42 31 at-

456 1426 136 41 tendu
617 1425 359 52 impatiemment
999 1437 78 39 par
1100 1434 102 31 tous
1229 1424 55 41 les
1309 1420 235 55 praticiens
1569 1420 59 42 du

453 1488 136 41 calcul
637 1487 59 41 du
743 1486 136 42 béton
927 1484 130 46 armé,
1105 1499 125 39 parce
1277 1482 136 56 qu'ils
1459 1494 168 35 savent,

455 1550 25 40 d
505 1564 83 26 une
628 1559 112 42 part,
785 1547 205 42 combien
1032 1562 41 27 ce
1113 1546 137 43 calcul
1292 1558 62 31 est
1396 1545 234 42 laborieux

453 1611 153 54 quand
633 1626 58 25 on
722 1611 72 40 n'a
822 1610 20 41 à
871 1625 43 27 sa
944 1609 270 54 disposition
1243 1624 84 39 que
1355 1608 57 42 les
1440 1607 189 44 théories

452 1673 232 54 classiques
710 1673 21 41 à
761 1672 233 54 appliquer
1020 1672 21 41 à
1069 1672 168 54 chaque
1263 1686 67 27 cas
1358 1669 267 55 particulier,

451 1747 40 30 et
524 1736 171 41 d'autre
727 1746 112 42 part,
876 1734 205 43 combien
1116 1734 57 42 les
1206 1732 207 55 procédés
1446 1733 182 53 exposés

451 1813 78 38 par
565 1797 67 41 M.
672 1796 184 55 Magnel
894 1797 109 42 dans
1043 1811 60 26 ses
1141 1795 128 43 livres
1306 1807 105 30 sont
1448 1794 180 54 simples

450 1872 39 30 et
526 1858 148 43 faciles
710 1858 340 54 d'application.

517 1922 136 42 Grâce
702 1937 87 26 aux
840 1921 199 42 matières
1089 1919 288 54 développées
1425 1920 110 41 dans
1585 1933 42 27 ce

451 1999 204 27 nouveau
695 1984 196 45 volume,
938 1984 35 41 le
1012 1982 137 43 calcul
1190 1982 110 42 d'un
1341 1997 68 27 arc
1448 1982 179 42 devient

451 2047 111 41 aussi
607 2046 158 53 simple
804 2061 85 39 que
929 2044 107 43 celui
1082 2045 135 42 d'une
1258 2055 160 42 poutre
1459 2043 165 47 droite;

449 2109 266 42 l'exécution
769 2107 237 43 matérielle
1056 2107 72 42 des
1177 2105 160 44 calculs
1385 2117 107 44 peut
1540 2107 87 42 être

448 2171 106 42 faite
597 2187 78 37 par
719 2186 59 26 un
829 2170 270 42 dessinateur
1143 2169 253 55 intelligent
1441 2184 102 27 sous
1589 2168 36 43 le

446 2234 202 41 contrôle
682 2233 110 42 d'un
826 2232 242 54 ingénieur.

516 2308 62 41 La
651 2307 118 43 table
841 2307 71 42 des
985 2307 200 42 matières
1257 2305 114 44 seule
1448 2316 177 32 montre

446 2371 39 42 la
547 2370 204 42 diversité
811 2370 71 42 des
945 2385 67 27 cas
1072 2369 148 44 traités
1279 2385 79 37 par
1418 2370 204 43 l'auteur,

446 2433 76 44 oui
584 2434 100 40 s'est
745 2432 225 42 d'ailleurs
1032 2431 171 54 imposé
1279 2446 173 27 comme
1514 2430 113 55 règle

446 2496 50 41 de
533 2511 50 26 ne
619 2511 77 38 pas
730 2495 109 42 faire
876 2495 51 41 de
961 2494 169 43 théorie
1164 2507 40 30 et
1239 2494 51 42 de
1325 2509 40 27 se
1402 2493 164 43 borner
1603 2492 21 43 à

441 2557 308 54 l'application
774 2556 262 56 numérique
1058 2556 72 43 des
1149 2554 206 54 procédés
1377 2554 247 54 classiques.

512 2632 61 42 Ce
603 2632 107 42 livre
736 2646 61 30 est
829 2647 60 26 un
917 2631 213 42 véritable
1157 2631 153 42 recueil
1338 2631 52 41 de
1417 2629 207 50 procédés

445 2695 223 54 pratiques
698 2706 40 30 et
768 2694 50 42 de
849 2693 373 55 renseignements
1253 2693 298 54 numériques.

512 2768 212 42 L'album
759 2768 71 42 des
862 2768 210 54 planches
1105 2769 251 43 hors-texte
1389 2768 79 54 qui
1500 2783 28 38 y
1561 2777 63 30 est

451 2831 113 47 joint
592 2831 200 42 contient
821 2831 72 42 des
925 2831 210 43 tableaux
1165 2831 22 42 à
1220 2829 182 54 remplir
1431 2829 164 43 mécani-

445 2905 211 39 quement
679 2909 78 38 par
782 2909 107 26 ceux
914 2893 77 56 qui
1016 2892 187 43 doivent
1226 2892 184 43 calculer
1435 2893 72 42 des
1533 2907 91 28 arcs

445 2957 50 41 de
519 2956 145 42 forme
689 2956 293 55 quelconque.

512 3031 80 43 Les
622 3031 254 42 nombreux
905 3031 221 53 exemples
1157 3032 50 41 de
1237 3030 137 43 calcul
1404 3046 86 40 que
1517 3044 79 28 con-

444 3095 112 42 tient
592 3095 227 53 l'ouvrage
851 3109 52 27 en
937 3093 222 46 facilitent
1196 3092 325 55 l'application.

510 3169 68 41 En
604 3184 183 28 annexe,
813 3168 190 43 l'auteur
1026 3168 150 43 donne
1198 3169 39 41 la
1260 3168 362 43 démonstration

444 3232 50 42 de
520 3243 145 31 toutes
691 3234 57 41 les
772 3231 220 42 formules
1017 3230 243 56 invoquées
1287 3231 110 42 dans
1427 3231 37 43 le
1488 3241 132 33 texte.

507 3306 95 43 Nul
634 3306 136 41 doute
800 3321 84 39 que
916 3306 57 42 les
1002 3304 264 55 ingénieurs,
1300 3304 251 43 architectes
1581 3314 41 32 et

443 3368 265 42 techniciens
749 3368 151 42 feront
940 3368 94 42 bon
1077 3367 159 43 accueil
1277 3368 21 41 à
1338 3382 43 27 ce
1419 3365 204 55 précieux

441 3432 194 42 volume.

1255 3492 295 43 L'EDITEUR.

1850 888 139 41 AUX
2016 885 459 44 ARCHITECTES
2505 884 95 42 DU
2627 882 180 45 PAYS.
2838 882 122 42 C'est

1780 991 49 25 en
1862 974 180 42 octobre
2070 973 216 54 prochain
2315 973 189 54 qu'aura
2532 971 99 47 lieu,
2660 971 23 41 à
2711 969 245 46 Bruxelles,

1780 1065 35 40 le
1858 1061 66 42 III
1930 1070 14 16 e
1988 1060 201 54 Congrès
2230 1058 330 43 International
2602 1057 357 43 d'Architecture

1777 1146 235 43 Moderne.

1848 1260 38 40 A
1923 1261 9 41 1
1957 1259 200 41 occasion
2196 1259 50 40 de
2280 1269 64 30 cet
2379 1256 271 46 événement,
2687 1255 83 42 LA
2804 1253 153 43 CITE

1778 1345 200 52 publiera
2015 1360 59 25 un
2111 1359 193 38 ouvrage
2337 1344 51 41 de
2422 1342 388 45 documentation,
2847 1339 89 43 inté-

1778 1443 166 31 ressant
1982 1432 22 40 à
2045 1432 38 42 la
2121 1430 89 42 fois
2248 1431 58 41 les
2344 1429 272 41 Architectes
2657 1427 221 53 étrangers
2918 1436 40 31 et

1777 1534 107 27 ceux
1921 1519 59 40 du
2015 1532 125 39 pays.

1844 1643 82 41 Cet
1977 1656 206 39 ouvrage,
2233 1639 182 43 intitulé
2461 1637 195 46 TROIS
2705 1637 253 44 ANNEES

1775 1728 591 45 D'ARCHITECTURE
2457 1724 324 45 MODERNE
2874 1721 86 46 EN

1776 1816 340 54 BELGIQUE,
2161 1829 217 40 groupera
2419 1829 61 27 un
2520 1811 135 44 choix
2696 1812 52 42 de
2787 1810 152 44 réalisa-

1774 1905 121 42 tions
1928 1902 353 43 architecturales
2313 1916 184 38 conçues
2529 1915 59 28 ou
2622 1897 220 45 exécutées
2874 1898 56 42 du-

1774 2002 100 31 rant
1912 2006 138 38 1927,
2095 1990 121 54 1928
2249 2001 39 30 et
2326 2003 138 40 1929,

1848 2116 37 42 Il
1931 2130 27 39 y
2005 2130 89 28 sera
2140 2113 209 56 question
2398 2112 72 43 des
2516 2123 192 31 travaux
2754 2109 58 44 les
2858 2110 102 53 plus

1771 2203 140 43 variés
2006 2199 574 46 d'ARCHITECTURE
2675 2196 243 47 RATION-

1772 2290 208 43 NELLE
2111 2301 192 30 travaux
2335 2288 78 55 qui
2447 2298 150 32 seront
2627 2285 220 55 présentés
2880 2299 78 41 par

1775 2378 71 42 des
1885 2378 143 54 plans,
2072 2376 167 42 dessins
2278 2387 39 31 et
2354 2376 182 53 photos.
2579 2374 105 43 Une
2721 2384 106 32 note
2866 2386 69 27 suc-

1777 2466 137 42 cincte
1960 2464 365 42 d'introduction
2370 2460 209 56 précisera
2625 2461 40 42 la
2711 2457 153 45 valeur
2910 2457 51 41 de

1774 2552 175 42 l'effort
1984 2551 123 53 belge
2140 2549 112 42 dans
2286 2546 343 45 l'Architecture
2662 2545 195 44 vivante.

1842 2676 83 42 LA
1955 2674 153 44 CITE
2139 2673 85 43 fait
2256 2673 117 41 donc
2405 2671 129 54 appel
2565 2685 89 27 aux
2686 2668 272 43 Architectes

1772 2764 59 41 du
1863 2779 110 38 pays
2004 2777 116 38 pour
2151 2759 135 56 qu'ils
2320 2759 63 43 lui
2415 2768 276 33 soumettent
2725 2754 114 44 leurs
2872 2765 64 31 tra-

1771 2864 121 27 vaux
1938 2850 56 40 les
2034 2847 102 54 plus
2176 2844 303 56 significatifs,
2525 2854 202 32 rentrant
2768 2841 112 43 dans
2922 2839 37 43 le

1772 2937 211 42 domaine
2013 2935 52 42 de
2095 2937 40 42 la
2166 2932 311 45 construction
2509 2929 282 45 rationnelle.

1840 3049 64 42 La
1940 3048 99 42 date
2076 3046 193 43 extrême
2305 3045 51 42 de
2393 3043 153 44 remise
2583 3043 72 42 des
2692 3041 268 43 documents

1771 3149 60 30 est
1867 3136 117 41 fixée
2019 3151 54 26 au
2114 3149 55 40 25
2209 3132 101 55 juin
2346 3130 234 57 prochain,
2619 3128 231 55 l'ouvrage
2886 3128 47 41 de-

1771 3236 110 31 vant
1905 3224 135 42 sortir
2064 3223 50 42 de
2138 3237 141 39 presse
2304 3236 116 39 pour
2445 3220 37 43 le
2514 3234 14 28 lerI
2541 3226 34 18 er
2600 3217 182 45 octobre
2817 3229 27 43 i
2844 3229 112 43 93°*

2217 3356 246 48 Bruxelles,
2505 3372 68 28 10,
2605 3354 121 57 place
2755 3354 135 44 Loix.

2215 3445 251 44 Rédaction
2507 3445 52 42 de
2596 3444 85 43 LA
2718 3441 169 46 CITE*
