2751 4056
661 362 149 48 THE
815 358 418 50 THOUSAND
1263 355 291 49 SCENES
1585 353 90 47 IN
1707 351 162 48 ONE
1898 348 276 50 SCENE.

260 367 87 53 148

359 470 109 43 The
501 469 102 43 Art
635 468 56 45 of
724 469 160 53 using
915 469 112 43 this
1058 469 172 43 Scene
1265 468 59 41 to
1356 468 97 41 the
1487 465 124 43 best
1658 461 314 52 advantage
2008 460 48 44 Is
2090 471 32 32 a
2157 457 238 45 delicate
2445 470 104 34 one

258 562 104 40 and
396 560 258 52 acquired
689 560 132 54 only
844 559 139 43 with
1017 559 263 53 practise.
1305 556 112 44 The
1453 556 108 42 aim
1597 553 58 44 of
1686 554 99 42 the
1820 551 288 54 Arranger
2130 551 47 42 is
2199 550 61 42 to
2293 548 157 54 place
2474 550 84 46 his

255 658 220 32 screens
498 648 54 43 in
576 648 132 43 such
733 661 31 30 a
785 647 242 54 position
1051 648 146 49 that,
1223 649 68 51 by
1315 645 223 54 moving
1561 645 96 41 the
1683 642 290 43 minimum
2001 640 238 43 number
2263 638 57 44 of
2344 638 205 57 leaves,

251 737 68 42 he
352 748 120 43 may
503 739 238 52 produce
774 739 98 42 the
913 738 216 45 desired
1178 739 233 44 amount
1459 736 56 43 of
1563 736 238 52 variety.
1849 734 202 43 Where
2099 733 98 42 the
2250 732 296 44 maximum

250 828 226 41 amount
508 827 56 43 of
594 829 215 54 variety
840 829 47 44 is
921 831 256 53 required
1211 828 96 43 the
1341 828 209 52 change
1583 827 46 42 Is
1665 827 108 42 less
1806 836 129 42 easy
1967 824 60 42 to
2062 821 357 54 accomplish,
2442 819 105 56 for,

251 918 56 41 in
340 920 86 40 art
458 930 59 30 as
550 920 122 42 well
706 931 57 32 as
787 921 57 42 in
868 923 221 51 nature,
1121 921 210 43 sudden
1368 920 278 42 contrasts
1671 929 163 31 cause
1860 926 154 33 more
2048 912 224 46 trouble
2293 915 253 54 because,

249 1019 58 30 as
339 1019 30 31 a
402 1007 140 52 rule,
578 1010 372 46 undesirable.

343 1097 324 45 Sometimes
700 1101 212 42 certain
945 1101 279 42 additions
1257 1111 125 42 may
1415 1100 67 43 be
1517 1100 158 42 made
1714 1099 60 42 to
1826 1097 116 42 this
1990 1097 198 49 Scene,
2236 1095 135 44 such
2423 1106 61 33 as
2517 1108 29 31 a

245 1186 166 55 flight
434 1188 55 44 of
518 1191 170 53 steps,
722 1204 32 29 a
787 1193 252 48 window,
1072 1204 31 29 a
1136 1193 211 51 bridge,
1370 1204 31 31 a
1425 1190 250 55 balcony,
1698 1190 106 42 and
1831 1188 56 44 of
1910 1199 197 33 course
2132 1189 94 42 the
2253 1198 294 44 necessary

241 1275 300 57 furniture,
574 1282 211 52 though
818 1287 157 48 great
1012 1294 123 32 care
1169 1285 106 41 and
1310 1294 225 32 reserve
1594 1283 148 41 must
1778 1282 66 42 be
1878 1280 282 44 exercised
2212 1280 56 41 in
2321 1278 225 56 making

246 1369 155 42 these
433 1371 275 43 additions
741 1383 60 31 so
834 1383 60 32 as
926 1374 58 41 to
1022 1374 159 41 avoid
1216 1373 101 42 the
1351 1373 335 43 ridiculous.

887 1498 498 52 ARTISTIC
1459 1498 420 47 VALUES.

250 1621 84 91 T
344 1626 79 40 his
453 1627 172 42 Scene
660 1628 45 41 is
738 1640 30 29 a
802 1628 172 54 ~ving
1006 1630 82 42 thi
1097 1641 89 41 ng.
1234 1654 14 16 ,

339 1724 65 33 -sS?
438 1716 56 41 In
528 1717 95 41 the
658 1717 174 42 hands
866 1718 55 42 of
954 1730 67 30 an
1058 1718 180 44 Artist
1271 1721 43 41 it
1340 1721 43 41 is
1407 1718 223 54 capable
1656 1720 54 42 of
1735 1720 71 43 all
1830 1721 267 43 varieties
2122 1718 55 45 of
2201 1721 340 53 expression,

247 1812 136 33 even
419 1816 57 31 as
509 1818 31 30 a
573 1806 170 53 living
774 1810 152 42 voice
965 1810 105 42 and
1097 1823 29 29 a
1150 1810 173 52 living
1364 1809 119 44 face
1526 1821 94 32 are
1653 1810 224 52 capable
1912 1809 56 45 of
2000 1823 165 43 every
2199 1812 342 53 expression.

249 1891 108 43 The
387 1895 169 42 Scene
589 1898 243 41 remains
863 1898 201 53 always
1112 1900 96 42 the
1257 1912 169 39 same,
1460 1900 164 42 while
1660 1900 337 55 incessantly
2030 1901 298 54 changing.

343 1984 157 43 Some
534 1998 121 42 may
687 1986 98 44 ask
818 1988 122 43 how
973 1990 133 42 such
1141 2002 31 30 a
1206 1992 162 50 thing
1401 2002 99 31 can
1534 1990 244 56 possibly
1827 1993 87 52 be,
1954 1993 107 43 and
2097 2003 105 33 one
2254 2004 102 32 can
2409 1994 129 52 only

242 2072 99 43 ask
373 2078 132 41 such
540 2079 347 51 questioners
919 2082 60 40 to
1013 2082 167 52 study
1214 2083 94 41 the
1345 2083 204 43 human
1591 2082 138 47 face.

335 2162 173 54 Every
541 2166 202 43 human
776 2166 117 44 face
947 2169 43 41 is
1037 2172 206 51 shaped
1295 2183 150 32 more
1497 2185 62 31 or
1609 2173 107 45 less
1750 2176 98 42 the
1897 2186 172 43 same,
2123 2176 107 42 and
2284 2177 46 41 is
2382 2176 155 43 made

241 2262 69 42 up
360 2252 55 42 of
468 2257 110 41 two
632 2267 148 43 eyes,
828 2270 30 30 a
914 2261 169 51 brow,
1131 2272 30 31 a
1213 2272 152 40 nose,
1415 2275 31 30 a
1497 2266 216 51 mouth,
1778 2277 32 31 a
1860 2266 127 43 chin
2053 2267 107 42 and
2227 2279 59 31 so
2352 2263 185 55 forth;

240 2353 152 31 move
425 2355 106 42 any
564 2356 104 33 one
703 2347 54 43 of
787 2350 159 43 these
1001 2352 154 50 parts
1210 2364 132 31 ever
1374 2364 60 33 so
1484 2353 171 53 little,
1704 2357 107 41 and
1862 2367 81 32 we
2000 2359 135 43 note
2184 2370 32 30 a
2269 2357 269 45 different

242 2436 337 50 expression.

233 2530 66 36 &
331 2524 125 43 This
487 2526 171 43 Scene
692 2530 298 44 resembles
1023 2533 96 41 the
1154 2533 206 44 human
1393 2534 138 46 face.

402 2616 44 40 is
470 2616 227 46 obvious
733 2620 125 42 that
880 2623 94 40 the
999 2624 306 53 advantage
1329 2624 56 43 of
1403 2629 135 41 such
1564 2639 31 31 a
1614 2629 171 42 Scene
1811 2629 113 43 will
1948 2632 65 42 be
2041 2633 125 42 best
2192 2634 340 45 understood

239 2703 105 40 and
377 2701 102 45 felt
523 2708 67 53 by
635 2710 157 42 those
828 2713 120 43 who
984 2724 90 32 see
1110 2714 80 51 it;
1224 2717 100 42 but
1368 2718 72 42 its
1486 2729 124 32 uses
1646 2731 99 31 can
1780 2723 60 41 at
1873 2733 109 43 any
2018 2723 126 43 rate
2179 2724 66 42 be
2271 2726 261 43 recorded

236 2792 58 42 to
326 2803 149 33 some
508 2798 327 55 advantage.

236 2889 65 35 &
331 2882 255 56 Through
622 2888 74 43 its
730 2902 95 32 use
860 2905 81 30 we
975 2895 189 44 obtain
1200 2908 30 31 a
1265 2908 160 32 sense
1459 2898 55 42 of
1548 2900 269 55 harmony
1840 2903 108 42 and
1983 2915 31 32 a
2048 2915 164 33 sense
2236 2903 57 46 of
2316 2907 216 55 variety

233 2972 59 41 at
324 2975 94 41 the
451 2986 148 34 same
631 2980 156 45 time.
824 2985 95 42 We
956 2996 121 42 may
1100 2987 66 43 be
1190 2987 115 43 said
1333 2990 57 42 to
1417 2990 136 43 have
1577 2995 297 42 recovered
1903 3006 105 32 one
2034 2994 56 44 of
2117 2997 96 42 the
2240 2999 216 44 Unities
2480 2999 55 44 of

233 3061 93 42 the
360 3065 177 44 Greek
573 3069 194 45 Drama
800 3074 239 44 without
1065 3076 177 53 losing
1276 3089 106 44 any
1417 3077 55 44 of
1503 3081 96 42 the
1633 3081 302 60 varietyjof
1957 3086 96 43 the
2076 3088 454 54 Shakespearean

237 3154 207 47 drama.

239 3254 64 35 &
338 3248 92 43 We
462 3262 122 39 pass
617 3251 140 46 from
792 3268 103 32 one
929 3269 163 33 scene
1126 3264 57 41 to
1220 3264 239 43 another
1491 3267 240 43 without
1765 3281 31 30 a
1830 3268 171 44 break
2025 3269 56 46 of
2104 3283 109 43 any
2248 3273 153 55 kind,
2425 3276 102 43 and

235 3336 155 44 when
426 3340 96 42 the
556 3343 207 54 change
799 3347 94 43 has
943 3361 151 31 come
1143 3363 82 32 we
1275 3364 94 32 are
1421 3357 99 42 not
1569 3359 286 44 conscious
1906 3362 56 42 of
2015 3375 108 43 any
2175 3364 357 56 disharmony

239 3425 242 46 between
518 3432 46 42 it
595 3434 105 41 and
736 3436 126 43 that
894 3439 176 44 which
1107 3444 47 40 Is
1188 3446 143 48 past.

332 3518 18 39 1
387 3518 135 46 have
555 3524 114 42 sasd
792 3530 24 40 *
821 3528 31 41 3|
860 3528 44 45 ls
937 3531 170 43 Scene
1141 3535 126 43 that
1300 3535 47 44 It
1380 3536 47 44 is
1462 3550 30 32 a
1525 3538 175 56 living
1732 3542 182 55 thing,
1953 3545 127 44 that
2114 3546 46 43 it
2210 3549 45 43 is
2307 3546 220 55 capable
