2751 4056
1020 326 46 46 A
1105 320 341 55 HISTORY
1477 319 101 48 OF
1607 312 369 52 PUPPETS.

358 338 85 48 118

358 444 43 42 &
401 444 87 42 44
526 442 67 42 La
628 437 256 43 descente
919 432 199 44 d'Enee
1153 440 106 32 aux
1294 434 183 38 enters
1602 424 198 53 Played
1837 424 59 42 at
1928 421 98 44 the
2072 418 340 44 marionette
2436 414 216 49 theatre

360 529 53 46 ef
445 528 236 45 Bienfait
714 528 55 41 in
807 524 279 51 February
1120 531 143 43 1747-

358 720 65 35 &
526 710 97 43 Les
659 707 169 43 Dieux
861 716 69 32 ou
968 705 99 43 Les
1117 711 162 34 noces
1334 700 66 41 de
1448 698 183 43 Venus
1774 696 60 42 In
1890 703 104 33 one
2049 692 110 43 act.
2213 689 43 42 A
2312 688 230 51 comedy
2596 689 62 55 by

360 799 305 47 Laffichard
700 797 156 43 acted
894 797 68 52 by
996 793 363 45 marionettes
1393 791 60 42 at
1484 790 96 43 the
1606 787 123 43 Fair
1753 785 56 47 of
1829 781 471 52 Saint-Germain,
2326 790 68 33 on
2421 780 236 54 Sunday,

357 894 97 42 the
487 891 117 52 3rd.
638 889 53 44 of
725 887 277 55 February
1037 896 54 42 17
1096 895 83 43 43.

459 1074 29 22 «
527 1073 97 42 Les
658 1081 137 31 eaux
828 1069 65 41 de
927 1067 167 52 Passy
1206 1061 41 45 A
1282 1063 225 52 comedy
1541 1061 68 51 by
1645 1058 239 50 Carolet,
1917 1053 313 57 performed
2282 1053 70 53 by
2401 1051 97 42 the
2552 1061 72 33 ma-

361 1163 272 43 rionettes
667 1159 53 43 of
755 1155 237 46 Bienfait
1026 1159 59 40 at
1117 1155 96 42 the
1249 1153 122 44 Fair
1402 1149 56 47 of
1490 1149 445 46 Saint-Germain
1983 1149 53 39 in
2074 1154 146 43 1724.

361 1351 63 36 &
457 1345 32 23 ♦<
526 1345 67 42 Le
628 1341 199 43 femme
861 1336 272 46 dlablesse
1256 1333 44 43 A
1334 1333 223 54 comedy
1594 1333 136 42 with
1768 1331 194 52 music,
2001 1331 68 52 by
2092 1329 95 44 the
2215 1327 371 43 marionettes
2610 1326 51 44 of

362 1431 238 46 Bienfait
633 1434 57 41 at
722 1431 96 42 the
854 1428 123 45 Fair
1009 1427 54 43 of
1096 1427 52 43 S.
1188 1427 241 43 Lorenzo
1463 1425 56 40 in
1554 1425 96 42 the
1686 1421 196 44 month
1918 1418 56 46 of
2007 1421 240 52 August,
2282 1417 143 55 1746.

459 1615 30 23 «
527 1616 71 42 La
629 1613 118 45 fille
1216 1609 213 54 Parody
1482 1606 58 45 In
1595 1606 160 42 three
1811 1605 118 43 acts
1980 1601 56 46 of
2089 1597 296 50 Voltaire's
2418 1601 243 54 tragedy,

682 1704 216 45 Author
932 1702 304 44 unknown.
1269 1699 201 53 Played
1522 1699 70 52 by
1639 1698 97 42 the
1790 1695 365 43 marionettes
2210 1691 55 45 of
2317 1690 240 46 Bienfait
2609 1691 49 42 in

362 1798 186 42 March
584 1794 144 55 1736.

365 1986 65 37 &
532 1978 98 44 Les
661 1975 174 44 fleurs
958 1975 342 43 Pantomime
1333 1971 157 44 acted
1527 1971 70 53 by
1627 1971 98 42 the
1762 1968 367 45 marionettes
2163 1963 56 47 of
2256 1968 67 43 Le
2360 1964 305 45 Vasseurat

365 2070 96 42 the
497 2067 121 43 Fair
652 2065 54 45 of
738 2066 441 44 Saint-Germain
1216 2063 97 44 the
1348 2063 142 44 18th.
1526 2061 298 53 February,
1861 2070 145 43 1749.

367 2257 64 35 &
464 2250 30 21 44
535 2248 132 44 L'lle
703 2248 94 43 des
830 2245 113 45 fees
977 2257 69 31 ou
1084 2248 68 43 Le
1186 2246 168 52 geant
1387 2255 107 32 aux
1550 2244 406 42 marionnettes
2079 2239 240 53 Comedy
2352 2236 59 45 in
2449 2246 103 33 one
2587 2237 80 41 act

366 2339 104 42 and
526 2340 53 40 in
634 2337 325 53 vaudeville,
1015 2337 202 41 author
1266 2344 365 43 anonymous,
1684 2331 193 55 played
1937 2333 69 52 by
2059 2330 96 43 the
2214 2329 367 43 marionettes
2620 2325 47 43 of

370 2428 237 44 Bienfait
639 2439 69 32 on
743 2428 249 53 Tuesday
1024 2428 95 43 the
1153 2427 144 44 12th.
1330 2424 128 55 July
1491 2434 144 42 1735*

465 2612 32 24 *'
535 2612 69 43 La
639 2608 396 55 grenoullllere
1070 2608 223 54 galante
1419 2607 213 53 Parody
1667 2607 54 42 in
1758 2606 160 43 three
1952 2607 140 48 acts,
2126 2615 164 42 prose
2327 2605 105 41 and
2482 2602 187 51 music,

372 2701 55 44 of
457 2704 34 22 44
517 2702 95 43 Les
647 2701 157 42 Indes
841 2700 216 52 galants
1171 2698 216 44 Author
1423 2697 241 51 Carolet,
1700 2696 364 53 represented
2114 2697 68 52 by
2218 2695 368 43 marionettes
2619 2693 51 42 at

371 2792 95 44 the
502 2791 124 42 Fair
658 2789 53 44 of
743 2791 56 43 S.
833 2791 243 43 Lorenzo
1110 2790 56 42 in
1202 2790 95 41 the
1331 2800 150 32 same
1515 2799 153 43 year.

1126 2944 9 17 1

470 2974 33 23 **
541 2973 68 43 Le
663 2972 367 41 ravissement
1082 2969 262 43 d'Heiene
1496 2968 360 53 Spectacular
1909 2969 332 51 production
2302 2965 55 46 of
2412 2966 260 51 Fuzelier,

374 3062 156 43 acted
565 3060 55 42 in
654 3062 97 42 the
785 3060 333 42 marionette
1153 3060 243 50 theatre,
1429 3058 171 43 called
1636 3060 33 23 4<
1691 3059 237 42 Vittoria
2035 3060 70 53 by
2152 3059 96 42 the
2302 3059 276 43 burattini
2628 3053 46 44 of

376 3151 269 43 Bertrand
681 3152 57 41 at
771 3151 97 42 the
903 3149 125 44 Fair
1062 3147 56 46 of
1148 3149 450 44 Saint-Germain
1635 3151 56 40 in
1729 3160 143 41 1705.

473 3333 33 23 44
541 3332 221 42 Javotte
884 3331 41 42 A
960 3331 207 55 parody
1202 3332 54 41 in
1289 3342 104 32 one
1418 3332 91 42 act
1532 3328 55 46 of
1608 3332 98 42 the
1733 3332 233 52 tragedy
1992 3331 54 44 of
2067 3331 247 44 Voltaire
2350 3333 33 25 44
2407 3333 220 51 Merope

2286 3398 10 8 %

375 3421 213 42 Author
620 3420 202 54 Valois,
855 3421 171 45 Given
1084 3422 67 54 by
1199 3422 95 42 the
1350 3424 366 43 marionettes
1771 3422 56 45 of
1882 3422 244 46 Bienfait
2181 3427 58 41 at
2293 3424 97 43 the
2449 3422 126 45 Fair
2625 3414 47 46 of

377 3511 444 43 Saint-Germain
855 3513 56 41 in
949 3523 141 41 1743.
