2751 4056
1024 358 418 55 EDITORIAL
1474 350 275 54 NOTES.

225 381 93 48 186

228 489 283 52 magnates
548 479 214 55 doing?
813 476 105 44 Are
953 475 134 52 they
1123 471 71 44 all
1230 480 138 34 even
1419 466 230 54 greater
1700 457 284 47 imbeciles
2035 457 137 43 than
2223 454 136 54 they
2411 453 138 46 have

223 580 86 42 for
339 588 159 44 years
531 571 203 56 proved
771 565 335 46 themselves
1127 564 26 42 ?

322 669 109 43 The
466 664 225 55 English
728 660 173 45 Music
936 655 118 46 Hall
1090 656 107 42 and
1233 653 262 49 Theatre,
1529 647 167 51 being
1741 644 182 42 under
1973 641 97 42 the
2122 636 320 52 leadership
2495 637 54 45 of

220 763 88 42 Sir
343 758 235 44 Herbert
621 754 155 53 Tree,
828 749 195 53 hardly
1070 758 179 33 seems
1297 748 60 39 to
1407 741 166 44 know
1627 739 153 42 what
1834 734 114 54 flag
2006 735 43 41 is
2103 730 179 56 flying
2333 730 60 41 at
2448 729 99 43 the

225 849 330 45 mast-head.
651 847 57 42 It
770 841 236 47 should
1076 842 72 40 be
1212 835 162 45 told.

318 942 95 42 We
464 940 134 40 have
649 933 289 55 regretted
987 928 89 46 for
1122 938 160 46 years
1338 927 54 42 in
1449 924 160 42 these
1664 918 255 46 columns
1975 915 126 44 that
2155 914 100 43 the
2314 910 229 55 English

221 1032 254 50 Theatre,
496 1031 105 41 and
626 1039 149 31 more
795 1022 295 55 especially
1104 1022 95 42 the
1221 1018 226 46 London
1467 1015 259 49 Theatre,
1745 1021 115 32 was
1879 1021 59 32 so
1961 1006 216 54 utterly
2196 1006 221 43 chaotic
2436 1006 108 42 and

224 1120 439 55 undisciplined;
699 1117 105 42 and
841 1128 122 30 now
998 1112 205 51 during
1227 1110 94 42 the
1348 1107 147 43 most
1517 1105 218 43 serious
1758 1102 190 52 period
1975 1097 57 45 of
2072 1108 105 32 our
2219 1098 217 52 history
2472 1097 73 43 its

224 1215 232 45 Leaders
490 1224 94 32 are
619 1222 136 33 even
793 1205 199 46 unable
1029 1208 57 39 to
1123 1201 159 43 make
1319 1201 72 41 its
1424 1208 216 33 women
1680 1194 187 43 clothe
1891 1192 347 43 themselves
2263 1188 284 54 decently.

320 1305 111 44 The
465 1304 112 42 real
612 1310 196 35 reason
845 1296 54 45 of
932 1295 72 45 all
1039 1295 113 43 this
1188 1296 44 41 is
1266 1291 174 54 plain.

320 1398 94 42 We
450 1396 136 41 have
620 1393 103 42 had
758 1393 93 41 too
888 1388 127 52 long
1049 1398 59 31 as
1145 1385 147 42 Head
1327 1380 56 46 of
1416 1382 97 43 the
1548 1379 320 43 Profession
1907 1389 29 29 a
1973 1387 127 31 man
2138 1375 125 42 who
2298 1384 114 32 was
2446 1374 98 42 too

221 1486 156 43 small
416 1488 57 40 to
507 1493 147 33 wear
687 1481 88 44 Sir
812 1481 183 52 Henry
1029 1474 231 54 Irving's
1296 1470 237 56 mantle;
1570 1481 69 31 an
1675 1472 160 39 actor
1867 1469 145 48 who,
2050 1465 187 44 clever
2279 1465 53 41 in
2387 1465 158 51 parts

221 1577 289 53 requiring
543 1586 30 29 a
606 1573 217 51 foreign
861 1571 215 49 accent,
1109 1567 47 42 Is
1193 1562 383 46 nevertheless
1617 1559 203 44 unable
1872 1561 59 40 to
1983 1557 171 53 speak
2204 1557 99 42 the
2356 1554 191 55 King's

223 1667 222 54 English
480 1669 59 39 to
584 1676 107 42 any
741 1660 169 45 effect
958 1661 160 42 when
1170 1658 44 41 it
1263 1665 181 34 comes
1494 1655 59 41 to
1602 1653 194 52 trying
1844 1653 60 41 to
1956 1650 147 43 raise
2161 1651 100 40 the
2313 1647 231 53 English

219 1756 308 47 Theatrical
565 1752 284 47 standard.

219 1862 62 34 &
315 1851 103 42 For
449 1858 160 46 years
642 1857 81 33 we
767 1846 136 41 have
951 1840 228 55 pointed
1230 1840 99 42 out
1377 1837 128 44 that
1553 1837 98 44 the
1703 1834 230 54 English
1985 1832 242 44 Theatre
2279 1832 264 44 contains

219 1942 279 44 hundreds
530 1937 56 45 of
616 1934 297 46 first-class
949 1934 204 52 actors,
1189 1940 164 44 many
1388 1929 140 53 good
1565 1938 315 42 managers,
1914 1925 108 42 and
2056 1925 199 53 plenty
2279 1923 57 44 of
2359 1924 184 49 ideas;

216 2031 297 45 first-class
548 2027 180 53 staffs,
762 2027 137 53 good
936 2022 256 45 material
1227 2020 222 55 galore:
1485 2020 104 42 but
1621 2031 84 31 we
1730 2018 165 43 know
1919 2018 127 42 that
2068 2018 156 42 since
2248 2017 100 43 the
2375 2015 168 43 death

219 2123 54 46 of
305 2126 88 40 Sir
428 2124 183 50 Henry
647 2119 184 52 Irving
864 2117 96 42 the
997 2114 224 54 English
1255 2113 240 45 Theatre
1533 2113 99 42 has
1669 2112 103 42 had
1807 2122 31 30 a
1872 2121 140 43 poor
2046 2112 245 40 master:
2346 2119 108 32 one
2491 2107 56 45 of

216 2217 159 42 those
409 2211 343 53 easy-going,
785 2206 201 45 tactful
1024 2215 228 42 persons
1288 2204 243 42 without
1553 2213 72 33 an
1651 2201 144 44 ideal
1820 2201 87 44 for
1932 2201 88 44 his
2045 2199 226 55 calling,
2295 2199 249 45 without

220 2304 163 44 belief
417 2305 54 39 in
507 2312 67 32 an
611 2297 142 45 Ideal
788 2310 58 30 as
879 2296 316 52 something
1228 2293 201 54 which,
1465 2292 41 43 if
1541 2304 172 33 never
1748 2292 260 53 reached,
2034 2291 133 44 calls
2191 2293 61 41 at
2275 2292 101 43 the
2401 2290 146 45 least

220 2394 86 44 for
339 2395 214 42 serious
587 2392 104 41 and
732 2389 303 50 unceasing
1067 2382 293 61 attempts
1393 2386 60 42 to
1487 2385 166 43 reach
1692 2385 65 44 it.

223 2495 62 35 &
319 2484 118 43 And
471 2494 60 31 so
567 2484 43 41 it
644 2483 45 40 is
724 2480 125 42 that
883 2489 70 33 on
987 2479 97 42 the
1118 2478 103 52 day
1255 2476 161 43 when
1454 2474 251 54 England
1741 2475 166 42 hears
1942 2471 59 47 of
2042 2475 99 43 the
2194 2474 194 44 heroic
2437 2475 110 43 and

221 2574 300 48 successful
558 2573 153 44 work
746 2577 57 39 at
836 2573 96 42 the
969 2569 381 53 Dardanelles,
1385 2570 45 41 it
1463 2568 117 44 also
1617 2569 163 43 hears
1815 2565 59 47 of
1921 2568 116 43 this
2087 2566 206 46 failure
2345 2566 56 46 of
2450 2569 98 43 the

221 2668 222 53 English
479 2667 235 43 Theatre
734 2677 13 33 :
841 2663 110 44 The
979 2663 138 44 Lord
1146 2660 390 46 Chamberlain
1561 2662 180 43 issues
1767 2672 29 32 a
1821 2660 260 54 warning
2103 2662 61 42 to
2188 2660 100 45 the
2315 2662 228 43 London

220 2757 310 46 Theatrical
567 2758 103 41 and
706 2753 328 46 Muslc-Hall

319 2848 316 50 Therefore,
661 2859 123 43 may
807 2846 123 43 that
963 2843 305 55 particular
1302 2842 132 44 kind
1461 2843 54 45 of
1540 2843 314 45 Theatrical
1881 2843 108 43 and
2014 2843 332 45 Music-Hail
2373 2843 174 46 world

221 2944 65 40 be
320 2942 176 51 swept
527 2941 120 41 into
682 2940 97 42 the
814 2949 112 39 sea,
951 2939 44 41 is
1020 2937 99 43 the
1153 2946 201 43 prayer
1387 2935 56 44 of
1477 2947 106 32 one
1618 2933 57 46 of
1707 2937 98 42 the
1840 2935 89 45 old
1967 2935 230 54 English
2241 2935 304 45 Theatre's

220 3034 183 42 truest
435 3031 231 51 friends,
755 3029 110 43 The
1145 3027 264 54 together
1433 3027 137 44 with
1597 3027 73 44 its
1697 3027 213 55 Editor,
1934 3027 75 45 all
2035 3027 75 45 Its
2135 3029 414 53 contributors,

223 3124 124 51 and,
383 3133 81 32 we
516 3120 228 51 believe,
794 3115 95 48 all
935 3118 74 44 its
1058 3119 247 52 readers,
1355 3119 257 43 whether
1663 3118 233 56 British,
1945 3119 320 55 American,
2315 3119 232 56 French,

223 3212 218 53 Italian,
477 3223 63 32 or
576 3210 254 50 Russian.

2346 3213 53 44 J.
2431 3213 57 43 S.

385 3582 126 45 ALL
560 3584 240 48 RIGHTS
837 3584 344 51 RESERVED
1263 3588 243 45 Gerente
1542 3589 398 54 Responsabile
1965 3590 230 46 GIULIO
2220 3590 197 46 VANZI
