2751 4056
594 359 148 47 THE
776 360 413 50 THOUSAND
1220 364 284 49 SCENES
1535 364 90 49 IN
1655 366 156 47 ONE
1839 366 261 47 SCENE.

2366 375 91 49 147

213 471 102 47 will
347 470 156 43 there
549 468 151 42 show
751 470 97 42 the
896 471 258 51 practical
1188 484 62 31 or
1282 472 270 43 technical
1584 475 216 42 artistic
1832 475 329 51 advantages
2198 472 175 45 which
2408 473 45 42 it

213 570 266 47 possesses
511 569 131 31 over
675 559 222 43 modern
933 571 243 42 scenery.

1013 684 47 46 A
1138 684 517 55 WARNING.

221 809 178 51 Cirst
431 809 55 43 of
517 810 71 42 all
623 812 44 40 it
700 813 43 39 is
778 823 285 42 necessary
1094 816 60 40 to
1195 817 144 39 state
1392 816 127 41 that
1570 814 111 42 this
1731 816 169 40 Scene
1955 814 44 41 is
2051 824 69 31 an
2171 812 283 43 Invention

298 901 256 52 patented
606 899 70 55 (i)
708 903 68 48 by
830 902 71 41 its
954 903 280 51 Inventor,
1286 904 104 41 and
1438 904 122 42 that
1592 904 92 41 the
1719 904 270 41 imitation
2026 902 55 43 of
2111 915 147 30 some
2292 901 54 43 of
2375 902 73 41 its

216 990 334 46 EXTERNAL
582 991 104 40 and
721 990 429 48 SUPERFICIAL
1182 991 341 53 QUALITIES
1556 993 66 52 by
1654 992 93 41 the
1778 992 177 47 trade,
1977 993 101 40 and
2102 991 256 42 recorded
2384 991 69 49 by

213 1080 234 52 pictures
480 1078 56 41 In
630 1077 111 43 The
775 1080 126 42 New
933 1081 311 41 Movement
1276 1081 53 41 in
1364 1081 96 41 the
1811 1081 82 41 Mr
1924 1078 233 44 Sheldon
2192 1077 261 53 Cheney's

214 1167 169 45 useful
418 1166 159 53 book,
607 1167 77 55 (2)
717 1180 92 30 are
842 1171 58 39 to
935 1171 64 39 be
1033 1170 338 43 mistrusted.
1395 1170 135 52 Only
1575 1169 236 53 genuine
1858 1167 178 43 works
2084 1167 54 42 of
2187 1171 88 38 art
2321 1167 136 42 have

211 1268 99 43 any
343 1256 254 43 ultimate
629 1257 160 42 value
822 1256 398 55 commercially
1253 1269 61 32 or
1347 1256 356 54 artistically:
1737 1257 302 41 imitations
2073 1256 103 41 and
2201 1256 254 51 spurious

211 1346 173 50 copies
417 1357 93 30 are
543 1343 86 44 for
660 1346 94 41 the
787 1345 133 52 gull.

591 1484 668 53 DESCRIPTION
1322 1484 114 47 OF
1502 1484 177 45 THE
1738 1483 339 47 SCENE.

214 1616 151 39 'X'he
398 1616 171 40 Scene
602 1613 47 42 is
684 1614 153 41 made
864 1625 69 40 up
958 1613 215 52 usually
1207 1625 62 30 or
1300 1612 147 52 four,
1477 1614 101 50 six,
1601 1613 170 50 eight,
1794 1613 95 39 ten
1914 1622 61 29 or
1998 1609 197 43 twelve
2218 1619 237 41 screens,

296 1705 127 50 and,
447 1703 267 52 although
737 1702 320 44 sometimes
1079 1698 56 46 of
1159 1713 148 31 more
1330 1702 137 42 than
1493 1702 214 51 twelve,
1726 1699 204 44 seldom
1954 1699 53 42 of
2030 1699 103 42 less
2157 1699 132 41 than
2311 1698 144 43 four.

211 1793 136 45 Each
381 1796 127 48 part
541 1804 63 31 or
635 1790 107 44 leaf
774 1790 56 44 of
863 1804 30 29 a
925 1801 188 32 screen
1138 1791 46 42 is
1217 1788 142 44 alike
1394 1791 54 39 in
1483 1800 163 40 every
1678 1786 300 53 particular
1999 1790 187 48 except
2206 1787 248 48 breadth,

210 1884 102 41 and
362 1884 158 40 these
553 1884 152 49 parts
751 1880 258 53 together
1057 1879 141 41 form
1249 1890 32 29 a
1324 1879 222 48 Screen,
1592 1877 284 51 composed
1932 1875 55 43 of
2017 1879 130 48 two,
2180 1876 141 51 four,
2354 1876 99 48 six,

211 1972 150 54 eight
393 1983 62 30 or
478 1972 94 41 ten
607 1970 199 42 leaves.
839 1967 170 44 These
1043 1966 182 45 leaves
1255 1965 113 44 fold
1403 1966 182 42 either
1618 1978 116 40 way
1767 1966 104 42 and
1919 1976 92 31 are
2067 1966 382 41 monochrome

1855 2036 10 10 *

211 2063 51 42 in
295 2063 131 40 tint.

298 2150 109 43 The
442 2149 193 52 height
670 2146 54 45 of
756 2146 70 44 all
874 2149 156 41 these
1077 2158 220 32 screens
1345 2145 46 42 is
1439 2145 160 42 alike.

209 2248 61 36 &
299 2239 170 43 These
503 2249 219 32 screens
774 2248 93 32 are
915 2235 456 51 self-supporting
1416 2235 103 41 and
1556 2244 93 32 are
1683 2233 155 42 made
1870 2232 180 43 either
2082 2230 55 43 of
2167 2242 31 29 a
2228 2229 226 42 wooden

207 2329 168 44 frame
411 2329 226 44 covered
674 2328 130 42 with
840 2337 213 39 canvas,
1086 2336 64 31 or
1182 2322 55 44 of
1269 2323 135 43 solid
1438 2324 173 41 wood.

207 2427 60 36 &
300 2418 149 45 with
484 2427 221 33 screens
738 2413 55 43 of
827 2425 215 31 narrow
1075 2412 334 42 dimensions
1441 2411 199 42 curved
1682 2408 169 43 forms
1898 2420 91 30 are
2036 2406 289 53 produced,
2370 2403 88 43 for

209 2508 143 54 large
385 2505 348 53 rectangular
765 2514 187 40 spaces
986 2503 232 42 broader
1254 2501 184 43 leaved
1472 2510 218 34 screens
1723 2510 91 31 are
1855 2498 148 51 used,
2038 2498 101 41 and
2166 2494 84 44 for
2270 2493 185 45 varied

210 2600 100 41 and
346 2596 204 43 broken
585 2594 171 44 forms
788 2594 71 41 all
892 2594 140 44 sizes
1065 2602 92 31 are
1189 2590 301 53 employed.

301 2689 326 40 Sometimes
660 2696 30 31 a
721 2684 102 42 flat
870 2681 120 45 roof
1041 2681 45 42 is
1141 2681 128 42 used
1307 2679 134 43 with
1490 2679 154 40 these
1691 2686 237 38 screens,
1979 2677 56 41 at
2087 2675 159 42 other
2297 2674 161 41 times

211 2775 89 43 the
333 2788 159 38 space
527 2775 168 42 above
729 2773 96 43 the
856 2773 97 49 top
988 2770 108 42 line
1131 2769 45 43 Is
1209 2769 207 42 shown.

320 2865 111 43 The
477 2865 170 41 Scene
695 2863 161 49 being
906 2860 405 48 monochrome,
1357 2858 94 40 the
1491 2855 282 42 minimum
1814 2853 53 43 of
1917 2853 141 52 light
2105 2853 46 40 is
2200 2851 253 52 required

210 2955 56 41 to
299 2954 306 42 Illuminate
639 2953 62 48 it,
747 2962 59 30 as
840 2950 157 42 there
1046 2949 45 41 is
1138 2947 158 41 much
1345 2943 285 44 reflection
1673 2941 140 44 from
1857 2941 127 42 each
2029 2938 120 44 leaf.
2194 2940 264 51 Ordinary

214 3044 213 42 battens
464 3043 124 42 that
620 3052 93 32 are
752 3041 130 41 used
931 3039 55 41 in
1035 3038 93 42 the
1162 3037 239 52 theatre,
1433 3034 104 41 and
1571 3032 115 43 also
1712 3032 261 53 daylight,
2006 3041 96 31 can
2130 3032 64 39 be
2219 3029 128 41 used
2373 3027 85 43 for

214 3131 70 43 its
315 3132 392 42 Illumination.

306 3221 110 43 The
449 3231 219 33 screens
703 3230 96 33 can
836 3220 64 42 be
933 3227 58 32 so
1023 3215 266 53 arranged
1325 3213 122 43 that
1480 3213 67 51 by
1582 3211 215 51 moving
1829 3211 159 40 three
2026 3208 179 42 leaves
2238 3218 29 31 a
2302 3209 157 50 great

214 3311 200 52 change
449 3312 54 41 in
540 3309 167 44 effect
741 3310 43 40 is
817 3306 293 55 produced.

215 3408 48 47 (1)
287 3413 61 34 See
374 3423 84 33 page
482 3411 75 36 159.

214 3494 49 55 (2)
286 3500 181 37 Published
493 3503 47 43 by
564 3502 56 35 Mr
642 3502 153 35 Mitchell
822 3499 212 41 Keanerley,
1061 3496 79 36 New
1164 3494 115 37 York:
1305 3496 164 40 January
1493 3491 94 37 1915.
