2751 4056
908 363 31 26 •'
965 358 323 47 HAMLET
1495 355 411 50 INMOSCO
1785 356 81 47 W.
1899 388 7 14 .

244 377 88 37 112

245 480 64 36 £?
342 471 117 44 And
496 481 123 32 now
651 469 127 42 that
812 466 103 44 I've
949 466 116 43 told
1098 477 105 43 you
1240 466 150 42 what
1424 466 18 42 I
1477 466 150 42 want
1659 476 108 42 you
1802 466 60 42 to
1896 466 69 42 do
2006 465 80 43 let
2111 475 85 33 me
2222 465 187 43 advise
2434 475 108 43 you

1258 536 14 13 •
1298 536 4 13 ■

244 562 149 42 what
426 562 99 41 not
554 561 60 42 to
647 560 85 44 do.

342 652 77 42 Do
454 652 114 50 not,
602 651 19 41 I
658 651 103 52 beg
793 647 57 45 of
878 660 127 43 you,
1040 649 68 41 do
1143 649 99 41 not
1303 645 247 44 think
1613 647 94 42 too
1743 647 184 43 much.

342 740 314 55 Everybody
690 740 95 43 has
819 751 32 32 a
885 740 155 42 habit
1073 736 56 46 of
1161 737 279 54 thinking,
1491 737 102 42 but
1642 737 229 44 modern
1923 737 185 42 actors
2157 735 170 44 think
2378 735 164 43 much

242 831 95 42 too
371 829 180 44 much.

242 929 64 34 jSf
339 922 77 41 No
447 930 106 33 one
587 922 67 53 by
686 919 262 55 thinking
982 932 95 31 can
1114 929 92 33 see
1239 919 96 42 the
1368 917 119 55 sky.
1523 918 77 43 He
1623 928 122 33 sees
1769 918 46 43 it
1838 918 105 43 and
1970 918 230 43 realises
2223 917 47 43 It
2293 915 247 54 through

243 1010 86 44 his
361 1022 206 32 senses.

341 1101 72 43 To
446 1101 163 43 think
640 1103 159 41 when
836 1102 174 42 music
1042 1102 45 41 is
1131 1099 223 54 playing
1401 1098 183 43 would
1636 1099 66 42 be
1753 1097 169 47 idle...
1973 1110 106 31 one
2130 1099 151 42 must
2331 1096 209 54 merely

242 1192 213 43 receive
489 1193 46 42 it
567 1193 118 42 into
718 1193 96 42 the
847 1191 118 43 soul
1001 1191 238 52 through
1277 1191 96 42 the
1406 1200 211 35 senses.

238 1292 66 36 &
337 1282 115 43 And
489 1284 45 41 it
565 1282 46 43 is
644 1284 59 41 to
737 1284 65 41 be
835 1292 59 32 so
927 1281 136 43 with
1099 1291 103 32 our
1236 1280 237 44 Hamlet.
1510 1281 99 44 Let
1639 1291 143 43 your
1816 1280 191 43 brains
2040 1281 121 43 rest
2194 1281 106 42 and
2337 1281 202 43 absorb

239 1372 98 42 the
371 1374 200 52 beauty
600 1369 56 45 of
689 1370 217 43 Hamlet
938 1371 242 51 through
1213 1381 142 44 your
1388 1380 126 43 eyes
1548 1371 106 41 and
1682 1380 123 33 ears
1828 1371 107 42 and
1960 1371 68 42 do
2054 1371 101 42 not
2177 1367 188 56 forget
2388 1370 154 43 what

240 1464 47 43 is
322 1463 167 44 called
525 1463 189 52 touch,
745 1460 88 45 for
865 1463 46 42 it
945 1464 94 41 has
1073 1461 160 42 much
1269 1463 60 42 to
1362 1464 68 39 do
1465 1463 135 42 with
1634 1473 143 42 your
1810 1464 338 42 movement.

337 1554 75 53 By
445 1563 188 33 means
667 1550 56 45 of
753 1552 97 43 the
885 1553 246 43 brains...
1166 1552 69 53 by
1266 1549 284 55 thinking,
1584 1560 105 33 one
1724 1562 100 31 can
1860 1553 91 42 act
1983 1550 264 56 cleverly.
2288 1552 41 43 A
2357 1550 187 47 clever

240 1654 122 33 man
398 1645 46 41 is
478 1644 67 42 he
577 1642 123 43 who
732 1639 221 53 thinks;
987 1642 103 42 and
1124 1652 106 43 you
1268 1651 94 33 are
1396 1639 432 55 acknowledged
1866 1642 67 54 by
1968 1640 214 54 Europe
2215 1644 59 42 to
2327 1643 66 43 be
2446 1643 96 44 the

400 1706 5 15 »
1715 1714 687 12 ....

239 1733 269 45 cleverest
541 1743 266 42 company
840 1729 56 46 of
927 1734 185 41 actors
1147 1733 53 41 in
1237 1732 96 42 the
1366 1733 158 41 west.

338 1825 73 52 By
446 1833 188 32 means
667 1821 55 44 of
752 1823 97 42 the
898 1833 187 32 senses
1133 1822 104 42 and
1288 1822 97 43 the
1438 1821 121 44 soul
1612 1833 107 42 you
1772 1833 124 42 may
1952 1825 221 41 become
2228 1823 99 43 the
2385 1826 145 43 most

238 1911 334 56 profound...
605 1913 95 42 the
736 1913 143 42 most
913 1911 329 46 beautiful...
1275 1912 98 42 the
1409 1912 143 43 most
1583 1912 278 52 spiritual.

238 2010 66 36 &
333 2002 89 49 So,
459 2013 87 41 my
579 2002 177 51 dears,
790 2001 66 42 do
891 2002 95 41 not
1016 2000 165 43 think
1213 2005 93 38 too
1341 2002 220 44 much...
1594 2002 106 41 and
1734 1999 109 45 feel
1880 2013 234 41 more,...
2149 2004 164 43 much
2355 2015 175 34 more.

234 2090 117 43 And
386 2091 78 43 let
496 2103 82 31 me
614 2090 99 44 tell
745 2103 106 40 you
899 2091 131 42 here
1079 2093 125 40 that
1239 2091 17 42 1
1293 2090 121 44 love
1461 2103 108 40 you
1621 2093 70 40 all
1741 2103 134 43 very
1924 2095 163 41 much
2140 2095 107 42 and
2302 2094 111 43 will
2467 2098 69 40 do

234 2181 267 54 anything
534 2181 19 42 I
588 2190 121 43 can,
742 2181 104 42 and
883 2179 70 43 all
990 2181 17 41 I
1043 2192 119 40 can,
1204 2181 60 42 to
1315 2183 62 40 be
1427 2180 54 43 of
1533 2180 121 53 help
1702 2184 60 39 to
1810 2193 108 42 you
1969 2183 203 53 during
2224 2184 114 43 this
2388 2195 145 42 your

233 2272 430 52 interpretation
696 2270 54 44 of
783 2282 102 32 our
915 2270 242 51 Hamlet;
1195 2273 98 41 but
1326 2272 126 42 that
1486 2272 45 42 it
1566 2273 45 42 is
1656 2282 110 43 you
1816 2273 124 42 who
1992 2273 136 43 have
2178 2274 97 43 the
2327 2275 206 44 harder

231 2360 206 55 task,...
470 2362 128 42 that
630 2362 64 52 is,
728 2363 57 41 to
821 2360 161 53 bring
1012 2359 323 56 yourselves
1368 2360 271 56 willingly
1673 2362 122 43 into
1844 2362 98 43 the
1989 2363 255 53 simplest
2294 2367 150 42 state
2478 2366 57 43 of

235 2453 163 52 being
430 2451 265 53 possible;
728 2452 104 42 and
865 2462 107 43 you
1007 2462 99 32 can
1143 2452 129 53 only
1306 2451 66 43 do
1406 2452 114 43 this
1556 2453 69 52 by
1660 2453 266 52 choosing
1948 2453 98 43 the
2072 2454 198 54 higher
2293 2454 58 44 in
2379 2456 154 52 place

233 2541 54 46 of
318 2542 95 43 the
446 2541 170 44 lower
649 2551 220 33 means:
1583 2538 101 47 the
1038 2552 212 35 senses
1282 2540 128 47 and
1438 2540 104 48 the
1576 2541 145 48 soul
1753 2543 218 45 instead
2009 2543 56 46 of
2098 2546 94 44 the
2227 2543 207 49 brain.

1703 2724 385 59 (November
2116 2726 74 47 30
2224 2728 191 60 1909).

242 2814 66 43 It
332 2814 95 43 has
450 2815 137 42 been
611 2814 203 53 proved
837 2815 68 53 by
924 2815 323 51 experience
1272 2816 125 44 that
1430 2818 96 42 the
1547 2818 452 53 Shakespearean
2028 2820 286 45 Dramatic
2338 2822 198 45 Poems

282 2907 205 42 cannot
520 2905 66 44 be
619 2902 311 54 performed
968 2905 55 41 in
1062 2905 94 42 the
1181 2917 149 32 same
1359 2918 231 32 manner
1612 2919 61 32 as
1696 2919 82 32 we
1804 2907 241 54 perform
2082 2912 232 43 modern
2352 2912 184 56 Plays.

231 3002 66 35 &
329 2993 84 44 All
446 2994 95 43 the
574 2994 190 43 colour
795 2994 224 52 departs
1052 2993 143 44 from
1228 2997 98 43 the
1362 2997 193 44 Poems
1590 2999 160 42 when
1786 3009 81 33 we
1901 3003 91 41 act
2025 3001 153 44 them
2215 3013 60 33 as
2310 3015 83 31 we
2440 3007 90 42 act

235 3083 176 51 Ibsen,
441 3095 63 31 or
535 3083 272 46 Tchekov.

329 3175 115 41 One
477 3173 298 45 difference
813 3176 249 43 between
1098 3177 375 53 Shakespeare
1504 3181 107 42 and
1646 3182 98 43 the
1780 3182 226 45 modern
2042 3186 223 42 writers
2307 3187 45 42 is
2403 3187 131 45 that

229 3263 249 44 whereas
508 3263 137 55 they
677 3265 121 43 deal
835 3267 54 41 in
926 3279 125 31 men
1085 3270 107 40 and
1230 3280 210 33 women
1477 3270 68 43 he
1579 3271 151 45 deals
1764 3272 56 44 In
1856 3275 180 52 types.
2064 3274 95 44 His
2185 3274 157 45 lover
2368 3276 45 43 is
2436 3277 100 44 the

230 3355 127 51 type
391 3354 54 43 of
477 3355 71 42 all
583 3355 198 52 lovers,
813 3359 406 52 distinguished
1259 3361 67 52 by
1362 3361 236 55 nothing
1632 3364 102 43 but
1767 3364 85 44 his
1884 3365 246 52 passion.
2148 3366 98 44 We
2271 3365 165 45 know
2463 3378 72 33 no

235 3443 202 43 details
469 3445 170 42 about
672 3446 84 42 his
789 3444 122 46 life:
945 3459 80 32 we
1059 3450 68 42 do
1162 3453 98 44 not
1293 3449 163 46 know
1491 3453 85 42 his
1611 3454 308 46 character.
1968 3455 382 51 Shakespeare
2403 3457 133 54 only

233 3534 180 43 shows
447 3545 64 33 us
545 3535 84 45 his
661 3539 240 50 passion.
950 3540 49 42 It
1032 3542 44 40 is
1129 3542 96 43 the
1280 3542 183 45 Poet's
1517 3547 241 49 passion.
1801 3548 200 47 Romeo
2036 3548 153 52 sings
2224 3549 104 41 and
2366 3545 173 49 floats
