2751 4056
1055 388 218 53 BOOK
1300 378 376 63 REVIEWS.

215 413 90 55 176

210 511 369 56 AMERICA,
619 503 289 61 Through
944 501 100 45 the
1095 494 214 64 Specta-

210 609 122 45 cles
365 604 73 48 of
451 615 66 34 as
545 595 285 52 Oriental
854 588 345 65 Diplomat,
1235 584 108 49 Wu

224 695 328 61 Tingfang.
581 692 63 47 F.
677 687 221 49 Stokes
949 682 105 47 Co.
1098 676 246 51 U.S.A.

210 788 179 49 Price
426 798 115 34 one
577 780 211 48 dollar
826 778 167 60 sixty
1033 774 192 48 cents.

215 877 154 47 'T'he
402 878 214 43 Author
648 874 287 44 welcomes
981 882 62 31 us
1093 868 137 44 with
1278 874 61 33 so

301 969 215 45 shrewd
571 967 108 43 and
732 964 253 55 pleasant
1024 973 30 31 a
1096 958 118 44 face
1270 965 70 33 on

211 1063 97 43 the
339 1059 356 51 frontispiece
720 1056 55 43 of
798 1056 110 43 this
934 1051 143 45 book
1108 1051 127 41 that
1258 1058 82 32 we

210 1164 93 33 are
322 1151 264 53 prepared
606 1151 60 41 to
682 1147 120 45 find
822 1145 194 44 within
1042 1145 57 52 ju
1114 1143 52 42 st
1188 1139 157 45 what

212 1254 82 32 we
327 1244 67 42 do
427 1241 196 50 find,...
657 1249 150 34 some
851 1235 239 49 shrewd,
1126 1228 215 54 though

212 1336 201 52 always
478 1330 208 55 kindly,
751 1327 296 45 criticisms
1124 1320 56 46 of
1247 1321 96 43 the

212 1426 287 44 American
526 1423 189 42 nation
737 1420 103 42 and
863 1419 71 40 its
959 1415 384 44 Institutions.

313 1519 79 38 An
427 1513 390 49 Introductory
840 1506 148 45 word
1014 1506 176 42 states
1217 1503 128 42 that

214 1611 33 22 44
273 1608 74 42 Dr
379 1603 150 48 Wu's
559 1600 208 54 faculty
789 1598 86 44 for
897 1597 199 52 asking
1120 1595 148 42 disco
1282 1603 63 32 n=

538 1692 287 55 questions
877 1689 106 42 and
1039 1687 87 43 his
1176 1684 169 54 witty

275 1786 306 54 rejoinders
624 1794 145 33 were
816 1782 96 42 the
962 1777 119 44 talk
1136 1774 54 46 of
1242 1776 99 42 the

216 1880 33 24 44
275 1879 233 50 country
569 1875 162 43 when
797 1874 66 40 he
926 1881 113 33 was
1108 1865 237 47 China's

215 1973 36 22 44
275 1969 255 43 Minister
562 1967 58 42 to
654 1965 94 42 the
786 1961 201 45 United
1021 1960 209 43 States.
1265 1957 78 42 He

214 2063 34 21 44
275 2070 110 33 was
417 2059 94 42 the
545 2056 89 55 joy
667 2054 56 46 of
1236 2048 107 44 and

216 2153 95 42 the
331 2148 359 53 Impressions
712 2147 64 43 he
797 2145 97 43 has
916 2155 122 32 now
1054 2140 290 55 published

215 2241 96 44 tell
348 2252 63 30 us
445 2241 84 40 his
562 2239 169 43 views
764 2248 69 32 on
878 2246 164 42 many
1095 2232 146 44 sides
1291 2228 56 46 of

218 2333 285 43 American
539 2328 115 55 life,
689 2327 250 46 Political
973 2327 107 43 and
1131 2324 217 46 Social:

220 2435 70 32 on
314 2420 323 53 Education,
659 2421 257 42 Manners
940 2418 107 42 and
1068 2417 282 50 Business;

219 2515 77 43 On
329 2515 225 43 Women
596 2512 105 42 and
737 2511 150 43 their
919 2510 320 54 Costumes;
1275 2520 72 32 on

216 2604 283 47 Theatres,
564 2602 271 49 Circuses,
880 2601 299 54 Banquets,
1239 2601 106 42 and

219 2694 162 43 other
418 2695 234 41 matters
715 2703 59 32 as
836 2693 135 52 they
1033 2703 204 42 appear
1288 2694 60 41 to

219 2785 95 42 the
347 2784 267 42 educated
651 2782 246 44 Oriental
933 2783 176 43 mind.

219 2883 65 37 &
318 2876 79 43 On
435 2876 96 41 the
555 2874 237 43 Theatre
816 2874 68 42 he
908 2872 188 45 makes
1120 2874 230 43 various

218 2966 287 52 pertinent
539 2963 401 46 observations.

338 3056 92 42 His
494 3056 138 43 view
696 3053 55 45 of
813 3053 234 54 popular
1110 3056 238 44 musical

223 3147 224 54 comedy
479 3157 64 32 or
574 3145 150 46 farce
759 3147 68 54 Is,
858 3149 31 21 44
916 3149 15 40 1
972 3149 204 43 cannot
1222 3147 128 54 help

220 3239 296 53 regarding
546 3239 113 43 this
692 3237 219 45 feature
946 3236 56 46 of
1043 3237 306 46 theatrical

223 3325 92 46 life
350 3339 58 32 as
446 3339 59 33 so
554 3330 161 41 much
761 3329 296 43 theatrical

224 3419 162 43 while
421 3418 56 46 of
520 3422 37 24 44
579 3420 100 44 the
720 3420 148 45 vivid
919 3422 431 47 dramatization

226 3509 54 45 of
313 3511 212 53 cruelty
616 3514 93 41 too
742 3509 154 47 often
931 3513 244 53 brought
1199 3525 151 41 upon

225 3601 95 43 the
355 3602 151 51 stage
541 3602 68 43 he
653 3603 220 45 writes:
921 3605 31 21 44
986 3605 140 44 Does
1161 3616 31 32 a
1225 3616 96 33 sen-

1394 497 31 20 44
1454 488 242 48 sational
1734 487 127 54 play
1893 483 249 46 exercise
2177 490 31 32 a
2244 474 295 48 beneficial

1390 588 33 22 44
1453 597 64 32 or
1550 595 31 31 a
1616 579 317 55 pernicious
1954 572 284 47 Influence
2275 578 136 36 over
2443 567 101 43 the

1390 680 37 24 44
1880 670 108 43 and
2023 676 134 44 goes
2203 672 71 34 on
2310 661 60 42 to
2426 668 123 43 say,.

1392 771 33 23 44
1451 769 99 42 the
1606 761 210 47 mental
1869 756 307 53 sufferings
2233 751 307 56 portrayed

2328 831 5 9 t

1391 865 34 22 44
1449 870 94 33 are
1604 851 325 59 frequently
1992 859 156 33 more
2215 840 327 53 harrowing

1391 955 33 23 44
1451 951 136 44 than
1641 948 98 43 the
1792 940 202 47 details
2030 939 56 44 of
2119 949 110 43 any
2286 932 146 47 bull®
2478 943 65 33 or

1391 1045 32 23 44
1448 1035 309 55 cock-fight
1984 1025 373 53 Considering
2436 1023 99 43 the

1391 1136 34 24 44
1452 1133 208 43 matter
1811 1124 148 46 from
1993 1123 98 44 the
2124 1117 336 54 view-point
2484 1112 59 47 of

1391 1230 36 22 44
1452 1236 30 32 a
1515 1222 312 56 play-goer,
1861 1217 154 43 what
2053 1209 217 49 benefit
2303 1211 132 43 does
2472 1207 68 44 he

1391 1319 32 22 44
1453 1315 219 45 receive
1720 1312 145 43 from
1926 1305 330 54 witnessing
2322 1315 33 31 a
2416 1303 91 42 tra-

1394 1413 33 24 -44
1453 1407 186 56 gedy?
1673 1407 58 42 In
1769 1405 86 43 his
1889 1404 162 43 home
2087 1400 108 43 and
2243 1399 85 41 his
2374 1392 166 47 office

1394 1504 34 20 44
1453 1501 98 42 has
1587 1500 67 42 he
1691 1499 99 42 not
1823 1494 221 53 enough
2079 1494 59 42 to
2190 1500 213 43 engage
2455 1486 88 43 his

1394 1595 33 21 44
1452 1592 213 43 serious
1682 1588 307 51 attention,
2007 1585 108 43 and
2134 1585 61 41 to
2214 1576 329 57 frequently

1394 1684 33 22 44
1453 1692 184 43 worry
1672 1680 83 42 his
1799 1677 152 44 mind
1971 1675 27 45 ?
2035 1677 47 42 Is
2116 1675 46 42 it
2214 1672 183 43 worth
2457 1669 91 43 his

1395 1776 34 24 44
1454 1773 167 43 while
1640 1773 58 42 to
1720 1772 155 42 dress
1890 1768 108 43 and
2018 1766 174 54 spend
2210 1774 71 33 an
2298 1759 247 55 evening

1394 1867 38 24 44
1453 1866 282 51 watching
1800 1875 32 30 a
1894 1857 390 57 performance

1394 1960 33 24 44
1454 1959 261 42 however
1733 1951 254 56 skilfully
1998 1950 221 56 played,
2236 1946 113 46 will
2375 1943 167 45 make

1395 2053 30 21 44
1457 2051 112 42 him
1606 2059 69 33 no
1714 2046 231 54 happier
1976 2045 140 41 than
2154 2040 214 44 before.

1495 2141 230 54 Anyone
1759 2136 226 52 looking
2021 2134 183 44 round
2242 2145 32 30 a
2309 2131 231 42 theatre

1397 2233 248 51 duringa
1664 2228 250 44 moment
1933 2224 57 46 of
2009 2225 281 49 horror,...
2309 2219 238 52 suicide,

1397 2323 244 50 murder,
1708 2319 300 54 despair,...
2067 2328 71 31 on
2194 2315 100 44 the
2359 2317 188 48 stage,

1396 2415 108 43 and
1545 2412 199 53 noting
1799 2412 99 43 the
1946 2409 180 45 strain
2180 2407 110 44 and
2343 2408 206 43 horror

1399 2506 265 46 reflected
1700 2516 68 32 on
1805 2503 98 44 the
1937 2501 149 44 faces
2134 2498 58 47 of
2242 2501 99 43 the
2390 2511 127 42 spec-

1396 2602 202 50 tators,
1632 2597 97 44 the
1764 2596 234 43 absense
2025 2592 56 45 of
2102 2604 108 44 any
2229 2591 311 45 indication

1396 2693 130 43 that
1588 2690 137 53 they
1789 2698 96 33 are
1947 2685 399 55 experiencing
2416 2685 131 42 that

1397 2782 381 45 refreshment
1810 2780 182 43 which
2026 2775 104 47 art
2162 2779 178 52 gives,
2361 2789 64 31 or
2448 2787 99 33 are

1397 2874 273 47 rendered
1726 2874 33 21 44
1787 2872 231 53 happier
2070 2872 139 42 than
2269 2868 189 46 before

1399 2970 68 52 by
1486 2967 95 43 the
1602 2963 405 55 performance,
2025 2973 100 32 can
2148 2961 198 54 hardly
2364 2959 99 46 fail
2484 2963 60 41 to

1397 3057 247 52 re-echo,
1679 3053 192 46 before
1905 3053 136 45 such
2083 3052 219 45 morbid
2328 3053 186 44 exhibi-

1397 3151 171 51 tions,
1621 3149 98 43 the
1772 3147 32 23 44
1834 3147 88 42 cui
1985 3147 145 42 bono
2152 3145 26 43 ?
2305 3144 56 44 of
2426 3145 119 44 this

1397 3241 148 45 Wise
1579 3240 127 43 Man
1742 3236 144 46 from
1923 3237 95 44 the
2055 3237 151 46 East.

1496 3333 105 43 Yet
1634 3331 97 44 the
1755 3330 126 56 silly
1904 3330 206 54 parade
2135 3329 56 46 of
2213 3331 161 53 stage
2398 3329 146 55 grief

1400 3433 131 45 goes
1550 3434 70 33 on
1645 3423 419 53 ...presumably
2088 3423 59 42 to
2171 3423 161 42 teach
2357 3433 190 45 young

1400 3526 217 33 women
1644 3514 123 44 how
1786 3516 60 42 to
1867 3513 163 46 make
2049 3526 30 32 a
2098 3526 165 33 scene
2284 3516 61 42 at
2363 3514 185 45 home.

1405 3605 42 45 If
1479 3618 106 43 you
1623 3607 138 45 have
1787 3617 134 35 ever
1945 3608 221 44 noticed
2194 3618 104 32 one
2324 3608 56 42 in
2403 3617 144 44 your
