2751 4056
1080 377 219 53 BOOK
1592 372 136 55 REV.

253 417 88 42 174

254 510 236 50 classing
552 501 261 56 together
873 496 97 42 the
1040 489 176 54 eagle,
1275 486 98 42 the

254 603 216 46 beaver,
527 597 94 42 the
677 588 221 52 cuckoo,
953 585 97 43 the
1105 581 114 50 ant,
1280 576 93 42 the

252 693 169 41 adder
453 688 104 43 and
593 686 96 41 the
725 682 442 51 ichthyosaurus.

252 790 65 35 &
358 780 188 44 Closer
578 772 256 56 analysis,
873 769 209 42 clearer
1115 757 260 54 thought,

258 881 151 33 more
442 867 255 43 accurate
799 861 163 52 study
1013 853 56 46 of

255 973 94 33 are
377 957 207 46 needed
619 966 72 32 on
725 954 94 43 the
844 951 125 52 part
993 946 53 44 of
1069 946 160 41 those
1253 938 123 45 who

258 1053 133 43 wish
426 1051 59 41 to
523 1048 159 50 bring
705 1044 318 44 assistance,
1051 1048 59 30 as
1133 1030 245 45 workers

258 1154 63 32 or
373 1139 203 48 critics,
633 1138 59 39 to
744 1134 96 42 the
895 1129 238 43 Theatre
1190 1135 62 29 or
1307 1120 74 42 Its

258 1243 179 34 cause.

263 1318 235 49 CHIEF
532 1303 648 59 CONTEMPORARY
1206 1300 135 54 DRA-

261 1406 346 52 MATISTS.
677 1399 222 51 Edited
1126 1394 259 47 Thomas

263 1501 72 46 H.
369 1498 374 49 Dickenson.
777 1487 334 62 Houghton
1138 1479 246 52 Mifflin

268 1591 105 46 Co.
458 1586 252 48 Boston.
782 1582 183 47 Mass.
1053 1578 63 47 U.
1195 1574 57 47 S.
1317 1572 70 47 A.

264 1677 179 50 Price
508 1675 114 47 two
915 1670 409 53 dollars,
980 1661 408 63 seventy-five

263 1768 189 48 cents.

284 1863 129 87 7y|r
434 1859 305 43 Dickenson
761 1856 95 42 has
875 1851 261 45 collected-

387 1954 59 51 ty
481 1949 155 52 Plays
669 1945 141 44 from
846 1945 95 41 the
976 1942 191 43 recent
1192 1940 200 41 Drama

270 2041 55 43 of
359 2042 211 48 Europe
604 2038 106 42 and
761 2035 268 50 America,
1072 2033 53 41 in
1173 2042 30 30 a
1246 2025 119 46 well-

270 2132 240 52 printed,
542 2140 114 33 wor
663 2128 86 42 km
757 2138 28 31 a
794 2126 76 42 n=l
879 2123 85 43 ike
997 2122 239 43 volume.

368 2223 169 51 space
592 2220 129 42 does
777 2220 97 40 not
926 2215 205 52 permit
1183 2211 55 44 of
1286 2218 104 44 any

268 2312 306 44 discussion
601 2307 54 46 of
679 2310 94 42 the
797 2306 153 55 plays
973 2302 420 46 themselves:...

268 2401 272 56 probably
601 2401 95 43 the
769 2400 122 43 best
959 2399 54 40 in
1083 2397 97 41 the
1252 2391 144 45 book

272 2505 96 32 are
476 2491 191 47 Riders
719 2491 58 41 to
842 2489 95 42 the

277 2587 152 40 Hour
695 2582 104 42 and
824 2577 301 45 Tchekov's

272 2673 238 44 Orchard

289 2773 66 36 &
373 2766 57 40 In
457 2776 30 29 a
513 2763 151 42 word
700 2773 68 31 on
804 2762 94 42 the
936 2758 383 56 performance
1343 2754 56 45 of

322 2857 110 43 The
447 2856 207 52 Cherry
978 2853 84 41 Mr
1087 2850 309 44 Dickenson

275 2949 163 40 notes
456 2947 125 42 that
599 2947 45 41 it
661 2958 110 30 was
791 2945 273 51 produced
1081 2941 135 43 with
1238 2942 159 52 great

274 3048 222 31 success
531 3038 57 40 at
621 3035 96 42 the
752 3035 232 42 Moscow
1009 3032 103 42 Art
1144 3032 257 49 Theatre,

278 3142 28 29 a
321 3130 65 40 nd
413 3126 143 45 later
579 3138 66 32 on
672 3126 274 54 produced
971 3128 59 39 at
1046 3125 97 43 the
1163 3124 239 44 Theater

284 3217 544 55 Kommisarzhevsky
851 3217 56 43 In
935 3217 299 52 Petrograd
1253 3227 13 38 ;
1303 3217 100 42 but

282 3309 67 42 he
383 3309 164 43 omits
581 3309 59 42 to
674 3319 95 42 say
800 3308 127 43 that
960 3318 70 32 on
1064 3308 112 42 this
1229 3305 175 44 latter

279 3399 249 44 occasion
564 3401 44 42 it
640 3411 112 32 was
787 3410 69 31 no
905 3408 237 40 success,
1190 3398 212 52 though

282 3488 112 44 this
425 3487 131 56 fact,
588 3487 169 46 taken
794 3490 53 42 in
884 3490 357 52 conjunction
1266 3488 137 44 with

280 3580 98 42 the
395 3580 181 53 other,
595 3581 44 42 is
658 3579 393 54 illuminating,
1070 3580 106 44 and
1196 3579 210 44 affords

1423 480 261 44 evidence
1719 473 56 44 of
1808 473 123 42 how
1969 466 162 44 much
2171 460 56 45 of
2263 459 95 43 the
2381 451 184 47 initial

1423 581 221 37 success
1675 577 112 32 was
1841 564 108 42 due
2004 562 58 40 to
2118 557 97 41 the
2272 557 296 43 managers

1425 663 106 43 and
1567 661 184 42 actors
1802 653 70 45 of»
1905 653 96 43 the
2053 649 238 43 Moscow
2340 639 228 42 theatre

1425 755 106 44 and
1568 752 147 43 their
1737 741 438 57 interpretation
2212 736 57 44 of
2302 736 98 42 the
2420 729 151 55 play.

1428 858 64 35 &
1528 847 83 42 Mr
1662 844 83 43 W.
1780 841 60 43 B.
1887 837 164 43 Yeats
2102 835 45 40 is
2203 822 367 60 represented

1428 941 69 52 by
1535 938 83 40 his
1710 934 152 42 Hour
2150 922 103 42 but
2287 929 107 33 one
2418 925 117 33 won-

1430 1032 128 40 ders
1591 1025 145 52 why,
1769 1020 114 45 this
1917 1015 144 47 book
2088 1014 165 52 being
2277 1004 294 58 published

1431 1124 55 40 in
1524 1128 133 42 1915,
1712 1115 96 41 the
1865 1110 89 43 old
2013 1106 222 45 version
2290 1101 47 42 is
2390 1100 185 53 given,

1432 1208 351 50 considering
1818 1202 130 44 that
1997 1200 84 42 Mr
2114 1195 168 45 Yeats
2330 1190 247 45 rewrote

1434 1303 95 42 the
1563 1297 178 46 whole
1776 1296 154 52 piece
1967 1292 108 42 and
2109 1284 295 59 published
2464 1280 115 44 this

1431 1391 218 46 revised
1714 1387 226 46 version
2010 1383 55 41 in
2184 1377 113 43 The
2363 1372 178 53 Mask,

1435 1462 199 76 April
1833 1462 40 76 I
1911 1479 177 49 began
2140 1484 30 29 a
2220 1466 246 46 revision
2526 1462 57 45 of

1492 1575 99 43 the
1625 1571 182 45 words
1902 1569 67 40 lie
2015 1566 137 41 then
2187 1561 177 42 wrote
2401 1559 55 39 in
2495 1555 85 42 his

1855 1656 145 45 from
2023 1655 99 42 the
2147 1649 253 45 moment
2417 1646 165 43 when

1435 1757 38 25 «<
1501 1758 96 42 the
1632 1753 127 55 play
1804 1745 300 49 converted
2157 1755 31 31 a
2239 1741 179 44 music
2469 1735 114 45 hail

1496 1849 190 49 singer
1721 1843 105 42 and
1863 1841 127 41 sent
2027 1838 111 41 him
2174 1835 58 42 to
2277 1842 146 32 mass
2475 1828 108 43 and

1500 1941 61 41 to
1595 1933 310 46 confession
1928 1943 14 37 ;
1977 1929 103 42 but
2114 1937 70 32 no
2230 1922 246 46 revision
2530 1918 57 43 of

1500 2030 181 43 words
1717 2022 160 46 could
1915 2022 212 51 change
2163 2017 96 43 the
2310 2013 171 45 effect
2531 2007 57 47 of

1501 2122 96 42 the
1635 2119 145 43 Wise
1816 2116 124 42 Man
1977 2112 160 42 down
2173 2120 70 32 on
2282 2107 84 42 his
2413 2103 174 44 knees

1441 2214 37 24 *•
1507 2209 188 46 before
1751 2208 95 41 the
1903 2201 159 56 Fool;
2118 2211 60 33 so
2234 2199 109 43 last
2396 2205 137 46 year
2566 2194 18 42 I

1442 2299 249 53 changed
1728 2296 186 44 action
1952 2295 106 41 and

1548 2388 310 56 Naturally,
1892 2389 56 40 in
1983 2398 31 31 a
2048 2382 179 55 single
2262 2379 245 51 volume,
2542 2378 47 42 it

1441 2496 117 32 was
1594 2479 320 56 impossible
1936 2479 61 41 to
2024 2474 221 45 include
2273 2482 151 33 more
2452 2470 139 42 than

1445 2589 30 30 a
1508 2573 160 46 small
1722 2572 237 43 number
2008 2566 55 44 of
2117 2576 137 33 even
2312 2564 97 42 the
2469 2562 124 42 best

1445 2667 212 52 pieces;
1714 2664 103 41 but
1854 2658 189 55 surely
2098 2670 30 30 a
2178 2656 153 52 place
2386 2651 203 46 should

1445 2757 143 41 have
1624 2756 140 41 been
1789 2750 173 44 found
1990 2749 85 43 for
2099 2759 105 33 one
2230 2745 56 44 of
2309 2746 97 42 the
2432 2745 162 54 great

1448 2848 153 52 plays
1634 2844 55 44 of
1724 2845 187 51 Henry
1948 2843 239 52 Becque,
2218 2840 146 48 who,
2422 2836 172 54 dying

1450 2940 53 41 in
1543 2937 145 53 1899,
1735 2934 256 44 fathered
2047 2943 61 32 so
2165 2930 164 43 much
2386 2926 58 46 of
2495 2929 101 43 the

1450 3029 145 43 later
1629 3028 339 51 movement,
2004 3024 106 43 and
2146 3023 189 42 whose
2381 3023 217 51 drama,

1511 3121 112 43 The
1980 3126 113 33 was
2164 3113 292 45 described
2526 3113 70 53 by

1449 3215 85 42 Mr
1566 3213 185 44 James
1788 3207 265 46 Huneker
2086 3217 59 33 as
2241 3206 97 43 the
2363 3205 150 43 bible
2545 3202 54 46 of

1450 3304 98 43 the
1583 3300 275 44 dramatic

1553 3395 81 43 An
1671 3392 342 54 interesting
2047 3392 160 51 point
2256 3391 60 41 to
2371 3390 134 43 note
2542 3390 54 43 in

1455 3486 227 54 looking
1714 3485 248 52 through
2014 3495 30 31 a
2095 3480 299 46 collection
2453 3492 112 33 com-

1454 3578 216 55 prising
1702 3578 99 43 the
1836 3574 158 46 work
2028 3573 56 46 of
2118 3586 60 33 so
2225 3586 166 41 many
2446 3573 124 56 play-
