2751 4056
226 349 330 72 SOME
631 346 429 78 WORDS
1125 351 259 69 AND
1460 351 374 79 THEIR
1895 354 591 71 MEANING.

847 544 405 46 KATIE'S
1375 551 494 48 SERVICE.

420 715 192 42 intend
646 717 60 40 to
741 717 124 51 give
898 726 123 34 now
1054 719 108 41 and
1197 719 163 54 again
1385 722 97 42 the
1505 724 161 41 exact
1688 722 321 46 definitions
2033 726 104 42 and
2161 726 334 43 derivations

358 803 56 45 of
443 813 151 35 some
626 804 183 44 words
844 806 134 43 used
1012 817 135 44 very
1181 807 152 44 often
1380 811 160 42 when
1595 811 226 54 writing
1874 823 62 33 or
1987 814 264 54 speaking
2304 814 54 46 of
2399 817 96 43 the

225 895 191 41 Drama
447 893 108 42 and
590 893 97 42 the
720 893 267 59 Theatre;
1021 895 87 44 for
1141 908 83 32 we
1258 908 96 33 are
1387 898 55 43 of
1473 900 96 41 the
1604 901 221 52 opinion
1858 902 125 43 that
2018 903 96 44 the
2168 903 114 44 real
2335 915 158 34 sense

221 983 53 45 of
303 985 158 42 these
494 983 181 44 words
711 985 44 42 is
790 986 94 41 too
918 985 155 44 often
1111 985 307 57 forgotten,
1450 990 104 42 and
1590 988 280 46 therefore
1903 990 204 44 seldom
2160 992 220 54 implied
2429 995 68 53 by

218 1074 216 41 writers
467 1074 105 40 and
609 1072 277 51 speakers.

317 1161 46 42 lt
395 1160 180 44 would
611 1164 66 40 be
712 1174 70 32 no
818 1174 96 33 use
947 1165 61 42 to
1042 1175 68 43 go
1145 1166 120 42 into
1299 1166 131 52 long
1463 1178 181 44 essays
1680 1180 69 31 on
1773 1170 156 42 these
1953 1171 177 44 words
2152 1173 59 42 to
2232 1183 94 43 say
2345 1173 150 43 what

219 1251 130 52 they
381 1262 179 33 mean.
597 1253 114 42 One
745 1251 183 45 would
966 1264 169 33 never
1171 1267 151 31 come
1355 1258 58 42 to
1448 1268 106 42 any
1586 1258 126 43 end.
1747 1259 107 42 But
1876 1269 57 33 as
1957 1270 148 32 some
2123 1262 371 43 considerable

223 1353 90 32 use
346 1343 94 42 has
475 1344 138 42 been
649 1345 194 42 served
880 1345 70 52 by
981 1347 314 52 reminding
1327 1357 101 32 our
1460 1345 210 46 friends
1703 1348 54 43 of
1802 1349 93 42 the
1945 1349 305 45 derivation
2298 1350 56 44 of
2399 1352 95 43 the

219 1430 176 44 words
487 1430 235 45 Theatre
818 1434 106 42 and
1313 1436 67 53 (1)
1411 1447 81 33 we
1528 1437 137 52 hope
1702 1437 124 42 that
1879 1437 209 44 similar
2137 1439 206 45 results
2385 1439 110 44 will

222 1521 183 43 obtain
442 1523 68 51 by
543 1523 294 52 enlarging
870 1535 104 31 our
1007 1524 113 44 list.

315 1610 158 44 After
506 1612 93 52 all,
633 1613 54 41 in
724 1615 91 40 art
849 1625 59 32 as
943 1613 56 42 in
1036 1613 113 50 life,
1182 1615 95 42 the
1312 1615 171 53 slight
1515 1615 237 43 services
1784 1627 93 31 are
1903 1627 164 33 never
2089 1617 236 45 without
2345 1630 149 33 some

222 1701 175 44 value.
453 1702 285 54 Valuable,
771 1702 87 45 for
899 1706 270 50 instance,
1202 1706 46 41 is
1277 1703 97 44 the
1407 1702 152 45 work
1594 1701 54 44 of
1680 1703 95 44 the
1825 1715 124 33 man
2000 1706 119 42 who
2168 1705 179 44 cleans
2394 1717 101 32 our

227 1792 257 44 windows
505 1792 88 45 for
619 1805 84 41 us,
725 1805 63 32 or
813 1795 121 42 who
961 1794 211 43 washes
1194 1794 96 42 the
1315 1792 261 52 crockery
1599 1804 63 33 or
1681 1804 210 43 sweeps
1912 1794 97 43 the
2027 1796 176 41 room!
2239 1795 256 44 Valuable

223 1894 108 32 was
365 1883 202 43 Katie's
600 1884 233 43 service.
863 1883 80 54 (2)

318 1975 111 42 One
462 1975 180 42 would
680 1978 68 51 by
785 1987 68 30 no
910 1984 187 33 means
1153 1974 239 42 restrain
1445 1973 97 43 the
1588 1974 295 42 theatrical
1936 1975 237 43 writers.
2217 1978 97 43 Let
2344 1978 149 42 them

226 2063 127 43 dash
386 2064 170 42 ahead
598 2065 107 41 and
762 2065 90 51 try
905 2065 59 41 to
1018 2073 216 42 espress
1288 2063 151 42 their
1492 2063 319 52 meanings:
1867 2064 100 42 but
1997 2076 31 30 a
2060 2062 105 45 few
2210 2067 289 42 moments'

226 2154 230 52 thought
487 2166 59 32 as
580 2156 59 42 to
674 2154 150 42 what
857 2156 46 42 is
937 2154 95 42 the
1068 2153 259 52 meaning
1360 2151 56 44 of
1463 2153 133 42 such
1644 2153 181 43 words
1873 2165 57 31 as
1981 2154 253 54 Rhythm,
2284 2157 213 52 Drama,

226 2243 247 54 Theatre,
506 2246 106 42 and
647 2256 60 32 so
740 2243 174 54 forth,
948 2245 47 41 is
1028 2243 280 43 advisable
1329 2255 11 43 ;
1371 2242 88 43 for
1491 2253 81 32 we
1608 2253 148 33 come
1790 2253 183 33 across
2008 2245 132 41 such
2183 2247 176 42 words
2391 2245 108 45 five

226 2335 56 42 to
313 2333 192 45 fifteen
541 2337 165 41 times
740 2346 70 31 on
849 2345 31 30 a
913 2345 136 40 page
1082 2332 56 43 of
1171 2345 30 30 a
1235 2332 226 43 modern
1496 2331 204 43 critic's
1733 2331 158 43 book.

321 2425 144 44 Take
487 2427 97 41 the
609 2427 151 41 word
848 2425 234 53 Rhythm
1174 2424 86 41 for
1284 2422 261 52 example.
1566 2424 76 40 Its
1676 2421 142 43 chief
1850 2432 230 32 concern
2117 2424 44 41 is
2192 2422 134 43 with
2350 2424 148 44 Time

228 2518 101 40 and
363 2518 273 41 Measure.
669 2515 111 43 The
815 2515 150 42 word
1002 2512 148 44 Time
1183 2514 183 51 points
1415 2512 58 42 to
1517 2510 268 53 precision
1807 2521 14 38 ;
1870 2511 314 52 something
2225 2511 275 45 clean-cut

233 2606 210 44 instead
480 2605 54 43 of
566 2604 206 56 floppy.
807 2605 103 42 Yet
942 2604 95 41 the
1073 2603 255 42 moderrs
1381 2612 94 31 use
1508 2601 96 41 the
1637 2601 147 41 word
1820 2601 53 40 in
1909 2612 29 29 a
1969 2610 174 41 vague
2192 2610 156 33 sense
2391 2604 104 41 and

231 2707 141 32 seem
407 2708 169 33 never
608 2699 58 41 to
703 2695 221 44 trouble
959 2697 59 40 to
1054 2693 183 43 define
1271 2697 57 36 to
1362 2690 333 43 themselves
1729 2692 72 40 its
1834 2689 186 42 limits.

725 2788 127 50 too;
890 2784 316 51 something
1237 2783 59 41 to
1331 2783 67 41 do
1431 2780 135 42 with
1599 2778 113 44 feet
1745 2779 103 41 and
1883 2779 187 55 hands;
2104 2780 99 41 but
2235 2778 149 55 only,
2418 2780 77 42 let

236 2887 60 32 us
327 2877 159 53 hope,
518 2877 136 43 with
694 2876 314 53 regulation
1042 2871 117 44 feet
1192 2872 104 42 and
1332 2871 193 48 hands,
1558 2880 81 38 or,
1670 2868 86 42 for
1787 2868 95 42 the
1916 2867 389 44 law-breakers
2348 2869 146 50 here,

231 2976 65 29 an
325 2965 302 53 elephant's
651 2965 120 44 foot
795 2976 65 32 or
884 2976 30 31 a
942 2958 262 47 baboon's
1228 2961 143 40 hand
1395 2956 178 43 would
1602 2958 64 41 be
1691 2954 249 44 Included
1967 2954 55 42 In
2042 2956 94 40 the
2159 2956 338 52 standard,...

230 3057 101 38 and
364 3057 93 42 the
489 3059 194 52 result,
717 3057 243 50 anarchy
994 3052 55 43 of
1079 3052 261 51 thought.

387 3147 231 53 Rhythm
702 3147 47 44 Is
769 3145 132 43 used
926 3142 290 51 nowadays
1234 3140 59 41 to
1317 3135 165 56 imply
1505 3135 312 52 something
1839 3135 58 40 to
1921 3135 68 42 do
2006 3132 134 42 with
2159 3131 340 53 everything,

231 3234 137 46 from
402 3249 92 32 sex
527 3240 58 42 to
619 3235 223 46 sandals
978 3234 40 40 A
1053 3233 135 49 pity.

228 3337 54 47 (1)
306 3339 66 36 The
397 3342 113 33 Mask.
536 3342 149 35 Volume
711 3342 25 33 I.
764 3349 83 33 page
870 3338 52 34 93.

225 3426 49 48 (2)
301 3431 175 35 What?...
500 3441 70 35 you
598 3432 43 34 do
664 3432 62 34 not
750 3429 107 36 know
882 3428 78 33 who
983 3424 97 36 Katie
1105 3423 59 34 is?
1188 3421 111 35 ..and
1327 3422 56 38 yet
1408 3419 95 35 there
1528 3418 30 34 is
1590 3417 62 34 but
1690 3424 64 26 one
1790 3417 96 33 Katie
1921 3414 186 34 cashriaed
2145 3414 34 33 in
2220 3413 128 43 perfect
2386 3410 114 36 words

224 3519 34 33 in
284 3520 55 33 the
364 3521 141 45 History
529 3523 34 32 of
798 3521 145 34 Dobsoa.
