2751 4056
931 349 45 46 A
1016 345 341 56 HISTORY
1389 344 94 47 OF
1876 372 16 15 .

267 357 91 47 128

363 463 117 44 And
522 462 131 42 thus
706 460 46 43 It
806 458 282 54 happened
1143 457 127 42 that
1322 454 136 53 king
1511 451 246 45 Voltaire
1810 451 157 43 made
2020 458 167 45 peace
2240 447 139 43 with
2437 446 133 55 king

268 552 300 46 Pulcinella
601 552 105 42 and
741 560 135 34 soon
910 548 329 44 afterwards
1271 547 98 41 the
1403 548 111 40 two
1563 543 294 44 monarchs
1900 551 148 33 were
2083 541 265 53 together
2381 541 61 40 at
2476 540 94 43 the

264 644 170 44 castle
468 641 55 46 of
556 642 178 54 Cirey,
759 641 183 42 where
968 640 94 42 the
1087 639 300 50 Sovereign
1413 635 55 43 of
1492 634 212 44 French
1732 634 299 43 literature
2055 630 275 44 extended
2361 628 208 45 cordial

265 736 104 42 and
405 734 361 49 conspicuous
800 731 320 52 hospitality
1153 731 58 41 to
1246 730 95 42 the
1378 728 198 43 Prince
1632 725 56 44 of
1736 726 199 42 Italian
1992 721 305 46 Burattini.
2348 719 160 44 After
2542 734 31 30 a

269 827 240 52 banquet
542 825 95 42 the
669 823 205 43 author
907 820 55 45 of
1053 820 219 45 Pucelle
1365 819 211 43 rubbed
1628 818 86 42 his
1768 816 172 42 hands
1989 814 265 53 together
2287 823 61 33 as
2382 824 33 31 a
2448 813 122 52 sign

268 912 54 45 of
353 914 212 43 sincere
598 914 405 48 contentment,
1039 912 284 43 embraced
1418 909 248 43 Madame
1702 908 66 42 de
2152 904 158 43 made
2347 914 127 43 eyes
2514 907 60 41 at

324 1006 242 42 Madame
601 1006 66 42 de
1077 1002 209 43 invited
1343 1002 84 40 his
1481 998 290 46 fortunate
1806 1001 194 52 guests
2036 999 69 52 by
2140 1009 30 31 a
2205 1008 156 32 wave
2398 994 54 45 of
2488 997 85 44 his

267 1097 220 48 hand,...
521 1097 105 41 and
663 1096 193 51 passed
891 1095 120 41 into
1044 1093 96 43 the
1176 1091 109 44 hall
1322 1091 56 43 of
1410 1092 96 42 the
1539 1091 246 51 theatre,
1816 1089 209 51 where,
2080 1098 127 33 now
2262 1087 310 52 spectator,

269 1201 119 31 now
423 1189 242 41 director
697 1185 55 44 of
782 1186 98 42 the
913 1183 143 55 play,
1091 1183 68 44 he
1194 1182 237 43 listened
1484 1178 334 55 attentively
1853 1182 59 40 to
1945 1180 100 42 the
2094 1177 387 52 performance
2518 1177 56 43 of

326 1276 275 47 L'Enfant
992 1275 104 42 and
1133 1275 156 51 then,
1327 1275 56 41 in
1420 1285 29 29 a
1486 1271 371 45 mischievous
1907 1272 148 51 vein,
2103 1270 283 53 produced
2503 1270 69 43 Le

267 1370 237 50 mariage
540 1369 66 39 de
1093 1375 31 31 a
1157 1365 173 42 satire
1363 1364 146 51 that,
1533 1374 58 30 as
1617 1363 248 41 Madame
1902 1360 291 55 Graffigny
2220 1360 216 52 writes,
2460 1371 113 32 was

264 1458 102 43 full
400 1458 54 43 of
486 1458 98 42 fun
621 1458 105 42 and
762 1456 181 53 frolic,
1031 1468 131 32 avec
1187 1456 93 41 des
1305 1467 198 40 propos
1537 1454 31 43 £
1604 1454 212 42 mourir
1839 1454 65 42 de
1930 1454 132 48 rire*
2088 1464 70 32 ou
2187 1451 35 44 il
2249 1451 249 44 fourrait
2523 1451 50 42 la

264 1547 206 54 coteri?
505 1548 65 41 de
603 1547 125 43 M.le
763 1547 114 42 Due
910 1547 65 42 de
1012 1545 300 52 Richelieu,
1346 1544 33 43 1'
1402 1544 235 43 hlstoire
1672 1545 68 42 de
1780 1543 179 43 I'abbe
2013 1544 103 42 Des
2168 1542 305 43 Fontaines
2514 1544 58 41 et

263 1639 186 41 toutes
479 1639 179 42 sortes
691 1638 64 42 de
791 1639 211 51 contes,
1034 1638 256 52 toujours
1324 1648 98 32 sur
1457 1636 50 43 le
1543 1638 99 41 ton

265 1738 64 35 j2?
364 1731 47 39 It
442 1728 193 43 should
670 1730 65 41 be
768 1731 377 40 remembered
1182 1728 114 43 also
1322 1730 124 41 that
1467 1727 246 44 Voltaire
1733 1728 91 42 did
1850 1730 99 41 not
1975 1728 198 52 regard
2199 1726 373 44 marionettes

264 1831 56 31 as
354 1831 29 29 a
415 1817 269 45 frivolous
717 1821 465 51 entertainment,
1215 1818 276 54 infantile,
1528 1820 298 52 unworthy
1859 1818 56 44 of
1951 1820 132 49 him,
2119 1817 108 45 and
2271 1816 132 55 only
2428 1820 141 51 good

261 1909 87 43 for
380 1910 95 42 the
510 1921 235 41 purpose
780 1909 54 43 of
868 1910 200 53 killing
1100 1912 161 55 time;
1296 1923 70 30 on
1401 1912 97 41 the
1544 1914 286 50 contrary,
1884 1911 68 42 he
2006 1910 138 43 took
2198 1912 155 42 them
2412 1912 157 52 quite

264 1999 269 54 seriously
566 2001 104 41 and
707 2000 278 43 discussed
1022 2003 95 42 the
1153 2003 192 42 merits
1379 2000 56 43 of
1468 2003 154 53 piays
1656 2003 185 42 suited
1877 2004 58 41 to
1971 2001 152 45 their
2147 2003 218 43 limited
2392 2005 180 51 stage,

263 2090 103 40 and
402 2089 214 52 applied
653 2090 348 54 philological
1035 2093 245 42 theories
1314 2095 60 40 to
1410 2094 95 41 the
1539 2093 328 43 traditional
1901 2095 330 42 characters
2273 2093 57 44 of
2381 2095 160 42 burat-

263 2179 255 53 tinesque
627 2182 327 52 *'personaggi
1379 2196 58 30 as
1470 2185 139 42 Jean
1643 2185 238 54 Jacques
1918 2187 280 44 Rousseau
2236 2187 90 42 did
2367 2187 53 40 in
2474 2187 98 43 the

263 2269 128 42 first
423 2274 123 47 part
579 2272 57 42 of
667 2273 95 42 the
795 2271 129 45 first
959 2273 142 43 book
1134 2274 56 44 of
1761 2278 56 41 in
1851 2277 178 43 which
2067 2279 69 41 he
2173 2278 103 43 left
2310 2291 30 30 a
2376 2281 194 40 record

264 2358 55 42 of
352 2361 86 42 his
471 2359 113 45 real
618 2363 291 54 sympathy
942 2363 136 43 with
1114 2366 227 42 wooden
1378 2370 216 47 actors;
1644 2379 65 31 or
1752 2367 111 45 like
1916 2368 261 58 Francois
2227 2371 66 41 de
2344 2370 228 53 Nantes,

263 2450 138 50 who,
435 2451 55 39 in
526 2451 95 42 the
655 2452 135 42 time
825 2452 55 43 of
912 2453 97 42 the
1053 2452 129 46 first
1230 2456 298 51 Napoleon,
1578 2459 237 43 excused
1865 2460 98 42 the
2017 2460 327 52 negligence
2395 2460 56 43 of
2500 2472 69 31 an

604 2542 113 57 In
752 2544 96 42 the
881 2545 277 54 Ministry,
1189 2547 121 42 who
1345 2547 287 44 confessed
1669 2550 127 43 that
1830 2551 67 42 he
1933 2563 110 30 was
2080 2553 56 41 in
2173 2553 99 41 the
2314 2553 157 43 habit
2517 2553 55 43 of

261 2629 257 54 stopping
551 2643 165 43 every
749 2635 258 52 morning
1040 2638 57 40 to
1131 2639 179 41 watch
1347 2638 342 53 Pulcinella;
1732 2653 64 30 or
1846 2641 115 44 like
2010 2644 254 42 Madame
2318 2641 251 55 Pdlicier,

263 2732 30 30 a
341 2720 310 46 celebrated
706 2725 189 52 singer
947 2728 59 40 at
1056 2729 96 42 the
1208 2729 196 53 Opera,
1455 2733 123 40 who
1634 2744 136 41 gave
1821 2746 29 30 a
1900 2735 232 50 pension
2191 2738 58 41 to
2285 2748 31 31 a
2352 2738 216 41 certain

263 2812 297 52 showman,
594 2824 70 32 on
700 2815 282 44 condition
1016 2819 126 41 that
1176 2818 68 43 he
1279 2832 151 32 came
1465 2822 163 43 twice
1662 2836 32 30 a
1728 2824 103 55 day
1865 2827 59 40 to
1973 2827 126 51 give
2150 2826 102 43 her
2286 2840 30 30 a
2351 2828 219 52 private

263 2900 404 58 performance;
702 2917 62 32 or
799 2906 108 44 like
941 2907 145 46 Pont
1117 2912 66 41 de
1220 2912 164 55 Veyle
1417 2916 107 40 and
1562 2914 302 46 Francesco
1900 2918 136 51 Nau,
2070 2920 123 41 who
2220 2922 178 42 wrote
2423 2920 146 43 little

263 2993 270 43 comedies
568 2996 104 40 and
1196 2998 89 46 for
1335 3005 95 42 the
1483 3006 277 44 burattini
1987 3008 244 55 salotto;
2346 3022 63 33 or
2460 3011 109 43 like

264 3081 259 44 Heinrich
550 3085 191 54 Heine,
763 3090 122 42 who
910 3090 279 45 discussed
1213 3094 97 43 the
1332 3096 314 55 possibility
1670 3097 56 45 of
1746 3100 324 54 composing
2092 3115 30 31 a
2150 3114 122 32 new

263 3174 95 39 out
391 3170 55 44 of
477 3175 96 42 the
608 3175 267 46 detached
909 3181 158 51 parts
1100 3180 56 44 of
1190 3185 95 42 the
1327 3184 269 45 different
1704 3189 443 56 Puppenspielen
2263 3205 84 40 or,
2386 3194 180 54 again,

263 3261 109 43 tine
407 3264 295 56 Beranger,
735 3270 121 43 who
890 3274 268 51 regarded
1185 3276 96 42 the
1305 3278 172 43 world
1505 3292 58 31 as
1589 3292 104 33 one
1717 3285 124 42 vast
1864 3285 229 43 theatre
2121 3287 56 43 of
2198 3289 368 42 marionettes

263 3355 271 47 governed
573 3356 66 54 by
673 3358 71 43 its
838 3360 135 45 Dieu
1009 3363 96 43 des
1139 3365 213 46 bonnes
1378 3378 134 42 gens
1604 3374 107 42 and
1749 3374 343 47 established
2118 3375 88 47 for
2229 3379 97 43 the
2351 3391 217 33 amuse*

263 3447 151 40 ment
447 3443 56 44 of
534 3458 232 35 women.

736 3543 31 22 44
807 3542 132 48 Pr&s
972 3547 96 44 des
1101 3548 228 47 femmes
1364 3563 107 43 que
1503 3566 416 39 sommes-nous
1943 3561 26 44 ?
