2751 4056
1066 362 224 54 BOOK
1320 356 378 60 REVIEWS.

231 396 92 44 172

232 490 217 46 neither
480 482 170 49 shock
682 491 63 35 or
778 475 428 52 enchantment,
1248 472 107 45 and

228 592 60 33 so
321 576 210 47 believe
565 571 289 46 Professor
889 564 264 48 Burton's
1178 565 151 42 inten-

227 672 119 43 tion
378 665 112 46 will
524 660 195 57 hardly
752 664 67 41 be
851 656 266 47 fulfilled.
1141 655 110 45 But
1272 664 90 33 we

228 762 68 43 do
346 757 214 45 believe
612 754 127 45 that
792 753 97 43 the
943 748 254 52 student,
1246 744 108 46 and

227 848 218 47 worker
476 849 57 42 in
565 847 96 44 the
693 844 245 50 theatre,
970 839 114 46 will
1116 837 119 45 find
1261 837 95 44 the

227 938 142 49 book
400 936 57 47 of
486 936 180 52 value,
701 936 106 43 and
843 931 316 56 appreciate
1194 928 161 43 these

227 1042 132 36 sane
391 1031 108 44 and
534 1029 145 44 lucid
713 1036 187 46 pages.

324 1119 285 48 Professor
626 1120 211 44 Burton
861 1119 98 43 has
983 1124 153 37 some
1171 1111 181 47 useful

225 1214 189 53 things
444 1213 61 43 to
538 1223 97 43 say
666 1209 180 46 which
903 1206 137 45 need
1093 1205 262 44 constant

226 1302 322 54 repetition.

416 1390 281 54 Touching
783 1389 289 52 audience,
1148 1388 207 48 actors,

283 1482 378 56 playwrights,
713 1482 322 52 producers,
1091 1478 109 45 and
1254 1478 98 43 the

282 1572 208 52 society
522 1571 127 44 that
679 1571 47 43 is
760 1570 202 44 behind
1012 1568 156 45 them

227 1664 66 43 he
325 1662 207 50 writes,
631 1660 320 54 intelligent
994 1657 357 55 coßperation

1133 1732 6 10 «
1154 1731 5 4 '

357 1754 95 42 the
485 1763 137 43 open
658 1761 240 36 sesame.
920 1751 150 45 With
1106 1751 127 43 that
1265 1749 87 44 for

282 1854 33 33 a
346 1844 210 43 banner
589 1853 114 44 cry,
735 1843 326 43 mountains
1107 1853 125 43 may
1285 1841 66 43 be

322 2027 113 42 Our
467 2024 216 45 leaders
716 2036 97 43 say
846 2025 96 44 the
987 2036 153 33 same
1188 2024 166 55 thing

226 2126 129 34 over
402 2116 162 54 here;
619 2116 106 43 and
790 2113 44 46 if
896 2116 99 44 the
1059 2114 291 45 American

223 2205 184 52 public
439 2206 159 44 could
632 2205 128 54 only
804 2205 108 45 feel
961 2205 139 55 this,
1144 2205 110 45 feel
1307 2207 47 43 it

222 2296 192 57 vitally
432 2299 104 41 and
556 2296 227 56 vividly,
802 2299 322 44 mountains
1153 2295 203 49 would

222 2389 65 42 be
320 2389 280 52 removed,
651 2387 181 45 which
877 2389 61 43 at
971 2389 233 52 present
1257 2390 64 43 ob-

222 2480 185 42 struct
437 2489 278 43 progress.

317 2568 209 56 Again:
711 2569 72 46 all
825 2570 447 46 considerations
1295 2570 57 46 of

279 2659 98 45 the
404 2660 243 54 theater,
691 2662 45 42 it
778 2660 184 46 would
1002 2663 66 43 be
1122 2674 32 32 a
1207 2666 141 52 good

492 2753 60 42 to
606 2751 162 45 allow
824 2754 96 44 the
978 2753 372 47 unfortunate

279 2842 153 43 word
458 2843 14 22 •
495 2841 213 46 elevate
730 2843 13 19 '
778 2845 60 43 to
873 2845 136 54 drop
1054 2843 143 46 from
1253 2847 97 43 the

279 2932 347 57 vocabulary.
660 2935 48 44 It
741 2935 261 45 misleads
1035 2939 106 43 and
1188 2940 131 43 anta-

574 3026 44 42 It
651 3026 46 42 is
733 3027 186 44 better
965 3029 58 43 to
1073 3041 96 42 say
1221 3031 130 43 that

278 3110 98 48 the
407 3114 140 44 view
581 3119 295 49 presented
926 3116 58 46 in
1034 3120 114 43 this
1206 3121 144 46 book

280 3205 45 43 is
357 3215 105 35 one
495 3205 127 45 that
673 3208 200 44 wishes
928 3212 59 42 to
1042 3212 160 45 make
1252 3214 96 45 the

275 3295 299 55 playhouse
608 3298 326 56 innocently
957 3301 277 54 pleasant,
1261 3316 60 33 ra-

277 3387 195 53 tional,
520 3389 107 42 and
679 3392 175 43 sound
905 3402 60 33 as
1020 3396 110 43 art.
1185 3396 40 43 If
1280 3400 68 53 by

221 3478 336 46 "'elevate'
594 3492 80 32 we
713 3494 157 31 mean
923 3485 159 44 these
1135 3488 211 56 things,

279 3567 120 45 well
433 3571 104 42 and

1404 477 68 38 &
1505 470 143 52 Very
1680 467 152 43 true.

1503 557 122 46 And
1661 569 126 33 now
1820 567 31 34 a
1884 556 155 43 word
2098 564 72 34 on
2220 551 118 46 this
2391 551 161 55 point

1404 653 174 43 about
1610 648 309 48 ourselves.

1505 740 289 46 Professor
1840 741 215 45 Burton
2112 735 260 48 remarks
2424 735 128 46 that

1463 828 326 51 advanced
1817 830 351 45 movements
2206 827 209 44 abroad
2455 835 98 35 are

1821 923 60 43 In
1919 922 143 44 'The
2104 917 258 48 Mask'."

2084 1011 264 56 suggests
2364 1015 148 39 some-

1402 1106 165 55 thing
1628 1109 101 41 out
1793 1103 58 46 of
1903 1105 188 53 reach,
2142 1103 109 45 and
2292 1114 88 33 •so
2446 1103 103 44 out

1402 1195 58 46 of
1511 1196 316 56 sympathy,
1882 1197 109 42 and
2047 1195 130 43 that
2241 1195 154 43 must
2450 1194 100 43 not

1402 1289 67 44 be
1515 1288 253 45 believed
1821 1288 61 44 In
1939 1298 104 34 our
2098 1298 147 33 case.
2301 1286 58 43 In
2415 1283 136 55 fact,

1399 1382 61 43 to
1515 1380 336 54 paraphrase
1901 1379 99 44 the
2051 1375 341 48 Professor's
2425 1388 126 33 own

1401 1473 203 50 words,
1694 1473 60 42 In
1790 1470 73 45 all
1900 1470 449 45 considerations
2373 1467 56 47 of
2451 1469 99 45 the

1461 1563 244 52 theater,
1740 1563 48 43 it
1820 1561 183 45 would
2051 1563 67 43 be
2152 1573 31 32 a
2218 1562 143 53 good
2385 1561 167 54 thing

1576 1653 164 45 allow
1792 1653 99 45 the
1953 1651 377 47 unfortunate
2395 1655 154 43 word

1398 1745 409 46 "'advanced'
1873 1746 60 43 to
2014 1746 138 53 drop
2234 1742 147 47 from
2450 1745 100 46 the

1459 1836 358 55 vocabulary.
1851 1837 51 44 It
1936 1836 263 45 misleads
2234 1837 109 44 and
2389 1837 129 44 anta-

1460 1930 243 54 gonises.
1740 1929 47 44 it
1817 1929 50 44 is
1917 1930 191 43 better
2156 1930 60 42 to
2268 1940 98 44 say
2419 1930 127 45 that

1399 2022 33 25 44
1461 2020 96 45 the
1588 2020 141 45 view
1765 2022 300 52 presented
2103 2022 107 45 ...is
2265 2031 107 34 one
2419 2022 133 44 that

1458 2113 202 45 wishes
1723 2114 61 42 to
1849 2112 161 46 make
2080 2113 99 45 the
2240 2112 306 57 playhouse

1460 2203 329 56 Innocently
1822 2203 277 56 pleasant,
2133 2203 270 55 rational,
2436 2206 110 44 and

1460 2296 179 43 sound
1676 2307 60 33 as
1771 2297 108 43 art.
1905 2295 42 45 If
1971 2297 70 54 by
2075 2297 14 23 4
2109 2296 285 46 advanced
2414 2297 14 22 '
2464 2310 82 33 we

1459 2400 163 33 mean
1646 2390 161 43 these
1827 2390 212 53 things,
2060 2389 127 44 well
2213 2390 110 43 and

1406 2476 151 49 THE
1625 2476 428 50 CHANGING
2123 2479 281 56 DRAMA
2460 2481 85 61 by

1398 2568 349 49 Archibald
1837 2569 392 50 Henderson.
2326 2572 223 63 Henry

1399 2659 159 50 Holt
1590 2663 43 43 &
1669 2660 107 49 Co.
1811 2660 156 49 New
2003 2659 182 50 York.
2211 2662 186 49 Price
2422 2676 119 37 one

1397 2752 132 48 and
1554 2765 37 34 a
1624 2751 149 49 half
1797 2752 268 48 dollars.

1401 2846 24 21 r
1425 2845 153 94 jphis
1635 2847 46 43 is
2267 2861 125 45 says
2446 2851 99 44 the

1492 2940 226 53 author,
1815 2950 71 33 on
1912 2951 32 32 a
1968 2950 136 46 very
2130 2941 223 45 modest
2373 2942 165 54 scale,

1460 3033 59 43 to
1563 3030 258 46 discover
1873 3031 109 43 and
2038 3033 60 43 to
2155 3031 239 47 disclose
2447 3035 95 43 the

1456 3120 117 45 real
1610 3120 389 45 contribution
2051 3120 57 46 of
2156 3123 99 44 the
2312 3127 230 43 modern

1964 3183 19 13 *
2364 3195 9 5 .

1456 3214 192 43 school
1705 3212 57 45 of
1811 3213 349 47 dramatists.
2216 3214 178 47 These
2448 3227 94 34 are

1459 3307 223 43 studied
1738 3307 290 56 primarily
2083 3307 55 44 in
2196 3309 245 45 relation
2485 3312 59 42 to

1458 3398 97 44 the
1576 3398 94 45 life
1690 3401 108 42 and
1818 3400 99 43 the
1943 3400 268 54 thinking
2236 3400 56 45 of

1497 3488 112 46 The
1674 3491 235 53 chapter
1978 3492 271 54 headings
2320 3494 220 44 Include

1394 3582 32 22 44
1459 3581 198 46 Drama
1696 3584 56 42 in
1799 3584 99 44 the
1954 3585 127 43 New
2104 3624 8 4 .
2431 3585 110 44 The
