2751 4056
908 383 33 24 u
1058 380 278 48 HAMLET
1865 384 29 46 IN
1487 385 362 47 MOSCOW.
1891 380 3 52 .

2505 438 0 0 111

1705 490 374 58 (November
2104 492 73 44 20
2199 492 183 60 1909).

251 567 156 91 Y'ou
443 569 150 41 want
626 571 57 39 to
720 571 63 40 be
819 569 121 44 able
974 574 57 40 to
1068 574 334 42 understand
1437 577 103 41 and
1576 577 275 52 interpret
1883 590 102 31 one
2019 578 53 43 of
2113 581 94 42 the
2262 585 246 48 greatest

340 656 177 43 works
551 656 55 44 of
639 658 193 52 genius
866 660 175 41 which
1077 661 94 43 the
1204 663 167 42 world
1407 675 272 39 possesses
1730 668 102 41 and
1882 667 277 45 therefore
2205 681 104 43 you
2361 672 147 42 must

253 746 157 48 bring
439 745 318 52 yourselves
791 757 196 32 nearer
1020 751 57 39 to
1111 750 97 42 the
1241 752 143 41 state
1418 751 54 42 of
1505 752 122 42 that
1661 755 208 49 genius.

345 834 109 40 You
493 835 148 40 must
674 835 217 42 become
926 836 250 45 ecstatic.
1208 839 109 40 You
1355 840 146 41 must
1535 839 109 43 lose
1676 841 261 52 yourself.

348 922 45 40 It
427 921 44 42 is
505 921 313 52 Impossible
849 925 59 41 to
945 924 208 43 believe
1201 926 126 42 that
1373 938 105 40 you
1529 939 96 30 can
1677 929 275 52 interpret
1997 943 59 32 so
2105 938 155 47 great
2293 945 30 32 a
2356 935 151 43 work

251 1010 234 42 without
504 1009 222 54 making
747 1023 92 32 use
860 1011 54 44 of
929 1024 139 41 your
1087 1024 119 32 own
1228 1015 300 51 greatness.
1549 1016 111 41 You
1685 1020 198 40 cannot
1906 1020 67 41 do
1992 1020 45 41 it
2056 1022 67 50 by
2138 1032 136 42 your
2295 1034 212 42 reason,

250 1098 175 42 which
451 1099 45 42 is
518 1110 138 41 your
681 1100 290 43 littleness.
989 1103 111 42 You
1125 1114 97 31 can
1248 1103 127 52 only
1398 1104 66 42 do
1488 1104 46 42 it
1558 1105 66 54 by
1642 1105 94 42 the
1760 1117 182 40 power
1964 1105 54 44 of
2041 1108 378 53 Imagination.

346 1187 44 43 If
419 1198 104 42 you
560 1199 96 31 can
694 1189 186 43 loosen
915 1192 94 40 the
1021 1241 9 14 <
1045 1193 168 41 bonds
1247 1192 175 43 which
1458 1194 256 51 imprison
1756 1204 137 42 your
1929 1193 239 46 freedom
2202 1198 126 52 (and
2367 1211 140 40 your

249 1276 363 53 imagination
668 1278 46 42 is
766 1289 139 41 your
957 1277 267 56 freedom)
1270 1292 104 42 you
1425 1281 108 42 will
1587 1283 63 42 be
1702 1284 53 40 in
1792 1295 29 30 a
1854 1284 142 42 state
2046 1286 58 40 to
2152 1286 211 43 receive
2410 1289 93 42 the

250 1366 493 42 communications
777 1364 55 45 of
865 1378 87 41 my
987 1368 377 51 imagination.

247 1462 65 36 j£f
346 1453 96 43 We
475 1465 98 33 can
608 1455 135 41 then
777 1455 240 43 advance
1053 1466 141 41 upon
1229 1457 94 42 the
1357 1456 153 43 work
1542 1458 101 41 and
1680 1460 202 40 master
1915 1460 70 42 its
2025 1463 223 41 secrets.

250 1551 63 34 £?
348 1541 44 43 If
421 1554 105 42 you
576 1543 209 42 remain
835 1545 113 40 tied
1001 1546 66 50 by
1115 1556 137 41 your
1305 1545 249 43 intellect
1601 1557 62 31 or
1710 1557 194 32 reason
1951 1560 104 42 you
2105 1550 177 43 would
2338 1563 169 33 never

250 1630 338 42 understand
627 1641 83 32 me
744 1632 103 41 and
884 1643 58 30 so
975 1643 80 31 we
1088 1631 192 43 should
1319 1634 63 40 be
1417 1631 194 43 unable
1660 1635 56 41 to
1765 1635 216 42 achieve
2014 1637 284 53 anything.
2332 1639 116 42 And
2486 1640 19 41 I

251 1719 136 42 have
421 1719 129 52 only
583 1730 103 31 one
719 1720 160 52 thing
909 1721 59 41 to
1002 1723 394 40 communicate
1430 1724 57 40 to
1519 1734 125 42 you.
1667 1723 110 41 The
1799 1725 210 52 ecstasy
2042 1724 53 43 of
2116 1726 391 52 Shakespeare.

353 1808 184 42 Under
569 1808 112 42 this
715 1809 232 51 heading
979 1820 30 30 a
1042 1809 270 42 thousand
1349 1811 266 41 moments
1648 1808 55 45 of
1736 1813 248 42 madness
2018 1823 90 32 are
2141 1814 279 51 gathered.

1703 1983 375 59 (November
2102 1986 72 44 22
2207 1986 183 60 1909).

598 2072 44 42 is
675 2074 312 50 something
1020 2074 194 50 which,
1248 2074 156 42 when
1430 2074 43 42 it
1495 2084 174 33 seems
1690 2075 59 43 to
1770 2077 226 41 succeed
2022 2077 44 42 is
2090 2076 167 43 called
2282 2080 222 42 Heroic:

368 2163 159 40 when
564 2163 45 39 it
641 2171 174 33 seems
849 2163 59 39 to
940 2160 96 43 fall
1072 2163 44 40 is
1150 2160 166 43 called
1352 2160 167 55 Polly.

247 2256 66 36 &
345 2249 74 42 To
452 2251 237 49 attempt
721 2250 149 42 what
922 2250 44 41 is
1021 2249 168 43 called
1239 2250 97 43 the
1385 2249 392 54 Impossible,...
1824 2251 121 42 that
1992 2253 45 42 is
2084 2254 267 51 Madness,
2403 2255 104 42 and

250 2339 124 41 that
407 2339 46 42 is
490 2339 165 42 Good.

249 2433 66 36 &
349 2428 79 41 On
462 2427 236 42 October
730 2425 128 42 20th
904 2425 97 52 480
1036 2427 56 42 B.
1126 2427 55 42 C.
1233 2437 110 32 was
1389 2424 196 55 fought
1630 2428 96 41 the
1775 2427 178 43 Battle
2001 2425 55 45 of
2100 2428 244 43 Salamis.
2395 2428 109 43 The

250 2514 203 43 Greeks
489 2516 100 40 had
627 2514 97 51 380
758 2514 170 52 ships,
961 2516 95 40 the
1091 2513 251 44 Persians
1374 2524 133 32 2000
1540 2514 145 51 ships
1721 2513 82 43 led
1841 2516 66 52 by
1938 2516 217 44 Xerxes.

259 2611 65 35 &
346 2603 127 42 This
508 2604 44 40 is
587 2603 96 42 the
719 2603 108 51 gist
875 2599 54 46 of
980 2603 97 41 the
1131 2603 178 42 words
1361 2602 202 52 spoken
1622 2604 66 50 by
1740 2602 387 43 Themistocles
2180 2603 96 43 the
2330 2603 178 45 Greek

249 2690 246 53 general,
531 2688 186 45 before
750 2691 96 42 the
879 2690 202 43 battle.

409 2778 111 44 The
554 2781 295 51 argument
881 2778 55 45 of
969 2781 42 39 it
1045 2790 108 32 was
1186 2780 122 42 that
1343 2780 54 40 in
1436 2778 70 42 all
1530 2778 184 51 things
1738 2778 121 42 that
1882 2789 93 31 are
1996 2780 233 51 possible
2253 2781 57 41 to
2337 2780 168 43 man's

254 2870 197 39 nature
484 2869 103 40 and
621 2867 291 50 situation,
955 2867 157 42 there
1150 2867 45 42 is
1227 2866 199 51 always
1459 2876 29 32 a
1523 2866 194 50 higher
1764 2866 104 42 and
1902 2876 31 32 a
2231 2869 104 40 and
2384 2869 123 42 that

250 2952 149 60 they
429 2959 149 39 must
609 2958 162 40 stand
805 2954 86 45 for
922 2956 96 42 the
1055 2955 211 52 higher.
1308 2955 66 52 (1)

348 3046 147 52 They
528 3045 88 42 did
651 3055 135 41 so,...
823 3045 104 42 and
962 3044 131 51 they
1143 3053 119 32 won
1310 3044 96 41 the
1454 3040 201 55 battle;
1704 3041 103 42 and
1864 3041 94 42 the
2009 3043 248 43 madness
2309 3043 54 43 of
2413 3045 94 42 the

249 3135 240 50 attempt
517 3144 111 32 was
664 3133 168 43 called
870 3132 251 44 Heroic...
1157 3132 103 41 and
1294 3129 265 53 justified.

250 3228 63 36 &
344 3223 112 41 You
493 3223 148 39 must
675 3219 155 43 make
863 3219 113 43 this
1008 3229 147 32 same
1192 3219 118 41 mad
1346 3218 235 49 attempt
1623 3217 56 43 In
1789 3217 211 44 Hamlet
2131 3219 103 41 and
2342 3217 40 43 if
2415 3219 92 42 the

247 3312 181 42 Muses
463 3311 151 43 leave
651 3321 61 31 us
749 3321 121 42 may
901 3319 80 32 we
1191 3308 75 51 (2)

246 3410 47 42 (1)
320 3411 199 34 Heroditus.

252 3499 47 43 (2)
327 3500 192 42 Euripides.
