2646 3972
266 344 87 53 184

1119 346 152 47 THE
1300 348 109 49 NE
1423 349 70 47 W
1527 350 308 56 CENSOR

261 454 215 51 objects
511 456 60 40 to
627 456 218 43 serious
880 457 359 53 immorality.
1273 458 220 52 Where,
1526 461 158 52 then,
1722 463 132 43 does
1888 465 70 43 he
1995 463 167 46 differ
2194 465 141 49 from
2373 486 182 47 anyone

264 542 112 43 else
412 543 25 41 ?
753 555 67 34 j0
1256 559 66 34 jg?
2016 564 68 35 jg/
2269 569 60 34 jg}

265 642 66 36 &
368 636 108 42 But
508 636 285 46 whatever
826 651 83 31 we
943 639 74 45 all
1054 640 185 52 think,
1277 644 108 40 and
1421 645 291 43 wherever
1747 658 81 30 we
1864 645 168 44 differ
2065 650 108 42 and
2211 650 247 52 however
2489 678 14 29 \
2504 680 46 35 Ve

254 725 298 56 squabble,
591 730 68 41 do
696 729 80 44 let
807 731 159 43 these
1019 731 176 43 naked
1232 730 174 46 ladies
1441 736 108 41 and
1587 746 126 32 men
1751 738 65 43 be
1850 740 232 42 covered
2121 750 147 43 up,...
2302 746 103 44 and
2438 753 111 48 then

252 814 80 44 let
367 828 66 32 us
467 820 95 50 get
595 830 70 31 on
701 820 134 43 with
872 833 104 32 our
1009 821 173 45 work.

591 1121 47 46 A
718 1124 324 57 WORD
1103 1131 391 51 ABOUT
1562 1136 212 49 THE
1843 1121 415 64 STAGE.

247 1244 158 94 'jphe
438 1254 157 51 stage
631 1260 272 55 certainly
936 1262 45 43 is
1017 1275 171 33 never
1219 1278 32 30 a
1284 1270 412 52 commonplace
1731 1274 396 50 reproduction
2164 1272 56 43 of
2254 1273 111 54 life,
2398 1281 93 41 and
2514 1282 33 44 it

334 1343 200 45 shouJd
570 1348 152 42 show
758 1351 113 43 this
905 1354 56 41 in
997 1366 29 32 a
1061 1357 216 45 certain
1315 1360 268 53 dignified
1620 1362 309 55 ennobling
1961 1364 82 56 (of
2077 1366 87 54 it),
2217 1369 329 63 manifesting

245 1432 175 55 itself,
456 1436 40 42 if
532 1441 99 40 not
664 1441 56 41 in
755 1442 97 44 the
887 1455 256 34 measure
1178 1448 56 44 of
1282 1454 183 42 words
1516 1455 107 41 and
1675 1454 56 43 of
1779 1456 270 55 delivery,
2099 1461 58 41 at
2209 1460 141 45 least
2383 1465 50 42 in
2465 1468 77 46 the

245 1521 383 54 fundamental
665 1534 133 44 tone
831 1536 21 55 (
861 1533 377 66 Grundton),
1272 1544 56 42 in
1357 1545 96 42 the
1500 1547 195 55 deeply
1715 1547 103 45 felt
1851 1549 303 57 solemnity
2189 1553 56 43 of
2263 1566 30 31 a
2312 1557 158 52 piece,
2489 1562 54 54 (i)

246 1615 103 43 For
382 1620 96 42 the
511 1623 221 46 theatre
767 1627 47 43 is
848 1632 243 42 another
1124 1634 193 52 world,
1351 1639 162 50 apart
1547 1637 142 45 from
1724 1653 104 31 our
1863 1655 145 41 own,
2062 1656 60 32 as
2171 1646 98 44 the
2317 1649 146 54 stage
2505 1653 36 45 Is

241 1705 141 45 from
419 1712 95 42 the
548 1717 99 48 pit.
683 1717 258 47 Between
970 1723 103 42 the
1098 1724 222 46 theatre
1346 1731 105 40 and
1473 1731 202 54 reality
1698 1732 72 43 lie
1794 1735 98 41 the
1917 1735 313 55 orchestra,
2253 1738 96 45 the
2376 1745 162 43 music.

241 1802 103 40 and
382 1803 96 43 the
514 1804 249 58 dividing
797 1811 112 44 line
945 1813 55 43 of
1031 1813 296 59 footlights
1381 1832 70 31 on
1506 1823 94 42 the
1649 1822 176 47 front.
1878 1827 236 55 Reality,
2170 1829 146 44 after
2364 1834 176 57 having

240 1896 219 40 crossed
490 1896 94 43 the
604 1898 169 44 realm
811 1902 55 42 of
901 1906 174 43 music
1110 1910 105 40 and
1253 1911 94 42 the
1384 1912 326 54 Impressive
1729 1928 117 33 row
1869 1917 56 44 of
1943 1919 192 56 lights,
2159 1924 193 43 stands
2378 1925 160 46 before

241 1994 61 30 us
327 1995 68 32 on
417 1986 93 43 the
546 1990 156 53 stage
736 1994 380 54 transfigured
1140 2003 104 40 and
1267 2004 253 43 revealed
1543 2018 58 32 as
1619 2010 220 52 poetry.
1863 2010 111 45 The
1995 2014 293 55 charming
2306 2018 231 54 euphony

237 2072 55 44 of
327 2076 96 41 the
459 2080 174 42 music
666 2083 154 53 rings
854 2083 143 47 from
1033 2089 101 43 her
1167 2091 54 42 in
1259 2093 172 54 dying
1464 2098 218 52 echoes,
1719 2103 106 40 and
1863 2103 98 43 she
1996 2104 46 45 is
2077 2104 292 47 illumined
2404 2121 54 31 as
2490 2110 43 42 in

236 2177 30 30 a
301 2165 144 57 fairy
477 2171 179 44 vision
693 2175 70 54 by
793 2177 98 43 the
928 2183 335 49 mysterious
1299 2184 195 56 lamps.
1531 2190 46 42 It
1610 2190 47 45 is
1708 2193 72 42 all
1832 2207 29 29 a
1912 2197 181 53 magic
2141 2201 180 42 sound
2372 2202 97 42 and
2512 2213 23 32 a

237 2268 177 42 magic
444 2260 202 56 gleam,
679 2267 179 43 which
895 2272 210 54 readily
1138 2286 148 33 seem
1322 2279 61 42 to
1417 2292 32 31 a
1486 2283 217 50 prosaic
1752 2286 186 52 public
1986 2291 60 42 to
2100 2291 65 42 be
2218 2291 314 53 unnatural;

228 2349 109 42 and
370 2354 94 50 yet
490 2364 93 33 are
616 2354 86 46 far
736 2370 153 34 more
925 2364 223 44 natural
1186 2370 136 41 than
1361 2372 262 57 ordinary
1660 2378 222 54 nature,
1915 2378 90 46 for
2038 2382 46 43 it
2117 2384 48 41 is
2201 2386 198 42 nature
2441 2384 68 44 ele-

231 2441 161 42 vated
429 2443 68 54 by
536 2447 90 42 art
658 2448 59 42 to
758 2451 72 42 its
862 2450 198 48 fairest
1096 2456 238 60 divinity
2237 2485 65 36 &
2475 2483 48 36 js

1746 2561 193 54 Heine,
1975 2564 113 44 The
2121 2566 209 46 French
2364 2572 164 43 Stage.

227 2617 44 45 (I)
673 2630 125 42 though
826 2632 136 36 defined
988 2645 42 26 as
1055 2641 25 17 '
1099 2640 195 46 solemnity
1364 2643 81 36 does
1472 2648 59 33 not
1554 2657 139 36 convey
1718 2651 58 35 the
1802 2653 76 34 idea
1901 2654 34 34 of
1958 2658 226 35 seriousness
2208 2662 106 34 allied
2339 2664 33 33 to
2419 2664 90 34 melan-

223 2693 120 45 choly,
370 2697 61 34 but
456 2698 77 36 that
556 2702 110 35 which
693 2705 31 33 is
750 2709 155 38 peculiar
929 2711 36 33 to
989 2712 232 39 celebrations
1246 2719 68 34 and
1341 2720 169 42 dignified
1538 2726 229 36 ceremonies.
1795 2728 28 34 It
1850 2731 121 35 rather
2005 2734 155 42 implies,
2199 2747 42 24 on
2278 2739 57 33 the
2373 2740 151 41 contrary

225 2780 45 24 an
296 2775 134 35 exalted
457 2786 101 27 sense
582 2781 35 32 of
639 2782 208 42 joyousness
872 2787 36 34 in
935 2789 174 44 festivity,
