2646 3972
890 368 46 46 A
973 369 401 59 JAPANESE
1406 373 233 47 PUPIL

2375 393 99 39 205

160 471 270 54 Sects,...
430 471 265 54 Swastika,
731 476 184 53 Lotos,
951 480 126 49 etc.,
1113 480 100 43 but
1246 481 128 55 only
1406 483 324 51 Sculptures
1765 484 56 41 in
1861 481 413 62 Graveyards.
2300 485 33 21 99

159 569 64 34 &
259 563 16 39 1
314 562 102 41 had
455 564 129 41 read
623 576 162 43 many
822 578 31 31 a
888 568 144 44 book
1067 581 145 42 upon
1248 574 97 42 the
1395 586 23 30 s
1427 571 146 60 utpa
1595 588 13 34 ;
1644 576 104 41 and
1786 576 17 40 I
1839 576 157 41 made
2053 589 165 41 many
2253 577 131 44 calls
2417 580 60 41 to

158 651 96 42 the
290 652 201 51 priests
528 652 55 43 of
617 656 131 42 each
800 661 152 47 sect;
986 663 104 40 and
1131 663 18 41 I
1182 665 150 41 went
1365 667 212 41 around
1629 678 167 42 every
1829 670 304 52 graveyard
2170 669 56 42 in
2261 670 217 41 Matsue

159 741 203 54 during
411 755 104 31 one
552 748 216 43 month.
821 747 119 45 And
975 752 97 43 the
1128 755 180 42 result
1341 755 178 43 which
1557 756 14 42 1
1606 760 299 49 presented
1956 762 57 40 to
2049 762 100 42 Mr.
2200 762 181 42 Hearn
2417 762 59 42 to

2433 818 8 13 %

159 831 83 42 his
278 831 217 54 delight
531 847 151 31 came
715 839 61 42 to
811 840 66 42 be
931 843 131 42 used
1098 854 59 33 as
1190 845 98 42 the
1338 847 254 43 material
1625 847 89 44 for
1747 850 84 42 his
1940 852 318 43 Literature
2292 850 56 45 of
2379 852 99 43 the

169 923 142 41 Dead
415 924 52 42 in
566 924 248 48 Exotics
856 931 124 44 and
1035 931 514 62 Retrospectives*
1644 939 111 44 The
1788 942 217 53 subject
2037 942 88 43 for
2155 944 324 53 September

157 1024 112 32 was
303 1016 96 42 the
449 1017 239 44 relation
726 1021 56 42 of
816 1068 9 11 s
832 1022 118 55 Fuji
985 1026 290 44 Mountain
1327 1031 104 39 and
1482 1032 342 51 Shintoism;
1878 1036 106 41 and
2038 1046 90 43 my
2161 1046 159 43 essay
2363 1046 113 32 was

162 1102 238 48 utilised
455 1110 342 44 somewhere
832 1113 56 42 in
1006 1113 410 59 Fuji-no-yama
1509 1121 55 42 in
1619 1121 99 43 the
1774 1134 151 33 same
1982 1124 163 44 book.
2201 1126 119 43 And
2376 1126 98 43 the

159 1195 217 52 subject
438 1196 88 44 for
580 1200 239 45 October
872 1216 149 32 was:
1087 1209 34 24 44
1144 1209 469 53 Singing-insects
1657 1212 142 44 That
1852 1226 93 32 are
2003 1218 137 52 Kept
2193 1218 56 43 in
2287 1218 189 53 Cages.

160 1285 189 53 (What
383 1286 131 43 kind
552 1289 55 42 of
658 1294 176 42 music
885 1295 136 53 they
1077 1296 395 55 make,...what
1505 1301 132 55 they
1689 1301 122 45 feed
1848 1306 304 51 on,...what
2186 1306 194 45 beliefs
2413 1318 65 33 or

155 1376 305 45 traditions
495 1390 62 32 or
590 1392 190 40 poems
814 1384 151 44 refer
998 1390 58 40 to
1092 1389 368 53 them,..what
1492 1393 155 40 their
1679 1397 228 49 capture
1934 1397 105 40 and
2074 1397 114 43 sale
2221 1397 254 54 signifies

155 1468 56 40 in
245 1468 96 42 the
374 1470 159 42 small
571 1483 309 34 commerce
914 1477 57 42 of
999 1478 207 54 Tokyo,
1236 1480 110 54 etc)
1444 1480 159 45 From
1641 1494 371 42 newspapers,
2047 1487 172 44 books
2253 1491 107 40 and
2386 1502 90 42 my

155 1560 259 49 persona!
468 1563 328 49 experience
830 1567 18 40 1
885 1568 268 50 gathered
1210 1569 73 42 all
1338 1571 98 41 the
1488 1572 286 44 materials
1821 1586 145 40 upon
2017 1577 162 43 those
2231 1579 242 54 insects;

155 1649 161 42 when
353 1662 89 41 my
475 1654 230 52 writing
738 1668 109 31 was
881 1661 297 48 presented
1215 1663 59 41 to
1310 1663 135 52 him,
1471 1663 83 43 his
1589 1665 255 52 pleasure
1877 1679 113 31 was
2024 1670 201 50 great;
2259 1670 109 42 and
2404 1670 69 42 he

157 1741 131 40 used
325 1742 46 41 it
404 1752 58 32 as
495 1745 99 41 the
631 1747 253 43 material
919 1748 87 44 for
1041 1750 84 43 his
1230 1753 533 45 Insect-Musicians.

155 1836 66 37 &
349 1832 307 46 November
688 1847 92 44 my
811 1839 158 43 work
1002 1851 113 32 was
1163 1842 60 42 to
1257 1842 202 44 collect
1492 1842 88 45 old
1633 1844 299 45 childrens'
1967 1858 166 43 songs
2187 1849 181 44 which
2404 1851 70 42 he

155 1920 133 42 used
315 1919 86 44 for
434 1924 34 24 44
491 1925 179 52 Songs
693 1926 56 43 of
780 1929 275 52 Japanese
1091 1931 260 45 Children
1443 1935 55 41 in
1533 1938 35 21 44
1591 1931 47 46 A
1675 1933 314 59 Japanese
2024 1935 393 64 Miscellany.

152 2013 33 21 *'
213 2010 195 44 Poems
442 2024 70 32 on
568 2015 224 46 Cicadas
829 2019 121 43 'and
1006 2020 167 55 Frogs
1269 2035 114 31 was
1432 2024 97 43 the
1577 2027 220 52 subject
1849 2027 88 43 for
1989 2028 318 46 December.
2361 2030 112 44 The

155 2103 284 43 materials
474 2104 87 43 for
611 2108 152 43 them
799 2122 147 32 were
997 2113 402 54 considerable,
1434 2117 296 53 especially
1778 2115 87 45 for
1897 2118 153 55 frogs
2071 2131 13 39 ;
2119 2122 18 40 I
2173 2123 297 50 presented

160 2190 110 44 him
294 2193 117 43 also
433 2195 99 42 the
557 2198 369 46 translations
960 2201 56 44 of
1045 2204 37 22 44
1110 2204 203 42 Keichu
1344 2206 208 43 Kushlu
1647 2209 105 41 and
1778 2211 33 23 44
1816 2208 146 43 Zoku
1991 2211 205 43 Keichu

152 2281 188 43 edited
377 2284 69 51 by
479 2286 96 42 the
640 2284 212 49 hokku
884 2293 132 50 poet
1050 2293 196 47 Roseki
1283 2296 294 43 Mizouchi.
1614 2297 75 42 He
1725 2310 110 30 was
1871 2297 280 55 delighted
2210 2301 136 43 with
2382 2314 91 43 my

152 2372 156 42 work
372 2385 70 30 on
507 2377 95 42 the
667 2380 249 50 subject;
952 2382 84 42 his
1100 2385 167 53 study
1332 2397 69 31 on
1469 2386 169 53 Frogs
1704 2388 55 41 In
1826 2390 84 42 his
1975 2392 31 23 44
2036 2387 247 48 Exotics
2347 2391 128 46 and

151 2457 503 64 Retrospectives
745 2470 171 43 relied
954 2484 69 30 on
1059 2474 65 43 it.
2155 2490 65 34 &
2404 2493 66 34 &

251 2554 110 43 The
410 2559 220 52 subject
660 2557 89 46 for
799 2564 266 53 January,
1116 2564 144 53 189s,
1308 2578 113 31 was
1481 2571 33 22 44
1544 2568 194 43 Poems
1794 2582 70 30 on
1915 2573 98 42 the
2059 2574 185 42 Sound
2281 2573 56 44 of
2366 2576 104 44 Sea

148 2644 108 42 and
293 2646 181 43 Wind.
570 2650 47 41 It
653 2650 45 43 is
729 2653 228 52 strange
993 2665 137 32 even
1167 2656 60 42 to
1263 2668 63 32 us
1351 2658 126 43 that
1510 2670 82 32 we
1618 2660 138 43 have
1791 2673 134 43 very
1945 2662 108 43 few
2085 2665 137 41 such
2246 2675 225 42 poems;

152 2736 66 42 he
253 2749 111 31 was
397 2742 282 49 surprised
716 2745 174 41 about
926 2745 142 51 that,
1123 2745 55 45 of
1213 2758 214 34 course,
1478 2750 36 25 44
1540 2752 181 42 About
1755 2753 276 49 Incenses,
2079 2755 105 42 and
2220 2755 117 44 also
2370 2757 99 44 the

151 2827 193 43 Poems
400 2841 68 31 on
527 2832 169 43 Them
791 2847 113 30 was
959 2848 90 43 my
1106 2837 283 56 February
1443 2841 157 43 work
1652 2842 180 43 which
1888 2856 113 32 was
2056 2847 132 42 used
2240 2846 88 45 for
2382 2848 87 45 his

150 2918 33 22 44
212 2919 221 44 incense
573 2919 77 45 4<
681 2921 69 47 In
791 2922 267 62 Ghostly
1086 2924 226 61 Japan.
1408 2931 18 42 I
1460 2942 113 32 was
1609 2932 161 51 given
1806 2932 56 43 In
1897 2935 187 43 March
2118 2937 98 42 the
2252 2940 217 52 subject

150 3007 54 42 of
234 3008 97 43 the
367 3011 198 44 deities
621 3016 105 42 and
785 3027 189 41 poems
1029 3020 261 42 attached
1327 3022 58 41 to
1439 3032 30 31 a
1523 3022 271 52 Japanese
1850 3025 289 45 ink-stone
2188 3029 20 53 (
2429 3031 40 55 ),

147 3100 198 53 which,
383 3103 273 54 however,
681 3119 113 31 was
829 3120 29 30 a
891 3107 202 46 failure
1143 3123 57 31 as
1238 3112 18 41 I
1294 3112 156 42 could
1501 3111 117 43 find
1656 3114 236 54 nothing
1945 3117 60 41 at
2038 3117 71 42 all
2163 3121 172 42 about
2366 3123 100 43 the

148 3190 219 53 deities,
401 3196 107 40 and
545 3196 99 43 the
678 3208 208 43 poems,
922 3201 114 49 too,
1070 3211 149 33 were
1255 3201 309 55 extremely
1596 3214 154 41 poor.
1784 3204 111 44 The
1929 3206 217 54 subject
2178 3206 86 45 for
2314 3209 153 54 April

148 3290 111 32 was
294 3283 96 41 the
424 3285 31 20 44
486 3285 324 46 Buddhistic
862 3289 342 55 Conception
1239 3290 56 43 of
1331 3290 119 45 Hell
1558 3294 106 41 and
1700 3293 220 54 chiefly,
1970 3308 30 30 a
2036 3298 337 53 description
2410 3299 57 46 of

150 3370 80 50 it;
264 3375 105 40 and
408 3377 16 39 1
481 3378 149 42 tried
667 3390 88 42 my
791 3382 125 42 best
968 3383 139 42 with
1143 3384 65 52 it,
1243 3384 101 41 but
1399 3384 68 42 he
1504 3384 88 42 did
1650 3388 99 41 not
1784 3385 159 46 make
1992 3399 108 44 any
2136 3402 95 32 use
2287 3390 56 45 of
2376 3404 90 42 my

151 3458 171 47 effort
355 3467 200 53 which,
582 3468 281 57 however,
895 3472 220 52 pleased
1142 3474 133 43 him.
1312 3476 76 41 He
1422 3486 135 42 gave
1582 3487 85 32 me
1700 3478 97 42 the
1821 3477 217 53 subject
2062 3478 56 45 of
2151 3482 33 20 44
2212 3482 193 55 Kingio

159 3552 312 61 (gold-fish)
504 3561 55 42 in
595 3562 141 55 May;
772 3566 105 40 and
916 3576 88 44 my
1037 3567 145 42 June
1217 3567 218 52 subject
1468 3578 112 32 was
1613 3567 96 43 the
1746 3570 164 43 Horal
1943 3570 283 56 (elysium)
2260 3575 106 42 and
2391 3575 73 43 its
