2646 3972
906 359 45 47 A
988 360 402 60 JAPANESE
1419 367 233 47 PUPIL

2386 395 97 37 207

188 461 229 40 because
454 461 17 40 I
508 460 115 44 like
658 465 61 48 it,
758 467 101 42 but
892 470 366 56 particularly
1292 475 236 43 because
1584 487 143 42 your
1777 480 221 43 mother
2045 494 154 32 wove
2254 486 64 43 it.
2354 487 17 41 I
2406 499 86 30 am

178 550 166 52 going
376 552 60 41 to
471 552 139 43 have
645 556 47 41 it
727 559 157 41 made
921 560 121 43 into
1077 574 31 32 a
1142 565 207 43 winter
1379 564 258 49 kimono
1672 569 88 43 for
1793 581 91 45 my
1917 583 120 31 own
2089 585 117 40 use,
2252 576 180 45 which
2468 579 20 42 I

177 639 139 41 shall
349 640 205 56 always
587 656 166 41 wear,
790 651 297 54 according
1119 654 61 42 to
1214 665 221 45 season,
1467 659 55 42 in
1559 672 90 41 my
1680 661 168 55 study
1880 673 175 34 room.
2102 667 198 54 Surely
2347 668 45 42 it
2442 669 45 43 is

174 727 121 51 just
327 730 99 42 the
463 730 130 44 kind
631 733 58 43 of
720 736 225 45 texture
979 743 181 43 which
1195 757 31 30 a
1261 758 126 32 man
1425 748 55 43 of
1513 749 199 46 letters
1748 754 178 51 ought
1978 757 58 40 to
2069 768 150 31 wear
2252 787 14 13 .
2301 787 16 15 .
2351 788 14 14 .
2402 792 11 7 .

235 819 126 44 Two
398 825 147 41 most
578 827 267 45 welcome
890 830 134 54 gifts
1057 833 143 44 from
1254 849 30 30 a
1331 851 188 42 young
1566 843 132 51 poet
1750 842 56 43 of
1858 856 92 42 my
2002 844 232 56 literary

172 910 164 54 (page
371 923 90 42 157
496 914 55 43 of
643 914 408 66 Shadowings
1169 932 189 39 meant
1392 941 89 44 my
1515 932 271 46 mother's
1819 938 232 50 present
2084 937 56 42 of
2192 938 95 43 the
2337 941 152 52 piece

175 1001 55 40 of
264 1003 139 42 wool
440 1008 104 40 and
579 1008 98 45 the
713 1012 294 46 collection
1044 1013 56 45 of
1131 1028 210 41 poems.

275 1092 109 44 The
417 1096 246 57 January
699 1101 54 42 of
786 1102 124 53 1899
945 1117 112 32 was
1091 1108 132 42 used
1260 1111 58 41 to
1374 1111 198 44 collect
1626 1126 152 32 more
1811 1128 167 41 songs
2032 1119 136 43 with
2224 1120 240 46 refrains

175 1185 105 39 and
308 1183 113 44 also
440 1187 97 43 the
572 1191 233 51 popular
837 1192 356 59 !ove=songs;
1227 1200 107 41 and
1372 1200 282 58 February
1686 1208 105 40 and
1825 1208 188 43 March
2047 1221 148 32 were
2229 1215 165 48 spent
2427 1214 56 43 in

169 1276 346 57 translating
545 1282 97 42 the
1202 1280 326 61 Shingaku
1037 1290 106 41 and
1181 1286 371 56 Saibaraku,
1586 1305 60 32 as
1682 1296 86 42 his
1802 1298 182 43 desire
2017 1312 114 31 was
2167 1302 201 55 chiefly
2399 1303 90 44 for

167 1366 101 46 the
302 1370 228 43 ancient
562 1383 209 44 poems,
803 1379 198 50 except
1031 1379 162 43 those
1227 1380 56 42 of
1316 1383 198 52 Manyo
1536 1397 14 38 ;
1584 1387 105 40 and
1727 1387 69 42 he
1832 1392 130 39 used
1997 1392 153 42 them
2186 1392 88 44 for
2321 1397 35 24 **
2380 1394 101 45 Old

169 1458 272 51 Japanese
493 1463 177 53 Songs
783 1467 55 40 in
894 1468 85 43 his
1094 1467 405 63 Sbadowings
1504 1503 14 19 ,
1633 1477 17 39 I
1703 1478 253 43 received
2009 1482 99 43 the
2160 1486 220 52 subject
2427 1488 56 43 of

558 1553 86 43 for
676 1554 152 55 April
855 1571 14 39 ;
903 1562 297 48 presented
1235 1563 99 42 the
1365 1564 368 45 translations
1767 1568 56 42 of
1856 1569 152 54 Yuya
2042 1575 106 40 and
2173 1575 95 43 the
2290 1577 116 43 half
2427 1578 56 44 of

175 1641 197 52 Dojoji.
409 1644 76 42 He
518 1648 177 41 wrote
730 1658 119 32 me:
941 1652 19 39 I
996 1651 104 42 had
1157 1663 71 32 no
1263 1653 144 54 idea,
1459 1656 279 52 however,
1785 1660 160 43 when
1980 1663 18 41 I
2035 1667 297 50 suggested
2383 1670 96 43 the

188 1729 155 54 uiai,
357 1732 57 44 of
447 1736 97 42 the
577 1749 297 33 enormous
908 1741 155 42 labor
1095 1743 128 42 that
1271 1745 182 43 would
1490 1749 65 40 be
1588 1751 259 51 required
1895 1751 88 45 for
2014 1766 32 31 a
2078 1752 107 46 few
2219 1756 56 43 of
2322 1760 157 44 these

167 1822 88 43 for
290 1826 253 42 Western
579 1829 243 43 readers.
855 1831 49 41 It
935 1830 114 43 will
1085 1832 65 42 be
1184 1844 134 43 very
1353 1835 133 43 hard
1523 1837 196 45 indeed
1753 1841 60 42 to
1847 1843 67 41 do
1948 1844 45 42 it
2012 1844 164 49 ;...for
2207 1849 97 41 the
2329 1860 150 35 mere

167 1915 114 42 fact
314 1914 56 43 of
423 1917 95 42 the
574 1919 338 44 translation
950 1923 165 52 being
1167 1925 143 43 done
1364 1928 47 42 is
1444 1928 130 55 only
1626 1931 98 42 the
1758 1929 236 48 faintest
2046 1937 216 44 outline
2295 1939 57 43 of
2381 1942 97 44 the

167 2004 175 44 work.
377 2006 291 55 However,
700 2008 144 43 later
877 2022 90 42 on,
1002 2013 18 40 I
1056 2024 125 42 may
1232 2015 94 54 try
1359 2028 104 32 one
1496 2019 301 52 specimen,
1847 2025 105 41 and
1987 2025 160 42 when
2195 2039 108 41 you
2340 2030 139 44 have

165 2097 231 50 leisure,
432 2100 18 40 I
485 2099 144 42 shall
663 2102 65 40 be
762 2100 125 52 glad
920 2104 61 42 to
1014 2116 94 31 see
1161 2107 98 42 the
1293 2109 118 41 rest
1458 2107 57 44 of
1545 2110 99 44 the
1698 2113 179 53 Dojoji
1931 2117 171 49 piece.
2135 2117 141 46 That
2327 2122 150 55 Yuya

163 2189 183 42 would
381 2192 245 52 require,
661 2191 89 43 for
783 2204 68 31 an
888 2193 226 53 English
1147 2198 217 52 reader,
1396 2199 113 44 two
1542 2212 169 42 pages
1744 2203 56 43 of
1832 2203 205 57 clearly
2060 2211 221 49 printed
2317 2216 161 42 notes

164 2281 62 40 to
261 2290 165 43 every
460 2279 114 44 half
607 2292 137 41 page
779 2282 56 42 of
887 2283 95 43 the
1029 2286 141 43 text.
1204 2287 18 41 1
1258 2286 121 43 fear
1410 2288 128 43 that
1588 2293 219 52 nobody
1838 2295 180 43 would
2079 2310 123 32 care
2237 2302 58 41 to
2345 2305 130 42 read

163 2380 30 30 a
230 2370 161 50 thing
445 2370 57 41 In
556 2371 127 42 that
737 2372 169 52 shape
931 2384 14 39 ;
978 2376 114 51 yet,
1127 2376 242 43 without
1418 2390 31 30 a
1498 2378 326 58 knowledge
1877 2385 56 42 of
1984 2398 165 44 every
2205 2391 273 47 Buddhist

162 2456 264 52 allusion,
457 2458 98 44 the
588 2462 197 51 poetry
819 2464 55 41 of
907 2464 97 41 the
1039 2466 368 51 composition
1443 2470 198 42 should
1679 2475 98 39 not
1809 2474 66 42 be
1906 2472 125 46 felt.
2139 2508 14 14 .
2281 2512 13 11 .

163 2550 47 42 It
244 2550 45 42 is
323 2551 131 41 true
487 2550 125 43 that
647 2563 90 42 my
769 2552 340 45 translation
1166 2556 158 43 could
1364 2560 98 41 not
1514 2564 231 41 succeed
1802 2563 58 43 in
1912 2565 224 55 making
2188 2572 153 43 itself
2374 2584 69 33 un-

162 2640 260 43 derstood
457 2641 58 42 in
550 2641 145 52 spite
730 2641 56 44 of
817 2643 99 43 the
950 2646 161 50 great
1134 2645 155 45 labor
1329 2649 16 41 I
1378 2649 104 41 had
1520 2652 346 53 undergone.
1900 2657 50 40 It
1981 2657 47 43 is
2061 2660 97 41 sad
2191 2658 89 46 for
2314 2662 133 45 liter-

163 2732 180 48 ature,
426 2732 274 52 however,
777 2734 129 42 that
972 2734 65 42 he
1101 2737 122 42 died
1306 2739 241 43 without
1627 2743 268 53 touching
1974 2747 84 43 his
2136 2752 336 47 marvellous

167 2822 143 42 hand
343 2824 61 41 to
440 2823 67 44 it.

160 2919 68 36 &
264 2914 16 40 I
315 2925 112 31 was
461 2912 168 46 asked
666 2916 56 42 in
758 2917 125 52 May
916 2918 60 40 to
1012 2917 200 43 collect
1244 2919 96 42 the
1363 2921 270 51 Japanese
1666 2926 265 43 women's
1956 2939 188 34 names
2176 2935 296 54 according

159 3003 61 42 to
253 3005 151 41 their
436 3006 204 43 ethical
695 3007 105 42 and
837 3008 277 44 aesthetic
1166 3008 259 46 relation.
1459 3012 20 42 I
1514 3012 104 42 had
1673 3015 96 42 the
1825 3016 121 44 lists
2000 3019 56 43 of
2103 3025 259 43 students
2416 3025 57 44 of

162 3104 162 42 many
357 3093 155 54 girls'
546 3096 251 52 schools;
832 3100 107 40 and
976 3100 232 49 besides,
1244 3111 67 31 an
1368 3113 159 43 essay
1560 3115 68 31 on
1665 3104 128 44 that
1828 3109 217 52 subject
2097 3123 112 31 was
2241 3114 228 46 written

162 3182 69 52 by
266 3185 101 43 Mr.
403 3185 237 44 Tetsuzo
678 3186 190 43 Okada
903 3189 56 42 in
997 3200 153 32 some
1176 3189 400 54 philosophical
1612 3198 287 49 magazine
1926 3208 14 39 ;
1971 3200 135 42 with
2129 3203 157 43 these
2319 3205 154 54 helps

159 3274 18 39 I
215 3284 118 32 was
367 3274 122 43 able
523 3276 59 42 to
615 3278 164 42 write
814 3290 104 31 one
954 3279 194 43 article
1184 3283 60 40 to
1279 3292 89 44 my
1401 3281 371 58 satisfaction,
1806 3288 106 40 and
1946 3288 68 43 he
2051 3293 134 41 used
2218 3293 95 43 the
2336 3297 106 40 mat-

155 3364 139 42 erial
337 3367 16 40 I
381 3364 211 46 offered
626 3369 112 41 him
762 3368 89 44 for
941 3372 271 50 Japanese
1240 3373 216 42 Female
1491 3375 215 54 Names,
1872 3379 84 43 his
1981 3377 440 64 **Shadowings

178 3455 88 52 My
299 3455 231 54 writing
563 3468 68 31 on
666 3459 147 42 Semi
846 3459 236 55 (cicada)
1134 3461 56 43 In
1226 3463 143 42 June
1406 3474 112 32 was
1553 3466 299 54 developed
1903 3471 70 53 by
2027 3471 81 43 his
2143 3474 191 53 magic,
2369 3477 106 42 and

158 3544 66 44 he
258 3547 104 51 put
395 3548 45 40 it
474 3547 56 43 in
568 3548 84 43 his
743 3547 405 62 Shadowings
1245 3553 137 43 also.
1416 3554 112 44 The
1564 3558 193 41 month
1795 3558 56 43 of
1882 3560 127 55 July
2042 3574 113 31 was
2209 3565 98 43 the
2340 3567 134 43 time
