2646 3972
907 320 353 54 FOREIGN
1286 321 252 48 NOTES

2325 328 99 51 263

124 437 83 44 the
231 429 250 51 millions,
505 438 93 32 are
617 426 311 58 absolutely
950 428 129 45 first
1098 430 139 45 class

124 524 176 59 judges
333 517 54 45 of
418 519 152 43 what
611 519 45 42 is
691 520 139 51 good
865 519 57 43 in
973 519 122 56 Art,
1129 533 68 31 an
1205 511 30 41 d

124 613 101 46 this
311 605 383 56 performance
797 609 245 54 justifies
1142 613 96 41 the

127 699 171 51 belief.
420 708 66 36 &
1175 712 64 34 &

122 804 56 38 £/
208 792 105 43 The
338 791 327 52 production
693 792 43 41 is
762 804 68 30 an
854 791 183 53 object
1060 792 181 45 lesson

126 887 49 41 to
204 882 92 42 the
330 890 291 43 managers
670 878 57 45 of
763 882 221 43 London
1012 892 14 40 ;
1051 885 101 40 but
1183 895 60 30 as

120 976 145 43 these
297 971 140 54 good
472 983 125 31 men
621 984 94 30 are
767 972 148 44 blind
950 974 133 54 they
1131 958 112 58 will

120 1066 89 44 not
242 1065 63 41 be
359 1061 123 44 able
532 1064 61 42 to
641 1065 253 50 perceive
948 1061 145 47 how
1134 1066 107 41 and

124 1150 184 49 where
357 1152 97 41 the
505 1152 164 52 thing
714 1153 245 56 teaches,
1023 1154 219 52 though

120 1246 64 40 its
217 1240 178 45 lesson
430 1240 46 44 is
512 1242 116 52 just
660 1242 142 44 this:
927 1252 66 35 &
1176 1256 66 35 &

120 1342 59 36 &
209 1332 70 42 Be
331 1331 216 53 simple,
598 1333 66 42 be
711 1332 344 54 yourselves,
1107 1336 132 42 each

123 1421 51 44 of
197 1431 125 43 you,
355 1421 107 43 and
499 1421 96 43 the
630 1421 226 44 theatre
896 1425 56 40 in
990 1422 249 55 England

120 1510 101 47 will
255 1521 133 33 once
444 1522 151 32 more
651 1513 224 42 become
927 1512 152 45 fresh
1134 1516 107 41 and

119 1601 344 51 flourishing.
667 1610 66 36 uz>
1177 1611 65 35 &

126 1689 107 47 The
654 1687 159 61 Play
1177 1701 65 35 zz?

120 1778 144 91 Tphe
297 1780 174 43 Music
494 1780 119 43 Hall
639 1781 289 44 continues
962 1784 58 39 to
1044 1793 199 33 encou-

202 1868 25 30 r
231 1882 98 40 age
382 1872 98 42 the
533 1869 264 46 wordless
853 1870 142 55 play.

119 1968 60 36 JZZ
565 1962 46 42 is
661 1972 103 32 one
834 1959 55 45 of
922 1963 94 41 the
1055 1959 191 46 latest*

122 2051 26 24 ''
170 2049 107 44 The
308 2052 239 51 Strange
782 2049 48 44 is
874 2052 254 42 another.
1162 2053 84 41 Mr

120 2140 130 43 Stoll
277 2140 45 43 is
355 2141 192 42 rather
569 2140 273 53 amusing,
875 2142 104 41 and
1006 2141 210 43 certain-

122 2228 47 55 ly
214 2231 155 52 quite
418 2228 246 44 truthful
734 2230 160 42 when
954 2231 66 41 he
1084 2240 159 44 says:

169 2319 171 43 These
388 2319 266 43 wordless
686 2319 152 54 plays
885 2316 164 46 must
1082 2319 162 44 make

122 2410 175 42 actors
543 2409 50 42 It
639 2409 47 42 is
719 2420 102 31 one
871 2408 56 43 of
957 2410 98 41 the
1101 2410 145 41 most

123 2495 286 55 delightful
457 2496 335 45 revelations
842 2496 56 44 of
928 2499 83 42 Mr
1056 2496 190 45 Stoll's

120 2587 301 43 innermost
487 2588 267 52 thoughts
819 2588 126 42 that
992 2598 82 32 we
1147 2598 96 32 can

122 2674 181 46 recall.
936 2684 65 35 &
1183 2683 65 34 &

120 2771 60 35 £>
211 2766 82 40 Mr
325 2764 141 44 Stoll
490 2776 119 39 can,
635 2767 277 49 however,
938 2767 64 41 be
1027 2764 221 54 equally

127 2853 310 45 untruthful
454 2857 159 41 when
634 2856 45 42 it
697 2867 184 32 serves
898 2856 81 42 his
992 2866 259 42 purpose,

124 2952 55 33 so
226 2943 66 42 he
327 2945 174 42 states
523 2943 130 44 that
736 2945 47 42 It
804 2956 113 31 was
938 2945 96 42 the
1056 2946 192 41 artists

127 3030 49 43 of
208 3032 220 44 Munich
462 3034 105 42 and
602 3034 175 42 South
815 3034 277 53 Germany
1125 3035 123 41 who

127 3121 233 54 inspired
415 3124 95 42 the
562 3124 303 47 Reinhardt
915 3125 223 42 method
1195 3121 56 45 of

128 3213 292 51 producing
452 3214 104 39 and
590 3214 157 51 stage
781 3211 241 54 lighting
1183 3222 65 35 £?

128 3305 60 36 &
222 3299 144 43 WAS
400 3302 141 44 it....!
575 3300 136 44 Well
744 3302 46 40 it
824 3313 98 31 can
973 3302 175 54 easily
1183 3304 65 41 be

132 3389 330 42 understood
495 3389 128 42 that
655 3389 95 42 the
786 3391 303 47 Reinhardt
1124 3403 48 29 m
1195 3402 57 30 e=

129 3476 126 44 thod
279 3490 111 31 was
421 3479 243 51 inspired
684 3481 69 53 by
786 3481 220 42 Munich
1032 3483 215 51 artists,

1288 432 231 46 Russian
1544 433 277 52 acrobats,
1843 433 198 43 Italian
2066 437 321 50 organ-grin-

1289 523 222 52 ders,....
1561 523 57 41 in
1650 522 116 43 fact
1813 524 70 52 by
1915 525 272 52 anything
2231 515 194 64 except

1288 613 96 43 the
1449 614 305 47 Reinhardt
1806 614 382 52 imagination,
2243 617 177 42 which

1289 702 175 55 really
1495 715 177 33 seems
1705 706 59 40 to
1801 706 64 42 be
1921 704 97 46 nil.
2051 704 270 55 Anyhow,
2354 707 66 43 he

1291 793 46 42 is
1369 793 202 54 paving
1604 796 95 42 the
1735 807 193 44 way....
1962 795 187 56 laying
2182 797 158 42 down
2392 809 30 31 a

1291 886 333 42 convenient
1646 889 15 21 *
1683 884 405 55 blumen-weg'
2124 898 63 31 or
2210 887 132 51 path
2368 885 57 44 of

1290 971 301 55 flowers,...
1610 976 104 41 and
1738 976 97 42 the
1859 978 217 52 artists,
2107 978 158 41 when
2290 976 135 55 they

1291 1065 204 52 arrive,
1547 1065 113 43 will
1694 1066 188 55 surely
1925 1072 99 39 not
2056 1065 183 56 forget
2290 1069 132 43 him.

1375 1157 70 42 As
1462 1153 87 43 for
1859 1157 170 52 itself,
2052 1158 116 42 this-

1291 1247 188 40 drama
1592 1247 177 42 which
1816 1247 96 43 the
1966 1258 208 45 energy
2220 1247 56 44 of
2325 1249 100 42 the

1291 1336 266 43 Germans
1581 1336 96 43 has
1700 1337 127 43 shot
1850 1336 112 44 like
1986 1350 31 30 a
2038 1337 130 43 sack
2191 1337 55 44 of
2277 1337 148 44 coals

1290 1430 121 40 into
1477 1427 249 52 London,
1777 1427 45 42 it
1873 1439 286 40 purposes,
2213 1440 59 30 as
2324 1428 98 44 the

1289 1517 454 42 announcement
1773 1515 128 44 tells
1935 1527 83 40 us,
2050 1517 59 42 to
2145 1519 151 41 show
2384 1527 36 35 a

1290 1618 139 33 new
1451 1604 129 47 and
1609 1602 251 47 curious
1892 1604 255 59 staging
2224 1609 105 39 and
2363 1609 59 40 to

1291 1700 64 41 be
1530 1694 255 61 inspired
1786 1695 34 59 by
1821 1694 103 47 the
1963 1695 462 60 impressionist

1290 1784 217 47 school
1530 1783 75 48 of
1616 1783 102 47 art
1745 1783 190 45 which
1958 1784 112 46 has
2103 1784 81 46 its
2208 1785 210 47 centre

1290 1872 66 47 in
1390 1872 257 45 Munich
1867 1884 66 36 &
2361 1884 65 36 &

1291 1976 66 34 &
1389 1964 140 44 That
1561 1966 45 42 it
1629 1976 121 40 may
1783 1964 109 42 hail
1916 1964 141 45 from
2091 1968 225 42 Munich
2344 1978 71 31 no

1291 2066 103 33 one
1429 2066 100 32 can
1563 2056 193 49 doubt,
1806 2056 100 42 but
1938 2056 124 42 that
2097 2057 44 42 it
2175 2058 45 41 is
2254 2061 58 38 at
2345 2056 72 44 all

1290 2145 244 52 inspired
1559 2155 63 32 or
1652 2145 46 42 is
1732 2145 55 42 in
1822 2156 106 41 any
1961 2157 125 42 way
2141 2146 276 52 inspiring

1291 2235 46 42 is
1378 2234 296 43 incorrect.

1392 2325 45 41 It
1470 2324 45 42 is
1549 2334 272 32 common.
1855 2325 47 39 It
1956 2324 180 42 would
2188 2326 63 42 be
2296 2324 126 43 held

1294 2424 60 32 as
1385 2423 251 32 common
1660 2423 137 32 even
1831 2413 56 40 in
1914 2413 184 42 Berlin
2131 2424 63 32 or
2216 2413 172 43 Frank-

1291 2500 138 43 furt.
1463 2502 49 40 It
1545 2502 45 40 is
1628 2500 98 42 not
1757 2510 154 40 new;
1944 2513 182 32 ....one
2161 2503 97 42 has
2291 2514 129 32 seen

1294 2592 113 40 this
1439 2589 131 42 kind
1605 2587 55 44 of
1709 2590 163 51 thing
1904 2589 85 43 far
2042 2592 185 42 better
2281 2592 139 43 done

1295 2679 56 41 in
1393 2679 170 42 Paris.
1614 2688 63 35 £>
1860 2688 65 36 &
2107 2688 64 35 JSZ

1295 2776 65 35 &
1396 2770 45 40 It
1472 2768 48 42 is
1552 2780 193 40 wrong
1790 2771 59 40 to
1898 2780 253 40 compare
2207 2770 46 41 it
2286 2772 133 42 with

1352 2858 280 42 Sumurun
1722 2858 185 42 where
1945 2870 69 29 an
2048 2861 239 49 attempt
2311 2872 109 31 was

1298 2949 155 40 made
1489 2949 55 40 to
1577 2947 224 42 achieve
1836 2960 31 29 a
1901 2949 212 40 certain
2165 2959 159 33 sense
2367 2949 53 44 of

1296 3037 281 53 beauty....
1610 3037 104 41 and
1749 3036 210 52 though
2009 3037 113 42 this
2170 3036 187 55 failed,
2391 3050 31 32 a

1296 3137 160 31 sense
1511 3124 55 43 of
1613 3126 96 41 the
1764 3126 350 52 picturesque
2165 3139 112 31 was
2329 3129 64 42 ob-

1295 3215 208 41 tained.
1582 3213 188 48 Rialon
1864 3214 47 42 is
1945 3225 31 32 a
2010 3213 206 44 lifeless
2240 3217 182 50 thing.

1394 3303 107 42 The
1536 3303 159 52 night
1727 3303 19 42 I
1780 3305 150 41 went
1966 3305 58 41 to
2058 3316 89 30 see
2183 3305 43 41 it
2260 3305 19 41 I
2305 3303 113 44 also

1295 3403 150 31 came
1479 3393 55 41 in
1583 3391 87 43 for
1702 3393 96 41 the
1832 3392 262 54 masterly
2126 3393 292 43 theatrical

1294 3479 168 45 effort
1495 3478 55 46 of
1580 3482 171 42 Sarah
1787 3482 310 43 Bernhardt
2130 3485 54 40 in
2220 3495 68 30 an
2323 3487 89 40 act
