2646 3972
775 366 332 54 LETTERS
1145 366 94 47 TO
1278 366 149 47 THE
1459 365 287 54 EDITOR

2362 376 101 44 253

167 475 141 45 from
347 475 82 42 his
463 474 220 52 article,
716 478 67 51 by
816 477 96 40 the
946 477 122 52 bye,
1101 478 126 41 that
1279 475 64 44 he
1380 478 96 42 has
1505 486 170 33 never
1726 477 138 40 been
1897 475 60 41 to
1994 474 214 43 Covent
2257 474 217 42 Garden

167 564 59 44 at
259 563 71 42 all
382 564 58 42 to
475 574 92 32 see
613 564 99 42 the
747 566 34 21 44
805 576 184 43 weary
1037 576 174 42 group
1263 564 55 52 pf
1374 566 321 43 Londoners
1807 562 282 53 propping
2123 562 150 43 their
2321 562 159 52 jaded

174 653 204 55 eyelids
413 665 139 42 open
603 655 58 41 to
696 665 131 40 peer
880 658 57 40 at
970 656 97 42 the
1115 655 194 43 dismal
1346 655 88 43 old
1484 656 193 51 doings
1712 666 70 32 on
1835 655 98 41 the
1971 652 203 53 stage).
2229 653 139 42 Does
2413 653 67 42 he

174 743 174 54 allege
381 745 128 42 that
529 745 97 42 the
663 745 263 48 Russians
951 746 137 43 have
1112 747 276 42 mastered
1416 747 98 42 the
1548 745 301 54 principles
1877 742 56 45 of
1959 745 223 42 Isadora
2206 743 275 42 Duncan's

171 835 254 51 dancing,
460 845 62 30 or
556 835 128 42 does
721 836 66 42 he
821 835 176 53 allege
1028 837 127 41 that
1186 836 135 53 they
1368 836 135 43 have
1539 835 207 54 merely
1797 835 236 52 pinched
2070 846 32 31 a
2133 834 225 43 wheeze
2419 842 62 32 or

174 924 110 42 two
306 924 118 42 ?In
460 935 104 32 one
598 926 263 42 sentence
895 928 66 40 he
994 936 125 44 says
1150 926 126 42 that
1307 926 133 54 they
1473 926 136 43 have
1642 926 169 43 taken
1844 928 37 24 44
1905 938 30 30 a
1968 925 104 43 few
2116 922 175 45 tricks
2422 922 57 44 in

175 1015 239 42 another
447 1015 66 42 he
547 1025 125 44 says
725 1016 128 41 that
884 1014 89 44 for
1023 1027 167 31 seven
1243 1027 178 43 years,
1486 1018 150 42 since
1700 1016 98 44 she
1862 1015 129 43 first
2044 1016 206 42 danced
2306 1015 56 42 in
2417 1015 63 42 St

176 1107 352 50 Petersberg,
561 1107 131 52 they
728 1107 137 40 have
900 1108 139 41 been
1073 1108 264 52 studying
1371 1109 33 20 44
1434 1108 94 42 the
1552 1107 156 43 weak
1746 1108 105 42 and
1877 1108 206 42 tender
2116 1105 111 44 line
2263 1116 122 31 won
2409 1107 70 50 by

178 1196 443 43 non-resistance
697 1196 306 53 (whatever
1025 1197 127 42 that
1190 1208 123 42 may
1356 1197 184 53 mean)
1559 1197 179 42 which
1775 1198 149 41 •'the
1948 1198 160 51 great
2130 1197 285 42 American

174 1293 112 32 was
319 1284 97 42 the
448 1283 130 45 first
609 1287 59 41 to
705 1287 397 42 demonstrate.
1139 1286 42 42 A
1215 1286 148 43 trick
1398 1298 62 31 or
1483 1290 109 39 two
1627 1286 146 43 after
1804 1298 164 31 seven
2003 1298 158 42 years
2196 1297 111 32 was
2342 1296 134 42 poor

174 1372 240 53 stealing
439 1375 13 40 !

273 1463 126 51 But,
423 1465 255 49 gracious
712 1465 240 42 Nature!
985 1465 127 53 (our
1144 1465 238 49 Mother,
1415 1476 58 31 as
1495 1466 144 42 John
1675 1465 230 43 Balance
1929 1465 168 53 says),
2130 1465 97 42 has
2250 1465 220 42 Isadora

582 1526 10 11 %

170 1554 229 42 Duncan
425 1565 29 31 a
477 1555 290 53 copyright
800 1555 56 41 in
891 1556 35 23 44
946 1554 155 43 weak
1125 1555 107 42 and
1257 1556 199 41 fender
1558 1555 140 42 lines
1718 1554 27 42 ?
1779 1556 104 42 Has
1909 1555 95 42 she
2028 1555 391 51 appropriated
2446 1565 32 32 a

173 1643 181 43 whole
388 1644 197 52 sphere
607 1643 54 41 of
693 1644 275 42 attitudes
1001 1645 104 39 and
1129 1646 254 50 gestures
1417 1641 86 45 for
1538 1644 98 42 her
1671 1655 132 42 very
1826 1644 155 42 own?
2014 1644 118 42 And
2173 1646 151 41 must
2345 1644 135 52 they

175 1733 187 52 perish
399 1734 160 41 when
594 1734 95 42 she
725 1734 136 52 dies,
895 1745 69 31 on
999 1735 126 51 pain
1178 1733 55 43 of
1266 1734 104 42 hue
1425 1735 105 41 and
1564 1745 93 42 cry
1676 1733 26 43 ?
1736 1744 62 32 or
1850 1733 112 43 will
1994 1734 96 42 she
2126 1733 155 44 leave
2315 1734 156 42 them

174 1824 59 41 to
269 1833 259 32 someone
583 1823 56 41 in
675 1823 99 41 her
820 1822 111 43 will
954 1822 25 42 ?
1162 1829 63 36 &
1407 1831 66 34 &
1656 1831 65 34 &
1904 1831 64 34 £?
2152 1831 65 35 &
2405 1831 65 35 &

274 1913 116 43 The
425 1912 176 43 Ballet
632 1912 97 42 has
762 1908 91 47 all
884 1912 203 42 human
1124 1914 340 40 movements
1498 1911 84 43 for
1632 1911 73 43 its
1754 1913 216 50 sphere,
2014 1913 227 41 Duncan
2292 1923 61 32 or
2403 1922 68 32 no

181 2005 247 49 Duncan,
462 2003 105 41 and
602 2002 96 42 the
730 1999 130 45 first
893 2012 124 31 man
1050 2002 125 41 who
1208 2002 219 51 jumped
1467 2002 53 39 in
1557 2001 95 42 the
1675 2002 82 41 air
1792 2012 61 31 or
1886 2002 156 42 stood
2084 2012 68 32 on
2203 2003 84 41 his
2338 2002 138 42 head

179 2096 44 39 >s
244 2093 99 41 not
383 2093 164 51 going
579 2093 58 41 to
674 2091 100 43 call
809 2091 233 43 'Police!'
1093 2092 99 42 out
1225 2090 55 43 of
1313 2091 84 43 his
1430 2102 184 41 grave.
1648 2091 173 43 There
1857 2102 167 33 never
2042 2104 110 31 was
2177 2092 104 42 and
2309 2102 170 33 never

183 2191 99 32 can
317 2182 66 41 be
418 2180 180 43 'theft'
635 2182 53 40 in
725 2182 244 50 gesture.
994 2182 17 40 I
1035 2181 137 42 have
1209 2191 167 32 never
1409 2191 129 32 seen
1589 2181 217 42 Isadora
1857 2181 224 42 Duncan
2132 2182 188 50 dance,
2371 2182 99 40 but

179 2269 84 43 I'll
297 2280 183 41 wager
508 2270 126 42 that
667 2270 99 41 her
797 2279 169 42 range
1001 2266 54 45 of
1088 2270 224 49 gesture
1347 2270 130 41 does
1514 2270 99 41 not
1646 2280 160 32 cover
1839 2280 128 31 one-
2001 2269 294 42 twentieth
2343 2270 128 51 part

185 2359 56 42 of
273 2360 96 41 the
404 2369 170 41 range
609 2358 55 43 of
694 2360 96 41 the
825 2359 229 47 Russian
1089 2359 187 42 ballet.
1313 2359 161 42 What
1498 2359 135 42 have
1657 2370 106 41 any
1787 2358 53 43 of
1862 2360 160 41 those
2048 2359 267 52 Egyptian
2338 2360 102 42 dan-

186 2462 89 31 ces
308 2452 60 39 to
402 2450 68 41 do
503 2449 137 42 with
677 2448 129 43 her?
841 2449 295 43 Carnaval?
1168 2448 441 43 Scheherazade?
1657 2449 192 42 Prince
1900 2449 152 52 Igor?
2100 2450 149 41 what
2296 2449 180 42 would

185 2540 98 42 she
319 2538 158 43 make
513 2538 54 42 of
602 2537 319 52 Harlequin,
955 2548 61 32 or
1050 2537 234 52 Pierrot,
1319 2548 61 31 or
1415 2549 29 30 a
1478 2537 318 43 Polovtsian
1829 2538 260 42 warrior?
2123 2537 45 43 If
2199 2539 97 42 she
2344 2549 123 32 sees

189 2629 95 41 the
322 2626 230 53 Article,
585 2628 18 41 I
640 2626 164 43 think
837 2627 96 42 she
966 2626 112 41 will
1114 2626 160 43 write
1308 2626 202 43 herself
1540 2628 59 39 to
1632 2637 95 43 say
1760 2627 119 40 how
1915 2626 183 52 stupid
2135 2628 43 39 it
2211 2627 63 42 is.
2356 2664 15 12 ,

315 2717 310 43 Heathfield
664 2718 198 51 Lodge,

188 2807 338 51 Hampstead
566 2807 198 47 Heath,
799 2806 59 42 N.
895 2805 79 43 W.

1953 2717 173 42 Yours
2173 2716 286 53 faithfully

1934 2805 211 50 George
2189 2803 290 46 Calderon.

334 3020 156 44 Mr
836 3017 355 60 JOHN
1775 3017 393 47 BALANCE
2169 3019 215 52 REPLY

207 3197 126 84 7y|r
366 3197 209 50 George
611 3193 266 45 Calderon
912 3195 47 41 is
992 3206 67 30 an
1098 3195 353 52 Englishman
1473 3207 13 38 ;
1542 3195 170 41 hence
1766 3195 83 43 his
1884 3197 343 42 enthusiasm
2260 3196 89 44 for
2381 3201 97 40 the

308 3283 696 50 Russian-Tartar-French
1040 3285 229 42 dancers
1302 3283 123 44 who
1459 3285 135 40 have
1628 3283 234 44 invaded
1900 3286 222 42 London
2178 3286 185 55 lately.
2401 3290 75 40 He

192 3376 43 41 is
272 3379 100 39 not
406 3377 231 41 content
669 3376 133 41 with
837 3375 194 53 saying
1064 3376 125 41 that
1219 3376 159 41 these
1412 3374 171 43 ladies
1630 3376 105 41 and
1771 3375 318 52 gentlemen
2125 3388 92 31 are
2269 3380 175 49 magni-

203 3466 151 41 icent
387 3466 106 40 and
528 3466 127 41 that
686 3466 95 41 the
816 3464 223 53 English
1087 3462 268 55 speaking
1387 3474 124 32 race
1568 3475 93 32 are
1695 3466 184 42 better
1931 3466 268 50 dancers;
2234 3466 67 43 he
2344 3479 131 41 goes

192 3564 156 43 crazy
385 3554 137 43 with
573 3554 212 53 delight
818 3555 191 42 rather
1060 3555 136 42 than
1230 3553 252 53 enquire.
1535 3554 137 43 Note
1705 3555 152 43 what
1912 3556 64 41 he
2010 3565 160 44 says;
2264 3556 19 42 1
2338 3556 138 44 have
