2646 3972
183 339 90 52 198

1003 334 212 47 THE
1279 333 491 47 PUBLIC.

175 442 151 45 fined
363 455 166 32 sense
566 444 55 43 of
655 445 97 42 the
786 447 150 41 word
959 455 14 39 ;
1011 445 237 52 nothing
1299 442 192 54 equals
1540 445 99 41 the
1689 442 245 54 delicacy
1986 441 55 45 of
2088 444 116 43 this
2240 453 255 48 monster.

175 533 112 44 The
322 534 362 46 tumultuous
720 538 183 42 crowd
937 535 287 52 trembles,
1262 535 247 52 blushes,
1542 534 335 53 palpitates;
1911 535 70 42 its
2020 536 252 52 modesty
2307 539 45 42 is
2385 552 83 34 sur-

172 627 252 53 prising;
458 627 99 43 the
594 629 179 41 crowd
810 628 44 42 Is
890 639 29 31 a
954 627 204 53 virgin.
1194 628 77 42 No
1307 627 242 53 prudery
1600 627 279 49 however,
1929 627 115 41 this
2094 628 165 42 brute
2309 628 45 44 Is
2406 641 91 39 not

178 715 205 45 brutal.
420 718 107 43 Not
560 729 32 32 a
626 719 295 52 sympathy
955 729 223 41 escapes
1214 719 79 50 it;
1327 718 47 42 it
1408 718 99 42 has
1542 719 54 41 in
1634 717 158 44 itself
1823 719 101 42 the
1980 717 180 44 whole
2212 718 282 62 keyboard,

179 803 145 47 from
359 809 221 51 passion
616 811 59 42 to
712 811 183 52 irony,
928 809 144 44 from
1108 821 241 32 sarcasm
1387 812 58 41 to
1489 811 256 52 sobbing.
1780 811 78 42 Its
1893 809 346 54 compassion
2276 812 44 42 is
2354 823 140 37 more

175 900 138 41 than
349 902 344 50 compassion
716 914 14 39 ;
766 903 44 40 it
846 902 45 42 is
927 901 114 43 real
1078 914 203 43 mercy.
1318 903 113 42 Qod
1469 902 47 42 is
1549 900 107 44 felt
1689 903 56 41 in
1780 902 65 43 it.
1881 901 86 43 All
2003 903 59 41 at
2097 912 135 33 once
2276 903 94 44 the
2411 917 56 33 su-

176 986 169 46 blime
379 1001 208 42 passes,
622 992 105 41 and
762 994 98 41 the
894 994 221 41 sombre
1150 994 318 52 electricity
1502 991 57 44 of
1590 994 98 41 the
1724 995 163 53 abyss
1912 994 202 41 heaves
2141 1005 71 42 up
2238 997 256 58 suddenly

178 1076 73 43 all
288 1079 116 43 this
435 1080 110 53 pile
580 1081 56 43 of
672 1082 191 44 hearts
912 1085 106 41 and
1072 1084 255 49 entrails,
1378 1085 96 42 the
1524 1082 475 55 transfiguration
2053 1084 56 44 of
2159 1086 333 50 enthusiasm

176 1173 277 49 operates,
490 1173 107 42 and
633 1184 143 39 now,
811 1175 46 42 is
890 1175 98 42 the
1023 1187 199 43 enemy
1256 1178 59 40 at
1347 1176 97 42 the
1478 1178 178 51 gates,
1691 1175 47 43 is
1770 1176 99 42 the
1905 1179 240 52 country
2170 1178 55 40 in
2254 1180 240 52 danger?

171 1259 198 44 Throw
406 1276 31 29 a
472 1276 94 41 cry
599 1267 61 40 to
708 1267 129 42 that
886 1265 286 55 populace,
1223 1268 47 42 It
1318 1268 180 43 would
1550 1269 167 42 enact
1764 1268 98 43 the
1912 1268 242 44 sublime
2210 1272 188 44 drama
2442 1277 50 43 of

170 1348 404 60 Thermopylae.
608 1357 136 42 Who
781 1358 96 42 has
914 1356 172 44 called
1121 1357 154 43 forth
1309 1359 136 42 such
1482 1371 27 29 a
1548 1359 467 52 metamorphosis
2042 1359 27 44 ?
2103 1361 222 54 Poetry.
2434 1375 59 34 &

273 1443 110 43 The
421 1444 326 56 multitude,
778 1451 107 39 and
922 1449 56 41 in
1014 1449 115 44 this
1164 1451 99 42 lies
1299 1452 150 41 their
1483 1453 301 51 grandeur,
1835 1463 94 31 are
1978 1449 338 60 profoundly
2363 1467 127 42 open

167 1536 61 40 to
265 1536 97 42 the
397 1537 162 45 ideal.
597 1540 172 43 When
805 1542 135 52 they
973 1554 153 30 come
1162 1543 54 41 in
1255 1546 226 39 contact
1515 1543 136 42 with
1688 1542 143 56 lofty
1863 1546 90 41 art
1987 1545 136 54 they
2147 1557 94 32 are
2264 1546 230 57 pleased,

171 1627 135 52 they
340 1630 263 44 shudder.
639 1632 105 44 Not
778 1645 29 31 a
843 1634 170 42 detail
1049 1646 223 41 escapes
1304 1636 177 43 them.
1516 1635 113 43 The
1681 1637 183 42 crowd
1916 1639 47 40 is
2014 1649 105 32 one
2177 1637 168 54 liquid
2395 1644 95 40 and

174 1717 172 54 living
379 1731 239 41 expanse
655 1724 222 51 capable
912 1724 56 44 of
999 1728 304 42 vibration.
1336 1728 43 42 A
1415 1739 146 32 mass
1596 1730 45 41 is
1676 1742 29 29 a
1741 1730 269 43 sensitive
2046 1730 179 51 plant.
2269 1731 225 44 Contact

172 1809 139 42 with
346 1811 98 42 the
482 1813 272 43 beautiful
790 1817 238 50 agitates
1064 1817 348 57 ecstatically
1459 1820 97 42 the
1606 1819 223 45 surface
1879 1819 58 46 of
1986 1822 354 53 multitudes,
2372 1834 118 33 sure

174 1902 123 50 sign
334 1903 124 41 that
493 1904 96 42 the
625 1907 170 50 depth
832 1908 43 42 is
910 1909 268 45 sounded.
1213 1912 42 40 A
1289 1911 247 54 rustling
1568 1911 59 44 of
1660 1912 202 54 leaves,
1887 1926 29 30 a
1943 1916 336 53 mysterious
2305 1917 184 43 breath

174 2002 212 43 passes,
419 1996 95 42 the
551 1998 183 41 crowd
769 1999 273 44 trembles
1077 2001 180 43 under
1289 2003 96 42 the
1421 2006 192 42 sacred
1665 2003 355 46 insufflation
2071 2006 57 43 of
2175 2008 98 42 the
2323 2008 166 54 abyss.

272 2083 118 42 And
428 2087 180 55 there,
644 2100 137 31 even
818 2090 188 44 where
1040 2092 98 43 the
1173 2105 126 30 man
1336 2092 56 43 of
1423 2095 99 43 the
1557 2096 195 52 people
1789 2098 46 41 is
1870 2100 102 40 not
1996 2098 56 41 In
2079 2110 29 30 a
2135 2101 202 50 crowd,
2365 2100 60 42 he
2448 2101 41 42 is

167 2175 98 50 yet
298 2186 31 31 a
364 2177 139 50 good
543 2178 200 44 hearer
776 2177 56 45 of
865 2182 161 51 great
1059 2182 211 54 things.
1308 2185 93 42 His
1436 2185 451 53 Ingenuousness
1923 2190 44 41 is
2003 2190 222 49 honest,
2276 2190 82 43 his
2405 2200 56 32 cu-

167 2266 201 52 riosity
404 2267 249 56 healthy.
689 2271 305 52 Ignorance
1030 2274 45 43 Ss
1111 2286 30 31 a
1176 2274 249 56 longing.
1462 2278 94 41 His
1591 2290 137 31 near
1763 2280 311 43 connexion
2111 2283 135 42 with
2300 2284 188 41 nature

166 2356 231 43 renders
435 2359 111 42 him
583 2361 221 52 subject
838 2364 58 42 to
931 2364 96 42 the
1063 2364 128 56 holy
1224 2369 249 42 emotion
1511 2366 56 45 of
1616 2370 96 42 the
1761 2373 151 40 true.
1964 2373 78 42 He
2080 2374 121 51 has,
2254 2374 232 42 towards

165 2452 216 49 poetry,
415 2453 187 40 secret
636 2453 224 44 natural
894 2457 211 43 desires
1138 2458 181 43 which
1357 2459 69 43 he
1462 2462 132 43 does
1629 2465 101 41 not
1764 2467 227 49 suspect
2027 2465 241 46 himself.
2297 2467 80 42 All
2400 2467 86 42 the

165 2540 291 54 teachings
490 2553 95 32 are
622 2546 105 41 due
764 2548 57 41 to
857 2548 97 42 the
987 2549 215 52 people.
1239 2549 112 45 The
1378 2563 153 33 more
1566 2554 188 44 divine
1789 2556 98 44 the
1923 2557 167 55 light,
2123 2559 97 42 the
2257 2570 147 33 more
2445 2558 40 43 Is

165 2631 44 39 it
246 2633 155 41 made
435 2631 89 44 for
556 2634 116 44 this
706 2636 199 53 simple
940 2638 143 45 soul.
1120 2641 95 42 We
1249 2642 182 43 would
1470 2645 138 43 have
1632 2645 57 43 in
1714 2647 98 42 the
1836 2647 235 55 villages
2097 2662 30 31 a
2151 2651 180 53 pulpit
2352 2648 129 45 from

162 2722 179 42 which
379 2725 205 41 Homer
616 2727 197 43 should
853 2731 64 41 be
952 2731 289 52 explained
1277 2735 60 42 to
1370 2736 99 43 the
1503 2740 284 48 peasants.

564 2815 45 46 A
661 2817 377 54 WARNING
1077 2822 97 47 TO
1208 2823 114 47 AN
1350 2824 264 56 ACTOR
1636 2852 18 10 -
1677 2828 416 59 MANAGER.

162 2923 193 92 ipake
391 2942 126 31 care
955 2929 146 47 how
720 2947 108 40 you
865 2938 233 52 impress
1134 2942 112 42 this
1281 2946 125 39 vast
1441 2947 253 40 monster
1728 2944 57 43 of
1835 2948 182 43 whom
2071 2951 158 53 Hugo
2278 2948 202 56 speaks;

250 3018 143 44 Take
429 3034 127 31 care
590 3026 127 41 that
749 3037 108 41 you
895 3028 67 42 do
997 3031 100 42 not
1131 3031 172 44 lower
1335 3036 252 51 yourself
1620 3040 60 40 to
1714 3038 176 43 tickle
1925 3041 74 43 its
2055 3040 166 57 fancy
2274 3040 205 44 Instead

160 3107 57 44 of
249 3113 266 52 arousing
548 3116 75 42 its
656 3116 384 53 Imagination.
1074 3121 146 44 Take
1271 3136 124 32 care
1449 3127 128 42 that
1624 3140 109 42 you
1785 3131 69 42 do
1909 3134 100 40 not
2043 3132 167 55 laugh
2248 3135 54 42 in
2353 3141 130 47 your

156 3200 182 44 sleeve
376 3206 58 39 at
470 3206 96 42 the
602 3208 147 44 mob.
785 3208 144 45 Take
965 3224 126 33 care
1126 3215 129 43 that
1286 3229 108 40 you
1432 3220 68 42 do
1536 3222 101 41 not
1670 3219 200 47 flatter
1905 3225 65 44 it.
2179 3234 65 35 &

299 3305 50 29 ()1
399 3296 185 43 unless
620 3310 107 42 you
763 3311 95 32 are
893 3299 264 59 sincere,
1194 3306 189 45 unless
1416 3321 106 42 you
1561 3313 124 52 give
1722 3315 44 41 it
1817 3327 144 41 your
2010 3318 142 52 best,
2203 3314 280 56 appealing

156 3382 60 42 to
252 3384 73 42 its
363 3385 156 52 best;
555 3389 186 44 unless
777 3401 108 42 you
919 3390 245 50 believe
1190 3398 127 42 that
1340 3400 45 41 It
1411 3400 45 42 is
1479 3412 32 31 a
1534 3401 165 54 thing
1723 3407 226 50 capable
1976 3407 57 43 of
2056 3407 71 44 all
2152 3409 97 42 the
2274 3398 207 53 noblest

153 3474 126 42 that
312 3475 46 43 is
396 3478 56 42 in
489 3480 202 43 nature
722 3492 108 42 you
868 3483 111 43 will
1014 3487 188 54 surely
1239 3499 107 32 one
1382 3490 104 55 day
1521 3493 65 42 be
1642 3494 281 46 devoured
1977 3499 69 54 by
2097 3501 95 41 the
2244 3498 235 43 monster

152 3563 56 42 in
245 3565 77 50 it;
360 3567 44 41 it
440 3568 112 42 will
589 3572 290 56 assuredly
913 3577 124 40 tear
1069 3589 108 41 you
1215 3579 120 43 into
1370 3582 201 51 pieces.

2331 3588 59 44 A.
2423 3586 50 42 C.
