2646 3972
218 351 409 71 STAGE
708 346 957 84 TERMINOLOGY

1724 346 118 85 by
1863 343 232 89 John
2142 343 373 89 Balance.

724 554 28 30 e
789 541 133 43 hear
954 552 32 31 a
1019 542 162 52 great
1214 540 122 43 deal
1372 540 296 52 nowadays
1692 537 175 43 about
2300 541 52 44 of
2374 546 143 58 plays.

1035 631 97 42 the
1166 629 267 45 so-called
1849 625 56 44 of
1929 637 31 32 a
1993 625 126 57 play
2150 640 224 42 appears
2394 636 52 42 to
2467 640 53 46 be

780 723 272 53 regarded
1089 724 134 42 here
1256 723 107 41 and
1399 721 166 42 there
1590 731 60 33 as
1675 731 30 31 a
1722 717 88 45 far
1830 730 154 31 more
2018 719 308 53 important
2346 735 173 41 person

784 815 137 43 than
974 815 99 42 the
1128 813 225 44 author.
1404 811 105 44 For
1560 811 280 53 instance,
1893 811 15 41 I
1962 822 113 31 saw
2129 811 391 55 street-posters

1490 916 71 31 on
1597 904 179 43 which
1809 903 99 42 the
1934 913 192 33 names
2150 903 56 43 of
2228 904 94 43 the
2343 911 177 47 author

257 1009 105 40 and
399 1014 298 44 composer
729 1012 150 32 were
915 1001 163 52 given
1115 1000 57 40 in
1207 1009 136 43 very
1374 996 162 44 small
1571 997 134 52 type
1739 995 222 52 indeed,
1995 992 168 45 while
2196 995 123 43 that
2361 999 50 43 of
2439 1002 80 45 the

207 1096 36 24 «
315 1100 276 51 producer
744 1092 181 45 which
960 1091 47 43 Is
1042 1103 31 31 a
1106 1091 232 42 modern
1372 1092 148 40 term
1555 1086 90 46 for
1668 1089 632 52 stage-manager...was
2323 1091 196 50 printed

206 1188 37 25 '«
271 1188 57 43 in
365 1200 136 44 very
536 1186 155 54 large
727 1184 218 44 letters.
978 1183 80 43 On
1095 1193 168 43 many
1294 1180 56 43 of
1383 1192 106 31 our
1519 1180 227 42 theatre
1781 1189 382 42 programmes
2196 1179 47 42 it
2275 1179 43 43 is
2366 1185 129 42 consi-

207 1278 36 24 *'
267 1279 169 43 dered
474 1275 283 47 desirable
790 1278 61 41 to
884 1284 296 33 announce
1203 1273 128 42 that
1350 1273 99 43 the
1482 1272 129 54 play
1644 1273 45 42 is
2152 1270 68 52 by
2251 1272 268 49 So-and-so

268 1369 266 52 meaning
565 1367 132 43 that
730 1367 46 42 it
810 1367 47 42 is
888 1364 462 55 stage-managed
1404 1364 69 52 by
1520 1363 328 43 So-and-so.
1903 1362 152 51 Now,
2108 1360 101 44 the
2242 1364 129 41 verb

603 1468 191 32 means
828 1458 60 41 to
920 1456 166 53 bring
1118 1454 265 54 forward,
1416 1456 61 42 to
1512 1452 144 44 offer
1688 1456 61 40 to
1782 1453 100 43 the
1917 1454 143 42 view
2116 1465 62 30 or
2232 1454 191 54 notice,
2469 1458 48 43 to

275 1548 246 51 exhibit;
559 1550 47 43 it
639 1547 118 45 also
793 1559 193 31 means
1015 1548 62 41 to
1113 1546 180 53 make,
1329 1548 59 41 to
1423 1546 167 53 bring
1625 1547 120 42 into
1783 1547 187 51 being.
2020 1543 316 56 Obviously,
2385 1547 134 55 then,

271 1640 185 42 where
490 1651 30 31 a
558 1639 127 54 play
718 1650 70 32 on
823 1640 99 42 the
955 1639 159 52 stage
1147 1639 47 42 is
1245 1639 331 48 concerned,
1625 1637 165 42 there
1829 1649 94 30 are
1974 1635 132 56 only
2153 1639 110 40 two
2315 1649 202 40 persons

269 1730 124 43 who
428 1741 103 31 can
568 1731 67 42 be
668 1730 117 43 said
842 1731 61 41 to
1010 1730 244 51 produce
1358 1730 209 43 it...the
1600 1729 207 42 author
1840 1729 108 42 and
2004 1727 99 44 the
2136 1730 305 51 proprietor
2469 1743 50 34 or

2305 1795 9 7 ft

503 1819 56 44 of
590 1821 99 42 the
722 1821 226 42 theatre
979 1821 127 42 who
1139 1821 133 53 puts
1305 1820 99 43 the
1438 1821 156 51 piece
1631 1830 149 42 upon
1815 1820 98 42 the
1937 1821 180 51 stage.
2141 1820 51 42 It
2216 1820 44 43 is
2284 1832 64 30 an
2371 1824 144 44 abuse

352 1913 175 42 terms
560 1913 61 42 to
658 1910 103 45 call
795 1924 31 30 a
860 1914 457 51 stage-manager
1349 1924 29 31 a
1412 1913 295 52 producer,
1741 1912 338 53 justasitis
2112 1914 59 41 to
2205 1913 236 43 describe
2461 1926 55 30 an

455 2003 127 43 who
617 2004 407 51 impersonates
1058 2016 31 30 a
1123 2003 164 53 given
1341 2004 296 44 character
1682 2002 89 44 for
1819 2003 100 43 the
1966 2002 134 44 first
2145 2002 137 44 time
2336 2015 54 31 as
2436 2004 80 44 the

320 2093 221 41 creator
631 2091 56 44 of
719 2093 127 43 that
880 2093 309 45 character.
1225 2096 47 40 It
1305 2096 45 42 is
1385 2096 227 42 curious
1658 2096 62 40 to
1771 2095 235 43 observe
2058 2093 125 43 how
2234 2095 95 41 the
2360 2095 159 52 Stage,

521 2183 56 44 of
611 2186 316 52 correcting
962 2186 75 43 its
1061 2185 150 44 loose
1231 2186 402 55 terminology,
1653 2187 101 42 not
1777 2185 132 56 only
1927 2186 300 43 continues
2248 2187 59 42 to
2332 2186 185 55 employ

891 2248 15 17 %

263 2272 65 54 it,
365 2275 100 41 but
499 2275 134 42 adds
668 2276 60 42 to
1472 2286 66 35 jz?
1725 2286 66 36 &
2234 2286 65 36 &
2463 2285 52 36 0

1350 2370 65 43 H.
1449 2371 70 41 M.
1557 2370 82 43 W.
1675 2370 54 43 in
1766 2370 101 42 the
1901 2368 147 46 Pall
2080 2368 163 46 Mall
2276 2366 238 48 Gazette.

718 2582 104 32 ven
861 2583 61 32 as
955 2573 99 42 the
1090 2573 227 53 English
1340 2575 169 54 Stage
1545 2577 44 42 is
1623 2574 226 56 waking
1884 2588 72 40 up
1990 2588 61 32 so
2087 2577 47 43 is
2159 2575 220 55 English
2402 2577 85 42 Dra-

718 2664 166 41 matic
917 2663 281 45 Criticism
1235 2666 246 53 rubbing
1513 2667 76 43 its
1621 2678 151 42 eyes.
1806 2668 168 43 What
2008 2680 104 31 our
2143 2668 181 43 friend
2348 2668 94 43 Mr.
2465 2666 51 42 H.

716 2756 70 42 M.
823 2756 85 46 W.
939 2769 125 43 says
1099 2760 175 42 above
1311 2761 46 42 is
1388 2770 138 43 very
1575 2760 166 43 much
1792 2762 60 42 to
1901 2761 99 42 the
2051 2762 195 52 point;
2279 2771 80 33 we
2390 2756 127 46 must

715 2850 94 50 get
844 2859 105 33 our
982 2850 176 43 terms
1193 2850 57 42 in
1287 2851 192 42 better
1510 2853 188 43 order.
2463 2853 53 37 &

711 2951 65 34 us/
812 2940 48 44 It
893 2952 113 32 was
1031 2940 286 44 doubtless
1357 2943 137 42 with
1528 2942 117 43 this
1680 2944 56 41 in
1771 2944 143 43 view
1937 2944 132 43 that
2440 2940 77 40 has

211 3030 141 46 from
389 3035 136 41 time
553 3035 59 41 to
633 3033 139 42 time
794 3031 222 44 defined
1051 3033 99 43 the
1186 3039 262 48 meaning
1481 3033 57 44 of
1571 3035 97 43 the
1703 3038 184 42 words

207 3125 107 41 and
349 3136 60 31 so
427 3124 178 55 forth,
639 3123 89 46 for
761 3125 160 44 these
955 3125 186 44 words
1174 3137 95 32 are
1294 3127 134 42 used
1448 3137 136 44 very
1599 3125 192 58 wildly
1814 3129 70 55 by
1903 3129 213 46 critics.
2135 3129 119 43 And
2281 3138 116 33 now
2418 3124 40 42 it
2477 3119 37 43 Is

210 3214 226 52 pointed
474 3218 100 41 out
607 3216 129 44 that
769 3217 97 42 the
902 3217 184 42 words
1578 3219 108 41 and
2107 3232 97 33 are
2239 3219 112 44 also
2399 3208 113 49 used

214 3304 68 55 by
314 3306 96 42 the
445 3307 226 43 theatre
705 3306 119 44 folk
857 3308 58 42 in
951 3320 31 30 a
1016 3307 151 43 loose
1715 3320 68 35 £?
2460 3307 52 39 0

308 3396 129 44 This
471 3398 47 44 is
554 3398 244 56 entirely
831 3402 148 41 true.
1006 3398 113 45 The
1143 3402 158 41 actor
1322 3402 49 41 is
1396 3401 100 42 not
1519 3412 31 31 a
1928 3405 69 43 he
2016 3406 48 43 is
2083 3418 70 31 an
2190 3397 327 56 interpreter.

210 3485 109 43 The
355 3499 128 32 man
523 3490 125 43 who
683 3491 209 43 directs
925 3492 96 41 the
1057 3494 157 49 stage
1251 3491 47 42 is
1331 3490 211 44 seldom
1576 3494 102 43 the
1713 3506 127 32 man
1865 3498 147 52 who,
2036 3509 60 32 as
2120 3498 47 41 It
2191 3504 163 41 were,
2376 3481 140 51 cooks

211 3578 107 41 and
353 3588 191 35 serves
579 3593 73 40 up
685 3583 99 43 the
818 3580 147 56 play.
1002 3584 79 41 He
1118 3581 209 55 merely
1362 3584 230 44 attends
1625 3586 61 44 to
1720 3588 99 43 the
1856 3600 167 43 many
2055 3591 97 42 too
2187 3595 159 42 many
2378 3572 138 51 cooks
