2644 3747
826 342 254 48 STAGE
1115 344 574 54 TERMINOLOGY

2384 358 80 40 215

151 455 121 44 who
306 452 68 42 do
404 451 150 42 their
586 452 193 41 worst.
804 450 127 43 This
957 463 124 31 man
1108 452 195 44 should
1330 452 203 55 always
1552 454 65 42 be
1636 451 201 43 known
1862 463 60 31 as
1945 449 524 59 Stage-Director.

249 545 106 39 But
385 551 84 32 we
501 540 194 42 rather
731 540 212 43 believe
977 541 126 43 that
1137 543 67 41 he
1239 544 123 40 who
1396 544 193 42 assists
1622 541 98 43 the
1754 540 299 44 dramatist
2078 543 69 53 by
2172 544 293 51 designing

150 635 93 42 the
276 630 176 45 whole
487 642 343 40 appearance
879 629 55 44 of
982 631 99 44 the
1115 631 146 54 play,
1313 634 69 52 by
1419 633 296 51 inventing
1747 631 97 42 the
1898 643 211 39 scenes,
2163 633 304 49 costumes,

155 727 214 44 dances,
402 723 105 41 and
544 733 60 32 so
637 719 174 53 forth,
845 733 101 32 can
983 722 159 43 claim
1179 725 57 41 to
1274 725 66 41 be
1374 736 31 30 a
1437 725 31 25 *'
1900 725 106 41 and
2055 725 95 51 yet
2183 724 97 42 the
2313 724 145 42 term

157 816 44 42 is
233 812 115 44 still
384 814 100 40 not
515 812 97 42 the
648 813 152 52 right
832 823 125 42 one,
991 814 107 41 and
1136 814 66 42 he
1236 813 182 43 would
1456 816 67 40 do
1559 816 124 40 best
1703 817 59 39 to
1782 813 159 43 make
1965 824 98 32 use
2087 813 56 45 of
2175 814 96 42 the
2308 824 161 32 name

158 901 54 45 of
852 902 96 43 We
986 903 132 42 have
1152 902 57 42 in
1261 905 173 41 music
1480 903 96 42 the
1621 907 145 39 term
2158 894 310 52 Director''

158 992 104 43 and
296 992 46 42 it
374 993 45 41 is
452 990 124 44 well
611 992 216 52 applied
860 992 61 42 to
955 992 135 43 such
1124 1004 125 33 men
1284 1005 60 32 as
1393 992 220 45 Nikisch
1664 1005 62 30 or
1777 993 90 44 Sir
1917 996 183 52 Henry
2154 995 165 44 Wood
2343 1005 14 32 :
2423 996 46 42 it

158 1081 179 47 would
374 1084 66 41 be
473 1094 192 40 wrong
696 1084 61 40 to
792 1081 104 43 call
929 1082 153 43 them
1118 1082 582 52 musical-producers.
1904 1095 65 34 &
2152 1094 66 35 &
2402 1095 66 37 &

257 1175 286 50 However,
574 1172 162 42 there
769 1171 113 43 will
916 1172 67 42 be
1018 1184 30 30 a
1082 1184 122 32 new
1236 1175 146 41 term
1416 1174 169 42 found
1621 1184 134 33 soon
1788 1174 88 43 for
1908 1175 95 43 the
2028 1186 125 32 man
2178 1176 124 43 who
2326 1175 139 44 shall

162 1264 185 44 create
380 1275 32 31 a
444 1264 191 42 drama
667 1263 243 42 without
946 1264 303 42 assistance
1280 1263 141 43 from
1458 1265 164 41 other
1645 1265 198 42 artists
1865 1264 81 53 (as
1964 1264 89 43 for
2074 1265 271 52 example,
2366 1266 104 44 the

162 1353 292 46 dramatist
488 1353 107 42 and
628 1353 246 54 painter)
910 1355 100 41 but
1040 1354 124 42 who
1198 1353 140 43 shall
1373 1353 217 54 employ
1623 1364 145 32 none
1804 1357 104 39 but
1935 1354 323 47 craftsmen.
2401 1364 66 37 j0

256 1443 72 44 At
360 1446 227 49 present
620 1446 46 40 it
698 1443 47 43 Is
780 1446 139 50 good
953 1446 59 40 to
1047 1444 153 42 show
1237 1456 69 29 no
1341 1444 160 42 haste
1534 1446 174 40 about
1739 1446 98 40 the
1891 1447 226 42 matter.
2169 1446 106 43 For
2308 1447 160 43 these

162 1534 262 45 wordless
458 1533 124 53 play
616 1532 446 44 manufacturers
1096 1545 94 30 are
1227 1545 67 30 no
1330 1536 279 47 creators;
1644 1533 130 53 they
1806 1546 93 30 are
1936 1534 207 55 merely
2176 1536 126 43 avid
2360 1536 85 43 col-

163 1626 206 43 lectors
400 1622 56 45 of
489 1625 165 42 other
685 1622 245 53 people's
964 1623 375 52 suggestions,
1372 1623 244 52 designs,
1647 1621 174 44 tricks
1876 1622 56 43 of
1983 1623 211 54 colour,
2227 1626 245 53 texture,

164 1719 177 41 sound
376 1717 104 42 and
516 1727 60 31 so
607 1715 177 51 forth,
816 1716 105 42 and
957 1715 158 42 these
1148 1715 134 52 they
1335 1713 187 44 shovel
1571 1725 71 32 on
1696 1716 59 41 to
1809 1713 98 44 the
1955 1716 156 52 stage
2145 1717 106 41 and
2288 1716 101 43 call
2425 1717 47 42 it

167 1806 406 42 mlmo-drama.

684 1896 45 41 is
762 1907 32 30 a
828 1894 362 51 hotch-potch
1226 1893 54 41 of
1311 1894 99 42 the
1444 1891 154 46 kind.
1686 1893 193 48 Rialon
1966 1894 49 44 is
2072 1896 259 44 another.
2366 1898 71 43 No-

165 1988 163 52 thing
360 1985 214 46 dazzles
607 1987 97 40 the
738 1995 98 44 eye
870 1983 111 43 like
1015 1995 31 31 a
1077 1983 324 53 patchwork
1435 1983 163 54 quilt,
1632 1985 107 41 and
1773 1985 158 43 these
1978 1985 265 43 so-called
2279 1989 71 41 Mi
2359 1998 113 33 mo-

169 2078 159 41 Dram
336 2087 57 32 as
427 2087 93 30 are
554 2074 250 52 dazzling
836 2073 88 43 for
954 2074 114 42 this
1101 2084 218 31 reason.
1369 2074 49 42 It
1466 2074 46 42 is
1565 2084 32 32 a
1645 2075 453 53 cinematograph
2154 2077 154 43 show
2341 2077 131 53 long

170 2166 187 43 drawn
393 2167 117 51 out,
543 2166 108 42 and
685 2166 99 40 not
818 2162 113 43 half
963 2173 61 32 so
1057 2163 287 42 dramatic.
1377 2163 396 43 Mimo-Drama
1806 2163 46 45 Is
1886 2176 69 30 an
1990 2164 87 44 old
2111 2166 217 52 thing...
2363 2168 107 41 and

174 2270 123 39 may
331 2258 64 41 be
431 2268 30 30 a
492 2267 133 42 very
656 2256 139 51 good
830 2255 219 52 thing...
1085 2253 100 42 but
1218 2265 60 30 as
1310 2256 95 49 yet
1437 2265 83 30 we
1555 2253 137 43 have
1728 2265 68 31 no
1832 2255 245 52 example
2112 2253 56 46 of
2200 2267 32 31 a
2279 2257 194 42 Mimo-

174 2348 198 42 Drama
404 2346 220 42 created
658 2345 70 51 by
761 2355 69 30 an
866 2343 185 42 artist.
