3446 4384
1741 150 101 47 194

230 294 170 48 welche
431 292 70 49 die
534 291 234 63 Wirkung
800 289 87 48 und
920 290 84 47 den
1039 290 166 47 Werlh
1237 290 81 47 der
1347 305 47 32 so
1425 289 325 48 entstandenen

228 371 190 48 Gebilde
443 370 159 64 prüfen
630 368 176 54 wollen,
838 366 147 48 haben
1016 367 99 47 eine
1140 367 160 47 leichte
1326 366 165 56 Probe,
1520 367 61 46 sie
1614 366 108 48 brau-

226 450 112 47 chen
369 465 87 30 nur
484 447 69 47 die
586 443 362 51 Ueberschriflen
1450 445 46 45 In
1528 443 80 47 der
1632 445 119 45 That

228 526 96 47 fällt
353 523 80 47 der
457 522 168 51 Werlh
656 521 146 48 dieser
830 520 236 64 angeblich
1648 521 66 47 Mu-

224 602 64 47 sik
313 601 140 48 durch
480 601 68 47 die
571 600 202 47 einfache
800 597 291 65 Bemerkung
1113 614 279 39 zusammen,
1422 597 100 48 dass
1545 598 70 46 die
1641 598 80 47 mei-

224 686 94 41 sten
346 676 365 49 Ueberschriflen
732 675 305 63 nachträglich
1060 675 220 47 erfunden
1304 673 206 56 werden;
1543 691 85 31 nur
1651 673 95 49 sind

224 755 72 48 die
339 771 145 31 neuen
906 752 139 47 selten
1088 767 48 32 so
1180 751 256 63 aufrichtig,
1481 751 83 47 wie
1600 751 147 64 jener,

224 832 79 48 der
334 849 193 30 unseren
558 831 119 47 Rath
725 829 235 65 begehrte,
1004 828 57 48 ob
1106 845 49 31 er
1196 829 121 46 seine
1359 845 86 30 neu
1489 828 258 64 verfertigte

224 909 261 49 Ouvertüre
525 908 182 56 „Minna
745 923 85 31 von
1177 906 110 47 oder
1611 906 108 47 über-

222 986 236 48 schreiben
489 986 123 54 solle,
644 984 109 49 oder
783 984 79 46 der
890 1000 83 30 von
1006 983 198 47 Ambros
1554 1000 41 30 u.
1625 1000 32 31 s.
1690 1000 55 31 w.

221 1064 43 47 S.
302 1061 123 63 136)
467 1062 310 63 aufgeführte,
816 1059 228 56 „ziemlich
1441 1059 186 55 Pianist,
1666 1059 80 47 der

221 1141 40 47 in
292 1139 80 49 der
404 1139 138 47 Wahl
574 1138 76 47 des
680 1137 138 47 Titels
865 1137 73 46 für
980 1137 99 47 eine
1121 1153 155 46 grosse
1307 1136 149 47 Etüde
1500 1153 85 31 nur
1628 1137 113 47 noch

218 1218 217 47 zwischen
927 1213 90 48 und
1059 1216 122 54 „Der
1211 1214 224 49 Rheinfall
1469 1214 69 47 bei
1568 1214 150 47 Schaff-

458 1292 268 48 zweifelhaft
757 1307 108 30 war.
920 1329 17 17 „
952 1289 99 50 Une
1077 1290 101 64 fille
1206 1289 167 50 est-elle
1401 1290 262 67 depourvue
1689 1290 56 49 de

216 1370 170 60 beaute,
415 1367 190 70 d'esprit
631 1372 44 45 et
699 1368 56 49 de
781 1368 91 60 dot,
903 1383 56 33 on
985 1383 112 33 notis
1124 1369 134 48 vante
1284 1383 80 33 son

334 1449 213 46 Hector
592 1448 250 52 Berlioz,
886 1447 122 45 nicht
1056 1447 150 54 „einer
1422 1447 194 47 sondern
1661 1447 81 47 der

228 1527 339 63 „Hauptträger
590 1524 80 48 der
693 1541 197 30 neueren
1310 1524 171 47 welche
1505 1523 85 48 den
1611 1525 95 46 Man-

218 1603 69 63 gel
321 1602 166 47 idealer
512 1603 165 46 Grösse
708 1600 87 47 und
824 1600 293 47 künstlerisch
1143 1600 308 47 einheitlicher
1469 1600 271 64 Gestaltung

217 1679 138 48 durch
386 1679 216 47 sinnliche
631 1679 181 47 Illusion
846 1678 87 47 und
971 1679 327 62 „grossartiges
1558 1679 80 47 das
1668 1679 46 46 In-

217 1763 198 39 correcte
439 1755 80 47 der
541 1755 265 64 Zeichnung
829 1754 142 48 durch
997 1755 68 47 ein
1091 1755 223 47 reicheres
1338 1755 174 49 Colorit
1540 1763 198 39 ersetzen

214 1851 51 30 zu
297 1833 178 48 können
508 1833 153 54 meint,
691 1831 157 49 wurde
879 1833 40 45 in
951 1831 143 49 einem
1120 1831 242 50 Städtchen
1393 1833 77 47 des
1500 1834 214 46 Isfere-De-

217 1918 275 58 partements
522 1928 71 30 am
631 1910 80 48 11.
740 1910 259 47 December
1035 1908 141 50 1803
1209 1910 217 65 geboren.
1475 1911 129 47 Nach
1635 1911 101 47 dem

216 1988 174 49 Willen
419 1988 142 47 seines
593 1988 176 54 Vaters,
800 1986 79 49 der
906 1986 139 49 selbst
1072 1989 109 46 Arzt
1211 2004 111 41 war,
1351 1989 128 46 sollte
1508 2004 49 31 er
1587 1988 41 47 in
1652 1989 57 49 Pa-

216 2065 58 47 ris
298 2065 191 48 Medicin
514 2064 217 55 studiren,
762 2064 110 48 aber
903 2080 45 32 es
969 2065 150 47 wollte
1148 2065 132 47 nicht.
1314 2065 78 47 Als
1414 2065 91 47 ihm
1526 2065 46 47 in
1600 2065 140 64 Folge

216 2143 146 47 seiner
390 2141 261 65 Erklärung
684 2141 106 65 jede
824 2143 353 63 Unterstützung
1219 2159 84 31 von
1334 2143 157 48 Hause
1520 2150 217 56 entzogen

216 2220 175 57 wurde,
434 2220 98 47 liess
571 2237 48 30 er
660 2219 92 48 sich
791 2219 146 65 einige
967 2221 183 46 Monate
1186 2220 62 47 als
1280 2219 180 49 Chorist
1491 2219 70 49 bei
1592 2220 145 48 einem

214 2298 488 48 Vaudeville-Theater
725 2296 311 64 gebrauchen,
1059 2298 90 63 gab
1173 2296 120 49 dann
1318 2298 305 64 Singstunden
1649 2298 89 47 und

219 2374 187 49 brachte
435 2390 46 32 es
509 2390 48 32 so
588 2374 175 48 endlich
795 2374 113 48 doch
941 2374 152 57 dahin,
1125 2375 99 47 dass
1248 2392 47 30 er
1318 2376 122 46 seine
1463 2375 186 48 Studien
1681 2375 57 47 im

218 2451 396 49 Conservalorium
652 2451 234 49 vollenden
927 2451 180 49 konnte.
1166 2454 61 46 Er
1257 2453 160 48 erhielt
1445 2451 188 66 (1830)
1666 2454 76 46 für

214 2529 121 48 seine
365 2530 191 47 Cantate
978 2529 85 48 den
1096 2530 123 47 Preis
1262 2530 89 48 und
1393 2530 68 47 ein
1492 2531 224 47 Reise-Sti-

216 2606 212 65 pendium
457 2606 114 48 nach
604 2606 168 48 Italien.
802 2606 66 48 Im
898 2606 142 48 Jahre
1075 2605 141 51 1832
1248 2607 113 49 nach
1395 2609 126 45 Paris
1549 2606 165 48 zurück-

217 2684 208 63 gekehrt,
452 2684 185 48 brachte
661 2701 47 30 er
731 2684 196 48 daselbst
956 2685 121 47 seine
1100 2685 359 66 Symphonieen:

205 2757 308 68 fantastique.
537 2757 199 70 Episode
763 2760 56 49 de
847 2760 46 48 la
919 2759 69 50 vie
1014 2761 113 48 d'un
1389 2762 114 49 und:
1531 2800 16 20 „
1557 2761 189 50 Harold

232 2836 208 51 enltalie
523 2855 77 31 zur
623 2839 315 64 Aufführung.
970 2840 136 47 Beide
1135 2840 222 48 schildern
1390 2841 159 61 eigene
1580 2840 135 48 Erleb-

217 2916 136 48 nisse:
391 2916 105 65 jene
541 2916 122 47 seine
701 2917 40 46 in
785 2916 157 47 wilder
970 2916 319 50 Leidenschaft
1324 2919 75 47 für
1439 2919 97 47 eine
1567 2919 145 47 Schau-

214 2994 207 64 spielerin
466 3001 241 57 erzeugten
753 2995 376 63 Traumgesichte
1172 2994 193 64 (endend
1412 2997 79 46 mit
1533 2996 179 47 Henker-

218 3071 193 56 marsch,
443 3071 244 47 Guillotine
715 3071 90 47 und
838 3071 366 64 Hexensabbat),
1243 3072 136 56 diese,
1411 3074 77 45 mit
1519 3072 224 65 obligater

221 3147 213 48 Bratsche
465 3143 251 72 (Harold!),
759 3147 70 48 die
872 3148 41 47 in
946 3148 155 49 Italien
1145 3166 83 32 von
1272 3151 127 47 Land
1447 3150 88 47 und
1568 3151 173 47 Leuten

218 3225 330 64 empfangenen
578 3225 284 48 Eindrücke:
901 3227 174 47 Harold
1106 3227 58 47 im
1200 3227 214 65 Gebirge,
1459 3228 174 47 Scenen
1665 3227 80 48 der

218 3303 314 56 Melancholie,
565 3302 75 48 des
672 3302 195 48 Glückes
896 3303 89 47 und
1017 3303 80 49 der
1129 3305 180 48 Freude
1420 3307 237 64 Pilgerzug

219 3381 256 47 Ständchen
518 3381 43 47 in
604 3380 85 48 den
722 3381 235 48 Abruzzen
1080 3382 145 65 Orgie
1262 3383 79 49 der
1371 3383 238 50 Banditen.
1665 3385 80 47 Mit

224 3457 185 65 Byron's
434 3457 156 48 Childe
616 3457 171 48 Harold
815 3457 66 65 (4.
908 3458 198 65 Gesang)
1133 3460 76 48 hat
1238 3460 71 48 die
1331 3461 278 65 Symphonie
1641 3462 79 46 wei-

221 3542 67 40 ter
317 3535 142 47 nichts
490 3536 194 62 gemein,
730 3552 48 31 er
810 3536 121 48 hätte
960 3537 62 47 sie
1053 3537 113 48 eben
1197 3538 191 56 sowohl,
1434 3540 83 45 wie
1548 3538 200 49 Ambros

223 3618 116 58 sagt,
369 3609 189 50 Berlioz
584 3627 55 33 en
665 3611 142 51 Italie
848 3613 112 49 oder
998 3615 114 47 auch
1152 3615 111 47 nach
1293 3616 78 47 der
1401 3616 346 66 gewöhnlichen

219 3688 164 50 Weise
425 3706 112 47 ganz
581 3689 237 65 allgemein
859 3688 252 54 Souvenirs
1149 3691 191 51 d'ltalie
1394 3693 356 50 überschreiben

219 3767 195 48 können.

340 3844 84 47 Ein
465 3860 162 49 ganzes
656 3844 334 59 Dichterwerk,
1031 3847 353 66 Shakespeare's
1425 3850 203 55 „Romeo
1658 3850 90 47 und

425 3921 144 48 durch
600 3921 70 49 die
701 3922 141 48 Mittel
875 3922 75 49 des
973 3924 273 49 Orchesters
1274 3941 78 32 zur
1376 3926 292 63 Darstellung
1699 3945 51 29 zu

230 3998 205 65 bringen,
473 3999 238 49 versuchte
743 3999 170 50 Berlioz
943 4002 40 47 in
1016 4002 78 47 der
1136 4002 360 56 „dramatischen
1528 4004 189 65 Sympho-

533 4076 168 49 Romeo
924 4079 43 47 et
1060 4074 207 54 Juliette.
880 4079 96 49 Auf
999 4079 70 49 die
1100 4081 260 64 Einleitung
1390 4081 115 48 über
1535 4082 69 48 die
1634 4090 118 40 erste

1823 288 145 47 Scene
1996 287 80 47 der
2099 287 231 65 Tragödie
2353 291 14 60 (
2373 287 201 67 Dispute
2575 288 14 64 )
2624 288 87 49 und
2744 290 128 47 einen
2903 306 99 32 vom
3036 290 123 48 Chor
3190 305 138 47 gesun-

1823 381 145 47 genen
2278 366 78 46 mit
2394 366 108 47 zwei
2544 366 283 63 eingelegten
2860 366 193 47 Liedern
3086 365 240 64 (Strophen-

1822 442 84 47 lied
1942 443 73 46 für
2039 441 98 48 Alt:
2169 441 96 48 Lob
2296 442 81 47 der
2408 442 155 55 Liebe,
2594 443 179 47 Italiens
2804 443 89 47 und
2925 445 351 62 Shakespeare's

1822 518 309 49 Tenor-Solo:
2173 520 289 63 „Erzählung
2493 536 81 31 von
2607 520 80 47 der
2720 521 89 47 Fee
3039 522 165 62 folgen,
3247 521 78 47 wie-

1821 596 160 47 derum
2025 596 143 47 durch
2213 596 145 47 Chor-
2399 597 89 47 und
2519 598 442 46 Instrumentalsätze
3002 598 217 47 erläutert
3262 598 89 47 und

1822 671 281 56 verbunden,
2146 671 70 47 die
2255 673 323 64 liauptscenen
2624 673 76 47 des
2731 675 237 47 Drama's:
3011 675 214 48 Romeo's
3256 675 62 47 Me-

1822 749 236 58 lancholie,
2091 749 93 47 Ball
2220 749 67 47 bei
2320 751 193 63 Capulet
2632 751 72 47 die
2737 752 302 47 Balconscene
3159 751 70 47 die
3264 752 88 48 Fee

1822 827 107 47 Mab
1972 826 89 66 (ein
2093 827 78 46 der
2217 827 258 63 Erzählung
2507 828 259 47 Mercutio's
2809 837 344 39 entnommenes
3195 828 155 64 Motiv)

1897 903 71 47 die
1999 904 142 46 Scene
2171 903 41 46 in
2244 902 81 48 der
2356 904 147 49 Gruft.
2535 904 174 47 Berlioz
2739 904 78 47 hat
2844 906 122 47 seine
2998 906 207 53 Absicht,
3236 904 85 49 Sha-

1821 981 217 64 kespeare
2070 981 278 47 musicalisch
2380 998 50 30 zu
2463 982 343 63 reproduciren,
2838 983 122 47 nicht
2989 982 212 54 erreicht,
3232 982 117 48 denn

1821 1076 48 29 er
1912 1058 206 48 verstand
2163 1073 45 32 es
2251 1058 138 56 nicht,
2434 1058 70 48 die
2536 1061 165 62 Menge
2739 1058 80 50 der
2858 1077 87 31 nur
2984 1059 141 49 durch
3159 1059 70 49 die
3272 1077 52 47 ge-

1821 1143 185 40 naueste
2028 1136 244 47 Kenntniss
2295 1136 81 47 der
2401 1137 230 63 Dichtung
2660 1138 357 47 versländlichen
3041 1137 308 48 Einzelheiten

1818 1219 131 41 unter
1991 1212 71 48 die
2096 1212 180 47 Einheit
2317 1213 125 46 einer
2483 1213 355 47 künstlerischen
2871 1213 104 48 Idee
3015 1232 50 29 zu
3111 1214 239 54 sammeln,

1817 1289 39 48 d.
1891 1289 40 48 h.
1963 1289 79 47 das
2085 1290 212 46 Einzelne
2335 1290 113 46 nach
2494 1290 85 47 den
2622 1290 217 49 Gesetzen
2884 1290 80 47 der
3007 1292 340 47 musicalischen

1816 1367 317 48 Construction
2178 1383 51 31 zu
2273 1368 246 63 gruppiren
2570 1368 89 47 und
2710 1386 51 29 zu
2805 1369 146 46 einem
2998 1368 347 48 harmonischen

1816 1445 181 47 Ganzen
2028 1462 51 29 zu
2109 1443 188 49 ordnen.
2357 1445 156 47 Daher
2544 1447 96 47 that
2669 1462 48 30 er
2749 1445 169 54 besser,
2963 1447 42 47 in
3035 1445 80 49 der
3149 1448 195 46 Faust-

1815 1522 257 63 Legende
2098 1523 68 46 die
2189 1522 347 64 symphonische
2565 1524 133 46 Form
2733 1524 150 47 nicht
2913 1523 310 48 anzuwenden
3251 1523 90 48 und

1812 1599 90 47 sich
1936 1599 80 47 auf
2041 1598 71 48 die
2138 1598 318 65 Wiedergabe
2486 1599 224 48 einzelner
2733 1600 174 47 Scenen
2931 1618 51 29 zu
3008 1599 337 50 beschränken:

1815 1678 278 62 Einleitung,
2157 1677 420 66 Rakoczy-Marsch
2639 1677 123 64 (statt
2817 1679 77 46 des
2950 1678 394 65 Soldatenliedes),

1815 1755 284 47 Bauerntanz
2129 1762 133 39 unter
2290 1754 80 47 der
2399 1755 160 55 Linde,
2590 1755 262 65 Mephisto's
2880 1757 133 47 Floh-
3041 1757 88 47 und
3154 1758 163 47 Ratten-

1815 1831 83 47 lied
1934 1848 41 30 u.
2004 1847 33 31 s.
2070 1848 52 30 w.

1930 1909 78 47 Als
2036 1909 187 63 originel
2255 1908 249 48 erfundene
2536 1908 307 49 Musikstücke
2856 1909 112 47 —in
2997 1917 230 57 strengem
3259 1910 57 48 Be-

1811 2003 113 47 züge
1949 1986 81 47 auf
2047 1985 79 48 das
2150 1986 151 47 Ganze
2325 1986 128 47 beide
3147 1985 105 50 hors
2818 1986 165 47 —sind
3008 1986 80 49 der
3115 1988 227 64 Rakoczy-

1812 2065 180 47 Marsch
2034 2064 88 47 und
2155 2064 79 48 das
2264 2065 194 47 Scherzo
3200 2063 100 57 „La
2918 2064 216 48 berühmt
3163 2083 149 47 gewor-

1813 2141 103 56 den,
1947 2141 202 64 gekannt
2178 2143 161 63 wenig.
2385 2141 170 49 Berlioz
2588 2141 272 49 berechnete
2890 2141 70 49 die
2992 2143 173 47 Effecte
3195 2144 147 46 seiner

1812 2219 405 47 Instrumentation
2244 2219 75 46 für
2342 2219 99 46 eine
2462 2234 48 32 so
2536 2219 151 47 starke
2707 2220 252 62 Besetzung
2984 2218 361 63 (mindestens

1815 2296 213 47 fünfzehn
2060 2303 118 40 erste
2209 2295 88 48 und
2330 2294 114 49 eben
2469 2312 48 31 so
2538 2296 112 47 viele
2673 2298 155 45 zweite
2851 2296 228 56 Violinen,
3107 2298 110 45 zehn
3234 2296 81 49 Vio-

1815 2374 68 47 len
1915 2390 42 31 u.
1986 2389 33 32 s.
2051 2373 91 64 w.),
2173 2373 117 57 dass,
2319 2389 82 32 von
2434 2373 230 48 Anderem
2696 2374 277 62 abgesehen,
3011 2375 123 46 seine
3168 2374 177 48 Werke

1813 2451 139 47 schon
1983 2450 210 48 desshalb
2226 2450 128 48 keine
2389 2451 307 64 Verbreitung
2731 2450 153 48 finden
2918 2451 212 47 konnten.
3187 2451 79 47 Als
3298 2468 48 32 er

1813 2529 112 48 aber
1954 2529 116 48 auch
2102 2529 41 47 in
2176 2529 125 47 Paris
2343 2527 157 58 „keine
2532 2529 288 63 nachhaltige
2852 2529 301 48 Theilnahme

1815 2606 40 48 d.
1888 2607 41 46 h.
1971 2607 62 47 als
2077 2606 70 47 die
2182 2607 254 46 Franzosen
2479 2621 44 32 es
2563 2614 86 39 satt
2686 2606 171 57 hallen,
2902 2607 273 46 unternahm
3206 2624 49 29 er
3284 2607 57 47 im

1813 2685 140 47 Jahre
1977 2682 142 50 1843
2138 2684 99 47 eine
2262 2685 265 46 Kunslreise
2557 2684 112 48 nach
2695 2684 327 53 Deutschland,
3049 2684 102 48 kam
3176 2684 168 64 jedoch

1817 2764 112 54 hier,
1959 2762 85 47 wie
2076 2761 194 48 Brendel
2305 2762 153 55 meint,
2490 2761 113 48 noch
2636 2779 50 30 zu
2720 2762 117 47 früh.
2880 2762 133 55 „Man
3048 2779 94 30 war
3171 2762 173 49 damals

1817 2841 69 47 bei
1919 2856 81 32 uns
2029 2840 116 48 noch
2178 2839 122 48 nicht
2325 2840 85 47 reif
2437 2840 73 47 für
2535 2840 71 47 die
2632 2839 326 48 Berlioz'schen

1816 2920 93 46 Das
1948 2917 199 64 Einzige,
2190 2917 158 47 womit
2378 2916 172 48 Berlioz
2593 2916 144 65 gleich
2782 2916 176 48 damals
2999 2916 347 66 Anerkennung

1815 3013 212 48 gewann,
2058 3011 96 31 war
2183 2994 79 48 das
2297 2994 263 64 glänzende,
2590 2995 337 63 phantastische
2958 2995 189 57 Colorit,
3190 2995 79 48 das
3300 3011 49 32 er

1815 3075 152 47 seinen
1999 3090 54 31 an
2085 3072 91 47 sich
2209 3074 149 62 wenig
2390 3072 316 49 bedeutenden
2733 3072 369 65 Compositionen
3126 3090 51 31 zu
3200 3072 146 65 geben

1817 3157 179 41 wusste.
2039 3151 144 47 Unter
2213 3148 85 50 den
2331 3150 252 63 Wenigen,
2615 3150 69 47 die
2717 3150 75 47 für
2823 3151 74 46 ihn
2931 3150 62 47 als
3025 3150 324 66 Componisten

1817 3230 239 52 eintraten,
2089 3244 95 31 war
2213 3227 116 48 auch
2358 3228 132 47 Liszt.
2547 3228 162 47 Dieser
2739 3227 74 47 lud
2844 3227 75 47 ihn
2951 3244 137 47 sogar
3119 3230 57 45 im
3209 3230 141 45 Jahre

1823 3306 141 48 1852
1991 3305 113 48 nach
2132 3306 231 55 Weimar,
2394 3322 71 31 wo
2497 3312 130 41 unter
2658 3305 146 48 seiner
2831 3306 194 63 Leitung
3055 3306 70 47 die
3151 3307 196 46 Romeo-

1818 3383 296 66 Symphonie,
2146 3382 70 48 die
2250 3382 385 64 Faust-Legende
2667 3383 89 47 und
2789 3382 71 48 die
2891 3382 129 65 Oper
3060 3385 291 54 „Benvenuto

2048 3461 155 63 (deren
2244 3461 178 47 zweites
2453 3461 158 47 Finale
2646 3461 82 47 der
2758 3461 241 61 Carneval)
3041 3479 79 29 zur
3149 3461 173 48 Auffüh-

1821 3556 117 47 rung
1968 3540 257 62 gelangten.
2311 3540 94 45 Das
2436 3538 170 64 einzige
2636 3540 203 62 gesunde
2870 3538 89 47 und
2992 3538 255 47 einheitlich
3276 3555 50 47 ge-

1821 3617 162 48 dachte
2016 3617 166 55 Werk,
2220 3617 78 48 das
2328 3616 71 48 die
2429 3616 141 48 durch
2603 3617 174 47 Berlioz
2809 3616 284 65 begründete
3123 3617 229 64 Richtung

1822 3693 405 64 hervorgebracht,
2270 3695 54 47 ist
2352 3693 71 49 die
2452 3692 410 67 Symphonie-Ode
2904 3731 15 18 „
2931 3692 67 50 Le
3025 3693 174 50 Desert
3267 3692 87 65 (die

1822 3772 188 64 Wüste)
2043 3787 81 32 von
2444 3772 169 47 David
2646 3770 121 66 (geb.
2805 3770 187 63 1810);
3036 3772 71 47 die
3148 3777 206 60 späteren

1822 3850 556 66 Symphonie-Cantaten:
2414 3851 176 54 „Moses
2615 3850 80 47 auf
2900 3848 88 49 und

1822 3928 174 54 hallen,
2027 3927 83 48 wie
2136 3928 115 47 auch
2283 3927 122 48 seine
2437 3927 175 65 Opern,
2643 3943 85 31 nur
2757 3927 221 63 geringen
3008 3928 174 64 Erfolg.

1944 4003 123 48 War
2099 4004 69 47 bei
2193 4006 175 45 Berlioz
2397 4004 116 47 noch
2540 4003 183 64 Einiges
2753 4003 368 56 anzuerkennen,
3151 4021 48 30 so
3232 4003 125 48 führt

1827 4098 82 33 uns
1953 4082 71 48 die
2079 4083 387 64 „Symphonische
2808 4082 193 47 Liszt's
3045 4082 100 48 hart
3187 4100 56 30 an
3286 4081 69 47 die
