<?xml version="1.0" encoding="UTF-8"?>
<alto xmlns:xsi="http://www.w3.org/2001/XMLSchema-instance" xmlns="http://www.loc.gov/standards/alto/ns-v2#" xsi:schemaLocation="http://www.loc.gov/standards/alto/ns-v2# http://www.loc.gov/standards/alto/alto-v2.0.xsd" xmlns:xlink="http://www.w3.org/1999/xlink">
	<Description>
		<MeasurementUnit>mm10</MeasurementUnit>
		<sourceImageInformation>
			<fileName>//fileserver7/IN2-2/Princeton/bmtnaaz/1917/03_01/00000003.tif</fileName>
		</sourceImageInformation>
		<OCRProcessing ID="OCRPROCESSING_1">
			<preProcessingStep>
				<processingSoftware>
					<softwareCreator>CCS Content Conversion Specialists GmbH, Germany</softwareCreator>
					<softwareName>CCS docWorks</softwareName>
					<softwareVersion>6.7-1.24</softwareVersion>
				</processingSoftware>
			</preProcessingStep>
			<ocrProcessingStep>
				<processingSoftware>
					<softwareCreator>ABBYY (BIT Software), Russia</softwareCreator>
					<softwareName>FineReader</softwareName>
					<softwareVersion>10.0</softwareVersion>
				</processingSoftware>
			</ocrProcessingStep>
		</OCRProcessing>
	</Description>
	<Styles>
		<TextStyle ID="TXT_0" FONTSIZE="15" FONTFAMILY="Times New Roman"/>
		<TextStyle ID="TXT_1" FONTSIZE="14" FONTFAMILY="Times New Roman" FONTSTYLE="bold"/>
		<TextStyle ID="TXT_2" FONTSIZE="15" FONTFAMILY="Times New Roman" FONTSTYLE="italics"/>
		<TextStyle ID="TXT_3" FONTSIZE="16" FONTFAMILY="Times New Roman" FONTSTYLE="bold"/>
		<TextStyle ID="TXT_4" FONTSIZE="12" FONTFAMILY="Times New Roman" FONTSTYLE="bold"/>
		<TextStyle ID="TXT_5" FONTSIZE="21" FONTFAMILY="Unknown"/>
		<ParagraphStyle ID="PAR_BLOCK" ALIGN="Block"/>
		<ParagraphStyle ID="PAR_RIGHT" ALIGN="Right"/>
		<ParagraphStyle ID="PAR_LEFT" ALIGN="Left"/>
	</Styles>
	<Layout>
		<Page ID="P3" PHYSICAL_IMG_NR="3" HEIGHT="4003" WIDTH="2883" PC="0.881">
			<TopMargin ID="P3_TM00001" HPOS="0" VPOS="0" WIDTH="2883" HEIGHT="339"/>
			<LeftMargin ID="P3_LM00001" HPOS="0" VPOS="339" WIDTH="213" HEIGHT="3235"/>
			<RightMargin ID="P3_RM00001" HPOS="2627" VPOS="339" WIDTH="256" HEIGHT="3235"/>
			<BottomMargin ID="P3_BM00001" HPOS="0" VPOS="3574" WIDTH="2883" HEIGHT="429"/>
			<PrintSpace ID="P3_PS00001" HPOS="213" VPOS="339" WIDTH="2414" HEIGHT="3235">
				<TextBlock ID="P3_TB00001" HPOS="213" VPOS="339" WIDTH="2414" HEIGHT="1875" STYLEREFS="TXT_0 PAR_BLOCK">
					<TextLine ID="P3_TL00001" HPOS="324" VPOS="340" WIDTH="2303" HEIGHT="55">
						<String ID="P3_ST00001" HPOS="324" VPOS="342" WIDTH="137" HEIGHT="47" CONTENT="Donc," WC="0.96" CC="48873"/>
						<SP ID="P3_SP00001" HPOS="461" VPOS="389" WIDTH="37"/>
						<String ID="P3_ST00002" HPOS="498" VPOS="340" WIDTH="184" HEIGHT="42" CONTENT="résumé" WC="0.96" CC="867667"/>
						<SP ID="P3_SP00002" HPOS="682" VPOS="389" WIDTH="25"/>
						<String ID="P3_ST00003" HPOS="707" VPOS="353" WIDTH="8" HEIGHT="27" CONTENT=":" WC="0.57" CC="4"/>
						<SP ID="P3_SP00003" HPOS="715" VPOS="389" WIDTH="43"/>
						<String ID="P3_ST00004" HPOS="758" VPOS="342" WIDTH="110" HEIGHT="40" CONTENT="trois" WC="0.95" CC="68776"/>
						<SP ID="P3_SP00004" HPOS="868" VPOS="389" WIDTH="44"/>
						<String ID="P3_ST00005" HPOS="912" VPOS="341" WIDTH="275" HEIGHT="54" CONTENT="sculpteurs," WC="0.98" CC="76825737874"/>
						<SP ID="P3_SP00005" HPOS="1187" VPOS="395" WIDTH="42"/>
						<String ID="P3_ST00006" HPOS="1229" VPOS="342" WIDTH="145" HEIGHT="50" CONTENT="Rude," WC="0.97" CC="66604"/>
						<SP ID="P3_SP00006" HPOS="1374" VPOS="395" WIDTH="34"/>
						<String ID="P3_ST00007" HPOS="1408" VPOS="342" WIDTH="249" HEIGHT="53" CONTENT="Oarpeaux," WC="0.49" CC="627584064"/>
						<SP ID="P3_SP00007" HPOS="1657" VPOS="395" WIDTH="27"/>
						<String ID="P3_ST00008" HPOS="1684" VPOS="342" WIDTH="161" HEIGHT="50" CONTENT="Rodin," WC="0.50" CC="475560"/>
						<SP ID="P3_SP00008" HPOS="1845" VPOS="395" WIDTH="38"/>
						<String ID="P3_ST00009" HPOS="1883" VPOS="346" WIDTH="76" HEIGHT="37" CONTENT="ont" WC="0.96" CC="540"/>
						<SP ID="P3_SP00009" HPOS="1959" VPOS="395" WIDTH="23"/>
						<String ID="P3_ST00010" HPOS="1982" VPOS="343" WIDTH="311" HEIGHT="42" CONTENT="évidemment" WC="0.99" CC="5300666170"/>
						<SP ID="P3_SP00010" HPOS="2293" VPOS="395" WIDTH="36"/>
						<String ID="P3_ST00011" HPOS="2329" VPOS="344" WIDTH="186" HEIGHT="43" CONTENT="amorcé" WC="0.98" CC="320558"/>
						<SP ID="P3_SP00011" HPOS="2515" VPOS="395" WIDTH="22"/>
						<String ID="P3_ST00012" HPOS="2537" VPOS="357" WIDTH="90" HEIGHT="29" CONTENT="une" WC="0.94" CC="654"/>
					</TextLine>
					<TextLine ID="P3_TL00002" HPOS="213" VPOS="419" WIDTH="2400" HEIGHT="57">
						<String ID="P3_ST00013" HPOS="213" VPOS="421" WIDTH="266" HEIGHT="51" CONTENT="conception" WC="0.98" CC="7507870770"/>
						<SP ID="P3_SP00012" HPOS="479" VPOS="472" WIDTH="22"/>
						<String ID="P3_ST00014" HPOS="501" VPOS="419" WIDTH="306" HEIGHT="53" CONTENT="d'esthétique" WC="0.98" CC="027857794977"/>
						<SP ID="P3_SP00013" HPOS="807" VPOS="472" WIDTH="24"/>
						<String ID="P3_ST00015" HPOS="831" VPOS="420" WIDTH="227" HEIGHT="51" CONTENT="nouvelle," WC="0.98" CC="767605164"/>
						<SP ID="P3_SP00014" HPOS="1058" VPOS="472" WIDTH="24"/>
						<String ID="P3_ST00016" HPOS="1082" VPOS="423" WIDTH="100" HEIGHT="38" CONTENT="tant" WC="0.94" CC="7676"/>
						<SP ID="P3_SP00015" HPOS="1182" VPOS="472" WIDTH="22"/>
						<String ID="P3_ST00017" HPOS="1204" VPOS="423" WIDTH="170" HEIGHT="52" CONTENT="qu'aux" WC="0.98" CC="094004"/>
						<SP ID="P3_SP00016" HPOS="1374" VPOS="475" WIDTH="23"/>
						<String ID="P3_ST00018" HPOS="1397" VPOS="425" WIDTH="153" HEIGHT="38" CONTENT="autres" WC="0.97" CC="078757"/>
						<SP ID="P3_SP00017" HPOS="1550" VPOS="475" WIDTH="24"/>
						<String ID="P3_ST00019" HPOS="1574" VPOS="434" WIDTH="48" HEIGHT="27" CONTENT="ce" WC="0.50" CC="54"/>
						<SP ID="P3_SP00018" HPOS="1622" VPOS="475" WIDTH="42"/>
						<String ID="P3_ST00020" HPOS="1664" VPOS="434" WIDTH="53" HEIGHT="28" CONTENT="ne" WC="0.35" CC="66"/>
						<SP ID="P3_SP00019" HPOS="1717" VPOS="475" WIDTH="22"/>
						<String ID="P3_ST00021" HPOS="1739" VPOS="425" WIDTH="105" HEIGHT="37" CONTENT="sont" WC="0.96" CC="9407"/>
						<SP ID="P3_SP00020" HPOS="1844" VPOS="475" WIDTH="42"/>
						<String ID="P3_ST00022" HPOS="1886" VPOS="434" WIDTH="88" HEIGHT="40" CONTENT="que" WC="0.97" CC="006"/>
						<SP ID="P3_SP00021" HPOS="1974" VPOS="475" WIDTH="32"/>
						<String ID="P3_ST00023" HPOS="2006" VPOS="423" WIDTH="211" HEIGHT="53" CONTENT="disciples" WC="0.98" CC="057304457"/>
						<SP ID="P3_SP00022" HPOS="2217" VPOS="476" WIDTH="26"/>
						<String ID="P3_ST00024" HPOS="2243" VPOS="424" WIDTH="102" HEIGHT="52" CONTENT="plus" WC="0.97" CC="8006"/>
						<SP ID="P3_SP00023" HPOS="2345" VPOS="476" WIDTH="40"/>
						<String ID="P3_ST00025" HPOS="2385" VPOS="437" WIDTH="57" HEIGHT="28" CONTENT="ou" WC="0.78" CC="40"/>
						<SP ID="P3_SP00024" HPOS="2442" VPOS="476" WIDTH="24"/>
						<String ID="P3_ST00026" HPOS="2466" VPOS="426" WIDTH="147" HEIGHT="39" CONTENT="moins" WC="0.96" CC="54565"/>
					</TextLine>
					<TextLine ID="P3_TL00003" HPOS="216" VPOS="498" WIDTH="2405" HEIGHT="54">
						<String ID="P3_ST00027" HPOS="216" VPOS="498" WIDTH="219" HEIGHT="52" CONTENT="déguisés" WC="0.97" CC="07970987"/>
						<SP ID="P3_SP00025" HPOS="435" VPOS="550" WIDTH="20"/>
						<String ID="P3_ST00028" HPOS="455" VPOS="498" WIDTH="59" HEIGHT="41" CONTENT="du" WC="1.00" CC="00"/>
						<SP ID="P3_SP00026" HPOS="514" VPOS="550" WIDTH="21"/>
						<String ID="P3_ST00029" HPOS="535" VPOS="510" WIDTH="121" HEIGHT="42" CONTENT="grec," WC="0.96" CC="67363"/>
						<SP ID="P3_SP00027" HPOS="656" VPOS="552" WIDTH="24"/>
						<String ID="P3_ST00030" HPOS="680" VPOS="500" WIDTH="59" HEIGHT="40" CONTENT="du" WC="1.00" CC="00"/>
						<SP ID="P3_SP00028" HPOS="739" VPOS="552" WIDTH="23"/>
						<String ID="P3_ST00031" HPOS="762" VPOS="498" WIDTH="218" HEIGHT="54" CONTENT="gothique" WC="0.98" CC="97066006"/>
						<SP ID="P3_SP00029" HPOS="980" VPOS="552" WIDTH="22"/>
						<String ID="P3_ST00032" HPOS="1002" VPOS="510" WIDTH="58" HEIGHT="29" CONTENT="ou" WC="0.76" CC="40"/>
						<SP ID="P3_SP00030" HPOS="1060" VPOS="552" WIDTH="21"/>
						<String ID="P3_ST00033" HPOS="1081" VPOS="499" WIDTH="54" HEIGHT="41" CONTENT="de" WC="1.00" CC="00"/>
						<SP ID="P3_SP00031" HPOS="1135" VPOS="552" WIDTH="22"/>
						<String ID="P3_ST00034" HPOS="1157" VPOS="500" WIDTH="44" HEIGHT="40" CONTENT="la" WC="0.64" CC="51"/>
						<SP ID="P3_SP00032" HPOS="1201" VPOS="552" WIDTH="32"/>
						<String ID="P3_ST00035" HPOS="1233" VPOS="503" WIDTH="309" HEIGHT="38" CONTENT="renaissance." WC="0.99" CC="765067066463"/>
						<SP ID="P3_SP00033" HPOS="1542" VPOS="552" WIDTH="27"/>
						<String ID="P3_ST00036" HPOS="1569" VPOS="501" WIDTH="54" HEIGHT="40" CONTENT="Et" WC="0.36" CC="39"/>
						<SP ID="P3_SP00034" HPOS="1623" VPOS="552" WIDTH="28"/>
						<String ID="P3_ST00037" HPOS="1651" VPOS="500" WIDTH="307" HEIGHT="52" CONTENT="aujourd'hui," WC="0.99" CC="765279044433"/>
						<SP ID="P3_SP00035" HPOS="1958" VPOS="552" WIDTH="26"/>
						<String ID="P3_ST00038" HPOS="1984" VPOS="500" WIDTH="130" HEIGHT="52" CONTENT="après" WC="0.97" CC="70707"/>
						<SP ID="P3_SP00036" HPOS="2114" VPOS="552" WIDTH="26"/>
						<String ID="P3_ST00039" HPOS="2140" VPOS="501" WIDTH="75" HEIGHT="41" CONTENT="dix" WC="0.99" CC="030"/>
						<SP ID="P3_SP00037" HPOS="2215" VPOS="552" WIDTH="22"/>
						<String ID="P3_ST00040" HPOS="2237" VPOS="515" WIDTH="83" HEIGHT="28" CONTENT="ans" WC="0.96" CC="306"/>
						<SP ID="P3_SP00038" HPOS="2320" VPOS="552" WIDTH="23"/>
						<String ID="P3_ST00041" HPOS="2343" VPOS="502" WIDTH="54" HEIGHT="40" CONTENT="de" WC="0.72" CC="05"/>
						<SP ID="P3_SP00039" HPOS="2397" VPOS="552" WIDTH="22"/>
						<String ID="P3_ST00042" HPOS="2419" VPOS="502" WIDTH="202" HEIGHT="41" CONTENT="cubisme" WC="0.98" CC="2530903"/>
					</TextLine>
					<TextLine ID="P3_TL00004" HPOS="221" VPOS="576" WIDTH="1571" HEIGHT="55">
						<String ID="P3_ST00043" HPOS="221" VPOS="580" WIDTH="45" HEIGHT="36" CONTENT="et" WC="0.76" CC="40"/>
						<SP ID="P3_SP00040" HPOS="266" VPOS="616" WIDTH="20"/>
						<String ID="P3_ST00044" HPOS="286" VPOS="576" WIDTH="54" HEIGHT="41" CONTENT="de" WC="0.68" CC="06"/>
						<SP ID="P3_SP00041" HPOS="340" VPOS="617" WIDTH="20"/>
						<String ID="P3_ST00045" HPOS="360" VPOS="576" WIDTH="258" HEIGHT="51" CONTENT="futurisme," WC="0.98" CC="0653629613"/>
						<SP ID="P3_SP00042" HPOS="618" VPOS="627" WIDTH="25"/>
						<String ID="P3_ST00046" HPOS="643" VPOS="588" WIDTH="125" HEIGHT="31" CONTENT="nous" WC="0.95" CC="5487"/>
						<SP ID="P3_SP00043" HPOS="768" VPOS="627" WIDTH="26"/>
						<String ID="P3_ST00047" HPOS="794" VPOS="589" WIDTH="56" HEIGHT="29" CONTENT="en" WC="0.41" CC="47"/>
						<SP ID="P3_SP00044" HPOS="850" VPOS="627" WIDTH="20"/>
						<String ID="P3_ST00048" HPOS="870" VPOS="589" WIDTH="201" HEIGHT="29" CONTENT="sommes" WC="0.97" CC="758007"/>
						<SP ID="P3_SP00045" HPOS="1071" VPOS="627" WIDTH="15"/>
						<String ID="P3_ST00049" HPOS="1086" VPOS="577" WIDTH="26" HEIGHT="41" CONTENT="à" WC="0.77" CC="2"/>
						<SP ID="P3_SP00046" HPOS="1112" VPOS="627" WIDTH="23"/>
						<String ID="P3_ST00050" HPOS="1135" VPOS="590" WIDTH="88" HEIGHT="41" CONTENT="peu" WC="0.95" CC="840"/>
						<SP ID="P3_SP00047" HPOS="1223" VPOS="631" WIDTH="30"/>
						<String ID="P3_ST00051" HPOS="1253" VPOS="578" WIDTH="103" HEIGHT="53" CONTENT="près" WC="0.95" CC="4727"/>
						<SP ID="P3_SP00048" HPOS="1356" VPOS="631" WIDTH="34"/>
						<String ID="P3_ST00052" HPOS="1390" VPOS="591" WIDTH="58" HEIGHT="27" CONTENT="au" WC="1.00" CC="00"/>
						<SP ID="P3_SP00049" HPOS="1448" VPOS="631" WIDTH="24"/>
						<String ID="P3_ST00053" HPOS="1472" VPOS="579" WIDTH="150" HEIGHT="39" CONTENT="même" WC="0.99" CC="0500"/>
						<SP ID="P3_SP00050" HPOS="1622" VPOS="631" WIDTH="33"/>
						<String ID="P3_ST00054" HPOS="1655" VPOS="580" WIDTH="137" HEIGHT="50" CONTENT="point." WC="0.97" CC="960644"/>
					</TextLine>
					<TextLine ID="P3_TL00005" HPOS="333" VPOS="654" WIDTH="2274" HEIGHT="46">
						<String ID="P3_ST00055" HPOS="333" VPOS="655" WIDTH="235" HEIGHT="42" CONTENT="Toutefois" WC="0.99" CC="366700007"/>
						<SP ID="P3_SP00051" HPOS="568" VPOS="697" WIDTH="21"/>
						<String ID="P3_ST00056" HPOS="589" VPOS="654" WIDTH="78" HEIGHT="42" CONTENT="des" WC="0.96" CC="047"/>
						<SP ID="P3_SP00052" HPOS="667" VPOS="697" WIDTH="27"/>
						<String ID="P3_ST00057" HPOS="694" VPOS="658" WIDTH="242" HEIGHT="39" CONTENT="tentatives" WC="0.98" CC="7436873007"/>
						<SP ID="P3_SP00053" HPOS="936" VPOS="697" WIDTH="24"/>
						<String ID="P3_ST00058" HPOS="960" VPOS="656" WIDTH="327" HEIGHT="42" CONTENT="intéressantes" WC="0.99" CC="0307807700067"/>
						<SP ID="P3_SP00054" HPOS="1287" VPOS="698" WIDTH="18"/>
						<String ID="P3_ST00059" HPOS="1305" VPOS="660" WIDTH="77" HEIGHT="38" CONTENT="ont" WC="0.92" CC="678"/>
						<SP ID="P3_SP00055" HPOS="1382" VPOS="698" WIDTH="17"/>
						<String ID="P3_ST00060" HPOS="1399" VPOS="656" WIDTH="71" HEIGHT="42" CONTENT="été" WC="0.95" CC="507"/>
						<SP ID="P3_SP00056" HPOS="1470" VPOS="698" WIDTH="23"/>
						<String ID="P3_ST00061" HPOS="1493" VPOS="657" WIDTH="127" HEIGHT="40" CONTENT="faites" WC="0.98" CC="051607"/>
						<SP ID="P3_SP00057" HPOS="1620" VPOS="698" WIDTH="19"/>
						<String ID="P3_ST00062" HPOS="1639" VPOS="662" WIDTH="44" HEIGHT="34" CONTENT="et" WC="0.30" CC="67"/>
						<SP ID="P3_SP00058" HPOS="1683" VPOS="698" WIDTH="20"/>
						<String ID="P3_ST00063" HPOS="1703" VPOS="658" WIDTH="98" HEIGHT="40" CONTENT="cela" WC="0.96" CC="6940"/>
						<SP ID="P3_SP00059" HPOS="1801" VPOS="698" WIDTH="19"/>
						<String ID="P3_ST00064" HPOS="1820" VPOS="661" WIDTH="69" HEIGHT="37" CONTENT="est" WC="0.92" CC="579"/>
						<SP ID="P3_SP00060" HPOS="1889" VPOS="698" WIDTH="21"/>
						<String ID="P3_ST00065" HPOS="1910" VPOS="657" WIDTH="89" HEIGHT="42" CONTENT="très" WC="0.95" CC="7760"/>
						<SP ID="P3_SP00061" HPOS="1999" VPOS="699" WIDTH="19"/>
						<String ID="P3_ST00066" HPOS="2018" VPOS="660" WIDTH="246" HEIGHT="40" CONTENT="consolant." WC="0.99" CC="7500533903"/>
						<SP ID="P3_SP00062" HPOS="2264" VPOS="700" WIDTH="25"/>
						<String ID="P3_ST00067" HPOS="2289" VPOS="661" WIDTH="116" HEIGHT="39" CONTENT="Tout" WC="0.96" CC="5454"/>
						<SP ID="P3_SP00063" HPOS="2405" VPOS="700" WIDTH="14"/>
						<String ID="P3_ST00068" HPOS="2419" VPOS="659" WIDTH="188" HEIGHT="41" CONTENT="d'abord" WC="0.99" CC="0220570"/>
					</TextLine>
					<TextLine ID="P3_TL00006" HPOS="218" VPOS="734" WIDTH="2406" HEIGHT="56">
						<String ID="P3_ST00069" HPOS="218" VPOS="747" WIDTH="113" HEIGHT="31" CONTENT="nous" WC="0.94" CC="5787"/>
						<SP ID="P3_SP00064" HPOS="331" VPOS="778" WIDTH="28"/>
						<String ID="P3_ST00070" HPOS="359" VPOS="734" WIDTH="171" HEIGHT="42" CONTENT="devons" WC="0.98" CC="050470"/>
						<SP ID="P3_SP00065" HPOS="530" VPOS="778" WIDTH="24"/>
						<String ID="P3_ST00071" HPOS="554" VPOS="736" WIDTH="116" HEIGHT="39" CONTENT="citer" WC="0.97" CC="70907"/>
						<SP ID="P3_SP00066" HPOS="670" VPOS="778" WIDTH="30"/>
						<String ID="P3_ST00072" HPOS="700" VPOS="747" WIDTH="54" HEIGHT="28" CONTENT="en" WC="0.17" CC="69"/>
						<SP ID="P3_SP00067" HPOS="754" VPOS="778" WIDTH="25"/>
						<String ID="P3_ST00073" HPOS="779" VPOS="734" WIDTH="223" HEIGHT="54" CONTENT="première" WC="0.98" CC="57097472"/>
						<SP ID="P3_SP00068" HPOS="1002" VPOS="788" WIDTH="23"/>
						<String ID="P3_ST00074" HPOS="1025" VPOS="736" WIDTH="129" HEIGHT="52" CONTENT="place" WC="0.97" CC="23376"/>
						<SP ID="P3_SP00069" HPOS="1154" VPOS="788" WIDTH="33"/>
						<String ID="P3_ST00075" HPOS="1187" VPOS="736" WIDTH="41" HEIGHT="40" CONTENT="le" WC="0.32" CC="49"/>
						<SP ID="P3_SP00070" HPOS="1228" VPOS="788" WIDTH="23"/>
						<String ID="P3_ST00076" HPOS="1251" VPOS="736" WIDTH="440" HEIGHT="53" CONTENT="peintre-sculpteur" WC="0.99" CC="67305844756074640"/>
						<SP ID="P3_SP00071" HPOS="1691" VPOS="789" WIDTH="21"/>
						<String ID="P3_ST00077" HPOS="1712" VPOS="738" WIDTH="159" HEIGHT="39" CONTENT="italien" WC="0.99" CC="0620037"/>
						<SP ID="P3_SP00072" HPOS="1871" VPOS="789" WIDTH="33"/>
						<String ID="P3_ST00078" HPOS="1904" VPOS="738" WIDTH="231" HEIGHT="49" CONTENT="Boccioni," WC="0.62" CC="675405004"/>
						<SP ID="P3_SP00073" HPOS="2135" VPOS="789" WIDTH="24"/>
						<String ID="P3_ST00079" HPOS="2159" VPOS="738" WIDTH="75" HEIGHT="40" CONTENT="tué" WC="0.97" CC="053"/>
						<SP ID="P3_SP00074" HPOS="2234" VPOS="789" WIDTH="22"/>
						<String ID="P3_ST00080" HPOS="2256" VPOS="752" WIDTH="55" HEIGHT="26" CONTENT="en" WC="1.00" CC="00"/>
						<SP ID="P3_SP00075" HPOS="2311" VPOS="789" WIDTH="36"/>
						<String ID="P3_ST00081" HPOS="2347" VPOS="738" WIDTH="149" HEIGHT="52" CONTENT="pleine" WC="0.98" CC="305078"/>
						<SP ID="P3_SP00076" HPOS="2496" VPOS="790" WIDTH="22"/>
						<String ID="P3_ST00082" HPOS="2518" VPOS="741" WIDTH="80" HEIGHT="49" CONTENT="jeu" SUBS_TYPE="HypPart1" SUBS_CONTENT="jeunesse," WC="0.96" CC="336"/>
						<HYP HPOS="2598" VPOS="741" WIDTH="26" CONTENT="-"/>
					</TextLine>
					<TextLine ID="P3_TL00007" HPOS="220" VPOS="814" WIDTH="2402" HEIGHT="55">
						<String ID="P3_ST00083" HPOS="220" VPOS="826" WIDTH="149" HEIGHT="39" CONTENT="nesse," SUBS_TYPE="HypPart2" SUBS_CONTENT="jeunesse," WC="0.97" CC="117764"/>
						<SP ID="P3_SP00077" HPOS="369" VPOS="865" WIDTH="38"/>
						<String ID="P3_ST00084" HPOS="407" VPOS="816" WIDTH="114" HEIGHT="39" CONTENT="mais" WC="0.98" CC="0007"/>
						<SP ID="P3_SP00078" HPOS="521" VPOS="865" WIDTH="24"/>
						<String ID="P3_ST00085" HPOS="545" VPOS="816" WIDTH="76" HEIGHT="51" CONTENT="qui" WC="0.91" CC="597"/>
						<SP ID="P3_SP00079" HPOS="621" VPOS="867" WIDTH="23"/>
						<String ID="P3_ST00086" HPOS="644" VPOS="816" WIDTH="122" HEIGHT="39" CONTENT="avait" WC="0.96" CC="14956"/>
						<SP ID="P3_SP00080" HPOS="766" VPOS="867" WIDTH="30"/>
						<String ID="P3_ST00087" HPOS="796" VPOS="814" WIDTH="103" HEIGHT="52" CONTENT="déjà" WC="0.96" CC="8506"/>
						<SP ID="P3_SP00081" HPOS="899" VPOS="867" WIDTH="20"/>
						<String ID="P3_ST00088" HPOS="919" VPOS="816" WIDTH="240" HEIGHT="52" CONTENT="beaucoup" WC="0.98" CC="41776760"/>
						<SP ID="P3_SP00082" HPOS="1159" VPOS="868" WIDTH="21"/>
						<String ID="P3_ST00089" HPOS="1180" VPOS="815" WIDTH="207" HEIGHT="40" CONTENT="travaillé" WC="0.98" CC="557677217"/>
						<SP ID="P3_SP00083" HPOS="1387" VPOS="868" WIDTH="26"/>
						<String ID="P3_ST00090" HPOS="1413" VPOS="818" WIDTH="43" HEIGHT="37" CONTENT="et" WC="0.49" CC="36"/>
						<SP ID="P3_SP00084" HPOS="1456" VPOS="868" WIDTH="19"/>
						<String ID="P3_ST00091" HPOS="1475" VPOS="818" WIDTH="76" HEIGHT="50" CONTENT="qui" WC="0.97" CC="080"/>
						<SP ID="P3_SP00085" HPOS="1551" VPOS="868" WIDTH="23"/>
						<String ID="P3_ST00092" HPOS="1574" VPOS="818" WIDTH="67" HEIGHT="38" CONTENT="est" WC="0.91" CC="779"/>
						<SP ID="P3_SP00086" HPOS="1641" VPOS="868" WIDTH="29"/>
						<String ID="P3_ST00093" HPOS="1670" VPOS="817" WIDTH="222" HEIGHT="50" CONTENT="peut-être" WC="0.97" CC="786545975"/>
						<SP ID="P3_SP00087" HPOS="1892" VPOS="868" WIDTH="32"/>
						<String ID="P3_ST00094" HPOS="1924" VPOS="816" WIDTH="121" HEIGHT="40" CONTENT="celui" WC="0.98" CC="48200"/>
						<SP ID="P3_SP00088" HPOS="2045" VPOS="868" WIDTH="32"/>
						<String ID="P3_ST00095" HPOS="2077" VPOS="819" WIDTH="80" HEIGHT="50" CONTENT="qui" WC="1.00" CC="000"/>
						<SP ID="P3_SP00089" HPOS="2157" VPOS="869" WIDTH="30"/>
						<String ID="P3_ST00096" HPOS="2187" VPOS="830" WIDTH="25" HEIGHT="27" CONTENT="a" WC="0.33" CC="6"/>
						<SP ID="P3_SP00090" HPOS="2212" VPOS="869" WIDTH="32"/>
						<String ID="P3_ST00097" HPOS="2244" VPOS="817" WIDTH="166" HEIGHT="52" CONTENT="poussé" WC="0.98" CC="630960"/>
						<SP ID="P3_SP00091" HPOS="2410" VPOS="869" WIDTH="33"/>
						<String ID="P3_ST00098" HPOS="2443" VPOS="818" WIDTH="40" HEIGHT="40" CONTENT="le" WC="0.62" CC="52"/>
						<SP ID="P3_SP00092" HPOS="2483" VPOS="869" WIDTH="35"/>
						<String ID="P3_ST00099" HPOS="2518" VPOS="818" WIDTH="104" HEIGHT="51" CONTENT="plus" WC="0.98" CC="5005"/>
					</TextLine>
					<TextLine ID="P3_TL00008" HPOS="214" VPOS="893" WIDTH="2396" HEIGHT="56">
						<String ID="P3_ST00100" HPOS="214" VPOS="895" WIDTH="92" HEIGHT="39" CONTENT="loin" WC="0.96" CC="0747"/>
						<SP ID="P3_SP00093" HPOS="306" VPOS="934" WIDTH="24"/>
						<String ID="P3_ST00101" HPOS="330" VPOS="893" WIDTH="65" HEIGHT="41" CONTENT="les" WC="0.95" CC="570"/>
						<SP ID="P3_SP00094" HPOS="395" VPOS="934" WIDTH="23"/>
						<String ID="P3_ST00102" HPOS="418" VPOS="893" WIDTH="270" HEIGHT="40" CONTENT="recherches" WC="0.98" CC="9065667590"/>
						<SP ID="P3_SP00095" HPOS="688" VPOS="934" WIDTH="24"/>
						<String ID="P3_ST00103" HPOS="712" VPOS="905" WIDTH="112" HEIGHT="40" CONTENT="pour" WC="0.94" CC="3789"/>
						<SP ID="P3_SP00096" HPOS="824" VPOS="945" WIDTH="20"/>
						<String ID="P3_ST00104" HPOS="844" VPOS="905" WIDTH="87" HEIGHT="29" CONTENT="une" WC="0.93" CC="970"/>
						<SP ID="P3_SP00097" HPOS="931" VPOS="945" WIDTH="25"/>
						<String ID="P3_ST00105" HPOS="956" VPOS="895" WIDTH="211" HEIGHT="40" CONTENT="nouvelle" WC="0.98" CC="79790335"/>
						<SP ID="P3_SP00098" HPOS="1167" VPOS="945" WIDTH="24"/>
						<String ID="P3_ST00106" HPOS="1191" VPOS="896" WIDTH="267" HEIGHT="51" CONTENT="conception" WC="0.98" CC="5077099470"/>
						<SP ID="P3_SP00099" HPOS="1458" VPOS="947" WIDTH="19"/>
						<String ID="P3_ST00107" HPOS="1477" VPOS="895" WIDTH="248" HEIGHT="53" CONTENT="plastique," WC="0.98" CC="6077700584"/>
						<SP ID="P3_SP00100" HPOS="1725" VPOS="948" WIDTH="29"/>
						<String ID="P3_ST00108" HPOS="1754" VPOS="899" WIDTH="41" HEIGHT="36" CONTENT="et" WC="0.70" CC="05"/>
						<SP ID="P3_SP00101" HPOS="1795" VPOS="948" WIDTH="22"/>
						<String ID="P3_ST00109" HPOS="1817" VPOS="908" WIDTH="114" HEIGHT="28" CONTENT="nous" WC="0.95" CC="7709"/>
						<SP ID="P3_SP00102" HPOS="1931" VPOS="948" WIDTH="28"/>
						<String ID="P3_ST00110" HPOS="1959" VPOS="908" WIDTH="195" HEIGHT="39" CONTENT="pensons" WC="0.97" CC="4067367"/>
						<SP ID="P3_SP00103" HPOS="2154" VPOS="948" WIDTH="33"/>
						<String ID="P3_ST00111" HPOS="2187" VPOS="908" WIDTH="89" HEIGHT="41" CONTENT="que" WC="0.94" CC="663"/>
						<SP ID="P3_SP00104" HPOS="2276" VPOS="949" WIDTH="23"/>
						<String ID="P3_ST00112" HPOS="2299" VPOS="898" WIDTH="220" HEIGHT="51" CONTENT="peut-être" WC="0.98" CC="030145776"/>
						<SP ID="P3_SP00105" HPOS="2519" VPOS="949" WIDTH="28"/>
						<String ID="P3_ST00113" HPOS="2547" VPOS="898" WIDTH="63" HEIGHT="40" CONTENT="les" WC="0.96" CC="046"/>
					</TextLine>
					<TextLine ID="P3_TL00009" HPOS="214" VPOS="972" WIDTH="2182" HEIGHT="54">
						<String ID="P3_ST00114" HPOS="214" VPOS="973" WIDTH="263" HEIGHT="53" CONTENT="sculpteurs" WC="0.98" CC="3785599078"/>
						<SP ID="P3_SP00106" HPOS="477" VPOS="1026" WIDTH="33"/>
						<String ID="P3_ST00115" HPOS="510" VPOS="972" WIDTH="172" HEIGHT="41" CONTENT="actuels" WC="0.97" CC="6508747"/>
						<SP ID="P3_SP00107" HPOS="682" VPOS="1026" WIDTH="24"/>
						<String ID="P3_ST00116" HPOS="706" VPOS="974" WIDTH="209" HEIGHT="38" CONTENT="auraient" WC="0.98" CC="40991867"/>
						<SP ID="P3_SP00108" HPOS="915" VPOS="1026" WIDTH="21"/>
						<String ID="P3_ST00117" HPOS="936" VPOS="973" WIDTH="145" HEIGHT="52" CONTENT="grand" WC="0.97" CC="99100"/>
						<SP ID="P3_SP00109" HPOS="1081" VPOS="1026" WIDTH="23"/>
						<String ID="P3_ST00118" HPOS="1104" VPOS="975" WIDTH="163" HEIGHT="38" CONTENT="intérêt" WC="0.96" CC="0997969"/>
						<SP ID="P3_SP00110" HPOS="1267" VPOS="1026" WIDTH="22"/>
						<String ID="P3_ST00119" HPOS="1289" VPOS="974" WIDTH="26" HEIGHT="39" CONTENT="à" WC="0.38" CC="6"/>
						<SP ID="P3_SP00111" HPOS="1315" VPOS="1026" WIDTH="24"/>
						<String ID="P3_ST00120" HPOS="1339" VPOS="974" WIDTH="238" HEIGHT="40" CONTENT="connaître" WC="0.99" CC="660002676"/>
						<SP ID="P3_SP00112" HPOS="1577" VPOS="1026" WIDTH="15"/>
						<String ID="P3_ST00121" HPOS="1592" VPOS="976" WIDTH="153" HEIGHT="38" CONTENT="mieux" WC="0.96" CC="57465"/>
						<SP ID="P3_SP00113" HPOS="1745" VPOS="1026" WIDTH="33"/>
						<String ID="P3_ST00122" HPOS="1778" VPOS="974" WIDTH="66" HEIGHT="41" CONTENT="les" WC="0.96" CC="046"/>
						<SP ID="P3_SP00114" HPOS="1844" VPOS="1026" WIDTH="31"/>
						<String ID="P3_ST00123" HPOS="1875" VPOS="978" WIDTH="197" HEIGHT="38" CONTENT="travaux" WC="0.98" CC="0705521"/>
						<SP ID="P3_SP00115" HPOS="2072" VPOS="1026" WIDTH="17"/>
						<String ID="P3_ST00124" HPOS="2089" VPOS="975" WIDTH="56" HEIGHT="41" CONTENT="de" WC="0.86" CC="02"/>
						<SP ID="P3_SP00116" HPOS="2145" VPOS="1026" WIDTH="21"/>
						<String ID="P3_ST00125" HPOS="2166" VPOS="976" WIDTH="230" HEIGHT="40" CONTENT="Boccioni." WC="0.60" CC="315563604"/>
					</TextLine>
					<TextLine ID="P3_TL00010" HPOS="331" VPOS="1051" WIDTH="2288" HEIGHT="55">
						<String ID="P3_ST00126" HPOS="331" VPOS="1052" WIDTH="114" HEIGHT="41" CONTENT="Mais" WC="0.98" CC="0307"/>
						<SP ID="P3_SP00117" HPOS="445" VPOS="1093" WIDTH="42"/>
						<String ID="P3_ST00127" HPOS="487" VPOS="1051" WIDTH="110" HEIGHT="41" CONTENT="c'est" WC="0.97" CC="64260"/>
						<SP ID="P3_SP00118" HPOS="597" VPOS="1093" WIDTH="38"/>
						<String ID="P3_ST00128" HPOS="635" VPOS="1062" WIDTH="79" HEIGHT="29" CONTENT="sur" WC="0.93" CC="766"/>
						<SP ID="P3_SP00119" HPOS="714" VPOS="1093" WIDTH="29"/>
						<String ID="P3_ST00129" HPOS="743" VPOS="1051" WIDTH="70" HEIGHT="40" CONTENT="les" WC="0.97" CC="206"/>
						<SP ID="P3_SP00120" HPOS="813" VPOS="1093" WIDTH="34"/>
						<String ID="P3_ST00130" HPOS="847" VPOS="1053" WIDTH="185" HEIGHT="38" CONTENT="vivants" WC="0.98" CC="0000889"/>
						<SP ID="P3_SP00121" HPOS="1032" VPOS="1093" WIDTH="37"/>
						<String ID="P3_ST00131" HPOS="1069" VPOS="1064" WIDTH="89" HEIGHT="39" CONTENT="que" WC="0.98" CC="040"/>
						<SP ID="P3_SP00122" HPOS="1158" VPOS="1103" WIDTH="45"/>
						<String ID="P3_ST00132" HPOS="1203" VPOS="1063" WIDTH="114" HEIGHT="29" CONTENT="nous" WC="0.97" CC="7050"/>
						<SP ID="P3_SP00123" HPOS="1317" VPOS="1103" WIDTH="33"/>
						<String ID="P3_ST00133" HPOS="1350" VPOS="1053" WIDTH="171" HEIGHT="40" CONTENT="devons" WC="0.98" CC="041156"/>
						<SP ID="P3_SP00124" HPOS="1521" VPOS="1103" WIDTH="35"/>
						<String ID="P3_ST00134" HPOS="1556" VPOS="1055" WIDTH="216" HEIGHT="48" CONTENT="compter." WC="0.98" CC="35490454"/>
						<SP ID="P3_SP00125" HPOS="1772" VPOS="1103" WIDTH="38"/>
						<String ID="P3_ST00135" HPOS="1810" VPOS="1053" WIDTH="59" HEIGHT="40" CONTENT="Ils" WC="0.97" CC="006"/>
						<SP ID="P3_SP00126" HPOS="1869" VPOS="1103" WIDTH="44"/>
						<String ID="P3_ST00136" HPOS="1913" VPOS="1056" WIDTH="102" HEIGHT="38" CONTENT="sont" WC="0.96" CC="9501"/>
						<SP ID="P3_SP00127" HPOS="2015" VPOS="1103" WIDTH="39"/>
						<String ID="P3_ST00137" HPOS="2054" VPOS="1066" WIDTH="86" HEIGHT="40" CONTENT="peu" WC="0.95" CC="506"/>
						<SP ID="P3_SP00128" HPOS="2140" VPOS="1106" WIDTH="42"/>
						<String ID="P3_ST00138" HPOS="2182" VPOS="1054" WIDTH="268" HEIGHT="49" CONTENT="nombreux," WC="0.98" CC="640075274"/>
						<SP ID="P3_SP00129" HPOS="2450" VPOS="1106" WIDTH="45"/>
						<String ID="P3_ST00139" HPOS="2495" VPOS="1055" WIDTH="124" HEIGHT="41" CONTENT="leurs" WC="0.97" CC="48640"/>
					</TextLine>
					<TextLine ID="P3_TL00011" HPOS="221" VPOS="1128" WIDTH="2397" HEIGHT="56">
						<String ID="P3_ST00140" HPOS="221" VPOS="1131" WIDTH="274" HEIGHT="42" CONTENT="recherches" WC="0.98" CC="6606666746"/>
						<SP ID="P3_SP00130" HPOS="495" VPOS="1173" WIDTH="22"/>
						<String ID="P3_ST00141" HPOS="517" VPOS="1133" WIDTH="101" HEIGHT="38" CONTENT="sont" WC="0.97" CC="7203"/>
						<SP ID="P3_SP00131" HPOS="618" VPOS="1173" WIDTH="36"/>
						<String ID="P3_ST00142" HPOS="654" VPOS="1128" WIDTH="159" HEIGHT="43" CONTENT="basées" WC="0.98" CC="707207"/>
						<SP ID="P3_SP00132" HPOS="813" VPOS="1173" WIDTH="39"/>
						<String ID="P3_ST00143" HPOS="852" VPOS="1141" WIDTH="81" HEIGHT="29" CONTENT="sur" WC="0.93" CC="945"/>
						<SP ID="P3_SP00133" HPOS="933" VPOS="1173" WIDTH="26"/>
						<String ID="P3_ST00144" HPOS="959" VPOS="1130" WIDTH="44" HEIGHT="39" CONTENT="la" WC="0.79" CC="40"/>
						<SP ID="P3_SP00134" HPOS="1003" VPOS="1173" WIDTH="33"/>
						<String ID="P3_ST00145" HPOS="1036" VPOS="1129" WIDTH="307" HEIGHT="42" CONTENT="déformation" WC="0.99" CC="07068030025"/>
						<SP ID="P3_SP00135" HPOS="1343" VPOS="1173" WIDTH="32"/>
						<String ID="P3_ST00146" HPOS="1375" VPOS="1134" WIDTH="42" HEIGHT="37" CONTENT="et" WC="0.29" CC="49"/>
						<SP ID="P3_SP00136" HPOS="1417" VPOS="1173" WIDTH="35"/>
						<String ID="P3_ST00147" HPOS="1452" VPOS="1142" WIDTH="80" HEIGHT="29" CONTENT="sur" WC="0.94" CC="736"/>
						<SP ID="P3_SP00137" HPOS="1532" VPOS="1173" WIDTH="31"/>
						<String ID="P3_ST00148" HPOS="1563" VPOS="1143" WIDTH="49" HEIGHT="28" CONTENT="ce" WC="0.48" CC="45"/>
						<SP ID="P3_SP00138" HPOS="1612" VPOS="1173" WIDTH="43"/>
						<String ID="P3_ST00149" HPOS="1655" VPOS="1143" WIDTH="86" HEIGHT="40" CONTENT="que" WC="0.97" CC="062"/>
						<SP ID="P3_SP00139" HPOS="1741" VPOS="1183" WIDTH="29"/>
						<String ID="P3_ST00150" HPOS="1770" VPOS="1131" WIDTH="283" HEIGHT="52" CONTENT="j'appellerai" WC="0.99" CC="143075436650"/>
						<SP ID="P3_SP00140" HPOS="2053" VPOS="1183" WIDTH="30"/>
						<String ID="P3_ST00151" HPOS="2083" VPOS="1132" WIDTH="43" HEIGHT="39" CONTENT="la" WC="0.94" CC="10"/>
						<SP ID="P3_SP00141" HPOS="2126" VPOS="1183" WIDTH="46"/>
						<String ID="P3_ST00152" HPOS="2172" VPOS="1131" WIDTH="215" HEIGHT="53" CONTENT="synthèse" WC="0.98" CC="50694374"/>
						<SP ID="P3_SP00142" HPOS="2387" VPOS="1184" WIDTH="37"/>
						<String ID="P3_ST00153" HPOS="2424" VPOS="1133" WIDTH="194" HEIGHT="50" CONTENT="directe," WC="0.99" CC="00760603"/>
					</TextLine>
					<TextLine ID="P3_TL00012" HPOS="219" VPOS="1208" WIDTH="2401" HEIGHT="54">
						<String ID="P3_ST00154" HPOS="219" VPOS="1210" WIDTH="258" HEIGHT="52" CONTENT="esthétique" WC="0.99" CC="5740270456"/>
						<SP ID="P3_SP00143" HPOS="477" VPOS="1262" WIDTH="21"/>
						<String ID="P3_ST00155" HPOS="498" VPOS="1209" WIDTH="25" HEIGHT="39" CONTENT="à" WC="0.62" CC="3"/>
						<SP ID="P3_SP00144" HPOS="523" VPOS="1262" WIDTH="40"/>
						<String ID="P3_ST00156" HPOS="563" VPOS="1208" WIDTH="201" HEIGHT="54" CONTENT="laquelle" WC="0.98" CC="06090444"/>
						<SP ID="P3_SP00145" HPOS="764" VPOS="1262" WIDTH="40"/>
						<String ID="P3_ST00157" HPOS="804" VPOS="1210" WIDTH="362" HEIGHT="51" CONTENT="appartiennent" WC="0.99" CC="4850965436005"/>
						<SP ID="P3_SP00146" HPOS="1166" VPOS="1262" WIDTH="30"/>
						<String ID="P3_ST00158" HPOS="1196" VPOS="1212" WIDTH="246" HEIGHT="37" CONTENT="nettement" WC="0.98" CC="550846602"/>
						<SP ID="P3_SP00147" HPOS="1442" VPOS="1262" WIDTH="33"/>
						<String ID="P3_ST00159" HPOS="1475" VPOS="1209" WIDTH="67" HEIGHT="40" CONTENT="les" WC="0.95" CC="067"/>
						<SP ID="P3_SP00148" HPOS="1542" VPOS="1262" WIDTH="31"/>
						<String ID="P3_ST00160" HPOS="1573" VPOS="1209" WIDTH="146" HEIGHT="40" CONTENT="beaux" WC="0.98" CC="42440"/>
						<SP ID="P3_SP00149" HPOS="1719" VPOS="1262" WIDTH="30"/>
						<String ID="P3_ST00161" HPOS="1749" VPOS="1210" WIDTH="97" HEIGHT="39" CONTENT="bois" WC="0.96" CC="5506"/>
						<SP ID="P3_SP00150" HPOS="1846" VPOS="1262" WIDTH="38"/>
						<String ID="P3_ST00162" HPOS="1884" VPOS="1212" WIDTH="78" HEIGHT="50" CONTENT="qui" WC="0.97" CC="070"/>
						<SP ID="P3_SP00151" HPOS="1962" VPOS="1262" WIDTH="36"/>
						<String ID="P3_ST00163" HPOS="1998" VPOS="1223" WIDTH="112" HEIGHT="28" CONTENT="vous" WC="0.97" CC="2406"/>
						<SP ID="P3_SP00152" HPOS="2110" VPOS="1262" WIDTH="41"/>
						<String ID="P3_ST00164" HPOS="2151" VPOS="1215" WIDTH="262" HEIGHT="45" CONTENT="entourent," WC="0.99" CC="0066054864"/>
						<SP ID="P3_SP00153" HPOS="2413" VPOS="1262" WIDTH="22"/>
						<String ID="P3_ST00165" HPOS="2435" VPOS="1215" WIDTH="43" HEIGHT="36" CONTENT="et" WC="0.61" CC="07"/>
						<SP ID="P3_SP00154" HPOS="2478" VPOS="1262" WIDTH="31"/>
						<String ID="P3_ST00166" HPOS="2509" VPOS="1213" WIDTH="111" HEIGHT="41" CONTENT="c'est" WC="0.98" CC="43050"/>
					</TextLine>
					<TextLine ID="P3_TL00013" HPOS="226" VPOS="1287" WIDTH="2391" HEIGHT="55">
						<String ID="P3_ST00167" HPOS="226" VPOS="1291" WIDTH="44" HEIGHT="40" CONTENT="là" WC="0.77" CC="04"/>
						<SP ID="P3_SP00155" HPOS="270" VPOS="1331" WIDTH="20"/>
						<String ID="P3_ST00168" HPOS="290" VPOS="1302" WIDTH="62" HEIGHT="28" CONTENT="un" WC="0.73" CC="05"/>
						<SP ID="P3_SP00156" HPOS="352" VPOS="1331" WIDTH="22"/>
						<String ID="P3_ST00169" HPOS="374" VPOS="1288" WIDTH="94" HEIGHT="42" CONTENT="très" WC="0.96" CC="5507"/>
						<SP ID="P3_SP00157" HPOS="468" VPOS="1331" WIDTH="29"/>
						<String ID="P3_ST00170" HPOS="497" VPOS="1288" WIDTH="147" HEIGHT="54" CONTENT="grand" WC="0.99" CC="06300"/>
						<SP ID="P3_SP00158" HPOS="644" VPOS="1342" WIDTH="37"/>
						<String ID="P3_ST00171" HPOS="681" VPOS="1300" WIDTH="79" HEIGHT="42" CONTENT="pas" WC="0.94" CC="609"/>
						<SP ID="P3_SP00159" HPOS="760" VPOS="1342" WIDTH="28"/>
						<String ID="P3_ST00172" HPOS="788" VPOS="1288" WIDTH="55" HEIGHT="40" CONTENT="de" WC="0.83" CC="03"/>
						<SP ID="P3_SP00160" HPOS="843" VPOS="1342" WIDTH="39"/>
						<String ID="P3_ST00173" HPOS="882" VPOS="1288" WIDTH="82" HEIGHT="40" CONTENT="fait" WC="0.97" CC="4405"/>
						<SP ID="P3_SP00161" HPOS="964" VPOS="1342" WIDTH="26"/>
						<String ID="P3_ST00174" HPOS="990" VPOS="1300" WIDTH="76" HEIGHT="28" CONTENT="car" WC="0.96" CC="540"/>
						<SP ID="P3_SP00162" HPOS="1066" VPOS="1342" WIDTH="21"/>
						<String ID="P3_ST00175" HPOS="1087" VPOS="1287" WIDTH="109" HEIGHT="41" CONTENT="c'est" WC="0.96" CC="33478"/>
						<SP ID="P3_SP00163" HPOS="1196" VPOS="1342" WIDTH="29"/>
						<String ID="P3_ST00176" HPOS="1225" VPOS="1287" WIDTH="120" HEIGHT="41" CONTENT="enfin" WC="0.97" CC="05860"/>
						<SP ID="P3_SP00164" HPOS="1345" VPOS="1342" WIDTH="43"/>
						<String ID="P3_ST00177" HPOS="1388" VPOS="1300" WIDTH="53" HEIGHT="28" CONTENT="ne" WC="0.49" CC="63"/>
						<SP ID="P3_SP00165" HPOS="1441" VPOS="1342" WIDTH="31"/>
						<String ID="P3_ST00178" HPOS="1472" VPOS="1288" WIDTH="102" HEIGHT="52" CONTENT="plus" WC="0.96" CC="5064"/>
						<SP ID="P3_SP00166" HPOS="1574" VPOS="1342" WIDTH="38"/>
						<String ID="P3_ST00179" HPOS="1612" VPOS="1289" WIDTH="96" HEIGHT="39" CONTENT="être" WC="0.95" CC="7354"/>
						<SP ID="P3_SP00167" HPOS="1708" VPOS="1342" WIDTH="23"/>
						<String ID="P3_ST00180" HPOS="1731" VPOS="1302" WIDTH="106" HEIGHT="28" CONTENT="sous" WC="0.95" CC="7077"/>
						<SP ID="P3_SP00168" HPOS="1837" VPOS="1342" WIDTH="40"/>
						<String ID="P3_ST00181" HPOS="1877" VPOS="1289" WIDTH="42" HEIGHT="39" CONTENT="la" WC="0.53" CC="26"/>
						<SP ID="P3_SP00169" HPOS="1919" VPOS="1342" WIDTH="19"/>
						<String ID="P3_ST00182" HPOS="1938" VPOS="1289" WIDTH="162" HEIGHT="40" CONTENT="tutelle" WC="0.98" CC="5666150"/>
						<SP ID="P3_SP00170" HPOS="2100" VPOS="1342" WIDTH="38"/>
						<String ID="P3_ST00183" HPOS="2138" VPOS="1289" WIDTH="60" HEIGHT="40" CONTENT="du" WC="0.75" CC="04"/>
						<SP ID="P3_SP00171" HPOS="2198" VPOS="1342" WIDTH="33"/>
						<String ID="P3_ST00184" HPOS="2231" VPOS="1303" WIDTH="24" HEIGHT="26" CONTENT="v" WC="0.02" CC="9"/>
						<String ID="P3_ST00185" HPOS="2258" VPOS="1298" WIDTH="14" HEIGHT="17" CONTENT="e" STYLE="superscript" WC="0.57" CC="4"/>
						<SP ID="P3_SP00172" HPOS="2272" VPOS="1342" WIDTH="28"/>
						<String ID="P3_ST00186" HPOS="2300" VPOS="1293" WIDTH="44" HEIGHT="36" CONTENT="et" WC="0.56" CC="34"/>
						<SP ID="P3_SP00173" HPOS="2344" VPOS="1342" WIDTH="38"/>
						<String ID="P3_ST00187" HPOS="2382" VPOS="1293" WIDTH="147" HEIGHT="39" CONTENT="même" WC="0.99" CC="0104"/>
						<SP ID="P3_SP00174" HPOS="2529" VPOS="1342" WIDTH="27"/>
						<String ID="P3_ST00188" HPOS="2556" VPOS="1292" WIDTH="61" HEIGHT="40" CONTENT="du" WC="0.69" CC="06"/>
					</TextLine>
					<TextLine ID="P3_TL00014" HPOS="221" VPOS="1367" WIDTH="2399" HEIGHT="53">
						<String ID="P3_ST00189" HPOS="221" VPOS="1382" WIDTH="44" HEIGHT="28" CONTENT="iv" WC="0.86" CC="02"/>
						<String ID="P3_ST00190" HPOS="269" VPOS="1377" WIDTH="15" HEIGHT="16" CONTENT="e" STYLE="superscript" WC="1.00" CC="0"/>
						<SP ID="P3_SP00175" HPOS="284" VPOS="1410" WIDTH="19"/>
						<String ID="P3_ST00191" HPOS="303" VPOS="1368" WIDTH="135" HEIGHT="42" CONTENT="siècle" WC="0.97" CC="902544"/>
						<SP ID="P3_SP00176" HPOS="438" VPOS="1410" WIDTH="35"/>
						<String ID="P3_ST00192" HPOS="473" VPOS="1380" WIDTH="122" HEIGHT="40" CONTENT="grec," WC="0.98" CC="07064"/>
						<SP ID="P3_SP00177" HPOS="595" VPOS="1420" WIDTH="25"/>
						<String ID="P3_ST00193" HPOS="620" VPOS="1367" WIDTH="108" HEIGHT="41" CONTENT="c'est" WC="0.96" CC="51576"/>
						<SP ID="P3_SP00178" HPOS="728" VPOS="1420" WIDTH="29"/>
						<String ID="P3_ST00194" HPOS="757" VPOS="1370" WIDTH="229" HEIGHT="37" CONTENT="remonter" WC="0.98" CC="70066627"/>
						<SP ID="P3_SP00179" HPOS="986" VPOS="1420" WIDTH="36"/>
						<String ID="P3_ST00195" HPOS="1022" VPOS="1379" WIDTH="55" HEIGHT="30" CONTENT="au" WC="0.38" CC="66"/>
						<SP ID="P3_SP00180" HPOS="1077" VPOS="1420" WIDTH="31"/>
						<String ID="P3_ST00196" HPOS="1108" VPOS="1369" WIDTH="226" HEIGHT="39" CONTENT="contraire" WC="0.98" CC="746076090"/>
						<SP ID="P3_SP00181" HPOS="1334" VPOS="1420" WIDTH="22"/>
						<String ID="P3_ST00197" HPOS="1356" VPOS="1378" WIDTH="100" HEIGHT="29" CONTENT="vers" WC="0.94" CC="5479"/>
						<SP ID="P3_SP00182" HPOS="1456" VPOS="1420" WIDTH="35"/>
						<String ID="P3_ST00198" HPOS="1491" VPOS="1368" WIDTH="65" HEIGHT="39" CONTENT="les" WC="0.92" CC="549"/>
						<SP ID="P3_SP00183" HPOS="1556" VPOS="1420" WIDTH="37"/>
						<String ID="P3_ST00199" HPOS="1593" VPOS="1370" WIDTH="298" HEIGHT="50" CONTENT="conceptions" WC="0.99" CC="20052600290"/>
						<SP ID="P3_SP00184" HPOS="1891" VPOS="1420" WIDTH="45"/>
						<String ID="P3_ST00200" HPOS="1936" VPOS="1368" WIDTH="240" HEIGHT="52" CONTENT="beaucoup" WC="0.98" CC="06173576"/>
						<SP ID="P3_SP00185" HPOS="2176" VPOS="1420" WIDTH="37"/>
						<String ID="P3_ST00201" HPOS="2213" VPOS="1368" WIDTH="101" HEIGHT="51" CONTENT="plus" WC="0.96" CC="6019"/>
						<SP ID="P3_SP00186" HPOS="2314" VPOS="1420" WIDTH="37"/>
						<String ID="P3_ST00202" HPOS="2351" VPOS="1373" WIDTH="149" HEIGHT="38" CONTENT="vastes" WC="0.98" CC="706037"/>
						<SP ID="P3_SP00187" HPOS="2500" VPOS="1420" WIDTH="40"/>
						<String ID="P3_ST00203" HPOS="2540" VPOS="1371" WIDTH="80" HEIGHT="40" CONTENT="des" WC="0.97" CC="007"/>
					</TextLine>
					<TextLine ID="P3_TL00015" HPOS="224" VPOS="1446" WIDTH="2395" HEIGHT="56">
						<String ID="P3_ST00204" HPOS="224" VPOS="1460" WIDTH="44" HEIGHT="30" CONTENT="VI" WC="0.61" CC="07" STYLEREFS="TXT_1"/>
						<String ID="P3_ST00205" HPOS="270" VPOS="1457" WIDTH="16" HEIGHT="20" CONTENT="E" STYLE="superscript" WC="0.56" CC="4" STYLEREFS="TXT_1"/>
						<SP ID="P3_SP00188" HPOS="286" VPOS="1490" WIDTH="33"/>
						<String ID="P3_ST00206" HPOS="319" VPOS="1450" WIDTH="43" HEIGHT="38" CONTENT="et" WC="0.40" CC="56"/>
						<SP ID="P3_SP00189" HPOS="362" VPOS="1490" WIDTH="43"/>
						<String ID="P3_ST00207" HPOS="405" VPOS="1460" WIDTH="59" HEIGHT="28" CONTENT="vii" WC="0.90" CC="002"/>
						<String ID="P3_ST00208" HPOS="469" VPOS="1451" WIDTH="14" HEIGHT="18" CONTENT="e" STYLE="superscript" WC="0.55" CC="4"/>
						<SP ID="P3_SP00190" HPOS="483" VPOS="1490" WIDTH="31"/>
						<String ID="P3_ST00209" HPOS="514" VPOS="1446" WIDTH="179" HEIGHT="49" CONTENT="siècles," WC="0.98" CC="50264674"/>
						<SP ID="P3_SP00191" HPOS="693" VPOS="1495" WIDTH="34"/>
						<String ID="P3_ST00210" HPOS="727" VPOS="1446" WIDTH="82" HEIGHT="42" CONTENT="des" WC="0.93" CC="089"/>
						<SP ID="P3_SP00192" HPOS="809" VPOS="1495" WIDTH="32"/>
						<String ID="P3_ST00211" HPOS="841" VPOS="1447" WIDTH="270" HEIGHT="52" CONTENT="Egyptiens," WC="0.99" CC="0024500462"/>
						<SP ID="P3_SP00193" HPOS="1111" VPOS="1499" WIDTH="51"/>
						<String ID="P3_ST00212" HPOS="1162" VPOS="1446" WIDTH="262" HEIGHT="52" CONTENT="Assyriens," WC="0.98" CC="5070521794"/>
						<SP ID="P3_SP00194" HPOS="1424" VPOS="1499" WIDTH="28"/>
						<String ID="P3_ST00213" HPOS="1452" VPOS="1446" WIDTH="270" HEIGHT="52" CONTENT="Ohaldéens," WC="0.56" CC="7366030393"/>
						<SP ID="P3_SP00195" HPOS="1722" VPOS="1499" WIDTH="47"/>
						<String ID="P3_ST00214" HPOS="1769" VPOS="1447" WIDTH="187" HEIGHT="41" CONTENT="Chinois" WC="0.98" CC="6005036"/>
						<SP ID="P3_SP00196" HPOS="1956" VPOS="1499" WIDTH="40"/>
						<String ID="P3_ST00215" HPOS="1996" VPOS="1450" WIDTH="43" HEIGHT="36" CONTENT="et" WC="0.30" CC="49"/>
						<SP ID="P3_SP00197" HPOS="2039" VPOS="1499" WIDTH="35"/>
						<String ID="P3_ST00216" HPOS="2074" VPOS="1448" WIDTH="125" HEIGHT="38" CONTENT="aussi" WC="0.97" CC="54770"/>
						<SP ID="P3_SP00198" HPOS="2199" VPOS="1499" WIDTH="39"/>
						<String ID="P3_ST00217" HPOS="2238" VPOS="1447" WIDTH="81" HEIGHT="40" CONTENT="des" WC="0.96" CC="037"/>
						<SP ID="P3_SP00199" HPOS="2319" VPOS="1499" WIDTH="44"/>
						<String ID="P3_ST00218" HPOS="2363" VPOS="1448" WIDTH="256" HEIGHT="54" CONTENT="sculpteurs" WC="0.99" CC="7400613049"/>
					</TextLine>
					<TextLine ID="P3_TL00016" HPOS="227" VPOS="1526" WIDTH="179" HEIGHT="55">
						<String ID="P3_ST00219" HPOS="227" VPOS="1526" WIDTH="179" HEIGHT="55" CONTENT="nègres." WC="0.97" CC="5386364"/>
					</TextLine>
					<TextLine ID="P3_TL00017" HPOS="333" VPOS="1604" WIDTH="2282" HEIGHT="54">
						<String ID="P3_ST00220" HPOS="333" VPOS="1606" WIDTH="78" HEIGHT="49" CONTENT="Or," WC="0.95" CC="274"/>
						<SP ID="P3_SP00200" HPOS="411" VPOS="1655" WIDTH="27"/>
						<String ID="P3_ST00221" HPOS="438" VPOS="1605" WIDTH="202" HEIGHT="53" CONTENT="j'estime" WC="0.99" CC="41057001"/>
						<SP ID="P3_SP00201" HPOS="640" VPOS="1658" WIDTH="22"/>
						<String ID="P3_ST00222" HPOS="662" VPOS="1617" WIDTH="88" HEIGHT="41" CONTENT="que" WC="0.98" CC="060"/>
						<SP ID="P3_SP00202" HPOS="750" VPOS="1658" WIDTH="23"/>
						<String ID="P3_ST00223" HPOS="773" VPOS="1615" WIDTH="74" HEIGHT="30" CONTENT="ces" WC="0.94" CC="537"/>
						<SP ID="P3_SP00203" HPOS="847" VPOS="1658" WIDTH="28"/>
						<String ID="P3_ST00224" HPOS="875" VPOS="1604" WIDTH="120" HEIGHT="41" CONTENT="deux" WC="0.98" CC="1600"/>
						<SP ID="P3_SP00204" HPOS="995" VPOS="1658" WIDTH="23"/>
						<String ID="P3_ST00225" HPOS="1018" VPOS="1617" WIDTH="57" HEIGHT="28" CONTENT="ou" WC="0.87" CC="02"/>
						<SP ID="P3_SP00205" HPOS="1075" VPOS="1658" WIDTH="22"/>
						<String ID="P3_ST00226" HPOS="1097" VPOS="1606" WIDTH="115" HEIGHT="39" CONTENT="trois" WC="0.97" CC="06227"/>
						<SP ID="P3_SP00206" HPOS="1212" VPOS="1658" WIDTH="33"/>
						<String ID="P3_ST00227" HPOS="1245" VPOS="1617" WIDTH="278" HEIGHT="41" CONTENT="courageux," WC="0.99" CC="3546005390"/>
						<SP ID="P3_SP00207" HPOS="1523" VPOS="1658" WIDTH="18"/>
						<String ID="P3_ST00228" HPOS="1541" VPOS="1604" WIDTH="111" HEIGHT="40" CONTENT="dont" WC="0.99" CC="0030"/>
						<SP ID="P3_SP00208" HPOS="1652" VPOS="1658" WIDTH="21"/>
						<String ID="P3_ST00229" HPOS="1673" VPOS="1617" WIDTH="58" HEIGHT="28" CONTENT="au" WC="0.85" CC="02"/>
						<SP ID="P3_SP00209" HPOS="1731" VPOS="1658" WIDTH="22"/>
						<String ID="P3_ST00230" HPOS="1753" VPOS="1607" WIDTH="200" HEIGHT="50" CONTENT="premier" WC="0.98" CC="2607307"/>
						<SP ID="P3_SP00210" HPOS="1953" VPOS="1658" WIDTH="20"/>
						<String ID="P3_ST00231" HPOS="1973" VPOS="1619" WIDTH="115" HEIGHT="39" CONTENT="rang" WC="0.97" CC="7070"/>
						<SP ID="P3_SP00211" HPOS="2088" VPOS="1658" WIDTH="17"/>
						<String ID="P3_ST00232" HPOS="2105" VPOS="1607" WIDTH="157" HEIGHT="49" CONTENT="Orloff," WC="0.68" CC="0942022"/>
						<SP ID="P3_SP00212" HPOS="2262" VPOS="1658" WIDTH="26"/>
						<String ID="P3_ST00233" HPOS="2288" VPOS="1610" WIDTH="105" HEIGHT="37" CONTENT="sont" WC="0.96" CC="9063"/>
						<SP ID="P3_SP00213" HPOS="2393" VPOS="1658" WIDTH="14"/>
						<String ID="P3_ST00234" HPOS="2407" VPOS="1606" WIDTH="208" HEIGHT="42" CONTENT="destinés" WC="0.99" CC="00700087"/>
					</TextLine>
					<TextLine ID="P3_TL00018" HPOS="218" VPOS="1683" WIDTH="2397" HEIGHT="55">
						<String ID="P3_ST00235" HPOS="218" VPOS="1688" WIDTH="26" HEIGHT="39" CONTENT="à" WC="0.70" CC="2"/>
						<SP ID="P3_SP00214" HPOS="244" VPOS="1727" WIDTH="14"/>
						<String ID="P3_ST00236" HPOS="258" VPOS="1687" WIDTH="91" HEIGHT="41" CONTENT="être" WC="0.95" CC="6575"/>
						<SP ID="P3_SP00215" HPOS="349" VPOS="1728" WIDTH="20"/>
						<String ID="P3_ST00237" HPOS="369" VPOS="1698" WIDTH="115" HEIGHT="28" CONTENT="ceux" WC="0.94" CC="5678"/>
						<SP ID="P3_SP00216" HPOS="484" VPOS="1728" WIDTH="20"/>
						<String ID="P3_ST00238" HPOS="504" VPOS="1686" WIDTH="79" HEIGHT="52" CONTENT="qui" WC="0.95" CC="057"/>
						<SP ID="P3_SP00217" HPOS="583" VPOS="1738" WIDTH="31"/>
						<String ID="P3_ST00239" HPOS="614" VPOS="1697" WIDTH="49" HEIGHT="28" CONTENT="se" WC="0.64" CC="70"/>
						<SP ID="P3_SP00218" HPOS="663" VPOS="1738" WIDTH="19"/>
						<String ID="P3_ST00240" HPOS="682" VPOS="1684" WIDTH="282" HEIGHT="53" CONTENT="dégageront" WC="0.98" CC="0590756377"/>
						<SP ID="P3_SP00219" HPOS="964" VPOS="1738" WIDTH="22"/>
						<String ID="P3_ST00241" HPOS="986" VPOS="1684" WIDTH="119" HEIGHT="40" CONTENT="enfin" WC="0.98" CC="50710"/>
						<SP ID="P3_SP00220" HPOS="1105" VPOS="1738" WIDTH="24"/>
						<String ID="P3_ST00242" HPOS="1129" VPOS="1683" WIDTH="357" HEIGHT="52" CONTENT="complètement" WC="0.98" CC="369633669703"/>
						<SP ID="P3_SP00221" HPOS="1486" VPOS="1738" WIDTH="31"/>
						<String ID="P3_ST00243" HPOS="1517" VPOS="1683" WIDTH="54" HEIGHT="40" CONTENT="de" WC="1.00" CC="00"/>
						<SP ID="P3_SP00222" HPOS="1571" VPOS="1738" WIDTH="23"/>
						<String ID="P3_ST00244" HPOS="1594" VPOS="1686" WIDTH="125" HEIGHT="37" CONTENT="toute" WC="0.97" CC="03565"/>
						<SP ID="P3_SP00223" HPOS="1719" VPOS="1738" WIDTH="19"/>
						<String ID="P3_ST00245" HPOS="1738" VPOS="1684" WIDTH="174" HEIGHT="49" CONTENT="tutelle," WC="0.98" CC="09950524"/>
						<SP ID="P3_SP00224" HPOS="1912" VPOS="1738" WIDTH="28"/>
						<String ID="P3_ST00246" HPOS="1940" VPOS="1689" WIDTH="44" HEIGHT="35" CONTENT="et" WC="0.46" CC="09"/>
						<SP ID="P3_SP00225" HPOS="1984" VPOS="1738" WIDTH="29"/>
						<String ID="P3_ST00247" HPOS="2013" VPOS="1688" WIDTH="191" HEIGHT="38" CONTENT="suivant" WC="0.97" CC="7753475"/>
						<SP ID="P3_SP00226" HPOS="2204" VPOS="1738" WIDTH="23"/>
						<String ID="P3_ST00248" HPOS="2227" VPOS="1686" WIDTH="285" HEIGHT="40" CONTENT="résolument" WC="0.99" CC="6562008606"/>
						<SP ID="P3_SP00227" HPOS="2512" VPOS="1738" WIDTH="32"/>
						<String ID="P3_ST00249" HPOS="2544" VPOS="1686" WIDTH="71" HEIGHT="41" CONTENT="les" WC="0.95" CC="416"/>
					</TextLine>
					<TextLine ID="P3_TL00019" HPOS="223" VPOS="1762" WIDTH="2390" HEIGHT="58">
						<String ID="P3_ST00250" HPOS="223" VPOS="1769" WIDTH="201" HEIGHT="51" CONTENT="peintres" WC="0.98" CC="64026709"/>
						<SP ID="P3_SP00228" HPOS="424" VPOS="1820" WIDTH="23"/>
						<String ID="P3_ST00251" HPOS="447" VPOS="1768" WIDTH="43" HEIGHT="37" CONTENT="et" WC="0.84" CC="30"/>
						<SP ID="P3_SP00229" HPOS="490" VPOS="1820" WIDTH="20"/>
						<String ID="P3_ST00252" HPOS="510" VPOS="1765" WIDTH="66" HEIGHT="41" CONTENT="les" WC="0.95" CC="417"/>
						<SP ID="P3_SP00230" HPOS="576" VPOS="1820" WIDTH="24"/>
						<String ID="P3_ST00253" HPOS="600" VPOS="1763" WIDTH="157" HEIGHT="54" CONTENT="poètes" WC="0.98" CC="504307"/>
						<SP ID="P3_SP00231" HPOS="757" VPOS="1820" WIDTH="31"/>
						<String ID="P3_ST00254" HPOS="788" VPOS="1763" WIDTH="114" HEIGHT="41" CONTENT="dans" WC="0.96" CC="0469"/>
						<SP ID="P3_SP00232" HPOS="902" VPOS="1820" WIDTH="22"/>
						<String ID="P3_ST00255" HPOS="924" VPOS="1764" WIDTH="103" HEIGHT="39" CONTENT="leur" WC="0.97" CC="3027"/>
						<SP ID="P3_SP00233" HPOS="1027" VPOS="1820" WIDTH="29"/>
						<String ID="P3_ST00256" HPOS="1056" VPOS="1762" WIDTH="258" HEIGHT="54" CONTENT="esthétique" WC="0.98" CC="0666360982"/>
						<SP ID="P3_SP00234" HPOS="1314" VPOS="1820" WIDTH="28"/>
						<String ID="P3_ST00257" HPOS="1342" VPOS="1762" WIDTH="312" HEIGHT="49" CONTENT="mondialiste," WC="0.65" CC="053086140640"/>
						<SP ID="P3_SP00235" HPOS="1654" VPOS="1820" WIDTH="20"/>
						<String ID="P3_ST00258" HPOS="1674" VPOS="1775" WIDTH="86" HEIGHT="28" CONTENT="eux" WC="0.96" CC="029"/>
						<SP ID="P3_SP00236" HPOS="1760" VPOS="1820" WIDTH="15"/>
						<String ID="P3_ST00259" HPOS="1775" VPOS="1766" WIDTH="146" HEIGHT="48" CONTENT="aussi," WC="0.98" CC="036703"/>
						<SP ID="P3_SP00237" HPOS="1921" VPOS="1820" WIDTH="33"/>
						<String ID="P3_ST00260" HPOS="1954" VPOS="1768" WIDTH="130" HEIGHT="36" CONTENT="osant" WC="0.97" CC="36426"/>
						<SP ID="P3_SP00238" HPOS="2084" VPOS="1820" WIDTH="30"/>
						<String ID="P3_ST00261" HPOS="2114" VPOS="1764" WIDTH="42" HEIGHT="40" CONTENT="le" WC="0.46" CC="36"/>
						<SP ID="P3_SP00239" HPOS="2156" VPOS="1820" WIDTH="31"/>
						<String ID="P3_ST00262" HPOS="2187" VPOS="1764" WIDTH="348" HEIGHT="41" CONTENT="divisionnisme" WC="0.85" CC="0000601000703"/>
						<SP ID="P3_SP00240" HPOS="2535" VPOS="1820" WIDTH="24"/>
						<String ID="P3_ST00263" HPOS="2559" VPOS="1765" WIDTH="54" HEIGHT="41" CONTENT="de" WC="0.45" CC="55"/>
					</TextLine>
					<TextLine ID="P3_TL00020" HPOS="222" VPOS="1841" WIDTH="2391" HEIGHT="54">
						<String ID="P3_ST00264" HPOS="222" VPOS="1846" WIDTH="45" HEIGHT="40" CONTENT="la" WC="0.71" CC="05"/>
						<SP ID="P3_SP00241" HPOS="267" VPOS="1886" WIDTH="41"/>
						<String ID="P3_ST00265" HPOS="308" VPOS="1844" WIDTH="160" HEIGHT="49" CONTENT="forme," WC="0.97" CC="157751"/>
						<SP ID="P3_SP00242" HPOS="468" VPOS="1893" WIDTH="42"/>
						<String ID="P3_ST00266" HPOS="510" VPOS="1843" WIDTH="257" HEIGHT="41" CONTENT="recréeront" WC="0.98" CC="6067436698"/>
						<SP ID="P3_SP00243" HPOS="767" VPOS="1893" WIDTH="32"/>
						<String ID="P3_ST00267" HPOS="799" VPOS="1843" WIDTH="42" HEIGHT="38" CONTENT="le" WC="1.00" CC="00"/>
						<SP ID="P3_SP00244" HPOS="841" VPOS="1893" WIDTH="24"/>
						<String ID="P3_ST00268" HPOS="865" VPOS="1841" WIDTH="165" HEIGHT="40" CONTENT="monde" WC="0.98" CC="14701"/>
						<SP ID="P3_SP00245" HPOS="1030" VPOS="1893" WIDTH="23"/>
						<String ID="P3_ST00269" HPOS="1053" VPOS="1841" WIDTH="371" HEIGHT="42" CONTENT="conformément" WC="0.99" CC="407150820103"/>
						<SP ID="P3_SP00246" HPOS="1424" VPOS="1893" WIDTH="33"/>
						<String ID="P3_ST00270" HPOS="1457" VPOS="1841" WIDTH="25" HEIGHT="40" CONTENT="à" WC="0.56" CC="4"/>
						<SP ID="P3_SP00247" HPOS="1482" VPOS="1893" WIDTH="24"/>
						<String ID="P3_ST00271" HPOS="1506" VPOS="1842" WIDTH="43" HEIGHT="39" CONTENT="la" WC="0.88" CC="01"/>
						<SP ID="P3_SP00248" HPOS="1549" VPOS="1893" WIDTH="23"/>
						<String ID="P3_ST00272" HPOS="1572" VPOS="1841" WIDTH="158" HEIGHT="41" CONTENT="réalité" WC="0.99" CC="9073000"/>
						<SP ID="P3_SP00249" HPOS="1730" VPOS="1893" WIDTH="34"/>
						<String ID="P3_ST00273" HPOS="1764" VPOS="1842" WIDTH="168" HEIGHT="52" CONTENT="pensée" WC="0.98" CC="504906"/>
						<SP ID="P3_SP00250" HPOS="1932" VPOS="1894" WIDTH="22"/>
						<String ID="P3_ST00274" HPOS="1954" VPOS="1846" WIDTH="42" HEIGHT="37" CONTENT="et" WC="0.54" CC="26"/>
						<SP ID="P3_SP00251" HPOS="1996" VPOS="1894" WIDTH="19"/>
						<String ID="P3_ST00275" HPOS="2015" VPOS="1856" WIDTH="88" HEIGHT="27" CONTENT="non" WC="0.99" CC="003"/>
						<SP ID="P3_SP00252" HPOS="2103" VPOS="1894" WIDTH="21"/>
						<String ID="P3_ST00276" HPOS="2124" VPOS="1844" WIDTH="101" HEIGHT="51" CONTENT="plus" WC="0.95" CC="9807"/>
						<SP ID="P3_SP00253" HPOS="2225" VPOS="1895" WIDTH="22"/>
						<String ID="P3_ST00277" HPOS="2247" VPOS="1843" WIDTH="366" HEIGHT="41" CONTENT="conformément" WC="0.99" CC="365325716335"/>
					</TextLine>
					<TextLine ID="P3_TL00021" HPOS="226" VPOS="1920" WIDTH="2384" HEIGHT="55">
						<String ID="P3_ST00278" HPOS="226" VPOS="1925" WIDTH="25" HEIGHT="40" CONTENT="à" WC="1.00" CC="9"/>
						<SP ID="P3_SP00254" HPOS="251" VPOS="1965" WIDTH="49"/>
						<String ID="P3_ST00279" HPOS="300" VPOS="1925" WIDTH="43" HEIGHT="39" CONTENT="la" WC="0.73" CC="04"/>
						<SP ID="P3_SP00255" HPOS="343" VPOS="1965" WIDTH="28"/>
						<String ID="P3_ST00280" HPOS="371" VPOS="1923" WIDTH="159" HEIGHT="40" CONTENT="réalité" WC="0.98" CC="9404007"/>
						<SP ID="P3_SP00256" HPOS="530" VPOS="1965" WIDTH="41"/>
						<String ID="P3_ST00281" HPOS="571" VPOS="1923" WIDTH="54" HEIGHT="40" CONTENT="de" WC="0.96" CC="00"/>
						<SP ID="P3_SP00257" HPOS="625" VPOS="1965" WIDTH="31"/>
						<String ID="P3_ST00282" HPOS="656" VPOS="1924" WIDTH="177" HEIGHT="47" CONTENT="vision;" WC="0.98" CC="2702663"/>
						<SP ID="P3_SP00258" HPOS="833" VPOS="1971" WIDTH="37"/>
						<String ID="P3_ST00283" HPOS="870" VPOS="1933" WIDTH="87" HEIGHT="28" CONTENT="eux" WC="0.98" CC="302"/>
						<SP ID="P3_SP00259" HPOS="957" VPOS="1971" WIDTH="33"/>
						<String ID="P3_ST00284" HPOS="990" VPOS="1923" WIDTH="128" HEIGHT="39" CONTENT="aussi" WC="0.96" CC="98760"/>
						<SP ID="P3_SP00260" HPOS="1118" VPOS="1971" WIDTH="34"/>
						<String ID="P3_ST00285" HPOS="1152" VPOS="1921" WIDTH="146" HEIGHT="40" CONTENT="feront" WC="0.98" CC="006738"/>
						<SP ID="P3_SP00261" HPOS="1298" VPOS="1971" WIDTH="47"/>
						<String ID="P3_ST00286" HPOS="1345" VPOS="1920" WIDTH="78" HEIGHT="41" CONTENT="des" WC="0.94" CC="167"/>
						<SP ID="P3_SP00262" HPOS="1423" VPOS="1971" WIDTH="35"/>
						<String ID="P3_ST00287" HPOS="1458" VPOS="1921" WIDTH="415" HEIGHT="52" CONTENT="compénétrations" WC="0.57" CC="043604907074077"/>
						<SP ID="P3_SP00263" HPOS="1873" VPOS="1973" WIDTH="45"/>
						<String ID="P3_ST00288" HPOS="1918" VPOS="1922" WIDTH="234" HEIGHT="50" CONTENT="d'objectif" WC="0.99" CC="0404043020"/>
						<SP ID="P3_SP00264" HPOS="2152" VPOS="1973" WIDTH="39"/>
						<String ID="P3_ST00289" HPOS="2191" VPOS="1926" WIDTH="42" HEIGHT="37" CONTENT="et" WC="0.76" CC="13"/>
						<SP ID="P3_SP00265" HPOS="2233" VPOS="1973" WIDTH="39"/>
						<String ID="P3_ST00290" HPOS="2272" VPOS="1923" WIDTH="54" HEIGHT="40" CONTENT="de" WC="1.00" CC="00"/>
						<SP ID="P3_SP00266" HPOS="2326" VPOS="1973" WIDTH="49"/>
						<String ID="P3_ST00291" HPOS="2375" VPOS="1923" WIDTH="235" HEIGHT="52" CONTENT="subjectif," WC="0.99" CC="6640500324"/>
					</TextLine>
					<TextLine ID="P3_TL00022" HPOS="226" VPOS="1999" WIDTH="2389" HEIGHT="56">
						<String ID="P3_ST00292" HPOS="226" VPOS="2003" WIDTH="265" HEIGHT="43" CONTENT="d'intérieur" WC="0.99" CC="03072170607"/>
						<SP ID="P3_SP00267" HPOS="491" VPOS="2046" WIDTH="37"/>
						<String ID="P3_ST00293" HPOS="528" VPOS="2005" WIDTH="44" HEIGHT="38" CONTENT="et" WC="0.74" CC="50"/>
						<SP ID="P3_SP00268" HPOS="572" VPOS="2046" WIDTH="26"/>
						<String ID="P3_ST00294" HPOS="598" VPOS="2001" WIDTH="293" HEIGHT="50" CONTENT="d'extérieur," WC="0.99" CC="005302906754"/>
						<SP ID="P3_SP00269" HPOS="891" VPOS="2051" WIDTH="35"/>
						<String ID="P3_ST00295" HPOS="926" VPOS="2001" WIDTH="56" HEIGHT="40" CONTENT="de" WC="0.75" CC="05"/>
						<SP ID="P3_SP00270" HPOS="982" VPOS="2051" WIDTH="27"/>
						<String ID="P3_ST00296" HPOS="1009" VPOS="2001" WIDTH="212" HEIGHT="40" CONTENT="réalisme" WC="0.99" CC="71303704"/>
						<SP ID="P3_SP00271" HPOS="1221" VPOS="2051" WIDTH="23"/>
						<String ID="P3_ST00297" HPOS="1244" VPOS="2002" WIDTH="43" HEIGHT="37" CONTENT="et" WC="0.55" CC="35"/>
						<SP ID="P3_SP00272" HPOS="1287" VPOS="2051" WIDTH="38"/>
						<String ID="P3_ST00298" HPOS="1325" VPOS="1999" WIDTH="300" HEIGHT="51" CONTENT="d'idéalisme," WC="0.99" CC="040054030404"/>
						<SP ID="P3_SP00273" HPOS="1625" VPOS="2051" WIDTH="32"/>
						<String ID="P3_ST00299" HPOS="1657" VPOS="2002" WIDTH="45" HEIGHT="38" CONTENT="et" WC="1.00" CC="00"/>
						<SP ID="P3_SP00274" HPOS="1702" VPOS="2051" WIDTH="19"/>
						<String ID="P3_ST00300" HPOS="1721" VPOS="1999" WIDTH="97" HEIGHT="40" CONTENT="leur" WC="0.96" CC="1098"/>
						<SP ID="P3_SP00275" HPOS="1818" VPOS="2051" WIDTH="25"/>
						<String ID="P3_ST00301" HPOS="1843" VPOS="2012" WIDTH="155" HEIGHT="28" CONTENT="œuvre" WC="0.98" CC="09700"/>
						<SP ID="P3_SP00276" HPOS="1998" VPOS="2051" WIDTH="31"/>
						<String ID="P3_ST00302" HPOS="2029" VPOS="2013" WIDTH="54" HEIGHT="27" CONTENT="ne" WC="0.42" CC="55"/>
						<SP ID="P3_SP00277" HPOS="2083" VPOS="2051" WIDTH="31"/>
						<String ID="P3_ST00303" HPOS="2114" VPOS="2013" WIDTH="106" HEIGHT="28" CONTENT="sera" WC="0.95" CC="7674"/>
						<SP ID="P3_SP00278" HPOS="2220" VPOS="2051" WIDTH="34"/>
						<String ID="P3_ST00304" HPOS="2254" VPOS="2001" WIDTH="103" HEIGHT="52" CONTENT="plus" WC="0.96" CC="2347"/>
						<SP ID="P3_SP00279" HPOS="2357" VPOS="2053" WIDTH="31"/>
						<String ID="P3_ST00305" HPOS="2388" VPOS="2001" WIDTH="42" HEIGHT="41" CONTENT="la" WC="0.52" CC="26"/>
						<SP ID="P3_SP00280" HPOS="2430" VPOS="2053" WIDTH="31"/>
						<String ID="P3_ST00306" HPOS="2461" VPOS="2001" WIDTH="129" HEIGHT="54" CONTENT="repré" SUBS_TYPE="HypPart1" SUBS_CONTENT="représentation" WC="0.98" CC="42531"/>
						<HYP HPOS="2590" VPOS="2001" WIDTH="25" CONTENT="-"/>
					</TextLine>
					<TextLine ID="P3_TL00023" HPOS="228" VPOS="2078" WIDTH="2371" HEIGHT="56">
						<String ID="P3_ST00307" HPOS="228" VPOS="2085" WIDTH="225" HEIGHT="40" CONTENT="sentation" SUBS_TYPE="HypPart2" SUBS_CONTENT="représentation" WC="0.99" CC="737466000"/>
						<SP ID="P3_SP00281" HPOS="453" VPOS="2125" WIDTH="45"/>
						<String ID="P3_ST00308" HPOS="498" VPOS="2083" WIDTH="247" HEIGHT="51" CONTENT="apparente" WC="0.98" CC="365574234"/>
						<SP ID="P3_SP00282" HPOS="745" VPOS="2134" WIDTH="29"/>
						<String ID="P3_ST00309" HPOS="774" VPOS="2083" WIDTH="43" HEIGHT="38" CONTENT="et" WC="0.41" CC="47"/>
						<SP ID="P3_SP00283" HPOS="817" VPOS="2134" WIDTH="40"/>
						<String ID="P3_ST00310" HPOS="857" VPOS="2079" WIDTH="140" HEIGHT="43" CONTENT="isolée" WC="0.99" CC="302014" STYLEREFS="TXT_2"/>
						<SP ID="P3_SP00284" HPOS="997" VPOS="2134" WIDTH="40"/>
						<String ID="P3_ST00311" HPOS="1037" VPOS="2079" WIDTH="54" HEIGHT="40" CONTENT="de" WC="0.73" CC="05"/>
						<SP ID="P3_SP00285" HPOS="1091" VPOS="2134" WIDTH="33"/>
						<String ID="P3_ST00312" HPOS="1124" VPOS="2079" WIDTH="167" HEIGHT="51" CONTENT="l'objet," WC="0.99" CC="00040304"/>
						<SP ID="P3_SP00286" HPOS="1291" VPOS="2134" WIDTH="34"/>
						<String ID="P3_ST00313" HPOS="1325" VPOS="2081" WIDTH="114" HEIGHT="38" CONTENT="mais" WC="0.97" CC="0317"/>
						<SP ID="P3_SP00287" HPOS="1439" VPOS="2134" WIDTH="41"/>
						<String ID="P3_ST00314" HPOS="1480" VPOS="2091" WIDTH="100" HEIGHT="28" CONTENT="sera" WC="0.95" CC="6375"/>
						<SP ID="P3_SP00288" HPOS="1580" VPOS="2134" WIDTH="47"/>
						<String ID="P3_ST00315" HPOS="1627" VPOS="2091" WIDTH="52" HEIGHT="28" CONTENT="ce" WC="0.73" CC="50"/>
						<SP ID="P3_SP00289" HPOS="1679" VPOS="2134" WIDTH="38"/>
						<String ID="P3_ST00316" HPOS="1717" VPOS="2078" WIDTH="198" HEIGHT="54" CONTENT="quelque" WC="0.98" CC="1505851"/>
						<SP ID="P3_SP00290" HPOS="1915" VPOS="2134" WIDTH="34"/>
						<String ID="P3_ST00317" HPOS="1949" VPOS="2079" WIDTH="133" HEIGHT="41" CONTENT="chose" WC="0.97" CC="13572"/>
						<SP ID="P3_SP00291" HPOS="2082" VPOS="2134" WIDTH="37"/>
						<String ID="P3_ST00318" HPOS="2119" VPOS="2079" WIDTH="54" HEIGHT="40" CONTENT="de" WC="1.00" CC="00"/>
						<SP ID="P3_SP00292" HPOS="2173" VPOS="2134" WIDTH="42"/>
						<String ID="P3_ST00319" HPOS="2215" VPOS="2080" WIDTH="238" HEIGHT="53" CONTENT="beaucoup" WC="0.98" CC="60095069"/>
						<SP ID="P3_SP00293" HPOS="2453" VPOS="2134" WIDTH="42"/>
						<String ID="P3_ST00320" HPOS="2495" VPOS="2081" WIDTH="104" HEIGHT="52" CONTENT="plus" WC="0.97" CC="5027"/>
					</TextLine>
					<TextLine ID="P3_TL00024" HPOS="228" VPOS="2158" WIDTH="1646" HEIGHT="56">
						<String ID="P3_ST00321" HPOS="228" VPOS="2165" WIDTH="125" HEIGHT="38" CONTENT="vaste" WC="0.97" CC="90604"/>
						<SP ID="P3_SP00294" HPOS="353" VPOS="2203" WIDTH="32"/>
						<String ID="P3_ST00322" HPOS="385" VPOS="2173" WIDTH="90" HEIGHT="41" CONTENT="que" WC="0.95" CC="085"/>
						<SP ID="P3_SP00295" HPOS="475" VPOS="2214" WIDTH="22"/>
						<String ID="P3_ST00323" HPOS="497" VPOS="2161" WIDTH="87" HEIGHT="40" CONTENT="l'on" WC="0.98" CC="0207"/>
						<SP ID="P3_SP00296" HPOS="584" VPOS="2214" WIDTH="41"/>
						<String ID="P3_ST00324" HPOS="625" VPOS="2161" WIDTH="205" HEIGHT="52" CONTENT="pourrait" WC="0.98" CC="65667501"/>
						<SP ID="P3_SP00297" HPOS="830" VPOS="2214" WIDTH="37"/>
						<String ID="P3_ST00325" HPOS="867" VPOS="2160" WIDTH="224" HEIGHT="52" CONTENT="peut-être" WC="0.98" CC="524047560"/>
						<SP ID="P3_SP00298" HPOS="1091" VPOS="2214" WIDTH="37"/>
						<String ID="P3_ST00326" HPOS="1128" VPOS="2169" WIDTH="208" HEIGHT="29" CONTENT="nommer" WC="0.98" CC="530046"/>
						<SP ID="P3_SP00299" HPOS="1336" VPOS="2214" WIDTH="31"/>
						<String ID="P3_ST00327" HPOS="1367" VPOS="2169" WIDTH="61" HEIGHT="29" CONTENT="un" WC="0.45" CC="28"/>
						<SP ID="P3_SP00300" HPOS="1428" VPOS="2214" WIDTH="30"/>
						<String ID="P3_ST00328" HPOS="1458" VPOS="2160" WIDTH="153" HEIGHT="38" CONTENT="centre" WC="0.97" CC="517765"/>
						<SP ID="P3_SP00301" HPOS="1611" VPOS="2214" WIDTH="20"/>
						<String ID="P3_ST00329" HPOS="1631" VPOS="2158" WIDTH="243" HEIGHT="52" CONTENT="plastique." WC="0.99" CC="9257110604"/>
					</TextLine>
				</TextBlock>
				<TextBlock ID="P3_TB00002" HPOS="2254" VPOS="2236" WIDTH="221" HEIGHT="43" STYLEREFS="TXT_3 PAR_RIGHT">
					<TextLine ID="P3_TL00025" HPOS="2254" VPOS="2237" WIDTH="220" HEIGHT="42">
						<String ID="P3_ST00330" HPOS="2254" VPOS="2238" WIDTH="49" HEIGHT="41" CONTENT="P." WC="0.55" CC="44"/>
						<SP ID="P3_SP00302" HPOS="2303" VPOS="2279" WIDTH="32"/>
						<String ID="P3_ST00331" HPOS="2335" VPOS="2237" WIDTH="53" HEIGHT="42" CONTENT="A." WC="0.69" CC="60"/>
						<SP ID="P3_SP00303" HPOS="2388" VPOS="2279" WIDTH="34"/>
						<String ID="P3_ST00332" HPOS="2422" VPOS="2238" WIDTH="52" HEIGHT="40" CONTENT="B." WC="0.64" CC="24"/>
					</TextLine>
				</TextBlock>
				<TextBlock ID="P3_TB00003" HPOS="705" VPOS="2466" WIDTH="1529" HEIGHT="1108" ROTATION="90.00" STYLEREFS="TXT_0 PAR_LEFT">
					<TextLine ID="P3_TL00026" HPOS="707" VPOS="3347" WIDTH="39" HEIGHT="223">
						<String ID="P3_ST00333" HPOS="707" VPOS="3347" WIDTH="39" HEIGHT="223" CONTENT="L'heure..." WC="0.98" CC="4364645672"/>
					</TextLine>
					<TextLine ID="P3_TL00027" HPOS="792" VPOS="3435" WIDTH="38" HEIGHT="137">
						<String ID="P3_ST00334" HPOS="792" VPOS="3435" WIDTH="38" HEIGHT="137" CONTENT="Adieu" WC="0.97" CC="80065"/>
					</TextLine>
					<TextLine ID="P3_TL00028" HPOS="1072" VPOS="3163" WIDTH="45" HEIGHT="407">
						<String ID="P3_ST00335" HPOS="1073" VPOS="3526" WIDTH="37" HEIGHT="44" CONTENT="la" WC="0.36" CC="65"/>
						<SP ID="P3_SP00304" HPOS="1110" VPOS="3570" WIDTH="-38"/>
						<String ID="P3_ST00336" HPOS="1072" VPOS="3389" WIDTH="37" HEIGHT="117" CONTENT="foule" WC="0.98" CC="30063"/>
						<SP ID="P3_SP00305" HPOS="1110" VPOS="3570" WIDTH="-36"/>
						<String ID="P3_ST00337" HPOS="1074" VPOS="3163" WIDTH="43" HEIGHT="212" CONTENT="tournoie," WC="0.98" CC="149760313"/>
					</TextLine>
					<TextLine ID="P3_TL00029" HPOS="1157" VPOS="3125" WIDTH="47" HEIGHT="443">
						<String ID="P3_ST00338" HPOS="1168" VPOS="3510" WIDTH="27" HEIGHT="58" CONTENT="un" WC="0.24" CC="68"/>
						<SP ID="P3_SP00306" HPOS="1195" VPOS="3568" WIDTH="-38"/>
						<String ID="P3_ST00339" HPOS="1157" VPOS="3320" WIDTH="38" HEIGHT="170" CONTENT="homme" WC="0.99" CC="42100"/>
						<SP ID="P3_SP00307" HPOS="1195" VPOS="3568" WIDTH="-38"/>
						<String ID="P3_ST00340" HPOS="1157" VPOS="3125" WIDTH="47" HEIGHT="163" CONTENT="s'agite." WC="0.98" CC="64560024"/>
					</TextLine>
					<TextLine ID="P3_TL00030" HPOS="1242" VPOS="3381" WIDTH="37" HEIGHT="188">
						<String ID="P3_ST00341" HPOS="1242" VPOS="3489" WIDTH="37" HEIGHT="80" CONTENT="Les" WC="0.96" CC="406"/>
						<SP ID="P3_SP00308" HPOS="1279" VPOS="3569" WIDTH="-36"/>
						<String ID="P3_ST00342" HPOS="1243" VPOS="3381" WIDTH="35" HEIGHT="83" CONTENT="cris" WC="0.97" CC="1606"/>
					</TextLine>
					<TextLine ID="P3_TL00031" HPOS="1326" VPOS="2891" WIDTH="39" HEIGHT="678">
						<String ID="P3_ST00343" HPOS="1326" VPOS="3492" WIDTH="37" HEIGHT="77" CONTENT="des" WC="0.95" CC="516"/>
						<SP ID="P3_SP00309" HPOS="1363" VPOS="3569" WIDTH="-36"/>
						<String ID="P3_ST00344" HPOS="1327" VPOS="3291" WIDTH="36" HEIGHT="179" CONTENT="femmes" WC="0.98" CC="600566"/>
						<SP ID="P3_SP00310" HPOS="1363" VPOS="3569" WIDTH="-34"/>
						<String ID="P3_ST00345" HPOS="1329" VPOS="3114" WIDTH="35" HEIGHT="155" CONTENT="autour" WC="0.98" CC="305007"/>
						<SP ID="P3_SP00311" HPOS="1364" VPOS="3569" WIDTH="-38"/>
						<String ID="P3_ST00346" HPOS="1326" VPOS="3043" WIDTH="38" HEIGHT="51" CONTENT="de" WC="1.00" CC="00"/>
						<SP ID="P3_SP00312" HPOS="1364" VPOS="3569" WIDTH="-36"/>
						<String ID="P3_ST00347" HPOS="1328" VPOS="2891" WIDTH="37" HEIGHT="131" CONTENT="moi..." WC="0.98" CC="063140"/>
					</TextLine>
					<TextLine ID="P3_TL00032" HPOS="1409" VPOS="3103" WIDTH="50" HEIGHT="466">
						<String ID="P3_ST00348" HPOS="1409" VPOS="3394" WIDTH="38" HEIGHT="175" CONTENT="Chacun" WC="0.98" CC="660506"/>
						<SP ID="P3_SP00313" HPOS="1447" VPOS="3569" WIDTH="-26"/>
						<String ID="P3_ST00349" HPOS="1421" VPOS="3330" WIDTH="25" HEIGHT="44" CONTENT="se" WC="0.55" CC="62"/>
						<SP ID="P3_SP00314" HPOS="1447" VPOS="3569" WIDTH="-35"/>
						<String ID="P3_ST00350" HPOS="1412" VPOS="3103" WIDTH="47" HEIGHT="206" CONTENT="précipite" WC="0.99" CC="654406006"/>
					</TextLine>
					<TextLine ID="P3_TL00033" HPOS="1495" VPOS="3210" WIDTH="38" HEIGHT="357">
						<String ID="P3_ST00351" HPOS="1505" VPOS="3499" WIDTH="27" HEIGHT="68" CONTENT="me" WC="0.73" CC="05"/>
						<SP ID="P3_SP00315" HPOS="1532" VPOS="3567" WIDTH="-37"/>
						<String ID="P3_ST00352" HPOS="1495" VPOS="3210" WIDTH="38" HEIGHT="270" CONTENT="bousculant." WC="0.99" CC="53634546000"/>
					</TextLine>
					<TextLine ID="P3_TL00034" HPOS="1580" VPOS="3448" WIDTH="39" HEIGHT="122">
						<String ID="P3_ST00353" HPOS="1580" VPOS="3448" WIDTH="39" HEIGHT="122" CONTENT="Voici" WC="0.97" CC="53640"/>
					</TextLine>
					<TextLine ID="P3_TL00035" HPOS="1665" VPOS="3083" WIDTH="47" HEIGHT="484">
						<String ID="P3_ST00354" HPOS="1676" VPOS="3470" WIDTH="36" HEIGHT="97" CONTENT="que," WC="0.97" CC="4532"/>
						<SP ID="P3_SP00316" HPOS="1712" VPOS="3567" WIDTH="-47"/>
						<String ID="P3_ST00355" HPOS="1665" VPOS="3408" WIDTH="37" HEIGHT="39" CONTENT="le" WC="0.75" CC="50"/>
						<SP ID="P3_SP00317" HPOS="1712" VPOS="3567" WIDTH="-45"/>
						<String ID="P3_ST00356" HPOS="1667" VPOS="3295" WIDTH="36" HEIGHT="86" CONTENT="soir" WC="0.95" CC="6357"/>
						<SP ID="P3_SP00318" HPOS="1712" VPOS="3567" WIDTH="-46"/>
						<String ID="P3_ST00357" HPOS="1666" VPOS="3083" WIDTH="38" HEIGHT="193" CONTENT="tombant" WC="0.98" CC="0077330"/>
					</TextLine>
					<TextLine ID="P3_TL00036" HPOS="1745" VPOS="3355" WIDTH="47" HEIGHT="219">
						<String ID="P3_ST00358" HPOS="1745" VPOS="3497" WIDTH="47" HEIGHT="77" CONTENT="j'ai" WC="0.98" CC="6400"/>
						<SP ID="P3_SP00319" HPOS="1792" VPOS="3574" WIDTH="-43"/>
						<String ID="P3_ST00359" HPOS="1749" VPOS="3355" WIDTH="38" HEIGHT="123" CONTENT="froid." WC="0.99" CC="063003"/>
					</TextLine>
					<TextLine ID="P3_TL00037" HPOS="1978" VPOS="2476" WIDTH="51" HEIGHT="1088">
						<String ID="P3_ST00360" HPOS="1978" VPOS="3365" WIDTH="49" HEIGHT="199" CONTENT="Àvecque" WC="0.42" CC="8846065"/>
						<SP ID="P3_SP00320" HPOS="2027" VPOS="3564" WIDTH="-36"/>
						<String ID="P3_ST00361" HPOS="1991" VPOS="3259" WIDTH="26" HEIGHT="70" CONTENT="ses" WC="0.93" CC="756"/>
						<SP ID="P3_SP00321" HPOS="2027" VPOS="3564" WIDTH="-47"/>
						<String ID="P3_ST00362" HPOS="1980" VPOS="3043" WIDTH="48" HEIGHT="184" CONTENT="paroles," WC="0.98" CC="57645373"/>
						<SP ID="P3_SP00322" HPOS="2028" VPOS="3564" WIDTH="-47"/>
						<String ID="P3_ST00363" HPOS="1981" VPOS="2800" WIDTH="48" HEIGHT="224" CONTENT="j'emporte" WC="0.99" CC="640064410"/>
						<SP ID="P3_SP00323" HPOS="2029" VPOS="3564" WIDTH="-36"/>
						<String ID="P3_ST00364" HPOS="1993" VPOS="2686" WIDTH="27" HEIGHT="77" CONTENT="son" WC="0.95" CC="641"/>
						<SP ID="P3_SP00324" HPOS="2029" VPOS="3564" WIDTH="-44"/>
						<String ID="P3_ST00365" HPOS="1985" VPOS="2476" WIDTH="36" HEIGHT="176" CONTENT="sourire." WC="0.98" CC="61650550"/>
					</TextLine>
				</TextBlock>
				<TextBlock ID="P3_TB00004" HPOS="2342" VPOS="2526" WIDTH="263" HEIGHT="505" ROTATION="90.00" STYLEREFS="TXT_4 PAR_LEFT">
					<TextLine ID="P3_TL00038" HPOS="2344" VPOS="2530" WIDTH="40" HEIGHT="475">
						<String ID="P3_ST00366" HPOS="2344" VPOS="2800" WIDTH="38" HEIGHT="205" CONTENT="PHILIPPE" WC="0.98" CC="08700781" STYLEREFS="TXT_1"/>
						<SP ID="P3_SP00325" HPOS="2382" VPOS="3005" WIDTH="-37"/>
						<String ID="P3_ST00367" HPOS="2345" VPOS="2530" WIDTH="39" HEIGHT="242" CONTENT="VERNEUIL." WC="0.69" CC="237200064" STYLEREFS="TXT_1"/>
					</TextLine>
					<TextLine ID="P3_TL00039" HPOS="2453" VPOS="2642" WIDTH="42" HEIGHT="234">
						<String ID="P3_ST00368" HPOS="2453" VPOS="2730" WIDTH="42" HEIGHT="146" CONTENT="Hôpital" WC="0.97" CC="7461653"/>
						<SP ID="P3_SP00326" HPOS="2495" VPOS="2876" WIDTH="-41"/>
						<String ID="P3_ST00369" HPOS="2454" VPOS="2642" WIDTH="34" HEIGHT="73" CONTENT="172." WC="0.29" CC="8874"/>
					</TextLine>
					<TextLine ID="P3_TL00040" HPOS="2568" VPOS="2768" WIDTH="37" HEIGHT="262">
						<String ID="P3_ST00370" HPOS="2568" VPOS="2890" WIDTH="35" HEIGHT="140" CONTENT="Février" WC="0.97" CC="8678007"/>
						<SP ID="P3_SP00327" HPOS="2603" VPOS="3030" WIDTH="-33"/>
						<String ID="P3_ST00371" HPOS="2570" VPOS="2768" WIDTH="35" HEIGHT="94" CONTENT="1917." WC="0.47" CC="61664"/>
					</TextLine>
				</TextBlock>
				<TextBlock ID="P3_TB00005" HPOS="230" VPOS="2635" WIDTH="248" HEIGHT="640" ROTATION="90.00" STYLEREFS="TXT_5 PAR_LEFT">
					<TextLine ID="P3_TL00041" HPOS="327" VPOS="2775" WIDTH="57" HEIGHT="499">
						<String ID="P3_ST00372" HPOS="327" VPOS="2775" WIDTH="57" HEIGHT="499" CONTENT="DEPART" WC="0.96" CC="756774"/>
					</TextLine>
				</TextBlock>
			</PrintSpace>
		</Page>
	</Layout>
</alto>
