2883 4003
563 481 474 109 QUELQUES
1096 483 241 109 MOTS
1398 481 175 109 SUR
1639 486 117 104 LA
1810 486 522 108 SCULPTURE

400 632 222 60 (Résumé
656 639 57 39 de
745 638 49 41 la
824 639 213 40 causerie
1067 639 119 41 faite
1210 639 30 40 à
1265 639 206 41 I'atelier
1498 640 56 39 de
1580 641 165 38 Chana
1770 641 147 40 Orloff
1943 641 42 39 le
2011 642 250 41 dimanche
2286 646 28 37 4
2337 641 144 56 mars)

359 795 253 41 Avez-vous
639 798 244 51 remarqué
917 796 208 40 combien
1164 808 56 28 on
1249 796 126 53 parle
1409 808 84 40 peu
1529 796 53 40 de
1611 796 42 39 la
1686 796 244 51 sculpture,
1962 798 30 38 il
2027 802 69 36 est
2123 800 93 38 vrai
2248 800 105 51 qu'à
2375 800 97 39 cela
2493 800 30 38 il
2549 813 28 37 y
2606 812 25 26 a

250 876 231 49 peut-être
514 887 87 28 une
635 877 150 38 raison
811 889 9 24 :
856 875 108 41 c'est
994 887 87 40 que
1111 875 44 40 la
1188 875 238 52 sculpture
1448 875 156 52 depuis
1628 875 253 52 longtemps
1910 875 81 39 fait
2016 875 89 40 très
2128 889 84 38 peu
2242 876 152 52 parler
2420 876 149 40 d'elle.
2594 877 35 39 Il

248 965 28 40 y
308 965 26 27 a
354 952 434 42 indiscutablement
807 967 87 26 une
913 956 206 49 peinture
1137 958 44 36 et
1201 966 88 28 une
1311 954 147 52 poésie
1478 955 253 50 nouvelles,
1756 955 43 39 la
1821 955 232 52 sculpture
2075 955 72 38 n'a
2166 968 78 39 pas
2272 968 161 28 encore
2455 958 114 38 suivi
2593 960 44 34 et

254 1030 110 41 c'est
388 1031 349 52 profondément
766 1033 292 51 regrettable.

357 1109 121 41 Pour
522 1122 189 41 essayer
746 1109 234 42 d'éclairer
1017 1110 42 40 la
1101 1113 208 50 question
1342 1113 46 49 je
1422 1113 117 38 crois
1579 1112 110 52 qu'il
1733 1114 135 38 serait
1901 1112 89 39 bon
2027 1112 54 39 de
2110 1116 230 37 remonter
2371 1125 59 28 un
2458 1125 84 40 peu
2576 1125 55 27 en

247 1188 172 41 arrière
440 1192 44 37 et
522 1189 55 40 de
609 1188 219 41 chercher
856 1202 49 28 ce
927 1202 86 39 que
1046 1189 43 39 la
1112 1189 230 52 sculpture
1375 1203 26 26 a
1422 1190 82 40 fait
1530 1191 166 39 durant
1723 1191 64 39 les
1821 1191 206 51 périodes
2049 1191 113 39 d'art
2199 1194 77 49 qui
2325 1194 76 37 ont
2438 1191 192 52 précédé

247 1267 115 39 celle
403 1279 88 41 que
531 1280 113 28 nous
679 1270 163 38 vivons
882 1267 304 52 aujourd'hui.
1225 1270 51 38 Je
1312 1280 54 28 ne
1399 1270 277 38 remonterai
1716 1281 80 39 pas
1830 1268 330 53 indéfiniment,
2194 1270 105 38 bien
2331 1271 213 47 entendu,
2584 1271 45 50 je

249 1346 186 51 partirai
469 1345 60 41 du
573 1346 152 52 grand
765 1346 402 39 embranchement
1206 1347 445 51 Ingres-Delacroix;
1687 1349 45 48 je
1771 1349 115 37 crois
1924 1348 135 50 qu'on
2104 1351 108 47 peut
2248 1350 136 38 saisir
2429 1348 42 40 là
2504 1360 123 28 assez

249 1427 249 37 nettement
518 1424 67 41 les
606 1426 117 38 deux
745 1427 213 38 courants
985 1427 76 49 qui
1100 1424 134 53 après
1256 1426 126 38 avoir
1409 1425 79 40 fait
1517 1425 80 39 des
1627 1425 184 41 détours
1843 1427 101 50 plus
1976 1439 56 26 ou
2072 1428 148 38 moins
2251 1429 258 49 capricieux
2530 1431 99 36 sont

249 1505 148 38 entrés
431 1516 54 27 en
517 1506 192 48 contact,
748 1504 286 52 engendrant
1072 1504 56 39 de
1167 1516 48 27 ce
1251 1504 80 39 fait
1368 1504 43 39 la
1451 1503 175 52 grande
1665 1504 181 52 période
1876 1504 283 40 commencée
2195 1505 161 52 depuis
2394 1506 232 51 plusieurs

245 1581 169 41 années
436 1580 117 53 déjà.

354 1660 129 39 Donc
511 1659 201 52 pendant
743 1672 85 39 que
855 1661 160 50 Ingres
1054 1661 223 40 insufflait
1310 1659 175 52 l'esprit
1519 1661 53 39 de
1611 1663 323 38 connaissance
1973 1663 223 50 profonde
2227 1665 44 37 et
2301 1664 322 48 constructive,

245 1739 201 51 pendant
488 1751 86 39 que
612 1739 236 40 Delacroix
882 1739 259 52 exaspérait
1171 1739 42 40 la
1254 1738 262 41 sensibilité
1555 1741 79 50 qui
1674 1741 248 38 aboutirait
1952 1741 25 39 à
2025 1741 475 52 l'impressionnisme,
2536 1754 89 39 que

243 1818 212 40 faisaient
484 1818 66 40 les
590 1818 284 52 sculpteurs?
896 1819 68 39 Du
1004 1817 101 41 côté
1134 1818 239 40 Delacroix
1395 1818 31 40 il
1467 1831 26 39 y
1526 1831 26 27 a
1590 1818 228 40 influence
1843 1831 127 27 assez
1996 1819 230 52 marquée.
2250 1819 144 48 Rude,
2429 1821 195 51 quoique

242 1896 104 52 plus
387 1896 100 53 âgé,
524 1899 124 37 entre
677 1896 117 40 dans
819 1896 63 40 les
910 1896 235 41 nouvelles
1181 1899 141 47 voies,
1351 1901 43 35 et
1419 1897 79 39 fait
1529 1900 244 37 nettement
1804 1897 131 51 appel
1967 1898 25 39 à
2025 1898 44 39 la
2091 1898 253 40 sensibilité
2376 1898 157 52 (Chant
2565 1898 59 39 du

243 1974 192 54 départ).
460 1976 118 40 Chez
605 1976 237 52 Carpeaux
870 1976 41 39 le
934 1976 92 39 rôle
1049 1975 56 40 de
1128 1976 42 38 la
1201 1975 257 40 sensibilité
1491 1976 268 51 s'accentue,
1794 1976 29 38 il
1845 1988 27 39 y
1907 1988 24 26 a
1966 1975 43 39 là
2033 1979 327 37 certainement
2387 1988 58 28 un
2467 1979 158 49 apport

244 2066 206 28 nouveau
472 2058 43 36 et
535 2054 90 41 l'on
649 2058 68 36 est
748 2058 99 36 tout
877 2053 161 41 étonné
1068 2054 54 39 de
1144 2056 97 38 voir
1259 2056 133 50 qu'en
1420 2056 38 37 si
1492 2054 88 40 bon
1615 2054 192 49 chemin,
1833 2054 33 39 il
1898 2054 124 39 faille
2050 2054 207 40 attendre
2271 2055 183 51 jusqu'à
2474 2054 147 40 Rodin

237 2146 114 40 pour
367 2138 188 36 trouver
569 2146 60 28 un
652 2134 232 51 sculpteur
906 2145 197 41 presque
1126 2134 407 50 impressionniste,
1558 2145 77 27 car
1656 2135 37 37 si
1716 2133 88 39 l'on
1825 2136 157 36 trouve
2001 2133 111 39 dans
2133 2133 143 41 Rodin
2293 2134 59 39 du
2370 2146 120 40 grec,
2511 2134 52 39 de
2581 2134 42 39 la

237 2215 292 38 renaissance
552 2212 232 50 italienne,
804 2212 60 40 du
876 2212 236 53 gothique,
1128 2224 58 27 on
1198 2225 28 38 y
1244 2216 158 35 trouve
1417 2214 122 37 aussi
1551 2211 76 40 des
1640 2211 250 41 tendances
1902 2214 79 49 qui
1996 2211 311 52 représentent
2323 2212 40 40 le
2376 2215 246 38 maximum

240 2291 468 52 d'impressionnisme
740 2303 86 40 que
848 2291 42 39 la
918 2290 232 51 sculpture
1170 2292 62 38 ait
1254 2302 53 28 su
1342 2290 189 40 réaliser
1550 2302 54 27 en
1632 2291 173 40 France
1836 2291 56 51 (1)
1914 2304 8 25 :
1947 2303 56 27 on
2038 2294 107 48 peut
2175 2291 116 40 donc
2312 2292 98 39 dire
2433 2305 85 40 que
2549 2304 73 27 ces

239 2372 113 38 trois
375 2370 264 52 sculpteurs
660 2373 78 37 ont
759 2369 194 51 effleuré
975 2369 473 52 l'impressionnisme,
1475 2372 112 37 mais
1612 2369 57 40 ils
1689 2372 98 37 sont
1809 2369 91 39 loin
1922 2369 55 40 de
1999 2369 44 40 la
2065 2369 242 52 splendide
2333 2370 214 41 floraison
2569 2370 54 40 de

237 2448 156 41 l'école
415 2449 55 40 de
490 2451 206 50 peinture
719 2456 41 32 et
792 2448 92 40 loin
922 2447 171 41 d'avoir
1114 2450 163 38 extrait
1314 2448 43 39 la
1387 2449 320 51 quintessence
1733 2447 54 40 de
1815 2459 50 28 ce
1896 2459 87 40 que
2014 2451 113 37 cette
2150 2447 254 54 esthétique
2436 2451 187 50 pouvait

241 2527 178 41 donner
451 2528 26 40 à
504 2527 44 40 la
578 2528 247 52 sculpture.
849 2529 69 38 Du
952 2526 97 40 côté
1074 2527 158 51 Ingres
1263 2525 56 41 où
1357 2526 90 40 l'on
1481 2528 93 38 voit
1613 2526 79 40 des
1729 2527 167 49 Manet,
1919 2526 77 41 des
2020 2527 231 52 Gauguin,
2287 2526 77 41 des
2393 2527 224 49 Cézanne,

239 2607 64 40 les
342 2607 260 52 sculpteurs
639 2609 99 38 tout
776 2604 184 41 d'abord
994 2617 54 27 ne
1077 2606 153 38 voient
1251 2606 161 51 Ingres
1435 2606 135 51 qu'en
1608 2606 211 38 suiveurs
1855 2607 43 36 et
1931 2604 56 40 ils
2017 2604 94 40 font
2138 2605 78 40 des
2244 2617 194 41 casques
2470 2609 44 37 et
2542 2606 76 40 des

239 2685 206 52 péplums
465 2699 8 35 ;
498 2686 29 39 il
550 2700 28 38 y
597 2698 27 26 a
651 2696 87 28 une
759 2684 177 40 dizaine
964 2682 211 41 d'années
1211 2685 205 38 vivaient
1446 2695 163 28 encore
1634 2683 62 39 les
1732 2682 204 40 derniers
1972 2683 264 52 champions
2267 2683 54 40 de
2354 2687 115 37 cette
2502 2687 115 38 série

237 2766 153 48 noire;
413 2766 185 38 ensuite
632 2776 55 28 on
722 2766 251 36 rencontre
995 2762 266 40 Constantin
1279 2762 223 45 Meunier,
1528 2774 58 26 un
1609 2762 147 52 grand
1789 2764 167 44 artiste,
1988 2765 164 46 certes,
2185 2762 116 40 mais
2324 2765 77 49 qui
2438 2776 25 26 a
2493 2776 56 26 vu
2576 2764 40 38 le

237 2842 165 41 monde
432 2854 162 28 encore
624 2846 43 36 et
706 2844 209 49 toujours
940 2853 107 27 avec
1066 2839 286 52 l'esthétique
1385 2853 217 39 grecque,
1625 2840 30 39 il
1675 2840 70 39 n'a
1775 2839 54 40 de
1862 2839 215 40 moderne
2105 2853 87 39 que
2213 2840 40 40 le
2276 2843 132 48 sujet,
2437 2842 180 39 mineur

235 2934 57 27 ou
311 2922 273 47 débardeur,
604 2933 109 29 avec
738 2920 196 53 lesquels
965 2920 32 39 il
1028 2919 131 40 refait
1192 2920 80 39 des
1294 2919 259 40 bas-reliefs
1580 2919 60 39 du
1671 2919 278 40 Parthénon.
1983 2920 35 37 A
2047 2931 49 26 ce
2123 2931 165 39 propos
2317 2931 298 40 remarquons

240 3014 54 27 en
311 3005 187 48 passant
512 3002 43 39 la
574 3002 173 39 bizarre
771 2998 234 41 mentalité
1024 3001 79 49 qui
1127 2997 141 54 régna
1295 2997 198 53 pendant
1520 2998 222 53 quelques
1776 2998 169 40 années
1977 3001 43 36 et
2043 2999 78 50 qui
2155 3009 48 27 se
2238 3000 161 38 trouve
2425 3000 39 38 si
2509 2999 107 40 bien

240 3083 225 50 exprimée
493 3082 113 40 dans
628 3081 41 40 le
705 3093 105 27 vers
847 3079 56 39 de
927 3077 195 41 Chénier
1157 3089 7 27 :

777 3157 82 37 Sur
885 3155 76 37 des
988 3166 178 37 pensera
1196 3164 229 27 nouveaux
1451 3154 103 36 faire
1583 3154 76 37 des
1687 3165 95 26 vers
1813 3156 211 46 antiques,

237 3242 43 35 et
301 3237 200 52 pendant
522 3238 253 52 longtemps
805 3237 65 38 les
903 3236 185 38 artistes
1115 3237 78 36 ont
1217 3246 77 26 cru
1330 3234 113 39 faire
1484 3246 153 27 œuvre
1669 3234 214 39 moderne
1913 3246 53 28 en
2006 3234 280 52 remplaçant
2318 3234 66 40 les
2409 3233 206 53 péplums

232 3322 45 34 et
317 3317 62 38 les
419 3328 195 40 casques
657 3328 79 40 par
771 3314 76 40 des
881 3312 247 53 pardessus
1154 3316 43 34 et
1216 3310 79 39 des
1327 3310 235 52 chapeaux
1584 3312 132 40 hauts
1741 3312 55 40 de
1823 3312 157 40 forme.

320 3442 46 42 (1)
383 3443 28 31 Il
426 3444 54 31 est
501 3443 120 31 bonde
639 3451 42 23 ne
700 3449 63 34 pas
783 3439 134 33 oublier
937 3439 32 30 le
988 3437 183 40 sculpteur
1183 3436 125 32 italien
1331 3437 108 32 Rosso
1458 3439 89 40 quia
1568 3439 125 40 poussé
1709 3441 50 31 les
1790 3439 204 33 recherches
2011 3439 324 42 impressionnistes
2356 3438 79 41 plus
2455 3438 70 31 loin
2546 3446 66 33 que

236 3496 124 40 Rodin,
381 3496 89 33 mais
490 3496 26 33 il
537 3496 55 33 n'a
613 3505 41 24 eu
675 3503 85 33 pour
787 3493 92 34 ainsi
913 3492 74 32 dire
1011 3500 134 24 aucune
1162 3490 174 34 influence
1357 3500 42 25 en
1419 3493 135 33 France
1573 3493 42 33 où
1636 3503 42 23 on
1700 3496 32 32 le
1750 3494 139 34 connaît
1913 3494 175 33 d'ailleurs
2116 3495 71 32 très
2207 3502 77 33 peu,
2307 3502 38 24 ce
2377 3492 58 42 qui
2465 3494 53 31 est
2545 3493 67 31 fort

235 3551 235 41 regrettable.
