2898 3048
1532 2354 47 42 76

1253 529 401 54 vorausgesetzt,
1677 525 117 45 dass
1821 526 72 44 sie
1921 539 92 31 aus
2041 526 119 45 dem
2183 528 215 46 Linien=:

1254 585 155 44 flusse
1437 586 88 44 des
1555 586 216 44 Ganzen
1799 590 358 52 naturgemäss
2187 588 215 46 heraus=

1253 645 270 53 wachsen,
1538 649 403 52 vorausgesetzt,
1959 646 116 44 dass
2093 646 131 45 eben
2240 649 164 45 dieser

1256 703 303 58 allgemeine
1571 705 314 57 Rhythmus,
1903 705 100 44 den
2020 718 97 31 nur
2135 707 88 44 der
2234 709 169 43 wirk=

1252 762 133 46 liehe
1428 765 244 44 Künstler
1718 764 137 44 noch
1901 764 74 43 im
2017 765 218 45 Letzten
2283 781 119 31 aus=

1253 824 251 54 sprechen
1525 824 159 52 kann,
1709 824 91 43 das
1824 823 177 44 Ganze
2023 823 183 46 belebt.
2309 835 94 43 0©

1252 890 43 42 0
1357 883 179 45 Wenn
1589 884 124 44 aber
1771 883 178 56 irgend
2005 883 83 44 ein
2144 884 259 47 einfacher

1253 941 384 54 Handwerker,
1656 944 183 44 dessen
1856 941 224 45 Denken
2102 944 108 43 sich
2227 944 53 44 in
2298 946 104 44 viel

1252 1002 356 55 primitiveren
1639 1003 230 45 Formen
1901 1001 190 57 ergeht,
2122 1002 140 45 dann
2292 1005 110 44 hier

1252 1062 107 42 und
1386 1062 114 45 dort
1530 1064 84 44 ein
1641 1062 297 46 Stückchen
1964 1061 297 53 hernimmt,
2283 1077 119 31 was

1252 1121 110 44 ihm
1401 1122 133 45 eben
1572 1122 75 44 als
1684 1121 330 57 ungewohnt
2052 1120 211 53 auffällt,
2295 1124 107 43 und

1253 1180 136 45 ohne
1418 1182 123 44 alles
1567 1182 332 55 Empfinden,
1923 1180 92 43 das
2047 1179 100 44 den
2173 1180 228 47 Formen

1252 1244 102 40 erst
1380 1241 381 57 Berechtigung
1792 1240 107 44 und
1926 1240 475 59 Zusammenklang

1252 1300 144 56 gäbe,
1429 1314 94 31 an=
1554 1301 107 44 und
1693 1298 536 53 übereinanderhäuft,
2263 1300 138 46 dann

1252 1360 64 43 ist
1354 1360 91 44 das
1481 1359 318 46 Schwindel.
1837 1358 152 44 Dazu
2025 1357 204 45 kommt
2265 1361 136 44 noch

1253 1419 91 44 das
1361 1419 272 45 Bedürfnis
1656 1419 89 44 des
1767 1417 272 46 einfachen
2056 1417 222 46 Mannes
2294 1421 107 43 und

1254 1478 124 45 aller
1421 1479 271 45 einfachen
1728 1478 193 50 Zeiten,
1961 1475 89 45 der
2086 1479 181 56 wenig
2308 1480 92 44 be=

1251 1538 307 57 schäftigten
1589 1537 283 45 Phantasie
1908 1535 93 43 auf
2031 1535 193 45 einmal
2257 1540 144 44 recht

1250 1598 105 43 viel
1382 1599 282 56 Anregung
1694 1610 67 30 zu
1787 1596 186 49 bieten,
1995 1595 107 43 und
2130 1596 161 45 damit
2319 1599 81 45 die

1252 1656 377 57 Ueberladung.
2253 1665 148 43 00©

1250 1723 42 43 ©
1353 1717 121 44 Wir
1505 1717 180 44 dürfen
1716 1728 98 31 uns
1845 1713 132 44 eben
2009 1712 218 47 darüber
2257 1717 143 44 nicht

1251 1776 265 52 täuschen,
1560 1777 117 43 dass
1716 1774 143 56 jedes
1904 1772 164 45 höher
2113 1774 286 48 cultivierte

1249 1834 108 43 und
1385 1836 164 42 damit
1572 1833 428 45 differenziertere
2022 1832 136 44 Volk
2184 1833 214 47 Schich=

1249 1897 88 40 ten
1359 1908 108 30 von
1493 1894 118 44 sehr
1637 1891 425 47 verschiedenem
2083 1892 315 57 Empfinden

1249 1953 419 45 nebeneinander
1698 1951 229 45 umfasst.
1955 1950 181 46 Wenn
2168 1954 89 45 der
2286 1955 111 44 ein=

1248 2011 149 45 fache
1412 2012 370 44 Handwerker
1800 2011 91 43 das
1909 2010 232 47 einfache
2156 2013 241 58 Empfin=

1250 2071 100 44 den
1377 2073 168 42 seiner
1570 2071 325 56 Umgebung,
1922 2071 94 42 mit
2044 2071 88 44 der
2158 2086 54 31 er
2239 2074 158 44 denkt

1248 2130 107 43 und
1401 2131 151 51 fühlt,
1596 2130 195 45 ehrlich
1836 2128 225 47 bekennt
2106 2132 107 44 und
2254 2133 143 44 nicht

1248 2188 164 45 höher
1442 2190 187 44 hinaus
1660 2189 129 51 will,
1828 2188 140 44 dann
1998 2192 139 43 wird
2174 2205 55 31 er
2263 2192 133 44 auch

489 873 198 23 Bucheinband

489 908 198 22 Hausmarken
