3502 4394
1710 131 60 51 45

132 278 232 54 verleitete
394 277 135 50 somit
558 277 146 66 Jenny
732 274 114 51 Lind
888 275 130 51 einen
1047 271 300 70 Augenblick,
1392 271 82 50 der
1515 271 169 58 reinen,

131 363 186 51 wahren
331 362 154 49 Kunst
517 359 89 51 und
638 360 133 49 somit
800 359 144 50 ihrem
973 358 249 67 eigensten,
1254 357 232 49 innersten
1508 355 176 52 Wesen

135 444 142 52 selbst
306 452 168 42 untreu
506 461 53 30 zu
592 442 197 49 werden.

258 547 52 47 In
339 544 88 51 den
458 542 180 51 Proben
662 560 111 48 sang
789 542 146 65 Jenny
952 538 114 51 Lind
1091 547 134 41 unter
1251 538 233 67 häufigem
1508 538 141 52 Wech-

136 628 64 50 sel
231 627 223 51 zwischen
485 626 214 67 geistiger
729 623 96 51 und
854 622 369 51 instrumentaler
1240 621 164 59 Farbe,
1437 621 147 50 wobei
1615 622 71 49 die

135 710 361 68 entsprechende
525 707 335 65 Veränderung
901 705 80 49 der
1010 705 127 66 Züge
1169 703 91 51 sich
1289 705 44 49 in
1363 705 297 49 interessante-

136 801 94 42 ster
262 792 161 52 Weise
454 792 228 64 verfolgen
714 790 117 48 liess.
891 787 73 48 Sie
1004 787 76 50 hat
1119 787 140 50 daher
1289 787 70 50 die
1390 787 296 66 Darstellung

135 878 81 50 der
245 876 394 51 verschiedensten
662 872 319 65 Stimmungen
1010 871 142 49 durch
1185 871 70 48 die
1286 870 227 50 Tonfarbe
1545 871 116 49 offen-

131 959 85 50 bar
245 959 115 50 auch
392 957 118 50 dann
540 956 42 49 in
612 956 82 49 der
723 953 193 58 Gewalt,
959 970 134 33 wenn
1134 952 63 50 sie
1226 953 135 65 völlig
1392 952 90 50 kalt
1528 951 158 60 bleibt,

135 1042 159 51 mithin
324 1042 87 50 den
439 1040 223 49 höchsten
694 1037 145 68 Gipfel
870 1037 80 49 der
981 1037 151 49 Kunst
1162 1036 210 51 erreicht.

261 1152 160 50 Wenn
464 1149 84 51 wir
591 1148 114 49 über
748 1146 70 51 die
850 1145 235 66 Wirkung
1129 1144 78 51 des
1250 1144 436 51 Missverhältnisses

136 1235 83 51 der
247 1234 128 65 Züge
407 1249 56 32 zu
493 1232 102 49 dem
626 1228 289 59 Ausdrucke,
959 1226 202 51 welchen
1204 1225 80 51 der
1315 1228 178 66 Sänger
1523 1246 56 30 zu
1608 1243 53 51 ge-

136 1318 89 51 ben
256 1315 313 66 beabsichtigt,
601 1314 145 66 einige
776 1312 352 66 Bemerkungen
1157 1309 229 61 anreihen,
1427 1327 50 33 so
1508 1310 179 50 wählen

136 1400 84 50 wir
263 1399 116 50 dazu
423 1397 70 49 die
524 1399 229 62 Vorträge
794 1394 79 50 des
903 1394 153 48 Herrn
1087 1392 248 50 Schneider
1376 1409 80 33 aus
1486 1392 200 68 Leipzig.

136 1483 126 51 Nach
286 1480 136 68 jenen
445 1498 87 32 von
550 1480 145 67 Jenny
714 1478 114 49 Lind
859 1493 154 33 waren
1042 1475 65 50 sie
1137 1474 250 67 unbedingt
1416 1475 70 50 die
1515 1474 143 51 bedeu-

138 1566 236 57 tendsten;
418 1562 83 52 wir
541 1562 176 49 lernten
756 1560 43 50 in
830 1560 152 49 Herrn
1014 1558 246 49 Schneider
1291 1558 129 49 einen
1446 1558 80 49 mit
1556 1558 104 49 schö-

138 1666 90 33 nen
258 1646 339 52 Stimmmitteln
626 1643 243 67 begabten,
886 1640 386 51 nachdenkenden
1300 1642 176 65 Sänger
1494 1640 192 59 kennen,

139 1732 81 49 der
248 1731 42 49 in
322 1729 104 51 echt
456 1727 351 51 künstlerischer
837 1724 176 57 Weise,
1053 1723 79 50 frei
1173 1741 86 32 von
1289 1723 181 51 hohlem
1501 1724 186 57 Pathos,

138 1812 284 52 Einfachheit
450 1811 94 49 und
574 1809 246 52 Wahrheit
846 1808 78 48 des
957 1806 266 50 Ausdrucks
1255 1806 240 49 erstrebte.
1527 1806 161 49 Leider

139 1897 79 50 hat
245 1912 51 33 er
327 1894 68 50 die
426 1892 315 58 Gewohnheit,
788 1891 122 49 seine
940 1889 191 50 Stimme
1175 1889 81 50 mit
1296 1889 123 50 einer
1460 1889 195 50 Gezwun-

139 1978 183 69 genheit
365 1996 56 32 zu
465 1976 304 67 gebrauchen,
813 1973 172 50 welche
1029 1972 93 49 sich
1161 1972 272 49 namentlich
1477 1972 44 51 in
1565 1973 123 48 einer

140 2063 252 66 Spannung
436 2060 79 49 der
544 2058 173 68 Lippen
762 2056 117 66 zeigt
924 2056 92 49 und
1061 2055 167 49 seinem
1260 2055 158 66 Organ
1449 2055 130 49 einen
1608 2058 53 46 nä-

140 2145 185 50 selnden
357 2142 214 66 Beiklang
600 2140 109 67 gibt.
741 2141 52 48 In
822 2138 103 51 dem
953 2138 193 57 Maasse,
1175 2137 85 50 wie
1288 2138 122 47 Herr
1441 2137 247 50 Schneider

140 2229 154 49 seinen
324 2227 201 65 Vortrag
555 2242 55 31 zu
639 2222 191 51 beleben
861 2222 146 57 sucht,
1038 2220 136 66 steigt
1209 2220 105 66 jene
1338 2221 264 66 Spannung,
1636 2237 51 33 so

141 2311 102 50 dass
273 2326 50 33 er
352 2315 112 43 stets
497 2307 151 50 seinen
680 2306 186 66 eigenen
897 2303 286 50 Intentionen
1226 2303 329 65 entgegentritt
1594 2303 92 50 und

141 2392 167 66 gerade
334 2392 54 49 da
419 2408 72 31 am
521 2390 253 66 wenigsten
804 2387 111 66 gibt,
943 2404 72 32 wo
1044 2401 50 33 er
1128 2402 73 34 am
1234 2386 187 48 meisten
1453 2404 54 30 zu
1540 2385 148 67 geben

141 2474 173 68 glaubt,
345 2474 90 49 und
468 2471 284 67 umgekehrt.

261 2575 109 52 Man
412 2575 117 48 kann
574 2573 141 49 daher
757 2571 69 50 die
869 2569 330 66 Beobachtung
1242 2570 80 48 der
1364 2570 324 66 Gesichtszüge

141 2659 93 51 und
265 2659 68 50 die
362 2658 205 65 Prüfung
596 2655 80 50 der
705 2654 188 66 eigenen
935 2654 102 48 dem
1068 2654 178 63 Sänger
1275 2653 121 48 nicht
1427 2669 152 50 genug
1609 2670 52 31 an-

141 2740 268 69 empfehlen,
452 2756 78 31 um
576 2737 199 49 dadurch
822 2735 151 50 seinen
1005 2734 109 49 Sinn
1160 2734 70 48 für
1259 2734 339 49 Tonschönheit
1630 2752 53 31 zu

141 2823 271 52 entwickeln
442 2823 92 48 und
566 2819 134 52 somit
729 2820 80 49 auf
832 2818 70 49 die
934 2817 267 64 Veredlung
1231 2817 146 48 seiner
1395 2815 291 66 Tonbildung

143 2907 141 50 selbst
314 2905 319 51 einzuwirken.
680 2903 132 49 Auch
845 2902 100 48 dem
976 2899 358 57 Kunstfreunde,
1358 2898 60 66 ja,
1447 2899 103 48 dem
1583 2900 67 49 Mu-

144 2991 122 48 siker
309 3007 86 32 von
427 2989 121 48 Fach
593 2985 101 50 darf
733 2985 62 50 sie
841 2984 62 48 als
935 2983 144 49 Mittel
1120 2982 317 68 anempfohlen
1486 2983 201 57 werden,

146 3073 94 50 sein
265 3071 175 50 Urtheil
466 3071 115 49 über
606 3069 182 65 Gesang
813 3086 52 30 zu
898 3064 283 67 berichtigen
1213 3064 92 51 und
1335 3083 53 31 zu
1420 3064 268 60 verfeinern,

145 3154 100 50 weil
277 3153 92 51 sich
398 3154 42 47 in
473 3148 263 53 demselben
779 3166 87 33 nur
907 3166 53 30 zu
992 3148 158 66 häufig
1180 3148 80 48 der
1288 3156 225 42 crasseste
1543 3148 116 50 Mate-

146 3239 224 49 rialismus
402 3234 268 69 ausspricht.

271 3337 107 51 Wir
407 3336 166 56 hoffen,
605 3333 141 52 durch
779 3347 164 33 unsere
972 3330 362 66 Mittheilungen,
1366 3331 68 49 die
1465 3331 81 49 wir
1575 3331 93 49 hier-

145 3421 80 50 mit
256 3420 256 56 schliessen,
544 3418 80 50 der
654 3413 446 65 Vernachlässigung
1129 3413 215 66 geistiger
1374 3413 227 50 Tonfarbe
1632 3415 59 48 im

146 3505 210 65 Gesänge
397 3502 212 50 wirksam
640 3509 225 57 entgegen
898 3516 52 31 zu
985 3505 161 49 treten,
1195 3497 91 48 und
1329 3496 142 51 durch
1503 3497 71 50 die
1604 3499 58 48 Be-

146 3586 251 65 leuchtung
437 3585 79 48 der
558 3582 339 52 musicalischen
929 3580 289 65 Ausbildung
1260 3598 84 31 von
1387 3581 148 65 Jenny
1562 3580 129 58 Lind,

150 3686 55 33 so
237 3670 85 49 wie
352 3669 80 49 der
463 3666 265 67 Principien,
773 3665 171 49 welche
976 3664 118 64 Berg
1137 3662 237 50 derselben
1420 3680 54 31 zu
1508 3662 184 50 Grunde

146 3753 139 66 legte,
331 3753 77 48 das
441 3750 178 49 Wesen
661 3751 81 47 der
773 3747 190 50 Studien
999 3764 77 32 zur
1108 3745 345 66 Anerkennung
1484 3764 52 30 zu
1569 3745 98 49 brin-

148 3852 103 48 gen,
282 3834 141 49 durch
454 3833 172 49 welche
658 3831 142 65 einzig
831 3830 91 50 und
954 3829 128 49 allein
1112 3829 95 48 ihre
1239 3829 351 64 Beherrschung
1622 3844 47 33 er-

148 3915 191 51 worben
365 3915 184 51 werden
578 3914 130 49 kann.
743 3914 106 49 Wir
878 3913 159 48 stellen
1067 3911 114 49 allen
1212 3910 282 50 strebsamen
1519 3910 173 66 jungen

149 3998 220 50 Talenten
399 4000 147 65 Jenny
577 3996 113 50 Lind
736 3995 62 50 als
844 3994 306 57 leuchtendes,
1193 3993 277 49 vollendetes
1499 3991 189 51 Vorbild

149 4081 99 58 hin;
292 4080 219 52 vielleicht
543 4079 138 52 bleibt
710 4079 63 49 sie
804 4078 273 61 unerreicht,
1122 4076 109 51 aber
1270 4076 145 51 sicher
1455 4076 123 50 lührt
1615 4076 77 50 der

1783 270 139 67 Weg,
1954 270 86 52 den
2070 271 86 53 wir
2182 270 337 62 bezeichneten,
2548 271 70 51 ihr
2647 273 159 59 näher,
2838 288 138 39 wenu
3004 288 51 34 er
3088 270 81 52 mit
3198 271 139 53 Ernst

1779 353 90 51 und
1899 355 160 50 festem
2090 354 172 52 Willen
2297 354 207 51 betreten
2534 354 128 52 wird.

3081 363 41 43 tz

2337 591 93 58 Für
2468 591 296 59 Pianoforte.

1960 730 91 49 Th.
2074 729 188 64 Gouvy,
2263 728 32 48 4
2831 729 248 48 Serenades

2026 812 112 65 köpf
2548 814 47 64 Sf
2699 811 179 48 Härtel.
3131 811 183 66 Cliaque
2985 811 70 51 10

1902 939 88 51 Nr.
2026 938 48 51 1.
2123 939 256 65 Allegretio,
2421 939 166 58 F-dur,
2624 933 81 69 %.
2750 938 52 48 In
2831 937 125 51 einer
2986 955 86 33 von
3102 937 228 67 Venedigs

1777 1022 399 52 Wasserstrassen
2206 1021 238 49 schwankt
2472 1021 80 48 auf
2578 1018 135 51 leicht
2742 1019 237 68 bewegter
3006 1021 327 51 Meeresfläche

1780 1106 97 49 eine
1898 1105 148 49 Barke
2069 1103 145 51 dahin.
2244 1105 51 48 In
2326 1103 68 49 ihr
2424 1102 104 51 sitzt
2557 1103 67 49 ein
2644 1102 232 67 Jüngling,
2905 1103 80 49 der
3015 1103 45 50 in
3090 1103 80 50 der
3199 1102 134 51 lauen

1778 1188 110 50 Luft
1917 1187 122 51 einer
2069 1186 335 51 sternenhellen
2421 1186 146 49 Nacht
2596 1185 148 49 seiner
2760 1185 324 67 Angebeteten
3113 1186 118 49 noch
3262 1186 72 49 ein

1781 1275 148 45 süsses
1975 1268 417 51 Abendständchen
2436 1267 189 67 bringen
2670 1267 103 51 will.
2840 1267 114 50 Bald
3012 1267 184 66 gelangt
3253 1267 80 50 das

1781 1353 160 50 leichte
1973 1352 238 66 Fahrzeug
2242 1370 55 32 an
2324 1351 88 49 den
2441 1350 244 50 ersehnten
2713 1350 114 58 Ort;
2867 1367 95 33 nun
2991 1350 109 49 ruht
3131 1350 79 50 das
3239 1351 66 49 Ru-

1781 1436 96 57 der,
1919 1435 94 51 und
2054 1435 116 66 flugs
2222 1433 193 68 erklingt
2455 1433 64 50 als
2549 1432 287 51 Vorläuferin
2877 1432 93 50 und
3000 1432 221 68 Trägerin
3253 1432 79 51 des

1781 1519 232 66 Gesanges
2051 1517 70 50 die
2150 1517 257 50 Mandoline
2445 1516 80 50 mit
2553 1516 127 50 ihren
2709 1515 173 59 naiven,
2924 1522 183 42 munter
3135 1515 168 67 hüpfen-

1781 1601 88 50 den
1880 1601 286 50 Tonweisen.
2200 1600 124 49 Aber
2354 1599 115 49 über
2492 1599 102 48 dem
2620 1597 244 68 doppelten
2882 1599 451 66 Accompagnement

1782 1684 79 49 des
1891 1685 329 51 Instrumentes
2251 1681 93 50 und
2375 1681 80 50 der
2484 1680 107 49 leise
2623 1680 347 67 plätschernden
2987 1680 347 67 Meereswogen

1782 1766 206 50 schwebt
2030 1766 93 50 und
2163 1765 161 49 erhebt
2363 1764 91 49 sich
2497 1781 93 32 nun
2620 1764 82 48 der
2732 1762 268 51 seelenvolle
3029 1762 168 59 Tenor,
3240 1764 94 49 und

1782 1849 71 51 die
1882 1849 223 49 feierliche
2136 1848 126 49 Stille
2304 1848 80 49 der
2413 1846 146 50 Nacht
2603 1845 261 67 begünstigt
2909 1845 89 51 und
3043 1845 164 51 erhöht
3248 1846 86 50 den

1782 1931 324 50 zauberischen
2145 1931 150 65 Klang
2341 1930 91 48 und
2465 1929 343 66 Wiederklang,
2853 1928 101 49 dass
3001 1945 49 31 er
3093 1928 115 49 noch
3254 1945 78 32 um

1783 2015 148 50 Vieles
1973 2014 235 49 reizender
2252 2013 90 49 und
2385 2011 243 51 köstlicher
2796 2049 10 11 .
2848 2010 131 50 Doch
3010 2028 73 32 wo
3113 2010 57 50 ist
3199 2011 107 49 Refe-

1781 2104 103 42 rent
1914 2098 122 48 denn
2065 2095 332 66 hingerathen?
2437 2095 67 47 Er
2533 2102 143 41 setzte
2708 2094 90 48 sich
2830 2110 79 32 ans
2940 2093 188 58 Ciavier,
3169 2110 77 32 um
3277 2110 57 32 zu

1781 2180 272 57 recensiren,
2097 2179 92 50 und
2229 2178 55 49 da
2326 2178 160 48 kamen
2526 2176 91 49 ihm
2658 2175 116 50 beim
2807 2175 180 67 Spielen
3029 2175 121 48 diese
3180 2175 150 48 Bilder

1781 2263 94 49 und
1904 2263 260 49 Gedanken.
2197 2263 167 65 Mögen
2392 2260 183 50 Andere
2605 2259 163 50 anders
2799 2258 192 59 denken,
3022 2258 227 66 gleichviel

1782 2344 112 50 wird
1927 2344 117 50 doch
2074 2344 71 48 ein
2176 2343 137 49 Jeder
2344 2343 43 48 in
2432 2342 101 48 dem
2561 2340 180 50 Punkte
2773 2339 414 60 übereinstimmen,
3231 2340 103 49 dass

1781 2427 43 50 in
1867 2427 82 50 der
1979 2427 310 67 Composition
2336 2432 142 42 etwas
2524 2423 148 67 liegt
2716 2423 111 67 (und
2869 2424 134 48 somit
3032 2423 57 48 ist
3118 2423 115 49 auch
3264 2423 69 49 die

1782 2509 254 51 Recension
2055 2509 139 50 schon
2214 2507 240 68 gegeben),
2487 2507 91 58 das,
2610 2524 80 31 aus
2722 2505 196 50 Gemüth
2949 2505 92 50 und
3074 2504 258 67 überhaupt

1783 2592 239 51 Phantasie
2053 2599 326 59 entsprungen,
2426 2589 168 50 wieder
2638 2607 55 30 zu
2725 2589 196 48 Gemüth
2966 2587 91 49 und
3089 2588 241 48 Phantasie

1782 2676 222 64 gelangen
2035 2691 140 33 muss.
2234 2673 102 50 Und
2379 2690 51 31 so
2472 2672 68 49 ein
2582 2673 197 47 Etwas
2825 2670 101 49 thut
2957 2669 114 50 eben
3100 2686 119 51 resp.
3250 2669 82 50 der

1782 2754 497 69 gegenwärtigen
2323 2753 343 67 gewöhnlichen
2713 2750 310 51 Salon-Musik
3069 2750 263 68 gegenüber

1781 2839 114 50 auch
1927 2856 112 49 ganz
2081 2838 250 50 besonders
2373 2838 127 57 noth,
2544 2836 97 49 weil
2686 2843 174 41 erstens
2905 2834 145 50 nichts
3095 2834 44 49 in
3184 2834 148 50 dieser

1782 2921 150 49 Musik
1961 2921 108 66 liegt
2098 2921 99 67 (viel
2229 2919 215 50 Geschrei
2476 2918 90 50 und
2598 2917 147 65 wenig
2769 2916 190 67 Wolle),
2991 2916 93 49 und
3116 2933 72 32 wo
3219 2933 111 49 ganz

1781 3003 325 51 insbesondere
2136 3003 69 50 die
2237 3001 545 52 Salon-Blasirtheit
2811 3001 80 48 mit
2921 2999 55 50 all
3006 2999 121 49 ihrer
3156 2998 145 50 Ueber-

1783 3086 272 67 spanntheit,
2076 3084 299 50 Geschmack-
2408 3083 90 50 und
2520 3081 323 66 Reizlosigkeit
2873 3081 90 49 sich
2995 3098 51 32 so
3076 3081 254 66 getreulich

1785 3168 373 68 wiederspiegelt.
2190 3167 99 48 Und
2321 3182 133 33 wenn
2483 3182 94 32 nun
2606 3164 94 50 also
2731 3163 162 50 diese
2923 3163 217 50 moderne
3172 3163 158 50 Salon-

1783 3252 152 50 Musik
1964 3252 42 48 in
2036 3251 120 48 ihrer
2185 3250 211 55 Ziererei,
2440 3247 394 57 Effecthascherei,
2879 3247 163 50 wilden
3072 3246 261 57 Romantik,

1787 3333 367 68 Complicirtheit,
2185 3332 255 66 überhaupt
2469 3331 42 48 in
2537 3331 120 47 ihrer
2675 3330 128 49 faden
2827 3328 348 68 Allgemeinheit
3206 3328 128 65 (oder

1785 3416 183 49 besser:
1998 3413 396 65 All-Gemeinheit)
2434 3411 85 51 wie
2551 3412 208 48 Unkraut
2788 3411 232 49 überhand
3053 3427 54 31 zu
3139 3410 194 49 nehmen

1786 3499 151 58 droht,
1983 3516 49 32 so
2064 3514 123 33 muss
2219 3496 93 49 hier
2344 3495 295 66 nothwendig
2679 3493 70 50 die
2779 3493 200 68 Sprache
3022 3492 80 48 der
3144 3493 190 49 Natur

1785 3581 111 67 (und
1928 3581 80 50 das
2039 3581 56 48 ist
2124 3580 202 66 zugleich
2359 3579 68 49 die
2459 3579 80 49 der
2580 3577 255 50 wirklichen
2865 3575 177 67 Poesie)
3085 3584 222 58 entgegen-

1785 3670 166 51 treten,
1990 3662 92 51 und
2114 3662 54 49 da
2197 3662 56 49 ist
2286 3661 110 50 oder
2426 3660 64 49 sei
2520 3660 117 48 denn
2678 3659 41 48 in
2761 3659 102 48 dem
2896 3657 137 50 Salon
3061 3657 114 50 auch
3205 3656 129 66 jeder

1785 3763 118 33 neue
1932 3746 184 65 Beitrag
2144 3744 193 49 herzlich
2369 3744 317 54 willkommen,
2717 3758 72 33 wo
2824 3740 115 51 eben
2971 3741 146 48 dieser
3146 3740 189 63 Vorzug

1787 3829 80 49 der
1896 3827 385 51 natürlichen
2314 3824 244 53 Wahrheit
2595 3822 91 50 und
2717 3822 281 51 Einfachheit
3028 3822 91 49 sich
3152 3820 185 67 geltend

1790 3911 166 51 macht.

2053 3995 150 50 Serenade
2204 3993 72 50 2.
2719 3994 185 63 Allegro
3144 4008 80 33 con
2714 3991 191 55 As-dur,
2940 3982 82 71 %.
3053 3985 84 49 Die
3160 3985 179 67 Haupt-

1787 4076 211 67 Aufgabe
2027 4076 78 51 hat
2134 4076 80 50 der
2243 4076 111 49 Bass
2384 4074 45 51 in
2460 4074 154 51 seinen
2646 4073 92 50 auf-
2770 4071 92 51 und
2893 4069 331 67 absteigenden
3254 4070 90 48 Ac-
