3502 4394
1734 148 60 51 48

162 271 151 49 Weise,
356 285 42 27 so
435 272 88 40 dass
565 272 68 40 das
663 272 131 40 Ganze
833 272 87 40 eine
949 273 91 40 sehr
1068 275 295 53 befriedigende
1387 278 80 40 und
1497 279 67 41 des
1594 279 102 42 festli-

163 334 101 39 chen
293 336 126 50 Tages
447 334 100 40 nach
578 334 74 39 den
681 334 231 51 gegebenen
941 336 301 41 Verhältnissen
1279 352 98 38 ganz
1407 341 178 52 würdige
1621 343 70 39 Auf-

166 395 175 50 tührung
366 407 92 28 war.

244 465 151 39 Unsere
425 464 210 39 Soireen
673 463 79 40 für
779 462 415 44 Kammermusik
1223 468 131 42 haben
1382 484 64 27 am
1477 473 60 39 19.
1566 473 149 41 Januar

165 526 100 39 auch
296 526 146 40 wieder
469 527 222 49 begonnen.

245 679 253 40 Heinrich
543 679 334 40 Marschner's
922 686 160 34 neueste
1120 682 260 42 dramatische
1425 686 292 52 Composition:

165 743 105 45 „Der
299 740 280 39 Goldschmied
609 752 75 26 von
858 754 73 27 von
962 743 225 39 Mosenthal
1216 743 44 51 (s.
1294 745 69 39 Nr.
1379 747 64 38 47.
1472 748 36 39 d.
1539 749 60 39 81.
1628 762 89 28 vom

165 804 61 38 24.
245 803 98 39 Nov.
376 802 113 50 1855)
518 802 49 38 ist
593 814 47 26 zu
671 803 236 39 Dresden
937 804 37 38 in
1004 804 125 39 Scene
1158 818 204 38 gegangen
1391 808 80 39 und
1502 809 144 41 bereits
1675 812 42 39 in

165 865 75 38 den
271 868 129 35 ersten
429 863 185 40 vierzehn
644 864 137 51 Tagen
811 864 118 39 acht
956 865 95 40 Mal
1082 867 176 50 gegeben
1289 868 175 42 worden.

241 1020 131 41 lieber
401 1019 65 39 die
491 1019 353 41 Mozartfeier
872 1020 40 40 in
942 1021 151 40 Wien
1122 1021 130 40 laufen
1272 1024 145 39 allerlei
1437 1025 182 42 Berichte
1634 1030 80 40 und

165 1080 199 39 Gerüchte
393 1080 41 38 in
463 1080 71 39 der
562 1081 110 38 Welt
698 1093 81 33 um,
807 1093 69 28 aus
905 1081 120 40 deren
1054 1084 410 52 Zusammenstellung
1491 1088 82 38 und
1602 1089 89 39 Sich-

162 1146 98 46 tung
289 1152 42 28 so
360 1141 77 39 viel
465 1141 142 39 hervor
635 1154 48 25 zu
710 1142 128 50 gehen
866 1142 162 46 scheint,
1058 1143 87 38 dass
1174 1143 70 40 der
1281 1143 205 42 Eindruck
1514 1147 67 40 des
1608 1148 78 41 Gan-

162 1215 74 27 zen
258 1202 149 39 sowohl
438 1202 123 39 durch
590 1203 250 51 Anordnung
868 1204 80 38 und
978 1204 202 46 Auswahl,
1209 1207 56 37 als
1294 1207 123 39 durch
1446 1211 263 49 mangelhafte

162 1264 264 51 Ausführung
454 1263 64 40 ein
547 1264 210 39 verfehlter
783 1277 196 38 gewesen.
1033 1265 87 40 Nur
1160 1265 65 40 die
1267 1268 97 39 zwei
1411 1268 276 43 Instrumental-

162 1325 148 46 slücke,
339 1325 63 39 die
433 1324 219 39 Ouvertüre
679 1336 70 27 zur
774 1325 249 39 Zauberflöte
1050 1326 81 38 und
1160 1328 64 39 die
1254 1329 351 51 G-moZ/-Sinfonie,
1633 1335 57 38 sol-

161 1387 63 40 len
255 1386 99 38 nach
383 1385 76 39 den
490 1396 71 27 uns
589 1383 62 41 bis
675 1385 96 50 jetzt
797 1397 306 40 zugegangenen
1133 1387 266 42 Nachrichten
1437 1391 40 39 in
1506 1397 177 47 genügen-

158 1448 72 38 der
258 1446 137 40 Weise
425 1446 225 49 aufgeiührt
677 1446 161 40 worden
868 1446 110 47 sein;
1022 1448 95 40 alles
1145 1449 184 53 Uebrige,
1371 1463 78 28 von
1491 1453 48 41 G.
1568 1455 139 41 Seidl's

155 1508 147 52 Prolog
330 1507 61 40 bis
420 1519 88 27 zum
537 1507 136 39 Finale
702 1518 69 27 aus
800 1508 89 41 Don
918 1507 102 39 Juan
1051 1508 97 41 wird
1177 1510 121 41 selbst
1326 1523 76 28 von
1427 1513 187 49 Blättern,
1643 1517 64 39 die

155 1569 92 39 sehr
275 1566 324 52 entschuldigend
647 1566 84 40 und
773 1568 295 52 beschönigend
1113 1570 205 50 auftreten,
1360 1574 56 39 als
1461 1575 243 54 misslungen

155 1631 238 52 dargestellt.
447 1629 250 40 Namentlich
726 1631 123 38 sollen
877 1630 68 39 das
974 1637 197 45 genannte
1199 1634 137 40 Finale
1378 1635 227 52 (besonders
1634 1641 69 38 das

153 1689 357 51 Masken-Terzett)
538 1689 83 40 und
649 1689 181 41 mehrere
851 1691 111 40 Sätze
992 1705 68 26 aus
1088 1693 92 40 dem
1407 1698 194 50 geradezu
1620 1712 64 28 ver-

152 1754 125 40 hunzt
303 1753 163 39 worden
495 1752 98 47 sein,
622 1752 75 39 wie
725 1764 91 27 man
846 1753 105 39 denn
998 1754 225 52 überhaupt
1263 1759 244 40 sämmtliche
1535 1761 169 40 Solisten

153 1828 70 38 gar
251 1814 130 52 wenig
407 1814 120 39 loben
555 1813 78 39 will
663 1814 82 38 und
773 1814 65 38 bei
867 1814 196 41 manchen
1092 1828 76 28 von
1196 1818 123 40 ihnen
1346 1820 77 40 den
1451 1822 227 49 geschmack-

150 1879 123 45 losen,
316 1876 96 38 aller
454 1874 129 39 Pietät
625 1886 128 40 gegen
795 1875 155 39 Mozart
998 1880 324 50 crmangelnden,
1367 1881 171 52 Vortrag
1578 1888 104 35 ernst-

148 1937 78 40 lich
255 1940 102 48 rügt.

227 2007 72 39 Als
329 2006 210 40 Curiosum
570 2004 198 40 entheben
797 2006 74 39 wir
898 2006 78 40 den
1025 2007 149 41 wiener
1205 2010 201 48 „Blättern
1448 2013 63 38 für

148 2081 76 28 von
254 2068 43 39 L.
321 2068 51 38 A.
400 2068 155 37 Zellner
583 2065 181 51 folgende
791 2065 146 41 Stellen
966 2068 102 39 über
1096 2069 124 40 Franz
1253 2070 112 41 Liszt.
1411 2073 106 39 Herr
1544 2076 42 38 Z.
1614 2081 85 45 sagt

146 2130 40 38 in
216 2129 68 39 Nr.
313 2130 42 38 9:
385 2129 96 47 „Die
510 2126 259 52 Aufführung
807 2128 72 39 der
906 2128 221 43 Ouvertüre
1182 2133 83 39 und
1309 2134 178 42 Sinfonie
1531 2138 164 49 bewies,

146 2191 89 40 dass
265 2203 40 26 es
338 2203 74 25 nur
429 2190 277 38 auserlesenen
725 2189 180 40 Geistern
929 2191 178 51 gegeben
1133 2192 58 49 ist,
1219 2205 138 37 neue,
1385 2197 310 51 ungeahnte

146 2251 286 39 Reichtbümcr
459 2262 70 27 aus
559 2250 76 39 den
665 2250 139 39 Tiefen
846 2251 68 39 des
951 2252 284 42 Kunstwerkes
1281 2255 142 42 hervor
1463 2271 48 27 zu

224 2312 56 38 Er
307 2311 95 39 weis
418 2316 14 34 t
458 2323 83 27 nun
569 2323 87 26 zum
686 2311 153 40 Beweis
868 2312 72 39 auf
962 2313 122 45 „zwei
1113 2327 148 34 neue,
1291 2328 76 27 von
1395 2317 103 41 Liszt
1540 2318 42 41 in
1624 2321 71 39 der

144 2370 521 42 Zauberflötcn-Ouverture
706 2373 263 49 angebrachte
1463 2379 78 48 hin,
1583 2383 84 38 näm-

147 2434 100 39 lich:
277 2434 88 47 „die
393 2434 296 51 Accentuirung
717 2434 106 38 bloss
852 2434 67 39 des
950 2435 146 39 vierten
1113 2436 171 41 Viertels
1313 2439 53 39 im
1611 2444 82 38 und

143 2496 88 46 „die
260 2496 267 49 Weglassung
555 2495 71 39 der
651 2493 236 51 gewohnten
919 2496 74 48 (??)
1022 2496 213 52 Ligaturen
1256 2500 65 39 bei
1341 2501 76 38 den
1446 2502 83 40 drei
1548 2505 145 35 B-dnr-

406 2554 38 40 in
476 2554 70 40 der
574 2554 172 41 Mitte!!!
776 2554 97 40 Was
898 2556 113 50 jeder
1027 2557 302 51 Musikschüler,
1357 2561 63 39 ich
1450 2563 155 41 möchte
1633 2577 39 27 sa-

138 2629 97 38 gen:
259 2617 114 50 jeder
401 2615 363 46 Orchesterdiener,
793 2615 126 47 weiss,
962 2631 78 25 was
1063 2619 113 50 jedes
1214 2620 472 46 Dilettanten-Orchester

137 2678 232 50 heutzutage
398 2689 77 27 von
504 2676 122 40 selbst
654 2676 98 46 thut,
779 2676 105 40 ohne
912 2678 88 39 dass
1030 2679 70 40 der
1135 2680 180 52 Dirigent
1357 2684 121 39 daran
1507 2698 48 27 zu
1585 2688 81 39 erin-

134 2750 102 28 nern
264 2737 176 47 braucht,
470 2737 165 38 davon
665 2736 173 51 sagtHc.
863 2739 174 39 Zöllner:
1067 2742 123 43 „Dass
1213 2742 113 47 Liszt,
1354 2746 81 38 und
1465 2746 101 41 eben
1590 2747 91 41 kein

136 2798 194 43 Anderer,
374 2799 107 39 diese
506 2798 266 40 anscheinend
816 2811 43 27 so
906 2801 103 39 nahe
1055 2802 208 51 liegenden
1291 2805 42 49 (!)
1360 2806 152 42 Effecte
1553 2808 131 50 fand,

134 2860 110 39 diese
271 2859 221 40 Thatsache
522 2859 128 40 dürfte
678 2859 62 40 für
768 2859 65 40 die
862 2862 147 38 seltene
1037 2862 163 52 geistige
1240 2866 130 48 Höhe,
1409 2868 70 39 auf
1511 2871 171 40 welcher

134 2920 130 41 dieser
292 2921 189 40 Künstler
509 2920 110 47 steht,
649 2920 108 41 eines
785 2923 69 38 der
882 2924 235 51 unzähligen
1148 2926 212 51 Zeugnisse

133 2982 104 46 Nun,
266 2982 105 40 Liszt
398 2981 100 39 wird
534 2981 82 39 sich
663 2982 63 40 für
766 2984 127 38 dieses
931 2985 224 51 Argument
1183 2987 230 41 schönstens
1454 2990 227 42 bedanken!

212 3043 98 38 Zum
339 3042 157 39 Schluss
525 3043 100 38 auch
654 3042 103 39 noch
786 3043 183 52 folgende
998 3041 333 53 Stelle:'„Ueber
1366 3048 135 41 Liszt's
1530 3064 129 29 ausser-

133 3103 292 52 gewöhnliches
454 3103 392 47 Directions-Talent,
887 3106 69 39 das
984 3118 93 28 man
1106 3108 151 39 sowohl
1300 3109 65 40 bei
1408 3111 71 40 der
1506 3112 149 42 Auffüh-

131 3178 115 38 rung,
274 3165 213 40 besonders
518 3166 94 39 aber
640 3165 65 40 bei
749 3166 76 40 den
854 3166 159 42 Proben
1053 3169 245 41 bewundern
1343 3172 138 48 lernte,
1517 3175 160 41 werden

129 3226 74 40 wir
230 3226 217 51 möglicher
475 3226 134 40 Weise
637 3226 64 40 die
727 3227 224 50 philiströse
966 3229 255 53 Bemerkung
1249 3244 47 27 zu
1327 3231 161 43 Gesicht
1515 3235 135 41 bekom-

128 3299 105 35 men,
261 3287 90 40 dass
381 3299 43 26 er
452 3287 115 38 einen
609 3287 179 50 präcisen
819 3288 110 41 Drei-
975 3291 97 39 oder
1102 3291 348 43 Vierviertel-Tact
1489 3295 108 40 nicht
1627 3310 48 27 zu

128 3349 187 51 schlagen
344 3349 197 50 vermöge.
571 3347 127 39 Wahr
804 3342 104 47 Liszt
943 3349 153 52 dirigirt
1124 3352 108 39 nicht
1268 3353 79 41 den
1376 3356 107 47 Tact,
1512 3368 43 28 er
1583 3357 74 41 diri-

127 3409 76 51 girt
232 3410 76 38 den
336 3409 193 51 Vortrag;
580 3420 42 27 er
650 3408 133 40 battirt
810 3410 107 38 nicht
948 3413 324 47 metronomisch,
1322 3428 43 27 er
1392 3417 177 40 zeichnet
1597 3419 78 40 den

125 3470 234 47 Ausdruck;
388 3470 237 46 er.arbeitet
651 3470 123 39 selten
802 3471 73 38 mit
901 3471 89 40 dem
1031 3473 340 43 stockbewehrten
1398 3476 138 49 Arme,
1580 3480 95 40 aber

127 3530 63 38 ein
226 3530 110 39 Blick
364 3530 127 39 seines
520 3531 149 50 Auges,
698 3530 65 39 ein
791 3531 114 39 leises
919 3531 153 41 Nicken
1101 3534 71 38 mit
1199 3535 88 40 dem
1317 3537 142 51 Kopfe,
1488 3537 88 41 eine
1602 3553 49 26 un-

124 3589 217 40 merkliche
368 3589 344 52 Handbewegung
741 3591 85 39 sind
857 3591 65 39 die
950 3592 355 53 Elektromagnete,
1354 3597 135 39 womit
1517 3611 44 27 er
1596 3600 78 39 den

125 3662 152 39 ganzen
306 3649 233 52 Tonkörper
569 3652 105 39 leitet
701 3653 82 38 und

204 3823 321 34 Hannover.
557 3817 68 39 Bei
651 3817 258 53 Gelegenheit
936 3821 70 39 der
1022 3821 249 40 Mozartfeier
1299 3822 170 40 daselbst
1496 3824 172 44 schreifit

125 3873 73 38 der
224 3870 422 41 Hannover'sehe
675 3870 242 41 Courier:
947 3902 22 18 ~
1110 3874 54 38 Es
1188 3874 182 39 handelte
1392 3875 80 40 sich
1493 3889 66 28 um
1583 3879 88 41 eine

125 3922 446 52 Repräsentation
619 3922 72 40 der
739 3923 216 49 Tonkunst,
1009 3925 121 40 deren
1180 3925 137 49 Glanz,
1365 3927 42 51 je
1454 3928 122 40 heller
1629 3945 42 27 er

125 3975 171 44 strahlte,
325 3974 62 40 ein
416 3987 66 27 um
513 3986 42 28 so
584 3974 211 40 schöneres
823 3975 109 40 Licht
959 3977 69 39 auf
1051 3978 64 39 die
1144 3978 243 41 betreffende
1406 3979 156 41 Anstalt
1588 3986 80 38 und

125 4028 122 38 deren
280 4026 153 40 Lenker
461 4026 294 41 zurückwerfen
785 4033 160 34 musste.
979 4030 74 39 Mit
1079 4030 230 41 neidischen
1334 4033 147 50 Augen
1511 4036 157 40 werden

127 4078 72 41 wir
226 4078 181 41 Berichte
435 4080 75 39 voll
539 4080 68 39 des
635 4080 129 40 Lobes
807 4077 82 42 und
926 4081 68 41 des
1036 4082 158 42 Dankes
1234 4085 64 39 für
1338 4083 69 42 das
1451 4096 217 38 genossene

1807 281 156 41 Schöne
1992 284 80 39 und
2095 284 103 42 Gute
2218 286 219 52 verfolgen;
2467 289 295 44 schmerzlichst
2790 296 225 51 empfinden
3046 298 72 40 wir
3145 312 53 35 es,
3227 299 131 44 hinter

1806 333 122 39 ihnen
1957 336 100 38 allen
2086 337 306 42 zurückbleiben
2423 353 46 27 zu
2498 346 159 37 müssen
2698 347 83 37 und
2815 348 63 38 für
2905 361 145 28 unsere
3078 351 168 51 geliebte
3275 355 54 39 Va-

1806 386 161 40 terstadt
2008 388 108 39 nicht
2151 390 71 40 mit
2258 392 227 40 demselben
2528 395 137 40 frohen
2697 397 277 50 Bewusstsein,
3016 402 70 39 mit
3126 404 229 42 demselben

1807 437 128 40 Stolze
1963 439 39 38 in
2033 440 63 39 die
2124 441 228 42 Schranken
2383 450 124 36 treten
2535 459 48 27 zu
2611 447 171 41 können.
2820 451 167 41 Freilich
3017 455 136 39 besitzt
3180 456 175 42 dieselbe

1808 503 88 27 eine
1933 492 249 42 bedeutende
2210 497 281 47 Kunstanstalt,
2535 499 56 40 sie
2622 502 245 41 umschliesst
2908 506 271 42 musicalische
3204 510 151 47 Kräfte,

1808 554 74 28 wie
1911 555 56 27 sie
1995 545 123 38 selten
2146 548 149 39 vereint
2321 550 101 46 sind,
2469 550 57 41 sie
2563 553 138 39 besitzt
2737 554 114 39 einen
2880 557 135 48 Mann,
3059 560 139 40 dessen
3227 562 127 42 Name

1808 595 116 39 allein
1952 596 122 39 schon
2104 597 206 50 hinreicht,
2333 601 193 51 jeglicher
2552 605 327 51 Repräsentation
2907 609 70 39 der
3007 611 127 40 Kunst
3162 614 70 39 der
3259 615 59 39 Mu-

1808 647 59 38 sik
1896 648 114 38 einen
2041 649 250 42 strahlenden
2323 654 123 40 Glanz
2483 668 47 26 zu
2568 658 218 46 verleihen;
2834 661 103 38 denn
2978 662 127 39 dieser
3142 665 123 40 Mann
3304 667 49 40 ist

1807 699 71 39 der
1905 705 137 35 erste
2069 701 71 40 der
2161 704 93 49 jetzt
2282 705 195 41 lebenden
2507 708 211 40 deutschen
2749 710 294 52 Componisten,
3085 718 78 37 und
3194 719 54 38 als
3278 720 57 39 sol-

1807 752 94 38 cher
1929 752 230 48 anerkannt,
2197 755 99 40 hoch
2338 759 137 49 geehrt
2512 762 79 37 und
2621 762 216 50 gepriesen,
2881 776 42 27 so
2955 766 89 38 weit
3072 767 62 40 die
3163 769 187 42 deutsche

1806 803 133 39 Musik
1967 804 85 40 ihre
2080 806 231 52 Anhänger,
2352 811 86 39 ihre
2476 812 151 52 Jünger
2662 814 124 40 zählt:
2829 816 256 40 Heinrich
3129 820 191 41 Marsch-

1806 858 110 36 ner!
2028 858 66 39 Bei
2124 859 72 38 der
2223 861 115 40 Feier
2364 863 108 39 eines
2502 865 160 40 solchen
2690 867 307 49 Nationalfestes,
3026 872 75 38 wie
3130 884 41 27 es
3195 886 62 28 am
3285 874 65 40 27.

1804 907 149 40 Januar
1981 910 232 49 abgehalten
2244 914 148 44 wurde,
2436 922 148 35 musste
2611 919 231 40 Marschner
2883 922 53 39 als
2964 922 288 51 Repräsentant
3280 926 70 41 der

1804 959 215 41 deutschen
2048 962 131 40 Musik
2208 976 48 26 an
2286 966 70 38 der
2381 967 131 49 Spitze
2540 969 71 38 der
2632 969 248 42 Festivitäten
2909 974 148 46 stehen,
3086 987 42 27 so
3157 977 171 41 erforder-

1804 1015 65 36 ten
1898 1025 41 27 es
1968 1014 64 39 die
2060 1014 279 51 Rücksichten,
2381 1019 63 38 die
2483 1033 90 27 man
2611 1023 114 39 theils
2754 1025 88 38 dem
2874 1027 165 49 übrigen
3072 1028 278 48 Deutschland,

1806 1063 113 40 thcils
1948 1065 89 39 dem
2069 1067 308 41 einheimischen
2411 1071 206 41 Publicum
2645 1075 213 47 schuldete,
2902 1089 42 26 so
2973 1079 213 40 erforderte
3214 1093 41 28 es
3283 1082 64 40 die

1802 1115 198 53 Achtung,
2016 1118 64 39 die
2102 1119 246 54 Verehrung,
2378 1122 61 39 die
2457 1136 90 26 man
2564 1124 89 40 dem
2673 1127 161 39 Meister
2855 1134 114 35 unter
2985 1132 101 37 allen
3102 1132 243 42 Umständen

1801 1168 64 38 nie
1893 1180 190 40 versagen
2102 1171 95 45 darf,
2225 1173 104 39 ohne
2357 1187 47 25 zu
2432 1175 174 51 gleicher
2631 1178 85 38 Zeit
2743 1179 41 39 in
2813 1180 80 40 ihm
2923 1183 64 38 die
3015 1183 130 40 Musik
3173 1187 80 38 und
3284 1187 63 38 die

1801 1221 190 39 Künstler
2019 1235 46 25 zu
2095 1225 203 40 verletzen.
2354 1227 73 40 Um
2456 1228 68 39 das
2555 1241 47 27 zu
2631 1230 214 51 erkennen,
2884 1235 141 39 bedarf
3057 1248 40 26 es
3137 1250 75 27 nur
3238 1239 108 39 eines

1799 1273 188 51 geringen
2019 1274 151 40 Grades
2198 1288 75 27 von
2303 1277 501 45 Schickliehkeits-Gefühl.
2884 1287 110 38 Alles
3018 1287 127 41 dieses
3168 1289 64 40 hat
3253 1302 93 28 man

1799 1324 87 39 hier
1914 1338 39 26 in
1981 1326 216 41 Hannover
2225 1330 95 39 aber
2347 1343 68 26 aus
2443 1331 78 40 den
2536 1333 142 52 Augen
2709 1342 166 44 gesetzt;
2903 1350 91 27 man
3025 1339 66 39 hat
3119 1342 226 52 allerdings,

1798 1387 66 27 um
1895 1377 106 39 nicht
2029 1391 70 37 gar
2140 1392 45 26 zu
2223 1381 92 39 sehr
2357 1382 129 41 hinter
2531 1385 77 38 den
2645 1386 297 53 Bestrebungen
2987 1391 68 38 des
3100 1401 244 41 gesammten

1798 1428 288 42 Deutschlands
2113 1432 147 39 zurück
2288 1446 47 26 zu
2366 1434 169 48 bleiben,
2564 1437 87 39 eine
2681 1438 113 39 Feier
2834 1441 68 39 des
2931 1442 126 52 Tages
3099 1446 121 38 durch
3247 1447 74 38 Auf-

1797 1480 174 52 führung
2014 1484 69 38 des
2123 1484 130 47 „Don
2485 1489 279 52 angekündigt,
2803 1504 90 28 man
2935 1494 66 39 hat
3044 1495 114 41 einen
3199 1498 145 51 Prolog

1797 1535 193 48 sprechen
2018 1535 127 40 lassen
2174 1537 80 39 und
2284 1538 61 38 ein
2368 1538 174 41 Tableau
2563 1541 69 39 mit
2653 1542 180 41 Mozart's
2856 1545 232 42 bekränzter
3109 1549 117 40 Büste
3253 1550 91 40 dem

1797 1584 208 42 Publicum
2034 1588 170 51 gezeigt;
2234 1590 95 39 aber
2357 1590 105 41 diese
2481 1593 112 39 Feier
2621 1594 104 40 hatte
2747 1596 115 39 keine
2881 1598 154 47 Weihe,
3058 1599 140 41 keinen
3215 1602 130 47 Ernst,

1797 1637 81 40 und
1907 1650 41 27 es
1976 1639 48 39 ist
2049 1651 77 30 von
2156 1641 62 40 ihr
2245 1642 127 41 nichts
2400 1645 116 51 übrig
2545 1646 219 50 geblieben,
2794 1650 54 38 als
2867 1650 64 39 die
2949 1651 301 54 Ankündigung
3278 1656 69 39 auf

1797 1689 77 39 den
1905 1691 331 49 Theaterzetteln;
2265 1695 70 39 das
2366 1696 219 47 Publicum,
2613 1700 168 39 welches
2810 1700 83 40 sich
2919 1707 117 35 unter
3064 1707 249 38 enornemZu-

1795 1742 148 50 drange
1972 1756 48 26 an
2051 1744 70 39 der
2135 1744 113 41 Feier
2277 1747 204 52 betheiligt
2508 1749 114 47 hatte,
2651 1762 44 28 so
2724 1752 87 39 dass
2832 1753 52 39 im
2905 1767 149 36 ganzen
3076 1757 133 40 Hause
3232 1759 108 38 nicht

1795 1794 77 39 Ein
1891 1795 209 41 Plätzchen
2129 1799 202 39 unbesetzt
2358 1801 210 50 geblieben
2597 1815 91 35 war,
2715 1806 159 38 verliess
2897 1808 179 39 dasselbe
3092 1809 249 52 missmuthig

1794 1847 80 37 und
1905 1848 275 52 unbefriedigt.
2287 1852 132 39 Schon
2464 1853 73 40 ehe
2582 1855 63 39 die
2683 1856 255 52 Vorstellung
2979 1861 168 49 begann,
3189 1863 155 40 machte

1793 1898 82 39 sich
1903 1899 69 39 das
2001 1900 222 42 Erstaunen
2251 1904 83 38 und
2362 1905 63 40 die
2455 1905 331 55 Verwunderung
2814 1910 69 39 des
2911 1912 241 48 Publicums,
3198 1921 141 34 anstatt

1794 1950 69 39 des
1905 1951 212 51 gefeierten
2145 1955 233 41 Marschner
2419 1957 76 40 den
2538 1959 163 39 zweiten
2740 1961 296 51 Capellmeister
3065 1965 159 41 Fischer
3265 1968 77 39 den

1792 2001 303 52 Dirigentensitz
2136 2006 239 40 einnehmen
2415 2021 49 27 zu
2499 2010 135 47 sehen,
2674 2012 124 39 durch
2827 2013 103 41 laute
2959 2016 101 39 Rufe
3102 2017 99 40 nach
3246 2018 91 41 dem

1789 2054 187 41 Ersteren
2006 2057 101 39 Luft.
2161 2059 78 39 Das
2268 2060 208 41 Publicum
2507 2063 122 39 fühlte
2657 2064 95 47 sich,
2792 2065 80 40 und
2911 2067 69 39 mit
3008 2069 140 40 vollem
3172 2070 165 49 Rechte,

1789 2107 170 46 verletzt,
2001 2110 80 38 und
2122 2110 88 40 eine
2249 2111 89 39 tiefe
2367 2112 300 54 Verstimmung
2693 2117 154 40 machte
2876 2119 82 38 sich
2988 2121 254 41 bemerklich.
3288 2124 52 39 So

1788 2158 94 52 ging
1910 2159 63 41 die
2002 2159 221 42 Ouvertüre
2249 2163 259 54 wirkungslos
2537 2170 181 38 vorüber.
2761 2170 221 49 Trotzdem,
3018 2173 88 38 dass
3137 2175 63 39 die
3228 2175 111 50 Oper

1788 2210 86 40 hier
1901 2213 114 49 lange
2043 2214 108 38 nicht
2178 2217 190 49 gegeben,
2396 2218 48 38 ist
2472 2219 99 38 doch
2601 2220 63 38 die
2692 2220 255 52 Erinnerung
2975 2237 49 25 an
3053 2225 63 40 die
3144 2227 187 40 früheren

1787 2262 306 52 Aufführungen
2123 2266 206 41 derselben
2358 2274 116 34 unter
2488 2270 263 42 Marschner's
2772 2272 197 41 Direction
2999 2277 101 39 noch
3130 2290 47 27 zu
3206 2279 130 47 frisch,

1788 2314 67 40 das
1895 2317 207 39 Publicum
2133 2318 120 40 kennt
2282 2319 107 41 diese
2403 2322 143 47 Musik,
2575 2323 62 40 die
2667 2326 113 38 mehr
2806 2326 75 39 wie
2909 2327 136 51 irgend
3076 2330 87 39 eine
3192 2332 145 39 andere

1785 2366 61 40 ins
1875 2368 102 39 Volk
2006 2370 230 50 gedrungen
2267 2371 58 47 ist,
2366 2385 45 26 zu
2455 2387 138 38 genau,
2636 2388 66 27 um
2733 2378 81 38 sich
2843 2379 123 39 durch
2997 2380 63 40 ein
3092 2383 236 49 gefühlloses

1785 2418 219 51 Abspielen
2033 2417 206 45 derselben
2269 2424 207 57 befriedigt
2504 2426 133 39 fühlen
2669 2440 46 27 zu
2745 2429 167 40 können.
2946 2431 86 40 Von
3063 2434 192 40 Nummer
3283 2449 45 27 zu

1785 2469 195 41 Nummer
2020 2473 96 38 aber
2159 2474 133 40 wuchs
2330 2476 64 39 die
2430 2477 342 54 Verwunderung,
2814 2481 62 39 die
2904 2483 313 54 Missstimmung
3247 2488 81 38 und

1785 2523 69 38 das
2182 2538 38 28 u.
2249 2539 29 27 s.
2307 2540 47 27 w.
2464 2530 91 40 Wie
2596 2530 49 41 ist
2687 2533 86 39 eine
2811 2535 134 38 solche
2974 2537 330 54 Rücksichtslosig-

1784 2573 90 50 keit,
1903 2576 96 39 oder
2022 2577 204 51 richtiger:
2255 2578 88 41 eine
2371 2592 43 28 so
2442 2585 395 39 unverantwortliche
2861 2587 218 52 Kränkung
3109 2590 105 39 eines
3233 2591 75 41 Mei-

1783 2631 96 35 sters
1910 2628 70 38 der
2008 2629 113 38 Töne
2147 2631 73 38 wie
2236 2632 241 48 Marschner,
2508 2636 168 48 möglich
2705 2639 216 47 gewesen?
2950 2639 79 40 Hat
3048 2641 190 40 vielleicht
3257 2643 71 40 der

1782 2678 106 40 Herr
1915 2680 208 39 Intendant
2151 2683 71 38 der
2250 2683 36 39 k.
2319 2684 141 41 Bühne
2488 2686 78 39 und
2597 2688 230 51 Hofcapelle
2855 2690 174 41 dadurch
3060 2693 270 53 beabsichtigt,

1780 2732 165 40 neben
1975 2733 261 41 Marschncrs
2253 2736 151 39 iNamcn
2420 2737 40 40 in
2476 2750 98 38 ganz
2593 2740 265 40 Deutschland
2883 2750 171 42 genannt
3072 2758 46 26 zu
3139 2746 191 41 werden?

2201 2797 209 41 Fürwahr!
2439 2799 124 40 durch
2592 2801 133 39 solche
2753 2802 154 39 Thaten

2203 2858 116 39 Wird
2348 2859 100 38 auch
2477 2860 188 40 berühmt
2693 2862 65 38 ein
2787 2863 70 37 —!

1958 3533 110 34 Die
2098 3534 529 39 Niederrlieinisclie
2656 3540 458 47 Musik-Keitun^

1765 3601 198 37 erscheint
1983 3602 119 46 jeden
2130 3601 181 50 Samstag
2349 3605 41 35 in
2427 3607 128 34 einem
2590 3619 154 35 ganzen
2783 3608 134 48 Bogen
2959 3612 70 35 mit
3069 3613 249 46 zwanglosen

1766 3654 200 47 Beilagen.
2050 3655 80 35 Der
2156 3655 399 50 Abonnementspreis
2573 3659 160 47 beträgt
2747 3662 64 33 für
2835 3662 70 35 das
2926 3664 199 46 Halbjahr
3154 3669 19 32 2
3197 3666 122 45 Thlr.,

1766 3706 65 37 bei
1855 3706 74 36 den
1956 3708 49 34 K.
2023 3718 150 35 preuss.
2190 3708 327 37 Post-Anstalten
2547 3714 20 32 2
2585 3711 107 35 Thlr.
2711 3713 22 35 5
2758 3712 86 48 Sgr.
2871 3715 97 36 Eine
2996 3718 183 35 einzelne
3195 3718 93 36 Num-

1766 3771 82 24 mer
1877 3763 24 32 4
1931 3758 88 49 Sgr.
2046 3760 513 48 Einrüekungs-Gebühren
2585 3775 70 35 per
2681 3764 206 37 Petitzeile
2917 3771 19 32 2
2968 3768 87 47 Sgr.

1816 3830 127 35 Briefe
1969 3829 82 35 und
2077 3830 287 49 Zusendungen
2394 3831 98 37 aller
2528 3832 75 36 Art
2628 3833 157 36 werden
2808 3840 117 31 unter
2958 3837 68 36 der
3053 3838 169 38 Adresse
3249 3841 69 37 der

1762 3882 54 36 M.
1844 3881 562 50 DuMont-Schauberg'schen
2433 3882 320 52 Buchhandlung
2787 3888 41 34 in
2855 3888 104 36 Köln
2987 3889 172 39 erbeten.

1879 3986 371 42 Verantwortlicher
2276 3989 302 51 Herausgeber:
2613 3990 105 40 Prof.
2746 3993 44 38 L.
2817 3992 182 41 Bischoff
3020 3994 40 39 in
3088 3996 120 40 Köln.

1825 4038 212 51 Verleger:
2064 4040 55 40 M.
2149 4041 530 52 DuMont-Schauberg'sche
2707 4044 320 53 Buchhandlung
3053 4047 42 39 in
3123 4050 118 39 Köln.

1802 4090 201 40 Drucker:
2030 4092 55 40 M.
2114 4093 431 50 DuMont-Schauberg
2571 4095 42 39 in
2641 4096 120 47 Köln,
2790 4096 253 43 Breitstrasse
3074 4101 48 39 76
3152 4113 38 27 u.
3222 4102 61 40 78.

2242 3109 353 58 i&iikAoiciig
2606 3125 240 45 toigen.

1819 3255 84 36 Alle
1928 3255 41 35 in
1997 3255 120 36 dieser
2142 3256 316 51 Musik-Ziehung
2491 3260 277 49 besprochenen
2803 3264 82 35 und
2916 3265 247 49 angekündigt
3165 3280 44 23 eil
3236 3268 88 37 Mu-

1763 3309 158 34 sicalien
1945 3314 70 29 etc.
2041 3310 88 33 sind
2154 3322 47 22 zu
2225 3310 172 37 erhallen
2422 3314 41 34 in
2490 3314 68 35 der
2581 3322 91 29 stets
2693 3317 230 47 vollständig
2954 3321 221 35 assortirteri
3201 3321 123 36 Musi~

1766 3361 351 47 calien-Handlung
2150 3363 103 34 nebst
2287 3364 238 38 Leihanstalt
2562 3380 74 23 von
2679 3369 293 37 BERNHARD
3018 3372 218 38 BREUER
3281 3376 39 35 in

1769 3415 138 41 Köln,
1938 3415 244 35 Hochstrasse
2208 3416 69 35 Nr.
2304 3416 64 37 97.
