3166 4572
920 797 239 71 Hände
1220 790 109 68 ihn
1393 810 104 43 um
1553 777 145 71 dich
1754 797 203 64 zogen
2010 772 119 63 wie
2185 767 183 63 einen
2424 739 625 91 Keuschheitsgurml

923 886 307 74 zwischen
1281 879 231 66 deinen
1561 863 358 77 Schenkeln
1967 856 132 68 und
2140 853 251 84 Augen,
2427 835 464 94 Jahrhunderte
2937 856 117 40 nur

923 975 241 71 blutlos
1218 965 284 74 häuften,
1558 955 356 71 verehrten,
1969 940 478 73 bewunderten,
2505 955 105 43 um
2668 924 185 69 allem
2909 919 145 66 dich

931 1061 475 77 abzuschnüren
1461 1074 127 43 von
1644 1049 135 71 mir,
1832 1064 130 43 von
2018 1034 117 68 dir.
2236 1018 323 77 Niemand
2612 1018 168 66 kann
2838 1006 221 71 lachen

933 1163 61 61 in
1045 1153 114 69 der
1205 1138 457 78 Feierlichkeit.
1733 1130 280 84 Doggen
2063 1120 298 68 erfrieren
2406 1107 132 71 und
2584 1102 274 89 gähnen.
2942 1100 120 61 Mir

936 1252 81 63 ist
1070 1249 84 61 im
1205 1234 180 76 Hals,
1444 1229 94 69 als
1594 1222 121 68 äße
1769 1216 99 72 ich
1916 1204 506 78 Waldkirschen,
2480 1191 343 89 Gallapfel,
2876 1183 151 72 Holz-

936 1333 249 69 birnen.
1279 1323 132 66 Der
1469 1315 239 67 Römer
1769 1331 112 43 aus
1944 1300 249 66 Bronze
2249 1290 211 89 glanzt
2513 1282 84 69 ab
2655 1277 104 69 auf
2815 1275 249 66 deinem

938 1420 282 71 Rücken.
1314 1412 125 66 Die
1494 1402 224 71 sieben
1766 1392 277 71 Knaben
2091 1379 379 74 Donatehos
2526 1364 368 78 schmeißen
2945 1361 124 66 den

943 1511 287 69 Parmor
1294 1496 104 71 auf
1461 1491 148 68 dich
1670 1483 132 71 und
1865 1476 346 73 verkühlen
2277 1468 147 68 dich
2490 1488 74 41 zu
2625 1458 223 68 Ferne.
2950 1448 122 68 Die

943 1597 259 72 frechen
1251 1582 325 74 schmalen
1627 1575 195 71 Stiele
1873 1569 112 69 der
2018 1559 371 74 Orchideen
2422 1544 454 79 überwuchern
2927 1536 145 69 dich

948 1691 115 64 mit
1108 1679 252 71 solcher
1411 1669 299 73 Geilheit,
1761 1658 130 72 daß
1939 1681 91 43 sie
2079 1651 114 68 der
2226 1641 427 73 Köstlichkeit
2693 1636 115 66 des
2846 1636 231 60 Halses

951 1773 170 73 noch
1167 1763 482 76 verzaubertere
1698 1752 221 69 Linien
1964 1740 402 83 hinzufügen.
2447 1727 152 71 Und
2650 1724 104 66 die
2787 1719 145 69 Lmt
2968 1714 101 66 de.

953 1862 341 71 Gobelins,
1324 1851 371 82 gebogener
1721 1841 337 66 Kasseten,
2096 1829 115 66 der
2234 1816 551 96 geschlechtlosen
2813 1808 269 84 Figuren

959 1956 116 66 des
1108 1950 397 84 impotenten
1540 1933 412 68 Klassizisten
1987 1910 435 76 Hildebrandt
2455 1958 15 15 .
2508 1956 114 15 ...
2660 1928 31 38 s
2696 1925 117 56 ““
2823 1920 76 41 en

960 2043 106 62 auf
1113 2046 61 59 in
1223 2039 102 63 ein
1374 2026 154 70 Maß
1579 2022 113 66 der
1725 2007 484 90 Entzogenheit,
2265 1999 127 69 aaß
2441 1997 201 66 selbst
2690 1997 101 57 dei
2849 2007 155 43 weic

964 2128 203 74 Staub
1195 2126 117 66 des
1334 2105 488 82 Wassernebels
1848 2128 114 43 vor
1990 2098 96 68 dir
2109 2088 384 73 zurückfällt.
2556 2080 155 69 Was
2737 2070 353 91 geschient,

964 2215 368 73 bezaubert,
1395 2207 234 66 besitzt
1690 2194 147 69 dich
1903 2215 74 43 so
2041 2184 190 74 stark,
2300 2174 127 71 daß
2490 2169 201 71 selbst
2747 2189 104 41 oie
2909 2156 183 71 sechs

969 2304 368 73 Sekunden,
1395 2293 105 69 die
1555 2286 102 68 ich
1715 2283 97 66 dir
1865 2278 158 66 über
2071 2273 104 66 die
2218 2260 305 74 Veranda
2566 2258 287 84 langsam
2930 2273 38 41 o
2993 2271 102 58 ge,

971 2398 150 68 dich
1192 2418 104 40 um
1347 2385 104 66 die
1502 2372 285 76 Scharffs
1835 2367 361 69 Statuetten
2244 2380 200 63 gierig
2490 2347 262 89 glühten

974 2474 533 84 Schmetterlinge
1555 2464 133 68 und
1733 2456 254 71 Tücher
2033 2451 338 68 brannten,
2409 2433 307 74 Strauche
2757 2453 117 44 wie
2907 2420 195 72 Wind

974 2573 251 71 wehten
1299 2560 147 71 dich
1492 2550 325 74 verhüllen
1865 2542 132 69 und
2028 2555 381 51 vermoosen
2444 2525 130 68 und
2615 2512 487 76 hmemtauchen

979 2672 63 61 in
1108 2621 138 107 das’
1289 2654 254 66 deinem
1588 2641 239 69 Wesen
1881 2626 342 76 Un-Nahe,
2284 2613 348 77 Verhaßte,
2696 2611 287 81 langsam
3046 2624 61 40 m

981 2746 254 76 Dunkel
1281 2730 384 79 Reißende?
2302 2796 15 13 .

1075 2870 127 66 Die
1233 2862 190 66 Brust
1472 2855 114 66 des
1629 2847 361 69 Schlosses,
2010 2842 193 64 stürzt
2236 2834 112 61 mit
2381 2829 173 64 einer
2584 2817 340 71 Giaswelle
2958 2817 157 58 über

990 2960 127 66 den
1166 2944 339 90 Abgrund.
2308 2967 13 12 *
2642 2944 2 94 ’
2747 3024 16 14 .

1081 3075 103 66 Da
1254 3070 189 71 steigt
1514 3056 130 70 und
1714 3052 223 66 bäumt
2007 3042 117 66 das
2189 3033 284 81 Gebirge
2537 3022 102 71 auf
2704 3031 205 54 hinter
2972 3014 146 64 dem

999 3165 351 68 Glassturz,
1400 3152 247 66 flammt
1693 3147 83 61 im
1812 3132 272 73 Saublut
2117 3127 114 68 des
2267 3121 246 82 Mittag,
2549 3121 188 74 steigt
2770 3104 132 68 und
2932 3101 193 66 brüllt

999 3251 132 71 und
1180 3256 175 58 saust
1400 3236 133 71 und
1566 3231 170 71 sinkt
1766 3226 206 68 hinter
2005 3218 104 69 die
2142 3205 348 97 glitzernde
2526 3198 277 73 Scheibe
2836 3218 116 43 wie
2985 3210 140 44 eine

1002 3341 345 83 geblasene
1400 3324 410 91 Spiegelung.

1094 3459 156 67 Eine
1298 3445 305 73 Sekunde
1660 3432 286 74 schwebt
1994 3426 103 68 auf
2148 3423 124 66 den
2319 3408 422 90 Wagbalken.
2834 3398 297 143 Welches

1007 3555 79 53 ist
1160 3545 103 63 die
1324 3537 172 69 Welt
1589 3531 103 66 die
1764 3516 339 76 eigentlich
2176 3507 166 70 mich
2415 3489 516 98 exploaierende,
3006 3511 64 39 ai

1012 3627 480 81 schwingende:
1545 3551 503 137 drauße/das?
2112 3596 211 74 Hier?
2389 3594 81 66 Ist
2503 3589 117 66 das
2653 3589 99 63 ein
2803 3579 335 68 Phantom.

1012 3749 132 46 was
1192 3718 104 69 ich
1327 3713 170 69 liebe
1543 3731 139 43 zum
1715 3695 468 74 Verrücktsein,
2234 3683 104 68 die
2371 3680 188 66 Brust
2589 3673 117 66 des
2739 3657 358 77 Karwende
3128 3708 12 26 ,

1018 3842 78 37 an
1148 3812 146 66 dem
1354 3803 202 68 selbst
1611 3796 104 66 die
1764 3788 333 69 Schweine
2145 3788 112 76 gut
2302 3768 279 73 wurden,
2632 3753 343 75 Kreuzeck,

1019 3901 209 90 gleich
1263 3894 270 73 machte,
1571 3886 114 69 das
1713 3871 434 76 Menschliche
2175 3858 348 74 aufschälte
2549 3878 116 41 wie
2693 3871 140 45 eine
2858 3843 284 81 Orange,

1507 604 254 56 Kasimir
1799 589 305 66 Edschmid
2155 617 10 13 ■
2226 581 224 59 Kerstin

912 622 110 59 396
