3166 4572
877 818 143 68 Wie
1075 812 213 68 lieben
1348 807 103 66 die
1499 797 352 72 Menschen
1911 792 102 67 die
2062 780 416 74 Kostbarkeit
2532 775 166 67 ihrer
2746 770 175 67 Haut

792 907 132 70 und
973 906 104 66 die
1126 901 283 67 erlesene
1458 891 285 81 Haltung
1790 884 165 66 ihrer
2001 878 255 84 Augen.
2347 864 305 72 Pikkolos
2701 870 220 56 zittern

792 990 398 76 knabenhaft
1236 985 132 68 und
1401 982 172 67 ohne
1605 973 355 74 Frechheit,
2011 967 169 66 denn
2229 959 135 69 ihre
2397 955 272 68 Traume
2709 952 214 63 haben

797 1091 101 62 nie
933 1077 322 83 geglaubt,
1293 1071 130 70 daß
1456 1096 74 41 so
1565 1061 366 72 Herrliches
1964 1049 311 73 wahrhaft
2308 1072 79 41 an
2420 1044 471 66 Restaurations-

798 1174 248 68 tischen
1095 1180 169 55 atme
1314 1160 132 70 und
1494 1161 232 81 speise.
1822 1146 256 70 Kellner
2124 1137 366 83 verbeugen
2539 1127 134 70 sich
2721 1123 207 88 gleich

801 1291 114 40 vor
962 1249 646 90 selbstgeschaffener
1641 1242 280 80 Königin
1970 1233 165 67 ihrer
2175 1226 217 68 Liebe.
2486 1221 248 72 Koche,
2782 1237 148 42 vom

806 1348 291 72 Gerücht
1128 1349 83 62 im
1245 1336 255 73 Betrieb
1536 1326 335 75 elektrisch
1907 1319 288 76 erreicht,
2240 1334 332 67 garnieren
2608 1330 114 42 nur
2755 1305 178 63 ihren

806 1438 188 71 Fisch
1043 1441 113 62 mit
1202 1423 443 92 hingebender
1683 1419 229 74 Kunst,
1961 1411 280 66 Portiers
2290 1402 182 75 eilen,
2524 1394 409 71 Chauffeure,

807 1556 128 42 von
983 1524 284 69 anderen
1314 1519 321 85 gemietet,
1693 1498 494 77 unbestechbar,
2251 1489 283 70 brechen
2599 1486 104 65 auf
2758 1489 183 57 unter

813 1620 146 67 dem
1010 1612 238 83 Schlag
1296 1607 165 66 ihres
1512 1601 303 72 Namens,
1879 1614 184 45 rasen
2126 1583 131 68 und
2322 1576 427 70 schmeicheln
2807 1576 134 58 sich

815 1711 113 64 mit
996 1700 235 88 großer
1300 1697 365 78 Bewegung
1743 1687 91 63 sie
1911 1672 311 94 grüßend,
2302 1669 227 65 keinen
2607 1661 181 65 Lohn
2871 1679 71 41 zu

817 1792 408 88 empfangen.
1306 1785 121 66 Nie
1474 1781 176 66 hätte
1698 1772 102 69 ich
1847 1776 271 80 gewagt,
2170 1787 72 40 zu
2281 1754 276 89 glauben
2631 1750 127 65 daß
2810 1750 138 59 dies

817 1884 172 70 Volk
1046 1880 111 66 der
1215 1874 294 72 Sklaven,
1577 1862 127 70 daß
1765 1886 114 41 vor
1932 1848 428 74 verrunzelten
2408 1835 540 74 Witielsbachern

822 1971 132 70 und
1003 1957 521 79 leberleidenden
1559 1941 701 80 Hohenzollernfrauen
2293 1929 367 74 erbleichte,
2711 1949 72 40 so
2830 1929 122 56 viel

826 2058 225 72 Größe
1099 2053 192 76 habe,
1357 2045 136 70 sich
1556 2046 142 63 eine
1745 2036 247 67 Fürstin
2049 2029 165 66 ihrer
2260 2021 198 68 Liebe
2514 2042 73 41 zu
2645 2016 306 63 schatten.

917 2178 107 68 Sie
1072 2180 82 61 ist
1203 2171 104 66 die
1353 2162 205 71 weiße
1607 2158 227 69 Göttin
1884 2152 113 66 der
2045 2147 235 67 Masse.

920 2296 108 69 Sie
1088 2290 213 69 lieben
1370 2284 176 67 diese
1602 2276 161 69 Frau
1825 2294 105 44 um
1993 2267 168 66 ihres
2208 2262 242 83 Auges,
2518 2253 165 66 ihrer
2737 2242 219 77 Hand,

832 2387 167 67 ihres
1062 2375 311 73 Lächelns
1436 2368 226 68 willen.
1757 2357 226 70 Nichts
2044 2356 234 64 weiter.
2373 2345 151 66 Man
2587 2347 174 74 neigt
2825 2335 135 63 sich

835 2501 115 42 vor
999 2472 113 66 der
1157 2462 336 72 Wahrheit
1538 2460 173 64 einer
1757 2445 324 89 Legende.

926 2580 287 82 Überall,
1261 2606 102 43 wo
1411 2580 101 64 ein
1545 2573 102 68 W.
1683 2568 101 78 C.
1835 2570 140 64 eine
2008 2557 233 72 Kirche
2313 2555 142 66 eine
2495 2547 285 69 Kaserne
2828 2537 135 69 sich

840 2679 222 77 findet,
1112 2675 311 66 flimmern
1474 2664 103 66 die
1625 2652 404 88 Lichtspiele,
2088 2642 470 82 durchdringen
2609 2633 103 65 die
2759 2633 209 62 Rinde

844 2773 115 66 des
1007 2761 315 78 Erdballs,
1373 2753 188 71 stehn
1609 2748 104 69 auf
1761 2740 308 77 Schiffen,
2119 2763 61 41 in
2216 2733 325 71 Klöstern,
2592 2723 104 68 auf
2742 2717 226 72 Inseln,

847 2865 61 63 in
941 2857 394 69 Lazaretten,
1383 2839 315 77 Bordells,
1731 2832 475 84 Villegiaturen,
2241 2811 488 77 Stembruchen,
2772 2809 176 66 Sana

847 2951 229 69 torien,
1142 2936 462 71 Irrenhäusern,
1660 2923 447 79 Auswärtigen
2168 2913 289 69 Ämtern,
2521 2895 454 74 Pohzeiburos,

849 3022 912 84 Landwirtschaftskammern,
1789 3007 470 71 Redaktionen,
2285 2992 487 89 Expeditionen,
2808 2992 91 58 Lu
2955 3015 23 12 -

852 3121 269 74 schiffen
1177 3114 130 68 und
1352 3104 524 83 Völkerkriegen.
1970 3091 157 71 Seht
2180 3088 97 66 ihr
2323 3081 195 76 nicht,
2579 3101 132 43 was
2767 3076 94 63 dir
2917 3093 61 41 m

857 3213 114 68 der
1025 3205 198 71 Hand
1284 3205 211 79 wiegt,
1561 3192 117 67 das
1741 3187 178 66 Korn
1980 3177 152 71 taub
2196 3172 155 76 laßt,
2407 3162 396 74 Verblödete
2866 3154 117 69 des

860 3302 393 71 Nichtstuns.
1347 3289 117 76 Ihr,
1515 3284 107 66 die
1670 3279 94 68 ihr
1810 3271 180 71 wach
2038 3266 158 79 seid,
2249 3264 107 68 die
2401 3256 275 71 Freiheit
2721 3248 262 74 fordert,

862 3383 483 86 Gerechtigkeit
1375 3375 158 69 liebt
1563 3368 132 71 und
1726 3388 211 64 gegen
1972 3360 125 66 den
2130 3347 462 94 pfaffenhaften
2625 3332 363 76 Schwindel

862 3502 181 46 eurer
1070 3464 478 84 Volksbildung
1584 3452 297 73 lächelnd
1929 3446 130 69 und
2130 3439 310 71 moderne
2470 3429 363 73 Berserker,
2884 3449 72 41 an-

867 3566 176 71 rückt
1076 3561 132 68 und
1241 3558 223 74 feuert,
1512 3551 105 68 die
1665 3546 96 68 ihr
1794 3543 127 66 den
1954 3533 259 71 Erdball
2249 3556 114 43 aus
2396 3525 275 69 infamen
2704 3510 289 76 Achseln

867 3657 231 84 klappt
1157 3647 132 69 und
1355 3642 175 69 nicht
1576 3632 284 89 vergeßt,
1926 3627 191 68 dabei
2183 3622 104 66 die
2340 3609 414 76 Marseillaise
2818 3624 180 46 eurer

870 3746 287 69 schönen
1205 3736 252 69 Herzen
1505 3754 73 40 zu
1627 3728 244 82 singen,
1937 3713 180 76 euch,
2186 3711 101 66 die
2343 3706 97 66 ihr
2493 3698 162 71 euch
2711 3693 285 84 hingebt,

875 3833 223 71 duldet
1137 3825 132 69 und
1302 3820 210 84 tapfer
1545 3812 138 71 seid
1716 3815 83 63 im
1832 3805 163 76 Blut,
2048 3800 242 68 schreie
2325 3792 99 68 ich
2460 3789 249 66 hinaus.
2762 3784 241 64 Nehmt

877 3924 105 66 die
1035 3916 231 71 Waffe.
1378 3906 165 71 Laßt
1604 3904 107 66 die
1772 3896 304 76 Theater,
2150 3888 107 66 die
2325 3873 493 76 Intellektuellen
2889 3891 116 43 nur

1384 626 252 57 Kasimir
1673 612 304 65 Edschmid
2030 642 11 12 •
2100 607 223 58 Kerstin

783 643 111 57 390
