3490 4376
1736 107 88 54 140

179 232 180 59 steht,
391 235 94 49 und
514 235 182 66 geisselt
726 237 69 51 die
1506 244 118 53 eben
1652 264 68 44 so,

179 315 87 51 wie
297 316 67 48 die
403 317 502 71 „Halb-Componisten
918 331 18 19 8
951 362 10 12 ,

296 397 160 51 Dieser
499 401 136 50 Mann
677 420 86 32 von
818 404 220 52 scharfem
1083 406 269 60 Verstände,
1409 410 310 65 gründlichem

172 477 205 61 Wissen,
421 484 234 49 sittlichem
685 486 167 48 Ernste
895 486 282 52 betrachtete
1211 490 69 50 die
1310 490 289 69 Ausbildung
1629 494 63 49 sei-

167 576 82 35 nes
280 562 176 51 Sohnes
486 565 62 48 als
579 566 120 50 seine
730 567 189 51 höchste
948 570 426 69 Lebens-Aufgabe.
1419 575 78 48 Bei
1535 575 80 50 der
1647 576 44 49 in-

167 642 178 68 nigsten
374 646 139 50 Liebe
543 667 55 30 zu
637 650 92 50 ihm
771 651 118 50 blieb
932 670 47 31 er
1025 653 204 50 dennoch
1272 656 328 51 unverblendet
1643 659 71 49 für

169 726 121 52 seine
320 727 296 61 Schwächen,
647 734 217 49 erkannte
894 734 91 51 und
1014 734 299 53 bewunderte
1343 739 94 49 sein
1464 740 140 50 Genie
1634 741 81 50 mit

169 806 233 69 richtigem
435 810 215 64 Urtheile,
689 824 173 42 warnte
892 816 92 51 und
1014 818 168 50 tadelte
1212 819 124 60 aber,
1375 838 72 33 wo
1480 839 46 32 es
1557 823 160 67 nöthig

169 907 109 41 war,
320 891 80 49 mit
429 894 208 67 Strenge.
697 898 62 48 So
801 898 103 49 kam
933 899 103 49 dem
1066 900 140 51 Genie
1237 901 69 51 die
1338 904 263 51 trefflichste
1632 907 56 49 Er-

165 971 198 68 ziehung
392 976 80 47 auf
496 976 78 51 das
604 979 294 65 glücklichste
929 989 239 60 entgegen.

293 1055 290 70 Wolfgang's
608 1061 189 60 Mutter,
829 1063 132 51 Anna
990 1065 141 51 Maria
1162 1067 169 50 Pertlin
1361 1086 83 33 aus
1475 1068 239 68 Salzburg,

166 1153 95 33 war
290 1138 101 50 eine
420 1140 169 51 schöne
618 1144 137 60 Frau,
786 1145 85 51 voll
894 1147 363 68 Gutmüthigkeit
1289 1150 90 49 und
1404 1150 153 60 Liebe,
1590 1161 127 41 sonst

167 1218 123 49 nicht
321 1218 273 64 bedeutend,
638 1225 206 51 wiewohl
875 1228 280 67 keineswegs
1186 1230 118 50 ohne
1334 1233 242 49 Verstand.
1619 1234 98 50 Nur

165 1299 43 53 in
240 1302 205 49 Hinsicht
475 1305 80 49 auf
575 1307 95 49 ihre
687 1307 209 68 Neigung
917 1328 100 32 zum
1041 1312 404 61 Derbkomischen,
1477 1314 77 51 das
1577 1314 107 51 über-

165 1382 141 67 haupt
348 1384 68 50 die
447 1387 277 68 Salzburger
767 1390 334 54 kennzeichnen
1131 1394 98 61 soll,
1273 1395 58 51 ist
1361 1397 253 68 Wolfgang
1644 1399 69 52 ihr

166 1463 156 52 echter
350 1467 139 52 Sohn.

775 1706 92 60 Für
903 1709 212 76 Gesang.

284 1843 287 50 Heinrich
616 1864 106 33 von
768 1849 160 57 Sahr,
971 1850 142 51 Sechs
1143 1850 165 51 Lieder
1338 1854 69 48 für
1447 1854 99 51 eine
1572 1855 108 50 Bass-

410 1928 178 48 stimme
632 1929 78 48 mit
753 1930 274 67 Begleitung
1072 1933 78 49 des
1196 1935 270 51 Pianoforte.
1522 1938 92 67 Op.
1657 1938 51 52 2.

409 2009 199 67 Leipzig,
645 2011 242 70 Breitkopf
910 2013 42 49 &
981 2014 177 51 Härtel.
1202 2018 126 48 Preis
1367 2017 68 50 15

285 2117 289 58 Heinrich
604 2138 106 36 von
740 2122 160 60 Sahr,
932 2123 141 51 Sechs
1102 2126 328 53 Lieder—aus
1461 2130 101 50 dem
1593 2131 84 67 Spa-

405 2201 184 50 nischen
619 2202 233 51 übersetzt
882 2222 87 33 von
998 2206 100 51 Em.
1124 2208 155 50 Geibel
1305 2210 89 49 und
1417 2212 110 48 Paul
1550 2212 155 69 Heyse

523 2284 68 49 für
646 2286 97 49 eine
787 2287 358 67 Sopranstimme
1188 2291 80 49 mit
1312 2292 271 67 Begleitung
1626 2295 79 49 des

407 2364 273 53 Pianoforte.
727 2368 89 68 Op.
862 2368 48 50 5.
955 2371 197 67 Leipzig,
1193 2373 238 73 Breitkopf
1455 2373 43 54 &
1526 2376 177 51 Härtel.

412 2447 125 51 Preis
570 2448 74 51 20
675 2451 111 65 Ngr.

241 2563 199 49 Obwohl
456 2565 94 48 sich
564 2583 54 32 an
635 2568 350 52 verschiedenen
1000 2570 229 52 einzelnen
1243 2574 169 50 Stellen
1427 2575 79 50 das
1521 2577 132 67 Opus
1670 2577 31 49 2

158 2644 64 49 als
242 2644 174 51 solches
438 2645 228 52 bisweilen
685 2649 181 65 geltend
891 2652 164 59 macht,
1082 2654 91 48 und
1199 2654 91 51 dies
1317 2657 246 67 respective
1587 2659 116 50 auch

157 2726 128 50 mehr
315 2726 41 50 in
388 2728 226 51 formeller
628 2730 221 60 Hinsicht,
881 2751 50 31 so
962 2734 56 48 ist
1038 2734 115 51 doch
1181 2735 57 50 im
1257 2737 311 67 Allgemeinen
1597 2742 103 49 dem

156 2809 239 50 Verfasser
423 2812 144 49 Beruf
590 2813 93 49 und
713 2814 160 51 Talent
903 2815 120 50 nicht
1052 2817 352 69 abzusprechen.
1435 2823 84 48 Die
1549 2832 149 42 ersten

153 2888 164 52 beiden
331 2892 188 50 Lieder:
553 2931 19 20 „
584 2894 113 50 Dein
716 2897 190 49 Bildniss
925 2898 303 68 wunderselig
1240 2909 17 21 8
1279 2903 123 50 und:
1430 2941 17 20 „
1463 2904 172 68 Vesper
1649 2914 17 19 8
1681 2945 12 20 ,

155 2972 96 49 sind
283 2973 57 48 im
372 2975 332 65 gemüthlichen
732 2979 127 48 Tone
891 2980 224 64 gehalten.
1144 2983 66 48 Im
1242 2983 164 51 letzten
1436 2986 154 60 Liede,
1620 3006 51 48 ge-

155 3072 87 48 gen
273 3055 76 50 das
379 3058 129 49 Ende
539 3076 71 42 zu,
642 3059 130 50 kehrt
802 3062 68 48 die
889 3063 194 50 Melodie
1113 3064 79 50 des
1221 3074 153 42 ersten
1394 3069 166 50 Verses
1591 3071 79 49 wie-

155 3137 96 58 der,
293 3154 91 33 was
424 3157 120 32 zwar
584 3158 112 49 ganz
727 3142 42 49 in
801 3142 79 49 der
911 3146 252 66 Ordnung;
1206 3147 109 53 aber
1345 3166 48 33 es
1423 3149 131 51 kehrt
1582 3153 113 48 auch

152 3218 100 51 eine
282 3219 146 50 Pause
457 3222 181 59 wieder,
683 3224 68 50 die
792 3243 93 32 nun
923 3227 43 48 in
1008 3226 166 52 diesem
1206 3229 165 52 letzten
1402 3233 146 50 Verse
1577 3234 121 50 nicht

152 3299 44 50 in
227 3300 81 50 der
339 3302 228 67 Ordnung
595 3304 55 49 ist
679 3306 92 49 und
797 3307 214 49 vielmehr
1040 3309 96 50 eine
1154 3312 248 68 Trennung
1432 3314 80 50 des
1535 3316 161 51 Sinnes

151 3380 209 64 bewirkt,
391 3402 73 33 wo
495 3386 58 49 im
585 3387 146 49 Texte
760 3388 127 51 keine
917 3392 288 53 vorhanden:

278 3482 159 52 Erster
462 3487 142 50 Vers:

152 3564 76 40 Die
255 3565 314 53 Abendglocken
595 3570 170 52 klangen
793 3568 124 44 schon
946 3572 124 41 durch
1099 3574 69 40 das
1195 3575 100 40 stille
1323 3572 135 56 Thal;.!
1487 3580 49 39 da
1563 3591 132 30 sassen

278 3627 188 48 Letzter
494 3629 142 51 Vers:

152 3698 67 39 Ich
238 3701 129 47 wollt',
395 3701 64 39 ich
487 3702 73 51 lag'
580 3704 198 51 begraben
800 3707 78 39 und
899 3708 98 40 über
1016 3708 77 41 mir
1113 3708 181 41 rauschte
1334 3711 92 42 weit
1479 3712 64 41 die
1571 3715 123 41 Linde

158 3796 87 23 —.
276 3768 134 51 Auch
439 3770 127 50 hatte
597 3772 80 50 der
703 3775 111 50 Bass
844 3784 169 42 anstatt
1041 3778 145 48 seines
1218 3778 265 66 gehaltenen
1513 3782 150 53 Grund-

151 3854 131 45 tones
311 3868 57 32 an
406 3852 150 50 dieser
585 3855 140 49 Stelle
765 3857 97 49 eine
890 3867 109 58 gute
1031 3861 310 64 Gelegenheit,
1385 3862 172 51 sowohl
1587 3883 103 33 zum

157 3929 244 55 Ausdruck
423 3935 74 51 des
528 3976 16 19 „
560 3938 162 50 weiten
739 3939 258 51 Lauschens
1061 3943 141 50 durch
1221 3943 99 51 eine
1348 3942 342 70 bewegtere

149 4013 460 74 Begleitungs-Figur
647 4028 143 46 etwas
818 4021 308 71 beizutragen,
1167 4026 65 50 als
1275 4027 118 52 auch
1435 4026 254 73 überhaupt

1817 246 216 51 hiedurch
2063 247 42 51 in
2138 250 84 49 den
2241 251 186 51 Schluss
2457 260 140 45 etwas
2630 255 128 51 mehr
2775 258 265 69 Bewegung
3069 279 56 33 zu
3156 260 204 71 bringen,

1816 327 81 50 der
1931 346 148 50 gegen
2110 332 70 50 die
2211 334 108 49 kurz
2350 336 163 49 vorher
2557 338 221 64 gehörten
2809 343 395 52 Sechszehntheile
3234 354 129 43 sonst

1816 429 56 32 zu
1901 414 208 66 schläfrig
2140 415 205 53 absticht.
2395 419 201 66 Originel
2635 421 91 51 und
2768 425 426 68 ausdrucksvollst
3224 429 109 67 dage-

1814 510 87 49 gen
1933 494 69 49 die
2033 496 162 51 Stelle:
2239 500 148 56 „Was
2419 501 132 65 geh'n
2584 503 69 48 die
2683 504 201 51 Glocken
2916 508 152 59 heute,
3106 510 65 50 als
3201 510 59 51 ob
3290 510 70 51 ich

1816 576 172 50 weinen
2020 583 212 49 müsst'".
2275 584 79 49 Nr.
2391 581 52 61 3,
2484 585 127 56 „Auf
2635 585 103 51 dem
3258 589 38 29 12
3297 585 29 75 /
3327 623 15 28 8
3349 632 10 13 .

1813 658 113 49 Eine
1969 659 364 54 überraschende
2380 665 252 69 Wendung
2687 669 150 50 macht
2881 670 82 50 der
3006 673 237 51 Verfasser
3286 692 73 37 am

1813 740 214 51 Schlüsse
2046 743 80 49 der
2142 745 144 50 Verse
2308 748 70 49 bei
2399 748 85 51 den
2504 752 225 49 Worten:
2769 753 108 57 „Ich
2907 754 181 51 möchte
3117 757 101 49 froh
3248 758 111 60 sein,

1813 821 116 51 doch
1959 825 118 49 mein
2107 828 121 48 Herz
2260 829 56 50 ist
2543 833 143 49 durch
2730 834 78 51 das
2851 837 284 50 auftretende

1814 905 155 49 womit
1999 908 114 48 auch
2143 909 79 50 das
2251 912 237 68 Nachspiel
2518 915 217 51 schliesst.
2777 917 80 50 Nr.
2889 918 52 58 4,
2993 921 107 55 „An
3300 921 58 52 ist

1813 988 70 48 die
1914 988 280 52 schwächste
2222 994 235 61 Nummer,
2503 997 68 49 die
2612 999 217 50 vielleicht
2867 1018 89 32 nur
2999 1002 159 51 darum
3200 1021 55 33 an
3286 1004 70 50 die

1816 1069 363 53 Oeffentlichkeit
2198 1083 207 57 getreten
2428 1078 70 58 ist,
2528 1097 75 32 um
2636 1082 69 48 die
2731 1082 110 49 Zahl
2866 1083 32 48 6
2932 1083 133 51 füllen
3097 1103 55 32 zu
3184 1086 161 53 helfen.

1811 1153 105 48 Von
1947 1153 120 49 Zeile
2099 1152 30 50 3
2175 1173 56 32 an
2273 1162 118 47 stört
2425 1159 115 50 auch
2580 1161 42 50 in
2664 1162 81 49 der
2772 1164 194 50 Melodie
3011 1167 99 49 eine
3150 1185 172 50 unange-

1808 1234 163 50 nehme
1987 1237 278 61 Monotonie,
2295 1241 148 50 indem
2470 1243 45 66 je
2545 1244 92 50 vier
2658 1246 81 48 auf
2759 1246 214 50 einander
2992 1249 205 66 folgende
3219 1252 107 50 zwei-

1807 1317 165 66 tactige
1995 1319 259 66 Rhythmen
2286 1323 78 50 mit
2392 1324 135 51 Einer
2559 1326 91 49 und
2682 1328 236 51 derselben
2943 1331 304 70 Unterquinte

1808 1397 239 67 beginnen.
2103 1403 103 50 Von
2236 1407 348 63 gemüthlichem
2613 1409 273 51 Ausdrucke
2926 1412 97 53 sind
3068 1415 170 49 wieder
3280 1416 71 49 die

1809 1479 160 51 beiden
2000 1482 166 52 letzten
2194 1487 177 60 Lieder,
2399 1488 78 51 Nr.
2500 1489 50 59 5,
2592 1530 16 18 „
2625 1492 91 48 Des
2733 1492 167 51 Müden
2918 1493 252 54 Abendlied
3184 1506 16 18 8
3214 1534 11 22 ,
3256 1497 94 52 und

1808 1564 78 49 Nr.
1920 1564 49 58 6,
2023 1567 124 56 „Der
2178 1569 247 50 Einsiedler
2438 1581 18 18 8
2470 1610 10 12 .
2537 1573 103 50 Von
2684 1576 399 66 eigentümlicher
3115 1580 232 67 Wirkung

1806 1644 58 50 ist
1894 1646 42 49 in
1966 1647 76 51 Nr.
2072 1648 29 48 5
2131 1649 68 51 die
2223 1652 164 51 Stelle:
2428 1655 90 57 „0,
2540 1655 124 66 singe
2683 1675 86 30 nur
2789 1675 68 42 zu,
2880 1658 60 50 du
2961 1660 258 67 Spielmann
3242 1661 61 51 du
3316 1670 19 21 8

1806 1726 99 70 (der
1934 1729 99 51 Tod
2060 1733 191 50 nämlich
2281 1735 95 52 hier
2406 1755 54 30 zu
2491 1740 268 66 verstehen).

1930 1811 90 49 Das
2051 1816 158 48 zweite
2238 1817 257 51 Liederheft
2524 1820 77 49 des
2634 1821 337 68 Componisten,
3003 1825 89 67 Op.
3127 1825 51 60 5,
3222 1827 122 53 steht

1803 1891 139 51 schon
1973 1911 54 32 an
2052 1896 271 69 Bedeutung
2354 1901 156 57 höher,
2540 1903 62 48 als
2634 1903 78 49 das
2744 1913 132 43 erste.
2909 1906 99 50 Und
3041 1924 131 35 wenn
3204 1909 141 54 schon

1803 1975 69 48 ein
1903 1977 194 50 Streben
2127 1980 112 49 nach
2270 1983 242 49 Ausdruck
2544 1985 89 49 sich
2665 1987 42 47 in
2739 1987 234 50 letzterem
3004 1990 122 50 kund
3157 1990 102 66 gab,
3292 2009 50 32 so

1800 2056 78 49 hat
1908 2058 91 49 dies
2030 2060 42 48 in
2096 2060 151 66 jenem
2281 2064 99 50 dem
2413 2065 255 51 Anscheine
2707 2070 111 47 nach
2862 2071 89 49 und
2994 2074 247 64 respective
3270 2074 79 49 auf

1802 2139 260 68 Grundlage
2093 2144 78 47 der
2202 2145 517 67 lyrisch-gemüthlichen
2749 2152 146 51 Texte
2939 2170 118 33 neue
3088 2155 223 67 Schwung-

1801 2220 116 50 kraft
1957 2241 267 47 gewonnen.
2283 2230 258 50 Besonders
2573 2232 74 49 hat
2678 2232 79 50 der
2787 2235 235 50 Verfasser
3053 2254 47 31 es
3131 2237 80 49 auf
3244 2237 98 51 eine

1800 2304 174 50 scharfe
2003 2307 366 69 Hervorhebung
2400 2313 79 48 der
2510 2314 297 59 Situation
2837 2317 258 66 abgesehen
3124 2318 112 69 (was
3260 2337 77 33 na-*

1800 2387 210 49 mentlich
2029 2388 84 50 den
2131 2409 144 31 neuen
2296 2394 508 68 Lieder-Componisten
2822 2401 333 64 vorzugsweise
3178 2401 162 68 eigen),

1799 2468 218 50 wodurch
2049 2470 113 51 eben
2195 2475 112 48 auch
2341 2476 68 49 die
2441 2476 308 68 Composition
2781 2481 126 49 einen
2940 2483 84 48 fast
3064 2483 239 55 dramati-

1799 2551 175 49 schen
2004 2552 229 53 Eindruck
2263 2558 162 58 macht,
2460 2561 88 49 und
2576 2578 128 32 wozu
2738 2562 90 49 sich
2860 2565 117 47 dann
3008 2565 68 48 die
3097 2565 241 52 Phantasie

1797 2631 133 50 leicht
1959 2634 76 49 das
2063 2638 220 64 passende
2300 2640 95 50 Bild
2421 2641 138 49 selbst
2584 2644 213 49 zeichnet.
2827 2646 228 50 Natürlich
3087 2648 57 49 ist
3173 2648 43 50 in

1796 2730 74 32 ser
1896 2716 205 52 Hinsicht
2133 2723 329 62 vorzugsweise
2490 2725 68 48 die
2576 2725 126 50 Rede
2735 2745 83 31 von
2851 2729 79 48 der
2960 2730 375 68 Begleitung,

1795 2797 169 49 welche
1995 2802 225 49 nunmehr
2265 2804 80 49 der
2375 2806 192 49 Melodie
2598 2808 69 52 die
2697 2810 153 49 Palme
2881 2811 274 67 abzuringen
3186 2813 145 59 sucht,

1792 2879 90 49 und
1929 2880 68 49 die
2041 2883 311 68 Befürchtung
2406 2888 222 49 erscheint
2670 2890 284 68 keineswegs
2999 2895 332 64 ungegründet,

1792 2959 101 51 dass
1925 2980 46 32 es
2002 2963 41 50 in
2075 2965 80 49 der
2176 2968 199 49 Zukunft
2399 2970 80 48 mit
2503 2970 79 49 der
2612 2972 590 69 Selbstständigkeit
3232 2977 100 52 der

1790 3043 254 54 Melodie
2074 3055 141 42 etwas
2247 3050 103 52 sehr
2379 3051 181 66 fraglich
2592 3055 221 51 aussehen
2847 3058 165 49 werde.
3045 3060 173 65 (Vergl,
3250 3060 78 51 des

1788 3125 274 52 Referenten
2093 3129 306 69 Abhandlung
2429 3134 57 50 im
2516 3135 153 67 Jahrg.
2693 3139 93 57 111.,
2815 3139 77 51 Nr.
2914 3140 92 58 41,
3039 3140 80 49 der
3142 3142 160 51 Nieder-

1788 3207 278 50 rheinischen
2093 3212 390 69 Musik-Zeitung:
2525 3219 114 55 „Die
2660 3220 357 52 Beschaffenheit
3039 3224 168 64 einiger
3229 3224 76 50 Lie-

1788 3289 474 69 der-Compositionen
2292 3296 78 49 der
2711 3304 112 49 Nr.
2851 3304 45 57 1,
2927 3305 210 65 „Klinge,
3168 3306 162 66 klinge,

1790 3372 117 49 mein
2241 3378 55 49 ist
2336 3380 68 49 ein
2435 3382 174 49 solches
2641 3384 365 52 Genre-Tonbild
3039 3388 122 49 einer
3190 3389 110 49 weib-

1788 3454 141 50 lichen
1962 3456 303 66 Resignation,
2310 3462 68 49 die
2423 3465 166 63 gerade
2632 3473 133 44 unter
2805 3468 121 50 einer
2971 3469 356 67 beabsichtigten

1788 3537 283 66 Verhüllung
2102 3540 142 50 dieser
2262 3543 140 52 durch
2434 3546 68 48 die
2528 3546 169 51 heitere
2716 3550 150 49 Kunst
2898 3568 72 32 um
3004 3569 48 31 so
3084 3553 126 48 tiefer
3240 3553 86 50 den

1786 3617 263 54 heimlichen
2081 3623 210 50 Schmerz
2323 3626 125 50 fühlt.
2480 3628 139 67 (Seite
2653 3628 49 59 3,
2728 3631 119 48 Zeile
2881 3632 49 58 2,
2961 3634 111 48 Tact
3104 3632 30 55 3
3170 3636 41 47 in
3241 3635 82 52 der

1785 3701 290 65 Singstimme
2117 3705 75 48 das
2235 3708 159 49 Achtel
2420 3713 30 63 f
2471 3709 41 49 in
2543 3730 28 33 a
2613 3730 51 30 zu
2709 3715 316 67 verwandeln).
3181 3718 145 50 Einen

1784 3784 129 54 mehr
1942 3785 400 56 volkstümlichen
2374 3791 248 51 Charakter
2653 3794 116 66 zeigt
2796 3796 77 49 Nr.
2903 3796 59 51 2:
3004 3799 320 56 „Schäumend

1783 3865 106 50 floss
1921 3866 80 49 der
2031 3870 117 48 Bach
2180 3873 90 48 und
2569 3875 108 50 Naiv
2705 3880 332 64 repräsentiren
3066 3881 41 47 in
3140 3882 77 50 der
3236 3883 57 48 Be-

1784 3949 202 65 gleitung
2016 3951 68 49 die
2107 3953 321 68 jedesmaligen
2452 3956 414 68 nachschlagenden
2895 3962 92 48 drei
3011 3963 169 50 kurzen
3199 3964 90 50 Ach-

1783 4031 60 49 tel
1875 4032 77 50 das
2303 4038 80 52 der
2413 4039 315 55 Bacheswelle.
2787 4043 109 54 Fast
2928 4044 263 57 wiederholt
3226 4047 93 54 sich
