3490 4376
1701 152 87 52 143

141 292 238 52 Leistungen
409 291 136 40 beider
574 289 308 40 Gesellschaften
912 289 87 40 sind
1029 289 138 39 höchst
1196 285 270 46 ehrenwerth;
1510 285 55 40 sie
1593 285 76 51 pfle-

140 375 78 39 gen
246 363 123 39 Beide
397 374 75 27 nur
501 360 206 40 classische
736 360 132 40 Musik
912 360 79 38 und
1030 359 129 38 haben
1190 357 237 49 neuerdings
1456 356 61 39 die
1547 356 141 39 letzten

138 432 262 50 schwierigen
428 431 201 48 Quartette
657 442 75 28 von
761 431 226 39 Beethoven
1016 429 81 38 und
1127 429 126 37 Franz
1282 426 196 38 Schubert
1512 425 69 38 mit
1610 424 59 39 vie-

139 504 80 39 lem
247 503 158 50 Erfolge
431 501 175 50 gespielt.
638 501 64 38 W.
730 501 141 40 Mason
900 500 48 38 ist
977 499 62 39 ein
1068 497 237 51 gediegener
1334 494 149 39 Pianist
1512 493 177 51 (Schüler

143 585 75 27 von
248 571 131 48 Liszt),
419 572 70 38 der
527 571 99 39 auch
671 570 62 39 ein
764 568 268 41 bedeutendes
1063 565 451 52 Compositions-Talent
1542 564 147 39 besitzt.

141 642 82 40 Der
246 642 124 51 junge
399 641 189 39 Künstler
617 640 64 39 hat
709 639 174 39 kürzlich
911 637 87 40 eine
1028 636 91 39 sehr
1147 635 201 38 dankbare
1378 633 311 40 Bravour-Piece

141 724 76 27 von
237 713 130 39 seiner
383 711 266 51 Composition
674 710 182 50 gespielt:
886 708 119 36 Silver
1018 708 136 49 Spring
1181 703 330 51 (Silber-Quelle),
1540 704 148 39 welche

142 782 55 39 im
226 781 160 40 wahren
415 781 121 39 Sinne
565 779 67 39 des
665 779 156 38 Wortes
851 778 148 38 Furore
1029 776 141 38 macht.

221 887 75 42 Die
322 884 340 45 italienische
692 882 136 52 Oper
870 882 64 38 hat
978 880 323 52 ausgezeichnete
1339 878 236 51 Mitglieder,
1604 878 57 39 Ma-

143 959 116 40 dame
285 959 63 38 La
378 956 205 49 Gränge
613 966 50 27 an
692 953 70 39 der
785 952 141 50 Spitze.
955 951 75 40 Die
1054 950 128 40 Chöre
1211 949 89 39 sind
1328 953 68 46 gut
1425 948 157 38 besetzt.
1611 947 79 39 Das

145 1030 212 40 Orchester
385 1027 102 39 zählt
514 1025 64 40 die
606 1026 137 38 besten
771 1023 178 40 Musiker
987 1023 69 38 der
1084 1021 121 46 Stadt,
1246 1019 64 39 die
1340 1023 127 35 ersten
1498 1018 193 39 Stimmen

145 1099 88 41 sind
288 1098 71 40 mit
412 1096 215 39 Virtuosen
683 1095 159 39 besetzt.
898 1094 82 37 Der
1022 1089 298 53 Capcllmeister
1372 1089 146 39 könnte
1560 1088 134 39 besser

145 1170 106 46 sein;
292 1166 173 41 Routine
494 1165 95 39 fehlt
615 1164 81 40 ihm
726 1163 120 45 nicht,
889 1164 95 38 aber
1019 1160 292 40 musicalisches
1344 1159 169 38 Wissen.
1620 1157 74 39 Die

145 1237 265 54 englische
456 1235 132 52 Oper
633 1235 84 51 gibt
753 1233 213 49 durchweg
996 1232 187 38 besuchte
1215 1230 327 50 Vorstellungen;
1592 1229 102 39 doch

144 1310 159 40 können
331 1307 201 40 dieselben
560 1305 42 39 in
629 1304 137 40 keiner
789 1303 135 39 Weise
952 1298 69 43 mit
1049 1303 129 38 denen
1198 1301 69 39 der
1294 1300 270 40 italiänischen
1587 1298 109 52 Oper

145 1378 226 52 verglichen
400 1376 171 42 werden.
625 1375 73 40 Die
728 1374 132 40 Prima
889 1374 153 46 Donna,
1085 1373 63 38 ein
1176 1372 131 37 Fräul.
1336 1371 150 50 Pyne,
1530 1370 49 39 ist
1608 1368 86 39 eine

146 1447 277 42 musicalische
451 1446 223 46 Celebrität,
703 1444 150 43 welche
882 1443 121 39 schon
1032 1442 40 40 in
1102 1442 166 38 London
1297 1440 205 40 Aufsehen
1530 1445 165 46 erregte.

224 1517 74 40 Die
327 1515 252 42 deutsche
609 1515 134 51 Oper
770 1514 48 40 ist
847 1513 102 39 noch
979 1514 39 38 in
1046 1512 71 38 der
1145 1510 191 40 Kindheit
1444 1509 137 39 höchst
1609 1508 65 40 mit-

144 1587 201 51 telmässig
371 1587 39 39 in
435 1586 113 52 jeder
574 1585 242 49 Beziehung.
869 1584 101 39 Jetzt
998 1581 72 40 soll
1108 1581 96 39 aber
1232 1580 64 38 ein
1324 1590 122 28 neues
1475 1578 194 40 Unterneh-

145 1668 93 30 men
266 1670 49 28 zu
341 1657 146 41 Stande
516 1656 198 46 kommen,
741 1659 117 34 unter
874 1653 168 49 Leitung
1072 1650 106 40 eines
1207 1649 134 40 Herrn
1369 1660 97 27 von
1495 1647 199 40 Berkel.

229 1775 72 40 Die
329 1774 302 51 Concertgeber,
659 1773 96 39 oder
783 1770 185 50 richtiger
997 1772 155 48 gesagt:
1194 1765 207 40 reisenden
1432 1761 240 41 Concert-Ge-

148 1846 259 46 sellschaften,
451 1845 87 39 weil
562 1844 113 51 jeder
701 1842 187 40 Virtuose
917 1840 81 39 sich
1028 1839 137 38 seinen
1194 1836 186 39 Beistand
1410 1835 177 51 engagirt
1616 1832 80 39 und

150 1915 122 40 damit
299 1915 145 39 durchs
475 1915 109 38 Land
613 1914 113 47 zieht,
765 1912 88 40 sind
889 1911 40 39 in
959 1908 148 40 diesem
1138 1908 118 40 Jahre
1286 1907 108 38 nicht
1422 1905 196 51 glücklich
1657 1903 39 39 in

148 1986 115 40 ihren
290 1985 392 50 Unternehmungen.
733 1984 55 38 Es
830 1982 124 39 sollen
997 1980 85 38 hier
1124 1990 75 26 nur
1227 1976 62 40 die
1319 1975 377 50 hervorragendsten

150 2058 210 51 angeführt
388 2057 172 39 werden.
617 2054 72 39 Die
732 2053 144 40 beiden
906 2050 145 50 Geiger
1080 2048 211 40 Gebrüder
1330 2046 367 41 Mollenhauer

150 2128 87 40 sind
265 2140 98 40 ganz
393 2125 253 46 vortrefflich,
691 2124 81 38 und
809 2123 62 38 ihr
900 2119 338 51 Zusammenspiel
1266 2118 77 39 ruft
1371 2117 100 38 auch
1499 2115 65 40 bei
1592 2116 80 38 Ken-

150 2211 99 28 nern
278 2198 76 39 den
382 2196 257 40 lebhaftesten
661 2194 139 40 Beifall
830 2194 158 42 hervor;
1018 2189 183 40 dennoch
1223 2189 129 38 haben
1371 2187 54 39 sie
1443 2185 128 50 wenig
1587 2183 112 40 mehr

152 2271 55 39 als
235 2269 86 39 ihre
348 2267 268 39 Aufenthalts-
643 2265 82 38 und
754 2263 338 40 Concert-Kosten
1121 2260 192 52 gemacht.
1367 2259 79 37 Der
1491 2255 208 40 berühmte

151 2340 187 38 Virtuose
367 2337 92 39 Ole
487 2336 115 39 Bull
631 2336 103 37 zieht
758 2335 94 50 jetzt
878 2333 125 38 durch
1033 2331 62 38 die
1124 2330 157 39 kleinen
1309 2328 134 40 Städte
1470 2326 81 40 und
1581 2326 120 38 selbst

153 2409 49 39 da
232 2420 74 28 nur
332 2407 72 39 mit
431 2405 241 51 kärglichem
701 2405 174 38 Success.
933 2403 77 38 Wo
1051 2402 70 37 der
1150 2400 73 39 Ole
1253 2399 89 38 Bull
1371 2397 102 39 noch
1502 2395 106 39 nicht
1636 2406 44 39 ge-

151 2479 124 40 sehen
305 2478 173 46 worden,
506 2475 96 41 läuft
629 2476 69 38 der
726 2486 134 40 grosse
879 2474 157 38 Haufen
1065 2472 68 38 das
1157 2475 101 34 erste
1279 2470 79 40 Mal
1389 2465 203 52 neugierig
1620 2464 82 46 hin,

152 2551 69 38 das
250 2549 135 39 zweite
413 2549 81 39 Mal
524 2547 97 40 wird
651 2547 62 38 die
743 2545 102 39 Nase
873 2543 198 51 gerümpft
1099 2542 82 38 und
1211 2540 200 45 bedauert,
1449 2538 87 39 dass
1566 2536 63 39 ein
1660 2547 41 26 so

154 2632 155 39 grosses
339 2618 125 41 Genie
493 2630 42 27 so
566 2617 128 50 wenig
723 2616 39 39 in
793 2617 69 36 der
891 2615 129 38 Kunst
1048 2613 137 38 leistet.
1223 2611 80 39 Der
1330 2608 150 39 Pianist
1510 2606 193 40 Gockel

154 2691 84 51 gibt
278 2690 192 49 vereinigt
498 2688 71 38 mit
596 2688 90 38 dem
718 2684 234 40 Violinisten
988 2683 45 38 P.
1072 2680 199 40 Jullien
1314 2679 203 38 Concerte.
1567 2676 135 38 Dieses

155 2763 287 48 Künstlerpaar
469 2758 130 41 macht
626 2756 85 39 hier
740 2761 113 33 unter
881 2754 102 38 allen
1001 2749 316 51 Concerlgebern
1348 2749 68 37 das
1437 2749 149 49 grösste
1606 2745 74 38 Auf-

153 2833 125 40 sehen
307 2832 81 39 und
417 2830 63 39 die
508 2830 138 39 besten
675 2826 221 40 Geschäfte.
950 2824 94 40 Man
1089 2826 94 46 sagt,
1226 2820 88 38 dass
1338 2818 113 52 jeder
1479 2827 77 27 von
1583 2815 122 39 ihnen

161 2903 144 39 bereits
334 2902 142 47 50,000
504 2901 144 39 Francs
679 2896 186 51 erübrigt,
907 2895 80 38 und
1016 2894 89 37 dass
1133 2890 237 40 namentlich
1402 2888 148 40 Gockel
1581 2886 123 38 durch

160 2973 109 40 seine
298 2971 321 52 Compositionen
663 2968 63 38 ein
766 2964 279 41 erkleckliches
1073 2963 185 38 Honorar
1296 2971 75 27 von
1400 2958 88 38 dem
1521 2956 187 50 Verleger

162 3044 155 40 bezieht
328 3057 8 32 ;
382 3042 213 39 besonders
638 3040 122 38 sollen
797 3037 80 39 ihm
915 3035 63 39 die
1021 3034 169 50 Niagara
1210 3031 175 51 Caprice,
1427 3029 69 38 der
1524 3027 186 40 Concert-

164 3116 165 50 Galopp,
370 3114 63 40 die
472 3111 268 44 Polichinelle,
781 3109 183 36 Souvenir
992 3108 42 34 de
1062 3106 119 36 heaux
1208 3109 111 43 joars
1359 3097 350 53 (Phantasiestück)

163 3188 91 40 sehr
282 3185 103 40 hoch
412 3183 156 41 bezahlt
604 3180 161 39 worden
808 3178 97 39 sein.
960 3177 72 38 Als
1061 3175 150 39 Pianist
1239 3173 80 38 und
1350 3170 230 51 Componist
1608 3167 97 39 wird

164 3257 149 41 Gockel
341 3255 87 40 hier
454 3253 101 40 hoch
585 3251 207 51 geschätzt.
833 3249 79 38 Das
943 3246 206 39 Publicum
1181 3245 181 49 begrüsst
1389 3241 69 38 ihn
1487 3239 63 40 bei
1577 3238 133 53 jedem

163 3328 253 41 öffentlichen
432 3324 206 40 Auftreten
655 3316 312 47 enthusiastisch,
997 3316 80 38 und
1107 3327 42 27 so
1179 3315 53 38 oft
1260 3326 43 26 er
1331 3324 76 27 von
1436 3311 142 50 obigen
1597 3309 86 38 Com-

164 3399 222 53 positionen
414 3408 49 27 zu
492 3394 133 40 Gehör
652 3392 143 50 bringt,
823 3389 48 39 ist
898 3401 42 26 er
969 3386 202 52 genöthigt
1199 3398 89 26 zum
1318 3384 217 48 Da-Capo-
1538 3380 172 51 Spielen.

164 3471 54 40 Es
245 3469 84 52 gibt
357 3467 134 39 hierzu
520 3464 242 48 keineswegs
792 3460 69 37 der
889 3457 207 40 classische
1120 3455 138 40 Werth
1279 3453 62 40 die
1362 3454 232 47 Anregung,
1623 3460 66 27 son-

165 3542 97 39 dern
292 3541 70 38 der
390 3532 315 46 innewohnende
735 3530 240 42 melodische
1004 3528 96 38 Reiz
1144 3527 80 37 und
1268 3526 63 38 die
1361 3523 160 46 Effecte,
1564 3520 148 39 welche

165 3625 75 28 von
269 3612 83 39 ihm
380 3610 70 39 mit
478 3620 42 27 so
550 3608 167 38 seltener
745 3605 176 38 Bravour
947 3597 327 51 wiedergegeben
1316 3596 160 38 werden
1512 3592 82 41 und
1632 3603 53 27 wo-

165 3682 125 40 durch
337 3680 63 39 die
442 3690 134 40 grosse
605 3677 145 48 Menge
792 3681 220 43 gewonnen
1059 3668 109 38 wird.
1225 3667 99 39 Hier
1366 3666 94 50 liegt
1498 3663 100 40 auch
1642 3662 69 38 der

169 3753 153 46 Grund,
365 3752 89 38 dass
480 3748 154 40 Gockel
679 3756 76 29 von
799 3744 69 38 der
896 3740 129 40 Kritik
1068 3737 247 49 beschuldigt
1355 3735 112 47 wird,
1508 3747 47 26 zu
1583 3732 128 50 wenig

167 3822 238 41 Classisches
433 3832 47 27 zu
509 3819 162 50 spielen.
725 3816 112 39 Aber
865 3810 214 47 Schulhoff,
1107 3806 264 52 Dreysehock,
1400 3805 203 38 Willmers
1630 3801 81 40 und

168 3893 218 41 Consorten
415 3888 185 40 verfallen
628 3886 40 39 in
698 3885 151 51 gleiche
876 3884 154 45 Fehler,
1073 3879 150 51 spielen
1251 3876 115 38 meist
1395 3887 74 27 nur
1496 3874 86 39 ihre
1611 3871 81 50 eige-

168 3974 77 27 nen
274 3959 335 53 Compositionen,
637 3956 82 39 und
748 3955 55 39 sie
833 3954 129 39 haben
990 3964 89 27 vom
1108 3944 506 52 Virtuosen-Standpunkte
1642 3954 69 28 aus

167 4033 108 40 nicht
303 4043 97 38 ganz
429 4029 184 41 Unrecht.
640 4027 45 39 P.
714 4026 146 40 Jullien
888 4025 48 39 ist
964 4023 63 40 ein
1056 4019 172 54 genialer
1258 4015 156 52 Geiger.
1453 4015 131 38 Kaum
1611 4012 81 40 fünf-

169 4103 100 43 zehn
296 4100 119 42 Jahre
444 4100 63 45 alt,
548 4098 113 52 spielt
689 4109 42 27 er
757 4094 205 52 Paganini,
1001 4092 273 47 Vieuxtemps,
1315 4087 132 47 Ernst,
1482 4084 131 53 Spohr
1640 4083 71 40 mit

1782 285 167 39 seltener
1976 282 247 42 Virtuosität.
2251 282 171 50 Eigenes
2441 280 392 52 Schaffungs-Talent
2854 279 138 40 besitzt
3018 291 42 27 er
3087 277 126 48 nicht;
3241 278 74 40 viel-

1780 353 118 40 leicht
1927 354 88 39 dass
2044 353 82 39 sich
2157 353 181 38 dasselbe
2367 353 128 48 später
2523 350 233 40 entwickelt.
2784 350 116 39 Auch
2919 348 148 42 Gockel
3088 348 80 40 und
3188 348 145 39 Jullien

1780 426 196 37 verlassen
2005 423 197 47 America,
2241 422 129 51 gehen
2394 421 95 51 jetzt
2517 433 74 27 von
2620 420 85 39 hier
2733 420 101 39 nach
2868 418 223 40 Havannah
3119 417 82 39 und
3228 418 107 38 dann

1782 495 99 39 nach
1914 494 266 40 Deutschland
2211 492 159 39 zurück.
2425 491 248 40 Schliesslich
2702 492 101 38 noch
2833 501 107 28 muss
2972 489 63 39 ein
3066 489 90 38 sehr
3187 489 122 39 bedeu-

1781 567 137 37 tender
1938 565 148 39 Pianist
2107 564 176 40 erwähnt
2303 563 171 39 werden.
2506 562 52 38 Es
2587 561 46 39 ist
2662 561 82 39 dies
2775 559 333 46 Gottschalk,
3137 558 76 39 den
3241 571 94 27 man

1780 635 210 50 eigentlich
2033 635 76 38 den
2138 634 217 38 Virtuosen
2400 632 69 39 der
2499 630 177 40 Technik
2714 642 153 27 nennen
2897 631 124 39 sollte.
3076 629 57 41 Er
3156 628 49 39 ist
3233 628 83 40 fran-

1780 705 195 38 zösischer
2004 705 143 38 Schule
2177 704 79 37 und
2285 702 67 39 hat
2381 713 39 27 es
2451 700 125 40 durch
2606 699 299 39 ausdauernden
2927 699 121 40 Fleiss
3078 712 43 26 so
3151 698 93 39 weit
3270 711 44 38 ge-

1783 774 148 46 bracht,
1959 775 89 37 dass
2077 773 193 39 Niemand
2303 773 51 38 im
2373 772 145 38 Stande
2548 771 58 46 ist,
2638 770 106 38 seine
2766 770 365 50 Transscriptionen
3161 781 76 27 von
3258 768 52 39 Ne-

1782 844 233 50 gerliedern,
2044 844 77 38 als:
2152 843 216 43 Bamboula,
2403 842 202 43 Bananier,
2635 840 170 47 Bciujock
2834 839 40 38 in
2903 851 197 38 grosserer
3128 837 182 40 Vollkom-

1782 914 175 39 menheit
1986 926 46 26 zu
2062 913 162 51 spielen.
2277 912 54 38 Es
2361 912 47 38 ist
2437 912 68 37 das
2535 910 64 38 ein
2629 910 108 38 eitles
2766 909 224 46 Verdienst,
3031 909 93 37 aber
3153 920 40 27 es
3222 916 111 30 muss

1782 985 101 38 doch
1912 983 218 40 anerkannt
2159 981 170 41 werden.
2379 979 261 40 Gottschalk's
2671 978 448 51 Compositions-Talent
3152 978 65 38 hat
3246 976 87 40 sich

1783 1055 61 39 bis
1868 1054 95 51 jetzt
1990 1053 102 38 noch
2121 1049 109 42 nicht
2258 1050 259 39 ausreichend
2547 1048 209 46 bewiesen,
2803 1060 67 26 um
2900 1047 83 39 sich
3013 1048 68 38 der
3111 1047 129 40 Kritik
3268 1059 45 39 ge-

1784 1123 177 50 genüber
1989 1123 137 38 stellen
2152 1134 48 25 zu
2229 1120 171 39 können.
2460 1119 94 38 Was
2597 1117 108 39 seine
2750 1116 194 51 Vorträge
2982 1129 74 26 von
3099 1117 237 39 classischen

1787 1192 177 39 Werken
1992 1192 220 50 anbelangt,
2255 1202 42 27 so
2340 1190 65 38 hat
2450 1188 179 39 derselbe
2670 1191 92 34 stets
2805 1186 137 39 harten
2987 1186 123 39 Tadel
3156 1186 182 39 erfahren

1786 1266 170 35 müssen.
2011 1261 75 40 Die
2130 1261 235 50 fingerfixen
2396 1258 213 39 Virtuosen
2651 1256 87 38 sind
2768 1257 122 37 selten
2919 1255 247 39 musicalisch
3196 1267 143 39 genug,

1785 1344 69 26 um
1882 1333 41 38 in
1952 1332 75 39 den
2058 1331 110 39 Geist
2196 1331 69 38 der
2294 1338 161 42 grossen
2477 1327 162 40 Meister
2668 1326 235 50 eindringen
2932 1338 47 26 zu
3007 1325 173 39 können.
3229 1324 88 40 Gott-

1787 1402 132 39 schalk
1948 1401 93 52 geht
2069 1402 99 38 nach
2198 1400 266 46 Südamerica,
2505 1399 82 38 und
2615 1409 43 28 so
2689 1399 131 38 wären
2850 1396 64 41 die
2944 1395 257 51 Vereinigten
3230 1394 88 40 Staa-

1787 1480 63 34 ten
1879 1474 94 39 aller
2001 1473 210 39 reisenden
2240 1471 233 39 Virtuosität
2502 1470 111 39 baar.

1865 1583 79 38 Der
1979 1581 363 40 Musikhandel
2384 1581 124 39 florirt
2539 1580 104 45 hier;
2686 1591 43 27 er
2758 1578 47 38 ist
2834 1576 115 42 meist
2977 1576 42 38 in
3048 1574 77 42 den
3154 1576 178 40 Händen

1789 1651 70 40 der
2169 1653 80 37 und
2290 1656 116 34 unter
2435 1651 135 39 diesen
2600 1651 132 38 halten
2760 1647 222 40 Schuberth
3013 1646 39 40 &
3082 1646 138 52 Comp,
3250 1647 91 49 (von

1791 1721 222 51 Hamburg)
2042 1722 123 38 durch
2193 1721 113 39 ihren
2336 1721 276 39 bedeutenden
2641 1719 148 49 Verlag
2818 1717 70 39 das
2916 1717 95 40 Heft
3038 1716 40 39 in
3107 1717 70 40 der
3205 1716 136 39 Hand.

1792 1791 64 39 Sie
1885 1792 166 50 bringen
2082 1792 71 38 fast
2181 1793 72 37 alle
2284 1790 324 51 Compositionen
2651 1790 69 38 der
2759 1788 86 39 hier
2872 1786 325 41 concertirenden
3227 1786 88 39 Com-

1792 1861 181 52 ponisten
2001 1875 48 26 an
2079 1863 94 43 sich,
2215 1874 42 27 so
2286 1863 99 37 auch
2416 1861 129 39 haben
2586 1860 55 40 sie
2679 1872 75 27 von
2783 1859 76 38 den
2888 1859 103 37 oben
3019 1861 224 46 genannten
3273 1857 67 39 W.

1792 1933 152 46 Mason,
1975 1932 157 48 Gockel,
2163 1934 285 46 Mollenhauer,
2478 1933 73 39 Ole
2580 1933 89 39 Bull
2699 1944 36 26 u.
2752 1943 30 26 s.
2801 1942 47 27 w.
2877 1931 73 38 alle
2980 1930 186 39 besseren
3187 1928 158 40 Sachen

1792 2007 158 49 verlegt.
1980 2004 70 39 Bei
2080 2004 211 40 Gebrüder
2319 2005 176 39 Mason
2525 2003 207 47 erscheint,
2760 2001 74 40 wie
2863 2001 66 39 Sie
2957 2001 155 45 wissen*
3141 2000 88 39 eine
3257 2011 58 26 mu-

1792 2075 204 39 sicalische
2024 2075 177 50 Zeitung,
2245 2075 64 39 die
2338 2075 214 37 New-York
2580 2075 162 36 Musical
2768 2075 157 42 Review,
2970 2071 149 38 welche
3157 2069 65 40 bei
3251 2069 95 40 aller

1792 2145 117 39 leicht
1937 2158 47 25 zu
2014 2144 256 39 erklärenden
2302 2144 189 39 Vorliebe
2528 2144 63 38 für
2619 2144 92 38 alles
2741 2140 323 41 Americanische
3094 2140 87 39 eine
3208 2139 112 51 gedie-

1792 2228 100 38 gene
1922 2215 328 50 Kunslrichtung,
2279 2227 42 27 so
2353 2215 89 39 weit
2471 2216 67 37 das
2568 2214 81 39 sich
2679 2213 85 39 hier
2791 2213 98 38 thun
2919 2212 104 46 lässt,
3051 2211 175 49 verfolgt.

3179 2279 63 39 th.

1957 2504 240 54 Tages-
2240 2504 140 43 und
2411 2500 760 55 Unterhaltungs-Blatt.

1874 2612 172 38 Müln.
2087 2610 106 39 Herr
2220 2608 187 40 Alfred
2434 2608 55 38 Ja
2504 2608 64 38 eil
2600 2606 95 39 wird
2725 2606 187 38 nächsten
2941 2606 34 38 D
2989 2604 75 39 ins
3076 2608 92 46 tag,
3197 2602 77 41 den
3306 2603 36 44 6.

1797 2683 37 39 d.
1860 2683 105 47 Mts.,
1994 2682 87 39 eine
2112 2679 271 40 musicalische
2411 2678 134 38 Soiree
2575 2677 54 39 im
2659 2677 118 38 Hotel
2807 2674 118 40 Disch
2956 2675 141 49 geben.

1875 2774 79 38 Das
1983 2772 172 39 Theater
2196 2771 66 37 hat
2297 2770 264 50 geschlossen.
2616 2767 72 39 Die
2716 2768 139 38 letzten
2887 2765 464 52 Opern-Vorstellungen

1797 2847 133 27 waren
1952 2832 246 51 Lohengrin,
2244 2832 187 49 Templer
2458 2830 82 38 und
2569 2829 134 44 Jüdin,
2743 2828 216 39 Nordstern
2990 2827 81 38 und
3100 2825 151 40 Robert
3280 2827 70 38 der

1797 2896 153 39 Teufel.
2007 2895 104 38 Herr
2152 2893 202 39 Johann
2399 2891 194 39 Thelen
2638 2902 68 26 aus
2746 2890 118 45 Köln,
2909 2900 70 26 vor
3020 2887 156 50 einigen
3205 2886 148 40 Jahren

1800 2957 124 38 durch
1955 2956 131 38 Herrn
2118 2955 45 38 E.
2194 2954 110 37 Koch
2335 2954 61 37 für
2424 2953 68 37 das
2522 2952 169 37 Theater
2720 2950 184 51 gebildet,
2949 2948 123 50 zeigte
3101 2947 83 38 sich
3215 2947 38 38 in
3284 2948 70 39 der

1802 3018 220 43 Stummen,
2069 3017 69 36 der
2176 3014 131 46 Lucia,
2350 3014 88 37 dem
2481 3012 213 38 Nordstern
2739 3011 81 37 und
2866 3010 149 38 Robert
3059 3008 54 38 als
3158 3007 64 39 ein
3263 3008 91 38 sehr

1804 3078 200 38 wackerer
2031 3078 170 48 Sänger;
2247 3077 107 37 seine
2396 3074 144 38 schöne
2570 3072 255 39 Rassstimme
2867 3071 139 50 gehört
3037 3082 47 26 zu
3113 3069 76 39 den
3220 3069 112 50 klang-

1801 3140 165 38 vollsten
1994 3140 80 37 und
2106 3135 363 44 wohllautendsten,
2498 3134 63 37 die
2598 3133 72 38 wir
2700 3132 168 39 kennen.

1883 3352 41 21 **
1954 3355 264 35 Hunnen.
2272 3350 79 39 Am
2382 3350 35 38 6.
2448 3349 113 50 April
2594 3348 134 39 wurde
2769 3347 67 45 (im
2866 3347 140 38 letzten
3034 3345 317 40 Abonnements-

1805 3412 642 50 Concerte)Mendelssohn's
2488 3410 141 38 Elias
2671 3413 113 34 unter
2820 3408 132 38 Herrn
2984 3408 42 38 C.
3053 3406 297 40 Reinecke's

1804 3474 167 50 Leitung
1997 3473 109 39 recht
2131 3479 67 44 gut
2227 3472 233 51 aufgeführt.
2510 3471 70 39 Die
2609 3470 129 39 Chöre
2768 3482 129 25 waren
2936 3469 90 38 sehr
3053 3474 68 44 gut
3151 3468 199 50 eingeübt.

1803 3535 106 40 Herr
1938 3534 374 39 DuMont-Fier
2342 3533 177 39 übertraf
2544 3532 80 38 sich
2654 3532 121 38 selbst
2801 3530 39 38 in
2871 3530 69 38 der
2969 3529 132 39 Partie
3131 3529 67 38 des
3222 3528 127 45 Elias;

1806 3599 108 39 seine
1947 3596 184 50 Leistung
2159 3609 48 26 an
2236 3597 149 37 diesem
2415 3594 168 39 Abende
2625 3605 80 26 war
2735 3589 190 40 wahrhaft
2954 3591 225 50 grossartig.
3233 3590 116 38 Auch

1804 3659 64 40 die
1896 3660 160 39 nächste
2085 3658 133 39 Soiree
2249 3659 60 37 für
2339 3654 320 41 Kammermusik
2700 3652 280 39 verherrlichte
3019 3662 41 28 er
3096 3651 123 39 durch
3264 3649 85 39 sein

1804 3721 152 45 Talent,
1998 3720 80 38 und
2107 3718 71 40 wir
2209 3718 127 38 haben
2368 3716 71 38 fast
2468 3715 100 38 noch
2597 3715 63 38 nie
2698 3714 88 38 eine
2815 3725 43 26 so
2888 3713 235 50 schlagende
3155 3709 194 51 Wirkung

1804 3781 70 38 auf
1898 3793 117 26 unser
2044 3780 206 39 Publicum
2283 3779 134 45 erlebt,
2460 3777 54 38 als
2542 3775 108 38 seine
2683 3775 192 50 Vorträge
2905 3779 220 43 erzeugten.
3166 3772 107 37 Herr
3300 3772 48 39 E.

1801 3841 141 39 Koch
1985 3846 89 46 trug
2116 3841 62 39 die
2207 3840 211 39 Recitative
2460 3839 80 37 und
2580 3838 64 37 die
2674 3836 248 40 Tenor-Arie
2961 3834 184 39 ebenfalls
3172 3833 159 41 vortreff-

1803 3902 90 46 lich,
1923 3902 75 38 wie
2027 3902 151 47 immer,
2208 3913 90 33 vor;
2342 3900 62 38 die
2434 3897 254 52 Sopran-Soli
2732 3909 132 26 waren
2893 3894 122 39 durch
3045 3893 128 39 Fräul.
3201 3893 151 40 Mann

1804 3963 82 38 und
1917 3963 87 39 eine
2036 3963 176 40 wackere
2244 3960 225 40 Dilettantin
2511 3959 211 51 genügend
2752 3960 157 37 besetzt.
3015 3955 44 38 ln
3090 3955 70 39 der
3187 3957 143 38 vorletz-

1804 4028 66 34 ten
1899 4023 135 40 Soiree
2062 4023 94 39 fand
2185 4024 67 37 das
2281 4020 268 42 Clavier-Trio
2577 4032 75 26 von
2692 4019 184 38 Albert
2912 4014 235 41 Dietrich
3189 4028 162 39 grossen

1807 4084 199 52 Anklang.
2115 4087 78 38 Am
2222 4084 36 39 8.
2286 4081 81 42 Mai
2412 4082 99 39 wird
2556 4092 117 28 unser
2698 4076 407 45 Dilettanten-Verein
3134 4077 63 40 die
3225 4077 107 43 komi
