3490 4376
1703 154 91 55 144

149 281 121 41 sehen
301 282 213 51 Operetten
554 283 106 47 „Der
686 282 195 42 Holzdieb
885 287 22 17 44
943 296 77 28 von
1062 285 52 40 H.
1142 285 300 41 Marschner
1483 285 81 41 und
1596 287 104 47 „Der

149 343 235 52 vierjährige
413 344 146 40 Posten
562 350 8 14 4
576 346 6 16 '
613 358 75 26 von
718 345 41 39 C.
788 346 263 40 Reinecke
1087 348 219 39 aufführen.

226 503 96 41 Man
352 503 170 41 schreibt
550 515 68 28 aus
648 505 277 40 Dresden:
954 507 111 46 „Den
1086 507 207 41 Freunden
1319 508 231 42 classischer
1571 510 132 41 Musik

147 566 81 38 und
258 566 280 39 insbesondere
580 567 75 38 den
686 567 228 40 Verehrern
946 569 156 39 Gluck's
1141 583 79 26 war
1260 584 61 26 am
1364 572 197 51 gestrigen
1592 573 106 51 Tage

148 627 65 39 ein
242 628 165 38 seltener
437 627 153 39 Genuss
620 630 181 48 geboten.
830 630 60 38 Im
919 630 252 50 königlichen
1199 632 233 40 Hoftheater
1460 634 93 39 fand
1583 640 116 35 unter

147 689 69 38 des
247 693 126 36 ersten
402 689 317 49 Gapellmeisters
748 692 199 50 Reissiger
975 693 286 39 vortrefflicher
1281 694 201 40 Direction
1512 695 63 39 die
1604 697 73 38 Auf-

145 752 172 50 führung
346 763 74 26 von
451 750 158 40 Gluck's
639 752 241 51 „„Orpheus
909 754 80 38 und
1022 755 184 39 Euridice
1210 760 20 15 44
1246 758 20 16 44
1295 756 109 46 Statt,
1444 757 110 39 einer
1582 757 120 52 Oper,

147 812 61 39 die
237 812 71 39 seit
338 811 125 40 vielen
492 812 148 40 Jahren
671 813 84 39 hier
784 814 107 38 nicht
918 827 47 25 zu
996 814 133 40 Gehör
1159 816 101 40 kam.
1291 817 52 39 Es
1375 818 137 39 erhielt
1542 818 64 40 die
1634 832 44 38 ge-

142 873 118 51 strige
287 873 257 51 Aufführung
587 875 99 37 noch
730 873 64 40 ein
836 876 238 39 besonderes
1099 877 192 40 Interesse
1335 879 125 38 durch
1504 879 68 40 das
1602 880 74 40 Auf-

141 939 127 35 treten
298 936 108 38 einer
428 935 152 51 jungen
612 936 243 47 Künstlerin,
899 938 62 38 die
1006 938 111 39 darin
1161 951 88 27 zum
1290 945 129 33 ersten
1450 939 103 41 Male
1584 943 92 38 über-

141 996 123 50 haupt
293 996 63 39 die
375 997 153 38 Bretter
557 998 136 38 betrat.
722 997 53 39 Es
807 995 47 42 ist
882 999 82 38 dies
985 999 131 39 Fräul.
1146 1001 133 39 Rosa
1309 1000 242 41 Delmont

144 1058 49 39 de
221 1058 145 47 Ahna),
394 1058 76 45 die,
499 1058 72 39 seit
598 1058 150 51 einiger
766 1059 82 39 Zeit
875 1072 77 27 von
982 1061 67 38 der
1079 1061 200 39 Direction
1309 1063 70 38 der
1407 1062 177 52 hiesigen
1602 1065 73 39 Hof-

143 1120 137 40 bühne
307 1119 190 51 engagirt,
540 1119 75 38 den
645 1119 184 51 Orpheus
857 1133 108 38 sang.
1025 1121 64 39 Sie
1133 1123 133 39 wurde
1311 1125 98 37 nach
1436 1126 134 49 jedem
1599 1126 100 39 Acte

144 1181 177 50 gerufen.
366 1181 73 38 Die
468 1181 224 38 Altstimme
722 1193 75 27 von
829 1182 126 38 Fräul.
987 1183 182 38 Delmont
1211 1183 229 40 beherrscht
1469 1187 116 37 einen
1613 1198 66 27 aus-

143 1242 338 41 serordentlichen
500 1242 177 50 Umfang,
705 1242 81 38 und
811 1242 157 38 können
997 1243 39 37 in
1066 1254 41 29 so
1135 1244 151 50 jungen
1303 1245 147 39 Jahren
1472 1247 99 39 auch
1592 1247 107 39 nicht

142 1303 75 38 alle
246 1302 339 49 Stimm-Register
613 1302 275 50 gleichmässig
931 1303 265 38 vollkommen
1241 1305 245 50 ausgebildet
1515 1307 95 45 sein,
1654 1320 43 27 so

141 1364 50 39 ist
215 1364 68 38 das
311 1369 128 33 ernste
468 1363 214 38 Bestreben
712 1363 69 38 der
810 1364 193 49 begabten
1034 1364 193 50 Sängerin
1269 1366 100 38 nach
1399 1366 109 40 einer
1537 1368 160 39 solchen

140 1423 255 50 Ausbildung
422 1423 171 38 sichtbar
621 1423 240 38 vorhanden.
891 1423 183 40 Mehrere
1093 1425 182 40 Partieen
1305 1426 70 39 der
1396 1425 109 52 Oper
1534 1429 161 39 brachte

140 1485 132 39 Fräul.
301 1486 185 38 Delmont
515 1484 70 39 mit
612 1489 112 45 guter
752 1484 242 51 Auffassung
1022 1486 81 38 und
1134 1486 327 41 künstlerischem
1484 1490 212 40 Ausdruck

144 1559 69 27 zur
244 1547 259 50 Darstellung*
538 1558 45 36 $o
614 1547 88 38 dass
732 1547 70 38 wir
830 1547 63 39 ihr
921 1548 100 39 nach
1052 1548 128 39 einem
1211 1549 159 39 solchen
1400 1550 181 52 Anfange
1611 1551 87 39 eine

143 1608 251 41 bedeutende
420 1608 179 52 Stellung
627 1614 114 35 unter
770 1609 76 39 den
877 1609 310 40 künstlerischen
1211 1611 282 39 Notabilitäten
1524 1614 70 37 der
1624 1613 51 39 Ge-

147 1674 175 45 genwart
353 1670 103 38 wohl
485 1670 226 39 verheissen
740 1671 154 39 dürfen.
938 1670 91 39 Von
1059 1672 159 38 reichen
1249 1672 80 38 und
1358 1674 173 38 schönen
1561 1674 116 40 Natur-

143 1731 131 49 gaben
303 1734 242 43 unterstützt,
573 1731 153 38 machte
755 1731 98 39 auch
879 1731 89 40 ihre
997 1732 140 40 Mimik
1168 1734 80 38 und
1277 1733 61 39 ihr
1367 1734 192 51 sonstiges
1587 1735 110 51 Spiel

147 1790 118 41 einen
294 1791 301 39 vorteilhaften
623 1791 217 40 Eindruck.

222 1953 82 40 Der
332 1951 194 41 treffliche
555 1951 186 40 Violinist
769 1952 105 40 Ado
887 1954 9 38 1
911 1953 17 39 f
964 1954 225 40 Köckert
1234 1954 66 40 hat
1345 1967 88 28 zum
1464 1957 234 40 Beschlüsse

147 2015 127 40 seines
303 2014 271 39 Aufenthaltes
615 2013 40 39 in
698 2015 71 38 der
797 2014 177 39 Schweiz
1018 2015 54 38 im
1104 2027 274 39 vergangenen
1407 2018 159 39 Monate
1596 2019 102 39 noch

145 2075 113 40 drei
287 2074 190 40 Concerte
507 2075 39 38 in
577 2074 131 39 Genf
738 2075 70 38 mit
836 2086 42 27 so
907 2076 421 39 ausserordentlichem
1357 2077 159 52 Erfolge
1542 2079 156 50 —jetzt

145 2137 190 39 wahrlich
366 2136 87 39 eine
481 2137 146 38 seltene
655 2136 125 39 Sache
888 2138 188 49 gegeben,
1106 2138 87 38 dass
1222 2138 82 40 ihm
1335 2152 60 26 am
1415 2140 184 39 Schlüsse
1627 2142 69 38 des

145 2200 141 40 letzten
315 2210 114 38 sogar
457 2198 343 39 Blumensträusse
829 2199 179 49 zuflogen
1050 2199 79 38 und
1175 2200 63 39 die
1267 2200 250 40 öffentlichen
1547 2202 149 40 Blätter

148 2261 192 39 Gedichte
369 2260 69 39 auf
461 2260 84 38 sein
573 2260 105 38 edles
707 2260 79 38 und
815 2260 291 40 hinreissendes
1131 2262 105 48 Spiel
1267 2262 200 40 brachten.
1523 2264 172 50 Doppelt

147 2322 250 39 ehrenwerth
427 2322 61 37 für
517 2322 77 38 den
623 2322 187 38 Künstler
837 2322 81 38 und
948 2322 68 38 das
1045 2324 136 49 genfer
1209 2324 208 39 Publicum
1448 2324 47 39 ist
1524 2337 52 34 es,
1606 2327 89 37 dass

147 2383 107 39 Herr
284 2382 173 39 Köckert
498 2382 106 38 diese
633 2382 159 50 Erfolge
834 2382 125 38 durch
998 2383 75 38 den
1106 2383 170 50 Vortrag
1305 2384 69 39 der
1415 2385 279 51 gediegensten

147 2445 146 46 Musik,
322 2444 75 39 wie
426 2445 68 38 der
523 2444 201 47 Quartette
768 2456 74 27 von
882 2444 308 47 Beethoven,
1234 2447 67 37 des
1331 2447 365 40 Violin-Concertes

147 2507 83 37 und
260 2507 67 38 des
357 2505 174 39 Octettes
560 2517 74 26 von
663 2505 387 45 Mendelssohn,
1079 2505 104 39 dann
1214 2507 202 38 mehrerer
1444 2508 145 39 Stücke
1618 2521 76 26 von

145 2568 351 47 Vieuxtemps
526 2578 36 26 u.
592 2578 28 26 s.
651 2578 48 26 w.
729 2566 133 39 erzielt
889 2566 78 40 hat.
1018 2566 280 52 Gegenwärtig
1327 2569 174 39 befindet
1530 2582 42 26 er
1601 2570 97 47 sich,

145 2627 232 51 englischen
405 2627 176 39 Blättern
609 2626 113 48 nach,
752 2626 39 39 in
822 2626 227 39 London.

197 2810 82 40 Der
308 2804 649 54 Männergesang-Verein
997 2805 38 39 in
1065 2806 152 39 Wien
1245 2807 130 40 macht
1403 2820 69 28 aus
1500 2809 91 41 dem
1620 2810 50 40 Be-

144 2872 177 40 schlüsse
349 2871 90 50 (den
467 2869 72 38 wir
566 2868 136 39 früher
729 2867 179 39 erwähnt
929 2865 156 51 haben),
1114 2867 89 39 dem
1229 2867 295 52 Componisten,
1554 2872 141 39 dessen

143 2931 140 47 Werk,
312 2929 266 53 gleichgültig,
608 2929 49 38 ob
686 2927 189 52 gedruckt
902 2928 97 38 oder
1026 2928 255 50 Manuscript,
1310 2942 90 26 zum
1430 2935 127 35 ersten
1584 2933 106 38 Male

143 2993 41 41 in
215 2992 135 40 seinen
380 2991 221 40 Goncerten
639 2989 221 50 aufgeführt
900 2989 111 45 wird,
1054 2988 63 40 ein
1145 2989 186 40 Honorar
1371 3003 48 26 zu
1460 2992 234 51 bewilligen,

146 3054 88 39 eine
263 3052 221 46 Wahrheit,
513 3051 75 39 wie
618 3051 68 38 das
714 3050 181 50 folgende
925 3050 216 39 Schreiben
1169 3050 112 51 zeigt.
1309 3051 119 51 Möge
1456 3052 127 41 dieser
1610 3054 64 39 löb-

147 3114 104 41 liche
280 3114 155 38 Brauch
463 3113 64 39 bei
556 3114 102 38 allen
689 3111 379 51 Gesang-Vereinen
1097 3111 224 52 eingeführt
1351 3112 179 40 werden!

282 3203 89 47 „An
399 3202 132 39 Herrn
559 3199 332 42 Musik-Director
919 3201 66 39 W.
1015 3201 250 40 Tschirch
1294 3215 48 27 zu
1373 3200 143 43 Gera.

227 3271 314 49 „Freundlichen
568 3272 264 50 Sängergruss
862 3272 138 39 zuvor!
1053 3272 111 39 Nach
1205 3273 130 41 einem
1364 3274 233 40 Beschlüsse
1625 3275 69 39 des

143 3343 150 41 wiener
306 3342 517 50 Männergesang-Vereins,
842 3342 120 47 „„für
978 3342 63 39 die
1065 3344 222 51 erstmalige
1307 3345 257 51 Aufführung
1586 3346 107 39 eines

144 3413 342 51 mehrstimmigen
516 3411 314 50 Gesangstückes
870 3415 62 35 für
959 3412 353 41 Männerstimmen
1352 3416 41 39 in
1421 3416 110 39 einer
1559 3416 117 40 öffent-

145 3484 130 42 lichen
303 3482 240 41 Production
572 3481 91 39 dem
693 3480 282 50 Componisten
1019 3482 116 39 einen
1163 3484 222 40 Ehrensold
1428 3499 49 26 zu
1505 3486 168 40 verabfol-

148 3565 76 38 gen
227 3556 20 16 44
325 3553 86 39 sind
439 3552 71 40 wir
540 3564 81 27 nun
649 3551 43 40 in
721 3551 71 39 der
820 3552 275 50 angenehmen
1123 3554 116 50 Lage,
1282 3555 78 47 Sie,
1389 3556 307 42 hochverehrter

145 3624 119 44 Herr,
309 3635 48 27 zu
395 3623 360 51 benachrichtigen,
798 3624 89 38 dass
929 3622 73 39 wir
1029 3623 68 38 Ihr
1126 3624 166 40 schönes
1321 3626 148 40 Werk:
1512 3629 182 46 „„Eine

145 3693 162 40 Nacht
350 3693 87 39 auf
474 3693 106 39 dem
621 3694 168 40 Meere
793 3697 20 17 44
825 3697 21 16 44
849 3725 10 16 ,
904 3693 224 51 aufgeführt
1157 3694 129 40 haben
1314 3697 81 38 und
1423 3697 126 41 Ihnen
1578 3699 115 40 einen

145 3764 224 40 Ehrensold
398 3776 76 27 von
505 3765 106 38 Fünf
635 3765 37 39 k.
700 3765 36 40 k.
764 3766 177 41 Ducaten
970 3765 266 48 zuerkennen,
1280 3768 176 40 welchen
1501 3769 70 39 wir
1608 3770 86 41 hier

146 3834 178 51 zugleich
352 3834 283 40 beischliessen
672 3834 82 39 und
781 3836 98 39 über
907 3835 141 40 dessen
1076 3835 200 52 Empfang
1305 3836 72 40 wir
1404 3850 71 28 uns
1505 3839 86 41 eine
1619 3841 50 40 Be-

148 3904 198 52 stätigung
375 3906 180 38 erbitten.

227 3974 113 45 „Wir
368 3974 193 51 sprechen
590 3974 77 40 den
691 3975 180 39 Wunsch
900 3987 82 36 aus,
1010 3977 88 38 dass
1127 3976 62 41 die
1218 3977 127 42 vielen
1362 3979 333 53 Männergesang-

146 4043 173 40 Vereine
347 4043 66 41 des
443 4056 162 39 grossen
634 4044 216 42 deutschen
881 4045 256 44 Vaterlandes
1166 4048 100 42 nach
1294 4048 256 52 Möglichkeit
1578 4062 119 30 unser

1798 289 172 52 Beispiel
1999 292 247 42 nachahmen
2276 294 195 49 möchten,
2505 296 122 42 damit
2656 297 62 42 die
2747 299 158 42 Herren
2934 299 281 54 Componisteh
3243 301 108 43 nicht

1798 372 242 40 gezwungen
2072 367 143 44 wären,
2260 367 54 38 als
2346 367 112 40 Dank
2488 368 63 39 für
2578 370 68 38 das
2678 369 255 52 Vergnügen,
2976 374 67 37 das
3085 372 86 41 ihre
3203 373 148 41 Werke

1798 431 150 39 sowohl
1977 432 178 51 Sängern
2184 436 55 37 als
2267 436 159 39 Hörern
2456 439 226 48 gewähren,
2710 450 75 28 nur
2816 440 173 42 Worte
3018 442 308 42 hinzunehmen.

1877 501 158 47 „Wien,
2065 515 61 28 am
2161 506 57 38 14.
2248 506 113 51 April
2396 508 113 40 1856.

2560 577 128 49 *,Vom
2719 580 522 53 Männergesang-Vereine.

2634 649 57 47 „J.
2721 650 176 51 Egge!,
2926 652 213 41 Vorstand.
3144 658 22 17 64

1874 820 87 40 Den
1991 822 302 41 musicalischen
2311 825 226 41 Verehrern
2567 828 69 40 der
2667 828 310 42 Heine'sehen
3006 832 140 39 Poesie
3177 832 170 52 bringen

1798 878 71 40 wir
1897 881 40 38 in
1967 880 149 42 diesem
2146 885 287 50 Augenblicke,
2478 899 60 29 wo
2579 891 69 38 der
2678 891 83 39 Tod
2807 892 67 39 des
2903 891 181 40 Dichters
3122 893 64 39 die
3215 892 110 42 Theil-

1794 943 144 38 nahme
1966 945 287 40 Deutschlands
2283 948 61 38 für
2373 948 68 40 ihn
2471 952 216 39 wiederum
2730 953 184 51 lebendig
2955 955 142 45 macht,
3140 955 62 38 die
3231 956 97 50 geist-

1796 1004 128 38 vollen
1954 1004 320 52 Gompositionen
2306 1009 128 39 seiner
2464 1011 191 40 Gedichte
2696 1025 76 27 von
2802 1014 178 38 Hoven
3008 1015 39 37 in
3078 1015 267 52 Erinnerung,

1795 1065 260 39 namentlich:
2097 1067 113 46 „Die
2252 1069 292 42 Heimkehr.
2597 1073 131 40 Acht
2744 1076 96 37 und
2854 1075 200 52 achtzig
3099 1075 248 42 Gedichte

1792 1137 86 27 aus
1908 1125 165 41 Heine
2096 1138 16 27 s
2143 1128 386 43 Reisebildern.
2533 1136 7 16 4
2546 1141 8 11 *
2584 1133 90 39 Wir
2698 1134 157 40 kennen
2885 1136 141 40 keinen
3050 1136 296 52 Componisten,

1791 1185 171 40 welcher
2003 1186 63 40 die
2108 1188 195 51 Aufgabe,
2349 1190 171 41 Gemüth
2560 1195 80 38 und
2680 1195 157 42 Humor
2876 1198 190 49 zugleich,
3114 1200 80 38 und
3224 1200 54 39 oft
3307 1200 40 39 in

1791 1246 141 40 Einem
1961 1249 82 38 und
2073 1250 229 41 demselben
2330 1253 156 48 Stücke,
2516 1255 247 41 musicalisch
2793 1258 247 40 aufzufassen
3070 1261 80 38 und
3181 1260 142 40 charak-

1791 1306 193 41 teristisch
2013 1312 310 48 auszudrücken,
2360 1314 69 39 mit
2459 1326 43 28 so
2530 1316 77 39 viel
2635 1318 139 38 Talent
2813 1319 79 38 und
2922 1320 276 40 ästhetischem
3228 1322 94 40 Fein-

1791 1369 134 51 gefühl
1953 1382 46 27 zu
2029 1373 108 38 lösen
2167 1375 235 47 vermöchte,
2432 1378 54 37 als
2516 1378 186 39 Hoven.
2732 1380 90 39 Wir
2852 1381 130 39 haben
3011 1380 39 40 in
3080 1383 71 38 der
3179 1383 144 40 musica-

1789 1431 150 39 lischen
1969 1433 194 41 Literatur
2202 1435 70 39 der
2311 1449 174 27 neueren
2522 1439 95 46 Zeit,
2660 1440 71 39 mit
2759 1440 232 40 Ausnahme
3023 1443 149 50 einiger
3201 1444 143 40 Lieder

1791 1504 76 29 von
1895 1494 209 51 Reissiger,
2149 1497 129 50 wenig
2307 1498 96 38 oder
2429 1511 70 37 gar
2527 1500 139 47 nichts,
2715 1501 68 39 das
2824 1501 42 40 in
2907 1503 129 40 dieser
3066 1504 174 53 Gattung
3271 1507 70 39 des

1792 1553 228 42 komischen
2050 1557 80 39 und
2157 1558 347 49 humoristischen,
2538 1562 51 50 ja,
2618 1574 116 39 sogar
2762 1564 68 38 des
2860 1563 224 41 ironischen
3113 1567 233 41 Ausdrucks

1791 1616 136 39 seinen
1969 1617 223 41 Producten
2238 1620 250 50 (Ghamisso's
2742 1624 105 46 „Der
2888 1625 285 53 Säuferkampf
3177 1632 9 15 4
3189 1658 10 18 ,
3245 1629 99 48 „Die

1793 1675 219 42 Heimkehr
2015 1682 22 15 44
2067 1691 38 26 u.
2134 1691 31 28 s.
2194 1681 63 48 w.)
2290 1693 49 26 an
2368 1681 62 40 die
2459 1682 104 40 Seite
2594 1696 47 26 zu
2670 1689 130 35 setzen
2829 1688 118 37 wäre.

1868 1747 73 39 Als
1970 1748 92 40 sehr
2089 1750 370 51 beachtungswerth
2498 1754 158 40 werden
2687 1766 73 27 uns
2790 1755 98 39 auch
2918 1756 63 39 die
3011 1757 331 47 „Musicalischen

2192 1811 37 39 d.
2272 1811 27 41 i.
2340 1813 336 51 Compositionen,
2717 1815 309 42 Heine'scher
3075 1818 142 41 Lieder
3264 1832 78 29 von

1790 1869 108 39 Joh.
1931 1871 136 39 Wolf
2092 1884 92 27 von
2214 1873 318 41 Ehrenstein
2561 1875 204 51 (Dresden,
2794 1877 65 39 bei
2887 1866 146 62 Meserj
3062 1886 184 45 genannt,
3276 1882 65 39 die

1792 1941 73 28 uns
1886 1931 147 51 jedoch
2062 1934 102 37 noch
2195 1934 105 39 nicht
2328 1947 48 26 zu
2405 1934 160 40 Gesicht
2594 1935 236 51 gekommen
2861 1938 100 38 sind.
2991 1940 106 39 Herr
3125 1952 34 27 v.
3188 1941 128 40 Ehren-

1788 1990 110 47 stein,
1942 1992 71 39 seit
2057 1994 193 40 frühester
2281 1995 190 40 Kindheit
2513 1997 207 48 erblindet,
2763 1999 139 50 gehört
2943 2000 109 39 einer
3098 2001 70 40 der
3211 2007 130 34 ersten

1792 2052 192 40 Familien
2017 2054 200 41 Dresdens
2246 2068 63 27 an.

1977 3509 111 35 ®te
2117 3511 532 38 liederrheinische
2676 3516 458 45 Mu§ik-%eitun^

1785 3569 198 37 erscheint
2003 3569 120 46 jeden
2151 3570 182 50 Samstag
2370 3573 42 35 in
2449 3573 128 37 einem
2611 3587 154 35 ganzen
2802 3576 135 48 Bogen
2979 3579 71 35 mit
3089 3580 248 47 zwanglosen

1787 3622 201 47 Beilagen.
2071 3623 81 35 Der
2177 3623 400 50 Abonnementspreis
2594 3627 160 47 beträgt
2769 3630 64 33 für
2855 3630 70 34 das
2947 3631 198 45 Halbjahr
3174 3636 21 31 2
3217 3633 123 45 Thlr.,

1787 3674 65 37 bei
1876 3674 75 35 den
1977 3674 49 35 K.
2044 3684 150 37 pretiss.
2212 3677 112 36 Post-
2330 3678 210 35 Anstalten
2569 3683 20 31 2
2607 3679 108 35 Thlr.
2732 3680 23 35 5
2780 3680 86 46 Sgr.
2893 3682 98 36 Eine
3019 3684 181 37 einzelne
3215 3686 93 35 Num-

1787 3739 83 24 mer
1898 3730 25 32 4
1952 3726 87 48 Sgr.
2066 3728 515 49 Einrückungs-Gebühren
2607 3743 70 35 per
2702 3732 207 37 Petitzeile
2939 3738 19 32 2
2989 3734 87 48 Sgr.

1836 3789 128 35 Briefe
1989 3787 82 36 und
2097 3789 289 50 Zusendungen
2415 3791 99 36 aller
2547 3791 77 36 Art
2650 3793 157 36 werden
2829 3800 117 31 unter
2978 3796 69 36 der
3073 3797 170 37 Adresse
3269 3798 70 38 der

1784 3841 53 37 M.
1864 3840 564 51 DuMont-Schauberg'schen
2454 3841 321 52 Buchhandlung
2808 3847 42 35 in
2876 3848 105 37 Köln
3008 3848 173 38 erbeten.

1900 3947 373 42 Verantwortlicher
2299 3951 301 50 Herausgeber:
2634 3952 106 41 Prof.
2767 3954 45 40 L.
2838 3954 182 40 Bischoff
3041 3954 40 39 in
3109 3956 120 39 Köln.

1851 3999 211 52 Verleger:
2090 4001 54 40 M.
2174 4003 530 52 DuMont-Schauberg'sche
2732 4007 318 50 Buchhandlung
3078 4007 40 39 in
3146 4008 120 40 Köln.

1830 4051 201 41 Drucker:
2058 4054 55 41 M.
2141 4055 430 53 DuMont-Schauberg
2598 4057 42 40 in
2667 4059 120 48 Köln,
2817 4058 252 41 Breitstrasse
3099 4061 49 39 76
3178 4073 37 27 u.
3245 4060 63 40 78.

2258 2328 608 61 ilnkündignngen.

2285 2498 558 102 Anzeige

1791 2613 71 52 für
1882 2613 354 62 Musikfreunde,
2262 2616 223 51 Sammler
2507 2636 87 33 von
2617 2620 383 62 Kunstschätzen,
3030 2623 309 54 musicalische

2356 2709 195 52 Vereine
2580 2728 42 36 u.
2657 2729 34 34 s.
2723 2729 57 35 w.

1868 2798 47 39 In
1951 2798 72 41 der
2052 2802 639 48 Slustcalienltandlungv
2720 2816 76 29 voll
2836 2809 156 36 Hans
3024 2812 185 44 Georg
3236 2812 103 37 Hfä-

1792 2873 117 43 ffeli
1944 2870 41 39 in
2016 2873 205 37 SKUricli
2267 2873 95 51 liegt
2399 2874 108 39 eines
2545 2874 70 40 der
2643 2880 387 44 Hauptwerke
3073 2884 132 37 Joh«
3250 2885 89 36 se*

1789 2944 226 34 Bastian.
2043 2945 200 35 Baclt-s
2351 2942 106 40 wohl
2485 2943 69 40 des
2582 2947 177 49 grössten
2788 2947 260 42 Tondichters
3078 2951 95 40 aller
3203 2952 137 41 Zeiten

1787 3009 84 39 und
1898 3009 152 41 Völker
2155 3010 41 40 in
2224 3011 71 40 der
2337 3011 633 52 Original-Handschrift
3010 3019 84 41 des
3135 3020 205 42 Verfas-

1787 3090 109 27 sers
1923 3091 91 28 zum
2043 3079 274 43 Verkaufe.
2365 3083 246 41 Zuschriften
2639 3085 312 43 Reflectirender
2977 3090 161 40 werden
3167 3091 173 42 direct

1786 3150 83 39 und
1897 3149 232 41 frankirt
2158 3152 174 41 erbeten.

1835 3249 85 36 Alle
1942 3251 43 34 in
2014 3250 120 35 dieser
2157 3251 318 51 Musik-Zweitürig
2505 3255 279 50 besprochenen
2817 3258 83 35 und
2931 3259 294 48 angekündigten
3251 3263 91 35 Mit-

1779 3303 159 35 sicalien
1962 3309 70 29 etc.
2058 3304 88 34 sind
2171 3316 47 23 z>u
2242 3305 171 37 erhalten
2437 3309 41 34 in
2507 3309 66 35 der
2595 3317 93 29 stets
2708 3311 232 47 vollständig
2970 3315 221 34 assortirten
3217 3314 124 37 Mnsi-

1783 3356 352 47 calien-Handlung
2168 3358 104 36 nebst
2305 3359 238 39 Leihanstalt
2580 3375 74 23 von
2695 3363 294 38 BERNHARD
3034 3366 219 38 BREIER
3297 3370 41 35 in

1786 3408 140 44 Köln,
1955 3405 246 40 Hochstrasse
2226 3411 68 35 Nr.
2322 3412 64 36 97.
