2596 4107
922 331 177 51 ÉCHOS
1134 348 69 34 ET
1239 349 319 39 NOUVELLES

2197 359 97 54 495

289 483 344 65 Sternengebot
672 489 65 49 de
780 491 248 65 Siegfried
1071 496 221 65 Wagner
1334 500 112 50 doit
1487 504 110 48 être
1637 506 292 60 représenté
1973 523 68 32 au
2081 509 209 49 théâtre

187 551 63 48 de
285 551 213 64 Prague.

283 850 97 64 269
412 852 179 49 lettres
631 853 64 48 de
738 854 222 65 Wagner
998 875 33 31 a
1070 875 57 33 sa
1167 865 248 59 première
1456 867 189 50 femme
1686 870 189 59 Minna,
1907 877 52 45 et
1999 885 290 52 provenant

184 918 89 49 des
299 919 232 50 archives
555 922 65 48 de
642 922 52 48 la
717 922 208 61 fainille,
953 933 172 43 seront
1151 932 228 61 publiées
1405 951 93 45 par
1523 936 244 49 Schuster
1788 943 54 45 et
1867 941 219 51 Lœfïler.

281 1284 70 48 Le
376 1299 31 48 9
431 1286 131 50 avril
586 1304 127 34 aura
737 1290 101 50 lieu
863 1293 31 47 à
921 1293 171 49 Berlin
1117 1296 130 51 dans
1270 1299 51 48 la
1348 1301 218 51 Bliitner
1588 1320 21 32 «
1627 1308 109 48 saal
1757 1326 35 40 »,
1819 1324 126 35 avec
1966 1312 47 48 le
2039 1327 246 37 concours

181 1355 63 44 de
268 1355 18 43 1
306 1355 261 49 orchestre
592 1356 65 48 de
685 1359 214 59 Mozart,
926 1361 48 48 le
1001 1362 216 51 Concert
1244 1367 64 47 de
1336 1369 193 65 Joseph
1556 1373 325 53 Wienawski.

278 1715 197 50 Arthur
522 1718 214 51 Nikisch
781 1724 249 50 conduira
1075 1742 31 32 a
1150 1728 209 65 l'Eglise
1405 1732 63 50 de
1515 1733 309 54 St-Thomas
1868 1740 65 48 de
1979 1742 209 56 Leipzig
2232 1743 50 49 la

189 1783 216 49 Passion
676 1785 56 49 de
821 1785 44 62 Matthails,
866 1790 59 49 le
926 1792 419 54 Vendredi-Saint.

278 2147 221 51 TERESA
531 2150 184 51 CARRE
719 2166 84 46 NO,
826 2157 386 50 éternellement
1245 2161 169 62 jeune,
1442 2179 164 48 gagne
1637 2166 66 49 de
1734 2166 95 50 l'or
1861 2174 52 44 et
1945 2170 91 50 des
2067 2173 213 49 lauriers

178 2230 104 33 aux
306 2216 311 52 Etats-Unis
640 2222 69 46 où
732 2222 94 48 elle
849 2239 30 33 a
902 2225 81 47 été
1006 2225 106 49 fort
1134 2230 268 61 appréciée
1423 2231 33 50 à
1477 2246 79 35 ses
1585 2234 189 49 débuts
1806 2250 200 37 comme
2037 2239 239 64 pianiste.

178 2282 94 49 Les
314 2283 259 65 critiques,
616 2303 31 32 a
685 2288 16 47 1
724 2290 236 49 occasion
1001 2292 65 50 de
1105 2309 57 34 sa
1202 2297 250 61 première
1490 2300 352 64 réapparition
1881 2305 32 47 à
1960 2306 307 60 New-York,

173 2356 119 43 sont
318 2353 273 50 unanimes
640 2361 51 43 et
718 2357 357 64 louangeuses.

272 2728 177 64 Edgar
459 2728 158 59 Tinel,
637 2730 47 48 le
713 2734 348 61 compositeur
1089 2735 160 64 belge,
1279 2753 32 32 a
1338 2738 127 48 écrit
1491 2754 71 33 un
1590 2740 178 49 drame
1796 2757 64 32 en
1889 2742 235 63 musique
2144 2743 130 48 dont

173 2794 47 48 le
245 2800 146 44 texte
418 2800 53 44 et
498 2798 74 48 les
598 2800 174 48 scènes
800 2805 118 45 sont
946 2801 124 49 tirés
1098 2803 64 48 de
1189 2804 51 47 la
1268 2805 82 48 vie
1378 2805 65 50 de
1472 2805 88 50 Ste
1589 2806 272 50 Catherine
1889 2809 382 49 d'Alexandrie.

176 2862 240 51 L'œuvre
440 2880 113 34 sera
574 2867 151 61 jouée
751 2884 67 32 au
841 2870 207 48 théâtre
1073 2870 64 49 de
1160 2871 52 48 la
1239 2874 237 48 Monnaie
1500 2875 64 48 de
1590 2876 280 50 Bruxelles.

271 3223 164 62 Après
473 3224 52 47 la
562 3224 311 50 découverte
912 3225 90 64 qui
1040 3227 144 47 vient
1225 3227 163 48 d'être
1428 3227 127 49 faite
1593 3229 65 49 de
1697 3231 251 62 plusieurs
1988 3248 278 36 morceaux

170 3288 154 51 écrits
352 3292 32 48 à
412 3292 195 49 Vienne
634 3308 95 47 par
757 3294 316 57 Beethoven,
1092 3309 68 32 on
1186 3311 65 31 ne
1278 3311 112 33 sera
1416 3311 93 47 pas
1536 3298 194 61 surpris
1750 3298 342 63 d'apprendre
2112 3303 158 61 qu'on

173 3372 30 31 a
239 3361 241 47 retrouvé
518 3363 138 48 aussi
696 3375 62 50 17
793 3378 280 33 nouveaux
1110 3363 184 49 chants
1332 3364 65 48 de
1435 3365 167 48 Franz
1639 3365 269 52 Schubert.
1969 3369 47 48 A
2051 3372 116 47 côté
2205 3372 63 49 de

169 3439 84 34 ces
275 3426 158 51 lieder
454 3429 35 47 il
513 3445 64 32 en
600 3430 164 48 existe
786 3445 183 34 encore
992 3430 229 49 d'autres
1245 3433 89 60 qui
1358 3438 171 43 seront
1551 3433 264 63 imprimés
1839 3435 115 62 plus
1976 3439 135 48 tard.
