2596 4107
1017 354 276 37 LUTHERIE

2108 354 94 47 419

127 514 146 66 longs
313 504 146 56 mois
503 503 245 68 d'hiver,
793 524 73 36 en
909 505 274 71 présence
1228 505 81 55 du
1351 501 311 74 chauffage
1722 500 284 71 artificiel,
2063 500 133 57 l'air

129 611 47 36 se
194 587 279 67 dessèche,
499 585 39 54 il
585 585 274 56 dessèche
906 585 157 57 aussi
1107 585 81 56 les
1235 587 220 67 cordes,
1481 584 81 56 les
1588 585 144 55 rend
1760 581 249 74 fragiles,
2032 581 53 58 le
2132 584 64 53 fil

127 667 317 71 métallique
486 665 103 73 qui
631 670 244 51 entoure
915 667 59 55 la
1016 665 329 74 quatrième
1388 665 237 55 devient
1667 664 403 71 indépendant
2114 665 80 54 du

125 755 178 68 boyau
348 753 58 51 et
452 748 240 72 produit
736 747 55 55 le
835 747 163 57 bruit
1045 749 72 53 de
1162 745 250 57 ferraille
1460 748 148 53 dont
1653 762 149 39 nous
1848 762 224 38 venons
2119 747 71 53 de

125 832 168 75 parler
320 851 11 48 ;
369 834 94 50 cet
501 828 87 56 air
623 834 136 65 trop
797 847 93 35 sec
929 828 273 56 dessèche
1240 827 157 54 aussi
1434 827 52 54 le
1524 827 146 67 bois,
1689 832 58 49 et
1784 824 84 56 lui
1906 828 193 53 donne
2136 825 57 55 la

125 914 266 56 tendance
437 910 34 52 à
517 908 273 72 produire
834 927 81 35 un
960 926 105 36 son
1110 926 222 52 rauque
1376 912 59 50 et
1479 907 172 55 voilé.
1699 907 136 54 Puis
1881 908 202 70 quand
2126 924 74 37 on

127 995 111 55 aère
269 993 472 71 l'appartement,
778 1008 135 37 sous
945 989 313 55 l'invasion
1291 989 256 70 brusque
1583 990 70 55 de
1686 987 129 55 l'air
1849 987 167 69 froid,
2053 988 145 70 bois,

125 1074 191 69 vernis,
377 1073 222 67 cordes,
660 1070 165 69 colle,
885 1075 136 51 tout
1082 1087 59 39 se
1216 1073 303 51 contracte
1594 1069 381 67 subitement,
2051 1086 148 53 pour

125 1155 285 73 reprendre
435 1154 253 68 bientôt,
716 1171 135 37 sans
879 1171 224 37 aucune
1130 1150 330 73 gradation,
1487 1169 80 36 un
1594 1150 167 55 excès
1789 1152 70 53 de
1887 1148 312 57 dilatation

125 1243 50 51 et
205 1239 65 55 de
305 1238 340 53 sécheresse.
684 1235 79 55 Le
799 1252 246 53 passage
1080 1230 158 58 aussi
1268 1232 200 56 brutal
1503 1234 79 54 du
1616 1233 195 53 chaud
1844 1251 77 34 au
1956 1229 151 57 froid
2140 1235 58 50 et

124 1318 483 71 réciproquement
646 1335 73 35 ne
759 1321 142 66 peut
942 1333 114 52 que
1096 1316 204 53 rendre
1340 1313 81 55 les
1460 1313 388 53 instruments
1888 1309 236 57 rebelles
2166 1313 33 51 à

124 1401 238 54 l'archet.

222 1482 335 70 Supposons
594 1477 379 57 maintenant
1011 1496 80 35 un
1127 1476 117 57 lieu
1281 1473 260 70 humide,
1581 1492 117 36 non
1736 1472 254 57 chauffé.
2029 1472 169 54 Alors

124 1563 42 56 le
198 1580 90 36 cas
324 1562 237 54 devient
598 1559 369 73 rapidement
1004 1558 131 71 plus
1171 1576 196 54 grave.
1404 1554 362 57 L'humidité
1803 1553 395 56 ramollissant

125 1644 47 55 la
204 1642 156 70 colle,
397 1662 116 52 peu
548 1643 35 54 à
617 1661 115 52 peu
767 1642 52 55 le
856 1641 269 66 manche,
1163 1656 136 39 sous
1333 1638 57 53 la
1426 1636 377 55 sollicitation
1841 1638 99 52 des
1976 1637 221 67 cordes,

127 1724 146 58 vient
301 1743 70 36 en
400 1730 204 62 avant,
625 1722 52 56 le
706 1727 438 50 renversement
1174 1719 280 68 diminue,
1472 1718 57 53 la
1555 1718 215 55 touche
1789 1735 59 35 se
1877 1717 322 71 rapproche

131 1810 58 53 de
223 1807 55 55 la
316 1806 178 68 table,
534 1806 52 54 le
627 1803 271 57 chevalet
937 1802 196 74 paraît
1172 1803 135 70 trop
1345 1801 148 54 haut
1534 1804 60 49 et
1633 1798 52 56 le
1723 1797 198 54 violon
1962 1796 235 55 devient

129 1886 294 72 injouable.
457 1887 49 53 Il
537 1887 188 55 arrive
755 1886 188 53 même
974 1901 113 53 que
1116 1882 52 56 le
1197 1882 248 56 manche
1474 1878 193 56 finisse
1696 1896 107 53 par
1832 1895 60 38 se
1922 1877 275 54 détacher

125 1970 437 71 complètement
604 1971 79 53 du
721 1973 238 49 tasseau
998 1970 202 49 contre
1237 1962 194 72 lequel
1468 1961 40 53 il
1547 1959 146 55 était
1732 1959 161 55 collé.

222 2048 262 73 Quoique
518 2050 136 53 l'été
689 2047 115 56 soit
839 2046 191 56 moins
1065 2043 269 69 nuisible,
1369 2043 53 55 le
1456 2046 300 51 contraste
1794 2041 99 54 des
1929 2037 269 71 journées

124 2126 338 59 étouffantes
494 2149 142 35 avec
668 2130 57 53 la
755 2127 292 55 fraîcheur
1079 2128 101 52 des
1210 2123 180 70 nuits,
1423 2123 83 55 les
1536 2138 202 55 orages
1770 2118 208 69 subits,
2013 2138 71 36 en
2116 2137 80 34 un

125 2216 108 49 mot
274 2211 50 54 le
365 2211 98 71 jeu
506 2213 331 70 changeant
882 2210 70 53 de
995 2207 169 55 l'état
1210 2202 497 75 atmosphérique,
1729 2207 134 48 tout
1902 2199 122 56 cela
2047 2199 149 55 n'est

125 2307 91 52 pas
247 2291 300 57 favorable
584 2293 34 52 à
651 2292 59 55 la
745 2290 168 54 santé
951 2290 99 53 des
1087 2286 244 56 violons.

224 2372 98 56 Ces
348 2372 443 56 inconvénients
816 2375 261 67 peuvent
1103 2367 121 55 être
1251 2366 185 54 évités
1459 2384 72 35 en
1557 2368 211 50 tenant
1792 2361 397 54 l'instrument

127 2452 131 55 dans
296 2472 111 37 une
448 2453 180 55 caisse
670 2450 527 57 convenablement
1239 2443 457 59 confectionnée.
1742 2443 262 69 Lorsque
2043 2456 146 39 vous

125 2550 61 37 en
221 2539 181 50 sortez
443 2540 168 49 votre
650 2532 218 67 violon,
912 2530 88 53 s'il
1040 2535 87 49 est
1168 2527 126 56 sain
1333 2532 59 50 et
1435 2528 70 54 de
1545 2526 192 53 bonne
1780 2519 409 69 constitution,

124 2610 99 56 lors
256 2615 184 54 même
477 2634 113 52 que
626 2630 148 38 vous
811 2630 71 37 ne
918 2610 237 56 l'auriez
1191 2626 107 53 pas
1334 2606 215 56 touché
1587 2607 70 53 de
1695 2602 207 72 quinze
1938 2619 179 53 jours,
2155 2599 38 54 il

125 2700 75 47 est
230 2695 33 52 à
292 2714 112 51 peu
435 2697 130 70 près
599 2693 288 66 d'accord,
922 2696 57 50 et
1012 2709 114 53 peu
1173 2691 70 52 de
1276 2690 170 52 chose
1479 2685 164 54 suffit
1689 2701 148 53 pour
1881 2682 52 55 le
1980 2686 212 49 mettre

125 2790 61 36 en
228 2776 120 53 état
396 2777 182 55 d'être
625 2775 153 71 joué.
805 2773 85 54 La
936 2768 350 58 chanterelle
1334 2766 154 56 seule
1536 2785 35 34 a
1616 2784 80 52 pu
1743 2768 218 61 sauter,
1985 2779 63 36 ce
2095 2759 103 73 qui

127 2852 166 57 arrive
349 2856 428 72 généralement
832 2850 261 72 lorsqu'il
1149 2869 39 52 y
1246 2867 33 36 a
1336 2850 70 53 de
1453 2847 246 71 grandes
1756 2841 437 73 perturbations

124 2931 457 79 barométriques.
651 2933 164 56 Ainsi
881 2931 276 67 enfermé,
1238 2928 397 54 l'instrument
1705 2942 35 36 a
1821 2921 241 56 ressenti
2143 2920 51 55 le

125 3013 287 60 minimum
451 3019 379 57 d'influences
871 3012 352 73 étrangères.

223 3097 195 70 Quelle
465 3104 88 50 est
602 3097 58 55 la
708 3094 295 58 meilleure
1053 3092 180 55 caisse
1262 3095 23 48 ?

224 3179 143 54 Celle
396 3180 248 56 d'abord
673 3179 147 54 dont
848 3172 335 59 l'extérieur
1211 3176 89 48 est
1331 3189 71 37 en
1430 3167 127 55 bois
1586 3165 165 57 verni
1779 3184 77 37 ou
1883 3168 309 50 recouvert

125 3255 60 53 de
214 3276 163 52 peau.
412 3261 153 55 C'est
595 3259 54 55 le
680 3257 131 73 plus
844 3254 220 74 parfait
1097 3251 296 56 isolateur.
1430 3248 374 55 Méfiez-vous
1837 3246 101 53 des
1985 3243 208 55 caisses

125 3336 61 55 de
214 3342 174 54 métal
419 3345 364 52 recouvertes
818 3340 69 53 de
920 3331 441 74 maroquinerie.
1397 3331 78 53 Le
1510 3327 179 56 métal
1721 3326 174 55 attire
1928 3325 265 71 toujours

124 3412 325 64 l'humidité.
500 3422 201 70 Quant
749 3420 34 52 à
828 3415 340 67 l'intérieur,
1216 3412 41 54 il
1304 3410 124 57 doit
1477 3410 120 53 être
1644 3406 167 74 garni
1859 3406 140 55 d'un
2047 3403 145 55 tissu

125 3500 284 57 moelleux.
428 3504 85 54 La
548 3501 151 56 laine
738 3505 87 50 est
862 3496 318 59 excellente
1218 3510 148 56 pour
1401 3491 82 55 les
1519 3490 382 54 instruments
1938 3505 111 52 que
2075 3485 119 56 Ton

125 3579 173 57 manie
350 3581 463 71 journellement.
838 3577 147 56 Mais
1039 3593 147 55 pour
1238 3590 147 38 ceux
1439 3589 113 54 que
1604 3570 119 54 l'on
1774 3586 74 37 ne
1898 3566 135 71 joue
2088 3580 105 56 pas

125 3656 420 73 régulièrement
592 3682 76 35 ou
715 3680 113 52 que
873 3660 120 55 l'on
1040 3659 175 71 garde
1262 3671 226 37 comme
1534 3650 193 72 objets
1774 3650 70 56 de
1868 3646 326 63 collection,

1989 3768 21 34 4
