2596 4107
828 313 176 51 ÉCHOS
1039 331 69 34 ET
1144 332 320 39 NOUVELLES

2102 345 91 51 491

113 471 75 48 Un
216 469 273 50 événement
516 472 273 66 artistique.

230 574 70 47 Le
327 572 196 50 célébré
549 575 224 62 pianiste
798 579 234 50 viennois
1058 585 159 48 Moriz
1245 586 301 60 Rosenthal,
1574 607 103 48 que
1701 608 132 34 nous
1859 594 218 51 n'avons
2102 614 94 47 pas

106 656 117 33 revu
253 641 31 47 à
314 640 142 48 Paris
489 642 180 64 depuis
699 643 32 49 6
761 647 203 57 années,
996 650 192 64 malgré
1217 652 286 55 l'immense
1531 660 174 47 succès
1734 660 128 63 qu'il
1892 662 143 50 avait
2066 679 98 35 rem-

104 708 139 65 porté
271 723 100 33 aux
402 709 241 51 Concerts
672 713 342 61 Lamoureux,
1034 735 71 33 va
1132 721 196 51 donner
1352 725 32 48 à
1410 725 51 48 la
1486 726 124 49 salle
1636 728 89 49 des
1751 728 349 65 Agriculteurs
2127 732 71 50 les

105 789 57 49 30
186 774 141 59 avril,
357 787 46 49 5,
430 791 30 48 9
487 782 51 43 et
567 792 62 49 14
652 781 121 57 mai,
799 787 187 58 quatre
1009 788 190 60 grands
1224 789 217 51 récitals.

196 1073 98 49 Les
307 1073 436 64 représentations
760 1079 70 47 du
840 1080 150 49 Boris
1000 1082 281 52 Godounow
1291 1085 65 49 de
1365 1087 364 64 Moussorgsky
1737 1092 31 47 à
1784 1089 208 66 l'Opéra
2007 1101 187 41 auront

103 1140 93 49 lieu
216 1141 72 50 les
308 1141 212 56 mardis,
549 1144 172 63 jeudis
745 1150 52 46 et
820 1145 299 52 dimanches
1151 1164 78 51 19,
1255 1165 80 44 21,
1359 1167 80 50 24,
1470 1168 61 49 31
1555 1155 121 57 Mai,
1700 1170 29 36 2
1753 1163 51 43 et
1826 1173 34 48 4
1884 1160 143 62 Juin.
2055 1163 139 51 Tout

102 1220 276 37 concourra
402 1226 30 32 a
455 1210 198 49 donner
680 1228 75 33 un
784 1214 130 49 éclat
943 1217 363 64 exceptionnel
1342 1220 31 48 à
1417 1235 81 36 ces
1539 1222 133 50 fêtes
1712 1226 300 64 artistiques
2031 1242 10 34 :
2080 1228 92 50 l'in-

102 1277 337 62 terprétation
486 1280 172 48 réunit
703 1282 71 47 les
813 1296 149 36 noms
1005 1286 86 47 des
1137 1286 257 52 meilleurs
1427 1291 199 50 solistes
1652 1308 166 35 russes
1836 1308 9 34 :
1876 1295 317 66 Chaliapine,

100 1343 275 50 Mesdames
390 1347 336 56 Ermolenko,
743 1349 279 58 Pétrenko,
1039 1352 381 64 Fougarinova,
1438 1357 122 48 MM.
1588 1357 265 60 Smirnow,
1874 1362 311 66 Kastorsky,

101 1410 303 61 Charonow;
451 1414 301 51 l'orchestre
785 1432 116 34 sera
942 1418 160 64 dirigé
1142 1436 97 47 par
1279 1422 68 48 M.
1375 1424 146 51 Félix
1559 1427 345 57 Blumenfeld,
1939 1435 50 43 et
2025 1432 67 47 M.
2129 1431 65 51 de

101 1479 278 62 Diaghilew
432 1483 125 49 s'est
603 1487 175 47 assuré
832 1487 45 47 le
928 1503 250 34 concours
1231 1489 89 50 des
1370 1492 217 53 fameux
1631 1494 206 54 chœurs
1888 1497 65 49 de
1983 1498 211 66 l'Opéra

101 1548 237 62 Impérial
361 1548 64 49 de
446 1551 226 51 Moscou.
696 1553 98 48 Les
817 1556 117 61 sept
962 1555 176 48 décors
1169 1562 51 44 et
1245 1559 74 50 les
1345 1558 121 66 cinq
1499 1567 145 43 cents
1668 1567 259 48 costumes
1951 1565 240 51 exécutés

100 1615 360 62 spécialement
515 1619 131 49 dans
699 1621 72 49 les
829 1623 202 49 ateliers
1088 1625 90 48 des
1231 1626 248 51 Théâtres
1533 1630 299 64 Impériaux
1876 1633 209 64 d'après
2116 1637 78 50 les

100 1683 250 50 meilleurs
374 1686 311 50 documents
708 1687 63 50 de
793 1690 244 63 l'époque
1060 1695 49 44 et
1133 1706 89 35 sur
1243 1695 73 48 les
1338 1696 197 50 dessins
1551 1697 93 50 des
1667 1699 230 62 peintres
1921 1701 269 57 Golovine,

101 1750 198 58 Benois,
336 1753 160 63 Juon,
533 1760 99 43 etc.
669 1756 254 49 viennent
963 1757 250 52 d'arriver
1249 1762 30 47 à
1315 1762 161 50 Paris.
1521 1765 78 48 La
1632 1767 127 49 mise
1795 1783 65 33 en
1897 1771 148 47 scène
2080 1786 111 33 sera

96 1818 157 65 réglée
276 1836 95 48 par
396 1822 66 47 M.
488 1821 207 50 Sanine.

194 1887 81 49 On
298 1894 127 57 peut
448 1889 194 50 retenir
663 1891 91 49 des
778 1894 174 61 places
985 1896 32 48 à
1038 1894 212 64 l'Opéra
1277 1902 51 44 et
1353 1899 31 47 à
1404 1899 244 63 l'Agence
1669 1902 243 49 Musicale
1933 1904 67 47 de
2027 1904 162 56 Paris,

97 1968 42 50 9,
171 1972 89 33 rue
298 1959 62 47 de
398 1959 163 62 l'lsly.

98 2202 69 48 La
282 2204 230 65 musique
788 2205 256 61 française

350 2312 200 47 Pelléas
803 2317 43 43 et
823 2313 136 50 Mélisande
960 2315 80 49 vient
1041 2317 69 48 de
1111 2317 259 65 triompher
1392 2321 32 47 à
1447 2321 312 60 New-York,
1789 2341 66 32 au
1880 2326 309 48 Manhattan

93 2378 176 64 Opéra,
295 2395 120 34 sous
439 2379 50 50 la
514 2381 249 49 direction
787 2383 104 49 fort
915 2385 317 64 intelligente
1257 2388 63 47 de
1344 2390 68 47 M.
1439 2390 305 63 Campanini
1768 2397 52 43 et
1845 2409 125 33 avec
1993 2393 46 49 le
2069 2410 89 32 con-

92 2459 138 36 cours
269 2448 63 47 de
370 2447 144 49 Mlles
552 2451 147 61 Mary
737 2451 221 58 Garden,
986 2453 467 60 Gerville-Réache,
1495 2457 64 48 de
1596 2459 122 47 MM.
1758 2459 134 61 Jean
1930 2459 169 50 Perier
2135 2466 51 43 et

93 2513 275 51 Dufranne.
399 2518 68 47 M.
488 2518 404 57 Hammerstein,
925 2520 255 50 directeur
1210 2523 69 48 du
1310 2524 217 57 théâtre,
1547 2541 31 33 a
1598 2528 177 47 monté
1804 2527 212 49 l'œuvre
2047 2529 62 49 de
2138 2528 49 50 la

92 2580 108 62 plus
241 2583 271 63 artistique
553 2584 168 62 façon.
764 2586 96 49 «Si
900 2588 92 48 elle
1032 2589 199 56 réussit,
1277 2590 212 49 disait-il
1528 2592 31 47 à
1598 2592 247 59 l'avance,
1889 2597 297 48 New-York

92 2663 215 50 gagnera
333 2651 47 48 le
408 2653 222 62 premier
657 2669 127 50 rang
811 2656 170 63 parmi
1009 2656 71 49 les
1108 2658 145 48 villes
1281 2659 270 49 musicales
1580 2661 72 49 du
1679 2664 205 48 monde.
1907 2682 20 26 »
1956 2663 122 49 C'en
2107 2669 79 43 est

92 2715 89 51 fait
205 2719 278 49 désormais
507 2735 9 33 :
543 2720 72 48 les
642 2721 211 50 Italiens
878 2727 52 44 et
953 2725 225 62 Wagner
1199 2743 65 31 ne
1304 2731 174 43 seront
1502 2727 114 64 plus
1657 2730 133 48 seuls
1814 2730 31 47 à
1869 2745 53 33 se
1955 2731 231 64 disputer

91 2782 66 51 les
183 2786 206 49 faveurs
417 2788 71 47 du
514 2787 175 64 public
717 2790 289 49 américain.

216 2853 178 50 Grand
432 2856 176 47 succès
648 2856 287 63 également
977 2860 31 47 à
1048 2858 174 59 Milan,
1267 2861 194 48 devant
1502 2879 72 31 un
1615 2862 254 50 auditoire
1914 2865 270 63 beaucoup

92 2919 159 50 moins
285 2922 193 49 cultivé
515 2927 52 44 et
601 2923 117 64 plus
754 2927 378 57 démonstratif,
1171 2931 67 45 où
1273 2928 104 48 l'on
1412 2929 151 49 faillit
1599 2947 63 32 en
1696 2931 147 48 venir
1876 2947 102 33 aux
2013 2933 168 48 mains

92 2985 27 49 à
140 2987 50 50 la
210 2992 149 47 scène
383 2992 71 47 du
477 2993 302 49 souterrain.
807 2994 128 48 Mais
959 2994 46 48 le
1034 2995 220 63 premier
1277 3000 52 45 et
1352 2997 47 48 le
1423 2997 201 49 dernier
1645 3003 114 44 acte
1784 3003 91 43 ont
1899 2999 140 48 rallié
2063 3003 118 46 tous

91 3053 63 49 les
181 3056 265 65 suffrages.

214 3125 155 48 Enfin
393 3126 193 48 Ariane
613 3131 43 45 et
679 3129 162 48 Barbe
862 3130 151 56 bleue,
1038 3131 64 47 de
1128 3130 130 50 Paul
1283 3133 195 55 Dukas,
1502 3149 33 32 a
1559 3149 61 32 eu
1649 3133 166 49 l'heur
1839 3135 64 47 de
1927 3134 160 63 plaire
2113 3152 66 31 au

90 3191 163 58 public
276 3191 247 60 viennois,
548 3196 148 62 grâce
722 3211 101 33 aux
849 3197 175 47 efforts
1051 3197 221 50 dévoués
1297 3199 64 47 de
1385 3200 66 47 M.
1478 3200 61 48 A.
1565 3200 290 57 Zemlinski,
1881 3201 116 48 chef
2048 3201 106 50 d'or-

91 3256 204 52 chestre.

89 3401 145 64 Lyon.

215 3508 75 49 La
307 3511 247 62 première
573 3512 407 64 représentation
1000 3514 64 48 de
2081 3514 95 49 Pell
1672 3533 66 33 au
1758 3517 418 51 Grand-Théâtre

93 3583 27 33 a
136 3572 78 50 été
233 3592 71 33 un
322 3578 314 65 magnifique
653 3582 190 55 succès,
865 3582 129 48 dont
1013 3581 37 48 il
1069 3581 114 51 faut
1202 3582 264 50 vivement
1485 3583 217 50 féliciter
1719 3586 66 47 M.
1809 3585 144 58 Flon,
1974 3586 176 51 l'excel-

88 3634 100 54 lent
215 3644 116 49 chef
356 3646 327 49 d'orchestre.
