2596 4107
927 316 268 38 BULLETIN
1232 312 263 47 FRANÇAIS
1532 311 71 33 DE
1639 307 67 34 LA
1745 305 40 35 S.
1823 304 35 34 I.
1895 304 57 32 M.

400 328 98 51 394

404 479 207 67 expert
640 473 35 52 à
701 469 320 70 enseigner,
1051 483 108 53 par
1185 460 297 72 exemples
1510 464 60 49 et
1598 474 107 55 par
1731 454 327 72 préceptes,
2088 466 93 37 ces
2208 451 257 61 mélodies

403 555 79 55 où
506 550 223 74 palpite
753 565 209 40 encore
985 562 249 54 presque
1256 546 172 50 toute
1449 539 59 54 la
1529 536 96 56 vie
1648 531 282 60 musicale
1956 530 38 53 d
2018 529 171 54 alors.
2215 529 76 54 Et
2314 540 151 52 notre

407 635 57 54 la
478 634 221 53 Guerre
715 630 96 55 fut
828 626 425 58 certainement
1270 640 82 37 un
1371 621 72 55 de
1460 637 95 38 ces
1571 616 240 56 maîtres
1825 611 101 55 àla
1942 610 193 67 mode,
2153 610 312 62 recherchés

406 714 101 53 des
540 728 141 55 gens
714 710 81 54 du
827 708 93 54 bel
955 706 105 68 air,
1093 701 346 75 passionnés
1471 700 72 53 de
1575 695 272 71 musique
1880 698 138 47 tous
2050 694 61 51 et
2143 687 322 73 impatients

403 793 223 67 d'aller,
658 792 55 54 le
745 788 247 57 théorbe
1025 804 74 38 en
1131 784 183 67 main,
1348 780 188 57 redire
1580 779 59 53 la
1673 776 264 55 chanson
1968 771 59 54 la
2058 770 133 71 plus
2219 775 246 56 nouvelle

402 892 73 37 en
503 873 59 53 la
591 870 179 55 ruelle
799 870 71 54 de
901 866 283 73 quelques
1212 861 316 74 précieuse.

515 958 166 67 Mais,
701 973 134 38 vers
855 954 164 69 1650,
1037 952 42 54 il
1096 971 41 53 y
1155 950 165 56 avait
1336 949 139 53 bien
1495 948 103 53 des
1616 943 217 56 années
1867 939 136 70 déjà
2036 955 114 55 que
2181 936 284 79 beaucoup

404 1038 380 57 d'excellents
834 1034 212 72 esprits
1094 1028 470 75 soupçonnaient
1616 1042 114 54 que
1781 1025 157 51 cette
1990 1016 268 73 musique
2418 1024 47 55 la

402 1119 270 73 musique
700 1117 214 67 d'Airs,
940 1114 151 56 ainsi
1118 1131 114 53 que
1258 1112 123 54 l'on
1406 1108 178 56 disait
1710 1122 59 37 se
1795 1099 250 75 pouvait
2072 1115 273 55 proposer
2368 1120 97 40 une

402 1202 82 53 fin
508 1200 134 72 plus
662 1199 182 55 haute
869 1213 113 56 que
994 1194 71 55 de
1077 1190 244 59 divertir
1340 1207 87 38 un
1449 1188 248 66 instant,
1724 1183 148 56 dans
1895 1199 82 36 un
2004 1178 185 68 salon,
2211 1176 53 56 le
2284 1180 150 74 volup-

402 1287 188 49 tueux
614 1278 160 56 loisir
803 1278 102 55 des
935 1274 264 57 délicats.
1231 1272 60 55 Si
1316 1272 85 54 les
1428 1268 184 75 petits
1639 1282 134 39 vers
1801 1280 117 55 que
1945 1260 84 56 les
2055 1260 196 53 beaux
2277 1261 188 70 esprits

403 1362 83 54 du
503 1367 198 65 temps
720 1358 258 56 confient
1001 1373 120 37 aux
1141 1352 429 72 compositeurs
1590 1366 74 36 ne
1684 1349 159 64 sont,
1865 1343 85 54 les
1960 1339 292 58 meilleurs
2262 1339 203 61 d'entre

403 1458 133 52 eux,
568 1458 114 54 que
713 1435 345 59 d'aimables
1085 1434 262 55 bluettes
1377 1433 146 53 dont
1552 1429 59 53 la
1639 1427 209 55 fadeur
1879 1421 241 56 devient
2150 1418 122 56 vite
2300 1420 132 57 écœu-

403 1527 189 63 rante,
607 1519 254 57 maintes
875 1517 113 56 fois
1023 1517 54 54 le
1113 1514 192 56 talent
1345 1514 80 53 du
1462 1509 286 57 musicien
1785 1503 115 57 sait
1940 1501 224 58 animer
2200 1518 93 37 ces
2327 1503 138 68 pâles

403 1602 287 73 esquisses
720 1601 102 54 des
851 1599 217 55 formes
1098 1602 59 49 et
1190 1595 105 55 des
1325 1592 269 56 couleurs
1626 1590 72 55 de
1728 1588 61 53 la
1820 1584 113 56 vie.
1969 1585 81 54 Le
2081 1585 166 51 texte
2277 1599 39 36 n
2337 1583 127 56 était

399 1682 127 56 rien
557 1703 9 8 ■
599 1700 82 36 un
712 1679 294 70 badinage
1035 1681 138 50 tout
1206 1693 76 37 au
1312 1673 153 72 plus.
1498 1672 85 53 La
1613 1667 294 71 musique,
1940 1665 142 54 chez
2112 1661 84 55 les
2228 1667 239 66 maîtres,

400 1782 75 36 en
493 1782 34 34 a
555 1762 111 54 fait
696 1759 254 74 quelque
978 1759 176 54 chose
1183 1777 9 33 :
1225 1773 115 37 une
1368 1755 215 72 phrase
1612 1749 297 74 gracieuse
1938 1744 293 71 toujours,
2260 1761 176 53 expres-

404 1843 125 55 sive
557 1847 271 62 souvent,
859 1838 221 74 parfois
1108 1853 249 56 presque
1385 1832 369 75 pathétique.

516 1931 61 54 Si
597 1929 84 55 les
705 1929 211 54 chants
943 1926 172 75 qu'ils
1138 1923 325 71 imaginent
1488 1923 262 69 peuvent
1775 1918 367 71 représenter
2167 1933 23 29 «
2210 1913 81 55 les
2316 1913 126 56 affec-

402 2013 158 55 tions
593 2011 72 54 de
695 2011 177 53 l'âme
905 2015 59 49 et
1000 2008 71 55 de
1096 2004 228 74 l'esprit
1343 2026 39 46 »,
1401 2002 164 56 voire
1597 2001 192 54 même
1822 2020 21 29 «
1869 1997 204 73 quand
2087 1994 70 55 ils
2191 1999 132 51 sont
2352 1993 116 56 bien

403 2092 174 55 faicts
607 2091 162 54 selon
798 2088 58 55 la
886 2088 176 56 lettre
1093 2091 61 51 et
1180 2084 56 58 le
1267 2101 133 38 sens
1429 2101 41 53 y
1486 2086 320 50 contenu...
1828 2074 339 60 esmouvoir
2199 2075 35 53 à
2256 2073 213 74 pityé,à

400 2172 60 56 la
497 2169 390 74 compassion,
917 2187 78 36 au
1030 2172 192 67 regret
1260 2171 60 49 et
1355 2166 35 52 à
1423 2162 286 57 d'aultres
1733 2158 269 75 passions
2037 2158 78 67 (1)
2152 2177 21 29 »
2205 2154 263 74 pourquoi

402 2253 195 55 n'user
648 2251 169 72 point
861 2251 72 54 de
977 2253 93 51 cet
1117 2252 296 65 avantage
1455 2262 73 37 en
1571 2241 254 73 quelque
1870 2237 324 72 entreprise
2234 2234 205 57 considé-

402 2332 160 56 rable
604 2338 58 50 et
695 2331 199 56 mieux
924 2328 186 56 suivie
1140 2333 24 49 ?

519 2421 188 66 Donc,
738 2420 131 53 l'air
907 2420 71 53 de
1010 2435 163 51 cour,
1204 2416 59 54 la
1296 2416 263 53 chanson
1594 2413 35 52 à
1659 2411 142 56 voix
1834 2408 162 57 seule
2029 2427 80 36 ou
2143 2408 34 52 à
2209 2406 260 73 plusieurs

403 2501 140 55 s'est
566 2500 111 54 fait
699 2517 119 54 peu
842 2500 35 53 à
900 2516 115 54 peu
1038 2515 117 38 une
1178 2496 166 72 place
1364 2495 367 71 importante
1757 2492 150 55 dans
1924 2490 56 54 le
2003 2487 203 56 ballet.
2233 2487 236 74 Quelque

403 2586 361 67 somptueux
804 2578 146 73 qu'il
990 2578 136 68 soit,
1168 2596 81 36 un
1288 2575 183 54 ballet
1514 2575 276 54 demeure
1832 2571 374 66 défectueux,
2247 2572 222 67 pensent

404 2661 314 56 musiciens
745 2666 61 50 et
835 2662 338 65 chanteurs,
1192 2657 92 55 s'il
1311 2674 259 53 manque
1602 2656 71 54 de
1696 2651 385 75 symphonies
2109 2656 59 49 et
2200 2651 70 53 de
2298 2648 169 56 récits.

404 2742 113 55 Les
539 2742 307 56 Guesdron
868 2746 61 50 et
949 2740 85 54 les
1057 2741 265 65 Boesset,
1347 2754 148 54 pour
1515 2754 77 37 ne
1613 2733 146 56 citer
1783 2752 115 55 que
1921 2749 96 39 ces
2041 2732 156 53 deux
2218 2728 250 68 illustres,

403 2829 345 67 composent
790 2840 116 37 une
947 2821 221 71 grande
1207 2824 137 67 part
1387 2818 71 55 de
1484 2817 161 55 leurs
1669 2816 117 55 airs
1809 2832 151 55 pour
1999 2813 347 55 l'ornement
2385 2808 84 56 des

404 2904 214 55 ballets
649 2921 229 54 royaux
911 2902 95 68 où,
1042 2918 143 38 avec
1216 2900 54 54 le
1302 2900 240 54 charme
1575 2897 73 55 de
1678 2896 60 55 la
1769 2893 272 70 mélodie,
2074 2892 69 53 ils
2177 2895 292 68 apportent

406 3004 128 35 «un
587 2985 375 71 supplément
1019 2984 103 54 des
1174 2980 369 73 expressions
1596 2978 341 73 tronquées,
1992 2972 367 75 imparfaites
2406 2989 65 35 ou

407 3065 306 72 ambiguës
742 3066 71 53 de
840 3065 57 53 la
925 3065 199 53 Danse
1151 3067 61 50 et
1241 3062 103 55 des
1371 3062 114 52 Pas
1515 3061 78 67 (2)
1616 3080 38 31 ».
1676 3060 80 52 Et
1785 3057 205 73 quand
2018 3072 144 39 avec
2187 3052 200 69 YOrfeo
2412 3051 59 53 de

406 3145 168 72 Luigi
607 3145 191 68 Rossi,
827 3145 224 71 l'opéra
1081 3142 207 55 italien
1319 3160 144 36 aura
1494 3141 94 55 été
1618 3158 150 54 pour
1797 3138 59 55 la
1885 3137 286 74 première
2200 3133 109 56 fois
2336 3147 102 40 com-

406 3226 323 73 plètement
766 3225 191 54 révélé
994 3243 119 36 aux
1147 3222 228 57 oreilles
1410 3221 338 71 françaises,
1785 3220 310 70 beaucoup
2130 3215 341 63 estimeront,

406 3326 73 36 en
502 3306 163 72 dépit
686 3307 103 56 des
808 3305 330 72 objections
1157 3310 60 49 et
1239 3305 71 54 de
1330 3302 273 73 préjugés
1625 3300 269 57 difficiles
1914 3301 36 52 à
1969 3299 258 66 vaincre,
2256 3311 108 56 que
2383 3309 89 36 son

525 3508 61 48 (1)
616 3507 155 39 Lettre
800 3507 60 38 du
891 3507 48 39 P.
970 3506 234 38 Mersenne
1234 3506 73 48 (14
1335 3503 247 39 novembre
1616 3503 142 48 1640).
1780 3500 254 39 Manuscrit
2061 3500 84 48 609
2174 3499 55 38 de
2255 3497 42 37 la
2325 3492 126 41 Biblio-

406 3567 168 51 thèque
602 3568 54 38 de
682 3567 224 39 Chartres.

527 3629 61 46 (2)
611 3628 132 38 ABBÉ
766 3639 62 27 DE
851 3629 149 44 PURE,
1025 3627 100 38 Idée
1147 3626 71 38 des
1240 3626 230 49 spectacles
1491 3625 179 38 anciens
1692 3628 38 34 et
1749 3624 223 38 modernes
1978 3653 8 15 ,
2015 3622 123 39 1668.
