2596 4107
378 346 99 62 456

911 355 268 36 BULLETIN
1215 355 264 49 FRANÇAIS
1516 358 72 34 DE
1625 358 64 34 LA
1728 356 39 35 S.
1808 356 32 35 I.
1880 359 52 33 M.

396 507 282 74 guration,
683 504 218 70 malgré
921 507 134 50 tant
1077 503 71 55 de
1167 502 225 56 raisons
1411 504 71 55 de
1500 503 165 55 l'être
1691 525 14 47 ;
1726 520 64 38 ce
1808 503 207 70 poème
2033 510 418 72 symphonique

380 586 101 73 qui
512 584 152 56 n'est
696 600 108 54 pas
835 581 221 56 asservi
1089 582 35 53 à
1154 601 81 36 un
1267 601 374 53 programme
1670 588 136 65 trop
1839 582 204 71 précis,
2078 590 88 48 est
2198 606 114 37 une
2342 595 110 54 très

378 664 150 58 belle
555 666 192 66 chose,
774 663 336 71 imposante
1136 680 108 53 par
1270 662 310 74 l'ampleur
1608 664 101 55 des
1737 663 415 70 progressions,
2183 686 115 37 non
2326 687 126 43 sans

380 744 252 74 quelque
674 744 389 55 redondance.
1108 742 187 55 Telles
1337 744 268 55 marches
1648 743 365 56 d'harmonie
2057 764 73 36 ne
2173 755 133 48 sont
2349 770 103 53 que

380 824 473 73 d'emphatiques
893 823 255 69 rosalies,
1192 841 160 38 assez
1393 824 257 56 inutiles.
1695 824 319 72 Beaucoup
2057 827 233 56 d'effets
2328 841 123 48 sont

381 908 71 55 de
480 906 178 54 vieux
688 903 146 56 amis
865 924 9 33 :
905 920 94 38 ces
1027 903 286 56 batteries
1340 906 438 70 entrecoupées,
1808 922 73 37 en
1910 906 267 68 rythmes
2205 911 212 58 asthma-

377 986 215 72 tiques,
618 1004 96 35 ces
738 984 174 56 traits
936 984 288 72 syncopés
1251 986 100 53 des
1376 987 219 69 basses,
1622 1002 94 38 ces
1740 986 231 56 entrées
1997 988 72 54 de
2094 1005 128 38 cors
2246 990 205 75 étagés,

378 1084 150 39 nous
571 1082 217 38 savons
833 1065 138 55 d'où
1015 1070 135 49 tout
1197 1066 124 54 cela
1365 1072 122 50 sort
1515 1089 14 47 ;
1575 1066 149 56 mais
1766 1066 392 72 l'impression
2201 1071 252 70 générale

378 1152 89 51 est
495 1146 321 73 puissante.
849 1146 190 53 Moins
1067 1145 246 71 original
1340 1164 208 38 encore
1576 1151 89 49 est
1691 1146 55 56 le
1774 1146 243 72 prélude
2046 1150 72 53 de
2147 1148 270 60 Guntram
2439 1179 12 44 ;

377 1227 137 56 bien
551 1228 334 69 davantage
919 1225 59 55 la
1658 1223 275 70 Sinfonia
2279 1227 177 55 domes

491 1307 169 55 Cette
727 1324 201 38 œuvre
992 1306 222 56 célèbre
1279 1308 143 54 dure
1486 1307 465 71 quarante-trois
2014 1308 257 56 minutes
2330 1329 123 43 sans

377 1387 399 72 interruption
804 1388 266 70 pendant
1098 1387 305 74 lesquelles
1432 1387 57 71 je
1517 1387 121 57 n'ai
1666 1405 109 54 pas
1803 1390 258 69 éprouvé
2090 1409 83 37 un
2201 1404 252 47 moment

380 1470 72 56 de
473 1467 227 72 fatigue
724 1485 77 38 ou
825 1467 258 70 d'ennui,
1108 1485 110 53 pas
1241 1486 115 38 une
1382 1467 367 57 distraction.
1775 1468 287 56 L'intérêt
2086 1477 89 50 est
2198 1472 257 71 toujours

377 1569 74 38 en
493 1548 167 69 éveil,
705 1547 214 57 doublé
962 1548 296 56 d'ailleurs
1299 1567 108 52 par
1446 1548 60 56 la
1547 1550 275 71 présence
1865 1550 195 56 active
2103 1553 71 54 de
2215 1551 240 61 l'auteur

377 1636 61 50 et
491 1631 80 53 du
621 1628 171 55 héros
844 1628 73 56 de
966 1633 158 51 cette
1173 1628 271 73 musique
1495 1630 298 56 familiale.
1848 1631 78 53 M.
1980 1630 238 57 Strauss
2257 1640 87 48 est
2381 1654 72 39 un

380 1710 322 58 admirable
741 1708 150 72 chef,
931 1729 82 37 un
1053 1708 263 58 virtuose
1356 1712 71 54 de
1464 1711 342 56 l'orchestre
1832 1733 13 48 ;
1888 1712 156 56 aussi
2084 1712 136 57 bien
2259 1733 111 53 que
2405 1717 48 56 la

377 1791 199 72 plume
604 1788 42 55 il
675 1790 193 54 manie
896 1788 60 58 la
984 1791 302 71 baguette.
1322 1790 49 54 Il
1398 1790 60 57 la
1487 1790 152 58 tient
1667 1791 376 72 légèrement,
2076 1795 82 53 du
2187 1795 146 54 bout
2363 1799 92 53 des

380 1871 275 72 doigts,et
674 1871 107 55 bat
799 1871 59 56 la
879 1889 228 38 mesure
1128 1889 142 37 avec
1291 1877 214 50 autant
1528 1873 71 55 de
1618 1872 288 73 précision
1925 1891 116 55 que
2061 1875 72 54 de
2151 1876 301 71 souplesse.

378 1954 82 53 Le
493 1969 170 54 corps
694 1957 89 50 est
816 1952 435 71 généralement
1284 1951 319 71 immobile,
1638 1954 149 55 ainsi
1822 1973 115 53 que
1967 1954 55 55 le
2055 1955 137 54 bras
2224 1959 228 69 gauche,

380 2034 146 54 dont
555 2032 443 56 l'intervention
1028 2032 362 56 habilement
1423 2035 279 71 ménagée
1732 2040 172 66 porte
1934 2054 171 53 coup.
2138 2037 87 55 La
2255 2037 118 57 tête
2403 2058 52 38 se

377 2119 212 49 tourne
631 2131 151 54 pour
825 2115 379 53 commander
1249 2115 80 53 du
1374 2116 209 70 regard
1627 2134 115 37 une
1785 2117 219 68 entrée,
2051 2136 81 36 un
2220 2126 198 48 accent
2443 2141 10 47 ;

377 2192 222 74 parfois
636 2194 177 68 enfin,
854 2195 148 53 dans
1039 2194 85 54 les
1162 2195 250 70 grandes
1450 2195 353 71 explosions,
1844 2215 65 37 ce
1947 2196 139 74 long
2124 2216 171 54 corps
2330 2205 125 51 tout

377 2274 188 55 entier
603 2272 312 56 s'infléchit
956 2280 60 48 et
1056 2274 183 55 vibre.
1284 2275 165 54 Dans
1489 2281 157 50 cette
1686 2276 169 56 sobre
1896 2277 302 73 mimique,
2240 2298 105 53 pas
2382 2300 73 37 un

377 2359 163 68 geste
581 2354 228 69 inutile,
833 2371 108 55 pas
983 2374 82 37 un
1108 2355 103 71 qui
1253 2375 74 36 ne
1370 2356 114 55 soit
1531 2356 177 57 d'une
1749 2357 340 58 irrésistible
2131 2360 321 72 éloquence.

377 2434 366 55 L'orchestre
778 2432 262 57 électrisé
1073 2453 61 38 se
1166 2453 270 54 surpasse
1470 2437 148 54 dans
1651 2455 106 38 son
1790 2437 120 56 rôle
1944 2440 120 53 très
2098 2439 255 72 difficile,
2386 2444 69 53 où

378 2516 303 56 abondent
711 2521 166 51 entre
908 2522 198 50 autres
1135 2517 212 55 écueils
1376 2517 83 56 les
1489 2517 107 56 soli
1625 2520 85 55 les
1740 2520 132 71 plus
1904 2521 287 56 scabreux
2225 2522 228 70 (Bravo,

378 2596 78 53 M.
526 2595 223 56 Firmin
815 2596 238 57 Touche
1079 2597 37 69 !)
1187 2597 419 56 Evidemment
1672 2600 84 55 les
1824 2600 311 57 musiciens
2239 2620 216 38 comme

374 2676 337 57 l'auditoire
757 2693 61 39 se
861 2682 236 51 sentent
1144 2679 292 54 maîtrisés
1481 2698 111 53 par
1643 2698 118 38 une
1812 2681 370 74 intelligence
2236 2689 59 51 et
2349 2702 104 36 une

376 2757 241 55 volonté
660 2757 391 56 souveraines.

490 2837 199 73 Quant
748 2839 35 53 à
823 2837 247 58 l'œuvre
1115 2839 141 71 (j'en
1302 2841 289 56 demande
1633 2843 136 57 bien
1812 2848 229 67 pardon
2085 2846 36 54 à
2161 2846 291 56 l'éminent

376 2920 308 53 rédacteur
735 2920 80 55 du
863 2938 372 54 programme
1263 2943 13 48 ;
1328 2921 104 56 nul
1483 2923 295 58 d'ailleurs
1827 2925 258 57 n'aurait
2136 2947 81 53 pu
2268 2928 185 57 mieux

376 3016 115 54 que
529 2997 83 58 lui
653 3015 61 40 se
752 2999 143 57 tirer
936 3001 71 55 de
1045 3000 58 56 la
1143 3001 175 56 tâche
1357 3003 340 71 impossible
1737 3006 102 71 qui
1878 3006 83 56 lui
2001 3009 149 54 était
2193 3008 258 67 dévolue)

373 3079 285 72 l'analyse
711 3081 180 71 qu'on
945 3099 150 38 nous
1147 3102 72 38 en
1276 3085 192 55 donne
1523 3090 88 50 est
1663 3104 117 38 une
1834 3088 285 58 véritable
2174 3091 277 58 trahison.

376 3159 127 56 Elle
552 3163 242 69 suggère
842 3160 171 58 l'idée
1065 3163 144 55 d'un
1261 3163 215 55 travail
1525 3164 371 60 lourdement
1948 3170 404 73 pédantesque
2399 3174 52 50 et

373 3240 189 72 puéril
604 3241 35 54 à
677 3240 58 58 la
776 3243 129 69 fois,
947 3260 101 38 sur
1088 3245 102 55 des
1230 3244 205 56 motifs
1474 3245 410 74 insignifiants.
1930 3250 149 55 Mais
2119 3253 102 54 des
2262 3249 190 58 motifs

377 3320 169 72 après
580 3326 156 65 tout,
774 3323 204 57 valent
1015 3342 64 36 ce
1115 3325 181 71 qu'on
1333 3344 73 37 en
1441 3326 116 55 sait
1594 3328 146 57 faire
1766 3351 13 48 ;
1818 3335 60 49 et
1917 3331 72 55 de
2024 3348 90 39 ses
2150 3333 227 54 thèmes
2408 3329 43 55 si

373 3420 117 54 peu
531 3404 355 71 personnels,
905 3405 47 55 si
993 3405 344 57 faiblement
1380 3410 527 74 caractéristiques,
1952 3414 77 53 M.
2074 3414 236 56 Strauss
2349 3411 101 56 tire

374 3502 83 36 un
484 3483 157 71 parti
668 3486 480 56 extraordinaire.
1178 3488 78 56 Sa
1282 3488 271 73 musique
1581 3490 256 57 déborde
1865 3493 177 56 d'une
2069 3494 95 55 vie
2189 3494 224 56 intense
2436 3512 11 48 ;

376 3563 142 54 c'est
569 3582 81 38 un
700 3564 457 58 fourmillement
1209 3569 71 55 de
1329 3569 242 56 robuste
1620 3573 254 54 humour
1921 3592 110 53 par
2080 3577 78 53 où
2205 3574 245 57 l'auteur

376 3660 181 37 sauve
599 3662 64 38 ce
706 3663 114 55 que
847 3648 265 70 pourrait
1155 3646 166 58 avoir
1345 3648 466 75 d'étrangement
1834 3653 194 74 risqué
2048 3654 57 57 la
2122 3653 325 74 prétention
