2596 4107
349 329 60 51 39
414 316 29 46 8

879 321 268 36 BULLETIN
1184 317 260 47 FRANÇAIS
1481 317 72 33 DE
1589 315 66 33 LA
1694 314 40 34 S.
1773 314 33 33 I.
1844 314 57 33 M.

465 472 287 57 Stendhal
780 469 229 56 nourrit
1038 468 136 71 plus
1203 465 185 71 qu'un
1418 464 143 71 goût
1593 463 120 53 très
1743 460 86 55 vif
1857 478 151 53 pour
2035 460 58 55 la
2124 463 260 72 musique
2411 492 9 33 :

352 573 65 36 ce
455 553 113 67 fut,
607 569 149 54 pour
794 549 301 72 employer
1132 564 108 37 son
1278 541 396 69 vocabulaire,
1715 560 80 36 un
1835 543 459 68 amour-passion
2329 550 93 66 qui

351 654 76 36 ne
455 633 53 56 le
536 633 198 70 quitta
761 630 231 71 jamais,
1020 646 109 54 pas
1155 627 134 71 plus
1316 644 114 52 que
1457 623 150 57 celui
1635 624 103 55 des
1763 621 264 59 femmes.
2058 621 78 54 Et
2166 641 64 36 ce
2257 629 165 56 serait

351 734 81 36 un
474 714 213 56 délicat
728 710 320 73 problème,
1087 713 61 49 et
1189 707 137 54 bien
1365 703 392 68 stendhalien,
1800 704 71 53 de
1910 703 336 54 rechercher
2285 708 137 57 dans

351 793 190 72 quelle
565 809 230 40 mesure
821 807 94 39 ces
940 792 156 53 deux
1119 785 379 56 inclinations
1522 802 61 37 se
1608 780 445 70 combattirent,
2078 781 342 64 s'accrurent

348 893 79 38 ou
445 873 416 67 diminuèrent,
880 875 61 50 et
960 872 150 53 dans
1128 867 222 72 quelles
1367 864 402 74 proportions,
1791 863 162 56 selon
1970 861 171 72 l'âge,
2160 861 83 58 les
2260 883 156 56 pays,

348 957 84 56 les
462 958 229 65 heures,
728 953 72 55 ils
833 969 61 37 se
927 950 381 73 partagèrent
1344 947 175 55 l'âme
1553 952 61 49 et
1647 945 55 55 le
1738 962 161 37 cœur
1932 945 74 54 de
2040 948 169 52 notre
2242 947 175 58 héros.

349 1038 149 55 Mais
525 1055 63 35 ce
616 1033 178 57 débat
821 1033 228 55 n'entre
1073 1029 169 74 point
1271 1030 148 55 dans
1443 1027 55 55 le
1523 1025 156 71 sujet
1707 1043 114 53 que
1847 1042 150 38 nous
2011 1041 147 39 nous
2185 1042 236 44 sommes

351 1118 266 72 proposé.

464 1201 111 54 Les
609 1195 134 73 plus
776 1211 144 54 purs
954 1193 259 55 instants
1250 1193 71 53 de
1357 1207 64 37 sa
1457 1189 114 69 vie,
1609 1187 102 73 qui
1745 1187 94 55 fut
1876 1188 331 70 cependant
2243 1189 178 70 pleine

351 1281 397 63 d'aventures,
793 1274 70 56 de
904 1274 267 70 dangers,
1252 1270 73 56 de
1401 1287 278 55 voyages,
1721 1273 60 51 et
1820 1265 139 57 telle
2000 1267 186 69 qu'un
2261 1268 160 71 jeune

349 1363 240 53 homme
630 1357 71 56 de
739 1361 171 49 notre
949 1359 197 65 temps
1183 1352 138 54 n'en
1358 1349 268 73 pourrait
1666 1347 301 57 souhaiter
2006 1349 74 55 de
2119 1347 130 72 plus
2285 1350 136 59 belle

351 1460 150 53 pour
531 1436 330 74 apprendre
890 1436 36 53 à
955 1451 61 38 se
1045 1433 306 56 connaître
1381 1430 322 68 soi-même,
1736 1429 36 54 à
1800 1429 166 71 juger
1998 1429 101 55 des
2129 1434 211 66 autres,
2367 1439 53 49 et

351 1524 35 52 à
424 1521 191 57 varier
654 1536 92 38 ses
783 1516 201 73 points
1024 1516 72 55 de
1134 1532 135 51 vue,
1287 1513 181 71 Beyle
1481 1513 85 55 les
1580 1528 175 55 passa
1771 1528 137 37 sans
1927 1512 180 54 doute
2125 1509 104 56 àla
2248 1510 170 73 Scala,

351 1622 72 37 en
465 1604 284 54 écoutant
794 1597 209 71 auprès
1048 1596 103 55 des
1193 1593 352 70 Milanaises,
1589 1592 49 56 si
1682 1593 372 71 dépourvues
2096 1592 73 54 de
2211 1593 207 71 vanité,

352 1684 50 54 si
427 1679 488 75 spirituellement
940 1681 224 63 naïves,
1190 1674 50 55 si
1263 1674 374 71 simplement
1663 1670 395 74 passionnées,
2083 1670 58 55 la
2166 1672 255 72 musique

360 1768 102 54 des
489 1761 216 58 ballets
732 1762 72 55 de
832 1758 229 72 Vigano
1089 1763 59 50 et
1179 1758 101 55 des
1307 1757 210 71 opéras
1545 1757 72 54 de
1646 1754 299 56 Cimarosa
1972 1771 79 37 ou
2079 1754 74 55 de
2182 1754 235 56 Rossini.

352 1843 215 57 C'était
610 1838 277 59 l'endroit
930 1838 54 55 le
1026 1838 135 71 plus
1204 1838 310 53 charmant
1561 1837 81 53 du
1685 1833 235 58 monde.
1967 1834 112 55 Les
2121 1834 299 56 chanteurs

351 1945 61 38 se
455 1922 361 60 montraient
855 1919 251 74 parfaits
1134 1940 13 48 ;
1188 1936 77 38 on
1304 1937 41 54 y
1383 1917 207 74 voyait
1632 1918 103 55 des
1774 1917 205 54 décors
2019 1916 143 55 d'un
2199 1914 132 57 luxe
2366 1924 54 49 et

353 2008 144 55 d'un
535 2004 373 58 raffinement
946 1999 287 56 inconnus
1270 2018 73 36 en
1382 1999 222 54 France
1642 1998 36 53 à
1713 1997 58 54 la
1810 1996 190 55 même
2037 1997 243 70 époque.

464 2083 364 60 L'obscurité
854 2082 101 71 qui
981 2081 226 72 régnait
1233 2079 148 58 dans
1402 2079 59 56 la
1490 2078 141 56 salle
1654 2077 308 56 favorisait
1985 2078 84 55 les
2092 2083 326 66 papotages,

353 2170 87 54 les
489 2168 117 56 airs
654 2165 272 72 penchés,
977 2163 84 55 les
1110 2161 471 72 imperceptibles
1631 2159 361 68 frôlements,
2042 2158 85 56 les
2176 2158 242 70 silences,

353 2250 83 55 les
483 2247 253 57 sourires
781 2242 449 72 énigmatiques,
1277 2242 83 55 les
1406 2242 239 71 regards
1689 2245 61 50 et
1797 2239 83 56 les
1927 2238 157 56 mille
2131 2238 151 56 riens
2324 2257 97 54 par

353 2331 139 71 quoi
526 2347 84 37 un
644 2327 239 53 homme
917 2323 136 56 bien
1089 2323 161 56 élevé
1284 2322 226 72 signifie
1547 2323 34 52 à
1613 2340 118 37 une
1767 2319 216 58 femme
2021 2319 145 72 qu'il
2200 2326 138 49 veut
2369 2319 51 56 la

352 2412 250 70 prendre
630 2430 12 47 ;
690 2411 61 51 et
800 2405 286 55 Stendhal
1132 2402 312 74 professait
1492 2421 74 37 en
1613 2407 159 51 cette
1820 2402 245 56 matière
2111 2401 57 56 la
2216 2401 205 56 morale

353 2492 104 56 des
487 2491 229 56 soldats
747 2487 72 55 de
849 2485 302 72 l'Empire,
1185 2483 102 74 qui
1318 2483 148 56 était
1499 2502 114 54 que
1645 2482 235 57 celui-là
1910 2488 90 50 est
2031 2483 166 55 lâche
2229 2481 97 72 qui
2356 2500 64 37 ne

352 2577 165 51 tente
555 2587 108 58 pas
702 2586 65 37 sa
809 2567 239 67 chance,
1090 2585 77 35 au
1207 2566 194 72 risque
1443 2566 80 56 du
1564 2563 259 57 ridicule.
1887 2565 167 54 Dans
2115 2563 82 56 les
2256 2562 162 72 loges,

352 2653 523 73 magnifiquement
906 2648 287 68 décorées,
1223 2666 79 37 on
1330 2646 220 56 servait
1581 2646 333 71 d'exquises
1942 2646 208 71 glaces.
2183 2645 78 54 Et
2295 2648 125 50 tout

352 2735 132 56 cela
499 2732 219 59 entrait
737 2731 148 53 dans
901 2728 249 56 l'amour
1169 2730 72 54 de
1259 2727 286 57 Stendhal
1560 2746 150 54 pour
1725 2727 58 56 la
1800 2727 288 71 musique.
2110 2727 91 53 En
2229 2726 189 66 vérité,

352 2833 150 39 nous
542 2829 187 40 avons
766 2810 309 71 beaucoup
1114 2811 187 70 perdu
1340 2811 74 53 de
1454 2815 157 49 cette
1650 2808 302 72 primitive
1990 2806 328 74 simplicité,
2359 2806 62 56 de

353 2902 93 50 cet
492 2891 297 69 abandon,
836 2891 72 55 de
953 2895 94 51 cet
1091 2890 253 56 aimable
1387 2888 371 56 laisser-aller
1786 2910 11 48 ;
1843 2895 61 51 et
1948 2888 121 56 l'on
2113 2887 308 73 s'explique

352 2977 286 55 aisément
672 2990 117 55 que
821 2989 109 38 nos
963 2970 476 72 contemporains
1472 2989 74 37 ne
1580 2971 224 55 fassent
1839 2989 107 53 pas
1980 2971 188 71 grand
2201 2970 122 53 état
2357 2966 63 56 de

349 3057 59 55 la
542 3056 110 57 Vie
818 3055 66 54 de
951 3052 74 56 Rossini
1026 3069 74 38 ou
1101 3054 154 54 des
2068 3052 208 55 Lettres

466 3139 195 53 D'une
694 3134 175 71 façon
903 3134 285 72 générale,
1227 3136 36 52 à
1297 3139 197 50 foutes
1529 3134 83 54 les
1647 3139 202 50 autres
1887 3131 290 57 Stendhal
2211 3130 211 72 préféra

348 3221 62 53 la
445 3217 269 73 musique
747 3216 297 69 italienne,
1081 3216 103 70 qui
1217 3221 90 51 est
1341 3217 206 70 passée
1583 3216 72 56 de
1689 3215 195 57 mode.
1923 3215 52 54 Il
2008 3234 74 35 ne
2117 3214 176 54 cache
2324 3227 98 55 pas

352 3300 53 56 le
446 3319 116 53 peu
602 3297 277 57 d'intérêt
920 3315 114 52 que
1072 3296 83 55 lui
1194 3296 279 56 offraient
1511 3296 84 56 les
1633 3296 399 71 symphonies,
2073 3295 57 54 la
2169 3291 253 71 musique

356 3381 71 56 de
457 3379 296 67 chambre,
786 3396 74 37 en
890 3396 82 36 un
1001 3382 128 50 mot
1160 3384 136 49 tout
1326 3395 64 37 ce
1420 3395 114 53 que
1564 3394 151 39 nous
1744 3377 284 71 appelons
2059 3368 363 78 aujourd'hui

353 3461 59 55 la
447 3461 272 70 musique
755 3476 162 55 pure.
958 3459 275 56 Fâcheux
1271 3457 235 70 dédain,
1546 3459 101 71 qui
1683 3459 132 54 nuit
1854 3460 36 52 à
1926 3475 64 37 sa
2007 3455 327 58 renommée
2359 3454 63 53 de

357 3540 246 72 critique
626 3560 74 36 en
723 3560 81 36 un
835 3545 195 67 temps
1063 3540 76 56 où
1171 3541 83 55 les
1285 3540 246 56 femmes
1562 3540 262 71 feignent
1858 3540 73 56 de
1964 3558 73 37 ne
2069 3556 108 54 pas
2207 3536 215 72 ignorer

351 3624 56 56 le
446 3622 372 71 contrepoint
845 3622 9 54 !
902 3621 51 55 Il
1007 3640 60 37 se
1123 3628 181 49 vante
1362 3621 72 56 de
1489 3640 108 37 son
1651 3621 330 72 ignorance.
2026 3621 94 54 En
2160 3619 88 54 six
2285 3612 137 60 mois
