2596 4107
385 322 96 57 480

909 330 264 34 BULLETIN
1211 330 256 45 FRANÇAIS
1506 334 68 33 DE
1611 332 64 36 LA
1715 332 40 35 S.
1794 334 33 34 I.
1865 335 56 33 M.

386 480 277 71 septième
705 482 137 49 note
872 497 8 32 :
929 475 249 54 Maillart
1222 482 59 48 et
1326 476 296 55 Puteanus
1665 485 103 49 ont
1822 479 132 69 déjà
2002 484 246 67 proposé
2298 492 145 53 cette

385 565 139 50 note
569 554 526 72 complémentaire.
1145 555 170 54 Aussi
1347 555 223 56 Villiers
1604 559 153 53 dit-il
1778 581 11 31 :
1814 581 22 28 «
1861 558 133 56 Cela
2023 577 92 37 me
2145 560 108 57 fait
2284 564 157 72 juger

386 657 112 52 que
550 643 92 47 cet
689 636 232 54 homme
966 634 224 53 devroit
1232 640 150 49 estre
1424 635 116 54 fort
1583 640 160 68 aagé,
1781 656 60 36 se
1898 638 193 54 disant
2142 640 301 61 inventeur

386 719 72 53 de
491 733 91 37 ces
616 720 129 65 sept
778 720 185 60 notes,
999 732 75 34 ou
1108 714 132 55 bien
1274 722 264 48 menteur
1576 737 40 32 ».
1654 718 48 52 Il
1735 719 249 55 concède
2017 720 278 55 toutefois
2335 742 105 53 que

384 795 279 71 plusieurs
705 799 103 50 ont
851 812 80 52 pu
974 794 163 52 avoir
1179 794 187 53 même
1409 796 124 53 idée
1574 817 13 47 ;
1632 796 38 54 il
1712 798 131 67 cite,
1889 816 105 52 par
2044 802 279 69 exemple,
2368 823 72 36 un

384 875 215 56 certain
634 874 309 69 Granjean,
980 874 207 52 maître
1221 874 213 56 d'école
1470 876 33 51 à
1536 875 160 70 Sens,
1731 878 118 72 qui,
1884 878 131 70 plus
2057 880 69 54 de
2161 889 278 64 quarante

381 973 105 37 ans
535 959 384 66 auparavant,
971 953 317 71 enseignait
1339 973 90 36 ces
1485 962 130 64 sept
1672 964 166 48 notes
1895 964 59 48 et
2004 960 121 55 s'en
2190 967 86 48 est
2333 962 103 55 fait

376 1035 254 55 l'auteur
703 1039 58 48 et
833 1034 327 67 inventeur,
1206 1053 20 28 «
1277 1040 142 65 peut
1480 1042 150 50 estre
1684 1038 343 57 seullement
2098 1058 205 37 envers
2361 1042 78 55 les

378 1115 288 70 ignorans,
704 1118 183 65 ayant
922 1113 257 54 confessé
1217 1114 33 52 à
1281 1114 278 71 quelques
1593 1134 312 52 personnes
1941 1119 142 71 qu'il
2107 1119 162 55 avoit
2293 1122 147 69 apris

378 1212 92 38 ces
499 1200 130 65 sept
660 1199 170 48 notes
861 1194 33 52 à
926 1193 161 53 Paris
1119 1194 280 56 autrefois
1424 1217 37 30 ».
1496 1197 226 54 Villiers
1752 1198 298 57 lui-même
2082 1217 197 38 assure
2311 1219 125 52 que,

379 1278 143 53 dans
555 1274 59 55 la
643 1275 273 54 méthode
953 1292 325 49 commune,
1310 1275 38 52 il
1385 1296 34 34 a
1455 1278 208 53 trouvé
1687 1297 22 28 «
1730 1297 79 35 un
1844 1298 282 52 racourcy
2149 1302 41 47 »,
2217 1282 222 71 d'après

374 1355 82 54 les
482 1354 242 53 touches
752 1355 99 52 des
878 1351 179 56 violes
1086 1355 98 64 (i).
1217 1355 78 52 Le
1326 1368 64 53 15
1420 1355 186 69 juillet
1639 1357 158 68 1635,
1828 1359 226 55 Villiers
2082 1359 85 57 dit
2195 1362 244 72 quelque

374 1435 171 54 chose
563 1435 70 54 de
648 1433 131 71 plus
793 1433 184 70 précis
999 1451 99 35 sur
1112 1434 53 53 le
1180 1438 247 66 procédé
1453 1439 70 52 de
1546 1438 262 54 Lemaire
1820 1459 9 32 :
1851 1458 21 29 «
1891 1440 75 54 Ce
1989 1442 149 53 sieur
2162 1442 274 68 Lemaire,

372 1513 248 56 voulant
657 1513 270 54 observer
968 1513 84 53 les
1094 1515 308 69 premières
1452 1517 203 54 lettres
1707 1520 71 52 de
2308 1527 127 62 etc.,

371 1612 148 53 pour
564 1611 115 36 une
734 1594 133 70 plus
925 1598 217 67 grande
1197 1594 216 56 facilité
1456 1598 81 54 les
1602 1617 51 47 a,
1702 1616 64 35 ce
1822 1617 90 37 me
1960 1602 236 67 semble,
2244 1607 192 51 toutes

371 1691 370 53 corrompues
781 1675 78 66 (2)
887 1694 38 32 ».

482 1753 226 54 Villiers
738 1772 36 35 a
806 1754 191 53 raison
1025 1774 13 47 ;
1071 1754 296 72 lorsqu'on
1401 1758 125 54 voit
1557 1758 58 54 la
1648 1759 160 70 pièce
1839 1760 270 56 intitulée
2140 1764 296 54 Estrennes

385 1839 145 65 pour
748 1834 310 53 Messieurs
1447 1840 47 47 et
1615 1835 208 52 Dames
2110 1839 75 52 du
2344 1840 99 52 Con

381 1914 305 70 présentées
1063 1919 108 65 par
1349 1915 88 52 M.
1599 1915 176 68 Gouy,
2013 1918 239 68 premier

371 1993 162 70 1642,
581 2012 76 37 on
705 2013 35 36 a
788 1995 167 70 peine
1005 1998 34 51 à
1087 1997 328 71 s'imaginer
1471 2018 113 52 que
1635 2007 155 48 cette
1846 2004 274 55 notation
2163 2011 87 48 est
2298 2003 138 57 faite

369 2074 227 70 d'après
626 2073 83 54 les
741 2075 251 55 initiales
1028 2079 77 52 du
1140 2096 139 35 nom
1314 2082 69 53 de
1418 2082 224 68 chaque
1676 2087 140 49 note
1861 2086 102 66 (3).

480 2162 96 52 Un
620 2160 122 55 seul
787 2160 158 72 signe
990 2180 146 36 nous
1180 2166 273 69 rappelle,
1503 2167 458 71 distinctement,
2001 2191 113 35 une
2149 2172 174 54 lettre
2369 2176 67 53 de

364 2239 321 73 l'alphabet
706 2262 11 33 :
742 2243 140 53 c'est
911 2261 113 35 une
1052 2248 154 50 sorte
1236 2247 69 53 de
1331 2265 46 48 z,
1406 2248 159 53 tracé
1595 2251 147 52 dans
1767 2248 57 55 la
1852 2251 191 68 partie
2073 2254 70 55 de
2170 2252 57 56 la
2256 2252 176 55 haute.

369 2322 96 66 Or,
527 2322 261 54 Lemaire
846 2341 264 52 propose,
1171 2343 149 51 pour
1378 2328 318 70 compléter
1753 2329 81 55 les
1893 2337 170 50 notes
2121 2338 313 50 contenues

366 2400 146 55 dans
535 2399 272 69 l'octave,
833 2402 56 54 la
916 2408 137 48 note
1080 2421 65 35 za
1171 2404 101 69 qui
1297 2408 330 69 représente
1653 2408 53 53 le
1733 2409 52 52 si
1815 2413 98 66 (4).
1965 2412 203 70 Ayant
2195 2414 239 73 marqué

362 2498 82 36 un
473 2497 244 55 passage
748 2482 75 53 où
853 2483 52 53 le
1518 2500 29 34 z
992 2483 146 55 était
1171 2491 163 48 entre
1368 2489 151 54 deux
1552 2494 169 50 notes
1752 2492 100 70 qui
1884 2508 61 37 se
1975 2493 456 68 ressemblaient,

361 2558 57 70 je
451 2561 276 69 supposai
761 2581 113 52 que
908 2581 63 35 ce
1005 2582 216 53 groupe
1255 2569 437 69 correspondait
1730 2572 33 51 à
1796 2572 56 56 la
1886 2577 254 53 cadence
2175 2580 61 47 ut
2269 2574 52 54 si
2355 2581 74 47 ut.

364 2638 48 52 Il
458 2639 271 56 devenait
775 2641 151 55 alors
969 2643 171 56 facile
1185 2648 70 52 de
1302 2647 348 56 déterminer
1693 2649 52 55 le
1791 2670 140 37 nom
1976 2656 101 52 des
2120 2660 169 50 notes
2333 2654 97 72 qui

360 2719 311 56 formaient
708 2721 82 54 les
827 2727 239 52 accords
1104 2728 70 53 de
1211 2732 155 48 cette
1402 2732 268 53 cadence.
1712 2733 88 54 De
1838 2737 213 66 proche
2088 2754 74 36 en
2199 2737 227 70 proche,

359 2798 17 70 j
407 2799 212 55 arrivai
667 2801 227 55 bientôt
944 2804 34 52 à
1025 2806 308 54 déchiffrer
1380 2813 167 50 toute
1592 2809 57 55 la
1697 2812 178 69 pièce.
1927 2815 163 53 Voici
2135 2816 57 54 la
2239 2832 160 54 repro-

361 2881 239 54 duction
640 2884 507 74 photographique
1192 2891 77 52 du
1314 2889 200 68 début,
1557 2896 59 48 et
1658 2891 57 54 la
1758 2896 390 68 composition
2195 2897 231 67 entière,

356 2961 310 54 transcrite
701 2980 72 36 en
809 2963 271 56 notation
1118 2967 234 54 usuelle.

472 3142 61 46 (1)
567 3142 115 40 Bibl.
715 3147 93 36 nat.
841 3156 80 28 ms.
955 3146 51 39 fr.
1039 3159 135 29 nouv,
1207 3161 96 38 acq.
1336 3151 126 48 6205,
1496 3151 74 39 fol.
1607 3164 46 38 31
1663 3155 26 35 6
1720 3166 38 27 a.

472 3202 62 46 (2)
567 3202 113 39 Ibid.
714 3203 75 39 fol.
822 3216 79 37 401
940 3220 38 25 a.

474 3262 61 45 (3)
569 3262 150 39 Paimi
743 3263 61 38 les
830 3265 134 38 essais
991 3268 53 35 de
1070 3269 207 38 notation
1303 3282 80 38 par
1408 3272 167 47 lettres,
1603 3273 145 39 citons
1773 3274 145 41 l'essai
1946 3278 53 37 de
2025 3278 77 39 Ch.
2123 3281 53 36 de
2194 3281 226 39 Navières»

356 3319 98 48 (Les
477 3326 222 46 cantiques
720 3329 152 42 saints,
897 3339 85 27 mis
1004 3340 50 24 en
1079 3340 90 26 vers
1188 3331 207 47 françois,
1420 3334 140 47 partie
1583 3347 75 25 sus
1681 3336 148 39 chants
1852 3349 239 31 nouveaux.
2117 3345 37 33 et
2180 3343 139 48 partie
2349 3353 71 27 sus

351 3391 105 27 ceux
483 3381 212 39 d'aucuns
720 3383 213 44 Psalmes.
963 3387 187 47 Anvers,
1180 3389 196 48 Plantin,
1413 3395 142 47 1579.)

470 3439 125 40 Dans
623 3455 87 25 une
736 3448 128 35 autre
892 3447 147 46 étude,
1070 3460 111 28 nous
1209 3451 242 39 traiterons
1480 3453 76 38 des
1584 3455 258 40 différentes
1870 3458 235 41 méthodes
2134 3462 52 38 de
2215 3462 205 38 notation

355 3510 81 39 par
452 3500 153 40 lettres
625 3505 158 49 (voyez
800 3518 42 37 p.
863 3519 67 28 Ex.
949 3509 43 37 la
1013 3509 372 51 Correspondance
1401 3514 48 37 de
1470 3514 252 41 Christiaan
1739 3517 226 51 Huygens,
1988 3521 33 44 I,
2040 3535 43 38 p.
2109 3532 77 39 359
2203 3527 45 34 et
2265 3536 42 38 p.
2323 3523 95 50 361)

353 3561 46 35 et
426 3560 76 37 des
527 3564 233 37 notations
785 3578 82 37 par
891 3568 176 38 chiffres
1095 3570 69 47 (A.
1193 3573 58 37 du
1279 3571 162 46 Cousu,
1468 3577 120 44 etc.).

466 3623 63 46 (4)
562 3622 150 52 Voyez
731 3625 229 42 Mersenne
982 3631 12 46 (
1000 3630 154 40 Harm.
1175 3632 255 40 universelle
1435 3665 11 19 ,
1467 3634 188 42 !.Vl:de
1674 3637 103 39 l'art
1794 3639 54 38 de
1869 3640 102 38 bien
1989 3643 200 43 chanter,
2217 3650 39 32 2*
2274 3645 143 50 prop.)
