2596 4107
982 326 268 35 BULLETIN
1288 324 263 47 FRANÇAIS
1586 323 73 34 DE
1696 323 67 34 LA
1801 324 41 35 S.
1881 324 34 35 I.
1953 327 56 33 M.

456 332 95 48 404

461 478 189 56 aurait
697 496 84 57 pu
826 473 183 56 croire
1057 493 114 52 que
1218 473 59 55 la
1325 473 288 56 tradition
1661 472 286 71 française
1997 474 161 56 allait
2206 483 243 60 sombrer
2488 496 26 54 à

461 558 225 70 jamais.
729 557 301 70 Epreuves
1070 553 421 56 bienfaisantes
1518 556 145 53 dont
1686 559 167 49 notre
1877 553 155 55 école
2073 562 439 71 contemporaine

463 642 86 51 est
577 634 174 56 sortie
777 633 134 72 plus
937 633 266 69 vivante,
1232 632 133 73 plus
1393 632 223 71 souple,
1646 633 132 71 pluà
1804 632 214 56 variée.

574 1026 284 56 Stendhal
894 1044 72 39 ne
1003 1029 185 68 parut
1225 1041 106 56 pas
1367 1023 295 58 entrevoir
1699 1042 113 53 que
1848 1023 57 56 la
1942 1022 284 74 musique,
2264 1032 155 69 après
2447 1037 65 58 les

463 1107 261 68 Italiens,
752 1124 59 38 se
839 1103 440 74 développerait
1308 1107 148 54 dans
1486 1107 155 55 deux
1666 1121 152 51 sens,
1848 1103 148 56 celui
2024 1107 71 54 de
2118 1105 58 56 la
2202 1115 310 68 symphonie

462 1194 60 52 et
572 1186 145 57 celui
769 1190 80 54 du
898 1186 207 72 poème
1154 1183 455 74 symphonique,
1662 1183 268 73 musique
1980 1203 144 54 pure
2173 1191 58 51 et
2279 1192 234 77 musique

463 1267 369 74 descriptive,
857 1272 60 51 et
971 1285 113 53 que
1133 1266 58 55 la
1243 1265 197 57 fusion
1492 1269 100 53 des
1644 1270 155 53 deux
1850 1283 203 55 genres
2103 1272 407 63 renouvellerait

462 1350 453 71 complètement
937 1347 376 71 l'esthétique
1338 1346 308 57 théâtrale.
1674 1347 87 55 De
1785 1364 107 37 son
1916 1352 212 66 temps,
2147 1355 282 68 pourtant,
2452 1376 58 39 on

461 1429 189 73 jouait
678 1429 136 69 déjà
834 1429 53 54 le
912 1427 341 70 Freyschûtz
1277 1429 71 53 de
1375 1429 231 67 Weber,
1634 1426 150 57 rival
1811 1430 71 53 de
1910 1426 250 57 Rossini.
2188 1429 142 55 Mais
2352 1450 57 40 ce
2430 1440 82 67 qui

463 1511 281 70 empêcha
785 1509 285 57 Stendhal
1115 1511 71 53 de
1228 1511 382 67 comprendre
1649 1509 54 57 le
1745 1509 210 54 maître
1997 1507 309 71 allemand,
2345 1530 56 40 ce
2438 1516 71 57 fut

462 1592 51 56 le
553 1591 176 69 culte,
757 1591 167 55 outré
962 1590 240 72 jusqu'à
1239 1589 60 54 la
1338 1589 404 71 superstition,
1776 1589 145 71 qu'il
1959 1589 306 71 professait
2302 1611 135 54 pour
2466 1597 44 58 la

463 1671 139 57 voix
625 1670 297 57 humaine.
950 1671 364 55 L'orchestre
1342 1669 126 55 doit
1493 1688 61 36 se
1580 1670 153 54 tenir
1756 1688 144 36 avec
1926 1669 107 55 elle
2060 1672 146 54 dans
2235 1671 79 56 les
2334 1675 176 57 bornes

463 1752 176 58 d'une
677 1754 264 53 modeste
978 1747 428 57 conversation.
1446 1749 174 55 Aussi
1658 1750 344 56 Beethoven
2024 1749 259 69 l'effraie,
2320 1754 189 58 Mozart

461 1834 81 56 lui
570 1835 194 71 paraît
801 1836 252 54 souvent
1089 1831 334 71 surchargé,
1447 1830 53 57 le
1545 1832 235 55 Rossini
1820 1831 71 56 de
1919 1831 58 55 la
2011 1835 247 53 seconde
2291 1838 218 55 manière

459 1933 74 37 en
558 1914 345 70 décadence,
928 1918 60 50 et
1023 1914 242 72 Haydn,
1289 1911 53 56 le
1364 1912 119 59 bon
1506 1912 225 73 Haydn
1762 1911 319 71 lui-même,
2108 1915 142 55 dont
2270 1915 78 55 les
2364 1916 148 57 vieux

465 1999 294 52 amateurs
805 1998 317 53 savourent
1166 1994 83 54 les
1294 1998 287 67 quatuors
1624 1992 290 73 simplets,
1962 1994 254 54 obscurs.
2241 2014 22 29 «
2287 1996 223 74 Quelque

463 2095 22 31 «
525 2074 290 58 médiocre
854 2094 115 53 que
1009 2074 113 56 soit
1160 2074 54 56 le
1253 2076 306 68 chanteur,
1602 2074 174 70 dit-il,
1820 2076 204 69 quand
2061 2075 39 53 il
2141 2081 85 50 est
2265 2095 68 37 en
2375 2079 134 56 scène

463 2177 23 29 «
525 2161 135 51 tout
688 2156 126 56 doit
830 2156 82 55 lui
929 2155 160 56 obéir
1107 2160 59 51 et
1182 2154 55 57 le
1252 2154 213 71 suivre,
1486 2174 118 37 non
1620 2173 108 53 pas
1746 2156 366 54 assurément
2129 2174 106 52 par
2253 2156 255 57 déférence

463 2255 148 54 pour
635 2255 64 37 sa
722 2254 305 55 personne,
1058 2235 147 55 mais
1229 2253 107 53 par
1359 2241 229 66 respect
1611 2255 151 52 pour
1783 2235 239 57 l'oreille
2046 2239 81 53 du
2150 2241 324 66 spectateur.
2494 2262 16 28 »

465 2318 50 54 Il
534 2335 60 38 se
612 2316 190 73 plaint
821 2334 115 53 que
953 2315 194 56 l'abus
1168 2318 70 53 de
1256 2315 58 53 la
1334 2315 352 74 symphonie
1705 2316 144 71 gêne
1867 2318 57 53 la
1943 2315 207 57 liberté
2171 2319 77 53 du
2265 2318 244 55 chanteur

463 2403 60 52 et
562 2396 235 74 l'oblige
842 2398 34 53 à
918 2396 194 55 suivre
1153 2396 58 54 la
1256 2414 246 38 mesure.
1547 2399 162 53 Avec
1754 2398 135 72 quel
1929 2396 236 73 lyrisme
2208 2396 300 59 célèbre-t-il

461 2479 85 56 les
732 2478 275 68 fioritures,
1008 2476 22 57 les
1698 2476 148 54 scale
2099 2476 225 56 brillate
1543 2484 61 49 et
1652 2478 84 57 les
2198 2480 76 53 du
2323 2483 185 50 castrat

463 2558 196 57 Veluti
685 2560 11 53 !
734 2560 217 73 Quand
984 2575 62 37 ce
1084 2559 287 53 chanteur
1402 2558 250 55 termine
1685 2577 107 38 son
1825 2560 89 55 air
1945 2578 98 37 sur
2076 2578 112 37 une
2218 2560 148 73 large
2395 2563 112 50 note

462 2645 306 64 soutenue,
810 2660 22 28 «
854 2640 41 53 il
934 2644 89 51 est
1061 2638 357 73 impossible,
1463 2639 231 74 d'après
1733 2641 308 69 Stendhal,
2081 2640 212 74 qu'une
2328 2640 179 55 femme

462 2739 22 29 «
525 2719 101 75 qui
663 2720 149 57 aime
848 2719 202 57 résiste
1086 2720 34 53 à
1154 2737 64 38 ce
1254 2719 80 54 cri
1371 2721 82 55 du
1486 2737 162 39 cœur
1671 2742 41 34 ».
1747 2723 54 54 A
1835 2725 156 51 cette
2027 2720 343 57 admiration
2399 2735 108 38 sans

461 2801 228 69 bornes,
745 2801 40 54 il
837 2819 39 54 y
928 2819 34 37 a
1017 2804 155 55 deux
1224 2818 222 52 causes,
1498 2800 160 59 l'une
1712 2801 143 74 qu'il
1912 2801 431 68 reconnaissait,
2391 2799 116 56 c'est

459 2879 479 75 l'incomparable
992 2881 215 58 beauté
1265 2884 71 53 de
1388 2880 58 55 la
1501 2880 141 59 voix
1695 2881 278 58 humaine
2027 2888 58 51 et
2140 2900 62 37 sa
2243 2880 264 73 puissance

462 2963 417 70 d'expression,
920 2967 59 52 et
1017 2961 232 69 l'autre,
1293 2963 147 56 dont
1479 2960 41 57 il
1559 2981 61 38 se
1661 2964 235 56 doutait
1938 2965 34 52 à
2010 2963 186 72 peine,
2236 2955 243 78 l'impossi-

458 3041 167 56 bilité
652 3061 149 54 pour
828 3043 81 54 lui
941 3041 185 58 d'être
1157 3043 134 53 ému
1319 3061 108 53 par
1455 3062 116 37 une
1599 3044 250 57 mélodie
1878 3062 136 37 sans
2043 3043 240 72 paroles,
2312 3038 169 58 c'est-à-

462 3123 121 56 --dire
618 3141 134 38 sans
787 3121 324 58 indication
1145 3141 151 53 pour
1332 3139 105 38 son
1472 3123 388 75 imagination
1895 3129 60 50 et
1989 3143 68 36 sa
2093 3120 303 60 sensibilité
2427 3116 80 75 qui

459 3204 286 58 n'étaient
779 3222 106 54 pas
919 3222 161 38 assez
1115 3203 199 72 aiguës
1347 3222 78 37 ou
1459 3223 107 53 pas
1601 3222 161 38 assez
2132 3223 144 53 pour
2311 3200 167 56 s'aban-

461 3287 221 55 donner
716 3292 58 50 et
811 3304 60 37 se
904 3284 176 57 livrer
1115 3302 134 38 sans
1289 3284 174 74 guide
1500 3287 35 53 à
1567 3285 58 56 la
1662 3288 156 54 seule
1855 3287 247 72 emprise
2140 3288 97 54 des
2270 3298 143 41 sons.
2444 3278 64 54 Et

459 3365 157 55 voilà
666 3365 387 73 précisément
1103 3367 54 54 le
1210 3365 169 73 point
1432 3365 179 57 faible
1666 3370 80 54 du
1798 3367 166 73 génie
2019 3372 71 53 de
2141 3360 286 69 Stendhal,
2471 3356 37 55 si

459 3443 228 72 vivant,
738 3448 45 53 si
830 3447 205 71 précis,
1083 3447 48 54 si
1180 3449 336 55 tourmenté
1544 3468 11 33 :
1602 3449 60 55 la
1709 3448 346 70 sécheresse,
2102 3436 406 65 l'irrémédiable

458 3530 285 66 pauvreté
777 3530 71 55 de
879 3528 57 54 la
969 3528 92 57 vie
1092 3528 307 72 profonde.

570 3608 165 58 Cette
781 3608 311 57 adoration
1135 3607 295 58 exclusive
1478 3612 71 54 de
1592 3610 59 55 la
1695 3610 141 55 voix
1881 3610 276 58 humaine
2201 3626 69 36 ne
2312 3607 193 69 permet
