2596 4107
1080 344 276 36 LUTHERIE

2166 349 97 49 417

282 492 280 56 D'autres
597 492 380 58 frottements
1014 501 136 50 sont
1185 515 187 37 venus
1408 499 249 56 achever
1693 517 64 38 ce
2082 508 60 49 et
2175 501 84 56 lui

176 575 218 55 donner
428 590 108 40 son
571 574 228 56 dernier
832 575 203 56 lustre.

284 652 78 69 Si,
407 672 148 53 pour
596 654 52 56 le
691 655 361 71 violoncelle,
1094 656 84 56 les
1220 659 193 71 places
1455 660 77 55 où
1573 660 120 55 l'on
1735 666 270 51 constate
2045 661 217 59 l'usure

174 732 390 73 s'expliquent
595 735 286 56 aisément
908 755 107 54 par
1041 736 53 56 le
1122 744 241 49 contact
1392 741 101 54 des
1510 740 228 71 jambes
1754 748 60 48 et
1831 741 82 56 les
1935 741 326 59 incursions

176 816 67 55 de
279 814 57 54 la
371 814 160 56 main
569 818 242 69 gauche,
849 816 42 55 il
925 818 136 54 n'en
1096 824 89 49 est
1222 838 108 52 pas
1366 823 72 53 de
1474 821 190 56 même
1700 823 81 54 du
1815 823 217 54 violon.

285 896 310 55 Comment
623 898 303 72 expliquer
953 899 140 54 chez
1118 899 83 56 les
1229 900 236 56 anciens
1489 901 390 56 instruments
1907 904 233 56 d'ltalie
2166 912 94 49 cet

176 978 233 53 énorme
455 978 250 71 triangle
754 979 102 71 qui
903 997 215 38 couvre
1168 981 219 70 parfois
1433 1000 249 54 presque
1706 988 136 51 tout
1888 984 53 56 le
1968 986 106 54 dos
2102 992 24 49 ?
2153 985 104 56 Ces

174 1056 191 73 places
393 1058 354 72 dépouillées
774 1078 98 37 sur
897 1060 58 55 la
982 1061 160 55 table
1171 1063 35 53 à
1230 1061 175 56 droite
1433 1068 57 49 et
1519 1065 35 52 à
1580 1064 224 71 gauche
1824 1066 79 54 du
1919 1065 341 57 tire-cordes

176 1143 54 50 et
254 1139 157 54 enfin
435 1144 156 51 cette
610 1140 385 73 dégradation
1013 1141 101 73 qui
1133 1162 76 35 va
1227 1149 250 48 souvent
1495 1144 235 71 jusqu'à
1744 1144 215 57 l'usure
1975 1148 285 70 profonde

177 1220 76 55 du
289 1219 128 54 bois
454 1238 99 38 sur
588 1221 54 55 le
680 1223 131 53 côté
850 1223 156 54 droit
1047 1225 71 55 de
1155 1224 57 55 la
1250 1225 202 55 volute
1484 1232 21 48 ?

286 1301 156 55 Pour
488 1301 165 56 avoir
699 1303 57 56 la
804 1303 111 56 clef
962 1305 72 55 de
1080 1310 156 50 cette
1281 1305 185 73 petite
1513 1307 227 71 énigme
1787 1307 40 53 il
1872 1308 166 54 suffit
2085 1310 72 55 de
2201 1327 60 38 se

174 1385 258 68 reporter
463 1400 118 36 aux
610 1388 196 67 temps
837 1384 254 56 anciens.

285 1463 91 53 En
411 1463 189 71 Italie,
633 1483 115 37 une
780 1468 220 68 grande
1030 1465 191 73 partie
1254 1468 100 54 des
1386 1467 340 55 violonistes
1759 1486 35 35 a
1827 1470 70 54 de
1916 1473 135 51 tout
2068 1474 194 69 temps

174 1544 130 70 joué
356 1562 74 38 en
479 1549 212 52 tenant
741 1545 401 57 l'instrument
1193 1549 236 71 appuyé
1483 1550 34 52 à
1566 1549 127 71 plat
1744 1567 99 37 sur
1893 1550 58 55 la
1987 1550 273 71 poitrine,

174 1641 224 40 comme
434 1643 107 37 nos
576 1628 310 54 modernes
922 1647 23 29 «
966 1627 265 73 pifferari
1255 1648 41 34 ».
1335 1629 155 55 C'est
1528 1628 150 56 ainsi
1715 1647 113 53 que
1864 1630 141 55 s'est
2040 1632 222 56 achevé

173 1704 50 56 le
260 1705 250 73 triangle
548 1709 336 55 commencé
924 1710 148 55 dans
1109 1709 59 55 la
1206 1708 199 57 caisse.
1448 1710 201 71 Quant
1704 1729 76 36 au
2096 1714 72 55 de
2205 1712 57 56 la

174 1787 174 69 table,
373 1788 34 53 à
427 1787 174 57 droite
621 1790 82 55 du
722 1788 360 72 tire-cordes,
1104 1789 42 55 il
1164 1790 132 55 faut
1316 1790 197 56 savoir
1533 1809 115 52 que
1668 1792 279 71 jusqu'au
1968 1811 252 38 commen-

173 1872 227 50 cement
450 1869 81 55 du
578 1883 116 39 XIX
694 1882 21 24 e
762 1869 190 71 siècle,
999 1869 42 55 il
1085 1870 305 56 n'existait
1437 1889 227 37 aucune
1710 1872 154 71 règle
1911 1891 151 53 pour
2107 1873 154 55 tenir

174 1947 416 58 l'instrument.
623 1952 110 54 Les
764 1969 111 39 uns
907 1952 366 72 appuyaient
1302 1953 55 56 le
1389 1957 245 51 menton
1663 1971 99 38 sur
1790 1954 60 55 la
1881 1954 190 56 droite
2102 1955 74 55 de
2205 1954 59 55 la

187 2028 177 70 table,
407 2030 260 58 d'autres
705 2049 99 37 sur
841 2032 54 56 le
934 2032 358 71 tire-cordes,
1335 2033 261 56 d'autres
1634 2034 175 69 enfin,
1848 2052 229 38 comme
2116 2052 148 37 nous

173 2109 50 56 le
256 2112 350 72 pratiquons
641 2113 396 71 aujourd'hui,
1074 2132 99 37 sur
1206 2114 54 56 le
1295 2115 130 54 côté
1461 2117 241 70 gauche.
1740 2115 87 55 La
1861 2115 404 56 mentonnière

173 2192 207 54 n'était
407 2211 108 53 pas
539 2193 277 57 inventée
845 2194 128 70 (elle
1000 2197 140 54 date
1168 2197 71 54 de
1264 2197 235 70 Spohr),
1526 2201 59 50 et
1610 2197 54 54 le
1690 2202 245 49 menton
1960 2197 301 72 marquait

174 2272 364 71 rapidement
577 2292 65 37 sa
681 2274 164 73 place
884 2293 99 37 sur
1020 2274 338 74 l'épiderme
1396 2278 206 55 tendre
1643 2278 100 55 des
1781 2277 196 54 vernis
2011 2274 251 57 italiens.

284 2353 354 71 J'ajouterai
679 2375 114 52 que
831 2357 58 54 la
929 2357 188 56 forme
1157 2358 102 55 des
1298 2357 334 56 vêtements
1673 2357 149 54 était
1862 2359 120 54 très
2024 2358 206 56 défavo-

177 2433 154 56 rable
357 2436 35 52 à
416 2434 57 56 la
500 2442 176 49 tenue
704 2438 71 53 de
799 2437 422 56 l'instrument.
1248 2437 193 70 Aussi,
1466 2437 84 56 les
1574 2437 342 56 violonistes
1944 2439 100 55 des
2069 2442 195 67 temps

176 2517 193 68 passés
400 2516 368 57 auraient-ils
798 2518 116 55 crié
948 2537 76 36 au
1056 2518 254 70 miracle,
1344 2519 119 54 s'ils
1497 2518 240 56 avaient
1753 2537 83 37 vu
1852 2537 107 37 nos
1974 2518 287 56 virtuoses

174 2597 304 53 modernes
512 2598 325 56 s'accorder
875 2601 72 53 de
982 2599 57 55 la
1076 2598 161 55 main
1274 2599 225 71 gauche
1533 2601 268 71 pendant
1836 2599 85 55 les
1955 2616 213 54 pauses
2205 2604 59 49 et

173 2674 80 56 les
289 2676 259 71 silences,
590 2696 73 37 en
703 2678 373 56 maintenant
1116 2679 125 55 leur
1279 2678 201 56 violon
1522 2681 148 54 dans
1709 2697 64 37 sa
1813 2678 278 74 position,
2115 2684 61 50 et
2194 2678 72 55 ils

174 2757 327 56 n'auraient
531 2776 107 55 pas
668 2778 83 54 pu
780 2778 74 36 en
884 2759 182 55 croire
1095 2759 155 55 leurs
1281 2778 175 54 yeux,
1489 2761 118 53 s'ils
1640 2759 238 56 avaient
1900 2761 94 53 été
2011 2758 254 56 témoins

176 2837 76 54 du
294 2838 152 71 petit
491 2844 134 50 tour
671 2842 71 53 de
787 2839 175 70 force,
1008 2839 257 55 inconnu
1310 2842 71 53 de
1427 2839 303 73 Paganini,
1790 2841 101 70 qui
1935 2839 251 56 consiste
2231 2839 35 55 à

177 2917 376 58 abandonner
604 2921 458 72 complètement
1114 2921 52 56 le
1218 2921 198 56 violon
1469 2940 148 53 pour
1668 2922 206 55 tendre
1890 2921 244 56 l'archet
2186 2938 80 39 ou

174 3001 235 53 tourner
435 3001 57 56 la
517 3018 149 55 page
695 3020 76 37 au
797 3002 273 71 pianiste,
1096 3007 60 50 et
1184 3002 36 53 à
1244 3001 145 56 faire
1415 3002 154 55 tenir
1594 3018 108 55 par
1728 3002 58 55 la
1811 3001 158 56 seule
1994 3001 265 72 pression

177 3078 77 55 du
285 3086 244 49 menton
559 3081 144 56 ledit
736 3082 199 55 violon
968 3083 148 54 dans
1146 3098 65 39 sa
1243 3081 256 72 position
1532 3081 380 54 horizontale.
1961 3082 85 53 La
2078 3098 187 55 coupe

177 3159 69 55 de
277 3178 107 37 nos
418 3162 334 55 vêtements
785 3165 308 53 modernes
1127 3162 287 55 favorisée
1447 3180 109 53 par
1590 3181 115 36 une
1739 3163 196 55 bonne
1992 3167 232 50 menton-

176 3238 167 69 nière,
388 3247 59 50 et
486 3261 83 36 un
608 3260 232 63 coussin
879 3242 329 72 sphérique,
1234 3242 165 72 placé
1438 3260 137 37 sous
1612 3242 53 55 le
1705 3260 194 38 revers
1940 3245 71 53 de
2032 3241 230 67 l'habit,

177 3321 263 57 suffisent
475 3341 150 55 pour
660 3326 204 70 opérer
897 3325 55 54 le
987 3323 254 56 miracle.

285 3402 122 55 Nos
458 3405 282 68 ancêtres,
790 3422 134 51 eux,
975 3422 114 52 que
1136 3402 371 56 faisaient-ils
1554 3421 148 55 pour
1749 3402 330 57 s'accorder
2110 3408 23 50 ?
2185 3402 81 56 Ils

182 3483 361 70 appuyaient
591 3483 58 56 la
698 3485 204 54 volute
952 3486 72 54 de
1071 3483 127 56 leur
1244 3483 200 56 violon
1493 3490 204 49 contre
1745 3502 83 37 un
1876 3483 253 70 meuble,
2180 3501 86 37 un

180 3562 252 71 pupitre,
451 3563 54 57 le
541 3567 107 53 dos
686 3567 177 55 d'une
898 3565 214 67 chaise,
1132 3570 61 50 et
1229 3582 109 55 par
1372 3582 65 37 ce
1472 3582 216 55 moyen
1710 3565 157 55 aussi
1893 3563 372 74 disgracieux

181 3656 108 53 que
317 3645 117 67 sûr,
465 3645 314 55 mettaient
808 3664 73 36 en
911 3650 381 50 mouvement
1320 3645 83 54 les
1433 3646 155 54 deux
1615 3645 274 55 chevilles
1922 3646 72 54 de
2022 3643 244 72 gauche.
