2596 4107
862 374 171 37 NOTES
1074 378 333 49 JURIDIQUES

2092 392 96 49 425

202 518 87 55 En
322 515 164 70 1888,
508 536 82 37 un
607 519 72 56 de
710 540 107 36 nos
849 523 350 61 honorables
1232 531 248 72 députés
1513 537 197 57 donna,
1740 540 52 54 le
1824 540 133 71 jour
1993 541 34 53 à
2058 560 115 37 une

107 595 337 82 proposition
472 598 71 55 de
569 599 97 70 loi,
694 618 108 55 par
827 603 250 72 laquelle
1103 608 40 53 il
1170 611 285 58 affirmait
1484 616 34 54 à
1543 617 58 56 la
1626 618 112 56 fois
1764 639 106 36 son
1885 621 283 56 immense

110 696 177 44 amour
325 696 139 52 potii
511 679 52 54 le
602 683 212 70 peuple
855 689 57 50 et
930 703 107 37 son
1075 693 255 66 protond
1368 696 215 71 mépris
1621 717 148 52 pour
1783 701 82 54 les
1881 701 294 72 principes

108 766 59 54 de
206 761 53 52 la
303 759 293 70 propriété
643 763 329 74 artistique.
1024 768 84 56 La
1152 771 79 54 loi
1277 778 282 68 proposée
1607 781 162 54 avait
1815 801 150 52 pour
2010 783 166 72 objet

108 846 33 54 d
159 846 288 64 exempter
496 842 78 53 du
620 844 300 70 paiement
969 849 101 54 des
1118 852 185 56 droits
1350 856 320 73 d'auteurs,
1721 863 148 55 dans
1917 868 134 50 tous
2097 865 83 54 les

108 941 82 38 cas
235 922 37 53 d
295 921 339 57 exécutions
682 942 78 37 ou
811 927 39 55 d
874 928 299 57 auditions
1221 936 305 71 gratuites,
1576 941 83 54 les
1707 943 243 55 sociétés
1999 945 143 56 musi-

108 1002 131 58 cales
263 1001 351 72 populaires.
644 1004 186 58 Grâce
858 1008 34 54 à
919 1009 124 69 elle,
1071 1011 136 56 l'art
1236 1016 72 53 de
1334 1015 56 57 la
1418 1020 268 72 musique
1712 1023 163 55 allait
1903 1025 122 54 être
2051 1025 98 56 vul-

108 1082 181 75 garisé,
315 1086 57 50 et
399 1086 249 67 prendre
675 1105 80 37 un
792 1106 155 37 essor
972 1092 400 58 considérable
1397 1119 14 48 ;
1438 1101 169 70 grâce
1634 1103 34 53 à
1692 1105 123 67 elle,
1843 1105 80 54 les
1951 1124 231 37 œuvres

106 1166 68 54 les
201 1163 124 71 plus
356 1164 354 58 admirables
741 1168 73 56 de
844 1187 106 37 nos
981 1175 425 69 compositeurs
1438 1180 238 57 allaient
1707 1185 319 56 désormais
2057 1186 125 55 être

107 1243 279 56 exécutées
412 1243 311 59 librement
747 1266 108 53 par
878 1249 81 56 les
983 1253 292 71 orphéons
1298 1257 82 55 les
1404 1258 131 73 plus
1543 1280 271 53 pauvres,
1827 1265 81 54 les
1918 1266 258 56 fanfares

106 1324 68 55 les
403 1324 354 59 misérables.
816 1331 110 54 Les
980 1336 426 70 compositeurs
1460 1341 222 57 étaient
1736 1345 138 54 bien
1926 1365 81 36 un
2060 1365 116 53 peu

106 1404 294 56 malmenes
450 1407 146 55 dans
642 1408 20 54 1
686 1410 207 57 affaire
921 1434 10 34 :
981 1432 77 37 on
1103 1416 84 54 les
1234 1418 342 73 dépouillait
1623 1430 135 49 tout
1804 1426 376 72 simplement

106 1484 203 82 de|leur
341 1487 153 55 droit
527 1490 40 53 d
591 1491 329 56 exécution.
954 1495 147 55 Mais
1133 1497 202 57 c'était
1367 1501 400 60 évidemment
1797 1506 58 53 là
1885 1526 81 36 un
1998 1507 183 56 détail

103 1584 118 38 sans
251 1566 367 72 importance
643 1591 14 48 ;
693 1577 59 50 et
784 1573 60 55 la
877 1576 425 74 vulgarisation
1336 1582 73 55 de
1441 1582 135 57 l'art
1609 1586 186 55 valait
1828 1587 136 55 bien
1997 1590 181 70 qu'on

103 1646 107 56 leur
258 1646 257 73 imposât
569 1670 83 35 un
705 1652 154 74 léger
914 1657 279 57 sacrifice.

202 1728 145 71 Quoi
376 1747 80 52 qu
480 1730 41 54 il
544 1750 71 35 en
639 1732 134 72 soit,
812 1741 156 51 cette
1004 1738 224 72 géniale
1264 1745 367 70 proposition
1667 1749 323 54 sommeilla
2027 1750 151 54 dans

103 1827 69 36 un
205 1808 150 70 juste
394 1812 160 53 oubli
596 1815 216 56 durant
853 1818 287 72 plusieurs
1179 1825 232 68 années,
1452 1826 278 72 jusqu'au
1810 1830 132 70 jour
1980 1831 78 53 où
2096 1849 84 35 un

105 1893 147 51 autre
276 1891 317 57 honorable
620 1896 217 72 député
864 1898 130 56 vint
1019 1901 56 55 la
1099 1902 141 56 tirer
1264 1906 71 55 de
1359 1906 245 57 l'ombre
1629 1911 77 54 où
1729 1910 107 56 elle
1858 1929 60 36 se
1928 1909 249 57 cachait.

105 1968 120 56 Plus
251 1972 193 56 habile
472 1992 114 53 que
613 1994 107 38 son
751 1980 329 71 devancier,
1110 1984 40 53 il
1178 1986 240 70 parvint
1448 2008 76 35 au
1554 2008 214 54 moyen
1796 1992 73 55 de
1896 1991 281 71 quelques

103 2051 219 68 phrases
366 2055 333 57 définitives
741 2078 99 36 sur
882 2061 57 55 la
982 2064 426 72 vulgarisation
1452 2070 72 53 de
1566 2070 136 55 l'art
1733 2076 58 50 et
1808 2071 339 56 l'adoucisse-

105 2137 142 48 ment
273 2135 99 53 des
398 2154 218 38 mœurs
642 2156 106 54 par
773 2140 57 56 la
855 2144 287 72 musique,
1170 2147 34 54 à
1230 2150 296 55 entraîner
1549 2150 52 56 le
1626 2156 138 51 vote
1791 2154 71 54 de
1886 2152 57 55 la
1968 2152 168 55 Cham-

102 2208 104 57 bre.
242 2215 466 58 Heureusement
742 2220 81 56 les
856 2222 179 56 vieux
1068 2226 308 57 messieurs
1410 2229 80 56 du
1524 2231 417 74 Luxembourg
1973 2238 202 49 surent

103 2292 210 56 résister
342 2314 76 37 au
446 2297 234 57 funeste
710 2304 451 57 entraînement.
1175 2307 186 58 Grâce
1390 2311 35 54 à
1455 2329 133 52 eux,
1612 2312 57 55 la
1686 2312 293 73 propriété
2011 2312 139 55 artis-

101 2371 146 72 tique
279 2376 332 58 demeurait
644 2380 295 58 indemne.

201 2455 338 72 Cependant
578 2467 93 49 cet
709 2465 174 54 échec
921 2485 74 37 ne
1032 2467 94 56 fut
1164 2488 108 53 pas
1310 2473 156 54 aussi
1504 2475 257 70 complet
1800 2474 143 72 qu'il
1982 2473 194 57 aurait

103 2532 68 55 dû
193 2535 18 52 1
234 2535 136 56 être.
400 2540 80 53 Le
507 2547 122 49 sort
658 2545 102 53 des
787 2546 257 56 Sociétés
1070 2550 307 56 musicales
1404 2554 332 71 populaires
1763 2554 224 56 sembla
2015 2554 135 54 telle-

102 2621 145 48 ment
294 2617 171 74 digne
515 2621 275 59 d'intérêt
840 2629 217 68 qu'une
1105 2631 375 57 commission
1527 2634 649 73 extra-parlementaire

101 2691 80 57 fut
204 2701 266 55 nommée
497 2720 150 53 pour
675 2706 228 56 étudier
929 2709 53 54 le
1009 2710 341 58 bien-fondé
1380 2715 71 53 de
1477 2715 153 55 leurs
1672 2716 325 55 doléances.
2048 2713 128 55 Elle

101 2789 49 38 se
182 2777 103 56 mit
320 2799 74 35 en
428 2790 245 65 rapport
710 2805 144 38 avec
888 2789 53 56 le
977 2791 273 71 syndicat
1288 2795 71 55 de
1394 2795 57 55 la
1486 2796 228 55 Société
1750 2798 101 54 des
1918 2798 257 53 Auteurs

101 2852 415 76 Compositeurs
546 2871 59 49 et
638 2866 277 57 Editeurs
947 2871 71 54 de
1049 2871 270 73 musique
1344 2895 13 49 ;
1390 2880 59 50 et
1481 2878 170 69 après
1682 2878 71 53 de
1782 2876 241 73 longues
2058 2874 88 57 dis-

99 2937 260 74 cussions,
386 2961 83 37 un
497 2947 212 56 accord
734 2949 93 54 fut
855 2951 207 55 conclu
1089 2970 73 37 en
1189 2972 93 36 ces
1308 2960 215 51 termes
1551 2978 13 33 :

198 3038 21 29 «
258 3020 78 56 Le
378 3022 285 73 Syndicat
708 3030 71 53 de
821 3029 56 56 la
920 3031 226 56 Société
1190 3033 101 55 des
1333 3036 256 55 Auteurs
1631 3035 436 74 Compositeurs
2110 3039 61 51 et

98 3113 19 28 ((
152 3096 265 61 Editeurs
486 3108 71 53 de
624 3110 268 72 musique
959 3114 255 54 autorise
1281 3115 80 55 les
1427 3118 243 54 sociétés
1735 3115 435 74 orphéoniques

98 3193 19 29 #
154 3179 302 75 (Chorales,
499 3186 275 74 fanfares,
820 3193 375 71 harmonies),
1235 3196 34 54 à
1308 3199 277 53 exécuter
1622 3198 80 54 les
1745 3214 315 38 morceaux
2090 3196 83 55 du

97 3271 20 31 ®
150 3260 306 71 répertoire
487 3269 70 53 de
583 3269 57 54 la
670 3270 226 56 Société
926 3271 101 57 des
1053 3275 257 56 Auteurs
1339 3278 434 71 Composieturs
1801 3283 60 51 et
1890 3276 282 56 Editeurs

97 3336 118 57 ®de
244 3344 264 72 musique
540 3348 146 57 dans
717 3356 198 51 toutes
943 3354 153 54 leurs
1127 3356 297 56 auditions
1786 3364 58 51 et

97 3431 19 30 «
149 3433 28 36 c
198 3425 296 56 est-à-dire
533 3447 72 36 ne
647 3429 267 58 donnant
953 3434 114 56 lieu
1108 3436 34 54 à
1180 3455 226 37 aucune
1447 3444 217 50 recette
1705 3438 216 57 directe
1960 3455 77 37 ou
2073 3435 60 55 in-

97 3510 19 31 «
152 3495 224 79 directe,
412 3518 363 61 moyennant
809 3532 117 35 une
955 3516 324 56 redevance
1314 3519 285 70 annuelle,
1636 3520 34 54 à
1702 3519 140 56 titre
1875 3520 71 55 de
1980 3515 190 59 droits

97 3590 23 31 <c
152 3576 308 80 d'auteurs,
493 3588 71 55 de
601 3607 28 36 1
660 3590 163 56 franc
854 3612 105 52 par
986 3596 232 56 société.
1246 3618 22 29 »

197 3660 178 74 Ainsi,
413 3666 52 56 le
501 3669 260 75 principe
797 3674 147 55 était
980 3678 360 72 sauvegardé
1369 3701 11 33 :
1419 3679 56 55 la
1510 3679 225 56 Société
1773 3682 101 54 des
1908 3680 255 54 Auteurs
