2596 4107
305 332 97 60 418

846 344 270 35 BULLETIN
1152 345 264 48 FRANÇAIS
1455 349 71 33 DE
1564 348 63 33 LA
1669 348 41 34 S.
1749 348 35 34 I.
1822 350 56 33 M.

310 494 117 72 J'ai
463 513 81 35 vu
580 513 80 35 un
695 491 203 56 Amati
935 494 267 70 superbe,
1240 513 76 35 au
1354 498 346 53 demeurant
1737 498 135 53 bien
1909 505 295 66 conservé,
2243 508 140 57 dont

307 574 57 54 la
395 575 122 53 tête
549 572 147 55 était
727 572 419 55 littéralement
1179 575 135 53 usée
1348 576 79 52 du
1461 576 128 54 côté
1624 576 153 54 droit
1810 595 107 52 par
1949 579 151 56 suite
2133 583 70 54 de
2236 593 147 52 cette

308 652 289 73 pratique.

423 732 50 54 Il
497 749 149 37 nous
670 736 152 50 reste
849 731 373 56 maintenant
1251 735 35 52 à
1310 735 195 53 savoir
1531 735 89 53 s'il
1646 741 88 49 est
1761 738 132 69 plus
1918 738 304 58 favorable
2248 744 132 60 àun

308 814 197 54 violon
545 812 182 55 d'être
766 814 275 53 accroché
1081 832 75 35 au
1194 833 150 51 mur,
1383 818 299 68 suspendu
1723 818 147 53 dans
1909 837 115 36 une
2060 820 212 59 vitrine
2311 845 66 37 ou

308 894 279 54 calfeutré
630 894 146 53 dans
816 912 114 35 une
971 894 199 54 caisse.

422 974 50 53 Il
498 979 89 49 est
614 972 136 55 bien
778 975 278 66 entendu,
1086 975 35 52 à
1146 974 189 54 moins
1364 975 385 56 d'indication
1777 979 309 68 contraire,
2115 999 109 52 que
2251 989 127 52 tout

308 1072 63 38 ce
404 1072 113 52 que
549 1070 149 37 nous
731 1054 184 53 allons
948 1054 121 54 dire
1104 1055 147 53 dans
1282 1055 57 55 la
1371 1056 151 54 suite
1555 1074 98 36 sur
1683 1058 52 54 le
1768 1058 196 54 violon
1997 1060 382 74 s'appliquera

308 1134 322 71 également
679 1134 33 52 à
756 1133 164 53 l'alto
966 1139 58 48 et
1071 1153 75 34 au
1192 1134 357 56 violoncelle.

420 1215 160 52 Vous
609 1213 156 54 est-il
795 1213 188 54 arrivé
1015 1215 370 53 d'accrocher
1414 1235 80 35 un
1524 1216 199 55 violon
1754 1237 77 34 au
1861 1235 131 37 mur
2022 1220 144 55 dans
2195 1221 51 56 le
2275 1225 103 56 but

309 1296 230 52 d'orner
582 1299 168 49 votre
795 1299 412 66 appartement
1237 1301 23 49 ?
1300 1296 134 54 Afin
1480 1299 70 52 de
1594 1298 151 69 jouir
1768 1299 131 70 plus
1932 1300 445 71 complètement

309 1376 70 54 de
406 1375 57 53 la
488 1393 114 35 vue
630 1375 141 53 d'un
799 1374 243 72 antique
1069 1394 148 51 pour
1243 1375 190 72 lequel
1458 1395 149 37 vous
1635 1397 141 37 avez
1796 1380 70 54 de
1883 1380 57 54 la
1956 1381 374 69 prédilection
2356 1393 21 47 ?

310 1456 153 55 Pour
493 1454 208 54 l'avoir
732 1454 335 56 facilement
1099 1473 135 37 sous
1264 1456 57 55 la
1353 1458 160 54 main
1546 1477 135 35 sans
1714 1459 122 56 être
1869 1460 189 71 obligé
2091 1463 70 53 de
2194 1482 186 52 passer

308 1554 105 52 par
456 1535 54 55 le
553 1534 152 72 petit
751 1535 175 56 ennui
973 1536 70 54 de
1088 1536 52 55 le
1187 1538 255 54 déballer
1488 1539 175 55 d'une
1710 1539 181 56 caisse
1937 1541 130 70 plus
2091 1561 75 35 ou
2201 1545 179 56 moins

309 1615 235 55 difficile
578 1615 35 53 à
644 1615 225 55 manier
895 1635 13 49 ;
943 1633 76 35 ou
1053 1616 176 68 enfin,
1264 1635 71 36 en
1370 1637 114 35 vue
1519 1619 71 53 de
1624 1618 57 56 la
1721 1621 412 54 conservation
2182 1625 69 52 de
2298 1643 81 38 ses

308 1695 270 73 qualités,
614 1695 169 55 sinon
818 1696 71 55 de
924 1713 105 37 son
1066 1696 409 58 amélioration
1504 1705 24 50 ?
1565 1700 160 54 Vous
1762 1719 141 36 avez
1940 1703 81 53 dû
2057 1721 323 55 remarquer

308 1776 143 72 qu'il
484 1794 61 37 se
580 1775 358 73 comportait
972 1778 290 70 toujours,
1301 1779 217 71 quelles
1570 1799 113 52 que
1720 1780 227 56 fussent
1984 1799 65 37 sa
2085 1789 207 52 nature
2326 1793 53 48 et

307 1875 105 36 son
439 1855 236 73 origine,
704 1858 70 54 de
799 1856 57 55 la
882 1856 171 70 façon
1080 1858 273 57 suivante
1382 1881 9 31 :
1422 1860 248 55 d'abord
1695 1861 40 53 il
1761 1863 233 70 perdait
2022 1864 357 71 rapidement

305 1938 253 54 l'accord
588 1955 143 37 avec
764 1939 100 53 des
896 1939 186 53 écarts
1114 1939 117 53 très
1263 1940 296 69 sensibles,
1592 1942 148 71 puis,
1776 1944 146 52 dans
1952 1962 79 35 un
2062 1945 127 54 bref
2220 1947 158 69 délai,

305 2018 82 54 les
427 2019 201 53 cordes
668 2018 298 54 sautaient
1005 2018 156 56 l'une
1204 2020 168 69 après
1411 2020 211 56 l'autre
1667 2023 146 53 dans
1853 2023 214 56 l'ordre
2109 2025 232 55 suivant
2369 2048 9 33 :

307 2096 99 70 mi,
442 2098 78 68 la,
557 2098 104 68 sol,
699 2099 77 53 ré.
818 2099 165 55 Cette
1023 2099 259 56 dernière
1321 2103 172 53 corde
1531 2102 324 57 elle-même
1894 2104 102 71 qui
2032 2124 73 36 ne
2143 2123 58 38 se
2238 2107 142 55 brise

308 2178 208 71 jamais
562 2197 98 35 sur
704 2179 81 55 les
831 2179 386 55 instruments
1264 2199 262 52 pourvus
1573 2183 70 54 de
1691 2183 230 70 caisses,
1970 2190 59 50 et
2077 2187 178 69 qu'on
2299 2194 81 48 est

308 2258 186 72 obligé
533 2260 71 55 de
642 2260 253 70 changer
931 2262 202 69 quand
1170 2262 106 54 elle
1315 2267 88 49 est
1439 2264 136 55 usée
1613 2282 107 53 par
1756 2264 52 55 le
1846 2265 115 70 jeu,
2001 2265 246 56 finissait
2283 2287 99 52 par

307 2357 58 38 se
423 2357 230 54 rompre
712 2342 34 52 à
802 2358 106 37 son
964 2345 155 50 tour.

417 2419 60 55 Si
505 2425 163 50 entre
696 2425 193 66 temps
916 2420 42 54 il
983 2438 149 37 vous
1161 2428 88 47 est
1278 2423 188 54 arrivé
1497 2424 69 55 de
1596 2424 165 70 jouer
1787 2424 422 72 l'instrument,
2241 2447 139 37 vous

304 2517 143 38 avez
482 2502 269 54 constaté
788 2500 143 71 qu'il
966 2502 147 53 était
1150 2503 230 54 devenu
1415 2504 245 56 revêche
1696 2512 60 48 et
1791 2507 356 70 réfractaire,
2184 2527 110 52 que
2327 2510 52 54 la

303 2579 325 71 quatrième
666 2583 171 53 corde
874 2582 328 71 produisait
1239 2603 81 36 un
1357 2602 106 38 son
1503 2587 71 53 de
1611 2585 268 72 ferraille,
1918 2607 113 52 que
2069 2589 83 55 les
2190 2596 188 49 autres

301 2663 266 54 tenaient
609 2663 119 54 mal
768 2663 276 70 l'accord,
1088 2669 59 50 et
1189 2667 177 68 qu'en
1405 2686 81 37 un
1528 2673 127 50 mot
1696 2667 42 54 il
1778 2668 164 56 avait
1983 2670 223 72 changé
2231 2673 33 52 à
2280 2690 98 38 son

304 2743 414 71 désavantage.
747 2744 51 53 Il
836 2762 150 38 vous
1025 2764 35 35 a
1098 2745 143 55 fallu
1278 2748 52 53 le
1368 2747 225 56 manier
1631 2768 80 37 un
1752 2749 222 56 certain
2013 2756 211 67 temps,
2245 2752 133 54 faire

303 2824 278 71 quelques
621 2843 280 54 gammes,
943 2828 275 55 exécuter
1258 2848 81 37 un
1381 2829 222 56 certain
1645 2832 245 56 nombre
1932 2834 71 54 de
2045 2833 334 72 traits,pour

301 2905 53 55 le
388 2902 265 58 chauffer
688 2923 224 38 comme
948 2926 76 37 on
1062 2908 88 55 dit
1184 2927 72 37 en
1291 2914 186 52 terme
1513 2913 70 53 de
1618 2911 226 69 métier,
1881 2918 60 50 et
1973 2912 84 56 lui
2091 2917 203 53 rendre
2327 2916 52 57 la

300 2984 290 71 limpidité
623 2987 71 53 de
726 3003 105 38 son
863 2987 213 56 timbre
1109 3007 142 37 avec
1284 3007 64 37 sa
1378 2991 223 55 facilité
1634 2994 71 54 de
1737 2992 115 70 jeu.

416 3067 410 71 L'expérience
855 3086 151 37 vous
1039 3088 33 35 a
1100 3068 149 56 donc
1273 3073 305 55 démontré
1617 3074 145 70 qu'il
1809 3076 103 67 n'y
1933 3093 35 36 a
2016 3076 121 55 rien
2161 3077 70 53 de
2253 3076 126 71 plus

303 3147 228 54 funeste
586 3166 117 35 aux
756 3147 385 57 instruments
1196 3152 34 53 à
1283 3154 202 54 cordes
1540 3172 114 52 que
1709 3153 182 56 d'être
1947 3157 242 70 exposés
2222 3154 158 65 ainsi,

303 3227 188 71 quelle
522 3246 113 53 que
667 3227 114 54 soit
812 3228 57 55 la
902 3229 346 73 disposition
1282 3234 79 54 du
1391 3233 133 56 lieu.
1545 3234 109 55 Les
1686 3241 442 64 appartements
2159 3236 223 54 habités

301 3307 80 54 les
420 3307 130 71 plus
587 3308 409 71 confortables,
1035 3313 77 52 où
1147 3312 54 54 le
1239 3312 308 75 chauffage
1585 3319 87 51 est
1711 3318 234 54 modéré
1983 3335 72 37 en
2092 3317 180 68 hiver,
2311 3316 71 53 où

301 3387 308 56 l'aération
646 3406 59 37 se
743 3389 110 55 fait
892 3410 71 35 en
1000 3397 198 49 toutes
1235 3393 241 70 saisons,
1514 3415 74 35 ne
1625 3401 136 48 sont
1796 3415 106 52 pas
1940 3398 35 52 à
2010 3397 170 55 l'abri
2218 3399 68 53 de
2321 3413 58 37 ce

303 3469 372 69 reproche;à
712 3469 130 71 plus
879 3471 151 55 forte
1067 3472 193 56 raison
1297 3474 81 56 les
1418 3474 254 55 maisons
1711 3477 202 55 dotées
1952 3479 72 54 de
2062 3477 318 55 calorifères

304 3553 57 50 et
398 3548 81 55 les
515 3548 211 56 locaux
761 3549 268 57 humides
1067 3553 146 55 dans
1249 3553 248 73 lesquels
1532 3556 53 54 le
1624 3557 257 55 désastre
1907 3558 235 55 devient
2158 3557 188 72 rapide-

304 3634 161 49 ment
503 3631 256 68 complet
795 3650 227 38 comme
1058 3651 78 37 on
1173 3634 52 56 le
1262 3653 168 37 verra
1467 3642 135 51 tout
1643 3639 34 53 à
1712 3638 239 56 l'heure.
1994 3641 270 54 Pendant
2299 3638 78 54 les
