2596 4107
2128 338 94 61 465

1057 347 67 36 LE
1161 346 130 37 MOIS

137 508 126 43 sans
291 490 53 56 le
374 489 240 73 lyrisme
646 498 61 50 et
738 493 402 74 l'expression.
1176 497 131 56 Ceci
1338 503 91 50 est
1468 498 49 55 si
1548 498 235 57 naturel
1831 504 61 51 et
1924 501 148 68 vrai,
2107 518 114 54 que

137 576 216 67 chaque
391 570 133 72 fois,
566 589 153 39 nous
759 573 210 58 dûmes
1007 583 173 51 notre
1218 578 137 72 plus
1393 579 185 57 haute
1618 578 264 58 émotion
1924 600 76 35 au
2042 581 150 55 senti-

136 658 152 56 ment
320 650 456 74 profondément
809 657 301 72 mystique
1143 658 73 57 de
1247 658 137 58 Mlle
1416 659 181 59 Marie
1633 661 279 75 Philippi,
1948 661 72 57 de
2056 662 163 70 Bâle,

133 733 285 61 contralto
448 733 243 74 unique,
722 737 146 72 qu'il
898 738 133 57 faut
1063 739 165 56 avoir
1257 742 244 56 écoutée
1533 742 150 57 dans
1711 743 54 56 le
1798 743 117 57 duo

136 813 231 60 ricordia
418 813 81 58 du
545 817 351 71 Magnificat
899 865 14 24 ,
962 819 131 56 l'air
1143 821 72 57 de
1262 822 59 56 la
1371 828 243 51 cantate
1669 824 320 72 Vergnûgte
2058 824 157 66 Ruh,

134 902 75 55 les
366 896 301 57 Geistliche
1042 898 204 56 Lieder
824 906 61 51 et
924 907 238 51 surtout
1622 904 71 56 de
1730 906 58 54 la
2056 924 74 38 en
2170 907 52 53 si

136 982 213 56 mineur
352 1025 15 24 ,
397 996 151 55 pour
580 984 386 69 comprendre
995 1002 67 38 ce
1091 1002 115 54 que
1234 991 148 66 peut
1412 986 125 56 être
1563 986 60 56 la
1652 987 291 72 musique,
1976 988 142 56 celle
2149 987 72 57 de

137 1062 173 70 Bach,
341 1062 36 53 à
405 1066 236 52 travers
670 1063 178 57 l'âme
880 1063 179 57 d'une
1088 1066 222 71 grande
1341 1067 226 56 artiste.
1629 1068 78 54 M.
1741 1068 224 73 George
1995 1068 226 57 Walter

136 1148 78 52 est
255 1141 273 72 toujours
569 1142 428 75 l'Evangéliste
1037 1147 158 69 ému,
1238 1148 213 55 maître
1496 1147 176 57 d'une
1719 1148 224 57 diction
1985 1151 132 56 sûre
2160 1155 61 50 et

136 1224 138 58 dont
302 1223 58 56 la
388 1222 144 56 voix
560 1224 207 73 souple
795 1246 231 37 nuance
1056 1228 36 54 à
1120 1228 239 56 souhait
1385 1230 87 54 les
1497 1228 179 56 récits
1707 1230 72 55 de
1806 1231 57 54 la

137 1306 199 72 auprès
366 1303 72 57 de
465 1306 105 70 lui,
602 1307 77 55 M.
714 1307 224 58 Gérard
966 1310 296 69 Zalsman,
1294 1310 462 71 d'Amsterdam,
1787 1312 94 55 fut
1911 1332 81 36 un
2024 1313 196 55 Christ

134 1385 246 76 profond
409 1385 269 59 d'accent
711 1388 184 71 divin,
928 1409 122 38 non
1078 1391 193 56 moins
1300 1393 292 55 touchant
1625 1391 150 57 dans
1802 1392 161 56 l'Ode
1991 1393 231 69 funèbre

134 1475 56 50 et
230 1468 58 56 la
331 1476 245 49 cantate
1125 1470 201 71 Voyez,
1617 1490 146 35 nous
1901 1477 127 51 monton
2029 1473 119 56 dont
2149 1473 74 56 l'air

137 1550 149 67 final,
347 1570 22 29 «
405 1552 292 73 empreint
736 1552 178 57 d'une
950 1555 253 56 sérénité
1237 1555 283 56 ineffable
1557 1576 40 47 »,
1637 1555 203 71 reçoit,
1878 1575 74 36 en
1986 1556 203 56 conclu-

133 1632 141 69 sion,
291 1631 54 57 le
363 1633 427 58 commentaire
810 1633 178 59 d'une
1003 1654 151 54 page
1172 1636 366 57 orchestrale
1556 1636 240 72 unique.

242 1712 165 59 Mlles
441 1713 186 58 Cécile
660 1715 240 71 Valnor,
936 1715 72 58 de
1040 1717 255 70 Genève,
1333 1719 73 53 R.
1439 1735 120 39 von
1591 1717 229 70 Ghben,
1855 1719 71 54 de
1959 1719 263 55 Londres

137 1800 52 49 et
221 1795 133 57 Mlle
386 1795 366 72 Magdeleine
785 1797 176 56 Trelli
994 1804 136 50 sont
1166 1797 103 57 des
1300 1799 240 72 soprani
1573 1797 73 57 de
1675 1799 225 68 valeur,
1935 1799 286 71 auxquels

136 1875 143 57 n'est
307 1894 108 54 pas
442 1876 279 57 inférieur
745 1877 56 57 le
829 1879 295 55 contralto
1154 1879 73 57 de
1253 1881 158 55 Mme
1439 1877 72 59 de
1539 1877 579 73 Haan-Manifarges,
2150 1879 71 55 de

140 1956 367 58 Rotterdam.
534 1959 228 55 Artiste
787 1960 421 72 expérimenté,
1238 1962 79 54 M.
1345 1961 205 55 Anton
1578 1960 300 68 Kohman,
1909 1960 71 54 de
2008 1961 179 53 Franc-

138 2036 129 72 fort,
317 2039 248 57 observe
613 2060 83 36 un
745 2041 154 71 style
949 2059 114 53 que
1112 2059 108 38 nos
1270 2042 319 55 chanteurs
1637 2040 141 56 MM.
1831 2040 389 70 Plamondon,

137 2117 112 71 Jan
287 2119 194 57 Reder
517 2126 61 51 et
614 2124 191 70 Mary,
843 2140 99 37 sur
980 2122 102 73 qui
1119 2122 124 58 rien
1279 2124 152 56 n'est
1470 2124 36 53 à
1542 2122 141 70 dire,
1722 2121 395 69 connaissent,
2156 2140 65 37 ce

138 2199 137 58 dont
322 2219 79 38 on
444 2201 85 57 les
574 2202 140 56 loua
759 2204 470 57 unanimement.

241 2284 61 54 Si
324 2282 56 73 je
401 2285 347 57 mentionne
769 2284 54 57 le
846 2286 200 55 succès
1069 2285 403 56 considérable
1496 2303 114 54 que
1632 2285 53 56 le
1712 2285 263 55 Concerto
1996 2282 224 70 italien,

138 2362 127 72 joué
294 2383 78 37 au
402 2365 282 70 clavecin,
715 2366 173 56 valut
919 2367 36 54 à
983 2366 157 56 Mme
1169 2366 234 57 Wanda
1432 2366 393 68 Landowska,
1855 2364 277 56 brillante
2161 2369 60 51 et

136 2445 344 72 expressive,
519 2453 60 50 et
618 2448 102 72 qui
759 2446 109 57 dut
907 2448 290 72 répondre
1236 2449 35 53 à
1307 2446 484 57 l'enthousiasme
1826 2464 108 53 par
1970 2445 221 55 l'exécu-

137 2526 118 56 tion
289 2526 177 57 d'une
498 2529 275 57 nouvelle
805 2529 165 72 pièce
989 2550 24 49 ,;
1048 2529 148 57 celui
1230 2528 73 57 de
1336 2530 141 55 MM.
1514 2526 202 57 Widor
1749 2533 59 50 et
1841 2526 207 55 Albert
2083 2525 105 56 Sch-

134 2609 244 71 weitzer,
418 2610 35 55 à
485 2610 241 74 l'orgue,
766 2629 137 38 sans
936 2616 255 51 omettre
1225 2610 357 56 l'exécution
1617 2608 240 74 précise,
1895 2625 137 37 sans
2066 2606 125 56 lour-

140 2690 154 70 deur,
330 2691 81 57 du
446 2707 33 39 2
481 2703 22 25 e
950 2691 264 56 Concerto
1548 2691 348 56 brandebour
1901 2691 150 71 geois
1374 2710 72 36 en
1575 2707 163 52 avec,
1777 2705 227 38 comme
2037 2693 148 49 trom-

138 2776 177 66 pette,
354 2773 59 54 la
449 2775 121 54 très
609 2774 345 72 acceptable
997 2774 308 56 clarinette
1345 2771 71 58 de
1455 2774 78 53 M.
1573 2771 240 56 Mimart
1962 2773 58 50 et
2060 2768 161 69 celle,

138 2853 301 72 rarissime;,
471 2854 81 57 du
1040 2856 265 56 Concerto
1627 2862 150 66 pour
1055 2872 37 53 4
2111 2855 112 71 pian
1363 2854 256 70 (d'après
1648 2850 258 69 Vivaldi)
1940 2849 102 71 qui
2071 2867 150 38 nous

137 2933 62 56 fit
233 2938 303 54 connaître
571 2938 102 56 des
707 2936 287 56 sonorités
1026 2935 302 56 nouvelles
1363 2934 149 56 dans
1545 2952 80 37 un
1660 2931 284 73 équilibre
1976 2929 244 72 parfait,

140 3013 204 70 j'aurai
386 3023 138 49 tout
571 3018 88 54 dit
707 3016 71 58 de
824 3036 95 38 ces
961 3016 422 56 intéressantes
1426 3013 301 57 auditions
1771 3013 177 54 d'une
1994 3010 226 55 Société

141 3095 113 70 qui,
286 3098 198 57 mieux
514 3099 197 69 assise,
745 3099 150 56 dans
923 3099 57 53 la
1012 3098 164 56 vraie
1206 3096 140 55 salle
1375 3095 78 56 où
1483 3094 236 72 s'éploie
1749 3113 82 37 un
1862 3094 202 53 chœur
2093 3109 96 37 ren-

141 3175 148 59 forcé
315 3187 58 50 et
402 3199 73 37 en
500 3182 258 71 progrès,
787 3197 150 39 nous
962 3197 252 53 propose
1242 3176 103 58 des
1369 3175 231 56 solistes
1627 3174 146 57 dont
1802 3173 420 72 quelques-uns

142 3255 297 64 devraient
470 3262 199 54 suffire
700 3263 35 52 à
764 3260 482 71 l'enseignement
1279 3256 72 58 de
1380 3274 110 38 nos
1520 3258 335 66 chanteurs,
1886 3273 73 36 en
1989 3253 233 71 général

138 3338 361 76 déplorables
656 3345 230 55 réserve
928 3342 146 55 faite
1119 3340 101 57 des
1266 3338 343 72 exceptions
1764 3334 269 74 lesquels,
2078 3352 143 38 avec

142 3437 74 39 un
245 3441 115 54 peu
392 3423 73 57 de
495 3424 121 56 bon
649 3442 151 51 sens,
833 3422 406 57 trouveraient
1270 3420 76 69 là,
1380 3438 78 36 au
1490 3418 116 56 lieu
1639 3417 144 57 d'un
1815 3417 156 69 sujet
2003 3415 36 54 à
2067 3414 124 55 riva-

140 3498 125 61 lités
300 3512 262 66 gagnant
598 3505 85 56 les
719 3505 391 69 institutions,
1148 3500 310 71 l'exemple
1496 3499 155 56 d'art
1690 3500 34 52 à
1760 3498 194 54 suivre
1991 3502 60 49 et
2090 3513 99 37 sou-

142 3579 254 64 haitable
442 3604 152 54 pour
639 3587 124 54 leur
809 3587 120 54 bon
975 3602 222 39 renom.

1468 3662 599 51 Albert
2067 3662 2 51 Trotrot.
