2596 4107
393 379 94 48 454

923 379 266 34 BULLETIN
1225 379 263 48 FRANÇAIS
1526 377 70 36 DE
1632 379 64 34 LA
1737 379 39 34 S.
1817 380 30 33 I.
1889 383 52 33 M.

395 531 70 54 de
501 526 341 57 distinction
869 548 14 47 ;
917 527 124 55 cela
1074 534 88 49 est
1197 529 153 54 senti
1386 530 403 66 directement,
1828 530 71 53 de
1931 530 120 53 très
2085 531 118 55 bon
2236 536 138 68 goût
2406 549 52 47 et

393 625 136 38 sans
564 613 162 49 trace
764 607 71 54 de
869 607 84 72 pli
986 609 439 70 professionnel.
1462 609 290 56 L'accueil
1790 610 79 53 du
1904 610 198 71 public
2138 611 93 55 fut
2266 619 128 53 tout
2430 624 29 52 à

392 689 110 52 fait
541 686 437 73 sympathique.
999 686 118 57 Des
1157 690 154 53 deux
1350 689 116 56 airs
1505 693 72 53 de
2224 693 154 58 bissa
2412 700 46 56 le

392 770 233 66 second,
674 785 113 54 que
831 767 250 56 termine
1126 789 115 36 une
1286 773 254 53 cadence
1583 789 81 38 un
1710 788 115 53 peu
1872 770 135 56 bien
2053 771 209 57 banale
2289 797 13 45 ;
2347 794 111 42 mes

392 847 362 72 préférences
779 847 237 56 allaient
1043 868 76 37 au
1143 850 251 71 premier
1419 851 141 55 d'un
1585 851 295 55 caractère
1897 851 120 54 très
2031 853 424 62 schumannien.

394 927 48 54 Il
467 943 40 54 y
534 927 162 55 avait
722 927 303 56 harmonie
1049 929 254 71 parfaite
1328 936 165 50 entre
1517 931 57 55 la
1599 930 271 71 musique
1895 935 60 51 et
1980 948 106 38 son
2111 930 310 75 interprète
2445 963 9 32 :

393 1027 99 36 car
519 1007 123 56 rien
671 1027 74 36 ne
774 1009 311 54 ressemble
1114 1010 192 55 moins
1336 1011 35 54 à
1401 1029 64 37 ce
1495 1013 179 71 qu'on
1707 1011 228 73 appelle
1964 1030 82 36 un
2078 1011 87 55 air
2194 1014 227 71 d'opéra
2444 1044 11 46 ;

392 1089 142 54 c'est
563 1088 197 71 plutôt
792 1091 71 54 de
889 1089 58 54 la
977 1090 269 71 musique
1277 1093 71 53 de
1377 1091 278 56 chambre
1682 1114 13 47 ;
1726 1110 80 37 un
1837 1091 317 56 sentiment
2172 1095 281 74 poétique,

389 1169 224 68 intime,
647 1169 411 56 discrètement
1104 1173 138 53 noté
1287 1189 100 38 sur
1430 1173 281 71 quelques
1757 1173 222 57 dessins
2031 1173 426 64 d'instruments

389 1255 252 50 souvent
680 1250 207 56 traités
924 1269 72 37 en
1037 1251 139 55 solo.
1225 1253 105 54 Ces
1367 1254 246 54 touches
1650 1253 217 72 légères
1905 1254 290 54 semblent
2233 1274 79 37 un
2355 1277 102 52 peu

388 1331 249 70 perdues
676 1350 75 36 au
792 1331 196 56 milieu
1029 1334 71 53 de
1140 1350 63 37 ce
1242 1333 270 71 puissant
1551 1335 314 67 orchestre,
1908 1336 147 54 dans
2093 1334 52 54 le
2191 1339 167 55 cadre
2394 1344 63 53 de

390 1415 157 50 cette
586 1416 169 50 vaste
793 1413 159 54 salle.
997 1413 49 52 Il
1085 1413 211 56 faudra
1335 1414 127 55 voir
1503 1433 93 36 ces
1634 1415 363 55 tableautins
2035 1434 71 36 en
2147 1416 162 70 place
2352 1438 103 38 aux

389 1489 137 57 feux
569 1493 72 53 de
679 1491 58 55 la
776 1510 220 54 rampe.

501 1573 85 54 La
609 1573 284 56 véritable
908 1574 258 71 primeur
1189 1575 147 55 était
1359 1576 57 54 la
2078 1580 71 54 de
2173 1579 75 53 M.
2270 1580 183 59 Ravel.

390 1653 216 54 Œuvre
644 1653 121 53 très
802 1654 242 69 colorée,
1085 1655 119 54 très
1244 1663 329 62 amusante;
1612 1656 41 55 il
1691 1658 220 54 semble
1951 1677 113 53 que
2102 1658 247 57 l'auteur
2383 1664 71 55 ait

389 1733 253 71 compris
665 1733 315 73 l'Espagne
1004 1735 198 71 plutôt
1227 1754 71 37 en
1324 1738 266 54 couleurs
1616 1757 79 54 qu
1719 1758 72 36 en
1817 1739 285 71 rythmes,
2137 1758 75 37 au
2236 1740 219 59 rebours

389 1815 71 54 de
492 1813 276 57 Chabrier
801 1816 146 54 dans
977 1833 65 37 sa
1072 1815 224 57 célèbre
1328 1816 177 73 pièce.
1526 1819 110 55 Les
1667 1819 431 56 combinaisons
2131 1822 70 54 de
2233 1820 222 59 timbres

387 1894 82 55 les
505 1894 133 71 plus
674 1895 370 56 recherchées
1079 1902 256 50 mettent
1372 1917 72 37 en
1481 1899 116 71 joie
1632 1918 115 37 une
1784 1900 191 71 partie
2013 1902 102 53 des
2152 1900 301 74 auditeurs,

388 1980 59 49 et
491 1993 72 36 en
607 1977 415 55 déconcertent
1066 1978 437 72 quelques-uns.
1550 1982 85 53 La
1677 1982 284 69 première
1994 1982 210 71 partie,

403 2054 34 53 à
549 2055 56 54 la
727 2055 71 69 nuit,
799 2055 160 73 impose
995 2074 142 38 avec
1170 2076 118 38 une
1321 2059 316 56 insistance
1673 2062 324 54 obsédante
2032 2079 107 38 son
2176 2064 185 55 dessin
2394 2067 60 53 de

388 2142 209 64 quatre
623 2142 188 64 notes,
839 2156 100 36 sur
961 2138 85 54 les
1071 2140 202 70 degrés
1300 2140 391 57 descendants
1717 2143 177 54 d'une
1921 2149 210 65 quarte
2159 2143 293 57 diminuée.

387 2215 166 55 Dans
583 2217 59 53 la
676 2219 268 67 seconde,
961 2219 119 53 très
1115 2224 202 50 courte
1352 2225 59 50 et
1447 2220 102 71 qui
1583 2222 93 54 fut
1710 2222 206 69 bissée,
1954 2224 400 71 apparaissent
2384 2225 71 58 les

387 2295 350 57 inévitables
776 2304 402 67 castagnettes
1217 2317 136 38 sans
1392 2300 324 73 lesquelles,
1759 2303 247 57 n'est-ce
2044 2322 128 55 pas,
2213 2323 145 38 vous
2392 2326 62 37 ne

385 2377 235 55 croiriez
670 2378 212 71 jamais
931 2379 122 56 être
1104 2399 71 37 en
1226 2380 292 74 Espagne.
1571 2384 168 55 Cette
1790 2385 306 56 deuxième
2144 2385 188 72 partie
2377 2393 76 48 est

384 2457 270 55 intitulée
690 2460 382 71 Malaguena,
1110 2467 58 49 et
1203 2462 55 54 le
1291 2481 373 53 programme
1700 2483 148 37 nous
1883 2467 193 54 révèle
2111 2485 114 53 que
2257 2467 52 56 le
2342 2473 110 50 mot

384 2538 223 72 signifie
634 2558 71 36 en
731 2540 279 72 espagnol
1039 2562 9 33 :
1077 2542 309 57 Sérénade.
1415 2544 85 56 La
1526 2545 263 56 curieuse
1811 2547 214 71 langue
2051 2566 115 52 que
2191 2566 62 37 ce
2279 2554 171 50 turc...

384 2636 138 52 non,
550 2637 113 53 que
689 2625 91 49 cet
807 2622 278 71 espagnol
1113 2624 10 52 !
1154 2623 223 56 Faut-il
1401 2625 183 55 croire
1608 2645 115 52 que
1745 2627 54 54 le
1823 2627 103 56 vin
1954 2629 70 55 de
2050 2628 230 72 Malaga
2303 2633 150 66 porte

384 2717 118 38 aux
529 2702 307 54 sérénades
863 2708 58 48 et
948 2703 113 55 tire
1089 2705 72 54 de
1185 2704 59 55 là
1269 2722 106 38 son
1401 2712 173 51 nom?
1601 2707 177 57 Vient
1796 2709 229 55 ensuite
2040 2728 116 37 une
2173 2711 279 53 habanera

388 2782 96 66 (on
531 2798 73 36 ne
651 2799 148 39 nous
846 2782 226 56 dévoile
1117 2802 109 53 pas
1269 2784 55 55 le
1369 2803 133 38 sens
1549 2788 71 53 de
1667 2806 64 37 ce
1777 2789 245 55 vocable
2051 2811 11 32 :
2111 2791 142 54 c'est
2333 2789 119 57 bien

385 2862 310 71 dommage
723 2863 36 67 !)
802 2863 101 72 qui
942 2882 73 37 ne
1053 2867 313 54 ressemble
1405 2867 170 72 point
1617 2871 79 54 du
1737 2876 133 49 tout
1911 2872 35 52 à
1984 2872 172 54 celles
2194 2872 71 54 de
2303 2871 147 55 Bizet

383 2958 77 38 ou
501 2943 71 53 de
610 2944 76 52 M.
727 2943 279 71 Laparra,
1047 2946 149 54 mais
1232 2947 121 71 qui,
1394 2967 143 37 avec
1574 2967 107 37 son
1717 2951 233 54 obstiné
1988 2953 69 53 do
2095 2951 147 57 dièse
2247 2998 13 22 ,
2298 2949 152 56 ferait

383 3022 198 70 plutôt
632 3041 207 53 penser
891 3026 33 53 à
973 3026 57 54 la
1084 3027 306 56 deuxième
1442 3031 101 53 des
1946 3033 72 55 de
2071 3034 76 52 M.
2200 3033 252 69 Debussy

387 3103 217 67 (Soirée
642 3106 147 53 dans
828 3106 313 69 Grenade),
1180 3108 47 53 si
1268 3108 295 57 d'ailleurs
1601 3130 75 35 on
1714 3131 72 35 ne
1824 3131 149 37 nous
2012 3113 306 73 apprenait
2354 3130 98 53 que

383 3188 156 50 cette
563 3186 301 55 habanera
888 3187 93 54 fut
1006 3188 178 55 écrite
1211 3189 101 55 dès
1339 3191 141 71 1895
1508 3210 150 53 pour
1683 3194 155 54 deux
1862 3192 229 72 pianos,
2118 3201 58 48 et
2200 3193 252 74 produite

383 3282 71 37 en
473 3266 199 69 public
691 3285 73 36 en
788 3266 161 72 1898.
964 3268 85 55 La
1066 3268 147 70 feria
1232 3269 101 74 qui
1350 3272 252 56 termine
1621 3273 58 55 la
1697 3274 274 70 rapsodie
1991 3282 88 48 est
2096 3295 82 35 un
2201 3290 251 40 morceau

380 3344 308 74 beaucoup
736 3348 132 70 plus
917 3348 323 74 développé
1289 3370 115 54 que
1450 3352 83 56 les
1579 3356 348 70 précédents
1975 3361 60 51 et
2085 3376 114 53 que
2246 3357 54 70 je
2345 3354 105 55 leur

381 3426 243 71 préfère,
658 3433 216 50 autant
908 3429 144 72 qu'il
1084 3436 90 49 est
1206 3432 219 70 permis
1458 3434 72 55 de
1563 3436 191 70 parler
1787 3436 148 54 ainsi
1969 3440 169 68 après
2171 3456 112 37 une
2314 3433 135 56 seule

381 3506 268 55 audition
677 3528 13 47 ;
724 3507 107 56 elle
848 3514 87 49 est
967 3516 169 49 toute
1154 3512 350 71 grouillante
1528 3514 409 58 d'animation.
1958 3518 81 55 Le
2063 3517 386 67 kaléidoscope

383 3587 71 53 de
486 3589 288 54 sonorités
804 3591 196 54 manié
1034 3593 374 56 dextrement
1439 3614 108 52 par
1582 3597 76 52 M.
1696 3597 188 56 Ravel
1916 3616 42 53 y
1987 3605 213 49 tourne
2231 3617 71 37 en
2332 3603 117 47 tous

381 3683 146 54 sens,
564 3687 75 36 on
672 3687 336 40 commence
1041 3673 34 52 à
1105 3691 71 36 en
1209 3674 122 55 être
1364 3674 213 56 ébloui.
1612 3677 109 55 Les
1752 3677 246 57 timbres
2031 3682 71 53 de
2131 3680 315 55 l'orchestre
