2524 3281
958 384 34 28 11.

622 458 61 28 AN
705 456 231 29 FREIHERRN
958 455 63 28 DR.
1042 454 95 28 VON
1160 453 130 28 STEIN.

1113 536 166 30 Dezember
1301 537 66 27 1882..

601 614 97 34 Aber,
725 613 90 28 lieber
836 612 78 28 Herr
935 611 133 33 Doctor,
1095 608 44 29 Sie
1160 609 102 28 hätten
1284 608 54 27 mir
1359 616 48 29 gar

542 660 81 29 nicht
645 659 126 29 schöner
793 665 169 20 antworten
982 655 120 30 können
1124 654 38 28 als
1182 653 46 29 Sie
1250 663 29 18 es
1301 652 105 39 gethan

542 706 96 29 haben
661 722 32 4 —
719 703 93 29 durch
832 701 238 37 Uebersendung
1091 700 82 29 Ihrer
1194 700 112 37 Bogen.
1347 699 59 27 Das

540 751 60 29 traf
618 749 179 40 glücklich
822 749 180 28 zusammen!
1044 746 72 29 Und
1142 746 46 27 bei
1209 746 75 27 allen
1306 753 100 20 ersten

540 798 220 36 Begegnungen
782 794 83 29 sollte
887 802 30 20 es
936 792 48 29 ein
999 802 32 19 so
1048 801 82 29 gutes

540 843 107 37 geben!

595 886 47 37 Ja,
673 886 44 28 Sie
743 884 66 30 sind
834 885 49 29 ein
909 884 134 29 Dichter!
1085 884 59 27 Das
1170 882 148 40 empfinde
1344 881 60 30 ich:

540 933 46 28 die
609 930 127 37 Affekte,
757 931 45 29 ihr
822 930 153 36 Wechsel,
997 930 81 29 nicht
1099 939 46 19 am
1166 928 165 39 wenigsten
1353 928 52 28 der

540 978 149 29 seenische
710 978 133 38 Apparat
862 994 39 3 —
922 977 49 28 das
993 976 38 29 ist
1052 975 131 30 wirksam
1203 974 62 29 und
1286 973 98 38 glaub-

542 1023 137 39 würdig
703 1023 128 38 (worauf
849 1023 79 28 Alles
951 1022 174 36 ankommt!)

599 1070 72 28 Was
687 1069 46 29 die
925 1066 111 30 betrifft
1048 1084 39 4 —
1102 1076 70 24 nun,
1191 1066 53 28 wir
1259 1065 145 40 sprechen

539 1125 169 19 zusammen
727 1115 76 28 über
824 1114 46 29 die
887 1113 131 40 Sprache,
1040 1121 87 18 wenn
1149 1111 53 28 wir
1224 1121 53 18 uns
1300 1110 103 28 einmal

540 1161 103 29 sehen:
666 1160 50 28 das
738 1160 37 28 ist
795 1159 95 29 nichts
910 1158 49 29 für
981 1158 59 28 den
1053 1156 87 31 Brief.
1169 1155 123 35 Gewifs,
1313 1155 90 29 lieber

540 1207 79 29 Herr
646 1206 131 34 Doctor,
813 1205 45 28 Sie
886 1205 98 27 lesen
1012 1202 79 27 noch
1122 1211 36 19 zu
1191 1201 58 29 viel
1279 1201 124 34 Bücher,

541 1251 178 29 namentlich
740 1249 141 30 deutsche
903 1248 127 28 Bücher!
1071 1246 72 29 Wie
1164 1248 75 28 kann
1260 1256 67 20 man
1348 1255 55 20 nur

542 1298 47 28 ein
611 1296 154 29 deutsches
787 1295 81 28 Buch
889 1294 91 28 lesen!

600 1342 57 33 Ah,
679 1341 201 36 Verzeihung!
923 1339 51 29 Ich
994 1338 61 29 that
1077 1348 30 19 es
1130 1339 94 28 selber
1246 1339 75 28 eben
1341 1337 62 29 und

540 1387 72 29 habe
634 1386 144 29 Thränen
800 1384 83 30 dabei
903 1393 169 29 vergossen.

599 1433 151 37 Wagner
778 1440 79 29 sagte
889 1430 104 28 einmal
1019 1440 62 18 von
1109 1429 54 29 mir
1196 1429 47 29 ich
1270 1428 132 29 schriebe

539 1478 150 30 lateinisch
710 1477 61 29 und
792 1476 81 30 nicht
894 1476 136 29 deutsch:
1052 1485 58 19 was
1132 1475 102 28 einmal
1256 1475 90 27 wahr
1367 1473 36 29 ist

540 1524 60 28 und
633 1524 112 28 sodann
776 1541 39 2 —
846 1523 73 28 auch
949 1521 127 29 meinem
1108 1521 82 28 Ohre
1223 1519 180 38 wohlklingt.

539 1569 52 30 Ich
617 1569 78 29 kann
721 1579 61 18 nun
809 1568 104 28 einmal
937 1577 37 19 an
998 1567 76 29 allen
1103 1565 163 29 deutschen
1287 1565 118 27 Wesen

539 1624 55 19 nur
625 1613 85 29 einen
732 1613 122 29 Antheil
881 1613 109 34 haben,
1020 1612 62 28 und
1110 1611 80 29 nicht
1218 1610 89 29 mehr.
1350 1610 36 28 Be-

539 1660 135 29 trachten
709 1659 45 29 Sie
788 1659 119 28 meinen
941 1659 131 28 Namen:
1108 1657 94 29 meine
1234 1655 169 30 Vorfahren

541 1715 97 19 waren
653 1705 153 40 polnische
821 1704 164 35 Edelleute;
1003 1703 81 29 noch
1098 1703 47 28 die
1160 1703 112 28 Mutter
1291 1701 111 28 meines

541 1751 192 29 Grofsvaters
755 1760 60 18 war
836 1749 90 29 Polin.
968 1750 90 34 Nun,
1083 1749 48 29 ich
1156 1748 101 29 mache
1279 1745 53 30 mir
1355 1755 47 19 aus

540 1797 127 28 meinem
696 1795 307 29 Halb-Deutschthum
1032 1795 65 28 eine
1125 1793 130 39 Tugend
1283 1791 121 30 zurecht

540 1842 60 29 und
627 1842 107 28 nehme
762 1842 30 27 in
814 1840 172 40 Anspruch,
1019 1839 83 29 mehr
1127 1849 62 18 von
1218 1838 51 29 der
1294 1839 110 28 Kunst

539 1888 54 28 der
614 1888 126 39 Sprache
761 1896 37 20 zu
819 1886 158 30 verstehen
1003 1885 37 29 als
1063 1895 29 19 es
1114 1884 171 29 Deutschen
1307 1888 72 34 mög-

539 1933 68 29 lich
627 1933 45 28 ist.
715 1933 72 28 Also
809 1931 117 30 hierin
947 1930 52 30 auf
1014 1930 231 30 Wiedersehen!

600 1979 75 28 Was
696 1978 58 28 den
940 1976 120 29 betrifft:
1083 1986 33 19 so
1138 1976 94 29 denke
1253 1975 47 29 ich
1323 1974 81 30 nicht

541 2033 33 20 so
604 2032 51 30 gut
682 2033 62 20 von
771 2023 60 29 ihm
858 2023 56 29 wie
936 2023 54 28 Sie.
1030 2021 172 29 Immerhin:
1235 2031 31 18 er
1293 2021 37 28 ist
1356 2020 48 29 die

541 2070 222 29 annehmbarste
801 2070 88 28 Form
929 2069 51 28 des
1019 2067 220 30 menschlichen
1275 2066 129 34 Daseins,

542 2115 178 28 namentlich
750 2124 90 19 wenn
871 2124 65 19 man
967 2114 84 29 keine
1085 2113 107 29 andere
1224 2112 90 29 Wahl
1348 2112 55 29 hat.

544 2162 68 27 Man
638 2160 133 38 gewinnt
793 2169 88 19 etwas
906 2159 70 29 lieb:
1003 2159 64 28 und
1087 2159 83 28 kaum
1191 2158 37 29 ist
1249 2168 30 19 es
1301 2158 104 29 Einem

541 2215 62 19 von
617 2205 110 30 Grund
748 2215 49 19 aus
817 2204 58 30 lieb
897 2204 172 39 geworden,
1090 2215 33 18 so
1138 2213 61 29 sagt
1213 2204 53 28 der
1279 2204 126 38 Tyrann

541 2253 31 27 in
587 2261 53 19 uns
659 2251 68 37 (den
743 2250 54 29 wir
812 2260 49 28 gar
876 2260 37 19 zu
928 2260 90 28 gerne
1034 2259 106 27 „unser
1153 2250 125 29 höheres

542 2307 122 18 nennen
694 2297 165 37 möchten):
895 2296 136 35 „Gerade
1063 2297 56 28 das
1152 2296 66 38 gieb
1249 2295 54 29 mir
1338 2305 68 18 zum

707 2342 72 28 Und
807 2342 54 29 wir
888 2342 95 38 geben
1011 2352 30 18 es
1069 2342 74 28 auch
1165 2359 34 4 —
1223 2341 67 28 aber
1317 2350 30 19 es
1367 2340 39 29 ist

542 2388 222 38 Thierquälerei
777 2388 82 29 dabei
879 2387 61 30 und
951 2387 294 29 Verbranntwerden
1261 2386 51 29 mit
1326 2386 64 38 lang-

543 2443 107 20 samem
677 2434 101 28 Feuer.
820 2434 36 28 Es
884 2433 64 29 sind
975 2432 55 29 fast
1057 2432 90 29 lauter
1173 2432 153 29 Probleme
1354 2431 52 29 der

544 2479 254 34 Grausamkeit,
820 2479 46 28 die
881 2479 46 28 Sie
950 2478 174 29 behandeln:
1146 2478 67 29 thut
1235 2477 60 29 dies
1311 2478 95 28 Ihnen

544 2524 96 29 wohl?
667 2524 52 29 Ich
740 2534 65 28 sage
826 2524 94 29 Ihnen
942 2523 160 39 aufrichtig,
1124 2523 61 29 dafs
1199 2524 47 28 ich
1260 2523 95 28 selber
1369 2533 37 18 zu

544 2570 56 29 viel
622 2579 61 20 von
705 2569 93 29 dieser
1035 2568 202 40 Complexion
1257 2568 39 29 im
1315 2568 91 29 Leibe

544 2616 89 34 habe,
654 2625 50 19 um
725 2616 40 28 sie
787 2615 82 30 nicht
890 2614 46 30 oft
957 2625 35 19 zu
1014 2615 275 33 verwünschen;
1310 2614 96 29 meine

545 2661 174 35 Erlebnisse,
734 2662 40 27 im
785 2662 123 28 Kleinen
921 2661 62 28 und
998 2660 141 35 Grofsen,
1161 2661 129 28 nehmen
1303 2661 104 28 immer

545 2706 58 29 den
616 2706 132 39 gleichen
748 2706 132 39 Verlauf.
900 2707 44 28 Da
955 2706 132 38 verlangt
1098 2716 30 18 es
1139 2706 78 28 mich
1228 2717 45 17 am
1284 2706 123 28 meisten

1488 378 74 28 nach
1576 378 81 28 einer
1671 377 112 33 Höhe,
1797 385 63 19 von
1873 385 49 19 wo
1938 385 47 19 aus
2001 374 125 39 gesehen
2142 371 46 29 das
2203 367 94 34 tragrsc

1486 423 137 29 Problem
1636 431 103 21 unter
1752 422 54 28 mir
1821 421 44 29 ist.
1879 439 38 3 —
1932 421 52 29 Ich
1998 420 117 29 möchte
2131 417 66 28 dem
2211 411 92 30 mensc

1485 468 97 30 liehen
1601 467 107 30 Dasein
1729 476 90 19 etwas
1840 477 62 18 von
1923 466 109 28 seinem
2054 457 243 37 herzbrecheriscli

1485 515 63 28 und
1580 523 168 29 grausamen
1779 512 159 30 Charakter
1969 512 162 27 nehmen.
2170 504 90 31 Doch,

1485 560 62 28 hier
1568 559 165 29 fortfahren
1754 568 36 19 zu
1811 559 134 33 können,
1971 555 108 30 müfste
2099 555 49 29 ich
2166 551 89 30 Ihnen
2275 550 16 19 v

1485 605 115 34 rathen,
1627 614 57 18 was
1712 604 48 28 ich
1780 602 198 30 Niemandem
1999 602 80 29 noch
2099 596 149 33 verrathen
2268 596 18 20 n
2287 594 10 18 a

1487 668 33 3 —
1545 650 45 28 die
1617 649 146 38 Aufgabe,
1788 659 55 18 vor
1869 648 51 29 der
1944 648 47 28 ich
2015 648 94 33 stehe,
2138 643 45 29 die
2209 635 90 36 Aufga

1485 696 110 28 meines
1623 695 125 29 Lebens.
1789 694 97 34 Nein,
1917 693 99 28 davon
2047 691 106 29 dürfen
2180 685 51 30 wir
2261 688 17 20 u
2280 685 23 20 IC
2303 685 14 43 .

1485 742 53 28 mit
1559 741 137 29 einander
1718 740 154 39 sprechen.
1904 739 84 29 Oder
2003 737 150 29 vielmehr!
2175 742 32 19 so
2220 735 53 23 wie

1485 787 110 28 Beiden
1616 786 79 35 sind,
1723 785 74 29 zwei
1822 785 66 29 sehr
1909 792 156 30 getrennte
2087 782 125 29 Wesen,
2235 774 51 28 dur

1485 833 52 28 wir
1552 832 116 28 davon
1684 831 81 28 nicht
1785 830 104 28 einmal
1911 830 51 28 mit
1983 828 140 30 einander
2138 823 142 31 schweig

1680 897 72 28 Von
1774 895 122 29 Herzen
1916 894 94 29 Ihnen
2032 893 125 29 dankbar

1931 946 62 28 und
2014 944 143 39 zugethan

2087 1003 27 28 F.
2136 992 161 38 Nietzsche.

1543 1073 51 28 Ich
1616 1072 48 29 bin
1679 1071 111 29 wieder
1811 1071 30 27 in
1861 1069 113 29 meiner
1988 1068 145 29 Residenz
2149 1065 103 29 Genua
2266 1057 50 26 orte

1482 1118 31 28 in
1535 1118 91 28 deren
1647 1118 97 33 Nähe,
1765 1116 82 29 mehr
1863 1114 159 29 Einsiedler
2044 1113 38 29 als
2104 1113 33 37 je.
2169 1110 79 29 Santa
2263 1102 45 28 Ma

1484 1163 111 30 eherita
1616 1162 106 36 Ligure
1746 1161 106 37 (Italia.)
2286 1184 5 5 .

2041 1200 95 38 (poste
2156 1193 138 30 restante.j

1893 1290 47 28 111.

1579 1365 62 28 AN
1663 1362 231 29 FREIHERRN
1915 1361 62 28 DR.
2000 1361 94 28 VON
2117 1353 127 35 STEIN.

1701 1448 81 28 Mein
1803 1446 89 30 lieber
1914 1445 79 29 Herr
2007 1445 126 33 Doctor,

1543 1520 87 29 Diese
1652 1519 148 29 Gedichte
1822 1517 155 30 Giordano
1993 1517 123 28 Brunos
2138 1512 64 31 sind
2222 1509 45 28 ein
2280 1502 36 28 Ge-

1484 1566 116 33 schenk,
1620 1564 48 29 für
1684 1564 125 29 welches
1831 1564 47 29 ich
1892 1564 96 28 Ihnen
2008 1572 61 19 von
2089 1567 120 33 ganzem
2224 1553 90 31 Herze

1484 1612 124 29 dankbar
1630 1611 58 28 bin.
1729 1610 51 28 Ich
1801 1609 72 29 habe
1894 1609 55 28 mir
1970 1608 124 34 erlaubt,
2121 1606 40 29 sie
2181 1602 54 31 mir
2254 1598 64 28 zuzu-

1483 1658 120 38 eignen,
1628 1656 55 30 wie
1712 1656 37 28 als
1771 1656 39 28 ob
1831 1655 47 28 ich
1899 1654 39 28 sie
1960 1653 135 39 gemacht
2116 1653 78 28 hätte
2214 1643 59 33 und
2291 1643 28 23 tu

1482 1703 79 28 mich
1574 1702 60 29 und
1651 1701 39 30 sie
1705 1701 37 29 als
1755 1699 152 30 stärkende
1920 1698 140 40 Tropfen
2071 1691 238 44 „eingenommen
2328 1698 5 6 •

1479 1748 31 36 Ja
1524 1758 90 19 wenn
1629 1747 44 28 Sie
1689 1746 136 35 wüfsten,
1847 1745 65 30 wie
1934 1745 93 29 selten
2048 1744 80 29 noch
2148 1747 87 23 etwas
2250 1736 50 26 Sta

1482 1793 132 30 kendes
1629 1803 61 18 von
1701 1791 116 30 Aufsen
1830 1791 53 30 her
1897 1801 37 18 zu
1949 1791 55 28 mir
2018 1790 125 29 kommt!
2178 1784 49 30 Ich
2242 1785 44 34 spr
2288 1784 12 19 a

1484 1849 53 19 vor
1568 1838 75 29 zwei
1664 1838 108 36 Jahren
1802 1836 53 29 mit
1887 1836 80 28 einer
1988 1836 57 27 Art
2072 1833 138 39 Ingrimm
2236 1825 97 29 davon,

1484 1885 61 28 dafs
1574 1885 48 28 ein
1643 1882 142 40 Ereignifs
1812 1882 56 29 wie
1889 1881 53 29 der
1962 1880 114 30 Parsifal
2097 1880 83 28 ferne
2202 1881 56 23 von
2278 1869 56 27 mir»

1484 1930 103 38 gerade
1613 1939 62 18 von
1701 1929 66 34 mir,
1795 1928 225 37 vorübergehen
2041 1924 120 34 mufste;
2191 1917 58 33 und
2269 1917 47 24 aue

1482 1976 72 38 jetzt
1574 1975 123 33 wieder,
1726 1984 48 18 wo
1802 1974 48 29 ich
1875 1973 80 28 noch
1981 1972 87 29 einen
2088 1969 126 31 zweiten
2235 1963 70 28 Giu'

1483 2021 96 36 weifs,
1609 2030 52 19 um
1690 2020 75 29 nach
1792 2019 146 39 Bayreuth
1969 2028 37 18 zu
2035 2018 102 38 gehen,
2159 2030 39 5 —
2220 2012 71 26 näm'
2292 2007 24 22 lC

1483 2068 69 33 Sie,
1574 2066 79 29 mein
1674 2065 90 30 lieber
1785 2066 78 28 Herr
1885 2065 125 33 Doctor,
2032 2063 53 28 der
2104 2062 44 28 Sie
2169 2068 36 21 zu
2225 2053 89 31 meine
2317 2050 17 19 11

1737 2110 129 39 gehören
1889 2128 33 3 —
1947 2109 73 29 auch
2044 2109 73 37 jetzt
2137 2102 106 33 wieder
2269 2095 29 28 ha

1482 2158 48 30 ich
1545 2156 122 31 Zweifel
1688 2156 95 35 daran,
1805 2156 39 28 ob
1858 2156 47 29 ich
1926 2156 191 28 hinkommen
2138 2147 82 33 darf.
2278 2145 21 22 äl

1484 2204 69 29 lieh:
1585 2203 49 28 das
1656 2202 124 35 Gesetz,
1809 2201 48 29 das
1878 2202 74 28 über
1978 2200 54 28 mir
2060 2200 48 33 ist,
2137 2195 94 31 meine
2252 2189 47 28 Au

1485 2250 94 32 gäbe,
1600 2248 66 29 läfst
1686 2247 55 29 mir
1761 2247 83 29 keine
1866 2247 66 28 Zeit
1952 2244 96 31 dafür:
2071 2244 82 29 Mein
2167 2239 78 31 Sohn
2258 2231 50 30 Zar
2309 2233 13 19 3

1485 2295 110 28 thustra
1620 2302 64 29 mag
1709 2294 95 28 Ihnen
1828 2293 155 29 verrathen
2008 2290 109 34 haben,
2146 2295 63 21 was
2234 2288 56 23 sien

1485 2340 54 28 mir
1560 2340 130 37 bewegt;
1711 2338 61 29 und
1795 2348 87 19 wenn
1903 2338 48 28 ich
1966 2337 80 29 Alles
2067 2344 63 20 von
2151 2333 53 29 mir
2222 2326 89 30 erlang
2328 2333 7 12 >

1485 2395 65 20 was
1571 2386 57 29 ich
1647 2385 86 35 will,
1755 2394 32 19 so
1808 2383 101 30 werde
1929 2382 48 29 ich
1998 2381 52 29 mit
2071 2380 68 30 dem
2153 2370 125 37 Bewufst

1485 2432 131 33 sterben,
1651 2430 61 29 dafs
1746 2429 132 38 künftige
1905 2426 210 38 Jahrtausende
2149 2422 51 32 auf
2225 2416 89 32 meine

1485 2477 120 28 Namen
1624 2476 63 29 ihre
1707 2476 145 28 höchsten
1873 2472 139 31 Gelübde
2034 2473 83 28 thun.
2316 2492 12 8 ,

1545 2521 202 38 Verzeihung!
1772 2538 33 4 —
1828 2520 37 28 Es
1887 2519 78 39 giebt
1986 2528 33 19 so
2042 2526 97 20 ernste
2159 2513 100 35 Dinge,
2280 2505 31 24 da

1485 2578 62 19 von
1568 2567 89 30 ihnen
1678 2576 37 19 zu
1729 2566 92 29 reden
1835 2575 66 19 man
1916 2572 59 21 erst
1988 2573 51 19 um
2048 2560 188 34 Verzeihung
2249 2553 51 28 bitt
2303 2553 11 17 e

1486 2614 93 28 sollte.
1603 2631 33 3 —
2303 2631 16 28 ,j
2322 2638 13 19 e

1545 2659 117 28 Zuletzt
1689 2658 118 28 möchte
1835 2656 48 29 ich
1910 2655 79 29 doch
2016 2654 149 32 erfahren,
2192 2652 83 26 wann

1485 2703 232 38 Aufführungen
1738 2702 73 35 sind,
1833 2711 86 19 wann
1933 2701 44 29 Sie
1999 2700 93 29 selber
2112 2697 75 31 nach
2200 2695 87 34 Bayre

1531 2878 0 0 168
