2524 3281
519 366 97 25 letztere
627 364 181 35 Beobachtung
820 362 74 26 allein
909 359 93 28 müfste
1016 369 47 16 uns
1078 368 42 17 am
1132 358 129 26 Gewissen
1275 357 105 36 packen.

518 405 39 25 Sie
571 403 81 27 liefert
666 404 41 25 die
721 402 79 27 Probe
815 400 47 28 auf
873 401 43 25 das
930 398 126 37 Exempel.

579 445 50 24 Das
644 441 165 28 Bewufstsein
824 440 78 26 dieser
913 438 146 26 nationalen
1071 435 137 27 Schwäche
1222 444 30 16 zu
1265 433 115 31 wecken,

519 482 84 26 Mittel
623 492 42 16 zur
679 479 104 28 Abhilfe
800 480 47 26 mit
861 478 104 34 Energie
979 486 29 16 zu
1023 475 94 26 suchen
1136 474 51 26 und
1202 473 178 29 anzuwenden,

519 522 90 35 gehört
627 530 30 16 zu
676 520 47 26 den
737 519 163 34 wichtigsten
914 515 135 35 Aufgaben
1067 514 43 26 der
1124 512 147 27 rationellen
1286 514 79 23 Kunst-

519 561 78 35 pflege
612 560 27 25 in
653 557 181 28 Deutschland.
861 557 59 25 Nur
939 553 66 27 mufs
1021 562 58 17 man
1093 553 71 25 nicht
1178 551 110 30 meinen,
1309 560 23 16 es
1347 551 34 25 sei

519 600 54 25 eine
581 597 206 37 Angelegenheit,
801 595 39 26 die
851 604 58 16 man
918 594 48 25 den
973 592 148 27 Fachleuten
1131 590 137 26 überlassen
1276 589 104 30 könnte,

519 638 47 25 den
581 637 147 29 Künstlern,
748 633 164 28 Architekten
933 632 53 26 und
1007 629 243 37 Kunstgewerblern.
1286 631 50 24 Das
1351 630 30 24 ist

519 677 73 34 lange
607 685 83 26 genug
704 673 138 37 geschehen
858 672 52 26 und
922 672 42 25 hat
975 680 45 16 uns
1032 680 41 16 aus
1084 671 43 24 der
1135 667 188 37 Abhängigkeit
1331 677 49 17 von

519 715 150 26 Vorbildern
689 714 42 24 der
745 710 201 37 Vergangenheit
964 710 52 25 und
1035 709 42 26 der
1093 708 102 26 Fremde
1214 708 69 25 nicht
1297 707 82 25 erlöst.

519 756 33 24 So
574 754 72 34 lange
667 752 42 25 der
730 750 175 27 koloristische
920 748 157 28 Geschmack
1094 747 41 26 des
1151 749 188 24 Konsumenten
1355 747 25 24 in

520 791 170 28 Deutschland
710 790 70 26 nicht
799 788 106 38 gepflegt
920 788 78 30 wird,
1018 787 69 27 kann
1108 787 39 25 die
1162 785 158 27 Produktion
1336 795 30 16 an-

519 831 95 31 stellen,
629 840 54 16 was
697 830 34 25 sie
745 828 65 31 will,
825 828 50 26 und
890 837 23 16 es
925 827 65 27 wird
1005 827 38 26 ihr
1058 826 75 26 leicht
1143 825 86 30 fallen,
1244 825 68 29 alles,
1325 834 55 17 was

520 871 38 25 ihr
573 868 106 30 einfällt,
695 869 202 29 durchzusetzen,
917 876 48 16 nur
979 866 42 26 das
1037 868 66 24 Gute
1118 865 83 30 nicht,
1216 865 85 26 dessen
1314 863 50 27 Auf-

519 909 91 25 nahme
629 918 52 16 von
700 908 41 25 der
755 906 128 36 Fähigkeit
903 905 124 36 abhängt,
1045 904 116 35 Qualität
1178 915 31 15 zu
1229 903 150 37 empfinden.

579 949 87 24 Wenn
684 956 55 16 nun
757 956 51 16 von
828 946 41 25 der
883 945 138 36 Erziehung
1042 944 41 26 des
1098 943 170 27 Farbensinnes
1283 942 97 37 geredet

519 986 79 31 wird,
620 986 73 26 sollte
712 986 52 26 sich
782 985 65 35 jeder
861 984 115 27 Einzelne
991 993 88 27 sagen,
1100 982 54 27 dafs
1168 984 52 25 sein
1233 981 147 27 besonderer

519 1025 50 27 Fall
590 1025 144 26 verhandelt
755 1024 79 31 wird,
856 1024 54 27 dafs
929 1034 26 16 er
972 1024 40 26 die
1026 1023 88 26 Pflicht
1134 1023 54 30 hat,
1204 1023 39 25 bei
1260 1021 52 27 sich
1326 1020 54 27 und

519 1065 77 25 seiner
607 1064 152 36 Umgebung
770 1064 69 26 nicht
851 1073 105 26 morgen
971 1063 60 26 oder
1044 1063 101 25 nächste
1155 1062 104 26 Woche
1272 1060 108 26 sondern

518 1104 74 25 heute
603 1104 78 26 schon
690 1104 160 26 einzusetzen.
871 1105 64 24 Was
947 1113 31 15 an
987 1111 97 17 unserer
1092 1102 151 26 Generation
1255 1102 125 24 versäumt

519 1143 42 30 ist,
583 1146 100 23 müssen
701 1143 50 26 wir
770 1142 43 27 der
831 1141 169 28 kommenden
1020 1140 156 36 mitzugeben
1195 1140 105 25 bemüht
1319 1139 61 26 sein.

578 1260 80 26 Ueber
679 1261 40 25 die
733 1259 185 38 physikalische
933 1259 83 24 Natur
1029 1257 42 26 des
1085 1257 84 26 Lichts
1184 1257 53 26 und
1252 1256 41 26 der
1307 1256 73 26 Farbe

518 1300 102 27 werden
639 1300 49 26 wir
705 1300 27 26 in
751 1300 43 25 der
813 1298 90 27 Schule
921 1297 138 36 eingehend
1077 1296 104 27 belehrt.
1217 1299 64 23 Dem
1295 1301 71 20 unter-

519 1339 118 26 richteten
658 1339 142 26 Deutschen
825 1339 31 25 ist
877 1338 35 25 im
931 1336 165 36 allgemeinen
1114 1335 124 31 bekannt,
1262 1344 54 17 was
1341 1333 39 26 die

519 1377 185 28 Wissenschaft
716 1378 61 27 über
788 1377 51 27 das
839 1377 87 27 Wesen
938 1376 41 25 des
991 1376 97 25 Lichtes
1104 1375 81 26 bisher
1195 1383 121 26 errungen
1328 1373 52 26 hat.

577 1420 63 24 Was
655 1418 112 36 dagegen
783 1416 42 27 das
839 1416 142 26 Verhältnis
995 1425 43 16 zur
1051 1415 74 25 Farbe
1139 1414 66 26 beim
1219 1412 161 26 Individuum

519 1457 59 26 oder
597 1457 39 25 bei
655 1457 48 25 den
722 1457 34 25 als
775 1455 279 27 Kollektivindividuen
1070 1453 187 26 anzusehenden
1272 1455 94 23 Genera-

519 1497 85 25 tionen
619 1497 27 24 in
659 1497 66 25 ihrer
736 1493 241 37 Aufeinanderfolge
988 1493 111 35 anlangt,
1115 1502 28 16 so
1154 1492 96 36 pflegen
1260 1491 40 25 die
1311 1488 70 28 offen

518 1546 29 15 zu
564 1537 68 34 Tage
653 1534 131 37 liegenden
801 1534 159 26 Thatsachen
980 1532 115 27 ziemlich
1110 1532 86 34 wenig
1217 1530 113 26 beachtet
1350 1538 30 16 zu

518 1576 110 25 werden.
656 1575 59 24 Und
734 1573 66 26 doch
815 1573 60 36 liegt
894 1571 40 27 für
952 1572 40 26 die
1007 1572 81 25 Praxis
1105 1571 26 25 in
1145 1571 42 25 der
1201 1568 179 27 individuellen

519 1613 255 37 Farbenempfindung
792 1612 53 26 und
862 1612 70 25 nicht
950 1611 25 26 in
995 1610 42 27 der
1056 1609 202 37 physikalischen
1271 1609 95 34 Ergrün-

518 1653 70 35 dung
602 1653 40 25 des
654 1653 83 25 Lichts
751 1652 54 26 und
820 1652 42 25 der
872 1649 221 38 Farbenprobleme
1104 1649 41 26 der
1155 1646 225 38 Ausgangspunkt.

577 1694 87 24 Wenn
686 1700 59 17 man
766 1700 51 17 von
844 1690 42 26 der
905 1689 75 26 Farbe
1005 1688 108 37 spricht,
1134 1687 59 26 darf
1210 1697 60 16 man
1290 1681 91 30 keinen

519 1733 116 24 Moment
650 1741 44 16 aus
708 1731 57 25 dem
780 1731 71 34 Auge
866 1730 87 29 lassen,
967 1727 54 27 dafs
1036 1728 34 25 sie
1085 1727 81 26 nichts
1181 1725 34 27 als
1231 1726 72 25 einen
1316 1726 49 24 Vor-

518 1780 67 27 gang
606 1770 25 26 in
652 1769 44 27 der
713 1768 146 37 Thätigkeit
878 1777 98 17 unseres
995 1769 84 33 Auges
1101 1765 128 31 bedeutet,
1251 1764 52 26 und
1325 1763 53 26 dafs

518 1811 78 25 dieser
611 1811 129 34 Vorgang,
755 1808 126 35 abhängig
899 1817 51 16 von
967 1807 43 25 der
1027 1806 134 25 leiblichen
1176 1804 52 26 und
1246 1802 133 27 seelischen

519 1847 209 31 Beschaffenheit,
748 1847 52 26 sich
826 1847 40 25 bei
889 1846 81 35 jedem
990 1845 133 26 Einzelnen
1147 1843 85 26 anders
1253 1841 126 27 vollzieht.

518 1887 81 27 Nicht
617 1887 63 26 zwei
700 1887 136 25 Menschen
855 1885 80 26 haben
955 1895 50 16 von
1024 1884 126 26 derselben
1170 1882 34 26 als
1226 1881 81 36 farbig
1327 1891 36 15 em-

519 1926 143 38 pfundenen
673 1926 171 34 Erscheinung
855 1924 131 26 denselben
997 1922 135 27 Eindruck.
1156 1924 36 32 Ja,
1206 1922 69 24 nicht
1288 1919 92 27 einmal

519 1975 84 17 unsere
618 1965 89 25 beiden
718 1967 92 33 Augen
824 1963 140 37 empfinden
976 1962 73 26 Farbe
1065 1968 72 19 unter
1152 1961 63 25 allen
1226 1958 154 28 Umständen

519 2005 131 26 identisch.
678 2006 52 24 Aus
745 2004 78 25 vielen
837 2003 190 36 Experimenten
1045 2001 64 26 habe
1126 2001 42 25 ich
1182 2001 48 24 mir
1248 1998 76 26 selber
1338 1998 28 25 be-

519 2045 94 26 weisen
628 2043 112 30 können,
752 2041 54 27 dafs
821 2043 51 25 eins
887 2042 93 26 meiner
991 2042 90 34 Augen
1095 2040 40 26 die
1145 2039 92 26 Farben
1251 2048 44 16 um
1309 2038 71 25 einen

519 2083 151 27 schwachen
679 2082 67 26 Grad
758 2081 80 26 kälter
849 2081 63 25 sieht
923 2080 35 26 als
969 2080 43 26 das
1024 2079 97 27 andere.
1136 2079 62 26 Wie
1209 2079 55 24 sehr
1274 2077 90 25 dieEm-

519 2122 105 35 findung
646 2131 50 16 von
719 2119 261 37 Reizungszuständen
1002 2118 126 35 abhängig
1148 2118 44 30 ist,
1214 2115 73 27 weifs
1307 2116 73 34 jeder,

519 2161 43 27 der
575 2161 65 25 nach
654 2161 83 24 einem
748 2161 118 24 Moment
880 2159 41 25 der
932 2157 129 36 Blendung
1071 2156 79 27 durch
1165 2156 92 26 starkes
1268 2157 98 23 Sonnen-

519 2201 63 26 licht
596 2200 73 25 einen
679 2198 71 27 Blick
765 2197 48 27 auf
824 2199 38 24 die
873 2195 151 28 Landschaft
1038 2195 81 31 wirft,
1130 2196 40 26 die
1184 2195 67 26 dann
1264 2194 118 36 plötzlich

520 2240 50 26 wie
585 2238 126 27 erstorben
722 2247 46 17 vor
783 2238 53 25 ihm
850 2237 68 35 liegt.
945 2236 60 26 Und
1020 2236 34 25 als
1065 2238 121 33 Vorgang
1198 2235 35 25 im
1245 2233 81 26 Leben
1341 2233 41 25 der

520 2278 67 26 Seele
608 2278 31 25 ist
661 2277 40 26 die
722 2276 257 36 Farbenempfindung
998 2285 51 16 von
1074 2274 64 26 allen
1163 2274 48 25 den
1232 2271 150 30 Zuständen,

521 2317 120 26 Mächten
660 2316 53 26 und
731 2315 104 26 Kräften
856 2315 140 35 abhängig,
1014 2314 40 26 die
1073 2314 39 25 die
1126 2312 66 26 Seele
1212 2310 168 28 beherrschen.

521 2355 184 36 Gewöhnung,
717 2355 158 35 Suggestion,
888 2354 147 34 Ermüdung
1046 2353 51 25 und
1110 2352 155 36 Disposition
1280 2349 41 27 für
1336 2350 47 26 den

521 2396 59 25 Reiz
596 2394 40 26 des
651 2397 145 24 Kontrastes
811 2393 93 37 spielen
918 2393 55 25 eine
988 2393 54 25 sehr
1056 2391 82 36 grofse
1153 2390 83 26 Rolle.

580 2434 88 35 Einige
682 2432 41 27 der
737 2432 99 26 hieraus
850 2433 52 25 sich
922 2431 154 36 ergebenden
1090 2430 128 26 Probleme
1233 2432 99 22 müssen
1347 2428 36 25 ins

522 2476 71 33 Auge
613 2471 90 37 gefafst
718 2471 116 31 werden,
853 2472 44 25 ehe
916 2471 65 26 nach
999 2471 80 26 einem
1094 2472 75 32 Gang
1187 2468 53 26 und
1258 2467 65 26 nach
1338 2466 47 27 den

522 2512 102 26 Mitteln
639 2512 42 25 der
692 2511 140 36 Erziehung
846 2510 41 26 des
900 2509 160 28 Farbensinns
1075 2504 104 40 gesucht
1192 2507 102 27 werden
1308 2505 76 26 kann.

581 2628 60 28 Dafs
659 2628 40 27 bei
718 2638 45 17 uns
779 2628 144 26 Deutschen
938 2627 172 36 gegenwärtig
1130 2625 43 26 das
1187 2623 141 28 Verhältnis
1342 2634 44 16 zur

521 2668 76 27 Farbe
610 2669 71 25 nicht
692 2678 62 26 ganz
766 2668 24 25 in
802 2667 126 35 Ordnung
942 2667 44 29 ist,
998 2666 63 26 lehrt
1072 2675 45 16 uns
1128 2666 78 25 schon
1217 2664 43 25 das
1272 2662 97 36 mangel-

1458 355 70 28 hafte
1545 356 153 36 sprachliche
1712 357 143 33 Vermögen
1870 363 97 16 unseres
1982 351 108 30 Volkes,
2110 349 64 27 auch
2192 347 41 25 der
2247 348 54 27 soge-

1458 402 110 20 nannten
1584 394 155 27 Gebildeten.

1518 436 64 24 Man
1596 434 105 25 braucht
1716 434 70 24 nicht
1801 431 92 27 einmal
1906 431 133 26 besonders
2054 427 85 29 scharf
2150 425 163 34 aufzupassen,

1460 484 44 16 um
1524 483 29 16 zu
1573 473 136 29 erkennen,
1730 471 54 26 dafs
1800 472 33 25 im
1849 471 164 35 allgemeinen
2027 479 49 16 nur
2088 469 40 26 die
2143 463 170 30 Grundrarben

1459 513 72 31 Gelb,
1546 514 53 24 Rot
1613 512 52 26 und
1680 511 59 26 Blau
1755 510 51 26 und
1822 509 126 27 vielleicht
1962 509 68 26 noch
2046 509 39 26 ein
2100 500 213 41 ausgesprochenes

1459 554 73 24 Grün
1546 552 45 25 mit
1607 550 171 27 annähernder
1789 549 135 26 Sicherheit
1938 548 142 26 bezeichnet
2090 546 108 27 werden.
2220 542 94 28 Orange

1458 591 67 26 wird
1546 591 72 25 meist
1638 590 56 36 gelb
1718 595 123 30 genannt,
1862 588 95 26 Violett
1978 586 49 27 fast
2051 586 61 26 eben
2137 594 28 16 so
2189 580 37 27 oft
2250 576 63 26 blau.

1459 631 93 24 Unsere
1563 630 107 36 Sprache
1681 629 31 25 ist
1723 628 150 26 erstaunlich
1885 637 53 16 arm
1949 636 32 16 an
1991 624 164 28 Ausdrücken
2170 621 41 26 für
2221 618 78 26 Misch-

1459 673 66 22 töne.
1553 670 87 25 Wenn
1652 668 49 26 wir
1712 677 44 16 uns
1768 667 71 26 nicht
1849 667 46 25 mit
1910 666 116 25 ledernen
2036 660 278 30 Zusammensetzungen

1459 707 114 27 behelfen
1582 707 105 30 wollen,
1699 706 55 26 sind
1765 707 49 25 wir
1824 714 164 28 gezwungen,
2000 702 165 28 französische
2173 696 140 30 Ausdrücke

1458 756 31 17 zu
1504 747 114 26 wählen:
1642 746 68 29 Was,
1729 754 106 27 orange,
1855 745 89 28 violet,
1964 743 85 30 fraise,
2068 751 86 28 prune,
2175 746 67 29 puce,
2259 733 54 25 bleu

1459 793 127 23 mourant,
1608 785 52 26 und
1679 785 66 26 diese
1759 784 121 36 bequeme
1900 783 173 34 Entlehnung,
2093 781 39 25 die
2151 779 54 27 sehr
2223 774 32 27 alt
2275 775 38 23 ist,

1458 825 44 26 hat
1523 823 113 28 offenbar
1657 823 39 27 die
1711 822 143 27 Triebkraft
1869 822 42 26 der
1926 823 103 34 eigenen
2043 820 105 37 Sprache
2166 812 147 41 geschädigt,

1458 874 77 17 wenn
1548 864 70 26 nicht
1633 867 112 22 zerstört.

1517 903 60 26 Wir
1590 902 107 27 würden
1717 901 91 37 jedoch
1829 899 187 31 fehlschiefsen,
2038 908 76 17 wenn
2128 896 49 26 wir
2197 901 41 18 aus
2259 889 54 25 dem

1458 941 180 28 lückenhaften
1662 940 117 27 Material
1804 939 42 26 der
1870 939 294 33 Farbenbezeichnungen
2187 926 126 33 schliefsen

1458 982 121 30 wollten,
1601 980 54 27 dafs
1670 981 49 26 wir
1734 978 143 27 Deutschen
1893 978 45 27 mit
1953 975 182 37 mangelhafter
2148 968 165 41 Empfindung

1458 1021 90 35 begabt
1563 1023 94 24 wären.
1684 1016 352 37 Wahrnehmungsfähigkeit
2054 1016 53 25 und
2120 1008 180 32 Ausdrucksver-

1459 1065 93 31 mögen
1568 1059 95 26 decken
1681 1058 53 26 sich
1753 1058 75 25 nicht.
1861 1056 164 26 Bekanntlich
2044 1055 44 26 hat
2107 1055 103 24 Lazarus
2229 1049 85 30 Geiger

1458 1110 44 16 aus
1524 1099 42 26 der
1584 1096 210 29 Undeutlichkeit
1814 1096 52 25 und
1889 1095 56 26 dem
1966 1093 204 28 schwankenden
2186 1083 127 33 Gebrauch

1458 1138 43 27 der
1509 1137 294 34 Farbenbezeichnungen
1811 1135 40 25 bei
1859 1136 97 24 Homer
1962 1133 47 27 den
2014 1132 99 27 Schlufs
2121 1131 84 25 ziehen
2213 1122 100 31 wollen,

1458 1177 55 27 dafs
1528 1177 40 26 die
1581 1176 101 37 Epoche
1701 1176 39 25 des
1757 1175 113 25 Dichters
1889 1172 47 27 auf
1950 1173 67 25 einer
2035 1171 142 38 primitiven
2192 1163 69 30 Stufe
2275 1161 39 25 der

1458 1215 258 37 Farbenempfindung
1731 1214 132 36 gestanden
1878 1214 77 29 hätte,
1971 1210 50 27 fast
2035 1210 47 27 auf
2093 1210 56 26 dem
2164 1208 41 25 der
2215 1202 85 29 Farben-

1458 1256 132 25 blindheit.
1620 1257 30 23 Er
1670 1254 44 26 hat
1735 1253 80 26 damit
1835 1252 40 25 die
1889 1253 138 34 Anregung
2049 1259 29 17 zu
2099 1250 66 25 einer
2180 1246 131 36 genaueren

1459 1294 180 35 Beobachtung
1657 1293 41 26 des
1713 1292 201 36 Sprachschatzes
1929 1290 59 26 aller
2003 1289 95 25 Völker
2112 1287 119 37 gegeben,
2253 1279 61 27 auch

1459 1334 43 25 der
1516 1335 37 24 ins
1568 1333 78 26 Reich
1662 1332 42 26 der
1718 1331 154 34 Ethnologie
1887 1329 124 26 fallenden
2192 1321 51 29 und
2258 1324 56 21 man

1458 1374 44 25 hat
1518 1382 30 17 an
1563 1372 188 36 Experimenten
1766 1369 200 36 nachgewiesen,
1982 1367 53 26 dafs
2050 1368 42 25 das
2107 1363 136 29 natürliche
2257 1360 43 22 Ver-

1460 1416 101 32 mögen,
1576 1411 92 26 Farben
1683 1419 29 17 zu
1724 1408 203 30 unterscheiden,
1944 1408 38 25 bei
1998 1407 42 25 der
2054 1415 93 26 ganzen
2162 1397 153 33 Menschheit

1459 1451 105 26 dieselbe
1578 1451 128 24 Intensität
1721 1448 95 26 besitzt.
1844 1450 50 23 Der
1908 1446 102 30 Wilde,
2027 1445 43 26 der
2082 1445 71 26 nicht
2171 1436 90 33 einmal
2278 1440 37 19 ein

1459 1492 79 25 Wort
1552 1489 42 26 für
1607 1489 48 25 den
1669 1485 97 39 Begriff
1776 1487 42 26 der
1832 1486 74 27 Farbe
1920 1485 57 30 hat,
1992 1484 53 26 und
2060 1485 43 25 der
2117 1478 184 31 Durchschnitts-

1460 1531 119 34 europäer
1592 1529 84 34 zeigen
1688 1528 53 25 sich
1756 1526 56 26 dem
1827 1524 113 37 farbigen
1951 1524 93 35 Objekt
2058 1522 140 37 gegenüber
2208 1514 45 30 auf
2264 1513 38 26 der-

1459 1568 82 26 selben
1556 1566 69 27 Stufe
1640 1567 42 25 der
1696 1565 142 36 Begabung.
1867 1563 58 27 Und
1944 1563 91 26 soweit
2049 1563 49 26 wir
2111 1571 43 16 aus
2174 1559 42 26 der
2230 1552 85 29 Kultur

1459 1607 43 27 der
1513 1607 132 30 Chinesen,
1660 1605 42 26 der
1713 1604 206 36 Mesopotamier,
1933 1602 43 26 der
1987 1604 133 34 Aegypter,
2131 1597 122 29 Griechen
2264 1598 34 20 un

1459 1646 40 27 bei
1510 1646 48 26 den
1568 1645 119 26 nächsten
1699 1643 140 27 Vorfahren
1850 1642 44 26 der
1904 1642 119 35 heutigen
2033 1637 181 30 Kulturvölker
2224 1630 91 32 farbige

1459 1685 159 36 Erzeugnisse
1631 1684 115 28 besitzen,
1760 1682 58 26 läfst
1832 1681 52 26 sich
1899 1680 136 30 erkennen,
2054 1679 53 27 dafs
2121 1679 27 25 in
2161 1671 154 32 historischer

1460 1726 54 24 Zeit
1529 1724 42 26 der
1589 1723 75 27 Stand
1684 1723 41 25 der
1739 1721 196 35 Entwickelung
1954 1719 107 26 derselbe
2075 1728 67 20 war,
2162 1715 50 27 wie
2231 1712 77 26 heute.

1457 1765 64 24 Wer
1546 1762 55 27 aber
1622 1772 47 16 nur
1690 1761 48 27 den
1758 1760 163 27 Wortschatz
1942 1757 84 38 prüft,
2046 1757 67 27 wird
2133 1756 110 34 dagegen
2261 1751 54 23 zum

1458 1801 98 27 Schlufs
1567 1801 131 30 kommen,
1709 1799 54 27 dafs
1778 1800 39 25 die
1829 1795 352 38 Wahrnehmungsfähigkeit
2195 1791 53 27 sehr
2258 1790 57 28 enge

1458 1844 111 24 Grenzen
1585 1841 49 25 hat.

1517 1959 87 25 Wenn
1619 1957 53 26 sich
1686 1966 51 16 nun
1752 1955 65 26 auch
1831 1954 160 27 nachweisen
2006 1952 69 31 läfst,
2097 1950 53 27 dafs
2165 1949 39 27 die
2218 1942 80 30 mecha-

1459 1998 84 25 nische
1559 1996 138 36 Fähigkeit,
1712 1994 74 27 Farbe
1800 2004 30 16 zu
1844 1993 99 30 fühlen,
1958 1992 79 26 durch
2048 1991 47 26 alle
2106 1993 92 23 Rassen
2210 1983 48 28 und
2270 1981 44 24 alle

1460 2046 98 16 unserer
1578 2035 148 26 Erkenntnis
1748 2032 181 37 zugänglichen
1951 2031 118 36 Epochen
2094 2026 124 38 ungefähr
2238 2022 61 36 gleic

1460 2075 91 31 bleibt,
1573 2085 27 16 so
1621 2075 78 25 lassen
1720 2073 53 25 sich
1794 2073 68 25 doch
1876 2072 26 25 in
1917 2070 42 26 der
1973 2070 165 26 ästhetischen
2154 2059 162 42 Empfindung

1460 2114 41 27 für
1528 2114 40 26 die
1594 2114 76 25 Farbe
1696 2112 191 27 historische
1915 2108 272 35 Schwankungen,
2215 2098 101 30 lokale

1460 2151 341 38 Eigentümlichkeiten
1808 2150 53 26 und
1869 2143 428 40 Gewöhnungserscheinunge

1460 2193 39 26 bei
1511 2192 64 27 allen
1584 2191 111 27 Völkern
1703 2190 165 29 beobachten,
1877 2189 70 25 nicht
1956 2197 46 16 nur
2009 2187 40 26 bei
2060 2186 46 26 den
2114 2176 202 37 Kulturvölkern.

1521 2231 46 27 Die
1577 2230 73 27 Welt
1664 2230 120 26 wechselt
1798 2229 39 26 ihr
1851 2228 128 26 Aussehen
1994 2226 78 30 nicht,
2087 2224 57 27 aber
2157 2223 39 25 die
2212 2215 90 37 Empfin-

1461 2271 70 36 dung
1549 2271 31 25 ist
1593 2269 169 27 unendlichen
1775 2268 53 26 und
1844 2265 215 28 unaufhörlichen
2075 2263 180 32 Aenderungen
2268 2260 31 18 un

1461 2309 214 36 Schwankungen
1690 2306 181 28 unterworfen.
1900 2307 49 25 Das
1964 2303 96 28 Gefühl
2073 2302 43 27 für
2129 2304 51 25 Rot
2194 2296 50 28 und
2260 2294 56 25 Blau

1462 2350 32 25 ist
1513 2348 67 26 beim
1597 2347 149 28 Geschlecht
1764 2356 52 17 von
1840 2355 71 25 1500
1930 2344 56 26 dem
2006 2343 43 26 der
2062 2341 195 27 Nachkommen
2277 2335 40 20 um

1466 2390 73 25 1600
1559 2388 60 25 oder
1637 2396 71 26 1700
1727 2385 70 27 nicht
1816 2385 130 25 identisch.
1974 2385 30 23 Es
2023 2383 32 25 ist
2073 2382 69 25 nicht
2162 2374 106 31 dasselbe
2298 2374 10 16 e

1462 2428 101 29 Tizian,
1582 2427 100 26 Rubens
1697 2425 51 26 und
1764 2423 162 28 Rembrandt.
1952 2422 57 34 Jede
2023 2421 54 26 Zeit
2090 2421 43 25 hat
2148 2419 38 26 ihr
2199 2418 63 24 Rot,
2283 2412 35 20 «*

1465 2466 71 30 Blau,
1551 2466 40 25 ihr
1605 2467 80 29 Grün,
1700 2465 39 25 ihr
1753 2463 72 27 Gelb.
1853 2465 53 24 Aus
1920 2462 58 26 dem
1991 2462 86 25 Fetzen
2090 2460 66 24 eines
2171 2453 90 30 Bildes,
2279 2451 27 20 da

1464 2506 80 25 nichts
1564 2505 34 25 als
1618 2504 63 26 zwei
1702 2503 61 26 oder
1776 2502 52 26 drei
1842 2501 92 27 Farben
1948 2500 107 30 enthält,
2077 2498 57 27 läfst
2150 2496 51 27 sich
2216 2493 38 25 die

1464 2545 155 29 bestimmen,
1631 2544 26 25 in
1671 2543 43 26 der
1727 2552 23 16 es
1764 2540 146 27 entstanden
1924 2540 38 27 ist.
1982 2541 78 33 Sogar
2074 2534 128 29 innerhalb
2214 2532 39 25 der
2262 2529 32 24 fcn
2309 2534 9 6 -

1464 2583 134 35 wicklung
1616 2583 65 25 eines
1700 2580 121 37 begabten
1841 2579 175 26 Individuums
2036 2578 31 25 ist
2089 2577 41 26 der
2150 2570 110 30 Wandel

1465 2622 169 37 Empfindung
1654 2621 110 26 deutlich
1792 2619 199 26 nachzuweisen.
2023 2618 64 25 Was
2109 2615 41 26 für
2176 2612 38 27 ein
2232 2608 71 25 Unter-

1465 2661 83 27 schied
1569 2661 124 27 zwischen
1714 2661 57 25 dem
1792 2657 154 28 Rembrandt
1968 2666 50 17 von
2044 2657 72 33 1630
2132 2652 51 28 und
2203 2650 56 26 dem
2272 2650 20 17 vi

1505 2856 0 0 184
