2922 3048
1345 2384 66 34 131

532 526 85 45 ich
637 527 54 43 in
713 527 89 43 der
823 526 601 45 Gendarmeriekaserne
1442 529 418 57 untergebracht.
1882 531 109 44 Der
2005 532 227 46 Wacht=

533 588 213 44 meister
772 586 207 57 besorgt
1010 587 100 43 mir
1138 586 81 44 die
1247 586 242 46 Modelle.
1522 589 101 43 Ein
1650 590 281 53 reizendes,
1954 592 278 47 schlankes

532 647 267 44 Mädchen
842 660 108 31 von
993 647 59 43 17
1088 646 215 53 Jahren,
1343 661 224 31 namens
1604 649 199 53 Milica,
1840 652 270 45 zeichnete
2147 655 85 44 ich

530 707 261 56 spinnend
818 708 98 42 mit
942 705 218 45 Rocken
1186 708 109 43 und
1324 707 228 56 Spindel.
1584 708 90 46 Ich
1705 710 90 44 bin
1828 713 246 44 entzückt
2105 714 127 44 über

533 768 83 43 die
651 767 174 44 feinen
857 766 204 52 Hände,
1094 766 82 45 die
1213 767 290 46 kleidsame
1534 768 196 46 Tracht
1765 772 108 42 und
1905 772 101 45 den
2037 774 194 44 holden

530 828 303 56 Rhythmus
871 825 90 44 der
992 826 326 58 Bewegung.
1357 828 110 44 Für
1498 843 219 44 morgen
1749 831 235 47 bestellte
2015 834 86 44 ich
2132 836 100 43 mir

531 888 156 44 einen
722 885 428 45 landesüblichen
1182 887 423 59 Ochsenwagen,
1639 890 134 45 doch
1808 891 124 58 liegt
1963 894 101 43 mir
2096 895 135 45 auch

531 946 139 45 noch
692 946 179 44 Milica
893 946 74 43 im
991 945 176 46 Sinne.
1189 967 52 18 ==
2081 962 149 44 00©

529 1015 44 42 0
635 1006 154 44 Zwei
815 1019 109 31 von
953 1006 101 44 den
1082 1006 277 47 Offizieren
1391 1022 95 32 aus
1512 1010 114 44 Pod
1652 1011 263 57 Romanja
1943 1012 288 48 besuchten

530 1066 142 45 mich
702 1066 109 44 und
842 1067 164 44 sahen
1033 1067 203 44 meiner
1261 1069 181 44 Arbeit
1473 1083 79 31 zu.
1584 1071 85 44 Da
1701 1072 85 44 ein
1813 1072 261 45 Gewitter
2103 1075 128 44 kam

529 1127 110 44 und
663 1138 54 32 es
739 1139 66 32 zu
827 1126 223 57 tröpfeln
1075 1127 194 58 anfing,
1287 1130 192 56 gingen
1501 1132 106 43 wir
1628 1132 83 44 ins
1732 1132 266 46 türkische
2020 1134 211 47 Kaffee=

529 1187 133 44 haus
681 1200 153 38 „zum
852 1187 251 45 Falken”.
1121 1187 91 45 Ich
1229 1188 90 44 bin
1336 1189 121 45 sehr
1474 1191 274 58 glücklich,
1766 1194 138 44 denn
1921 1194 82 44 die
2015 1194 215 59 Gegend

529 1248 66 43 ist
625 1247 241 53 herrlich,
888 1248 83 45 die
998 1248 290 45 Menschen
1319 1250 166 45 schön
1516 1252 108 44 und
1657 1253 92 45 das
1776 1254 133 44 Vieh
1937 1254 293 47 malerisch.

529 1307 152 45 Dazu
691 1308 255 45 kommen
957 1309 261 45 kolossale
1225 1310 532 60 Wolkenbildungen.
1770 1314 111 45 Das
1890 1314 342 48 aufziehende

530 1368 261 46 Gewitter
809 1370 259 45 erinnerte
1086 1370 141 45 mich
1244 1384 69 30 an
1327 1370 242 60 Klingers
1586 1374 285 57 gewaltige
1888 1375 156 45 Lüfte
2180 1398 52 19 ==

1556 1488 66 35 Na
1641 1488 218 46 Romanja,
1880 1499 68 25 am
1970 1490 33 34 6.
2019 1490 79 46 Juli
2122 1503 109 33 1900.

528 1558 43 42 ©
634 1549 89 46 Ich
741 1551 143 45 halte
900 1552 114 44 hier
1030 1552 129 44 Rast
1183 1552 94 45 auf
1293 1553 202 45 meiner
1513 1553 193 46 letzten
1724 1553 180 47 Fahrt.
1928 1555 59 45 In
2005 1556 227 48 Sokolac

529 1611 154 43 stand
706 1612 84 44 ich
813 1615 207 54 gestern
1043 1613 121 44 sehr
1186 1612 117 45 früh
1332 1613 101 45 auf.
1462 1614 131 44 Bald
1619 1614 128 44 kam
1776 1615 135 46 auch
1938 1616 165 45 schon
2131 1619 101 45 den

529 1672 370 55 gewundenen
927 1672 143 58 Weg
1109 1687 131 31 vom
1272 1674 163 45 Dorfe
1465 1675 175 44 Batics
1676 1675 94 44 her
1807 1676 84 44 ein
1923 1677 309 47 abenteuer=

527 1730 163 45 liches
721 1731 304 46 Fuhrwerk
1061 1734 262 57 gefahren,
1355 1735 265 45 knarrend
1656 1735 109 44 und
1799 1735 305 61 breitspurig
2136 1741 96 43 mit

527 1790 327 55 holpernden
885 1793 222 46 Rädern.
1144 1795 193 45 Keines
1374 1796 177 45 davon
1586 1796 135 44 rund
1755 1796 109 44 und
1895 1797 181 46 keines
2108 1800 122 45 dem

529 1850 199 44 andern
761 1852 168 55 gleich
962 1867 69 30 an
1065 1854 183 46 Größe.
1286 1856 72 44 Es
1393 1857 116 43 sind
1544 1870 100 30 nur
1673 1856 274 54 Scheiben,
1981 1872 93 31 aus
2111 1861 121 44 dem

526 1908 241 47 Stamme
791 1912 143 44 einer
955 1913 165 46 Eiche
1142 1915 536 58 herausgeschnitten.
2082 1928 150 44 000

524 1977 45 41 0
631 1969 124 44 Vier
764 1970 207 46 Ochsen
986 1974 117 43 sind
1120 1981 343 52 angespannt,
1473 1979 144 43 zwei
1631 1991 174 44 graue,
1819 1980 84 43 ein
1918 1980 313 53 schwarzer,

529 2029 84 44 ein
651 2033 152 41 roter.
845 2031 103 44 Ein
982 2033 175 45 Bauer
1193 2036 65 44 ist
1296 2036 172 54 dabei,
1499 2039 97 44 mit
1633 2040 172 43 einem
1842 2040 200 56 spitzen
2081 2045 151 41 roten

526 2088 216 45 Turban
774 2089 95 45 auf
899 2092 119 43 dem
1053 2096 496 47 sonnverbrannten
1580 2099 194 57 Haupt,
1804 2101 167 44 schier
2003 2104 111 43 wie
2147 2103 85 44 ein

525 2149 174 45 Indier
742 2151 313 45 anzusehen.
1100 2154 100 44 Mit
1243 2157 121 44 dem
1402 2158 385 47 Homerischen
1826 2160 405 47 Ochsenstachel

524 2210 149 45 lenkt
695 2224 55 31 er
773 2210 93 44 das
890 2210 263 58 Gespann.
1175 2232 55 22 =
2082 2232 148 42 ©o©
