3474 4572
1379 408 139 49 Max
1719 407 7 50 Brod
1727 431 49 10 •
1777 403 138 64 Tycßo
2525 403 53 51 Br

812 406 95 52 120

813 604 241 80 läufiges
1112 603 194 80 Lager
1357 627 108 38 aus
1517 602 111 62 den
1672 600 292 64 Vorräten
2018 595 380 64 unbenutzter
2440 589 391 65 Altardecken
2883 589 252 72 bereitet.

814 701 102 63 Sie
958 701 267 62 brachten
1268 700 176 73 Licht,
1489 697 158 65 Obst
1682 696 120 63 und
1833 692 328 74 Backwerk,
2196 698 182 71 einige
2412 687 231 63 Bücher.

816 799 102 63 saß
962 794 341 85 Tengnagel
1345 797 164 79 ruhig
1553 796 107 62 auf
1697 795 99 62 der
1840 790 318 66 Ofenbank
2200 787 121 64 und
2361 785 108 63 ließ
2503 785 108 62 sich
2646 783 302 73 bedienen,
2983 783 154 63 ohne

821 905 91 54 ein
967 913 165 62 gutes
1174 895 183 62 Wort
1406 919 76 37 zu
1533 891 192 64 reden.
1781 891 89 63 Er
1910 913 125 39 war
2083 886 216 62 wieder
2341 881 267 64 mürrisch
2651 879 334 81 geworden,
3029 904 109 37 nur

818 993 93 62 hie
955 993 123 62 und
1120 992 78 62 da
1239 990 299 64 murmelte
1583 1013 82 38 er:
1712 1012 118 38 nun
1875 984 203 64 würde
2117 993 56 70 ja
2216 990 125 54 eine
2376 976 430 66 Sauwirtschaft
2840 975 295 80 losgehen,

818 1115 137 37 man
991 1089 204 63 würde
1228 1088 171 64 schon
1435 1088 196 71 sehen,
1667 1084 113 64 daß
1823 1107 134 38 man
1990 1082 108 63 sich
2134 1079 152 64 ohne
2319 1077 97 62 ihn
2450 1075 144 63 nicht
2628 1072 262 64 behelfen
2926 1073 211 71 könne,

819 1182 206 85 Tycho
1067 1209 111 39 vor
1221 1185 165 62 allem
1429 1182 203 62 würde
1675 1205 63 38 es
1780 1180 143 63 nicht
1959 1177 311 64 aushalten,
2308 1225 11 13 .
2360 1223 11 14 .
2416 1171 264 63 Plötzlich
2714 1169 174 63 schrie
2924 1192 59 38 er
3019 1168 119 73 auf,

823 1309 139 37 man
1004 1282 204 63 würde
1251 1280 140 63 doch
1443 1280 145 61 nicht
1636 1302 121 38 von
1807 1277 116 61 ihm
1974 1275 329 77 verlangen,
2355 1270 112 62 daß
2519 1293 59 38 er
2628 1285 166 62 tage*»
2845 1265 142 62 oder
3036 1289 105 54 gar

821 1380 374 79 wochenlang
1237 1379 120 61 hier
1399 1387 76 52 im
1517 1371 186 66 Turm
1745 1383 179 54 sitzen
1966 1371 205 64 würde
2211 1369 121 63 und
2375 1368 316 71 abwarten,
2735 1388 127 38 was
2903 1362 93 61 die
3030 1385 110 38 an®

824 1478 141 62 dem
1011 1501 108 38 aus
1165 1473 369 79 Gefälligkeit
1576 1472 92 62 für
1708 1470 97 63 ihn
1848 1468 438 63 unternähmen.
2332 1465 88 64 Er
2462 1463 171 63 wolle
2675 1460 176 65 selbst
2893 1459 94 62 für
3029 1459 109 62 sich

823 1573 266 63 handeln.
1133 1570 238 63 Darauf
1406 1568 194 62 befahl
1644 1591 77 48 er,
1766 1590 135 38 man
1946 1564 141 64 solle
2129 1564 115 63 ihm
2286 1571 196 54 seinen
2524 1561 221 62 Diener
2796 1556 184 72 rufen,
3030 1580 108 36 zu®

823 1671 172 80 gleich
1037 1669 106 62 ließ
1188 1691 59 39 er
1289 1683 184 45 etwas
1508 1689 119 38 von
1673 1672 187 52 einem
1901 1662 218 80 großen
2162 1661 298 80 geheimen
2496 1657 176 62 Plane
2708 1655 188 72 fallen,
2931 1653 112 61 den
3080 1676 60 38 er

824 1769 147 62 eben
1030 1789 182 57 gegen
1272 1763 217 78 Kepler
1538 1760 195 80 gefaßt
1785 1759 167 72 habe,
2006 1757 122 64 und
2178 1757 102 63 der
2331 1756 136 62 alles
2517 1764 56 53 in
2625 1754 259 62 Schatten
2940 1749 198 64 stellen

824 1863 216 72 werde,
1091 1886 128 38 was
1270 1860 92 61 die
1413 1859 120 61 drei
1584 1858 239 62 Frauen
1877 1873 155 44 etwa
2083 1854 93 62 für
2233 1854 95 61 ihn
2379 1870 103 45 tun
2526 1851 268 63 könnten,
2958 1846 180 63 Dann

826 1959 209 64 schrieb
1072 1982 60 38 er
1156 1956 207 73 Briefe,
1400 1953 256 81 übergab
1692 1962 81 53 sie
1809 1952 133 62 dem
1976 1952 221 61 Diener
2223 1951 122 60 und
2370 1948 230 65 schickte
2632 1947 96 62 ihn
2755 1953 101 53 mit
2890 1943 248 79 heftigen

823 2057 388 76 Mahnungen
1254 2078 105 38 zur
1400 2052 133 62 Eile
1575 2074 144 56 weg.

905 2151 302 65 Elisabeth
1241 2147 381 66 schmeichelte
1655 2146 258 62 draußen
1950 2144 132 62 dem
2108 2144 220 62 Diener
2362 2142 92 61 die
2479 2140 190 63 Briefe
2695 2138 90 64 ab.
2817 2137 98 64 Sie
2940 2160 198 38 waren

827 2276 74 38 an
944 2246 368 83 Tengnagels
1353 2246 225 63 Bruder
1618 2244 122 63 und
1783 2268 74 37 an
1900 2241 259 63 mehrere
2201 2239 274 63 Freunde
2526 2248 56 52 in
2625 2236 183 64 Wien
2860 2234 278 80 gerichtet.

827 2348 179 62 Ohne
1048 2356 157 52 seine
1247 2344 166 79 Lage
1456 2342 179 63 näher
1686 2365 74 38 zu
1810 2339 272 64 schildern
2134 2345 107 64 <sie
2291 2335 247 63 erschien
2590 2334 115 61 ihm
2757 2332 177 63 selbst
2983 2329 159 63 wohl

827 2462 180 46 etwas
1051 2441 304 68 lächerlich)
1397 2439 254 63 forderte
1687 2461 60 39 er
1780 2445 83 55 sie
1907 2434 280 80 dringend
2230 2432 120 73 auf,
2394 2432 116 61 ihm
2556 2429 157 65 Geld
2756 2453 75 37 zu
2873 2425 269 75 schicken,

826 2568 70 39 so
930 2541 110 64 viel
1082 2549 83 53 sie
1208 2537 321 62 auftreiben
1571 2535 268 62 könnten,
1887 2533 126 63 »Es
2055 2530 116 81 gilt,
2215 2531 139 61 mich
2397 2554 75 37 zu
2514 2527 252 64 befreien
2810 2526 120 61 und
2975 2532 166 54 einen

826 2638 374 81 gefährlichen
1244 2635 189 62 Feind
1475 2658 76 38 zu
1583 2631 379 73 vernichten,«
2008 2629 187 63 schloß
2238 2652 61 38 er
2340 2626 292 79 jedesmal.

908 2733 389 65 Erschrocken
1340 2732 113 80 gab
1489 2729 302 64 Elisabeth
1828 2728 91 62 die
1952 2726 242 79 Papiere
2228 2724 132 62 dem
2394 2724 220 62 Diener
2647 2719 227 74 zurück,
2910 2719 101 62 der
3043 2742 103 39 so®

831 2832 113 62 fort
986 2832 301 61 davonritt.
1330 2827 277 65 Nachher
1649 2826 87 62 fiel
1771 2824 85 64 ihr
1889 2833 108 64 ein,
2035 2846 61 39 es
2130 2831 160 52 wäre
2323 2819 271 64 vielleicht
2628 2818 194 62 besser
2856 2838 289 57 gewesen,

831 2931 93 62 die
965 2928 188 64 Briefe
1197 2926 327 80 überhaupt
1566 2923 145 64 nicht
1752 2921 308 63 befördern
2103 2944 77 38 zu
2223 2920 204 60 lassen.
2472 2916 165 63 Doch
2681 2916 106 61 das
2829 2930 194 62 wagte
3065 2920 84 54 sie

830 3026 162 74 nicht,
1053 3033 81 55 sie
1195 3022 271 64 fürchtete
1524 3021 109 62 sich
1684 3043 108 39 vor
1834 3013 353 84 Tengnagel.
2351 3012 305 82 Jedenfalls
2709 3012 137 61 aber
2888 3033 126 38 war
3064 3007 87 62 ihr

831 3124 136 71 klar,
1005 3121 112 64 daß
1153 3130 83 55 sie
1269 3119 188 65 sofort
1499 3142 105 38 ans
1639 3115 189 64 Werk
1868 3115 185 80 gehen
2097 3113 122 62 und
2261 3121 101 53 mit
2406 3110 134 62 aller
2583 3106 402 81 Dringlichkeit
3037 3105 112 62 den

831 3221 192 63 Vater
1063 3221 173 60 bitten
1280 3228 214 62 müsse,
1538 3215 112 63 den
1684 3214 200 64 Störer
1917 3213 148 61 ihres
2102 3209 269 72 Glückes,
2416 3208 236 80 Kepler,
2685 3231 76 36 zu
2794 3204 353 63 verbannen.

913 3318 160 61 Zum
1115 3314 284 64 Überfluß
1452 3313 207 62 fuhren
1712 3311 137 62 auch
1903 3309 141 63 noch
2096 3308 120 62 ihre
2265 3304 240 74 Brüder,
2566 3304 81 61 als
2699 3311 81 53 sie
2831 3301 212 80 gerade
3093 3308 57 52 in

837 3415 83 61 ihr
945 3415 259 61 Zimmer
1237 3412 186 80 gehen
1458 3410 212 72 wollte,
1706 3433 99 36 um
1840 3406 110 63 sich
1987 3406 105 62 auf
2121 3414 90 53 ein
2239 3402 300 64 Weilchen
2575 3398 247 64 schlafen
2858 3422 75 37 zu
2967 3398 184 79 legen,

841 3534 104 38 aus
1002 3511 159 61 ihren
1221 3510 320 62 Kammern
1593 3506 223 62 hervor,
1871 3504 137 62 »Da
2059 3511 71 54 ist
2181 3510 99 53 sie.
2337 3497 215 65 Gewiß
2604 3496 148 62 weiß
2806 3504 101 63 sie,
2949 3518 101 38 wo
3094 3518 60 37 er

838 3607 228 62 steckt.«
1218 3605 220 73 »Nein,
1481 3613 151 63 nein,
1675 3603 79 62 ich
1797 3600 149 62 weiß
1989 3599 230 72 nichts,«
2257 3595 173 64 schrie
2472 3603 81 53 sie
2589 3591 284 80 angstvoll
2907 3591 121 63 und
3061 3589 103 63 lief

842 3702 216 73 vorbei,
1100 3727 67 38 so
1211 3702 202 62 schnell
1456 3711 81 52 sie
1579 3701 119 61 ihre
1731 3698 169 62 Füße
1942 3713 221 61 trugen.
2314 3692 155 62 Kein
2505 3689 263 73 Zweifel,
2807 3688 183 62 dieser
3023 3687 132 62 Zu®

842 3798 170 63 stand
1052 3824 123 37 war
1216 3797 387 81 unerträglich,
1647 3806 82 53 sie
1771 3795 195 62 mußte
2008 3792 186 64 sofort
2235 3787 267 65 handeln,

2564 3899 384 63 (Tortsetzung
2967 3897 190 65 fofgt.)
