3270 4572
1017 388 223 50 Wifßefm
1528 388 132 49 Hausenstein
1661 411 54 14 •
1716 387 172 49 Tür

2645 389 65 52 43

481 583 118 61 Die
665 581 264 64 Proteste
995 581 131 64 sind
1193 581 94 61 für
1356 579 105 62 das
1522 578 343 62 Verhäitnis
1925 603 120 37 von
2104 579 181 79 Krieg
2344 580 122 61 und
2521 581 196 64 Kunst

402 689 362 52 interessant.
825 678 155 62 Man
1032 678 138 62 muß
1223 693 187 46 etwas
1464 674 199 79 länger
1705 673 93 62 bei
1847 673 173 62 ihnen
2068 674 333 72 verweilen,
2453 677 84 61 als
2586 701 132 38 man

402 801 77 38 zu
522 793 106 45 tun
670 776 188 80 pflegt.

482 873 195 63 Durch
722 873 113 63 den
878 873 182 78 Krieg
1102 895 128 38 war
1272 867 406 65 künstlerische
1720 867 184 62 Pietät
1946 866 293 80 gekränkt.
2278 867 127 62 Der
2439 867 283 74 Schmerz,

403 969 112 63 den
544 970 90 62 die
661 970 333 62 Deutschen
1023 967 265 64 wahrlich
1317 966 145 61 nicht
1495 964 224 62 minder
1745 964 204 62 ehrlich
1978 964 350 80 empfanden
2365 965 84 62 als
2486 965 91 62 die
2605 975 122 52 ört«

402 1068 99 62 lieh
545 1066 179 63 näher
766 1066 394 70 Betroffenen,
1204 1087 127 38 war
1373 1061 371 63 künstlerisch
1786 1061 321 78 berechtigt.
2154 1060 173 62 Aber
2370 1061 101 63 der
2504 1061 224 64 Protest

404 1187 126 38 war
555 1163 218 71 töricht,
808 1162 134 62 weil
977 1160 285 64 zwischen
1292 1159 201 61 Kunst
1527 1157 122 62 und
1674 1158 183 79 Krieg
1893 1166 75 53 im
1998 1155 217 64 Grund
2250 1157 329 81 überhaupt
2604 1157 127 64 kein

402 1260 340 62 Verhältnis
785 1258 282 62 bestehen
1112 1256 170 62 kann.
1330 1256 130 61 Das
1504 1263 71 54 ist
1617 1254 146 61 nicht
1806 1271 119 46 erst
1959 1262 109 53 seit
2105 1253 176 64 heute
2316 1279 87 39 so.
2443 1254 130 63 Das
2609 1280 123 38 war

404 1366 93 54 nie
531 1357 212 63 anders
773 1355 122 63 und
912 1353 149 64 wird
1095 1364 93 52 nie
1216 1351 212 63 anders
1453 1361 143 53 sein.
1638 1351 214 80 Gegen
1880 1352 112 61 den
2013 1351 348 80 Untergang
2386 1376 121 38 von
2527 1351 208 63 Denk«

403 1454 220 62 mälern
771 1453 154 62 denn
959 1475 143 39 vom
1137 1447 375 83 Standpunkt
1555 1447 103 64 der
1695 1447 336 64 Geschichte
2073 1456 73 54 ist
2181 1449 368 80 Untergang,
2593 1450 142 61 nicht

407 1550 399 78 Vernichtung
832 1548 107 62 das
966 1548 185 62 rechte
1170 1547 184 62 Wort
1469 1545 153 62 kann
1646 1569 136 38 man
1809 1569 112 38 nur
1954 1554 401 71 protestieren,
2391 1569 175 38 wenn
2600 1571 135 36 man

408 1647 114 62 den
549 1657 211 52 naiven
788 1644 267 64 Versuch
1084 1644 199 73 macht,
1312 1652 168 53 einen
1514 1643 202 79 Krieg,
1752 1641 104 63 der
1898 1642 298 63 entfesselt
2229 1652 90 63 ist,
2355 1667 78 37 zu
2468 1643 266 79 leugnen.

412 1743 137 63 Daß
594 1742 190 62 dieser
809 1742 268 62 Versuch
1123 1759 446 43 unternommen
1603 1738 230 73 wurde,
1869 1748 72 54 ist
1973 1740 344 62 menschlich.
2356 1740 155 62 Kein
2544 1738 195 82 Emp«

411 1840 298 63 findender
760 1840 138 71 lebt,
943 1839 104 62 der
1090 1837 97 63 ihn
1230 1837 145 63 nicht
1417 1846 167 54 einen
1626 1837 281 63 Moment
1949 1854 442 46 unternommen
2435 1835 172 65 hätte.
2652 1835 89 62 Er

411 1947 71 53 ist
524 1935 194 65 zumal
752 1936 153 63 beim
939 1934 283 65 Künstler
1255 1934 343 80 begreiflich.
1636 1934 118 62 Die
1787 1933 298 63 Funktion
2120 1933 103 63 des
2259 1931 312 65 Künstlers
2608 1931 132 64 hört

413 2043 78 53 im
534 2034 181 79 Krieg
759 2033 119 62 auf.
925 2032 164 62 Weil
1133 2030 141 64 aber
1316 2041 125 53 sein
1484 2030 227 63 Dasein
1754 2032 139 61 nach
1936 2039 113 54 wie
2090 2055 109 38 vor
2241 2029 101 64 der
2388 2028 351 81 Grundlage

413 2129 226 73 bedarf,
691 2129 93 63 die
835 2138 188 54 einem
1074 2128 199 64 Leben
1324 2128 147 62 Halt
1522 2127 122 62 und
1695 2127 143 63 Sinn
1879 2128 136 79 gibt,
2058 2126 228 63 bezieht
2328 2150 63 39 er
2433 2127 110 62 sich
2587 2126 153 62 kon«

413 2227 308 62 vulsivisch
773 2227 113 61 auf
929 2226 104 62 das
1086 2226 451 71 Künstlerische,
1589 2223 107 64 das
1747 2223 341 64 vorhanden
2139 2232 87 55 ist.
2281 2223 89 63 Er
2422 2222 149 62 fühlt
2629 2222 106 62 das

414 2323 401 63 Antiformale
841 2323 121 62 und
989 2323 251 80 gänzlich
1274 2321 182 62 Reale
1491 2320 105 63 des
1631 2321 229 79 Kriegs,
1893 2320 89 62 Er
2010 2320 165 71 fühlt,
2201 2343 173 39 wenn
2402 2343 62 38 er
2491 2328 249 69 einiger«

414 2422 211 62 maßen
677 2420 202 64 ehrlich
933 2429 90 62 ist,
1075 2419 114 64 daß
1241 2443 62 40 es
1358 2443 136 38 zum
1538 2419 182 79 Krieg
1762 2418 128 62 kein
1933 2434 389 62 sogenanntes
2366 2415 373 64 ästhetisches

416 2518 343 64 Verhäitnis
809 2518 135 79 gibt.
1006 2517 80 62 Ist
1136 2517 104 62 der
1291 2517 181 79 Krieg
1523 2516 103 62 der
1677 2514 190 64 Feind
1918 2514 101 63 der
2071 2514 202 71 Form,
2316 2513 101 62 der
2459 2512 283 63 Künstler

417 2616 141 63 aber
583 2615 85 63 ihr
694 2615 263 72 Freund,
985 2639 70 38 so
1081 2613 140 64 muß
1249 2613 101 63 der
1384 2613 283 63 Künstler
1700 2611 213 81 gerade
1946 2621 75 52 im
2055 2611 181 79 Krieg
2269 2611 198 61 Kunst
2501 2608 241 73 überall,

417 2738 100 38 wo
554 2723 84 53 sie
672 2712 110 63 sich
816 2711 321 81 behauptet
1171 2711 120 71 hat,
1326 2709 465 64 leidenschaftlich
1827 2709 186 62 lieben
2158 2707 121 63 und
2314 2707 169 61 desto
2518 2705 227 63 leiden«

418 2809 357 71 schaftlicher,
841 2819 55 67 je
954 2818 203 52 weiter
1223 2817 84 53 sie
1366 2831 122 38 von
1547 2806 103 63 der
1706 2813 466 72 gegenwärtigen
2229 2803 351 77 Bedeutung
2638 2800 106 64 des

418 2907 212 80 Kriegs
684 2905 251 64 entfernt
987 2914 88 55 ist.
1128 2905 122 63 Mit
1292 2904 257 62 anderen
1591 2903 281 63 Worten:
1914 2900 214 82 gerade
2170 2908 75 55 im
2286 2899 201 79 Krieg,
2530 2898 215 63 dessen

418 3002 394 63 Wirklichkeit
863 3002 115 62 ihm
1023 3002 94 62 die
1159 3001 244 63 Affekte
1444 2999 275 63 chaotisch
1763 2996 695 71 durcheinanderwirbelt,
2500 2994 140 64 muß
2684 3018 63 39 er

418 3098 94 64 die
564 3100 332 63 historische
947 3098 200 63 Kunst
1198 3123 94 38 am
1335 3107 243 54 meisten
1629 3095 204 63 lieben.
1886 3095 181 77 Krieg
2116 3091 243 63 bewirkt
2401 3092 344 81 Spannung.

418 3196 92 64 Es
554 3206 73 54 ist
670 3198 341 78 unmöglich,
1055 3196 114 64 daß
1213 3205 158 53 einer
1413 3204 75 53 im
1522 3195 182 79 Krieg
1737 3192 311 79 tragischen
2083 3190 362 62 Kontrasten
2481 3189 265 80 entgehe.

418 3293 82 63 Ist
549 3294 103 62 der
702 3294 283 62 Künstler
1036 3293 102 63 des
1199 3293 328 81 politischen
1579 3290 370 62 Erlebnisses
2003 3286 155 80 fähig
2208 3295 114 54 wie
2374 3285 104 64 des
2539 3286 212 63 künst«

420 3388 292 74 lerischen,
764 3389 275 64 wiewohl
1091 3389 122 63 dies
1265 3388 185 64 selten
1499 3385 315 82 geschehen
1866 3407 151 56 mag,
2069 3407 70 38 so
2191 3383 149 62 wird
2382 3392 124 53 sein
2548 3382 203 63 Leben

421 3496 56 52 in
529 3488 218 63 diesem
797 3487 366 81 Augenblick;
1204 3510 120 38 von
1376 3495 185 52 einem
1604 3483 238 61 krassen
1885 3476 375 85 Trauerspiel
2302 3490 305 53 zerrissen.
2664 3481 90 62 Er

422 3582 257 64 beweint
727 3585 86 62 als
873 3584 283 63 Künstler
1215 3582 105 63 das
1381 3579 176 64 Ende
1615 3579 142 62 alter
1817 3575 309 66 Schönheit
2185 3576 124 62 und
2366 3576 242 80 begreift
2666 3575 85 63 als

421 3679 289 75 Politiker,
762 3681 107 63 das
921 3681 156 63 heißt
1126 3679 85 63 als
1263 3676 265 71 Mensch,
1579 3675 103 62 der
1733 3699 100 37 um
1885 3673 92 63 die
2036 3689 195 47 ersten
2283 3673 315 63 Elemente
2650 3673 103 63 des

422 3778 353 63 materiellen
803 3778 123 62 und
952 3774 527 84 gesellschaftlichen
1505 3772 229 63 Lebens
1762 3770 234 82 kämpft,
2034 3770 92 63 die
2161 3780 254 72 positive
2449 3772 306 80 geschieht«

423 3872 135 63 liehe
624 3874 492 80 Notwendigkeit
1174 3872 189 62 dieses
1424 3869 394 79 Untergangs.
1881 3867 238 62 Freilich
2180 3867 150 62 wird
2388 3867 118 63 ihm
2567 3867 188 63 dieser

422 3967 288 66 klaffende
769 3971 195 62 Zwist
1024 3980 55 52 in
1140 3979 157 53 einer
1353 3966 296 63 Rücksicht
1697 3963 172 65 Ruhe
1921 3963 212 81 geben:
2190 3989 62 39 er
2303 3965 150 63 wird
2502 3989 64 39 es
2618 3987 137 40 ver«
