3268 4572
900 301 140 51 Max
1237 301 157 51 Brod
1580 325 9 10 •
1271 296 164 65 Hycßo
1468 298 198 50 Braßes
1858 316 68 31 zu

2584 300 62 49 93

320 502 112 66 sidi
458 525 121 38 nun
608 499 140 63 auch
776 498 218 82 Kepler
1018 513 287 65 gespannt
1332 493 258 62 näherte.
1627 492 132 62 Das
1787 489 299 63 erwähnte
2110 489 191 63 Werk
2326 487 327 84 —Tychos

321 596 486 81 Sternenkatalog
938 596 94 80 lag
1068 593 148 64 eben
1255 588 411 82 fertiggestellt,
1700 597 57 52 in
1793 586 301 63 mehreren
2121 586 284 62 sauberen
2432 587 226 64 Exem*

321 698 201 81 plaren
548 719 107 38 zur
672 693 400 78 Versendung
1100 717 76 36 an
1204 689 94 62 die
1326 684 564 81 hervorragendsten
1919 681 320 65 Gelehrten
2265 682 122 63 und
2414 684 246 64 Gönner

322 797 197 63 bereit.
565 789 204 85 Tydio
820 802 187 71 zeigte
1058 789 94 64 die
1202 785 376 83 sorgfältigen
1622 781 416 82 Begleitbriefe,
2091 780 93 62 die
2235 804 61 38 er
2344 780 174 64 heute
2559 807 103 56 ge*

324 891 288 67 schrieben
665 891 179 62 hatte;
890 915 74 37 an
1018 888 113 62 den
1175 884 231 73 Kaiser,
1460 883 113 61 den
1618 878 343 81 Erzherzog
2003 878 283 74 Mathias,
2330 878 113 62 den
2476 878 189 63 Vize*

324 988 235 66 kanzler
603 988 433 70 Corraducius,
1089 1010 77 37 an
1209 982 325 80 Wolfgang
1576 974 302 77 Theodor,
1930 976 352 63 Erzbischof
2324 1000 121 39 von
2497 976 167 63 Salz*

324 1090 167 78 bürg,
537 1112 75 36 an
649 1086 113 62 den
796 1084 236 64 Bischof
1068 1107 122 38 von
1225 1079 249 72 Lübeck,
1512 1077 113 63 den
1661 1076 306 62 Professor
1999 1074 269 63 Brucäus
2302 1082 56 52 in
2394 1074 274 73 Rostock,

325 1185 212 80 Heigel
579 1194 57 54 in
679 1181 348 82 Augsburg,
1083 1204 75 38 an
1211 1178 113 62 den
1369 1176 244 79 Herzog
1655 1198 120 39 von
1821 1171 232 73 Cassel,
2107 1171 113 64 den
2263 1171 242 63 Prinzen
2549 1197 118 37 von

327 1286 289 67 Oranien,
670 1307 75 38 an
797 1279 275 80 Scaliger-
1111 1287 57 53 in
1213 1274 266 83 Leyden.
1530 1273 221 81 Kepler
1801 1281 177 72 geriet
2030 1279 58 54 in
2138 1270 338 64 Erstaunen
2528 1270 141 63 über

327 1385 159 62 diese
529 1378 347 65 riesenhafte
909 1375 532 81 Korrespondenz,-
1483 1371 142 63 doch
1660 1366 207 85 Tycho
1911 1368 159 81 fügte
2112 1368 114 64 bei:
2271 1368 121 62 dies
2437 1376 84 54 sei
2563 1391 108 38 nur

330 1491 90 55 ein
466 1480 214 62 kleiner
722 1472 131 68 Teil
895 1476 233 73 dessen,
1172 1496 130 40 was
1343 1470 252 65 beinahe
1644 1469 131 80 jede
1817 1467 230 64 Woche
2095 1493 121 38 von
2259 1465 262 64 Benatek
2564 1466 108 61 ab*

327 1578 163 82 gehe.
526 1578 119 62 Mit
678 1575 190 81 jedem
904 1570 480 66 durchreisenden
1420 1566 348 65 Kaufmann
1802 1565 208 64 kämen
2044 1564 312 81 Anfragen
2391 1562 281 82 gelehrter

329 1677 311 80 Kollegen,
682 1674 192 62 Bitten
918 1696 103 38 um
1064 1679 91 54 ein
1202 1667 354 72 Gutachten,
1599 1689 101 40 um
1742 1664 259 80 Angabe
2044 1673 155 53 einer
2241 1662 428 64 Konstruktion

329 1801 122 38 von
495 1775 446 69 Instrumenten,
993 1794 104 56 gar
1149 1767 84 63 oft
1284 1766 141 63 auch
1477 1789 100 39 um
1627 1763 271 64 weltliche
1940 1763 214 79 Dinge,
2197 1771 113 53 wie
2362 1777 157 46 etwa
2570 1785 99 38 um

330 1870 237 85 Tychos
609 1869 362 82 Fürsprache
1023 1869 93 61 bei
1169 1875 188 53 einem
1408 1863 220 82 großen
1672 1862 212 64 Herrn,
1938 1861 129 62 Das
2110 1860 171 62 wolle
2333 1860 155 62 denn
2532 1858 139 63 alles

331 1968 413 85 gewissenhaft
786 1964 315 66 behandelt
1154 1963 125 63 und
1322 1960 294 80 möglichst
1660 1968 101 54 mit
1803 1959 102 62 der
1945 1957 266 64 nächsten
2254 1956 417 80 Postgelegen*

334 2070 117 63 heit
476 2069 392 64 beantwortet
894 2074 137 54 sein.
1065 2062 339 80 Allerdings
1431 2059 227 64 wachse
1693 2067 185 54 einem
1903 2057 185 63 solche
2114 2055 211 64 Arbeit
2351 2054 318 63 manchmal

332 2168 96 63 bei
479 2166 168 63 allem
698 2163 203 65 Fleiße
952 2162 145 62 über
1149 2161 113 62 den
1314 2158 187 81 Kopf,
1667 2152 202 85 Tycho
1921 2163 143 54 wies
2113 2152 251 63 lädielnd
2415 2150 111 63 auf
2577 2152 92 61 die

334 2264 423 81 Wandregale,
810 2271 57 53 in
921 2260 189 63 denen
1162 2257 222 65 überall
1426 2255 244 64 Haufen
1722 2279 122 39 von
1887 2251 422 72 Briefschaften,
2359 2250 309 63 ordentlich

335 2359 677 82 zusammengebunden,
1056 2382 106 38 zur
1204 2355 184 63 Hand
1430 2355 183 79 lagen.
1665 2351 172 64 Audi
1888 2351 99 62 der
2029 2347 327 65 Fußboden
2399 2371 127 39 war
2568 2355 101 53 mit

335 2460 408 82 geschichteten
778 2458 224 63 Stößen
1036 2481 122 38 von
1192 2451 419 82 Flugschriften
1647 2449 122 63 und
1801 2449 254 62 Blättern
2091 2446 135 63 aller
2259 2445 121 62 Art
2411 2444 254 63 bedeckt.

338 2559 120 64 Ein
493 2557 222 65 starker
748 2554 174 65 Wille
956 2578 104 39 zur
1096 2552 297 79 Ordnung
1427 2558 184 71 zeigte
1643 2547 109 63 sich
1788 2544 400 74 allenthalben,
2225 2542 206 63 freilich
2465 2542 207 62 wurde

338 2656 250 81 zugleich
631 2656 138 72 klar,
814 2662 114 54 wie
971 2651 190 63 dieser
1205 2647 245 66 Schwall
1491 2647 212 62 kleiner
1743 2645 194 78 Dinge
1980 2651 56 54 in
2079 2651 185 54 seiner
2305 2639 368 80 Formlosig*

339 2755 114 62 keit
501 2754 160 81 jeder
712 2751 407 65 menschlichen
1162 2746 336 65 Herrschaft
1549 2759 266 65 spottete.
1869 2741 118 64 Mit
2030 2747 243 72 einigem
2316 2737 164 64 Stolz
2523 2737 149 80 legte

339 2848 206 85 Tycho
589 2860 128 55 eine
758 2850 164 64 Liste
965 2848 137 63 aller
1143 2845 320 66 Gelehrten
1506 2867 126 49 vor,
1685 2850 102 54 mit
1837 2839 187 62 denen
2079 2862 59 38 er
2180 2845 57 54 in
2279 2834 395 81 Verbindung

340 2952 191 63 stand.
580 2951 164 62 »Der
787 2949 197 63 Mann
1028 2947 102 62 der
1150 2940 494 73 .Wissenschaft,«
1691 2954 162 64 sagte
1896 2961 77 49 er,
2022 2943 106 55 »ist
2170 2933 398 80 Kosmopolit,
2615 2956 62 38 er

340 3048 168 65 sollte
550 3047 341 81 womöglich
943 3055 59 53 in
1054 3043 146 64 allen
1243 3041 274 65 Ländern
1569 3037 244 80 zugleich
1868 3043 121 54 sein
2032 3032 122 63 und
2196 3029 221 64 überall
2460 3029 218 73 lehren,

343 3172 62 38 er
456 3146 138 64 darf
644 3146 111 64 sich
807 3146 93 62 die
950 3144 194 63 Mühe
1204 3140 144 63 nicht
1406 3136 335 66 verdrießen
1803 3133 208 73 lassen,
2064 3155 173 38 wenn
2290 3153 64 38 es
2405 3128 117 80 gilt,
2575 3127 106 64 der

341 3244 337 74 Wahrheit,
722 3244 93 63 die
858 3268 61 38 er
960 3240 295 83 gefunden
1298 3236 117 74 hat,
1469 3244 165 53 einen
1669 3231 171 80 .Weg
1890 3255 76 37 zu
2008 3227 246 64 ebnen.«
2309 3226 186 62 Dann
2541 3225 142 63 aber

343 3340 266 83 beklagte
645 3367 61 38 er
733 3343 92 61 die
852 3337 423 81 Schwierigkeit
1309 3335 186 63 dieser
1519 3329 297 80 Aufgabe.
1850 3328 155 62 Man
2034 3325 165 64 sollte
2226 3324 147 62 nicht
2406 3324 277 80 glauben,

344 3448 103 54 mit
498 3441 251 62 welchen
801 3438 415 64 Hemmnissen
1270 3432 90 62 die
1412 3424 681 70 selbstverständlichsten
2136 3420 550 82 Angelegenheiten

344 3560 77 40 zu
466 3536 274 83 kämpfen
777 3536 222 64 hätten!
1044 3534 89 63 Er
1175 3531 226 63 brachte
1444 3537 90 54 ein
1569 3521 441 75 Aktenbündel,
2055 3521 106 62 das
2206 3520 115 63 den
2356 3514 332 87 Transport

346 3643 190 54 seiner
570 3635 386 64 Instrumente
990 3657 122 38 von
1148 3631 101 61 der
1284 3625 147 65 Insel
1458 3625 213 62 Hveen
1705 3622 140 63 nach
1872 3617 261 66 Benatek
2169 3616 206 65 betraf.
2410 3617 142 64 Aus
2588 3617 102 63 der

346 3732 295 63 einfachen
677 3730 431 80 Übersiedlung
1143 3720 555 70 wissenschaftlicher
1731 3720 315 80 Apparate
2086 3741 127 39 war
2258 3739 104 57 gar
2406 3724 129 56 eine
2577 3741 115 55 po*

346 3828 209 65 litische
581 3831 183 63 Sache
799 3828 337 83 geworden,
1172 3824 192 65 indem
1398 3822 93 62 die
1521 3819 216 65 Senate
1770 3842 121 40 von
1917 3814 317 81 Hamburg
2268 3814 126 64 und
2425 3814 267 81 Magde*

348 3925 165 80 bürg,
557 3937 108 54 seit
707 3927 102 64 der
852 3922 532 69 schmalkaldischen
1427 3916 207 66 Fehde
1676 3916 103 63 der
1821 3913 495 65 österreichischen
2359 3913 333 80 Regierung
