3322 4572
947 331 142 52 Max
1117 332 158 51 Brod
1289 356 7 12 -
1323 329 163 66 Tydo
1519 334 198 52 Brakes
1752 335 121 63 Weg
1906 356 70 31 zu
2013 339 129 50 Gott

2628 347 66 50 95

372 526 306 66 bewußter
710 527 256 65 Wunsch
1008 553 145 39 war.
1197 528 122 62 Mit
1352 527 300 63 sichtlicher
1676 528 362 65 Lehrfreude
2074 531 156 80 fügte
2265 559 60 36 er
2358 534 189 77 hinzu,
2584 539 112 64 daß

376 650 61 39 er
478 623 332 83 überhaupt
851 625 259 63 bemerkt
1153 625 173 72 habe,
1370 625 140 62 auch
1557 633 57 54 in
1648 625 230 63 Briefen
1914 626 246 81 Keplers
2203 654 75 37 an
2314 631 212 63 andere
2559 633 141 65 Per*

373 747 207 49 sonen,
625 721 92 64 die
758 722 118 63 ihm
918 722 236 80 zufällig
1195 747 77 38 zu
1309 721 239 64 Gesicht
1590 721 346 80 gekommen
1972 733 177 63 seien,
2182 734 113 53 wie
2328 736 189 71 wenig
2550 750 151 45 ernst

373 819 220 81 Kepler
635 819 92 63 die
759 819 371 65 Titulaturen
1174 819 102 63 der
1310 819 532 62 unterschiedlichen
1877 819 367 65 Adressaten
2278 824 221 63 nehme.
2533 825 169 66 Auch

373 917 212 64 wende
640 942 61 38 er
750 918 145 62 nicht
946 919 94 62 die
1089 927 197 70 nötige
1328 915 542 64 Aufmerksamkeit
1931 942 75 38 an
2060 919 91 62 die
2201 919 504 87 Rechtschreibung

374 1017 103 62 der
527 1014 270 65 Namen:
861 1040 101 39 wo
1013 1039 62 39 es
1127 1014 143 64 doch
1320 1014 340 79 jedermann
1713 1014 84 64 als
1846 1014 258 64 bitterste
2145 1016 560 86 Vernachlässigung

373 1125 199 70 spüre,
626 1114 113 63 den
792 1122 239 72 eigenen
1075 1112 248 64 Namen
1376 1111 172 63 falsch
1600 1112 126 62 uud
1775 1112 523 82 unangelegentlich
2347 1116 357 80 geschrieben

372 1237 77 38 zu
499 1211 197 63 sehen.
867 1210 169 62 »Das
1087 1210 164 62 mußt
1301 1209 80 63 du
1434 1210 86 62 dir
1563 1209 474 81 abgewöhnen!«
2085 1220 188 73 neigte
2319 1238 59 39 er
2419 1215 109 62 sich
2570 1215 136 65 leise

373 1308 123 63 und
537 1307 335 63 vertraulich
914 1331 78 38 zu
1025 1307 236 81 Kepler.
1308 1307 138 63 Daß
1483 1331 61 39 er
1578 1307 107 63 das
1732 1308 178 62 »Du«
1959 1333 107 38 aus
2109 1309 134 64 dem
2277 1309 289 83 Schwung
2606 1313 101 63 der

374 1422 190 47 ersten
625 1404 344 82 Ansprache
1036 1430 121 38 nun
1219 1406 140 61 auch
1418 1415 78 53 im
1540 1406 427 80 .gelasseneren
2029 1406 299 82 Gespräch
2385 1408 321 75 beibehielt,

373 1514 205 71 zeigte,
619 1512 115 54 wie
776 1502 110 64 tief
919 1511 160 55 seine
1121 1502 349 83 Sympathie
1512 1503 94 63 für
1648 1503 113 64 den
1803 1514 213 71 jungen
2062 1505 318 64 Gelehrten
2423 1516 150 73 ging.

458 1600 125 63 »Ich
625 1600 97 63 bin
765 1625 70 38 so
879 1610 162 71 träge
1083 1609 57 53 in
1185 1600 198 63 diesen
1427 1600 281 75 Sachen,«
1761 1601 222 64 seufzte
2028 1602 239 80 Kepler,
2307 1604 103 63 der
2452 1605 109 62 sich
2604 1615 102 54 mit

374 1708 157 55 einer
579 1707 289 71 gewissen
919 1698 395 81 Leichtigkeit,
1362 1708 59 71 ja
1470 1708 103 55 mit
1614 1699 357 81 Vergnügen
2025 1700 174 64 selbst
2249 1702 453 66 herabzusetzen

373 1799 203 61 schien.

458 1893 170 64 »Das
687 1902 161 73 träge
906 1895 122 63 Blei
1087 1896 101 63 hat
1246 1906 161 55 seine
1465 1896 325 63 besondere
1840 1897 195 75 Kraft,
2086 1898 217 64 ebenso
2354 1900 102 63 der
2507 1898 195 82 eifrige

376 1991 304 74 Merkur,«
719 1992 518 83 komplimentierte
1270 1996 306 80 Hagecius
1610 1996 138 62 nach
1783 1995 204 63 beiden
2023 1996 209 65 Seiten.
2282 1997 258 64 »Hoffen
2575 2008 126 63 wir,

376 2089 115 62 daß
536 2089 105 63 das
685 2114 153 40 neue
880 2090 324 81 Amalgam
1248 2091 187 65 dieser
1475 2102 150 54 zwei
1667 2117 109 39 uns
1820 2093 110 63 den
1975 2093 157 63 Stein
2176 2095 102 62 der
2302 2094 247 63 Weisen
2592 2094 108 63 be*

376 2187 242 63 schere.«
769 2188 89 63 Er
901 2189 160 64 hatte
1105 2189 180 65 damit
1327 2216 109 37 nur
1479 2190 107 64 das
1629 2190 108 63 auf
1771 2190 112 64 den
1928 2210 182 44 ersten
2154 2192 147 63 Blick
2343 2216 68 39 so
2455 2193 245 62 anders*

377 2295 181 66 artige
599 2281 456 86 Temperament
1106 2287 101 65 der
1248 2288 208 64 beiden
1498 2300 280 70 gemeint,-
1827 2290 137 62 aber
2011 2298 121 55 sein
2174 2290 338 81 Ausspruch
2563 2300 137 71 ging

376 2382 113 64 viel
538 2384 193 73 tiefer,
783 2385 85 63 als
919 2410 61 40 er
1031 2411 62 39 es
1144 2386 176 65 selbst
1370 2386 292 66 verstand.
1714 2387 64 63 In
1820 2381 202 86 Tycho
2071 2387 119 63 und
2231 2387 217 80 Kepler
2497 2413 200 38 waren

377 2483 277 63 einander
702 2483 243 63 wirklich
995 2494 150 53 zwei
1190 2485 416 80 Geistigkeiten
1657 2485 612 80 grundverschiedener
2310 2485 119 62 Art
2477 2509 221 56 gegen*

377 2579 355 65 übertreten:
778 2582 103 63 der
923 2582 272 73 einfache,
1238 2583 174 63 nichts
1454 2583 405 74 berechnende,
1905 2592 54 53 in
2001 2592 186 54 seiner
2229 2591 254 72 einzigen
2528 2582 170 62 Rieh*

376 2693 144 64 tung
571 2678 385 64 unbehindert
997 2681 537 73 weiterstürzende,
1576 2679 299 82 gleichsam
1919 2679 353 63 unbewußte
2314 2678 218 81 Kepler
2574 2678 124 62 und

377 2775 101 62 der
528 2777 359 82 zwiespältig
929 2777 336 82 veranlagte
1307 2773 231 84 Tycho,
1582 2779 206 62 dessen
1831 2777 166 64 Seele
2039 2786 56 53 in
2136 2776 261 63 wildeste
2437 2776 260 62 Leiden*

376 2874 175 62 Schaft
576 2875 122 62 und
724 2875 250 81 zugleich
1000 2876 420 74 nüditernsten,
1447 2875 143 64 über
1614 2876 109 63 sich
1751 2875 173 62 selbst
1947 2874 398 63 Rechenschaft
2367 2872 330 64 wissenden

377 2970 303 65 Verstand
707 2974 155 64 ohne
889 2974 273 81 Bindung
1196 2973 596 65 auseinanderklaffte.
1828 2973 63 62 In
1925 2972 217 80 Kepler
2174 2997 126 37 war
2333 2988 151 47 trotz
2510 2979 191 55 seiner

374 3068 224 81 Jugend
641 3072 137 63 alles
823 3072 393 82 ausgeglichen
1261 3072 120 62 und
1422 3096 75 38 zu
1539 3071 268 63 höchsten
1849 3071 353 78 Leistungen
2245 3069 267 63 mühelos
2554 3092 147 40 vor*

376 3166 264 76 bereitet,
692 3170 284 62 während
1016 3165 232 85 Tycho,
1299 3185 166 47 unter
1524 3168 101 63 der
1665 3167 146 62 Last
1858 3176 185 53 seiner
2085 3165 615 81 widerspruchsvollen

377 3262 204 65 Natur
632 3266 114 64 fast
796 3266 651 76 zusammenbrechend,
1498 3275 101 52 mit
1647 3265 416 80 Anspannung
2116 3264 134 62 aller
2301 3262 207 64 Kräfte
2559 3264 142 62 nach

378 3372 155 54 einer
575 3365 240 64 Einheit
863 3392 76 37 zu
981 3375 197 72 ringen
1221 3365 199 64 schien.
1463 3364 236 62 Mochte
1750 3388 119 37 nun
1914 3363 156 62 diese
2112 3387 120 38 von
2267 3356 207 85 Tycho
2518 3386 186 57 ange*

374 3462 215 63 strebte
631 3463 240 64 Einheit
922 3472 125 55 eine
1098 3464 141 61 noch
1291 3462 214 63 höhere
1555 3471 121 53 sein
1729 3460 83 63 als
1863 3459 91 64 die
2005 3459 170 62 durch
2218 3458 251 81 Keplers
2519 3483 187 56 ange*

376 3557 257 66 borenen
679 3561 329 65 Gleichmut
1050 3560 384 73 bezeichnete,
1484 3558 220 64 mochte
1745 3557 271 64 zunächst
2058 3557 219 64 einfach
2328 3566 161 55 seine
2531 3557 174 64 hefti*

376 3680 134 56 gere
551 3660 375 81 vielfältigere
967 3657 459 65 Menschlichkeit
1475 3657 143 63 oder
1666 3680 103 57 gar
1818 3680 110 38 nur
1968 3655 174 63 Älter
2194 3655 126 62 und
2361 3655 345 80 Erfahrung

377 3758 385 64 entscheiden:
806 3759 299 79 jedenfalls
1146 3756 105 65 saß
1294 3781 61 38 er
1394 3755 271 62 zunächst
1707 3763 55 53 in
1806 3763 188 53 seiner
2027 3753 264 63 Führer*
2326 3754 125 62 und
2476 3753 230 63 Unter*

374 3855 348 64 weiserrolle
774 3881 152 56 ganz
975 3857 199 72 sicher,
1225 3853 122 65 und
1397 3852 113 67 daß
1559 3861 103 53 mit
1712 3850 395 64 dämonischer
2156 3850 175 64 Kraft
2391 3852 108 62 das
2542 3850 165 63 Ver*

376 3949 208 68 hältnis
626 3955 138 63 bald
806 3955 361 78 Umschlägen
1210 3951 221 75 würde,
1475 3951 93 80 lag
1610 3949 249 83 gänzlich
1905 3949 180 64 außer
2118 3958 222 55 seinem
2375 3958 114 56 wie
2526 3948 182 65 außer
