3219 4572
1063 415 174 52 Ufridj
1266 415 418 55 Rauscher-Das
1717 426 241 49 zerstörte
1989 426 154 63 Dorf

2675 445 65 52 35

520 610 115 62 Die
687 610 137 63 Zeit
873 620 71 53 ist
993 611 145 62 nicht
1194 609 366 81 gleichmäßig
1619 621 113 54 wie
1791 633 155 45 etwa
1997 629 124 53 eine
2169 623 285 67 Luftzone
2503 657 97 38 um
2649 638 88 62 die

440 705 296 81 Erdkugel
776 724 297 62 gespannt.
1134 705 99 65 Sie
1275 705 102 62 hat
1419 701 175 68 Täler
1635 709 120 62 und
1796 710 239 78 Höhen,
2086 717 119 63 hier
2244 730 167 72 steigt
2450 734 79 54 sie
2572 728 161 65 blitz*

437 802 202 63 schnell
681 805 105 61 auf
822 814 112 52 wie
977 814 89 54 ein
1111 803 394 63 vulkanisches
1542 804 251 65 Gebilde
1835 812 121 61 und
1998 812 131 63 dort
2160 818 211 62 wächst
2412 823 118 61 und
2569 849 167 40 wan*

438 899 115 61 deit
593 908 82 54 sie
716 902 108 61 sich
868 901 263 80 langsam
1174 910 111 52 wie
1330 899 249 64 Schiefer
1619 926 77 38 zu
1738 903 185 65 Staub
1966 910 120 62 und
2126 911 247 67 Humus,
2431 916 163 66 Über
2625 922 107 62 den

436 995 216 77 großen
695 996 241 63 Städten
981 1014 127 62 ragt
1157 1005 84 53 sie
1283 1005 104 52 mit
1429 996 112 63 den
1584 998 256 65 Fühlern
1884 1002 101 64 der
2026 1005 396 70 Schornsteine
2473 1014 137 64 hoch
2651 1026 84 55 ins

435 1091 96 62 20,
567 1092 396 79 Jahrhundert,
1006 1103 83 53 sie
1122 1092 151 63 wirft
1307 1094 112 61 den
1456 1094 200 63 Schein
1693 1098 146 62 ihrer
1872 1101 409 68 allnächtlichen
2317 1108 418 70 Feuersbrunst

433 1188 143 61 über
616 1188 159 63 ferne
809 1189 349 79 Begebnisse
1202 1213 110 38 vor
1353 1190 110 62 sich
1498 1191 115 65 her.
1659 1191 165 67 Über
1865 1197 110 63 den
2011 1199 256 66 Dörfern
2308 1205 190 79 glänzt
2539 1216 193 57 immer

433 1284 141 61 noch
617 1294 125 54 eine
784 1285 93 63 für
917 1311 111 37 uns
1070 1287 364 63 versunkene
1466 1288 157 74 Zeit,
1668 1292 90 62 die
1800 1317 110 38 uns
1951 1297 354 82 sehnsüchtig
2338 1303 196 62 macht.
2580 1305 148 64 Man

431 1378 213 64 könnte
687 1391 125 52 eine
854 1381 369 63 Stufenleiter
1266 1382 322 75 aufstellen,
1641 1411 118 40 von
1804 1390 100 63 der
1943 1392 418 67 brausendsten
2404 1399 322 77 Weltstadt,

432 1499 97 38 wo
560 1477 129 76 jede
714 1477 183 62 Stube
922 1479 235 62 Bureau
1194 1480 121 61 und
1338 1481 158 78 jeder
1522 1482 202 65 Schritt
1757 1487 137 61 nach
1931 1489 129 63 dem
2088 1491 255 65 Gewinn
2369 1519 76 38 zu
2468 1498 259 77 gerichtet

429 1579 89 62 ist,
562 1597 97 36 wo
701 1572 271 61 niemand
1014 1574 162 62 mehr
1218 1576 220 74 wohnt,
1484 1579 177 63 außer
1701 1580 178 65 Fürst
1920 1586 120 61 und
2080 1586 479 80 Armenhäusler,
2601 1604 125 54 nie*

429 1668 174 61 mand
644 1669 253 77 geboren
931 1673 147 60 wird
1113 1673 120 61 und
1275 1677 272 61 niemand
1585 1678 186 63 stirbt:
1814 1682 207 62 zurück
2055 1684 141 62 über
2229 1687 109 61 den
2374 1687 200 65 Kranz
2606 1716 117 38 von

427 1763 336 62 städtischen
814 1764 278 76 Dörfern,
1146 1768 188 64 denen
1385 1771 200 63 Leben
1636 1786 281 53 zuströmt
1970 1804 136 36 vom
2155 1781 303 76 Zentrum,
2517 1787 205 62 zurück

427 1857 141 62 über
617 1860 91 60 die
756 1860 239 74 breiten,
1054 1865 341 63 nahrhaften
1448 1868 387 77 Ortschaften,
1896 1873 110 64 den
2059 1876 491 80 Speisekammern
2601 1908 117 37 von

427 1951 319 65 Weltstadt
788 1957 120 61 und
951 1957 279 83 Gefolge,
1270 1962 88 63 bis
1407 1988 77 38 zu
1527 1965 110 62 den
1680 1967 256 64 Dörfern
1994 1995 92 37 am
2136 1973 318 82 Berghang,
2506 1976 211 64 Wein*

424 2047 209 82 bergen
653 2054 119 61 und
799 2054 539 67 halsbrecherischen
1357 2059 284 77 Weiden,-
1666 2064 89 62 die
1781 2065 214 64 Höhen
2023 2068 216 73 hinauf,
2261 2094 75 39 zu
2355 2072 109 62 den
2483 2074 230 62 Fernen

423 2154 99 52 mit
563 2147 185 63 Wald
791 2150 120 63 und
954 2150 493 84 Gebirgsmatten,
1487 2158 88 63 bis
1616 2185 104 36 zur
1759 2162 205 63 letzten
2007 2166 223 72 dürren,
2274 2177 271 70 steinigen
2581 2169 131 64 Sie*

423 2239 224 82 delung,
690 2243 91 64 die
823 2246 145 63 nicht
1010 2249 209 64 anders
1263 2276 141 51 war,
1449 2254 84 63 als
1575 2256 108 62 sich
1726 2266 88 53 ein
1848 2258 321 64 Friedloser
2201 2286 107 37 vor
2348 2262 130 62 dem
2520 2289 185 38 neuen

422 2336 401 82 Christengott
864 2352 56 52 in
964 2343 92 64 die
1090 2346 237 65 Einöde
1360 2350 272 66 flüchtete.
1677 2352 167 64 Aber
1877 2355 143 62 über
2054 2356 128 62 dem
2215 2369 311 52 zerstörten
2553 2361 162 61 Dorf

418 2434 329 64 zwielichtet
796 2439 92 62 die
925 2440 222 76 Urzeit,
1199 2469 99 38 wo
1341 2455 89 53 ein
1465 2448 308 64 Einzelner
1812 2475 178 55 gegen
2026 2454 166 61 wilde
2227 2454 308 63 Menschen
2586 2458 119 62 und

418 2525 170 67 Tiere
638 2534 110 61 den
802 2535 186 64 Stein'
1014 2542 162 62 warf.
1249 2542 203 64 Nichts
1509 2545 151 63 steht
1707 2549 276 61 zwischen
2035 2549 113 61 ihm
2197 2550 118 61 und
2365 2550 129 63 dem
2544 2550 160 64 Ver*

417 2624 212 65 derben
673 2630 120 63 und
832 2633 160 77 jedes
1034 2635 197 64 Feuer
1278 2649 244 54 zerstört
1570 2652 119 52 sein
1739 2667 212 55 ganzes
1993 2644 138 61 Hab
2182 2644 118 63 und
2343 2646 151 63 Gut;
2547 2646 154 63 Was

415 2729 201 56 immer
657 2726 105 62 das
803 2728 316 65 bäuerliche
1152 2732 172 64 Land
1364 2743 75 53 im
1482 2737 247 62 Frieden
1772 2747 54 52 in
1870 2764 210 38 unsere
2120 2740 134 62 Zeit
2295 2741 293 80 einbezog,
2629 2752 71 52 ist

414 2818 304 80 verflogen.
761 2823 116 64 Die
921 2825 394 84 Vernichtung
1355 2831 134 79 geht
1532 2841 110 54 wie
1684 2834 89 62 die
1816 2835 169 62 wilde
2025 2835 138 79 Jagd
2205 2835 138 62 über
2384 2837 163 61 Dorf
2578 2840 120 61 und

413 2912 160 74 Flur,
633 2917 346 68 Pferdehufe
1037 2925 120 61 und
1214 2926 461 64 Kanonenräder
1730 2940 288 52 zerstören
2088 2940 88 52 ein
2234 2931 319 78 Jahrzehnt,
2620 2943 76 52 im

412 3011 364 77 sprühenden
812 3016 287 65 Saatkorn
1142 3022 301 80 verfliegen
1486 3024 90 61 die
1609 3024 422 64 Kommenden,
2075 3027 83 61 Ich
2193 3027 164 72 habe,
2402 3052 73 38 an
2511 3038 185 52 einem

412 3108 364 66 verlassenen
821 3113 113 64 See
977 3116 420 81 Ostpreußens,
1449 3128 163 54 einen
1661 3121 193 78 Hügel
1904 3122 296 74 aufwärts,
2251 3132 90 52 ein
2390 3135 306 53 zerstörtes

410 3202 160 65 Dorf
602 3208 263 78 gesehen.
925 3212 131 62 Das
1099 3212 336 65 Wirtshaus
1487 3217 174 61 stand
1712 3217 159 73 noch,
1922 3241 106 38 nur
2078 3218 129 61 dort
2247 3220 275 62 wohnten
2574 3222 121 62 und

409 3307 206 73 gingen
666 3305 142 62 noch
859 3307 331 65 Menschen.
1249 3311 169 61 Aber
1467 3312 104 61 alle
1622 3312 213 63 andern
1879 3314 234 62 Häuser
2162 3338 195 39 waren
2399 3317 295 73 zerstückt,

408 3392 124 65 kein
578 3397 161 64 Dach
783 3403 160 61 mehr
982 3428 76 38 zu
1099 3405 190 62 sehen.
1349 3405 143 62 Und
1543 3431 107 38 aus
1691 3406 110 63 den
1844 3406 405 65 Schuttstätten
2301 3419 218 71 stiegen
2561 3437 135 38 ver*

407 3499 227 69 wittert,
675 3505 102 54 mit
809 3498 236 65 breitem
1078 3500 487 74 Lehmunterbau,
1608 3503 90 61 die
1731 3503 267 74 Kamine,
2044 3504 82 61 als
2152 3505 243 63 ständen
2431 3517 81 53 sie
2554 3509 142 62 über

408 3585 109 64 den
559 3589 359 68 Feueressen
962 3621 119 38 von
1123 3597 248 62 Höhlen.
1430 3597 61 62 In
1534 3598 111 62 den
1687 3598 284 65 Wäldern
2016 3610 251 69 ringsum
2310 3603 248 64 schrieen
2601 3606 92 62 die

404 3681 253 78 Hirsche,
708 3688 100 63 der
856 3691 319 80 Herbsttag
1223 3692 348 62 schimmerte
1622 3693 130 63 blaß
1802 3695 143 62 über
1997 3697 110 60 den
2158 3696 189 63 kalten
2398 3700 291 63 Kaminen

405 3776 184 66 dieses
645 3795 317 53 zerstörten
1023 3789 119 61 und
1200 3787 289 64 scheinbar
1543 3798 60 53 in
1660 3790 92 61 die
1809 3792 472 65 trümmerbesäte
2340 3796 162 62 Erde
2559 3822 135 38 ver*

403 3869 311 71 krochenen
766 3880 232 66 Dorfes.
1067 3884 145 61 Hier
1260 3883 202 62 fuhren
1514 3893 142 54 einst
1706 3885 414 81 Erntewagen,
2180 3898 55 53 in
2285 3892 188 76 jedem
2521 3893 170 62 Haus

402 3970 240 62 wurden
692 3984 106 52 seit
843 3977 450 78 Jahrhunderten
1353 3979 313 64 Menschen
1717 3980 300 65 desselben
2079 3984 275 65 Namens
2411 3988 280 79 geboren,-
