3425 4572
1311 404 139 53 Max
1477 403 155 52 Brod
1648 427 7 11 •
1682 398 161 66 Tycßo
1875 399 144 52 Braß
2019 416 52 33 es
2107 396 120 64 Weg
2260 413 68 31 zu
2365 392 131 52 Gott

744 409 93 52 104

745 604 279 80 kundiger
1071 601 289 64 besessen.
1406 599 134 73 Oh,
1583 596 174 64 welch
1800 604 90 53 ein
1932 591 384 81 ungeheures,
2359 595 91 52 nie
2491 582 312 81 gesehenes
2844 581 203 63 Werk!

746 701 122 63 Ein
905 699 204 65 Schloß
1153 696 180 65 erhob
1376 695 109 64 sich
1528 694 109 63 auf
1670 694 102 62 der
1811 689 176 76 Insel,
2027 698 56 53 in
2125 680 504 86 geschmackvoller
2670 701 179 40 neuer
2888 677 123 61 Bau-

750 814 108 56 art,
899 797 143 63 reich
1084 803 260 62 verziert,
1387 816 69 39 so
1498 814 147 56 ganz
1678 789 138 62 nach
1851 795 242 54 meinem
2126 783 263 68 Herzen,*
2430 801 61 39 es
2525 776 158 61 hatte
2717 783 126 53 eine
2876 773 176 80 große

751 893 241 65 Anzahl
1016 917 121 40 von
1171 901 219 70 spitzen
1416 888 284 73 Dächern,
1735 887 92 61 die
1861 884 416 79 abgenommen
2312 874 233 64 werden
2580 872 271 72 konnten,
2878 893 174 38 wenn

751 1000 108 53 wir
901 991 92 62 die
1037 988 205 64 Sterne
1284 985 422 64 beobachteten.
1750 983 129 61 Das
1921 1002 182 58 ganze
2145 973 229 73 Schloß,
2416 978 100 55 mit
2558 967 353 63 Ausnahme
2953 966 100 62 der

756 1088 441 71 Wohnräume,
1247 1108 126 37 war
1415 1080 276 80 angefullt
1731 1088 101 53 mit
1872 1085 225 55 meinen
2140 1070 300 65 herrlichen
2482 1066 364 79 Apparaten,
2893 1062 163 80 Jeder

758 1184 257 62 einzelne
1048 1182 276 80 Apparat
1364 1178 170 62 stand
1576 1201 84 47 so,
1702 1184 113 53 wie
1856 1173 79 62 ich
1976 1171 96 63 ihn
2114 1168 261 64 brauchte
2417 1162 121 64 und
2581 1185 94 38 am
2716 1160 200 62 besten
2949 1157 72 63 be-

756 1298 215 46 nutzen
1021 1279 232 63 konnte.
1297 1275 163 80 Jeder
1500 1272 259 75 Schüler,
1808 1296 118 38 von
1969 1269 185 62 denen
2197 1289 61 39 es
2300 1273 76 53 im
2421 1260 256 65 Schlosse
2727 1255 330 74 wimmelte,

757 1378 158 61 hatte
957 1385 157 53 seine
1147 1373 229 73 Arbeit,
1419 1378 157 55 seine
1612 1367 223 65 Stunde
1876 1366 119 62 und
2028 1372 120 56 sein
2183 1363 273 61 Zimmer,
2500 1355 204 64 Welch
2740 1362 125 53 eine
2898 1361 128 69 gött-

758 1474 134 63 liche
926 1471 294 78 Ordnung
1253 1466 278 65 herrschte
1566 1466 93 71 da,
1693 1474 113 52 wie
1839 1461 203 63 wurde
2074 1457 296 81 tagtäglich
2404 1471 181 47 etwas
2618 1448 439 81 Ersprießliches

757 1578 79 53 im
878 1569 242 62 Dienste
1162 1565 101 61 der
1303 1560 417 65 Wissenschaft
1761 1557 317 80 gefunden,
2121 1564 112 53 wie
2272 1551 264 64 wuchsen
2580 1570 205 41 unsere
2827 1543 195 80 Ergeb-

760 1674 152 54 nisse
963 1688 74 37 an
1087 1660 121 64 und
1259 1660 195 61 hätten
1496 1656 162 73 bald,
1710 1656 164 78 ruhig
1915 1654 108 62 sich
2068 1649 357 72 anhäufend,
2477 1646 110 63 den
2630 1640 279 66 Schlüssel
2959 1639 101 61 der

760 1762 194 63 sieben
982 1759 260 80 Sphären
1270 1780 140 39 vom
1434 1754 360 61 Firmament
1828 1749 391 80 herabgeholt!
2253 1745 145 64 Und
2425 1744 141 62 über
2591 1742 183 62 dieser
2808 1744 250 71 emsigen

761 1857 121 62 und
932 1853 323 65 erhabenen
1308 1850 215 63 Arbeit
1580 1850 273 60 leuchtete
1903 1870 172 39 unser
2125 1841 446 69 Wahrzeichen,
2630 1846 126 53 eine
2813 1833 247 80 goldene

760 1951 400 65 Wetterfahne
1211 1957 55 54 in
1312 1946 238 65 Gestalt
1592 1946 101 62 des
1736 1945 280 79 Pegasus,
2067 1941 142 62 über
2251 1940 110 62 den
2406 1936 166 65 Sund
2613 1935 95 62 hin
2750 1932 86 64 bis
2878 1952 182 58 gegen

762 2049 327 77 Helsingör,
1143 2045 65 62 O
1259 2053 151 53 mein
1462 2043 288 71 Hvenna,
1794 2039 350 63 Venusische
2194 2035 172 72 Insel,
2425 2041 113 54 wie
2596 2030 79 62 ich
2733 2036 101 54 mit
2888 2025 174 62 Recht

761 2145 205 63 deinen
1001 2142 244 63 Namen
1287 2140 273 79 gedeutet
1602 2138 166 72 habe,
1811 2130 560 71 Scharlach-Eiland,
2406 2129 167 63 Stern
2609 2126 100 61 der
2742 2121 319 65 nördlichen

764 2242 223 71 Meere,
1030 2247 113 55 wie
1194 2237 149 62 habe
1396 2236 83 62 ich
1532 2234 117 63 dich
1700 2232 237 82 geliebt?
2100 2228 193 63 Dabei
2342 2237 71 52 ist
2462 2223 141 65 noch
2646 2246 100 56 gar
2788 2219 142 62 nicht
2973 2242 62 37 er-

761 2337 224 73 wähnt,
1029 2335 113 63 daß
1184 2333 109 64 sich
1336 2332 143 62 noch
1522 2340 90 54 ein
1655 2338 233 55 zweites
1932 2326 317 72 Gebäude,
2293 2347 108 38 nur
2441 2321 93 62 für
2575 2342 207 40 unsere
2822 2325 210 53 wissen-

761 2431 343 66 schaftlichen
1147 2429 271 72 Zwecke,
1463 2453 74 37 an
1580 2427 102 63 der
1715 2426 267 62 Südseite
2023 2424 101 61 der
2157 2420 146 63 Insel
2345 2416 231 65 befand.
2620 2413 90 64 Es
2752 2412 127 62 hieß
2914 2410 123 64 Stel-

764 2530 355 78 laeburgum,
1164 2528 92 62 die
1291 2525 412 78 Sternenburg,
1745 2521 120 64 und
1904 2544 126 40 war
2070 2519 279 63 durchaus
2390 2510 362 67 unterirdisch
2789 2507 281 79 angelegt,

764 2650 108 39 nur
905 2625 91 63 die
1030 2623 273 81 Kuppeln
1339 2638 201 64 ragten
1574 2629 112 54 wie
1719 2619 180 64 kleine
1932 2617 194 80 Hügel
2161 2615 141 63 über
2336 2612 110 62 den
2481 2609 222 63 Boden,
2747 2604 143 65 Auf
2915 2604 156 61 diese

765 2723 119 63 Art
932 2721 150 62 habe
1133 2719 79 63 ich
1255 2719 92 63 die
1390 2718 381 62 Instrumente
1820 2739 182 55 gegen
2045 2713 112 62 den
2200 2708 188 65 Wind
2437 2706 303 81 geschützt.
2792 2700 87 64 Ich
2921 2699 150 62 habe

770 2819 137 63 auch
952 2829 124 52 eine
1118 2815 249 64 Inschrift
1409 2813 251 74 verfaßt,
1702 2821 56 53 in
1801 2812 100 62 der
1943 2810 79 63 ich
2065 2810 93 62 die
2199 2806 183 63 Muse
2423 2803 87 63 ihr
2550 2802 336 62 Erstaunen
2929 2797 143 61 über

770 2916 194 61 diesen
1006 2911 197 65 Keller
1254 2910 357 63 ausdrücken
1653 2909 120 62 und
1814 2905 368 81 versprechen
2224 2902 135 73 ließ,
2402 2899 174 63 selbst
2615 2921 121 39 von
2778 2895 146 72 hier,
2968 2915 107 38 aus

771 3013 113 62 den
925 3006 206 67 Tiefen
1183 3009 103 62 der
1327 3008 192 73 Erde,
1571 3008 111 61 den
1724 3005 161 80 Weg
1935 3029 74 37 zu
2060 3003 111 62 den
2215 3000 245 64 Sternen
2510 3020 76 37 zu
2627 3001 233 54 weisen.
2905 2989 171 63 Aber

772 3108 143 64 nicht
948 3107 221 63 minder
1202 3104 161 82 groß,
1406 3104 106 63 das
1545 3103 136 62 muß
1716 3103 78 62 ich
1828 3125 195 55 sagen,
2059 3122 124 39 war
2218 3098 105 61 das
2357 3095 336 61 Erstaunen
2736 3088 101 62 des
2871 3085 174 78 könig-

774 3205 170 62 lichen
987 3203 485 73 Schatzmeisters,
1515 3200 83 63 als
1640 3200 91 63 die
1763 3200 362 62 Baumeister
2157 3194 120 63 ihre
2308 3191 385 75 Rechnungen
2737 3184 92 61 für
2869 3205 209 39 unsere

775 3300 231 80 Krypta
1047 3299 313 80 vorlegten.
1418 3294 317 66 Trotzdem
1777 3295 203 63 wurde
2023 3294 135 63 alles
2202 3290 186 63 sofort
2430 3285 108 63 auf
2573 3285 106 59 das
2722 3278 357 80 freigebigste

778 3396 250 74 bezahlt,
1079 3396 101 63 der
1221 3413 137 62 gute
1400 3394 199 79 König
1647 3394 114 80 gab
1804 3401 105 54 mir
1950 3390 141 64 noch
2134 3398 126 54 eine
2299 3381 257 67 Pfründe
2605 3377 342 71 obendrein,
2998 3374 83 62 als

778 3516 63 38 er
888 3493 128 72 sah,
1068 3493 115 62 daß
1233 3492 79 62 ich
1357 3490 138 64 auch
1537 3499 151 54 mein
1731 3490 510 75 Privatvermögen
2291 3504 135 40 zum
2467 3476 193 64 Ruhm
2703 3471 101 64 des
2845 3470 236 62 Landes

781 3588 92 61 für
920 3588 152 62 diese
1113 3589 226 63 Bauten
1391 3587 356 63 aufwandte.
1800 3586 170 63 Aber
2021 3606 208 41 unsere
2271 3575 245 79 Erfolge
2566 3570 205 63 kamen
2816 3567 109 62 den
2970 3592 76 36 un-

783 3683 420 79 gewöhnlichen
1237 3685 229 62 Kosten
1509 3685 189 78 gleich,
1743 3683 105 63 das
1890 3682 105 64 sah
2040 3681 146 62 eben
2234 3675 158 80 jeder
2425 3680 108 53 ein.
2568 3666 129 63 Wir
2730 3687 196 40 waren
2953 3658 131 84 Tag

784 3779 122 62 und
943 3777 193 64 Nacht
1185 3805 75 37 an
1311 3804 246 39 unseren
1601 3780 374 80 Apparaten,
2027 3776 93 62 für
2168 3777 266 69 zwanzig
2476 3762 229 65 Schüler
2755 3758 122 64 und
2926 3758 159 63 mehr

785 3873 113 81 gab
941 3897 60 39 es
1042 3898 75 38 zu
1156 3892 119 47 tun,
1319 3875 295 81 Regenten
1658 3876 136 63 aller
1824 3874 234 65 Länder
2100 3871 226 68 kamen,
2368 3887 100 38 um
2511 3860 183 62 dieses
2737 3856 168 61 ihnen
2948 3855 110 63 selt-

793 4001 128 39 sam
957 3977 388 64 erscheinende
1368 3972 243 67 Treiben
1645 3973 225 63 kennen
1904 3996 76 37 zu
2012 3970 215 71 lernen,
2260 3962 235 76 Könige
2526 3954 121 65 und
2679 3953 406 78 Herzoginnen
