3268 4572
991 405 137 50 Max
1329 405 156 51 Brocf
1362 429 137 9 ■
1500 403 20 63 Bgcßo
2120 405 49 49 Br
1936 424 67 31 zu
2040 405 129 50 Gott

2650 408 62 50 85

508 599 301 64 Elisabeth
842 599 195 63 schrak
1073 597 121 71 auf,
1230 596 108 62 ließ
1373 619 121 38 von
1529 595 131 61 dem
1697 595 307 61 Geliebten
2040 595 91 72 ab,
2166 595 181 62 schien
2382 596 134 61 aber
2548 599 135 61 wirk-

426 698 96 63 lich
576 713 113 44 erst
736 705 136 69 jetzt
920 721 76 36 zu
1046 693 334 71 bemerken,
1432 690 111 62 daß
1594 699 83 53 sie
1726 689 143 62 nicht
1921 690 162 61 allein
2133 714 210 37 waren.
2394 691 153 61 Eine
2597 694 124 61 edle

426 792 413 63 Natürlichkeit
879 790 93 80 lag
1014 799 56 54 in
1113 789 101 61 der
1247 789 351 75 Bewegung,
1644 794 100 52 mit
1786 785 102 61 der
1919 793 83 53 sie
2035 785 110 61 den
2181 784 171 79 Kopf
2384 785 207 63 senkte.
2633 787 90 62 Ihr

428 887 237 65 Gesicht
704 887 185 62 färbte
931 886 109 63 sich
1084 886 237 71 blutrot,
1364 906 69 38 so
1477 881 113 62 daß
1634 881 91 61 die
1767 879 362 63 hellblonden
2171 881 200 61 Haare
2421 881 119 61 und
2580 905 144 54 ganz

428 985 196 62 lichten
651 983 442 80 Augenbrauen
1128 988 259 55 inmitten
1423 978 186 61 dieser
1634 977 152 62 Röte
1820 986 113 52 wie
1966 976 400 79 weißglühend
2393 977 329 64 erschienen.

506 1081 302 78 Hagecius
850 1080 227 79 begann
1120 1076 187 64 sofort
1349 1075 154 62 ohne
1528 1072 403 80 Verlegenheit
1973 1074 90 59 die
2103 1072 215 61 übliche
2360 1072 366 63 Gratulation

427 1176 122 63 und
597 1185 134 70 ging
780 1185 55 52 in
889 1184 164 53 einen
1105 1174 243 76 lustigen
1390 1169 410 63 Wortschwall
1849 1168 154 62 über.
2054 1168 152 62 Nun
2257 1169 226 61 lächelte
2531 1166 199 82 Teng*

427 1272 169 78 nage!
644 1270 431 80 selbstgefällig,
1128 1268 121 62 und
1291 1268 77 61 da
1410 1267 93 61 die
1543 1264 179 64 Sache
1773 1264 216 62 wieder
2030 1273 56 52 in
2130 1263 294 80 Ordnung
2472 1263 259 80 gebracht

428 1368 205 73 schien,
676 1367 236 62 wandte
955 1389 60 38 er
1057 1366 107 61 sich
1211 1363 137 62 auch
1392 1363 132 61 dem
1557 1361 292 62 Mädchen
1884 1386 92 47 zu,
2016 1359 273 80 begrüßte
2322 1369 81 54 sie
2436 1359 295 82 gleichsam

431 1481 113 46 erst
585 1472 151 70 jetzt.
783 1462 97 64 Sie
924 1462 163 73 aber,
1138 1469 201 53 immer
1381 1458 141 63 noch
1565 1458 179 61 außer
1785 1457 134 73 sich,
1970 1457 104 62 sah
2117 1480 116 38 von
2276 1451 334 84 Tengnagel
2657 1480 74 37 zu

431 1561 330 79 Hagecius,
806 1584 119 37 von
967 1560 303 77 Hagecius
1311 1582 76 36 zu
1428 1551 338 84 Tengnagel
1809 1554 120 62 und
1970 1554 347 72 stammelte,
2361 1554 83 62 als
2484 1552 248 79 begreife

430 1665 82 55 sie
555 1655 102 62 der
690 1655 206 62 beiden
930 1653 413 81 gleichgültiges
1380 1650 236 65 Gerede
1650 1650 160 73 nicht,
1846 1658 100 53 mit
1979 1649 161 62 leiser
2172 1649 208 80 Klage:
2429 1648 122 62 »Ich
2584 1648 147 62 habe

430 1754 171 63 schon
644 1752 289 80 geglaubt,
976 1750 113 63 daß
1132 1775 58 36 er
1234 1749 143 62 nicht
1418 1748 216 62 wieder
1675 1771 74 37 zu
1792 1756 104 52 mir
1937 1745 471 63 zurückkommen
2451 1745 196 61 wird.«

515 1850 184 62 »Was
741 1848 230 80 sprichst
1014 1847 147 62 du?«
1209 1846 134 62 fuhr
1383 1841 338 82 Tengnagel
1763 1852 81 53 sie
1886 1867 87 38 an.

512 1946 98 64 Sie
652 1945 175 62 lachte
868 1945 117 61 ihm
1028 1952 86 55 ins
1157 1942 299 80 ärgerliche
1499 1941 234 63 Gesicht
1773 1940 120 61 und
1933 1938 214 63 machte
2187 1938 231 72 Miene,
2468 1937 117 62 ihm
2628 1961 102 37 so*

430 2043 115 62 fort
577 2041 216 63 wieder
833 2065 101 37 um
968 2040 111 62 den
1114 2040 149 61 Hals
1303 2064 78 36 zu
1414 2038 189 72 fallen,
1640 2038 152 60 ohne
1824 2035 126 80 jede
1983 2035 287 61 Rücksicht
2312 2034 109 62 auf
2446 2034 92 61 die
2571 2032 159 63 Um*

433 2139 221 61 stände.
708 2138 89 61 Er
847 2138 138 61 aber
1034 2137 254 62 runzelte
1339 2135 93 61 die
1484 2134 150 62 Stirn
1684 2133 121 62 und
1855 2142 141 52 wies
2043 2131 127 79 jede
2219 2129 361 62 Zärtlichkeit
2637 2129 90 66 ab.

433 2234 293 63 Vielmehr
767 2233 235 62 wandte
1044 2257 60 37 er
1146 2232 109 62 sich
1296 2231 232 72 wieder,
1575 2229 81 63 als
1698 2237 82 53 sei
1813 2228 105 62 das
1951 2227 283 62 Mädchen
2277 2250 101 55 gar
2411 2224 142 62 nicht
2586 2247 142 38 vor*

435 2331 259 72 banden,
753 2340 102 53 mit
905 2352 440 58 ungezwungen
1397 2327 409 80 gleichgültiger
1855 2326 201 61 Miene
2115 2347 72 37 an
2246 2323 301 78 Hagecius
2608 2319 120 63 und

437 2426 187 62 führte
659 2436 125 52 eine
818 2426 339 79 Erzählung
1181 2434 218 62 weiter,
1434 2424 90 61 die
1560 2424 100 59 der
1686 2420 397 63 Zwischenfall
2117 2417 406 64 unterbrochen
2551 2417 172 60 hatte,

520 2524 139 61 »Du
710 2524 313 61 kümmerst
1072 2521 118 63 dich
1242 2521 139 61 aber
1429 2543 103 56 gar
1581 2519 144 61 nicht
1766 2542 97 37 um
1907 2516 191 71 mich,«
2147 2514 108 62 rief
2290 2514 104 62 das
2436 2511 291 62 Mädchen

436 2620 136 61 nach
624 2629 155 52 einer
828 2619 220 62 kleinen
1099 2618 209 62 Weile,
1368 2617 92 61 Ihr
1515 2615 237 63 schönes
1801 2622 215 68 rosiges
2065 2610 225 63 Antlitz
2346 2632 215 54 verzog
2618 2606 110 63 sich

435 2716 331 73 weinerlich,
803 2716 140 62 doch
978 2723 126 54 eine
1137 2712 345 82 sprudelnde
1508 2711 414 77 Lebhaftigkeit
1955 2708 180 72 darin,
2161 2707 90 61 die
2284 2714 197 52 immer
2514 2703 216 62 wieder

435 2812 404 73 hervorbrach,
905 2811 256 62 milderte
1213 2810 90 62 die
1353 2805 225 64 Trauer
1635 2816 56 52 in
1742 2806 111 61 den
1902 2813 209 69 jungen
2161 2802 222 79 Zügen.
2441 2800 146 60 Und
2637 2800 94 60 die

437 2909 318 78 zügellose,
811 2907 247 64 förmlich
1109 2905 352 65 unbewußte
1503 2902 324 72 Offenheit,
1876 2909 100 53 mit
2025 2899 100 62 der
2166 2907 80 54 sie
2288 2896 219 81 sprach,
2558 2895 173 79 paßte

436 3005 343 62 wunderlich
821 3029 75 37 zu
940 3005 215 61 diesem
1197 2999 598 82 Aprilwettergesicht,

520 3102 124 79 »Ja,
694 3111 175 70 junge
919 3101 205 62 schöne
1175 3099 233 61 Frauen
1460 3095 207 63 wollen
1719 3102 198 53 immer
1965 3090 251 63 beachtet
2257 3097 178 63 sein,«
2491 3087 242 62 erklärte

435 3197 303 80 Hagecius
780 3207 102 52 mit
922 3196 289 63 trockener
1255 3193 354 62 Galanterie,

517 3295 142 62 »Du
700 3296 178 78 fragst
919 3295 138 61 mich
1099 3316 100 56 gar
1241 3290 160 71 nicht,
1443 3297 112 52 wie
1589 3311 62 38 es
1693 3294 104 53 mir
1839 3306 285 57 ergangen
2166 3290 89 63 ist,
2297 3288 106 55 seit
2445 3281 81 61 du
2568 3302 167 56 weg*

436 3390 274 78 gefahren
753 3391 162 61 bist.«

515 3487 119 62 Mit
682 3487 364 62 bärenhafter
1096 3484 239 64 Stimme
1385 3479 195 63 wußte
1621 3474 335 82 Tengnagel
2006 3475 171 61 nichts
2228 3473 245 62 anderes
2523 3495 76 39 zu
2641 3494 95 40 er*

436 3583 241 72 widern,
722 3583 104 62 als:
875 3582 209 72 »Nun,
1128 3588 111 54 wie
1281 3587 69 52 ist
1392 3601 61 37 es
1495 3575 84 61 dir
1621 3574 123 61 also
1787 3572 355 78 ergangen?«

520 3677 302 74 »Schlecht,
872 3678 130 63 sehr
1051 3676 282 71 schlecht,«
1386 3671 217 63 seufzte
1654 3667 316 63 Elisabeth.
2036 3666 122 62 »Ich
2208 3664 151 63 habe
2410 3673 200 54 immer
2662 3689 74 36 an

437 3772 117 63 dich
596 3775 251 79 gedacht.
893 3775 145 61 Und
1080 3772 145 63 du?«

520 3869 226 75 »Auch,
781 3870 192 71 auch,«
1010 3885 161 63 sagte
1204 3863 352 82 Tengnagel,
1589 3861 107 64 sah
1729 3869 81 53 sie
1844 3868 165 53 einen
2035 3857 278 64 Moment
2337 3859 135 80 lang
2496 3856 240 64 wirklich

440 3964 424 65 ausdrucksvoll
915 3974 100 54 mit
1065 3973 194 55 seinen
1308 3960 214 81 großen
1573 3977 199 44 treuen
1814 3955 413 80 Hundeaugen
2280 3979 75 38 an
2407 3955 121 62 und
2568 3954 168 63 schob
