3211 4572
977 403 139 50 Max
1144 403 157 50 Broä
1312 427 9 10 •
1542 399 188 65 Hgcßo
1731 401 116 50 Brakes
1848 400 46 64 Weg
1927 420 68 32 zu
2031 403 130 50 Gott

2645 408 61 50 75

408 597 121 63 und
562 595 160 64 Hilfe
764 597 143 62 nidit
948 597 188 62 fehlen
1179 595 161 64 wird.
1386 594 85 62 Ich
1514 594 292 61 wünschte
1842 593 154 73 aber,
2032 594 112 62 daß
2177 594 141 62 Dich
2354 598 139 61 nicht
2525 598 187 63 Deine

409 701 345 72 ungünstige
794 693 158 80 Lage
1001 719 75 36 zu
1128 701 106 53 mir
1284 691 442 78 heranzwänge,
1771 691 251 61 sondern
2065 691 154 61 Dein
2275 699 223 72 eigenes
2551 693 162 64 freies

408 788 191 64 Urteil
656 790 120 62 und
834 815 74 37 zu
967 813 239 39 unserer
1263 795 429 71 gemeinsamen
1743 785 424 63 Wissenschaft
2225 785 91 63 die
2374 786 174 63 Liehe
2599 790 118 61 und

408 885 705 81 Überschwänglichkeit.«

491 983 216 81 Kepler
747 984 216 62 befand
996 983 109 63 sich
1141 980 222 64 damals
1397 979 240 62 wirklich
1672 988 56 53 in
1764 988 374 71 ungünstiger
2171 979 179 80 Lage,
2396 979 134 62 Sein
2572 980 149 64 Amt

412 1088 155 53 eines
601 1077 718 82 Universitätsprofessors
1345 1075 121 63 und
1495 1074 876 64 »Landschaftsmathematikers
2392 1075 100 63 der
2510 1075 212 64 Steier*

412 1176 198 62 mark«
654 1200 127 38 war
813 1176 266 71 bedroht,
1121 1183 57 69 ja
1211 1182 122 53 sein
1366 1173 199 62 bloßer
1598 1171 353 63 Aufenthalt
1984 1180 76 53 im
2095 1171 207 63 Lande
2335 1172 226 62 brachte
2595 1172 128 63 Ge*

413 1272 158 75 fahr,*
627 1272 152 62 denn
837 1272 219 79 Kepler
1112 1294 127 38 war
1288 1270 347 71 Protestant,
1678 1268 121 63 und
1850 1268 101 63 der
2002 1268 340 79 Erzherzog
2392 1268 334 63 Ferdinand

413 1369 158 62 hatte
614 1369 269 79 unlängst
922 1367 93 63 bei
1058 1375 157 55 einer
1246 1365 319 63 Wallfahrt
1606 1365 208 80 gelobt,
1862 1364 109 63 alle
2006 1365 217 62 Ketzer
2264 1374 55 53 in
2364 1374 195 53 seinen
2596 1365 129 63 Ge*

413 1468 187 61 bieten
639 1481 396 57 auszurotten,
1068 1473 135 71 ging
1239 1464 137 61 auch
1413 1463 251 63 ernstlich
1700 1461 202 74 daran,
1930 1463 186 62 dieses
2148 1461 385 80 Versprechen
2561 1461 165 64 durch

413 1563 478 78 Ausweisungen
941 1561 122 62 und
1104 1559 371 62 Haftbefehle
1526 1558 494 62 wahrzumachen.
2074 1558 217 80 Kepler
2333 1558 197 62 mußte
2573 1568 154 53 seine

411 1670 175 68 junge
627 1658 162 63 Frau
839 1667 57 52 in
940 1658 167 64 Graz
1156 1657 398 62 zurücklassen
1606 1656 122 62 und
1770 1657 138 61 nach
1942 1656 249 79 Ungarn
2243 1655 222 63 fliehen.
2519 1656 209 80 Einige

413 1756 269 81 Jesuiten,
734 1755 92 62 die
875 1764 121 53 sein
1048 1752 554 65 wissenschaftliches
1645 1752 248 63 Wirken
1945 1761 100 55 mit
2087 1752 281 64 Interesse
2408 1751 319 80 verfolgten

416 1853 123 62 und
580 1851 96 63 ihn
718 1850 300 64 schließlich
1061 1851 141 61 noch
1244 1874 137 38 zum
1424 1849 351 63 Katholiken
1825 1874 77 37 zu
1943 1849 234 62 machen
2220 1848 239 73 hofften,
2510 1864 217 47 setzten

417 1958 157 55 seine
616 1947 446 80 Rückberufung
1104 1948 185 63 durch.
1343 1947 203 62 Kaum
1590 1947 140 62 aber
1771 1969 126 39 war
1938 1969 60 39 er
2040 1956 56 52 in
2140 1945 102 63 der
2285 1944 187 74 Stadt,
2514 1969 68 39 so
2623 1944 105 62 be*

417 2070 230 56 gannen
682 2044 93 64 die
799 2043 461 80 Anfeindungen
1296 2069 118 38 von
1451 2067 227 40 neuem.
1716 2042 338 80 Vergebens
2088 2042 272 62 bemühte
2396 2066 59 37 er
2488 2042 107 62 sich
2631 2066 97 37 um

419 2152 127 54 eine
587 2142 354 80 Anstellung
992 2151 55 53 in
1099 2151 187 53 seiner
1334 2140 597 80 württembergischen
1983 2140 253 62 Heimat,
2288 2138 83 64 So
2422 2138 148 63 blieb
2612 2138 116 63 ihm

421 2240 174 62 nichts
646 2240 182 79 übrig,
881 2240 82 62 als
1005 2248 157 54 seine
1204 2237 185 63 Blicke
1439 2237 137 63 nach
1620 2237 151 79 Prag
1811 2263 75 35 zu
1928 2237 219 61 richten.
2199 2236 146 62 Und
2384 2231 200 84 Tycho
2625 2235 111 62 rief

421 2335 385 64 unermüdlich
865 2344 56 53 in
973 2344 197 53 seinen
1222 2334 310 62 herzlichen
1583 2333 251 63 Briefen:
1897 2333 213 63 »Nicht
2161 2334 81 60 als
2286 2331 172 72 Gast,
2510 2330 81 62 als
2637 2354 93 38 er*

417 2432 422 63 wünschtesten
881 2432 241 62 Freund
1170 2432 116 61 will
1336 2432 79 61 ich
1451 2430 118 63 dich
1613 2430 191 63 halten
1848 2430 121 63 und
2012 2429 84 62 als
2139 2429 232 62 liebsten
2416 2428 311 63 Genossen

421 2540 217 52 meiner
689 2528 379 64 himmlischen
1113 2527 574 81 Kontemplationen,
1740 2552 69 37 so
1852 2536 136 53 weit
2031 2527 144 62 eben
2219 2527 90 61 die
2351 2526 379 62 Instrumente

422 2626 343 72 ausreichen,
812 2625 91 62 die
936 2625 80 62 ich
1058 2634 394 71 gegenwärtig
1493 2648 104 38 zur
1629 2625 182 61 Hand
1855 2624 162 62 habe.
2059 2622 145 62 Und
2244 2646 171 37 wenn
2450 2621 103 61 Du
2594 2620 137 62 bald

421 2721 270 74 kommst,
733 2747 69 38 so
846 2723 189 62 finden
1079 2731 106 53 wir
1228 2721 157 64 wohl
1428 2721 138 63 auch
1603 2730 125 54 eine
1764 2721 276 79 Stellung,
2084 2729 54 53 in
2175 2719 100 62 der
2309 2719 89 61 für
2431 2718 142 62 Dich
2608 2718 123 60 und

423 2819 92 61 die
549 2819 230 62 Deinen
825 2818 90 63 für
958 2819 107 62 alle
1098 2818 263 62 Zukunft
1401 2818 197 63 besser
1640 2817 84 63 als
1766 2818 189 62 bisher
1996 2833 227 62 gesorgt
2262 2823 121 55 sein
2418 2813 204 62 wird.«

423 2914 85 64 So
550 2917 210 62 schrieb
804 2917 151 62 denn
1000 2917 236 79 Kepler,
1278 2911 234 85 Tychos
1554 2914 289 63 Ansturm
1894 2922 100 53 mit
2036 2911 443 66 Gemessenheit
2519 2911 213 61 beant*

423 3013 286 72 wortend,
751 3015 273 61 zunächst
1067 3039 74 35 an
1179 3022 180 70 einige
1402 3029 103 63 gut
1547 3011 295 62 Bekannte
1893 3018 54 54 in
1990 3010 167 78 Prag,
2210 3032 73 37 an
2324 3007 225 80 Johann
2592 3006 141 62 Ho*

422 3109 221 73 melius,
695 3134 75 37 an
813 3119 159 53 seine
1015 3109 268 73 Gönner,
1335 3109 111 62 den
1500 3107 324 64 Geheimen
1867 3106 115 61 Rat
2022 3105 193 61 Baron
2258 3102 310 64 Hofmann
2612 3101 123 62 und

426 3206 240 74 andere,
713 3208 122 61 und
878 3206 83 63 als
1013 3208 109 61 alle
1171 3206 116 61 ihm
1338 3215 280 63 zurieten,
1669 3204 108 61 sich
1827 3212 56 52 in
1926 3203 148 77 Prag
2115 3226 75 36 zu
2233 3209 199 71 zeigen
2478 3200 123 61 und
2643 3199 93 62 bei

423 3302 212 63 Kaiser
676 3303 226 62 Rudolf
944 3313 126 52 eine
1110 3303 298 62 dauernde
1449 3299 352 79 Anstellung
1852 3298 405 71 anzustreben,
2303 3313 193 64 wagte
2540 3319 61 40 er
2645 3297 92 61 die

423 3399 179 79 große
643 3401 188 62 Reise.
867 3399 172 63 Weib
1082 3401 121 61 und
1248 3398 358 65 Stieftochter
1648 3397 108 61 ließ
1800 3419 58 39 er
1900 3405 55 52 in
1999 3393 167 64 Graz
2205 3394 229 63 zurüdc.

503 3496 64 61 In
619 3496 151 80 Prag
820 3496 120 62 traf
982 3521 60 39 er
1082 3492 195 84 Tycho
1329 3493 142 64 nicht
1521 3495 188 71 mehr,-
1766 3492 151 61 denn
1968 3491 216 62 diesem
2234 3514 127 38 war
2411 3490 171 62 durch
2634 3490 105 63 des

425 3591 241 65 Kaisers
701 3594 202 63 Gunst
945 3594 145 62 eben
1133 3594 104 62 das
1282 3591 199 64 Schloß
1524 3589 257 63 Benatek
1823 3614 74 36 an
1941 3587 100 63 der
2082 3587 118 64 Iser
2241 3613 137 37 zum
2420 3587 320 64 Wohnsitz

426 3689 122 62 und
588 3716 106 37 zur
734 3690 374 80 Einrichtung
1151 3699 154 54 einer
1345 3688 352 63 Sternwarte
1740 3685 330 62 überlassen
2114 3685 265 62 worden.
2424 3685 172 62 Auch
2641 3684 100 62 der

425 3783 212 65 Kaiser
693 3811 125 38 war
879 3788 139 62 nach
1070 3787 186 62 Pilsen
1310 3784 310 80 abgereist,-
1669 3791 95 53 ein
1818 3797 415 47 unerwartetes
2283 3782 293 80 Ereignis,
2636 3780 105 63 das

425 3882 321 64 mehrfache
797 3886 291 62 unsichere
1129 3885 282 77 Deutung
1463 3880 210 63 erfuhr.
1729 3878 84 64 So
1863 3878 246 64 meldete
2158 3880 111 62 sich
2321 3878 153 64 denn
2525 3878 216 79 Kepler

425 4000 119 38 von
581 3979 151 80 Prag
775 4004 107 39 aus
916 3980 92 63 bei
1042 3977 203 84 Tycho
1288 4004 93 48 an,
1425 3977 101 63 der
1560 3977 114 61 ihm
1710 3975 185 63 sofort
1928 3984 197 54 seinen
2161 3975 412 65 westfälischen
2612 3974 129 63 Ge*
