3385 4572
1299 400 222 50 Wißefm
1548 401 352 49 Hausenstein
1918 425 12 10 ■
1957 397 111 51 Tür
2093 396 82 50 dte
2206 395 173 49 Kunst

676 398 66 50 40

683 593 103 63 der
835 594 282 63 Zukunft.
1180 594 267 80 Unnötig
1496 619 76 37 zu
1621 617 199 56 sagen,
1879 590 112 62 daß
2042 613 61 38 es
2156 585 327 80 überhaupt
2530 584 167 63 keine
2747 585 231 64 Künste

683 713 367 56 Programme
1083 690 185 79 geben
1301 690 172 73 kann,
1507 689 131 64 weil
1672 689 196 61 Kunst
1900 685 355 79 Vegetation
2290 690 87 54 ist.
2425 680 271 74 Gesetzt,
2731 706 63 39 es
2828 682 150 80 gäbe

684 786 590 81 Kunstprogramme:
1319 796 115 53 wie
1467 786 167 63 sollte
1675 784 104 63 das
1813 784 328 77 Programm
2184 777 174 62 heute
2400 777 146 62 oder
2587 802 241 55 morgen
2870 778 70 64 be-

685 884 248 62 schaffen
976 894 144 63 sein,
1162 884 76 62 da
1280 884 166 62 allein
1488 884 168 60 schon
1700 881 101 61 der
1832 903 70 38 so
1936 873 394 65 entschiedene
2366 873 120 63 und
2521 873 313 80 produktiv
2867 900 111 37 am»

685 980 277 62 mutende
1011 980 218 79 Begriff
1279 979 134 79 Sieg
1469 988 74 52 im
1595 972 509 68 Grundsätzlichen
2155 980 113 52 wie
2326 980 75 52 im
2452 970 342 63 Konkreten
2856 971 122 62 und

685 1077 379 63 Besonderen
1105 1087 54 68 je
1200 1077 134 61 nach
1379 1071 526 67 unberechenbaren
1947 1068 423 80 Wandlungen
2422 1066 102 64 der
2565 1068 412 64 Verhältnisse

685 1171 122 62 und
848 1172 321 80 Aufgaben
1211 1169 332 79 notwendig
1592 1178 158 53 seine
1799 1176 198 69 eigene
2039 1164 167 62 Basis
2256 1163 318 63 verschiebt
2625 1164 122 62 und
2798 1164 179 64 damit

685 1276 159 53 seine
886 1268 118 61 Art
1046 1268 230 61 ändert?

766 1365 137 62 Wir
934 1376 254 60 müssen,
1229 1388 170 38 wenn
1436 1386 61 39 es
1533 1385 106 38 uns
1675 1360 203 61 darum
1911 1384 78 37 zu
2022 1376 105 43 tun
2161 1367 92 64 ist,
2297 1357 201 64 ehrlich
2532 1384 78 37 zu
2644 1367 145 63 sein,
2832 1358 142 63 noch

683 1460 349 79 gründlicher
1074 1460 210 78 fragen.
1328 1459 193 77 Bringt
1562 1456 100 63 der
1695 1456 179 78 Krieg
1917 1454 331 81 überhaupt
2288 1455 200 62 Kunst
2530 1455 245 62 hervor?
2818 1455 155 62 Kein

684 1558 181 79 Krieg
904 1558 183 77 bringt
1126 1557 196 61 Kunst
1362 1554 223 62 hervor.
1646 1553 129 62 Das
1818 1562 73 52 ist
1933 1553 144 61 nicht
2118 1562 161 53 seine
2323 1553 196 62 Sache,
2574 1553 175 63 Seine
2792 1552 182 63 Sache

684 1662 73 53 ist
782 1677 83 47 es,
898 1652 419 79 handgreifliche
1343 1651 169 78 Siege
1545 1649 120 63 und
1690 1648 132 64 sehr
1848 1649 312 63 materielle
2185 1649 290 80 politische
2500 1649 201 63 Macht
2726 1649 248 63 hervor*

683 1750 326 77 zubringen.
1030 1748 87 63 Er
1135 1757 71 52 ist
1224 1746 99 63 der
1341 1747 212 62 andere
1569 1746 103 62 Pol
1691 1746 102 62 des
1804 1746 247 63 Lebens,
2074 1746 141 63 Sein
2227 1746 314 81 Gegenpol
2560 1756 72 53 ist
2650 1746 93 62 die
2753 1746 216 62 Kunst.

762 1844 198 63 Bisher
983 1844 219 62 brachte
1228 1842 100 63 der
1352 1844 179 78 Krieg
1555 1853 129 52 eine
1699 1841 240 64 Anzahl
1964 1866 121 39 von
2104 1842 324 73 Novellen,
2447 1868 119 38 von
2593 1842 378 64 literarischen

682 1940 354 62 Manifesten
1078 1939 118 62 und
1237 1963 118 38 von
1381 1939 406 80 Zeichnungen
1821 1938 228 63 hervor.
2086 1939 173 62 Aber
2293 1939 124 63 dies
2451 1964 126 37 war
2611 1940 198 62 weder
2843 1949 128 55 eine

680 2060 169 47 neue,
891 2037 135 61 noch
1070 2034 323 81 überhaupt
1435 2044 126 54 eine
1601 2035 327 63 besondere
1961 2035 215 64 Kunst.
2222 2035 64 63 In
2330 2035 113 63 den
2486 2046 244 52 meisten
2764 2035 206 64 Fällen

679 2156 123 38 war
835 2155 60 39 es
931 2156 171 55 sogar
1135 2142 127 52 eine
1296 2132 265 63 schlechte
1595 2133 213 62 Kunst,
1854 2133 117 62 Die
2005 2132 471 80 Kriegszeitung,
2510 2142 56 52 in
2603 2132 102 62 der
2730 2132 241 63 Lieber*

678 2253 188 47 mann,
909 2223 263 68 Trübner
1206 2228 121 63 und
1367 2228 215 63 andere
1627 2230 92 62 für
1755 2228 273 64 Cassirer
2060 2231 288 71 zeichnen,
2391 2239 72 52 ist
2505 2254 70 38 so
2610 2228 361 64 beelendend

675 2326 214 78 nichtig,
932 2325 110 62 daß
1086 2334 82 53 sie
1210 2326 170 62 nichts
1423 2326 273 64 Besseres
1741 2344 103 44 tun
1887 2326 217 62 könnte
2147 2328 85 62 als
2277 2326 311 64 aufhören.

754 2420 285 64 Weshalb
1074 2432 70 52 ist
1177 2421 104 64 das
1315 2432 221 63 meiste,
1571 2424 104 61 das
1710 2433 102 53 mit
1845 2421 466 65 künstlerischem
2344 2424 313 80 Anspruch
2692 2448 109 37 aus
2837 2423 134 63 dem

675 2517 177 80 Krieg
881 2517 118 62 und
1033 2518 92 62 für
1159 2518 111 62 den
1304 2519 180 80 Krieg
1516 2521 324 77 gezeichnet
1872 2519 122 64 und
2025 2521 365 78 geschrieben
2424 2521 165 71 wird,
2625 2545 70 38 so
2729 2519 244 80 belang*

675 2613 121 62 los?
835 2613 325 64 Schwerlich
1204 2615 132 80 liegt
1378 2639 62 39 es
1483 2640 74 37 an
1600 2616 112 62 den
1754 2616 530 73 Persönlichkeiten,
2330 2616 151 62 denn
2526 2640 62 39 es
2632 2626 162 53 wäre
2827 2617 146 62 nicht

677 2709 364 73 einzusehen,
1083 2710 259 63 weshalb
1384 2712 297 73 Künstler,
1724 2712 92 64 die
1859 2730 168 46 sonst
2066 2712 349 80 Bedeutung
2457 2712 212 73 hatten,
2712 2712 257 80 plötzlich

674 2830 105 39 aus
807 2806 381 80 persönlichen
1200 2808 565 81 Voraussetzungen
1775 2809 324 63 Wertloses
2118 2827 104 45 tun
2241 2810 254 62 müßten.
2526 2810 117 62 Die
2674 2810 297 62 Ursachen

672 2903 127 62 sind
832 2904 407 80 unpersönlich.
1275 2905 145 63 Wie
1444 2905 130 63 kam
1602 2931 82 47 es,
1712 2907 113 62 daß
1853 2907 284 80 ungefähr
2163 2907 110 63 alle
2300 2908 411 80 europäischen
2739 2908 232 62 Dichter

674 2998 117 62 und
839 2999 210 80 gerade
1098 2999 92 64 die
1239 3001 231 63 Dichter
1519 3002 331 63 Schwaches
1902 3003 145 62 oder
2096 3004 181 61 baren
2326 3004 238 63 Unsinn
2606 3003 364 80 geschrieben

674 3093 203 75 haben,
927 3097 82 61 als
1060 3106 81 53 sie
1190 3123 141 38 vom
1380 3098 179 80 Krieg
1608 3125 76 37 zu
1733 3100 177 63 reden
1953 3101 267 79 anfingen
2385 3100 197 62 wobei
2622 3100 186 62 Inhalt
2848 3100 123 62 und

674 3189 179 63 Form
886 3191 167 80 gleich
1087 3211 227 45 unwert
1347 3197 231 61 waren?
1611 3196 92 62 Es
1738 3206 71 54 ist
1842 3196 176 62 kaum
2052 3222 77 36 zu
2165 3196 272 80 glauben,
2472 3196 115 62 daß
2620 3195 349 63 Verhaeren

677 3286 233 80 jählings
953 3299 89 53 ein
1087 3290 354 65 Chauvinist
1477 3293 119 62 und
1630 3304 91 52 ein
1764 3294 331 62 Formidiot
2127 3294 319 80 geworden
2483 3303 121 52 sein
2631 3293 189 70 sollte,
2856 3291 114 64 daß

677 3382 243 63 Rolland
969 3385 251 79 plötzlich
1268 3398 120 53 rein
1439 3390 312 81 persönlich
1793 3415 305 54 versagen,
2141 3390 386 81 Hauptmann
2569 3413 109 37 aus
2721 3397 249 71 persön*

678 3477 170 63 liehen
880 3479 557 87 Voraussetzungen
1479 3487 212 79 gerade
1735 3497 55 52 in
1834 3497 186 54 einem
2055 3487 185 64 Wort
2282 3486 145 63 über
2469 3486 113 62 den
2615 3486 181 78 Krieg
2829 3487 141 61 noch

679 3572 511 84 bedeutungsloser
1244 3591 121 53 sein
1414 3584 196 62 müßte
1660 3585 83 62 als
1795 3594 56 53 in
1902 3595 201 53 seinen
2152 3584 212 63 letzten
2415 3584 383 78 Dichtungen,
2858 3582 113 64 daß

680 3667 102 64 der
829 3671 304 78 gewohnte
1182 3675 179 63 Shaw
1409 3679 254 80 plötzlich
1715 3705 149 55 ganz
1914 3680 316 81 persönlich
2281 3679 292 62 aufhören
2624 3679 168 62 sollte
2851 3679 122 63 und

680 3765 230 64 France
951 3778 99 52 mit
1098 3780 181 55 einem
1322 3774 198 81 Schlag
1559 3777 268 63 talentlos
1869 3777 319 81 geworden
2231 3787 178 52 wäre.
2455 3777 90 62 Es
2588 3785 71 54 ist
2697 3775 277 64 vielleicht

680 3862 141 61 nicht
870 3864 202 61 einmal
1119 3868 185 81 richtig
1351 3895 75 38 zu
1475 3896 197 56 sagen,
1724 3873 112 64 daß
1887 3874 122 63 ihre
2051 3874 209 63 Worte
2319 3872 144 63 über
2517 3872 112 63 den
2672 3873 180 80 Krieg

680 3957 235 74 Worte,
959 3958 90 65 die
1092 3961 232 76 überall,
1367 3967 294 64 innerhalb
1704 3971 121 62 und
1868 3970 317 64 außerhalb
2222 3970 102 63 der
2356 3970 281 72 Mauern,
2673 3970 298 63 immerhin
