<?xml version="1.0" encoding="UTF-8"?>
<alto xmlns:xsi="http://www.w3.org/2001/XMLSchema-instance" xmlns="http://www.loc.gov/standards/alto/ns-v2#" xsi:schemaLocation="http://www.loc.gov/standards/alto/ns-v2# http://www.loc.gov/standards/alto/v2/alto-2-0.xsd" xmlns:xlink="http://www.w3.org/1999/xlink">
	<Description>
		<MeasurementUnit>mm10</MeasurementUnit>
		<sourceImageInformation>
			<fileName>./bmtnabr_1915-01_01_0119.jp2</fileName>
		</sourceImageInformation>
		<OCRProcessing ID="OCRPROCESSING_1">
			<preProcessingStep>
				<processingSoftware>
					<softwareCreator>CCS Content Conversion Specialists GmbH, Germany</softwareCreator>
					<softwareName>CCS docWorks</softwareName>
					<softwareVersion>6.8-1.27</softwareVersion>
				</processingSoftware>
			</preProcessingStep>
			<ocrProcessingStep>
				<processingSoftware>
					<softwareCreator>ABBYY (BIT Software), Russia</softwareCreator>
					<softwareName>FineReader</softwareName>
					<softwareVersion>11.0</softwareVersion>
				</processingSoftware>
			</ocrProcessingStep>
			<postProcessingStep>
				<processingSoftware>
					<softwareCreator>CCS Content Conversion Specialists GmbH, Germany</softwareCreator>
					<softwareName>CCS docWorks</softwareName>
					<softwareVersion>6.8-1.27</softwareVersion>
					<applicationDescription>docWorks: Text modified manually, or automatically replaced</applicationDescription>
				</processingSoftware>
			</postProcessingStep>
		</OCRProcessing>
	</Description>
	<Styles>
		<TextStyle ID="TXT_0" FONTSIZE="18" FONTFAMILY="Times New Roman" FONTSTYLE="bold italics"/>
		<TextStyle ID="TXT_1" FONTSIZE="29" FONTFAMILY="Times New Roman"/>
		<TextStyle ID="TXT_2" FONTSIZE="21" FONTFAMILY="Times New Roman"/>
		<TextStyle ID="TXT_3" FONTSIZE="21" FONTFAMILY="Times New Roman" FONTSTYLE="italics"/>
		<TextStyle ID="TXT_4" FONTSIZE="7" FONTFAMILY="Times New Roman" FONTSTYLE="bold italics"/>
		<TextStyle ID="TXT_5" FONTSIZE="10" FONTFAMILY="Times New Roman" FONTSTYLE="bold"/>
		<ParagraphStyle ID="PAR_LEFT" ALIGN="Left"/>
		<ParagraphStyle ID="PAR_RIGHT" ALIGN="Right"/>
	</Styles>
	<Layout>
		<Page ID="P119" PHYSICAL_IMG_NR="119" HEIGHT="4572" WIDTH="3207" PRINTED_IMG_NR="119" PC="0.943">
			<TopMargin ID="P119_TM00001" HPOS="0" VPOS="0" WIDTH="3207" HEIGHT="478">
				<TextBlock ID="P119_TB00001" HPOS="939" VPOS="406" WIDTH="1188" HEIGHT="70" STYLEREFS="TXT_0 PAR_LEFT">
					<TextLine ID="P119_TL00001" HPOS="941" VPOS="407" WIDTH="1186" HEIGHT="69">
						<String ID="P119_ST00001" HPOS="941" VPOS="412" WIDTH="140" HEIGHT="49" CONTENT="Max" WC="0.94" CC="563"/>
						<SP ID="P119_SP00001" HPOS="1081" VPOS="461" WIDTH="28"/>
						<String ID="P119_ST00002" HPOS="1109" VPOS="410" WIDTH="157" HEIGHT="51" CONTENT="Brocf" WC="0.68" CC="20076"/>
						<SP ID="P119_SP00002" HPOS="1266" VPOS="461" WIDTH="13"/>
						<String ID="P119_ST00003" HPOS="1279" VPOS="434" WIDTH="7" HEIGHT="11" CONTENT="■" WC="0.20" CC="8"/>
						<SP ID="P119_SP00003" HPOS="1286" VPOS="461" WIDTH="28"/>
						<String ID="P119_ST00004" HPOS="1314" VPOS="407" WIDTH="160" HEIGHT="66" CONTENT="’Tycßo" WC="0.51" CC="877060"/>
						<SP ID="P119_SP00004" HPOS="1474" VPOS="473" WIDTH="33"/>
						<String ID="P119_ST00005" HPOS="1507" VPOS="410" WIDTH="195" HEIGHT="51" CONTENT="Braßes" WC="0.63" CC="000965"/>
						<SP ID="P119_SP00005" HPOS="1702" VPOS="473" WIDTH="38"/>
						<String ID="P119_ST00006" HPOS="1740" VPOS="412" WIDTH="118" HEIGHT="64" CONTENT="Weg" WC="0.93" CC="990"/>
						<SP ID="P119_SP00006" HPOS="1858" VPOS="476" WIDTH="33"/>
						<String ID="P119_ST00007" HPOS="1891" VPOS="433" WIDTH="68" HEIGHT="31" CONTENT="zu" WC="0.85" CC="02"/>
						<SP ID="P119_SP00007" HPOS="1959" VPOS="476" WIDTH="36"/>
						<String ID="P119_ST00008" HPOS="1995" VPOS="414" WIDTH="132" HEIGHT="51" CONTENT="Gott" WC="1.00" CC="0000"/>
					</TextLine>
				</TextBlock>
				<TextBlock ID="P119_TB00002" HPOS="2591" VPOS="413" WIDTH="91" HEIGHT="50" STYLEREFS="TXT_1 PAR_RIGHT">
					<TextLine ID="P119_TL00002" HPOS="2591" VPOS="413" WIDTH="91" HEIGHT="50">
						<String ID="P119_ST00009" HPOS="2591" VPOS="413" WIDTH="91" HEIGHT="50" CONTENT="119" WC="1.00" CC="000"/>
					</TextLine>
				</TextBlock>
			</TopMargin>
			<LeftMargin ID="P119_LM00001" HPOS="0" VPOS="478" WIDTH="375" HEIGHT="3575"/>
			<RightMargin ID="P119_RM00001" HPOS="2689" VPOS="478" WIDTH="518" HEIGHT="3575"/>
			<BottomMargin ID="P119_BM00001" HPOS="0" VPOS="4053" WIDTH="3207" HEIGHT="519"/>
			<PrintSpace ID="P119_PS00001" HPOS="375" VPOS="478" WIDTH="2314" HEIGHT="3575">
				<TextBlock ID="P119_TB00003" HPOS="375" VPOS="601" WIDTH="2314" HEIGHT="3452" STYLEREFS="TXT_2 PAR_LEFT">
					<TextLine ID="P119_TL00003" HPOS="378" VPOS="601" WIDTH="2299" HEIGHT="90">
						<String ID="P119_ST00010" HPOS="378" VPOS="621" WIDTH="136" HEIGHT="70" CONTENT="jetzt" WC="0.97" CC="36505" STYLEREFS="TXT_3"/>
						<SP ID="P119_SP00008" HPOS="514" VPOS="691" WIDTH="32"/>
						<String ID="P119_ST00011" HPOS="546" VPOS="603" WIDTH="255" HEIGHT="83" CONTENT="plötzlich" WC="0.98" CC="175557278"/>
						<SP ID="P119_SP00009" HPOS="801" VPOS="691" WIDTH="36"/>
						<String ID="P119_ST00012" HPOS="837" VPOS="611" WIDTH="125" HEIGHT="53" CONTENT="eine" WC="0.95" CC="7645"/>
						<SP ID="P119_SP00010" HPOS="962" VPOS="691" WIDTH="36"/>
						<String ID="P119_ST00013" HPOS="998" VPOS="601" WIDTH="372" HEIGHT="63" CONTENT="fürchterliche" WC="0.99" CC="4057150576010"/>
						<SP ID="P119_SP00011" HPOS="1370" VPOS="691" WIDTH="34"/>
						<String ID="P119_ST00014" HPOS="1404" VPOS="601" WIDTH="198" HEIGHT="80" CONTENT="Angst" WC="0.97" CC="43705"/>
						<SP ID="P119_SP00012" HPOS="1602" VPOS="691" WIDTH="33"/>
						<String ID="P119_ST00015" HPOS="1635" VPOS="612" WIDTH="82" HEIGHT="53" CONTENT="sie" WC="1.00" CC="000"/>
						<SP ID="P119_SP00013" HPOS="1717" VPOS="691" WIDTH="34"/>
						<String ID="P119_ST00016" HPOS="1751" VPOS="606" WIDTH="197" HEIGHT="77" CONTENT="ergriff," WC="0.98" CC="06955703"/>
						<SP ID="P119_SP00014" HPOS="1948" VPOS="691" WIDTH="47"/>
						<String ID="P119_ST00017" HPOS="1995" VPOS="607" WIDTH="119" HEIGHT="62" CONTENT="»Ich" WC="0.98" CC="5300"/>
						<SP ID="P119_SP00015" HPOS="2114" VPOS="691" WIDTH="36"/>
						<String ID="P119_ST00018" HPOS="2150" VPOS="607" WIDTH="148" HEIGHT="63" CONTENT="habe" WC="0.95" CC="7670"/>
						<SP ID="P119_SP00016" HPOS="2298" VPOS="691" WIDTH="35"/>
						<String ID="P119_ST00019" HPOS="2333" VPOS="608" WIDTH="85" HEIGHT="61" CONTENT="ihr" WC="0.96" CC="560"/>
						<SP ID="P119_SP00017" HPOS="2418" VPOS="691" WIDTH="40"/>
						<String ID="P119_ST00020" HPOS="2458" VPOS="625" WIDTH="219" HEIGHT="62" CONTENT="gesagt," WC="0.99" CC="0703044"/>
					</TextLine>
					<TextLine ID="P119_TL00004" HPOS="379" VPOS="697" WIDTH="2295" HEIGHT="75">
						<String ID="P119_ST00021" HPOS="379" VPOS="705" WIDTH="115" HEIGHT="63" CONTENT="daß" WC="0.95" CC="705"/>
						<SP ID="P119_SP00018" HPOS="494" VPOS="768" WIDTH="35"/>
						<String ID="P119_ST00022" HPOS="529" VPOS="702" WIDTH="79" HEIGHT="61" CONTENT="du" WC="0.17" CC="96"/>
						<SP ID="P119_SP00019" HPOS="608" VPOS="768" WIDTH="35"/>
						<String ID="P119_ST00023" HPOS="643" VPOS="700" WIDTH="171" HEIGHT="62" CONTENT="schon" WC="0.99" CC="00050"/>
						<SP ID="P119_SP00020" HPOS="814" VPOS="768" WIDTH="35"/>
						<String ID="P119_ST00024" HPOS="849" VPOS="698" WIDTH="102" HEIGHT="63" CONTENT="der" WC="0.97" CC="007"/>
						<SP ID="P119_SP00021" HPOS="951" VPOS="768" WIDTH="24"/>
						<String ID="P119_ST00025" HPOS="975" VPOS="698" WIDTH="183" HEIGHT="63" CONTENT="Vater" WC="0.98" CC="22107"/>
						<SP ID="P119_SP00022" HPOS="1158" VPOS="768" WIDTH="33"/>
						<String ID="P119_ST00026" HPOS="1191" VPOS="707" WIDTH="156" HEIGHT="54" CONTENT="eines" WC="1.00" CC="00000"/>
						<SP ID="P119_SP00023" HPOS="1347" VPOS="768" WIDTH="27"/>
						<String ID="P119_ST00027" HPOS="1374" VPOS="697" WIDTH="223" HEIGHT="64" CONTENT="Kindes" WC="0.98" CC="304900"/>
						<SP ID="P119_SP00024" HPOS="1597" VPOS="768" WIDTH="35"/>
						<String ID="P119_ST00028" HPOS="1632" VPOS="698" WIDTH="125" HEIGHT="74" CONTENT="bist," WC="0.98" CC="70054"/>
						<SP ID="P119_SP00025" HPOS="1757" VPOS="772" WIDTH="29"/>
						<String ID="P119_ST00029" HPOS="1786" VPOS="701" WIDTH="102" HEIGHT="62" CONTENT="das" WC="0.98" CC="040"/>
						<SP ID="P119_SP00026" HPOS="1888" VPOS="772" WIDTH="27"/>
						<String ID="P119_ST00030" HPOS="1915" VPOS="702" WIDTH="75" HEIGHT="61" CONTENT="ich" WC="0.95" CC="507"/>
						<SP ID="P119_SP00027" HPOS="1990" VPOS="772" WIDTH="34"/>
						<String ID="P119_ST00031" HPOS="2024" VPOS="702" WIDTH="133" HEIGHT="64" CONTENT="bald" WC="0.96" CC="0079"/>
						<SP ID="P119_SP00028" HPOS="2157" VPOS="772" WIDTH="36"/>
						<String ID="P119_ST00032" HPOS="2193" VPOS="703" WIDTH="189" HEIGHT="64" CONTENT="haben" WC="0.98" CC="72070"/>
						<SP ID="P119_SP00029" HPOS="2382" VPOS="772" WIDTH="36"/>
						<String ID="P119_ST00033" HPOS="2418" VPOS="703" WIDTH="256" HEIGHT="63" CONTENT="werde.«" WC="0.98" CC="7770640"/>
					</TextLine>
					<TextLine ID="P119_TL00005" HPOS="459" VPOS="795" WIDTH="2220" HEIGHT="84">
						<String ID="P119_ST00034" HPOS="459" VPOS="795" WIDTH="336" HEIGHT="81" CONTENT="Tengnagel" WC="0.89" CC="500004000"/>
						<SP ID="P119_SP00030" HPOS="795" VPOS="876" WIDTH="53"/>
						<String ID="P119_ST00035" HPOS="848" VPOS="795" WIDTH="105" HEIGHT="62" CONTENT="sah" WC="0.97" CC="007"/>
						<SP ID="P119_SP00031" HPOS="953" VPOS="876" WIDTH="51"/>
						<String ID="P119_ST00036" HPOS="1004" VPOS="804" WIDTH="83" HEIGHT="52" CONTENT="sie" WC="0.98" CC="040"/>
						<SP ID="P119_SP00032" HPOS="1087" VPOS="876" WIDTH="49"/>
						<String ID="P119_ST00037" HPOS="1136" VPOS="811" WIDTH="149" HEIGHT="45" CONTENT="starr" WC="0.97" CC="05066"/>
						<SP ID="P119_SP00033" HPOS="1285" VPOS="876" WIDTH="51"/>
						<String ID="P119_ST00038" HPOS="1336" VPOS="818" WIDTH="87" HEIGHT="38" CONTENT="an." WC="0.97" CC="501"/>
						<SP ID="P119_SP00034" HPOS="1423" VPOS="876" WIDTH="51"/>
						<String ID="P119_ST00039" HPOS="1474" VPOS="795" WIDTH="179" HEIGHT="61" CONTENT="Dann" WC="1.00" CC="0000"/>
						<SP ID="P119_SP00035" HPOS="1653" VPOS="876" WIDTH="52"/>
						<String ID="P119_ST00040" HPOS="1705" VPOS="796" WIDTH="135" HEIGHT="62" CONTENT="aber" WC="0.96" CC="0756"/>
						<SP ID="P119_SP00036" HPOS="1840" VPOS="876" WIDTH="49"/>
						<String ID="P119_ST00041" HPOS="1889" VPOS="799" WIDTH="211" HEIGHT="80" CONTENT="umfing" WC="0.98" CC="700540"/>
						<SP ID="P119_SP00037" HPOS="2100" VPOS="879" WIDTH="50"/>
						<String ID="P119_ST00042" HPOS="2150" VPOS="825" WIDTH="59" HEIGHT="37" CONTENT="er" WC="0.67" CC="06"/>
						<SP ID="P119_SP00038" HPOS="2209" VPOS="879" WIDTH="49"/>
						<String ID="P119_ST00043" HPOS="2258" VPOS="810" WIDTH="82" HEIGHT="53" CONTENT="sie" WC="0.97" CC="033"/>
						<SP ID="P119_SP00039" HPOS="2340" VPOS="879" WIDTH="50"/>
						<String ID="P119_ST00044" HPOS="2390" VPOS="800" WIDTH="120" HEIGHT="62" CONTENT="und" WC="0.98" CC="040"/>
						<SP ID="P119_SP00040" HPOS="2510" VPOS="879" WIDTH="51"/>
						<String ID="P119_ST00045" HPOS="2561" VPOS="799" WIDTH="118" HEIGHT="64" CONTENT="hob" WC="0.96" CC="720"/>
					</TextLine>
					<TextLine ID="P119_TL00006" HPOS="379" VPOS="889" WIDTH="2299" HEIGHT="86">
						<String ID="P119_ST00046" HPOS="379" VPOS="907" WIDTH="83" HEIGHT="53" CONTENT="sie" WC="1.00" CC="000"/>
						<SP ID="P119_SP00041" HPOS="462" VPOS="960" WIDTH="41"/>
						<String ID="P119_ST00047" HPOS="503" VPOS="903" WIDTH="55" HEIGHT="52" CONTENT="in" WC="0.38" CC="65"/>
						<SP ID="P119_SP00042" HPOS="558" VPOS="960" WIDTH="45"/>
						<String ID="P119_ST00048" HPOS="603" VPOS="891" WIDTH="93" HEIGHT="63" CONTENT="die" WC="0.98" CC="040"/>
						<SP ID="P119_SP00043" HPOS="696" VPOS="960" WIDTH="41"/>
						<String ID="P119_ST00049" HPOS="737" VPOS="890" WIDTH="204" HEIGHT="61" CONTENT="Höhe:" WC="0.97" CC="60704"/>
						<SP ID="P119_SP00044" HPOS="941" VPOS="960" WIDTH="50"/>
						<String ID="P119_ST00050" HPOS="991" VPOS="890" WIDTH="243" HEIGHT="61" CONTENT="»Meine" WC="0.98" CC="410505"/>
						<SP ID="P119_SP00045" HPOS="1234" VPOS="960" WIDTH="51"/>
						<String ID="P119_ST00051" HPOS="1285" VPOS="889" WIDTH="221" HEIGHT="63" CONTENT="Frau!«" WC="0.98" CC="460643"/>
						<SP ID="P119_SP00046" HPOS="1506" VPOS="960" WIDTH="54"/>
						<String ID="P119_ST00052" HPOS="1560" VPOS="890" WIDTH="135" HEIGHT="62" CONTENT="Sein" WC="0.99" CC="4000"/>
						<SP ID="P119_SP00047" HPOS="1695" VPOS="960" WIDTH="55"/>
						<String ID="P119_ST00053" HPOS="1750" VPOS="891" WIDTH="227" HEIGHT="65" CONTENT="Gesicht" WC="0.99" CC="5003073"/>
						<SP ID="P119_SP00048" HPOS="1977" VPOS="960" WIDTH="48"/>
						<String ID="P119_ST00054" HPOS="2025" VPOS="896" WIDTH="250" HEIGHT="75" CONTENT="strahlte," WC="0.99" CC="055006204"/>
						<SP ID="P119_SP00049" HPOS="2275" VPOS="971" WIDTH="53"/>
						<String ID="P119_ST00055" HPOS="2328" VPOS="905" WIDTH="88" HEIGHT="54" CONTENT="ein" WC="0.97" CC="060"/>
						<SP ID="P119_SP00050" HPOS="2416" VPOS="971" WIDTH="51"/>
						<String ID="P119_ST00056" HPOS="2467" VPOS="895" WIDTH="211" HEIGHT="80" CONTENT="großes" WC="0.99" CC="072500"/>
					</TextLine>
					<TextLine ID="P119_TL00007" HPOS="382" VPOS="985" WIDTH="2297" HEIGHT="88">
						<String ID="P119_ST00057" HPOS="382" VPOS="989" WIDTH="221" HEIGHT="66" CONTENT="Gefühl" WC="0.99" CC="545000"/>
						<SP ID="P119_SP00051" HPOS="603" VPOS="1055" WIDTH="58"/>
						<String ID="P119_ST00058" HPOS="661" VPOS="985" WIDTH="442" HEIGHT="64" CONTENT="unverfälschter" WC="0.99" CC="30006607000506"/>
						<SP ID="P119_SP00052" HPOS="1103" VPOS="1055" WIDTH="48"/>
						<String ID="P119_ST00059" HPOS="1151" VPOS="985" WIDTH="234" HEIGHT="64" CONTENT="Freude" WC="0.99" CC="160500"/>
						<SP ID="P119_SP00053" HPOS="1385" VPOS="1055" WIDTH="51"/>
						<String ID="P119_ST00060" HPOS="1436" VPOS="987" WIDTH="151" HEIGHT="62" CONTENT="hatte" WC="0.99" CC="00260"/>
						<SP ID="P119_SP00054" HPOS="1587" VPOS="1055" WIDTH="50"/>
						<String ID="P119_ST00061" HPOS="1637" VPOS="988" WIDTH="250" HEIGHT="80" CONTENT="plötzlich" WC="0.99" CC="300376000"/>
						<SP ID="P119_SP00055" HPOS="1887" VPOS="1068" WIDTH="52"/>
						<String ID="P119_ST00062" HPOS="1939" VPOS="992" WIDTH="108" HEIGHT="62" CONTENT="den" WC="1.00" CC="000"/>
						<SP ID="P119_SP00056" HPOS="2047" VPOS="1068" WIDTH="51"/>
						<String ID="P119_ST00063" HPOS="2098" VPOS="993" WIDTH="384" HEIGHT="80" CONTENT="Mißmutigen" WC="1.00" CC="2500034000"/>
						<SP ID="P119_SP00057" HPOS="2482" VPOS="1073" WIDTH="44"/>
						<String ID="P119_ST00064" HPOS="2526" VPOS="1017" WIDTH="153" HEIGHT="55" CONTENT="ganz" WC="0.99" CC="0006"/>
					</TextLine>
					<TextLine ID="P119_TL00008" HPOS="381" VPOS="1083" WIDTH="2292" HEIGHT="79">
						<String ID="P119_ST00065" HPOS="381" VPOS="1086" WIDTH="200" HEIGHT="64" CONTENT="erfüllt." WC="0.98" CC="06527763"/>
						<SP ID="P119_SP00058" HPOS="581" VPOS="1150" WIDTH="64"/>
						<String ID="P119_ST00066" HPOS="645" VPOS="1083" WIDTH="145" HEIGHT="62" CONTENT="Und" WC="0.97" CC="700"/>
						<SP ID="P119_SP00059" HPOS="790" VPOS="1150" WIDTH="49"/>
						<String ID="P119_ST00067" HPOS="839" VPOS="1107" WIDTH="119" HEIGHT="37" CONTENT="nun" WC="0.96" CC="450"/>
						<SP ID="P119_SP00060" HPOS="958" VPOS="1150" WIDTH="50"/>
						<String ID="P119_ST00068" HPOS="1008" VPOS="1106" WIDTH="113" HEIGHT="56" CONTENT="zog" WC="0.95" CC="650"/>
						<SP ID="P119_SP00061" HPOS="1121" VPOS="1162" WIDTH="48"/>
						<String ID="P119_ST00069" HPOS="1169" VPOS="1107" WIDTH="61" HEIGHT="38" CONTENT="er" WC="0.66" CC="06"/>
						<SP ID="P119_SP00062" HPOS="1230" VPOS="1162" WIDTH="52"/>
						<String ID="P119_ST00070" HPOS="1282" VPOS="1083" WIDTH="299" HEIGHT="62" CONTENT="Elisabeth" WC="0.99" CC="675007060"/>
						<SP ID="P119_SP00063" HPOS="1581" VPOS="1162" WIDTH="52"/>
						<String ID="P119_ST00071" HPOS="1633" VPOS="1110" WIDTH="73" HEIGHT="37" CONTENT="an" WC="0.83" CC="30"/>
						<SP ID="P119_SP00064" HPOS="1706" VPOS="1162" WIDTH="50"/>
						<String ID="P119_ST00072" HPOS="1756" VPOS="1087" WIDTH="107" HEIGHT="62" CONTENT="sich" WC="0.98" CC="0090"/>
						<SP ID="P119_SP00065" HPOS="1863" VPOS="1162" WIDTH="49"/>
						<String ID="P119_ST00073" HPOS="1912" VPOS="1088" WIDTH="118" HEIGHT="62" CONTENT="und" WC="0.91" CC="779"/>
						<SP ID="P119_SP00066" HPOS="2030" VPOS="1162" WIDTH="50"/>
						<String ID="P119_ST00074" HPOS="2080" VPOS="1098" WIDTH="80" HEIGHT="54" CONTENT="sie" WC="0.98" CC="006"/>
						<SP ID="P119_SP00067" HPOS="2160" VPOS="1162" WIDTH="44"/>
						<String ID="P119_ST00075" HPOS="2204" VPOS="1091" WIDTH="210" HEIGHT="62" CONTENT="erlebte" WC="0.98" CC="0560730"/>
						<SP ID="P119_SP00068" HPOS="2414" VPOS="1162" WIDTH="44"/>
						<String ID="P119_ST00076" HPOS="2458" VPOS="1089" WIDTH="215" HEIGHT="64" CONTENT="endlich" WC="1.00" CC="0000400"/>
					</TextLine>
					<TextLine ID="P119_TL00009" HPOS="379" VPOS="1178" WIDTH="2298" HEIGHT="87">
						<String ID="P119_ST00077" HPOS="379" VPOS="1185" WIDTH="157" HEIGHT="62" CONTENT="ihren" WC="0.98" CC="07600"/>
						<SP ID="P119_SP00069" HPOS="536" VPOS="1247" WIDTH="67"/>
						<String ID="P119_ST00078" HPOS="603" VPOS="1180" WIDTH="268" HEIGHT="62" CONTENT="höchsten" WC="0.99" CC="00000760"/>
						<SP ID="P119_SP00070" HPOS="871" VPOS="1247" WIDTH="57"/>
						<String ID="P119_ST00079" HPOS="928" VPOS="1178" WIDTH="382" HEIGHT="80" CONTENT="Augenblick," WC="0.99" CC="26000701074"/>
						<SP ID="P119_SP00071" HPOS="1310" VPOS="1258" WIDTH="66"/>
						<String ID="P119_ST00080" HPOS="1376" VPOS="1204" WIDTH="99" HEIGHT="38" CONTENT="um" WC="0.45" CC="64"/>
						<SP ID="P119_SP00072" HPOS="1475" VPOS="1258" WIDTH="68"/>
						<String ID="P119_ST00081" HPOS="1543" VPOS="1181" WIDTH="110" HEIGHT="62" CONTENT="den" WC="1.00" CC="000"/>
						<SP ID="P119_SP00073" HPOS="1653" VPOS="1258" WIDTH="66"/>
						<String ID="P119_ST00082" HPOS="1719" VPOS="1191" WIDTH="81" HEIGHT="53" CONTENT="sie" WC="1.00" CC="000"/>
						<SP ID="P119_SP00074" HPOS="1800" VPOS="1258" WIDTH="63"/>
						<String ID="P119_ST00083" HPOS="1863" VPOS="1192" WIDTH="57" HEIGHT="70" CONTENT="ja" WC="0.62" CC="70"/>
						<SP ID="P119_SP00075" HPOS="1920" VPOS="1262" WIDTH="56"/>
						<String ID="P119_ST00084" HPOS="1976" VPOS="1186" WIDTH="181" HEIGHT="79" CONTENT="tapfer" WC="0.98" CC="668000"/>
						<SP ID="P119_SP00076" HPOS="2157" VPOS="1265" WIDTH="50"/>
						<String ID="P119_ST00085" HPOS="2207" VPOS="1186" WIDTH="119" HEIGHT="62" CONTENT="und" WC="0.98" CC="400"/>
						<SP ID="P119_SP00077" HPOS="2326" VPOS="1265" WIDTH="55"/>
						<String ID="P119_ST00086" HPOS="2381" VPOS="1186" WIDTH="127" HEIGHT="62" CONTENT="heiß" WC="0.98" CC="7000"/>
						<SP ID="P119_SP00078" HPOS="2508" VPOS="1265" WIDTH="62"/>
						<String ID="P119_ST00087" HPOS="2570" VPOS="1209" WIDTH="107" HEIGHT="56" CONTENT="ge*" WC="0.89" CC="999" STYLEREFS="TXT_3"/>
					</TextLine>
					<TextLine ID="P119_TL00010" HPOS="378" VPOS="1275" WIDTH="2299" HEIGHT="81">
						<String ID="P119_ST00088" HPOS="378" VPOS="1302" WIDTH="117" HEIGHT="54" CONTENT="nug" WC="0.79" CC="060"/>
						<SP ID="P119_SP00079" HPOS="495" VPOS="1356" WIDTH="57"/>
						<String ID="P119_ST00089" HPOS="552" VPOS="1275" WIDTH="288" HEIGHT="80" CONTENT="gekämpft" WC="0.99" CC="96300000"/>
						<SP ID="P119_SP00080" HPOS="840" VPOS="1356" WIDTH="50"/>
						<String ID="P119_ST00090" HPOS="890" VPOS="1275" WIDTH="171" HEIGHT="61" CONTENT="hatte:" WC="0.99" CC="000705"/>
						<SP ID="P119_SP00081" HPOS="1061" VPOS="1356" WIDTH="60"/>
						<String ID="P119_ST00091" HPOS="1121" VPOS="1284" WIDTH="105" HEIGHT="53" CONTENT="seit" WC="0.99" CC="0004"/>
						<SP ID="P119_SP00082" HPOS="1226" VPOS="1356" WIDTH="50"/>
						<String ID="P119_ST00092" HPOS="1276" VPOS="1275" WIDTH="196" HEIGHT="80" CONTENT="langer" WC="0.99" CC="006006"/>
						<SP ID="P119_SP00083" HPOS="1472" VPOS="1356" WIDTH="48"/>
						<String ID="P119_ST00093" HPOS="1520" VPOS="1276" WIDTH="133" HEIGHT="62" CONTENT="Zeit" WC="0.97" CC="6015"/>
						<SP ID="P119_SP00084" HPOS="1653" VPOS="1356" WIDTH="47"/>
						<String ID="P119_ST00094" HPOS="1700" VPOS="1303" WIDTH="133" HEIGHT="37" CONTENT="zum" WC="0.98" CC="600"/>
						<SP ID="P119_SP00085" HPOS="1833" VPOS="1356" WIDTH="58"/>
						<String ID="P119_ST00095" HPOS="1891" VPOS="1283" WIDTH="298" HEIGHT="60" CONTENT="erstenmal" WC="0.99" CC="060450005"/>
						<SP ID="P119_SP00086" HPOS="2189" VPOS="1356" WIDTH="59"/>
						<String ID="P119_ST00096" HPOS="2248" VPOS="1281" WIDTH="172" HEIGHT="62" CONTENT="küßte" WC="0.98" CC="50050"/>
						<SP ID="P119_SP00087" HPOS="2420" VPOS="1356" WIDTH="61"/>
						<String ID="P119_ST00097" HPOS="2481" VPOS="1305" WIDTH="61" HEIGHT="37" CONTENT="er" WC="0.69" CC="06"/>
						<SP ID="P119_SP00088" HPOS="2542" VPOS="1356" WIDTH="52"/>
						<String ID="P119_ST00098" HPOS="2594" VPOS="1289" WIDTH="83" HEIGHT="53" CONTENT="sie" WC="0.98" CC="060"/>
					</TextLine>
					<TextLine ID="P119_TL00011" HPOS="379" VPOS="1371" WIDTH="2298" HEIGHT="83">
						<String ID="P119_ST00099" HPOS="379" VPOS="1374" WIDTH="233" HEIGHT="72" CONTENT="wieder," WC="0.98" CC="9109064"/>
						<SP ID="P119_SP00089" HPOS="612" VPOS="1446" WIDTH="59"/>
						<String ID="P119_ST00100" HPOS="671" VPOS="1371" WIDTH="178" HEIGHT="63" CONTENT="fühlte" WC="0.98" CC="600650"/>
						<SP ID="P119_SP00090" HPOS="849" VPOS="1446" WIDTH="59"/>
						<String ID="P119_ST00101" HPOS="908" VPOS="1374" WIDTH="106" HEIGHT="60" CONTENT="sich" WC="0.98" CC="0090"/>
						<SP ID="P119_SP00091" HPOS="1014" VPOS="1446" WIDTH="61"/>
						<String ID="P119_ST00102" HPOS="1075" VPOS="1371" WIDTH="198" HEIGHT="63" CONTENT="ehrlich" WC="0.99" CC="0066100"/>
						<SP ID="P119_SP00092" HPOS="1273" VPOS="1446" WIDTH="58"/>
						<String ID="P119_ST00103" HPOS="1331" VPOS="1397" WIDTH="76" HEIGHT="38" CONTENT="zu" WC="0.32" CC="76"/>
						<SP ID="P119_SP00093" HPOS="1407" VPOS="1446" WIDTH="57"/>
						<String ID="P119_ST00104" HPOS="1464" VPOS="1373" WIDTH="84" HEIGHT="62" CONTENT="ihr" WC="0.98" CC="006"/>
						<SP ID="P119_SP00094" HPOS="1548" VPOS="1446" WIDTH="57"/>
						<String ID="P119_ST00105" HPOS="1605" VPOS="1374" WIDTH="362" HEIGHT="80" CONTENT="hingerissen," WC="0.99" CC="053046400034"/>
						<SP ID="P119_SP00095" HPOS="1967" VPOS="1454" WIDTH="60"/>
						<String ID="P119_ST00106" HPOS="2027" VPOS="1378" WIDTH="171" HEIGHT="62" CONTENT="küßte" WC="0.98" CC="50060"/>
						<SP ID="P119_SP00096" HPOS="2198" VPOS="1454" WIDTH="50"/>
						<String ID="P119_ST00107" HPOS="2248" VPOS="1387" WIDTH="81" HEIGHT="53" CONTENT="sie" WC="0.98" CC="050"/>
						<SP ID="P119_SP00097" HPOS="2329" VPOS="1454" WIDTH="52"/>
						<String ID="P119_ST00108" HPOS="2381" VPOS="1387" WIDTH="56" HEIGHT="53" CONTENT="in" WC="0.86" CC="20"/>
						<SP ID="P119_SP00098" HPOS="2437" VPOS="1454" WIDTH="52"/>
						<String ID="P119_ST00109" HPOS="2489" VPOS="1387" WIDTH="188" HEIGHT="53" CONTENT="seiner" WC="0.99" CC="003007"/>
					</TextLine>
					<TextLine ID="P119_TL00012" HPOS="379" VPOS="1467" WIDTH="2171" HEIGHT="80">
						<String ID="P119_ST00110" HPOS="379" VPOS="1469" WIDTH="441" HEIGHT="71" CONTENT="knabenhaften," WC="0.99" CC="6007000076004"/>
						<SP ID="P119_SP00099" HPOS="820" VPOS="1540" WIDTH="55"/>
						<String ID="P119_ST00111" HPOS="875" VPOS="1467" WIDTH="443" HEIGHT="80" CONTENT="ungeschickten," WC="1.00" CC="00000076000004"/>
						<SP ID="P119_SP00100" HPOS="1318" VPOS="1547" WIDTH="44"/>
						<String ID="P119_ST00112" HPOS="1362" VPOS="1468" WIDTH="115" HEIGHT="63" CONTENT="fast" WC="0.98" CC="5002"/>
						<SP ID="P119_SP00101" HPOS="1477" VPOS="1547" WIDTH="40"/>
						<String ID="P119_ST00113" HPOS="1517" VPOS="1469" WIDTH="238" HEIGHT="64" CONTENT="scheuen" WC="0.99" CC="0073000"/>
						<SP ID="P119_SP00102" HPOS="1755" VPOS="1547" WIDTH="42"/>
						<String ID="P119_ST00114" HPOS="1797" VPOS="1472" WIDTH="134" HEIGHT="73" CONTENT="Art," WC="0.96" CC="3654"/>
						<SP ID="P119_SP00103" HPOS="1931" VPOS="1547" WIDTH="43"/>
						<String ID="P119_ST00115" HPOS="1974" VPOS="1473" WIDTH="91" HEIGHT="62" CONTENT="die" WC="0.97" CC="015"/>
						<SP ID="P119_SP00104" HPOS="2065" VPOS="1547" WIDTH="49"/>
						<String ID="P119_ST00116" HPOS="2114" VPOS="1483" WIDTH="81" HEIGHT="52" CONTENT="sie" WC="1.00" CC="000"/>
						<SP ID="P119_SP00105" HPOS="2195" VPOS="1547" WIDTH="50"/>
						<String ID="P119_ST00117" HPOS="2245" VPOS="1498" WIDTH="69" HEIGHT="37" CONTENT="so" WC="0.89" CC="01"/>
						<SP ID="P119_SP00106" HPOS="2314" VPOS="1547" WIDTH="52"/>
						<String ID="P119_ST00118" HPOS="2366" VPOS="1473" WIDTH="184" HEIGHT="62" CONTENT="liebte." WC="0.99" CC="0007304"/>
						<SP ID="P119_SP00107" HPOS="2550" VPOS="1547" WIDTH="0"/>
					</TextLine>
					<TextLine ID="P119_TL00013" HPOS="379" VPOS="1564" WIDTH="2298" HEIGHT="84">
						<String ID="P119_ST00119" HPOS="379" VPOS="1566" WIDTH="145" HEIGHT="63" CONTENT="Und" WC="0.97" CC="700"/>
						<SP ID="P119_SP00108" HPOS="524" VPOS="1629" WIDTH="41"/>
						<String ID="P119_ST00120" HPOS="565" VPOS="1589" WIDTH="115" HEIGHT="38" CONTENT="nun" WC="1.00" CC="000"/>
						<SP ID="P119_SP00109" HPOS="680" VPOS="1629" WIDTH="47"/>
						<String ID="P119_ST00121" HPOS="727" VPOS="1564" WIDTH="153" HEIGHT="61" CONTENT="hatte" WC="0.98" CC="70060"/>
						<SP ID="P119_SP00110" HPOS="880" VPOS="1629" WIDTH="43"/>
						<String ID="P119_ST00122" HPOS="923" VPOS="1589" WIDTH="61" HEIGHT="36" CONTENT="er" WC="0.69" CC="06"/>
						<SP ID="P119_SP00111" HPOS="984" VPOS="1629" WIDTH="42"/>
						<String ID="P119_ST00123" HPOS="1026" VPOS="1564" WIDTH="137" HEIGHT="61" CONTENT="auch" WC="0.98" CC="0007"/>
						<SP ID="P119_SP00112" HPOS="1163" VPOS="1629" WIDTH="43"/>
						<String ID="P119_ST00124" HPOS="1206" VPOS="1564" WIDTH="172" HEIGHT="64" CONTENT="nichts" WC="1.00" CC="000010"/>
						<SP ID="P119_SP00113" HPOS="1378" VPOS="1629" WIDTH="41"/>
						<String ID="P119_ST00125" HPOS="1419" VPOS="1566" WIDTH="160" HEIGHT="62" CONTENT="mehr" WC="0.99" CC="0006"/>
						<SP ID="P119_SP00114" HPOS="1579" VPOS="1629" WIDTH="41"/>
						<String ID="P119_ST00126" HPOS="1620" VPOS="1567" WIDTH="274" HEIGHT="80" CONTENT="dagegen," WC="0.99" CC="00900004"/>
						<SP ID="P119_SP00115" HPOS="1894" VPOS="1647" WIDTH="41"/>
						<String ID="P119_ST00127" HPOS="1935" VPOS="1570" WIDTH="108" HEIGHT="62" CONTENT="sich" WC="1.00" CC="0000"/>
						<SP ID="P119_SP00116" HPOS="2043" VPOS="1647" WIDTH="34"/>
						<String ID="P119_ST00128" HPOS="2077" VPOS="1595" WIDTH="117" HEIGHT="37" CONTENT="von" WC="1.00" CC="000"/>
						<SP ID="P119_SP00117" HPOS="2194" VPOS="1647" WIDTH="36"/>
						<String ID="P119_ST00129" HPOS="2230" VPOS="1570" WIDTH="86" HEIGHT="62" CONTENT="ihr" WC="0.97" CC="105"/>
						<SP ID="P119_SP00118" HPOS="2316" VPOS="1647" WIDTH="34"/>
						<String ID="P119_ST00130" HPOS="2350" VPOS="1578" WIDTH="327" HEIGHT="70" CONTENT="einsperren" WC="0.99" CC="0500046600"/>
					</TextLine>
					<TextLine ID="P119_TL00014" HPOS="378" VPOS="1661" WIDTH="2299" HEIGHT="83">
						<String ID="P119_ST00131" HPOS="378" VPOS="1688" WIDTH="76" HEIGHT="38" CONTENT="zu" WC="0.34" CC="75"/>
						<SP ID="P119_SP00119" HPOS="454" VPOS="1726" WIDTH="41"/>
						<String ID="P119_ST00132" HPOS="495" VPOS="1662" WIDTH="207" HEIGHT="71" CONTENT="lassen," WC="1.00" CC="0000004"/>
						<SP ID="P119_SP00120" HPOS="702" VPOS="1733" WIDTH="52"/>
						<String ID="P119_ST00133" HPOS="754" VPOS="1670" WIDTH="113" HEIGHT="52" CONTENT="wie" WC="0.98" CC="060"/>
						<SP ID="P119_SP00121" HPOS="867" VPOS="1733" WIDTH="43"/>
						<String ID="P119_ST00134" HPOS="910" VPOS="1685" WIDTH="61" HEIGHT="37" CONTENT="er" WC="0.66" CC="06"/>
						<SP ID="P119_SP00122" HPOS="971" VPOS="1733" WIDTH="41"/>
						<String ID="P119_ST00135" HPOS="1012" VPOS="1685" WIDTH="62" HEIGHT="37" CONTENT="es" WC="1.00" CC="00"/>
						<SP ID="P119_SP00123" HPOS="1074" VPOS="1733" WIDTH="42"/>
						<String ID="P119_ST00136" HPOS="1116" VPOS="1679" WIDTH="229" HEIGHT="44" CONTENT="nannte." WC="0.99" CC="0006563"/>
						<SP ID="P119_SP00124" HPOS="1345" VPOS="1733" WIDTH="45"/>
						<String ID="P119_ST00137" HPOS="1390" VPOS="1661" WIDTH="176" HEIGHT="63" CONTENT="Ganz" WC="0.97" CC="0506"/>
						<SP ID="P119_SP00125" HPOS="1566" VPOS="1733" WIDTH="41"/>
						<String ID="P119_ST00138" HPOS="1607" VPOS="1672" WIDTH="153" HEIGHT="72" CONTENT="innig" WC="0.99" CC="40050"/>
						<SP ID="P119_SP00126" HPOS="1760" VPOS="1744" WIDTH="40"/>
						<String ID="P119_ST00139" HPOS="1800" VPOS="1683" WIDTH="287" HEIGHT="45" CONTENT="vertraute" WC="0.99" CC="004040600"/>
						<SP ID="P119_SP00127" HPOS="2087" VPOS="1744" WIDTH="54"/>
						<String ID="P119_ST00140" HPOS="2141" VPOS="1690" WIDTH="60" HEIGHT="37" CONTENT="er" WC="0.67" CC="06"/>
						<SP ID="P119_SP00128" HPOS="2201" VPOS="1744" WIDTH="50"/>
						<String ID="P119_ST00141" HPOS="2251" VPOS="1666" WIDTH="103" HEIGHT="72" CONTENT="ihr," WC="0.97" CC="5054"/>
						<SP ID="P119_SP00129" HPOS="2354" VPOS="1744" WIDTH="54"/>
						<String ID="P119_ST00142" HPOS="2408" VPOS="1666" WIDTH="107" HEIGHT="62" CONTENT="ließ" WC="1.00" CC="0000"/>
						<SP ID="P119_SP00130" HPOS="2515" VPOS="1744" WIDTH="53"/>
						<String ID="P119_ST00143" HPOS="2568" VPOS="1665" WIDTH="109" HEIGHT="62" CONTENT="sich" WC="0.97" CC="0590"/>
					</TextLine>
					<TextLine ID="P119_TL00015" HPOS="381" VPOS="1757" WIDTH="2293" HEIGHT="79">
						<String ID="P119_ST00144" HPOS="381" VPOS="1759" WIDTH="105" HEIGHT="62" CONTENT="auf" WC="0.95" CC="606"/>
						<SP ID="P119_SP00131" HPOS="486" VPOS="1821" WIDTH="36"/>
						<String ID="P119_ST00145" HPOS="522" VPOS="1757" WIDTH="411" HEIGHT="79" CONTENT="Seitenpfaden" WC="1.00" CC="201500000000"/>
						<SP ID="P119_SP00132" HPOS="933" VPOS="1836" WIDTH="43"/>
						<String ID="P119_ST00146" HPOS="976" VPOS="1782" WIDTH="136" HEIGHT="38" CONTENT="zum" WC="1.00" CC="000"/>
						<SP ID="P119_SP00133" HPOS="1112" VPOS="1836" WIDTH="42"/>
						<String ID="P119_ST00147" HPOS="1154" VPOS="1757" WIDTH="315" HEIGHT="64" CONTENT="Schloßhof" WC="1.00" CC="500010050"/>
						<SP ID="P119_SP00134" HPOS="1469" VPOS="1836" WIDTH="42"/>
						<String ID="P119_ST00148" HPOS="1511" VPOS="1760" WIDTH="221" HEIGHT="74" CONTENT="führen," WC="0.99" CC="5006024"/>
						<SP ID="P119_SP00135" HPOS="1732" VPOS="1836" WIDTH="52"/>
						<String ID="P119_ST00149" HPOS="1784" VPOS="1785" WIDTH="74" HEIGHT="37" CONTENT="an" WC="1.00" CC="00"/>
						<SP ID="P119_SP00136" HPOS="1858" VPOS="1836" WIDTH="50"/>
						<String ID="P119_ST00150" HPOS="1908" VPOS="1761" WIDTH="111" HEIGHT="63" CONTENT="den" WC="0.98" CC="050"/>
						<SP ID="P119_SP00137" HPOS="2019" VPOS="1836" WIDTH="52"/>
						<String ID="P119_ST00151" HPOS="2071" VPOS="1763" WIDTH="90" HEIGHT="61" CONTENT="die" WC="0.99" CC="030"/>
						<SP ID="P119_SP00138" HPOS="2161" VPOS="1836" WIDTH="42"/>
						<String ID="P119_ST00152" HPOS="2203" VPOS="1763" WIDTH="203" HEIGHT="62" CONTENT="Kirche" WC="0.99" CC="056000"/>
						<SP ID="P119_SP00139" HPOS="2406" VPOS="1836" WIDTH="52"/>
						<String ID="P119_ST00153" HPOS="2458" VPOS="1785" WIDTH="216" HEIGHT="39" CONTENT="unver*" WC="0.55" CC="630474"/>
					</TextLine>
					<TextLine ID="P119_TL00016" HPOS="378" VPOS="1854" WIDTH="2300" HEIGHT="81">
						<String ID="P119_ST00154" HPOS="378" VPOS="1855" WIDTH="194" HEIGHT="63" CONTENT="mittelt" WC="0.84" CC="0307000"/>
						<SP ID="P119_SP00140" HPOS="572" VPOS="1918" WIDTH="40"/>
						<String ID="P119_ST00155" HPOS="612" VPOS="1872" WIDTH="263" HEIGHT="62" CONTENT="grenzte,*" WC="0.99" CC="065065042"/>
						<SP ID="P119_SP00141" HPOS="875" VPOS="1934" WIDTH="40"/>
						<String ID="P119_ST00156" HPOS="915" VPOS="1855" WIDTH="120" HEIGHT="61" CONTENT="und" WC="1.00" CC="000"/>
						<SP ID="P119_SP00142" HPOS="1035" VPOS="1934" WIDTH="33"/>
						<String ID="P119_ST00157" HPOS="1068" VPOS="1878" WIDTH="125" HEIGHT="38" CONTENT="was" WC="1.00" CC="000"/>
						<SP ID="P119_SP00143" HPOS="1193" VPOS="1934" WIDTH="35"/>
						<String ID="P119_ST00158" HPOS="1228" VPOS="1854" WIDTH="92" HEIGHT="81" CONTENT="lag" WC="1.00" CC="000"/>
						<SP ID="P119_SP00144" HPOS="1320" VPOS="1935" WIDTH="33"/>
						<String ID="P119_ST00159" HPOS="1353" VPOS="1855" WIDTH="197" HEIGHT="73" CONTENT="daran," WC="0.99" CC="047002"/>
						<SP ID="P119_SP00145" HPOS="1550" VPOS="1935" WIDTH="37"/>
						<String ID="P119_ST00160" HPOS="1587" VPOS="1857" WIDTH="111" HEIGHT="62" CONTENT="daß" WC="0.98" CC="050"/>
						<SP ID="P119_SP00146" HPOS="1698" VPOS="1935" WIDTH="34"/>
						<String ID="P119_ST00161" HPOS="1732" VPOS="1881" WIDTH="60" HEIGHT="39" CONTENT="er" WC="0.66" CC="06"/>
						<SP ID="P119_SP00147" HPOS="1792" VPOS="1935" WIDTH="31"/>
						<String ID="P119_ST00162" HPOS="1823" VPOS="1858" WIDTH="145" HEIGHT="62" CONTENT="recht" WC="0.98" CC="60005"/>
						<SP ID="P119_SP00148" HPOS="1968" VPOS="1935" WIDTH="33"/>
						<String ID="P119_ST00163" HPOS="2001" VPOS="1859" WIDTH="394" HEIGHT="62" CONTENT="unverhohlen" WC="0.99" CC="07006020050"/>
						<SP ID="P119_SP00149" HPOS="2395" VPOS="1935" WIDTH="37"/>
						<String ID="P119_ST00164" HPOS="2432" VPOS="1858" WIDTH="246" HEIGHT="61" CONTENT="heraus*" WC="0.99" CC="0074004"/>
					</TextLine>
					<TextLine ID="P119_TL00017" HPOS="378" VPOS="1951" WIDTH="2299" HEIGHT="82">
						<String ID="P119_ST00165" HPOS="378" VPOS="1968" WIDTH="179" HEIGHT="63" CONTENT="sagte," WC="0.99" CC="040204"/>
						<SP ID="P119_SP00150" HPOS="557" VPOS="2031" WIDTH="45"/>
						<String ID="P119_ST00166" HPOS="602" VPOS="1976" WIDTH="59" HEIGHT="37" CONTENT="er" WC="1.00" CC="00"/>
						<SP ID="P119_SP00151" HPOS="661" VPOS="2031" WIDTH="42"/>
						<String ID="P119_ST00167" HPOS="703" VPOS="1959" WIDTH="83" HEIGHT="54" CONTENT="sei" WC="0.97" CC="026"/>
						<SP ID="P119_SP00152" HPOS="786" VPOS="2031" WIDTH="42"/>
						<String ID="P119_ST00168" HPOS="828" VPOS="1976" WIDTH="118" HEIGHT="37" CONTENT="nun" WC="1.00" CC="000"/>
						<SP ID="P119_SP00153" HPOS="946" VPOS="2031" WIDTH="35"/>
						<String ID="P119_ST00169" HPOS="981" VPOS="1951" WIDTH="145" HEIGHT="62" CONTENT="nicht" WC="0.99" CC="00006"/>
						<SP ID="P119_SP00154" HPOS="1126" VPOS="2031" WIDTH="32"/>
						<String ID="P119_ST00170" HPOS="1158" VPOS="1976" WIDTH="109" HEIGHT="37" CONTENT="nur" WC="0.97" CC="007"/>
						<SP ID="P119_SP00155" HPOS="1267" VPOS="2031" WIDTH="33"/>
						<String ID="P119_ST00171" HPOS="1300" VPOS="1952" WIDTH="100" HEIGHT="62" CONTENT="des" WC="1.00" CC="000"/>
						<SP ID="P119_SP00156" HPOS="1400" VPOS="2031" WIDTH="33"/>
						<String ID="P119_ST00172" HPOS="1433" VPOS="1952" WIDTH="221" HEIGHT="62" CONTENT="Kindes" WC="1.00" CC="050000"/>
						<SP ID="P119_SP00157" HPOS="1654" VPOS="2031" WIDTH="32"/>
						<String ID="P119_ST00173" HPOS="1686" VPOS="1978" WIDTH="201" HEIGHT="55" CONTENT="wegen" WC="1.00" CC="00000"/>
						<SP ID="P119_SP00158" HPOS="1887" VPOS="2033" WIDTH="35"/>
						<String ID="P119_ST00174" HPOS="1922" VPOS="1954" WIDTH="275" HEIGHT="79" CONTENT="glücklich," WC="0.99" CC="0000770004"/>
						<SP ID="P119_SP00159" HPOS="2197" VPOS="2033" WIDTH="42"/>
						<String ID="P119_ST00175" HPOS="2239" VPOS="1954" WIDTH="251" HEIGHT="63" CONTENT="sondern" WC="0.99" CC="0400050"/>
						<SP ID="P119_SP00160" HPOS="2490" VPOS="2033" WIDTH="46"/>
						<String ID="P119_ST00176" HPOS="2536" VPOS="1954" WIDTH="141" HEIGHT="61" CONTENT="auch" WC="1.00" CC="0000"/>
					</TextLine>
					<TextLine ID="P119_TL00018" HPOS="381" VPOS="2046" WIDTH="2294" HEIGHT="82">
						<String ID="P119_ST00177" HPOS="381" VPOS="2046" WIDTH="252" HEIGHT="73" CONTENT="deshalb," WC="0.99" CC="00005774"/>
						<SP ID="P119_SP00161" HPOS="633" VPOS="2119" WIDTH="60"/>
						<String ID="P119_ST00178" HPOS="693" VPOS="2047" WIDTH="130" HEIGHT="61" CONTENT="weil" WC="0.99" CC="0510"/>
						<SP ID="P119_SP00162" HPOS="823" VPOS="2119" WIDTH="59"/>
						<String ID="P119_ST00179" HPOS="882" VPOS="2047" WIDTH="109" HEIGHT="62" CONTENT="sich" WC="0.99" CC="0500"/>
						<SP ID="P119_SP00163" HPOS="991" VPOS="2119" WIDTH="59"/>
						<String ID="P119_ST00180" HPOS="1050" VPOS="2048" WIDTH="178" HEIGHT="60" CONTENT="damit" WC="0.98" CC="06064"/>
						<SP ID="P119_SP00164" HPOS="1228" VPOS="2119" WIDTH="48"/>
						<String ID="P119_ST00181" HPOS="1276" VPOS="2056" WIDTH="57" HEIGHT="70" CONTENT="ja" WC="0.63" CC="70"/>
						<SP ID="P119_SP00165" HPOS="1333" VPOS="2126" WIDTH="51"/>
						<String ID="P119_ST00182" HPOS="1384" VPOS="2048" WIDTH="90" HEIGHT="61" CONTENT="die" WC="1.00" CC="000"/>
						<SP ID="P119_SP00166" HPOS="1474" VPOS="2126" WIDTH="48"/>
						<String ID="P119_ST00183" HPOS="1522" VPOS="2072" WIDTH="184" HEIGHT="55" CONTENT="ganze" WC="0.99" CC="00004"/>
						<SP ID="P119_SP00167" HPOS="1706" VPOS="2127" WIDTH="49"/>
						<String ID="P119_ST00184" HPOS="1755" VPOS="2050" WIDTH="161" HEIGHT="78" CONTENT="Lage" WC="0.99" CC="0006"/>
						<SP ID="P119_SP00168" HPOS="1916" VPOS="2128" WIDTH="48"/>
						<String ID="P119_ST00185" HPOS="1964" VPOS="2048" WIDTH="344" HEIGHT="64" CONTENT="beträchtlich" WC="0.99" CC="006700067400"/>
						<SP ID="P119_SP00169" HPOS="2308" VPOS="2128" WIDTH="51"/>
						<String ID="P119_ST00186" HPOS="2359" VPOS="2074" WIDTH="75" HEIGHT="37" CONTENT="zu" WC="0.68" CC="60"/>
						<SP ID="P119_SP00170" HPOS="2434" VPOS="2128" WIDTH="42"/>
						<String ID="P119_ST00187" HPOS="2476" VPOS="2058" WIDTH="199" HEIGHT="53" CONTENT="seinen" WC="1.00" CC="050000"/>
					</TextLine>
					<TextLine ID="P119_TL00019" HPOS="381" VPOS="2142" WIDTH="2293" HEIGHT="82">
						<String ID="P119_ST00188" HPOS="381" VPOS="2142" WIDTH="271" HEIGHT="64" CONTENT="Gunsten" WC="1.00" CC="0000000"/>
						<SP ID="P119_SP00171" HPOS="652" VPOS="2206" WIDTH="44"/>
						<String ID="P119_ST00189" HPOS="696" VPOS="2144" WIDTH="278" HEIGHT="78" CONTENT="geändert" WC="1.00" CC="00000061"/>
						<SP ID="P119_SP00172" HPOS="974" VPOS="2222" WIDTH="43"/>
						<String ID="P119_ST00190" HPOS="1017" VPOS="2144" WIDTH="173" HEIGHT="62" CONTENT="habe;" WC="0.98" CC="74006"/>
						<SP ID="P119_SP00173" HPOS="1190" VPOS="2222" WIDTH="64"/>
						<String ID="P119_ST00191" HPOS="1254" VPOS="2144" WIDTH="186" HEIGHT="63" CONTENT="»Nun" WC="0.99" CC="3000"/>
						<SP ID="P119_SP00174" HPOS="1440" VPOS="2222" WIDTH="52"/>
						<String ID="P119_ST00192" HPOS="1492" VPOS="2145" WIDTH="151" HEIGHT="62" CONTENT="muß" WC="1.00" CC="000"/>
						<SP ID="P119_SP00175" HPOS="1643" VPOS="2222" WIDTH="47"/>
						<String ID="P119_ST00193" HPOS="1690" VPOS="2155" WIDTH="57" HEIGHT="69" CONTENT="ja" WC="1.00" CC="00"/>
						<SP ID="P119_SP00176" HPOS="1747" VPOS="2224" WIDTH="50"/>
						<String ID="P119_ST00194" HPOS="1797" VPOS="2146" WIDTH="129" HEIGHT="62" CONTENT="dein" WC="0.99" CC="0050"/>
						<SP ID="P119_SP00177" HPOS="1926" VPOS="2224" WIDTH="42"/>
						<String ID="P119_ST00195" HPOS="1968" VPOS="2146" WIDTH="180" HEIGHT="62" CONTENT="Vater" WC="0.97" CC="27206"/>
						<SP ID="P119_SP00178" HPOS="2148" VPOS="2224" WIDTH="49"/>
						<String ID="P119_ST00196" HPOS="2197" VPOS="2172" WIDTH="75" HEIGHT="36" CONTENT="zu" WC="0.67" CC="60"/>
						<SP ID="P119_SP00179" HPOS="2272" VPOS="2224" WIDTH="42"/>
						<String ID="P119_ST00197" HPOS="2314" VPOS="2155" WIDTH="105" HEIGHT="52" CONTENT="mir" WC="0.98" CC="040"/>
						<SP ID="P119_SP00180" HPOS="2419" VPOS="2224" WIDTH="43"/>
						<String ID="P119_ST00198" HPOS="2462" VPOS="2146" WIDTH="212" HEIGHT="73" CONTENT="halten," WC="0.99" CC="6002074"/>
					</TextLine>
					<TextLine ID="P119_TL00020" HPOS="379" VPOS="2239" WIDTH="2296" HEIGHT="79">
						<String ID="P119_ST00199" HPOS="379" VPOS="2240" WIDTH="77" HEIGHT="61" CONTENT="ob" WC="0.63" CC="07"/>
						<SP ID="P119_SP00181" HPOS="456" VPOS="2301" WIDTH="44"/>
						<String ID="P119_ST00200" HPOS="500" VPOS="2263" WIDTH="58" HEIGHT="38" CONTENT="er" WC="0.72" CC="50"/>
						<SP ID="P119_SP00182" HPOS="558" VPOS="2301" WIDTH="41"/>
						<String ID="P119_ST00201" HPOS="599" VPOS="2239" WIDTH="116" HEIGHT="62" CONTENT="will" WC="1.00" CC="0000"/>
						<SP ID="P119_SP00183" HPOS="715" VPOS="2301" WIDTH="42"/>
						<String ID="P119_ST00202" HPOS="757" VPOS="2240" WIDTH="142" HEIGHT="62" CONTENT="oder" WC="0.99" CC="0006"/>
						<SP ID="P119_SP00184" HPOS="899" VPOS="2302" WIDTH="42"/>
						<String ID="P119_ST00203" HPOS="941" VPOS="2240" WIDTH="161" HEIGHT="72" CONTENT="nicht," WC="0.99" CC="000714"/>
						<SP ID="P119_SP00185" HPOS="1102" VPOS="2312" WIDTH="43"/>
						<String ID="P119_ST00204" HPOS="1145" VPOS="2240" WIDTH="120" HEIGHT="62" CONTENT="und" WC="1.00" CC="000"/>
						<SP ID="P119_SP00186" HPOS="1265" VPOS="2312" WIDTH="43"/>
						<String ID="P119_ST00205" HPOS="1308" VPOS="2241" WIDTH="136" HEIGHT="61" CONTENT="auch" WC="1.00" CC="0000"/>
						<SP ID="P119_SP00187" HPOS="1444" VPOS="2312" WIDTH="42"/>
						<String ID="P119_ST00206" HPOS="1486" VPOS="2241" WIDTH="102" HEIGHT="73" CONTENT="dir," WC="0.96" CC="0564"/>
						<SP ID="P119_SP00188" HPOS="1588" VPOS="2314" WIDTH="42"/>
						<String ID="P119_ST00207" HPOS="1630" VPOS="2250" WIDTH="149" HEIGHT="54" CONTENT="mein" WC="0.99" CC="0013"/>
						<SP ID="P119_SP00189" HPOS="1779" VPOS="2314" WIDTH="34"/>
						<String ID="P119_ST00208" HPOS="1813" VPOS="2241" WIDTH="142" HEIGHT="64" CONTENT="liebe" WC="0.99" CC="05000"/>
						<SP ID="P119_SP00190" HPOS="1955" VPOS="2314" WIDTH="33"/>
						<String ID="P119_ST00209" HPOS="1988" VPOS="2243" WIDTH="173" HEIGHT="71" CONTENT="Frau," WC="0.97" CC="66044"/>
						<SP ID="P119_SP00191" HPOS="2161" VPOS="2314" WIDTH="37"/>
						<String ID="P119_ST00210" HPOS="2198" VPOS="2243" WIDTH="135" HEIGHT="62" CONTENT="muß" WC="1.00" CC="000"/>
						<SP ID="P119_SP00192" HPOS="2333" VPOS="2314" WIDTH="34"/>
						<String ID="P119_ST00211" HPOS="2367" VPOS="2252" WIDTH="135" HEIGHT="66" CONTENT="jetzt" WC="0.97" CC="70565"/>
						<SP ID="P119_SP00193" HPOS="2502" VPOS="2318" WIDTH="34"/>
						<String ID="P119_ST00212" HPOS="2536" VPOS="2243" WIDTH="139" HEIGHT="62" CONTENT="alles" WC="0.98" CC="07700"/>
					</TextLine>
					<TextLine ID="P119_TL00021" HPOS="378" VPOS="2334" WIDTH="2295" HEIGHT="83">
						<String ID="P119_ST00213" HPOS="378" VPOS="2335" WIDTH="182" HEIGHT="61" CONTENT="daran" WC="0.98" CC="00606"/>
						<SP ID="P119_SP00194" HPOS="560" VPOS="2396" WIDTH="34"/>
						<String ID="P119_ST00214" HPOS="594" VPOS="2334" WIDTH="207" HEIGHT="80" CONTENT="liegen," WC="0.99" CC="0090004"/>
						<SP ID="P119_SP00195" HPOS="801" VPOS="2414" WIDTH="43"/>
						<String ID="P119_ST00215" HPOS="844" VPOS="2335" WIDTH="97" HEIGHT="63" CONTENT="ihn" WC="0.97" CC="170"/>
						<SP ID="P119_SP00196" HPOS="941" VPOS="2414" WIDTH="45"/>
						<String ID="P119_ST00216" HPOS="986" VPOS="2335" WIDTH="89" HEIGHT="63" CONTENT="für" WC="0.95" CC="606"/>
						<SP ID="P119_SP00197" HPOS="1075" VPOS="2414" WIDTH="42"/>
						<String ID="P119_ST00217" HPOS="1117" VPOS="2337" WIDTH="139" HEIGHT="61" CONTENT="mich" WC="1.00" CC="0200"/>
						<SP ID="P119_SP00198" HPOS="1256" VPOS="2414" WIDTH="42"/>
						<String ID="P119_ST00218" HPOS="1298" VPOS="2361" WIDTH="74" HEIGHT="38" CONTENT="zu" WC="1.00" CC="00"/>
						<SP ID="P119_SP00199" HPOS="1372" VPOS="2414" WIDTH="41"/>
						<String ID="P119_ST00219" HPOS="1413" VPOS="2337" WIDTH="333" HEIGHT="64" CONTENT="überreden." WC="0.99" CC="0767600044"/>
						<SP ID="P119_SP00200" HPOS="1746" VPOS="2414" WIDTH="61"/>
						<String ID="P119_ST00220" HPOS="1807" VPOS="2337" WIDTH="77" HEIGHT="80" CONTENT="Ja," WC="0.96" CC="604"/>
						<SP ID="P119_SP00201" HPOS="1884" VPOS="2417" WIDTH="59"/>
						<String ID="P119_ST00221" HPOS="1943" VPOS="2347" WIDTH="133" HEIGHT="70" CONTENT="jetzt" WC="0.98" CC="00454"/>
						<SP ID="P119_SP00202" HPOS="2076" VPOS="2417" WIDTH="50"/>
						<String ID="P119_ST00222" HPOS="2126" VPOS="2337" WIDTH="207" HEIGHT="80" CONTENT="glaube" WC="0.98" CC="060705"/>
						<SP ID="P119_SP00203" HPOS="2333" VPOS="2417" WIDTH="50"/>
						<String ID="P119_ST00223" HPOS="2383" VPOS="2338" WIDTH="79" HEIGHT="61" CONTENT="ich" WC="0.95" CC="067"/>
						<SP ID="P119_SP00204" HPOS="2462" VPOS="2417" WIDTH="51"/>
						<String ID="P119_ST00224" HPOS="2513" VPOS="2362" WIDTH="160" HEIGHT="55" CONTENT="gern," WC="0.98" CC="00604"/>
					</TextLine>
					<TextLine ID="P119_TL00022" HPOS="381" VPOS="2431" WIDTH="2294" HEIGHT="82">
						<String ID="P119_ST00225" HPOS="381" VPOS="2431" WIDTH="109" HEIGHT="62" CONTENT="daß" WC="0.99" CC="030"/>
						<SP ID="P119_SP00205" HPOS="490" VPOS="2493" WIDTH="51"/>
						<String ID="P119_ST00226" HPOS="541" VPOS="2432" WIDTH="78" HEIGHT="61" CONTENT="du" WC="1.00" CC="00"/>
						<SP ID="P119_SP00206" HPOS="619" VPOS="2493" WIDTH="51"/>
						<String ID="P119_ST00227" HPOS="670" VPOS="2433" WIDTH="120" HEIGHT="61" CONTENT="dich" WC="1.00" CC="0000"/>
						<SP ID="P119_SP00207" HPOS="790" VPOS="2494" WIDTH="49"/>
						<String ID="P119_ST00228" HPOS="839" VPOS="2448" WIDTH="343" HEIGHT="64" CONTENT="anstrengen" WC="1.00" CC="0005600000"/>
						<SP ID="P119_SP00208" HPOS="1182" VPOS="2512" WIDTH="51"/>
						<String ID="P119_ST00229" HPOS="1233" VPOS="2442" WIDTH="175" HEIGHT="65" CONTENT="wirst," WC="0.98" CC="024054"/>
						<SP ID="P119_SP00209" HPOS="1408" VPOS="2512" WIDTH="57"/>
						<String ID="P119_ST00230" HPOS="1465" VPOS="2459" WIDTH="67" HEIGHT="36" CONTENT="so" WC="0.81" CC="03"/>
						<SP ID="P119_SP00210" HPOS="1532" VPOS="2512" WIDTH="53"/>
						<String ID="P119_ST00231" HPOS="1585" VPOS="2433" WIDTH="130" HEIGHT="62" CONTENT="sehr" WC="0.96" CC="0676"/>
						<SP ID="P119_SP00211" HPOS="1715" VPOS="2512" WIDTH="49"/>
						<String ID="P119_ST00232" HPOS="1764" VPOS="2434" WIDTH="78" HEIGHT="63" CONTENT="du" WC="1.00" CC="00"/>
						<SP ID="P119_SP00212" HPOS="1842" VPOS="2512" WIDTH="50"/>
						<String ID="P119_ST00233" HPOS="1892" VPOS="2434" WIDTH="258" HEIGHT="64" CONTENT="kannst.«" WC="0.99" CC="30000522"/>
						<SP ID="P119_SP00213" HPOS="2150" VPOS="2512" WIDTH="45"/>
						<String ID="P119_ST00234" HPOS="2195" VPOS="2434" WIDTH="88" HEIGHT="61" CONTENT="Er" WC="0.28" CC="76"/>
						<SP ID="P119_SP00214" HPOS="2283" VPOS="2512" WIDTH="50"/>
						<String ID="P119_ST00235" HPOS="2333" VPOS="2433" WIDTH="213" HEIGHT="80" CONTENT="klopfte" WC="0.99" CC="5010640"/>
						<SP ID="P119_SP00215" HPOS="2546" VPOS="2513" WIDTH="43"/>
						<String ID="P119_ST00236" HPOS="2589" VPOS="2434" WIDTH="86" HEIGHT="61" CONTENT="ihr" WC="0.97" CC="106"/>
					</TextLine>
					<TextLine ID="P119_TL00023" HPOS="379" VPOS="2527" WIDTH="2295" HEIGHT="83">
						<String ID="P119_ST00237" HPOS="379" VPOS="2527" WIDTH="136" HEIGHT="61" CONTENT="derb" WC="0.95" CC="9067"/>
						<SP ID="P119_SP00216" HPOS="515" VPOS="2588" WIDTH="46"/>
						<String ID="P119_ST00238" HPOS="561" VPOS="2527" WIDTH="104" HEIGHT="62" CONTENT="auf" WC="0.97" CC="070"/>
						<SP ID="P119_SP00217" HPOS="665" VPOS="2589" WIDTH="38"/>
						<String ID="P119_ST00239" HPOS="703" VPOS="2530" WIDTH="112" HEIGHT="61" CONTENT="den" WC="0.99" CC="030"/>
						<SP ID="P119_SP00218" HPOS="815" VPOS="2591" WIDTH="43"/>
						<String ID="P119_ST00240" HPOS="858" VPOS="2530" WIDTH="150" HEIGHT="61" CONTENT="Hals" WC="0.99" CC="3000"/>
						<SP ID="P119_SP00219" HPOS="1008" VPOS="2591" WIDTH="43"/>
						<String ID="P119_ST00241" HPOS="1051" VPOS="2530" WIDTH="121" HEIGHT="62" CONTENT="und" WC="1.00" CC="000"/>
						<SP ID="P119_SP00220" HPOS="1172" VPOS="2592" WIDTH="39"/>
						<String ID="P119_ST00242" HPOS="1211" VPOS="2530" WIDTH="192" HEIGHT="73" CONTENT="lachte," WC="0.98" CC="0407634"/>
						<SP ID="P119_SP00221" HPOS="1403" VPOS="2603" WIDTH="46"/>
						<String ID="P119_ST00243" HPOS="1449" VPOS="2531" WIDTH="82" HEIGHT="61" CONTENT="als" WC="0.95" CC="570"/>
						<SP ID="P119_SP00222" HPOS="1531" VPOS="2603" WIDTH="41"/>
						<String ID="P119_ST00244" HPOS="1572" VPOS="2540" WIDTH="82" HEIGHT="52" CONTENT="sei" WC="0.98" CC="050"/>
						<SP ID="P119_SP00223" HPOS="1654" VPOS="2603" WIDTH="50"/>
						<String ID="P119_ST00245" HPOS="1704" VPOS="2530" WIDTH="116" HEIGHT="62" CONTENT="ihm" WC="0.95" CC="570"/>
						<SP ID="P119_SP00224" HPOS="1820" VPOS="2603" WIDTH="53"/>
						<String ID="P119_ST00246" HPOS="1873" VPOS="2531" WIDTH="75" HEIGHT="61" CONTENT="da" WC="1.00" CC="00"/>
						<SP ID="P119_SP00225" HPOS="1948" VPOS="2603" WIDTH="47"/>
						<String ID="P119_ST00247" HPOS="1995" VPOS="2540" WIDTH="87" HEIGHT="52" CONTENT="ein" WC="0.95" CC="066"/>
						<SP ID="P119_SP00226" HPOS="2082" VPOS="2603" WIDTH="44"/>
						<String ID="P119_ST00248" HPOS="2126" VPOS="2530" WIDTH="402" HEIGHT="62" CONTENT="Meisterstück" WC="1.00" CC="000050501007"/>
						<SP ID="P119_SP00227" HPOS="2528" VPOS="2603" WIDTH="41"/>
						<String ID="P119_ST00249" HPOS="2569" VPOS="2554" WIDTH="105" HEIGHT="56" CONTENT="ge*" WC="0.98" CC="004"/>
					</TextLine>
					<TextLine ID="P119_TL00024" HPOS="379" VPOS="2622" WIDTH="2295" HEIGHT="80">
						<String ID="P119_ST00250" HPOS="379" VPOS="2622" WIDTH="223" HEIGHT="79" CONTENT="lungen." WC="0.86" CC="0500004"/>
						<SP ID="P119_SP00228" HPOS="602" VPOS="2701" WIDTH="166"/>
						<String ID="P119_ST00251" HPOS="768" VPOS="2624" WIDTH="96" HEIGHT="63" CONTENT="Sie" WC="0.97" CC="330"/>
						<SP ID="P119_SP00229" HPOS="864" VPOS="2701" WIDTH="42"/>
						<String ID="P119_ST00252" HPOS="906" VPOS="2626" WIDTH="177" HEIGHT="61" CONTENT="nahm" WC="1.00" CC="0000"/>
						<SP ID="P119_SP00230" HPOS="1083" VPOS="2701" WIDTH="44"/>
						<String ID="P119_ST00253" HPOS="1127" VPOS="2650" WIDTH="60" HEIGHT="37" CONTENT="es" WC="1.00" CC="00"/>
						<SP ID="P119_SP00231" HPOS="1187" VPOS="2701" WIDTH="42"/>
						<String ID="P119_ST00254" HPOS="1229" VPOS="2626" WIDTH="116" HEIGHT="61" CONTENT="ihm" WC="0.98" CC="400"/>
						<SP ID="P119_SP00232" HPOS="1345" VPOS="2701" WIDTH="41"/>
						<String ID="P119_ST00255" HPOS="1386" VPOS="2626" WIDTH="143" HEIGHT="61" CONTENT="nicht" WC="0.97" CC="60075"/>
						<SP ID="P119_SP00233" HPOS="1529" VPOS="2701" WIDTH="40"/>
						<String ID="P119_ST00256" HPOS="1569" VPOS="2626" WIDTH="148" HEIGHT="73" CONTENT="übel," WC="0.98" CC="07004"/>
						<SP ID="P119_SP00234" HPOS="1717" VPOS="2701" WIDTH="43"/>
						<String ID="P119_ST00257" HPOS="1760" VPOS="2635" WIDTH="80" HEIGHT="53" CONTENT="sie" WC="0.98" CC="050"/>
						<SP ID="P119_SP00235" HPOS="1840" VPOS="2701" WIDTH="33"/>
						<String ID="P119_ST00258" HPOS="1873" VPOS="2626" WIDTH="269" HEIGHT="62" CONTENT="verstand" WC="1.00" CC="00600000"/>
						<SP ID="P119_SP00236" HPOS="2142" VPOS="2701" WIDTH="34"/>
						<String ID="P119_ST00259" HPOS="2176" VPOS="2626" WIDTH="94" HEIGHT="61" CONTENT="ihn" WC="0.95" CC="077"/>
						<SP ID="P119_SP00237" HPOS="2270" VPOS="2701" WIDTH="33"/>
						<String ID="P119_ST00260" HPOS="2303" VPOS="2635" WIDTH="87" HEIGHT="67" CONTENT="ja,*" WC="0.98" CC="4040"/>
						<SP ID="P119_SP00238" HPOS="2390" VPOS="2702" WIDTH="33"/>
						<String ID="P119_ST00261" HPOS="2423" VPOS="2649" WIDTH="124" HEIGHT="38" CONTENT="was" WC="0.99" CC="030"/>
						<SP ID="P119_SP00239" HPOS="2547" VPOS="2702" WIDTH="35"/>
						<String ID="P119_ST00262" HPOS="2582" VPOS="2626" WIDTH="92" HEIGHT="61" CONTENT="bei" WC="0.96" CC="703"/>
					</TextLine>
					<TextLine ID="P119_TL00025" HPOS="379" VPOS="2720" WIDTH="2294" HEIGHT="81">
						<String ID="P119_ST00263" HPOS="379" VPOS="2728" WIDTH="183" HEIGHT="53" CONTENT="einem" WC="0.99" CC="40003"/>
						<SP ID="P119_SP00240" HPOS="562" VPOS="2781" WIDTH="43"/>
						<String ID="P119_ST00264" HPOS="605" VPOS="2720" WIDTH="253" HEIGHT="64" CONTENT="anderen" WC="0.99" CC="4090600"/>
						<SP ID="P119_SP00241" HPOS="858" VPOS="2784" WIDTH="43"/>
						<String ID="P119_ST00265" HPOS="901" VPOS="2723" WIDTH="315" HEIGHT="62" CONTENT="Menschen" WC="1.00" CC="00000700"/>
						<SP ID="P119_SP00242" HPOS="1216" VPOS="2785" WIDTH="42"/>
						<String ID="P119_ST00266" HPOS="1258" VPOS="2721" WIDTH="414" HEIGHT="64" CONTENT="unvereinbare" WC="1.00" CC="000040600542"/>
						<SP ID="P119_SP00243" HPOS="1672" VPOS="2785" WIDTH="55"/>
						<String ID="P119_ST00267" HPOS="1727" VPOS="2723" WIDTH="366" HEIGHT="78" CONTENT="Gegensätze" WC="1.00" CC="0000500560"/>
						<SP ID="P119_SP00244" HPOS="2093" VPOS="2801" WIDTH="41"/>
						<String ID="P119_ST00268" HPOS="2134" VPOS="2746" WIDTH="268" HEIGHT="55" CONTENT="gewesen" WC="1.00" CC="0000005"/>
						<SP ID="P119_SP00245" HPOS="2402" VPOS="2801" WIDTH="51"/>
						<String ID="P119_ST00269" HPOS="2453" VPOS="2732" WIDTH="220" HEIGHT="63" CONTENT="wären," WC="0.98" CC="004704"/>
					</TextLine>
					<TextLine ID="P119_TL00026" HPOS="379" VPOS="2817" WIDTH="2294" HEIGHT="81">
						<String ID="P119_ST00270" HPOS="379" VPOS="2824" WIDTH="151" HEIGHT="54" CONTENT="reine" WC="0.98" CC="60007"/>
						<SP ID="P119_SP00246" HPOS="530" VPOS="2878" WIDTH="26"/>
						<String ID="P119_ST00271" HPOS="556" VPOS="2817" WIDTH="180" HEIGHT="63" CONTENT="Liebe" WC="1.00" CC="04000"/>
						<SP ID="P119_SP00247" HPOS="736" VPOS="2880" WIDTH="34"/>
						<String ID="P119_ST00272" HPOS="770" VPOS="2819" WIDTH="121" HEIGHT="61" CONTENT="und" WC="0.97" CC="600"/>
						<SP ID="P119_SP00248" HPOS="891" VPOS="2880" WIDTH="36"/>
						<String ID="P119_ST00273" HPOS="927" VPOS="2818" WIDTH="155" HEIGHT="62" CONTENT="diese" WC="0.99" CC="01400"/>
						<SP ID="P119_SP00249" HPOS="1082" VPOS="2880" WIDTH="26"/>
						<String ID="P119_ST00274" HPOS="1108" VPOS="2818" WIDTH="233" HEIGHT="63" CONTENT="Freude" WC="0.98" CC="366600"/>
						<SP ID="P119_SP00250" HPOS="1341" VPOS="2881" WIDTH="35"/>
						<String ID="P119_ST00275" HPOS="1376" VPOS="2843" WIDTH="93" HEIGHT="38" CONTENT="am" WC="0.84" CC="30"/>
						<SP ID="P119_SP00251" HPOS="1469" VPOS="2881" WIDTH="36"/>
						<String ID="P119_ST00276" HPOS="1505" VPOS="2828" WIDTH="235" HEIGHT="70" CONTENT="eigenen" WC="1.00" CC="0200000"/>
						<SP ID="P119_SP00252" HPOS="1740" VPOS="2898" WIDTH="27"/>
						<String ID="P119_ST00277" HPOS="1767" VPOS="2818" WIDTH="243" HEIGHT="72" CONTENT="Vorteil," WC="0.99" CC="03630154"/>
						<SP ID="P119_SP00253" HPOS="2010" VPOS="2898" WIDTH="34"/>
						<String ID="P119_ST00278" HPOS="2044" VPOS="2827" WIDTH="56" HEIGHT="53" CONTENT="in" WC="0.80" CC="30"/>
						<SP ID="P119_SP00254" HPOS="2100" VPOS="2898" WIDTH="34"/>
						<String ID="P119_ST00279" HPOS="2134" VPOS="2827" WIDTH="215" HEIGHT="53" CONTENT="seinem" WC="1.00" CC="000000"/>
						<SP ID="P119_SP00255" HPOS="2349" VPOS="2898" WIDTH="34"/>
						<String ID="P119_ST00280" HPOS="2383" VPOS="2818" WIDTH="290" HEIGHT="62" CONTENT="schlichten" WC="0.99" CC="0070207500"/>
					</TextLine>
					<TextLine ID="P119_TL00027" HPOS="377" VPOS="2909" WIDTH="2297" HEIGHT="84">
						<String ID="P119_ST00281" HPOS="377" VPOS="2909" WIDTH="232" HEIGHT="65" CONTENT="Herzen" WC="0.98" CC="436700"/>
						<SP ID="P119_SP00256" HPOS="609" VPOS="2974" WIDTH="43"/>
						<String ID="P119_ST00282" HPOS="652" VPOS="2913" WIDTH="150" HEIGHT="62" CONTENT="lebte" WC="0.98" CC="70045"/>
						<SP ID="P119_SP00257" HPOS="802" VPOS="2975" WIDTH="36"/>
						<String ID="P119_ST00283" HPOS="838" VPOS="2913" WIDTH="105" HEIGHT="64" CONTENT="das" WC="1.00" CC="000"/>
						<SP ID="P119_SP00258" HPOS="943" VPOS="2977" WIDTH="42"/>
						<String ID="P119_ST00284" HPOS="985" VPOS="2939" WIDTH="151" HEIGHT="54" CONTENT="ganz" WC="0.99" CC="0006"/>
						<SP ID="P119_SP00259" HPOS="1136" VPOS="2993" WIDTH="41"/>
						<String ID="P119_ST00285" HPOS="1177" VPOS="2914" WIDTH="194" HEIGHT="63" CONTENT="bieder" WC="0.99" CC="010056"/>
						<SP ID="P119_SP00260" HPOS="1371" VPOS="2993" WIDTH="43"/>
						<String ID="P119_ST00286" HPOS="1414" VPOS="2914" WIDTH="120" HEIGHT="61" CONTENT="und" WC="1.00" CC="000"/>
						<SP ID="P119_SP00261" HPOS="1534" VPOS="2993" WIDTH="49"/>
						<String ID="P119_ST00287" HPOS="1583" VPOS="2913" WIDTH="305" HEIGHT="64" CONTENT="einheitlich" WC="0.99" CC="00060400607"/>
						<SP ID="P119_SP00262" HPOS="1888" VPOS="2993" WIDTH="50"/>
						<String ID="P119_ST00288" HPOS="1938" VPOS="2914" WIDTH="369" HEIGHT="72" CONTENT="beisammen," WC="1.00" CC="7500000004"/>
						<SP ID="P119_SP00263" HPOS="2307" VPOS="2993" WIDTH="54"/>
						<String ID="P119_ST00289" HPOS="2361" VPOS="2914" WIDTH="153" HEIGHT="61" CONTENT="ohne" WC="0.98" CC="3700"/>
						<SP ID="P119_SP00264" HPOS="2514" VPOS="2993" WIDTH="50"/>
						<String ID="P119_ST00290" HPOS="2564" VPOS="2913" WIDTH="110" HEIGHT="61" CONTENT="sich" WC="0.97" CC="0607"/>
					</TextLine>
					<TextLine ID="P119_TL00028" HPOS="376" VPOS="3008" WIDTH="2299" HEIGHT="82">
						<String ID="P119_ST00291" HPOS="376" VPOS="3019" WIDTH="345" HEIGHT="69" CONTENT="gegenseitig" WC="0.99" CC="90050006069"/>
						<SP ID="P119_SP00265" HPOS="721" VPOS="3088" WIDTH="49"/>
						<String ID="P119_ST00292" HPOS="770" VPOS="3035" WIDTH="77" HEIGHT="37" CONTENT="zu" WC="0.76" CC="04"/>
						<SP ID="P119_SP00266" HPOS="847" VPOS="3088" WIDTH="50"/>
						<String ID="P119_ST00293" HPOS="897" VPOS="3011" WIDTH="333" HEIGHT="63" CONTENT="behindern." WC="0.99" CC="7005206704"/>
						<SP ID="P119_SP00267" HPOS="1230" VPOS="3088" WIDTH="46"/>
						<String ID="P119_ST00294" HPOS="1276" VPOS="3011" WIDTH="136" HEIGHT="62" CONTENT="Von" WC="1.00" CC="000"/>
						<SP ID="P119_SP00268" HPOS="1412" VPOS="3088" WIDTH="53"/>
						<String ID="P119_ST00295" HPOS="1465" VPOS="3010" WIDTH="318" HEIGHT="80" CONTENT="derartigen" WC="0.99" CC="0060463000"/>
						<SP ID="P119_SP00269" HPOS="1783" VPOS="3090" WIDTH="61"/>
						<String ID="P119_ST00296" HPOS="1844" VPOS="3008" WIDTH="575" HEIGHT="80" CONTENT="Gewissenskrupeln" WC="1.00" CC="0604000000550060"/>
						<SP ID="P119_SP00270" HPOS="2419" VPOS="3090" WIDTH="60"/>
						<String ID="P119_ST00297" HPOS="2479" VPOS="3010" WIDTH="196" HEIGHT="61" CONTENT="wußte" WC="0.98" CC="00650"/>
					</TextLine>
					<TextLine ID="P119_TL00029" HPOS="379" VPOS="3105" WIDTH="2295" HEIGHT="83">
						<String ID="P119_ST00298" HPOS="379" VPOS="3127" WIDTH="59" HEIGHT="36" CONTENT="er" WC="1.00" CC="00"/>
						<SP ID="P119_SP00271" HPOS="438" VPOS="3163" WIDTH="39"/>
						<String ID="P119_ST00299" HPOS="477" VPOS="3105" WIDTH="499" HEIGHT="79" CONTENT="glücklicherweise" WC="0.99" CC="0606070074600600"/>
						<SP ID="P119_SP00272" HPOS="976" VPOS="3184" WIDTH="43"/>
						<String ID="P119_ST00300" HPOS="1019" VPOS="3132" WIDTH="102" HEIGHT="56" CONTENT="gar" WC="1.00" CC="000"/>
						<SP ID="P119_SP00273" HPOS="1121" VPOS="3188" WIDTH="42"/>
						<String ID="P119_ST00301" HPOS="1163" VPOS="3108" WIDTH="187" HEIGHT="72" CONTENT="nichts," WC="0.99" CC="0200504"/>
						<SP ID="P119_SP00274" HPOS="1350" VPOS="3188" WIDTH="45"/>
						<String ID="P119_ST00302" HPOS="1395" VPOS="3108" WIDTH="178" HEIGHT="60" CONTENT="damit" WC="0.99" CC="00035"/>
						<SP ID="P119_SP00275" HPOS="1573" VPOS="3188" WIDTH="32"/>
						<String ID="P119_ST00303" HPOS="1605" VPOS="3108" WIDTH="254" HEIGHT="60" CONTENT="mochten" WC="0.99" CC="0200600"/>
						<SP ID="P119_SP00276" HPOS="1859" VPOS="3188" WIDTH="34"/>
						<String ID="P119_ST00304" HPOS="1893" VPOS="3106" WIDTH="108" HEIGHT="64" CONTENT="sich" WC="0.99" CC="0300"/>
						<SP ID="P119_SP00277" HPOS="2001" VPOS="3188" WIDTH="34"/>
						<String ID="P119_ST00305" HPOS="2035" VPOS="3105" WIDTH="397" HEIGHT="63" CONTENT="verzärteltere" WC="0.83" CC="0050060002060"/>
						<SP ID="P119_SP00278" HPOS="2432" VPOS="3188" WIDTH="35"/>
						<String ID="P119_ST00306" HPOS="2467" VPOS="3105" WIDTH="207" HEIGHT="63" CONTENT="Seelen" WC="0.99" CC="300500"/>
					</TextLine>
					<TextLine ID="P119_TL00030" HPOS="379" VPOS="3199" WIDTH="275" HEIGHT="80">
						<String ID="P119_ST00307" HPOS="379" VPOS="3199" WIDTH="275" HEIGHT="80" CONTENT="abgeben." WC="0.99" CC="07047404"/>
					</TextLine>
					<TextLine ID="P119_TL00031" HPOS="1510" VPOS="3292" WIDTH="31" HEIGHT="27">
						<String ID="P119_ST00308" HPOS="1510" VPOS="3292" WIDTH="31" HEIGHT="27" CONTENT="•k" WC="0.10" CC="89" STYLEREFS="TXT_4"/>
					</TextLine>
					<TextLine ID="P119_TL00032" HPOS="2235" VPOS="3363" WIDTH="19" HEIGHT="25">
						<String ID="P119_ST00309" HPOS="2235" VPOS="3363" WIDTH="19" HEIGHT="25" CONTENT="#" WC="0.26" CC="7" STYLEREFS="TXT_5"/>
					</TextLine>
					<TextLine ID="P119_TL00033" HPOS="456" VPOS="3392" WIDTH="2223" HEIGHT="75">
						<String ID="P119_ST00310" HPOS="456" VPOS="3392" WIDTH="171" HEIGHT="65" CONTENT="Eben" WC="0.98" CC="7000"/>
						<SP ID="P119_SP00279" HPOS="627" VPOS="3457" WIDTH="58"/>
						<String ID="P119_ST00311" HPOS="685" VPOS="3406" WIDTH="201" HEIGHT="52" CONTENT="tönten" WC="0.99" CC="000700"/>
						<SP ID="P119_SP00280" HPOS="886" VPOS="3458" WIDTH="52"/>
						<String ID="P119_ST00312" HPOS="938" VPOS="3397" WIDTH="92" HEIGHT="62" CONTENT="die" WC="0.99" CC="030"/>
						<SP ID="P119_SP00281" HPOS="1030" VPOS="3459" WIDTH="50"/>
						<String ID="P119_ST00313" HPOS="1080" VPOS="3414" WIDTH="183" HEIGHT="45" CONTENT="ersten" WC="0.99" CC="060300"/>
						<SP ID="P119_SP00282" HPOS="1263" VPOS="3459" WIDTH="51"/>
						<String ID="P119_ST00314" HPOS="1314" VPOS="3396" WIDTH="475" HEIGHT="71" CONTENT="Hahnenschreie," WC="1.00" CC="60700000760004"/>
						<SP ID="P119_SP00283" HPOS="1789" VPOS="3467" WIDTH="53"/>
						<String ID="P119_ST00315" HPOS="1842" VPOS="3395" WIDTH="82" HEIGHT="62" CONTENT="als" WC="1.00" CC="000"/>
						<SP ID="P119_SP00284" HPOS="1924" VPOS="3467" WIDTH="53"/>
						<String ID="P119_ST00316" HPOS="1977" VPOS="3395" WIDTH="298" HEIGHT="62" CONTENT="Elisabeth" WC="0.99" CC="704007070"/>
						<SP ID="P119_SP00285" HPOS="2275" VPOS="3467" WIDTH="45"/>
						<String ID="P119_ST00317" HPOS="2320" VPOS="3395" WIDTH="93" HEIGHT="62" CONTENT="die" WC="0.99" CC="030"/>
						<SP ID="P119_SP00286" HPOS="2413" VPOS="3467" WIDTH="42"/>
						<String ID="P119_ST00318" HPOS="2455" VPOS="3395" WIDTH="224" HEIGHT="63" CONTENT="Mutter" WC="0.98" CC="000556"/>
					</TextLine>
					<TextLine ID="P119_TL00034" HPOS="379" VPOS="3486" WIDTH="2302" HEIGHT="85">
						<String ID="P119_ST00319" HPOS="379" VPOS="3510" WIDTH="104" HEIGHT="38" CONTENT="aus" WC="0.94" CC="671"/>
						<SP ID="P119_SP00287" HPOS="483" VPOS="3548" WIDTH="44"/>
						<String ID="P119_ST00320" HPOS="527" VPOS="3491" WIDTH="132" HEIGHT="62" CONTENT="dem" WC="0.95" CC="804"/>
						<SP ID="P119_SP00288" HPOS="659" VPOS="3553" WIDTH="43"/>
						<String ID="P119_ST00321" HPOS="702" VPOS="3492" WIDTH="194" HEIGHT="63" CONTENT="Schlaf" WC="0.98" CC="107706"/>
						<SP ID="P119_SP00289" HPOS="896" VPOS="3555" WIDTH="36"/>
						<String ID="P119_ST00322" HPOS="932" VPOS="3494" WIDTH="213" HEIGHT="62" CONTENT="weckte" WC="0.99" CC="030720"/>
						<SP ID="P119_SP00290" HPOS="1145" VPOS="3556" WIDTH="43"/>
						<String ID="P119_ST00323" HPOS="1188" VPOS="3492" WIDTH="121" HEIGHT="63" CONTENT="und" WC="1.00" CC="000"/>
						<SP ID="P119_SP00291" HPOS="1309" VPOS="3556" WIDTH="43"/>
						<String ID="P119_ST00324" HPOS="1352" VPOS="3494" WIDTH="83" HEIGHT="61" CONTENT="ihr" WC="0.99" CC="100"/>
						<SP ID="P119_SP00292" HPOS="1435" VPOS="3556" WIDTH="42"/>
						<String ID="P119_ST00325" HPOS="1477" VPOS="3492" WIDTH="184" HEIGHT="79" CONTENT="hastig" WC="0.99" CC="000660"/>
						<SP ID="P119_SP00293" HPOS="1661" VPOS="3571" WIDTH="43"/>
						<String ID="P119_ST00326" HPOS="1704" VPOS="3492" WIDTH="155" HEIGHT="74" CONTENT="alles," WC="1.00" CC="000003"/>
						<SP ID="P119_SP00294" HPOS="1859" VPOS="3571" WIDTH="41"/>
						<String ID="P119_ST00327" HPOS="1900" VPOS="3515" WIDTH="124" HEIGHT="38" CONTENT="was" WC="1.00" CC="000"/>
						<SP ID="P119_SP00295" HPOS="2024" VPOS="3571" WIDTH="50"/>
						<String ID="P119_ST00328" HPOS="2074" VPOS="3499" WIDTH="82" HEIGHT="54" CONTENT="sie" WC="0.98" CC="050"/>
						<SP ID="P119_SP00296" HPOS="2156" VPOS="3571" WIDTH="42"/>
						<String ID="P119_ST00329" HPOS="2198" VPOS="3500" WIDTH="102" HEIGHT="53" CONTENT="mit" WC="0.97" CC="043"/>
						<SP ID="P119_SP00297" HPOS="2300" VPOS="3571" WIDTH="39"/>
						<String ID="P119_ST00330" HPOS="2339" VPOS="3486" WIDTH="342" HEIGHT="85" CONTENT="Tengnagel" WC="0.79" CC="600047000"/>
					</TextLine>
					<TextLine ID="P119_TL00035" HPOS="378" VPOS="3580" WIDTH="2304" HEIGHT="88">
						<String ID="P119_ST00331" HPOS="378" VPOS="3580" WIDTH="343" HEIGHT="82" CONTENT="besprochen" WC="0.99" CC="7000600700"/>
						<SP ID="P119_SP00298" HPOS="721" VPOS="3662" WIDTH="43"/>
						<String ID="P119_ST00332" HPOS="764" VPOS="3589" WIDTH="172" HEIGHT="73" CONTENT="hatte," WC="0.98" CC="702644"/>
						<SP ID="P119_SP00299" HPOS="936" VPOS="3662" WIDTH="35"/>
						<String ID="P119_ST00333" HPOS="971" VPOS="3590" WIDTH="268" HEIGHT="62" CONTENT="mitteilte." WC="0.99" CC="0400500633"/>
						<SP ID="P119_SP00300" HPOS="1239" VPOS="3662" WIDTH="46"/>
						<String ID="P119_ST00334" HPOS="1285" VPOS="3590" WIDTH="114" HEIGHT="61" CONTENT="Die" WC="0.99" CC="010"/>
						<SP ID="P119_SP00301" HPOS="1399" VPOS="3662" WIDTH="33"/>
						<String ID="P119_ST00335" HPOS="1432" VPOS="3584" WIDTH="158" HEIGHT="66" CONTENT="Türe" WC="0.99" CC="6000"/>
						<SP ID="P119_SP00302" HPOS="1590" VPOS="3662" WIDTH="35"/>
						<String ID="P119_ST00336" HPOS="1625" VPOS="3589" WIDTH="99" HEIGHT="61" CONTENT="der" WC="0.96" CC="056"/>
						<SP ID="P119_SP00303" HPOS="1724" VPOS="3662" WIDTH="33"/>
						<String ID="P119_ST00337" HPOS="1757" VPOS="3586" WIDTH="272" HEIGHT="64" CONTENT="Sakristei" WC="0.99" CC="304500606"/>
						<SP ID="P119_SP00304" HPOS="2029" VPOS="3662" WIDTH="33"/>
						<String ID="P119_ST00338" HPOS="2062" VPOS="3588" WIDTH="203" HEIGHT="62" CONTENT="wurde" WC="0.97" CC="07606"/>
						<SP ID="P119_SP00305" HPOS="2265" VPOS="3662" WIDTH="36"/>
						<String ID="P119_ST00339" HPOS="2301" VPOS="3588" WIDTH="381" HEIGHT="80" CONTENT="aufgesperrt," WC="1.00" CC="000000005644"/>
					</TextLine>
					<TextLine ID="P119_TL00036" HPOS="379" VPOS="3676" WIDTH="2310" HEIGHT="87">
						<String ID="P119_ST00340" HPOS="379" VPOS="3676" WIDTH="153" HEIGHT="64" CONTENT="dann" WC="0.98" CC="9000"/>
						<SP ID="P119_SP00306" HPOS="532" VPOS="3740" WIDTH="58"/>
						<String ID="P119_ST00341" HPOS="590" VPOS="3690" WIDTH="134" HEIGHT="72" CONTENT="ging" WC="0.99" CC="0200"/>
						<SP ID="P119_SP00307" HPOS="724" VPOS="3762" WIDTH="52"/>
						<String ID="P119_ST00342" HPOS="776" VPOS="3708" WIDTH="61" HEIGHT="38" CONTENT="es" WC="1.00" CC="00"/>
						<SP ID="P119_SP00308" HPOS="837" VPOS="3762" WIDTH="50"/>
						<String ID="P119_ST00343" HPOS="887" VPOS="3685" WIDTH="93" HEIGHT="63" CONTENT="die" WC="0.99" CC="030"/>
						<SP ID="P119_SP00309" HPOS="980" VPOS="3762" WIDTH="52"/>
						<String ID="P119_ST00344" HPOS="1032" VPOS="3687" WIDTH="109" HEIGHT="61" CONTENT="alte" WC="0.97" CC="0650"/>
						<SP ID="P119_SP00310" HPOS="1141" VPOS="3762" WIDTH="41"/>
						<String ID="P119_ST00345" HPOS="1182" VPOS="3684" WIDTH="455" HEIGHT="79" CONTENT="Wendeltreppe" WC="1.00" CC="700005470000"/>
						<SP ID="P119_SP00311" HPOS="1637" VPOS="3763" WIDTH="43"/>
						<String ID="P119_ST00346" HPOS="1680" VPOS="3682" WIDTH="214" HEIGHT="63" CONTENT="hinauf." WC="0.99" CC="0600003"/>
						<SP ID="P119_SP00312" HPOS="1894" VPOS="3763" WIDTH="46"/>
						<String ID="P119_ST00347" HPOS="1940" VPOS="3682" WIDTH="170" HEIGHT="63" CONTENT="Auch" WC="0.99" CC="5000"/>
						<SP ID="P119_SP00313" HPOS="2110" VPOS="3763" WIDTH="47"/>
						<String ID="P119_ST00348" HPOS="2157" VPOS="3683" WIDTH="364" HEIGHT="80" CONTENT="Magdalena" WC="1.00" CC="030000005"/>
						<SP ID="P119_SP00314" HPOS="2521" VPOS="3763" WIDTH="41"/>
						<String ID="P119_ST00349" HPOS="2562" VPOS="3684" WIDTH="127" HEIGHT="64" CONTENT="half" WC="1.00" CC="0000"/>
					</TextLine>
					<TextLine ID="P119_TL00037" HPOS="379" VPOS="3778" WIDTH="2304" HEIGHT="78">
						<String ID="P119_ST00350" HPOS="379" VPOS="3795" WIDTH="153" HEIGHT="53" CONTENT="gern," WC="0.96" CC="77744"/>
						<SP ID="P119_SP00315" HPOS="532" VPOS="3848" WIDTH="53"/>
						<String ID="P119_ST00351" HPOS="585" VPOS="3778" WIDTH="128" HEIGHT="64" CONTENT="dem" WC="0.99" CC="030"/>
						<SP ID="P119_SP00316" HPOS="713" VPOS="3848" WIDTH="52"/>
						<String ID="P119_ST00352" HPOS="765" VPOS="3781" WIDTH="205" HEIGHT="63" CONTENT="Schatz" WC="0.99" CC="600036"/>
						<SP ID="P119_SP00317" HPOS="970" VPOS="3848" WIDTH="51"/>
						<String ID="P119_ST00353" HPOS="1021" VPOS="3783" WIDTH="147" HEIGHT="61" CONTENT="ihrer" WC="0.98" CC="00635"/>
						<SP ID="P119_SP00318" HPOS="1168" VPOS="3848" WIDTH="50"/>
						<String ID="P119_ST00354" HPOS="1218" VPOS="3782" WIDTH="314" HEIGHT="63" CONTENT="Schwester" WC="0.99" CC="000050606"/>
						<SP ID="P119_SP00319" HPOS="1532" VPOS="3848" WIDTH="50"/>
						<String ID="P119_ST00355" HPOS="1582" VPOS="3789" WIDTH="89" HEIGHT="53" CONTENT="ein" WC="0.96" CC="047"/>
						<SP ID="P119_SP00320" HPOS="1671" VPOS="3848" WIDTH="51"/>
						<String ID="P119_ST00356" HPOS="1722" VPOS="3803" WIDTH="247" HEIGHT="39" CONTENT="warmes" WC="1.00" CC="006000"/>
						<SP ID="P119_SP00321" HPOS="1969" VPOS="3848" WIDTH="58"/>
						<String ID="P119_ST00357" HPOS="2027" VPOS="3779" WIDTH="161" HEIGHT="63" CONTENT="Nest" WC="0.99" CC="3000"/>
						<SP ID="P119_SP00322" HPOS="2188" VPOS="3848" WIDTH="57"/>
						<String ID="P119_ST00358" HPOS="2245" VPOS="3781" WIDTH="286" HEIGHT="75" CONTENT="bereiten,*" WC="0.99" CC="7060300040"/>
						<SP ID="P119_SP00323" HPOS="2531" VPOS="3856" WIDTH="59"/>
						<String ID="P119_ST00359" HPOS="2590" VPOS="3783" WIDTH="93" HEIGHT="62" CONTENT="die" WC="0.98" CC="050"/>
					</TextLine>
					<TextLine ID="P119_TL00038" HPOS="379" VPOS="3864" WIDTH="2304" HEIGHT="91">
						<String ID="P119_ST00360" HPOS="379" VPOS="3864" WIDTH="280" HEIGHT="72" CONTENT="Bitterkeit" WC="0.99" CC="6006058505"/>
						<SP ID="P119_SP00324" HPOS="659" VPOS="3936" WIDTH="33"/>
						<String ID="P119_ST00361" HPOS="692" VPOS="3876" WIDTH="148" HEIGHT="62" CONTENT="ihrer" WC="0.97" CC="07656"/>
						<SP ID="P119_SP00325" HPOS="840" VPOS="3938" WIDTH="42"/>
						<String ID="P119_ST00362" HPOS="882" VPOS="3878" WIDTH="167" HEIGHT="63" CONTENT="Seele" WC="0.97" CC="40475"/>
						<SP ID="P119_SP00326" HPOS="1049" VPOS="3941" WIDTH="34"/>
						<String ID="P119_ST00363" HPOS="1083" VPOS="3903" WIDTH="123" HEIGHT="38" CONTENT="war" WC="0.98" CC="050"/>
						<SP ID="P119_SP00327" HPOS="1206" VPOS="3941" WIDTH="33"/>
						<String ID="P119_ST00364" HPOS="1239" VPOS="3877" WIDTH="142" HEIGHT="62" CONTENT="nicht" WC="0.98" CC="03070"/>
						<SP ID="P119_SP00328" HPOS="1381" VPOS="3941" WIDTH="32"/>
						<String ID="P119_ST00365" HPOS="1413" VPOS="3886" WIDTH="56" HEIGHT="52" CONTENT="in" WC="0.72" CC="50"/>
						<SP ID="P119_SP00329" HPOS="1469" VPOS="3941" WIDTH="36"/>
						<String ID="P119_ST00366" HPOS="1505" VPOS="3876" WIDTH="162" HEIGHT="62" CONTENT="Neid" WC="0.99" CC="0050"/>
						<SP ID="P119_SP00330" HPOS="1667" VPOS="3941" WIDTH="34"/>
						<String ID="P119_ST00367" HPOS="1701" VPOS="3891" WIDTH="343" HEIGHT="64" CONTENT="ausgeartet." WC="1.00" CC="04000005054"/>
						<SP ID="P119_SP00331" HPOS="2044" VPOS="3955" WIDTH="135"/>
						<String ID="P119_ST00368" HPOS="2179" VPOS="3877" WIDTH="149" HEIGHT="64" CONTENT="Bald" WC="0.98" CC="2008"/>
						<SP ID="P119_SP00332" HPOS="2328" VPOS="3955" WIDTH="33"/>
						<String ID="P119_ST00369" HPOS="2361" VPOS="3878" WIDTH="191" HEIGHT="64" CONTENT="hatten" WC="0.99" CC="000006"/>
						<SP ID="P119_SP00333" HPOS="2552" VPOS="3955" WIDTH="38"/>
						<String ID="P119_ST00370" HPOS="2590" VPOS="3880" WIDTH="93" HEIGHT="62" CONTENT="die" WC="0.99" CC="030"/>
					</TextLine>
					<TextLine ID="P119_TL00039" HPOS="381" VPOS="3958" WIDTH="2298" HEIGHT="95">
						<String ID="P119_ST00371" HPOS="381" VPOS="3958" WIDTH="115" HEIGHT="65" CONTENT="drei" WC="0.96" CC="4706"/>
						<SP ID="P119_SP00334" HPOS="496" VPOS="4023" WIDTH="48"/>
						<String ID="P119_ST00372" HPOS="544" VPOS="3966" WIDTH="234" HEIGHT="67" CONTENT="Frauen" WC="0.98" CC="565500"/>
						<SP ID="P119_SP00335" HPOS="778" VPOS="4033" WIDTH="53"/>
						<String ID="P119_ST00373" HPOS="831" VPOS="3981" WIDTH="91" HEIGHT="54" CONTENT="ein" WC="0.99" CC="030"/>
						<SP ID="P119_SP00336" HPOS="922" VPOS="4035" WIDTH="50"/>
						<String ID="P119_ST00374" HPOS="972" VPOS="3975" WIDTH="300" HEIGHT="78" CONTENT="mächtiges" WC="0.99" CC="007065060"/>
						<SP ID="P119_SP00337" HPOS="1272" VPOS="4053" WIDTH="50"/>
						<String ID="P119_ST00375" HPOS="1322" VPOS="3974" WIDTH="194" HEIGHT="62" CONTENT="Feuer" WC="0.97" CC="27047"/>
						<SP ID="P119_SP00338" HPOS="1516" VPOS="4053" WIDTH="48"/>
						<String ID="P119_ST00376" HPOS="1564" VPOS="3981" WIDTH="76" HEIGHT="54" CONTENT="im" WC="0.28" CC="67"/>
						<SP ID="P119_SP00339" HPOS="1640" VPOS="4053" WIDTH="41"/>
						<String ID="P119_ST00377" HPOS="1681" VPOS="3971" WIDTH="166" HEIGHT="64" CONTENT="Herd" WC="0.96" CC="6460"/>
						<SP ID="P119_SP00340" HPOS="1847" VPOS="4053" WIDTH="51"/>
						<String ID="P119_ST00378" HPOS="1898" VPOS="3971" WIDTH="299" HEIGHT="81" CONTENT="angefacht" WC="0.99" CC="660000005"/>
						<SP ID="P119_SP00341" HPOS="2197" VPOS="4053" WIDTH="42"/>
						<String ID="P119_ST00379" HPOS="2239" VPOS="3974" WIDTH="122" HEIGHT="62" CONTENT="und" WC="0.99" CC="010"/>
						<SP ID="P119_SP00342" HPOS="2361" VPOS="4053" WIDTH="43"/>
						<String ID="P119_ST00380" HPOS="2404" VPOS="3984" WIDTH="90" HEIGHT="53" CONTENT="ein" WC="0.93" CC="647"/>
						<SP ID="P119_SP00343" HPOS="2494" VPOS="4053" WIDTH="43"/>
						<String ID="P119_ST00381" HPOS="2537" VPOS="3999" WIDTH="142" HEIGHT="39" CONTENT="vor*" WC="0.97" CC="0670"/>
					</TextLine>
				</TextBlock>
			</PrintSpace>
		</Page>
	</Layout>
</alto>
