3245 4572
830 411 245 53 Triedricß
1098 410 283 54 Burscßed-
1412 410 123 50 Vom
1891 411 120 50 und
2030 413 96 49 der
2151 413 148 50 Seefe

2652 418 63 49 25

409 608 329 64 Charakter
788 608 190 62 haben
1031 604 279 65 inhaltlich
1362 611 125 54 sein
1530 601 194 72 heiße,
1768 618 158 46 ernst
1968 602 122 62 und
2131 606 454 78 prinzipienfest,
2627 632 89 47 so,

407 705 85 62 als
543 729 174 38 wenn
760 729 61 38 es
866 702 251 65 darüber
1157 700 174 63 nichts
1373 697 177 80 gäbe,
1595 706 72 53 ist
1709 706 128 53 eine
1878 698 150 61 recht
2070 698 319 64 heidnische
2430 700 289 82 Meinung

410 801 121 64 und
564 801 154 65 ohne
759 802 111 63 alle
898 799 411 76 Versenkung,
1352 794 137 63 bloß
1525 804 157 52 einer
1715 795 248 62 schönen
1997 795 298 80 Ordnung
2330 795 102 63 des
2470 796 247 65 Ganzen

409 898 226 63 zuliebe
685 898 347 81 ausgedacht
1213 893 102 61 der
1360 890 333 64 Charakter
1743 900 73 54 ist
1858 891 326 63 wesentlich
2227 891 183 64 Form
2462 893 102 62 der

407 994 270 80 Ziehung,
720 1020 62 38 er
823 1004 71 52 ist
936 993 76 61 da
1054 989 122 64 und
1219 988 133 62 dort
1394 985 122 63 und
1559 985 219 64 überall
1821 988 325 74 verzettelt,-
2188 988 122 62 und
2352 988 255 62 dennoch
2650 999 72 54 ist

409 1115 62 38 er
511 1092 145 61 nicht
697 1091 105 62 das
844 1088 178 79 völlig
1054 1084 179 73 Eitle,
1277 1083 76 62 da
1394 1093 56 69 ja
1484 1107 78 37 zu
1605 1082 116 63 ihm
1765 1100 184 47 etwas
1995 1093 90 63 ist,
2128 1109 127 38 was
2300 1083 161 64 mehr
2503 1095 91 62 ist,
2636 1086 83 63 als

409 1189 102 62 der
543 1186 382 81 Augenblick,
961 1182 257 64 dennoch
1253 1190 71 53 ist
1359 1204 61 39 er
1454 1181 143 61 nicht
1621 1204 150 56 ganz
1798 1180 154 63 ohne
1978 1181 334 72 Wahrheit,
2339 1181 76 63 da
2442 1206 61 38 er
2528 1192 56 69 ja
2610 1183 111 63 den

409 1285 200 62 Schein
628 1285 102 61 der
746 1280 315 65 Wahrheit
1079 1277 191 64 haben
1293 1277 156 63 muß.
1478 1277 173 63 Aber
1675 1302 110 38 nur
1811 1277 103 63 der
1941 1277 296 80 Gläubige
2263 1279 245 78 begreift
2532 1279 188 65 dieses

409 1380 180 64 Mehr
605 1380 84 63 als
711 1379 101 62 der
829 1375 366 80 Augenblick
1216 1374 122 62 und
1361 1374 160 63 diese
1548 1374 339 63 scheinende
1897 1374 316 63 Wahrheit
2230 1375 413 74 vollkommen,
2662 1401 60 39 er

406 1477 255 80 begreift,
679 1474 200 64 wohin
905 1497 62 38 es
997 1472 175 72 führt,
1200 1471 120 63 und
1340 1481 113 53 wie
1472 1472 148 79 listig
1647 1496 62 38 es
1737 1471 121 63 hier
1883 1471 231 80 zugeht.
2146 1472 127 62 Der
2293 1472 332 63 Charakter
2651 1483 71 54 ist

409 1573 92 63 die
518 1571 261 79 ständige
790 1568 346 64 Ausdrucks
1141 1578 178 53 weise
1338 1568 103 63 des
1461 1568 298 63 einzelnen
1779 1568 339 73 Menschen,
2136 1568 321 80 gegründet
2475 1570 112 62 auf
2596 1580 125 53 eine

407 1667 212 64 dunkle
640 1666 119 64 und
772 1665 388 80 fragwürdige
1172 1665 226 75 Natur,-
1425 1665 120 62 und
1564 1664 102 63 der
1676 1665 158 62 lichte
1842 1665 190 62 Punkt
2049 1666 138 62 muß
2204 1664 294 73 kommen,
2509 1690 99 38 wo
2621 1666 101 62 der

409 1765 241 62 Mensch
671 1763 93 62 die
777 1761 239 63 Würde
1035 1761 103 63 der
1148 1761 193 80 Frage
1369 1760 166 74 sieht,
1555 1760 122 64 und
1695 1784 99 40 wo
1814 1785 63 39 er
1895 1761 111 61 auf
2018 1760 110 64 den
2143 1761 216 63 Grund
2378 1761 187 80 gehen
2585 1764 137 74 will,-

410 1860 138 63 aber
590 1859 179 62 sehen
806 1858 118 72 Sie,
969 1858 76 62 da
1087 1858 100 62 hat
1219 1857 96 63 ihn
1351 1859 171 61 schon
1558 1857 94 62 die
1685 1858 124 62 List
1844 1859 280 78 ergriffen,
2161 1858 76 62 da
2270 1858 149 62 wird
2455 1883 61 38 er
2549 1860 171 63 schon

407 1980 141 38 vom
585 1954 174 64 Geist
801 1953 262 80 geführt,-
1103 1954 153 63 denn
1290 1963 114 54 wie
1440 1977 62 38 er
1536 1954 140 61 auch
1713 1954 136 61 nach
1886 1963 156 54 einer
2075 1953 294 65 Substanz
2404 1954 146 64 oder
2583 1957 136 61 nach

410 2061 187 53 einem
641 2051 218 63 Grund
910 2052 189 71 suche,
1144 2075 62 39 er
1257 2051 152 62 kann
1454 2075 62 38 es
1560 2075 111 37 nur
1712 2051 113 62 auf
1860 2052 131 61 dem
2034 2051 197 80 Wege
2273 2051 104 63 der

409 2147 133 74 keit,
586 2147 122 63 und
752 2147 77 63 da
870 2146 100 64 hat
1012 2146 115 64 ihm
1171 2149 172 61 schon
1387 2147 92 63 die
1516 2146 438 64 Unendlichkeit
1996 2156 55 54 in
2086 2146 159 64 ihren
2288 2147 267 80 Fängen,
2599 2149 122 62 und

407 2244 103 62 der
558 2244 164 80 Weg
781 2244 156 62 führt
995 2244 258 81 plötzlich
1313 2244 312 62 anderswo
1679 2243 116 73 hin,
1846 2244 121 62 und
2018 2244 92 62 die
2151 2245 193 79 Frage
2395 2246 137 61 nach
2585 2245 134 64 dem

407 2340 235 72 Grund,
696 2340 102 63 der
848 2340 113 63 den
1006 2339 330 65 Charakter
1387 2340 85 63 als
1515 2340 188 79 Folge
1755 2340 321 79 begreiflich
2127 2342 236 71 machte,
2413 2342 152 61 kann
2616 2366 104 54 gar

406 2438 145 61 nicht
599 2437 163 62 mehr
810 2437 225 80 gestellt
1084 2438 271 74 werden,-
1404 2437 153 62 denn
1615 2462 121 37 nun
1780 2447 71 52 ist
1893 2437 102 62 der
2038 2437 240 62 Mensch
2322 2447 86 52 ins
2452 2437 227 63 wandel-

406 2534 140 62 bare
581 2534 275 63 Element
889 2535 283 79 getaucht,
1215 2542 56 54 in
1317 2534 111 62 den
1474 2534 197 63 Strom
1717 2534 101 62 der
1853 2534 199 74 Seele,-
2094 2534 119 62 und
2256 2558 172 38 wenn
2472 2558 61 38 er
2575 2535 141 61 auch

406 2641 114 53 wie
548 2631 277 64 Sokrates
856 2631 91 64 die
981 2655 187 56 ganze
1193 2631 197 64 Nacht
1425 2630 269 64 hindurch
1731 2631 120 63 und
1884 2631 87 63 bis
2006 2640 56 54 in
2098 2631 111 63 den
2245 2630 185 64 hellen
2457 2631 259 80 Morgen

407 2728 190 62 hinein
646 2728 332 63 versunken
1030 2729 289 62 dastünde
1370 2728 123 63 und
1543 2738 57 52 in
1651 2729 110 62 sich
1814 2728 417 71 herumsuchte,
2282 2752 62 38 er
2385 2727 147 63 wird
2574 2729 145 61 nicht

407 2824 192 63 finden
632 2824 253 74 können,
922 2850 228 38 warum
1195 2850 62 38 er
1298 2850 91 48 so,
1432 2850 174 38 wenn
1651 2850 61 38 er
1754 2824 156 63 dann
1953 2824 138 63 doch
2137 2823 300 64 schließlich
2483 2834 199 53 weiter-

406 2921 185 79 gehen
636 2922 159 73 muß,
838 2931 169 53 einen
1050 2921 218 63 andern
1312 2922 246 80 begrüßt
1600 2921 121 62 und
1762 2931 101 52 mit
1896 2920 115 63 ihm
2046 2921 202 79 spricht
2281 2920 120 62 und
2436 2920 121 62 dies
2596 2920 123 63 und

409 3017 123 64 dies
567 3019 124 62 und
725 3019 105 63 das
866 3029 101 53 mit
1002 3019 117 62 ihm
1153 3020 348 62 austauscht,
1531 3019 190 62 Wohl
1748 3017 140 64 aber
1921 3017 146 63 wird
2102 3026 90 52 ein
2227 3016 217 64 solcher
2470 3017 246 64 Mensch

407 3114 113 63 den
550 3115 279 64 Glauben
866 3124 56 53 in
957 3116 109 63 sich
1103 3115 192 62 finden
1332 3114 121 63 und
1488 3114 104 63 das
1629 3114 192 63 starke
1849 3113 245 73 Gefühl,
2129 3113 115 62 daß
2279 3113 92 62 die
2395 3113 324 81 Spannung

410 3210 241 64 Fließen
726 3221 191 53 seiner
984 3212 211 63 Seelen
1268 3236 140 38 vom
1478 3210 329 64 Charakter
1881 3209 100 62 her
2056 3218 128 53 eine
2248 3208 280 81 Richtung
2610 3209 70 62 be-

405 3307 240 75 kommt,
696 3309 92 63 die
830 3309 280 80 Richtung
1159 3334 136 38 zum
1347 3308 427 73 Unendlichen,-
1831 3306 157 63 wohl
2039 3306 148 62 wird
2237 3330 64 38 er
2349 3306 202 73 sehen,
2603 3307 114 63 daß

407 3403 102 64 der
553 3406 331 63 Charakter
927 3406 122 62 und
1092 3405 105 63 das
1242 3405 444 63 charaktervolle
1727 3400 137 66 Tun
1907 3402 106 64 das
2057 3412 92 63 ist,
2193 3426 126 38 was
2364 3402 108 64 das
2516 3403 203 64 wahre

407 3499 167 64 Gute
608 3501 122 62 und
764 3501 93 64 die
892 3501 326 80 eigentliche
1243 3500 179 63 Ethik
1447 3524 136 39 zum
1610 3499 277 63 Wunder
1912 3499 210 72 macht,-
2155 3497 154 64 denn
2344 3497 104 64 der
2472 3499 247 63 Mensch

405 3595 152 65 kann
617 3600 143 61 nicht
818 3624 109 37 aus
979 3600 109 63 sich
1139 3599 234 71 heraus,
1423 3596 122 64 und
1595 3621 175 38 wenn
1813 3621 61 38 es
1920 3595 93 64 die
2056 3595 272 64 absolute
2369 3596 353 81 Forderung

405 3702 89 63 ist,
547 3694 113 64 daß
713 3696 102 62 der
857 3696 244 63 Mensch
1153 3693 476 81 wiedergeboren
1672 3692 219 72 werde,
1934 3717 70 37 so
2047 3693 138 62 muß
2229 3702 85 53 sie
2357 3717 77 38 zu
2477 3693 243 64 erfüllen

405 3800 91 52 ein
547 3792 278 64 Wunder
875 3792 345 81 geschehen,-
1277 3791 121 63 und
1447 3791 190 62 dieses
1681 3790 277 62 Wunder
1999 3790 287 80 geschieht
2336 3800 77 52 im
2455 3790 262 64 Namen,

405 3886 117 62 Die
570 3889 282 63 ziehende
903 3890 122 62 und
1075 3889 273 63 lockende
1393 3887 170 63 Kraft
1614 3886 101 64 des
1760 3886 274 64 Namens
2079 3895 73 55 ist
2194 3896 56 52 in
2295 3887 134 80 Jesu
2475 3886 244 64 Christo

405 3983 263 63 offenbar
716 3985 339 78 geworden,
1106 3984 123 63 und
1280 4008 62 39 es
1385 3993 73 53 ist
1500 3983 102 63 der
1642 3981 206 65 Name
1891 3981 103 64 der
2037 3983 340 63 christlichen
2420 3983 198 72 Liebe,
2663 3993 56 52 in
