3375 4572
1313 450 138 51 Max
1480 450 174 50 Broä.
1681 446 160 65 Hycßo
2438 450 50 50 Br

748 450 64 50 86

753 650 82 54 sie
868 642 155 62 dann
1058 666 144 56 weg,
1240 642 246 64 Sichtlich
1521 643 154 63 hatte
1710 666 60 38 er
1803 666 118 38 von
1955 642 213 61 diesem
2203 637 295 80 Gespräch
2532 660 206 56 genug,
2773 661 61 38 er
2866 637 173 62 nahm

754 739 156 62 diese
952 739 193 80 Dinge
1193 739 158 63 wohl
1400 739 322 78 überhaupt
1771 739 145 61 nicht
1964 762 68 38 so
2074 735 232 79 wichtig.
2359 734 168 61 Aber
2568 732 301 63 Elisabeth
2911 732 132 63 fuhr

754 834 138 62 fort:
951 834 119 61 »Ich
1122 835 157 61 hatte
1328 834 183 62 solche
1552 834 196 80 Angst
1790 857 107 39 vor
1948 834 96 61 dir.
2095 831 84 61 Ich
2222 829 193 62 dachte
2456 826 256 74 wirklich,
2757 828 80 62 du
2876 828 167 63 willst

758 930 140 61 mich
939 930 169 61 schon
1152 930 346 64 verlassen.«

842 1027 153 61 »Ein
1046 1026 208 62 kleiner
1303 1027 376 61 vorehelicher
1718 1024 239 64 Streit?«
2004 1022 330 79 erkundigte
2382 1019 108 64 sich
2537 1028 136 70 jetzt
2723 1019 316 79 Hagecius.

843 1121 171 62 »Wir
1055 1130 229 53 streiten
1326 1122 170 61 leider
1538 1121 128 62 sehr
1700 1121 136 72 oft,«
1882 1118 217 64 seufzte
2132 1116 296 63 Elisabeth
2462 1115 120 62 und
2613 1115 106 61 sah
2752 1123 101 53 mit
2885 1115 158 61 ihren

762 1217 321 63 hellblauen
1133 1217 218 79 Augen
1409 1217 355 78 sehnsüchtig
1820 1216 110 62 den
1990 1216 325 76 Bräutigam
2378 1237 91 36 an.
2528 1211 145 61 Und
2731 1210 138 62 auch
2927 1210 118 62 ihre

760 1314 243 79 Lippen,
1053 1313 116 62 voll
1219 1313 121 61 und
1388 1329 106 55 rot,
1544 1311 255 63 schienen
1851 1310 136 62 nach
2029 1310 114 61 ihm
2185 1333 75 37 zu
2300 1308 238 71 blichen,-
2579 1305 254 62 derselbe
2874 1305 172 62 Aus*

763 1409 169 62 druck
974 1409 100 61 der
1115 1408 313 63 Sehnsucht
1468 1408 93 77 lag
1601 1417 55 52 in
1699 1407 170 62 ihnen
1911 1416 111 53 wie
2063 1416 55 52 in
2162 1405 108 61 den
2312 1404 231 78 Augen.

847 1503 255 62 »Wobei
1144 1526 135 38 man
1322 1503 136 61 aber
1498 1511 209 52 wissen
1750 1502 153 72 muß,
1938 1525 125 38 was
2104 1499 90 63 bei
2226 1498 149 64 solch
2409 1507 183 53 einem
2626 1496 419 80 empfindlichen

767 1598 280 63 Weiblein
1089 1598 169 63 schon
1300 1597 172 62 Streit
1514 1597 163 62 heißt.
1713 1597 190 62 Wenn
1947 1621 134 37 man
2124 1595 131 62 bloß
2289 1593 412 63 zwinkert..,«
2745 1592 169 62 Aber
2947 1593 102 61 der

764 1694 356 80 tyrannische
1144 1692 164 73 Blick,
1345 1694 110 59 den
1491 1717 59 36 er
1583 1692 85 61 ihr
1700 1717 118 36 nun
1853 1717 73 36 zu
1930 1691 164 73 warf,
2127 1691 180 62 schien
2343 1690 93 61 ihn
2471 1689 203 80 Lügen
2709 1713 73 37 zu
2815 1687 230 64 strafen.

849 1790 125 61 »Es
1023 1799 69 52 ist
1141 1788 143 62 eben
1337 1797 124 53 eine
1511 1788 321 78 schwierige
1882 1786 197 63 Sache:
2129 1788 183 61 dieses
2364 1785 332 71 Heiraten,«
2749 1785 301 76 bestätigte

768 1885 99 63 der
900 1885 151 61 Arzt
1092 1884 136 61 nach
1270 1883 204 62 beiden
1510 1883 194 63 Seiten
1746 1883 95 61 hin
1882 1883 120 61 und
2042 1882 225 78 begann
2302 1906 117 37 nun
2455 1889 54 52 in
2545 1879 292 62 derselben
2871 1887 180 53 zwei*

768 1982 283 77 deutigen,
1094 1996 166 46 unter
1301 1979 133 61 dem
1468 1978 312 64 Vorwand
1822 1978 99 61 der
1955 1977 497 79 Unparteilichkeit
2491 1976 244 78 bissigen
2768 1976 136 72 Art,
2940 1983 111 52 wie

769 2076 200 62 vorhin
1013 2075 106 61 auf
1154 2076 111 61 den
1300 2075 211 61 Kaiser
1552 2075 120 61 und
1705 2071 219 81 Tycho,
1967 2082 89 52 ein
2093 2073 357 78 allgemeines
2483 2072 146 61 Lied
2662 2071 108 61 auf
2795 2072 90 61 die
2918 2070 133 62 Ehe

768 2181 432 63 anzustimmen,
1251 2194 118 38 von
1421 2171 131 61 dem
1602 2194 134 37 man
1785 2170 144 60 nicht
1968 2169 212 72 wußte,
2231 2169 75 61 ob
2358 2192 61 38 es
2469 2167 170 61 loben
2681 2167 139 60 oder
2861 2165 190 63 tadeln

767 2266 178 64 sollte.
1092 2266 100 61 Da
1234 2289 61 38 er
1337 2265 140 62 alter
1516 2264 351 80 Junggeselle
1907 2287 142 47 war,
2093 2264 155 61 hatte
2289 2287 60 37 er
2390 2263 142 61 über
2573 2261 193 63 diesen
2810 2260 244 80 Gegen*

768 2364 168 61 stand
993 2363 110 62 viel
1160 2362 374 77 nachgedacht
1591 2362 121 61 und
1769 2362 155 61 hatte
1990 2368 123 53 eine
2171 2359 167 61 Fülle
2395 2382 119 38 von
2574 2357 295 78 Späßchen
2935 2357 120 62 und

769 2458 322 80 Exempeln
1125 2467 56 53 in
1215 2458 379 62 Bereitschaft.
1639 2453 334 83 Tengnagel
2015 2456 173 61 lachte
2232 2453 85 62 oft
2358 2454 137 61 derb
2528 2453 118 73 auf,
2690 2453 226 62 mischte
2946 2452 109 62 sich

769 2565 99 53 mit
908 2555 279 80 gröberen
1229 2553 384 63 Ausdrücken
1657 2562 102 52 ein,
1813 2550 299 64 Elisabeth
2154 2551 373 79 widersprach
2570 2548 362 79 ungeduldig,
2974 2556 81 53 sie

771 2651 194 63 dachte
1013 2651 108 63 sich
1173 2650 90 62 die
1305 2649 135 62 Ehe
1489 2649 83 61 als
1621 2658 125 52 eine
1789 2655 180 71 ewige
2011 2646 197 71 Liebe,
2259 2646 152 61 ohne
2453 2645 90 62 die
2587 2653 80 53 sie
2709 2642 143 63 nicht
2894 2642 163 61 leben

769 2747 192 62 wollte
1003 2747 121 62 und
1164 2747 231 71 konnte,
1447 2753 83 53 sie
1583 2744 155 61 hätte
1779 2767 136 54 gern
1957 2741 159 63 mehr
2156 2741 247 61 darüber
2443 2757 294 62 gesagt,..
2781 2738 136 62 aber
2958 2761 101 39 so*

772 2842 85 62 oft
896 2852 82 53 sie
1019 2843 111 61 den
1173 2842 200 61 Mund
1416 2839 203 70 auftat,
1661 2839 104 61 sah
1808 2834 333 83 Tengnagel
2182 2846 80 53 sie
2305 2846 100 52 mit
2447 2846 184 52 einem
2674 2833 385 80 eigentümlich

774 2940 355 77 ängstlichen,
1182 2937 326 79 unwilligen
1559 2934 118 63 und
1726 2933 478 64 beherrschenden
2246 2932 148 62 Blick
2446 2957 92 47 an,
2592 2931 82 62 als
2717 2946 243 46 erwarte
3002 2952 60 38 er

774 3054 179 43 etwas
1012 3035 141 61 über
1210 3042 157 54 seine
1417 3028 446 80 Fassungskraft
1919 3027 541 79 Hinausgehendes,
2502 3023 560 73 Widerstrebendes,

776 3133 94 61 ihn
910 3129 449 63 Beschämendes
1400 3152 75 36 zu
1517 3126 192 61 hören.
1760 3124 322 63 Mehrmals
2132 3140 179 46 setzte
2361 3131 81 54 sie
2483 3145 149 55 ganz
2674 3120 228 62 fröhlich
2945 3128 120 63 ein,-

777 3228 268 79 jedesmal
1086 3235 139 53 wies
1268 3248 60 38 er
1370 3233 83 52 sie
1493 3223 168 61 durch
1703 3222 183 63 solche
1928 3222 223 60 finstere
2185 3218 183 63 Blicke
2410 3218 141 62 oder
2592 3225 89 54 ein
2715 3216 349 79 geflüstertes

779 3322 177 62 Wort
1004 3346 102 38 zur
1154 3321 186 71 Ruhe,
1381 3328 112 52 wie
1543 3318 122 62 dies
1714 3318 231 61 manche
1995 3315 258 63 Männer
2303 3322 56 53 in
2413 3310 396 65 Gewohnheit
2860 3309 203 73 haben,

781 3442 170 37 wenn
1000 3427 80 52 sie
1129 3426 99 53 mit
1277 3416 158 62 ihren
1477 3416 235 61 Frauen
1764 3422 54 52 in
1864 3409 375 65 Gesellschaft
2281 3408 331 62 erscheinen.
2654 3407 130 61 Das
2825 3406 242 61 Lädier*

783 3514 130 61 liehe
946 3514 166 61 dabei
1136 3536 143 50 war,
1313 3511 113 62 daß
1453 3509 298 63 Elisabeth
1784 3517 57 69 ja
1867 3517 199 51 immer
2090 3529 109 38 nur
2225 3501 585 81 Hingebungsvolles,
2836 3501 232 61 Sanftes

786 3627 171 61 sagte.
1007 3610 86 60 Er
1135 3609 135 62 aber
1310 3606 182 64 schien
1535 3605 168 62 schon
1745 3604 127 79 jede
1914 3600 381 79 selbständige
2336 3597 323 78 Äußerung
2701 3620 118 38 von
2862 3596 84 61 ihr
2988 3596 81 62 als

787 3703 244 62 strafbar
1070 3704 118 61 und
1228 3700 294 82 gefährlich
1564 3724 75 39 zu
1681 3698 337 81 empfinden,
2061 3695 322 64 zumindest
2419 3693 84 62 als
2537 3693 358 77 unbequeme
2930 3690 141 62 Stö*

788 3822 145 55 rung
974 3807 179 53 seiner
1192 3799 183 70 Ruhe,
1418 3797 83 62 als
1544 3813 199 50 etwas,
1788 3793 240 62 worauf
2070 3792 108 62 sich
2230 3789 357 62 einzulassen
2630 3811 60 37 er
2730 3787 144 61 nicht
2914 3796 157 69 nötig

790 3895 171 61 hatte.
998 3893 324 61 Elisabeths
1356 3916 210 55 ganzes
1591 3891 227 62 Wesen
1844 3888 258 80 prickelte
2127 3887 95 61 ihn
2250 3884 120 63 und
2403 3884 104 61 das
2540 3882 194 63 mußte
2759 3906 60 37 er
2844 3882 227 79 irgend*

790 3997 111 54 wie
952 3989 281 62 abstellen.
1275 3989 139 61 Wie
1465 3997 172 64 einer,
1686 3986 102 62 der
1836 3994 99 53 mit
1985 3992 214 54 seinem
2250 3990 236 70 eigenen
2527 3978 140 63 Leib
2716 3978 121 63 und
2879 3986 192 55 seinen
