3230 4572
1006 440 189 51 Walter
1221 436 356 55 Hasencfever
1590 460 12 12 •
1626 431 123 53 ‘Tod
1769 431 120 52 und
1905 426 381 65 Auferstehung

491 445 35 50 2

694 639 19 7 '
787 637 143 71 Gib,
974 634 113 62 daß
1131 633 90 63 die
1265 632 130 62 eitle
1436 630 147 63 Lust
1621 649 120 40 von
1783 632 104 53 mir
1929 614 424 72 entschwindet,

788 733 102 64 der
933 742 56 52 in
1022 728 453 78 Verzweiflung
1517 741 165 46 unter
1726 720 242 64 Sternen
2010 712 221 71 wohnt,

790 830 101 62 der
934 827 107 62 alle
1083 827 228 61 Marter
1355 822 185 62 dieser
1579 816 167 63 Welt
1786 808 307 84 empfindet

791 925 120 62 und
953 924 110 62 auf
1098 922 100 61 der
1242 919 270 77 Schlange
1553 914 143 63 Leib
1738 912 150 76 liegt,
1930 906 91 61 die
2063 903 96 63 ihn
2202 902 211 62 schont.

793 1021 137 64 Daß
975 1020 77 62 ich
1096 1028 55 52 in
1196 1014 199 66 Sünde
1437 1014 94 60 bin
1574 1007 118 64 und
1738 1005 192 63 Gutes
1972 999 198 63 werde

795 1117 120 63 und
957 1140 107 38 aus
1108 1113 101 62 der
1249 1112 314 61 Finsternis
1607 1104 130 61 dein
1778 1098 226 64 Antlitz
2046 1095 129 64 seh:

795 1212 190 65 Strahl
1027 1218 215 54 meines
1286 1206 233 62 Geistes
1562 1198 109 63 auf
1703 1216 355 58 vergangner
2100 1190 182 73 Erde,

796 1307 326 78 Erfüllung,
1167 1303 189 80 Opfer
1397 1298 118 64 und
1558 1293 411 66 Gethsemane.

796 1500 91 64 Ihr
927 1500 217 68 Fraun,
1187 1495 76 61 ich
1305 1491 217 63 möchte
1564 1488 135 62 euch
1741 1484 166 63 rufen
1950 1508 108 37 aus
2104 1505 178 40 euren
2324 1481 199 61 Betten

801 1606 112 50 wie
956 1594 140 61 Don
1136 1592 173 77 Juans
1352 1587 168 62 letzte
1560 1582 221 63 Parade
1821 1603 110 39 vor
1973 1588 219 53 seinem
2234 1571 154 66 Tod.

797 1693 102 61 Du
942 1700 55 52 in
1040 1688 100 61 der
1188 1686 210 68 Ferne,
1442 1679 289 71 Geliebte,
1773 1701 123 38 wer
1929 1676 148 62 wird
2119 1676 117 59 dich
2278 1673 203 62 retten!

797 1787 103 61 An
942 1783 264 63 welchem
1248 1781 269 61 Brunnen
1559 1773 182 65 stehst
1783 1772 100 72 du,
1925 1795 123 38 wer
2091 1768 228 64 schenkt
2361 1767 85 62 dir
2486 1767 163 61 Brot!

796 1881 188 62 Wirst
1024 1879 78 61 du
1145 1886 53 52 in
1243 1885 154 52 einer
1440 1870 255 63 fremden
1738 1867 243 64 Familie
2025 1865 221 63 enden?

796 1975 142 64 Bald
979 1984 98 52 mit
1118 1973 205 61 deinen
1364 1969 221 62 kleinen
1626 1965 298 64 zärtlichen
1967 1961 258 64 Händen

796 2074 166 61 beten
1004 2070 89 61 bei
1135 2078 184 52 einem
1361 2064 158 64 Kind
1559 2074 76 51 im
1677 2060 347 64 Abendrot?

797 2170 102 61 Du
941 2168 218 68 Letzte,
1204 2159 91 66 die
1338 2163 76 61 ich
1456 2158 229 81 geliebt,
1728 2159 76 60 ich
1847 2156 117 63 will
2007 2156 139 61 mich
2180 2150 466 65 verschwenden.

796 2265 81 61 Ich
920 2264 181 60 kenne
1136 2260 92 61 die
1263 2258 336 63 Schmerzen
1643 2255 128 72 alle,
1814 2252 122 64 und
1971 2251 149 62 nahe
2156 2260 72 52 ist
2260 2258 107 53 mir
2401 2247 100 62 der
2535 2242 164 77 Tod,*

797 2359 136 71 sieh,
977 2383 60 37 es
1080 2355 149 63 steht
1271 2364 89 52 ein
1403 2354 168 63 Stern
1614 2351 142 62 über
1798 2347 250 64 dunklen
2091 2346 238 62 Hallen!

796 2457 82 61 Ich
920 2454 224 80 glaube,
1187 2451 137 61 auch
1369 2449 78 62 du
1480 2458 162 52 wirst
1684 2445 135 64 bald
1860 2445 111 62 auf
2006 2444 92 62 die
2140 2444 189 61 Kniee
2373 2439 191 72 fallen,

797 2549 120 64 und
958 2549 145 63 Gott
1144 2547 146 62 wird
1325 2545 83 63 dir
1450 2544 190 62 helfen
1682 2553 56 52 in
1781 2542 199 62 deiner
2019 2539 152 62 Not,

1729 2665 30 28 *

800 2744 81 62 So
925 2742 117 78 folg
1085 2742 77 60 ich
1205 2740 216 62 wieder
1463 2739 130 62 dem
1639 2736 205 63 Gebot
1887 2735 100 62 des
2034 2732 269 73 Geistes/

801 2836 311 80 Geschöpf,
1157 2835 118 62 hier
1319 2835 170 62 endet
1532 2834 167 62 deine
1741 2831 214 64 irdsche
1999 2830 171 80 Spur.

801 2933 315 71 Geliebtes,
1160 2930 134 63 bald
1333 2953 329 57 vergangen
1705 2926 121 64 und
1866 2926 394 63 Verwaistes:

802 3028 210 64 erkenn
1055 3028 75 61 ich
1168 3027 136 71 dich,
1347 3027 111 61 bist
1499 3026 80 60 du
1623 3033 151 53 mein
1817 3023 260 62 Schatten
2119 3043 125 38 nur.

801 3126 199 61 Wenn
1042 3133 52 69 je
1138 3132 90 52 ein
1271 3123 237 61 Mensch
1553 3132 56 51 in
1653 3131 188 52 seiner
1882 3118 189 62 kalten
2117 3114 207 64 Größe

805 3230 514 52 zusammenstürzt
1360 3241 73 39 an
1477 3217 100 63 der
1616 3215 318 63 verhaßten
1977 3213 155 70 Zeit,

809 3315 203 62 erhebe
1054 3315 92 62 ihn
1191 3315 104 62 das
1339 3313 328 81 Schauspiel
1710 3320 188 55 seiner
1939 3309 183 62 Blöße

811 3433 61 38 es
914 3409 169 64 bleibt
1125 3420 87 53 ein
1256 3410 171 63 Wort
1466 3434 121 37 von
1630 3408 116 62 ihm
1788 3417 56 52 in
1886 3404 307 79 Ewigkeit,

811 3506 86 61 Er
939 3507 102 61 eile
1083 3507 93 61 hin
1219 3507 119 62 und
1380 3507 152 71 such,
1576 3530 62 38 es
1681 3530 76 37 zu
1802 3512 259 69 erringen

814 3611 99 52 mit
953 3625 204 38 neuem
1197 3603 141 60 Mut
1380 3602 102 62 des
1534 3600 453 63 auferstandnen
2029 3592 180 82 Tags,

815 3696 118 61 und
972 3697 232 73 wieder,
1244 3709 135 67 jetzt
1419 3708 75 52 im
1538 3696 477 64 schmerzlichsten
2058 3691 405 77 Vollbringen,

816 3791 144 61 wird
1000 3791 112 63 ihm
1154 3794 89 61 die
1285 3793 237 63 Stimme
1563 3794 193 61 rufen:
1802 3801 176 53 nimm
2021 3788 121 63 und
2183 3786 181 80 trags!

537 3951 156 63 Mai
722 3958 175 65 1914.
