3236 4572
989 397 138 52 Max
1327 399 155 49 Brod
1362 423 136 10 •
1499 394 23 66 Hycßo
1553 400 143 51 Braß
1697 419 50 32 es
1784 400 117 65 Weg
1934 423 68 30 zu
2039 405 129 49 Gott

2627 403 91 52 103

424 593 214 71 haben,
692 590 255 64 dennoch
997 589 227 63 drückte
1275 598 82 53 sie
1407 590 95 61 ihn
1553 599 76 53 im
1672 590 347 80 Geheimen,
2070 596 119 63 und
2239 621 61 38 er
2340 596 273 80 empfand
2655 621 61 39 es

424 713 120 38 nun
597 687 82 62 als
731 703 182 45 etwas
956 685 419 79 Feindseliges,
1428 684 112 64 daß
1583 687 94 62 ihn
1726 698 154 53 seine
1921 690 158 64 Frau
2127 708 367 47 unvermutet
2535 693 180 61 daran

425 795 292 54 erinnerte.
760 783 89 64 Er
882 798 376 47 verstummte
1300 782 119 62 und
1461 782 167 62 trank
1660 809 106 38 nur
1798 786 211 81 Kepler
2049 797 89 55 ein
2173 814 128 39 ums
2336 789 213 63 andere
2582 789 134 63 Mal

424 891 91 53 ein
557 878 182 63 volles
783 878 150 64 Glas
974 904 90 38 zu.

503 976 274 62 Indessen
821 975 187 63 führte
1050 975 216 62 wieder
1308 975 207 62 einmal
1546 975 296 80 Hagecius
1883 989 99 53 mit
2013 990 193 53 seinen
2240 981 470 80 Hofgeschichten

424 1075 106 61 das
571 1073 177 78 große
772 1071 200 73 Wort,
1000 1068 338 82 Tengnagel
1380 1071 119 61 und
1524 1066 228 85 Tychos
1795 1074 197 65 Söhne
2032 1102 194 38 waren
2261 1087 199 54 immer
2495 1078 217 63 wieder

424 1179 100 55 mit
556 1169 232 78 Fragen
830 1192 106 37 zur
967 1168 198 72 Hand,
1211 1192 99 37 um
1345 1176 156 53 seine
1534 1168 159 63 Rede
1727 1179 53 52 in
1813 1172 149 63 Fluß
1994 1197 73 38 zu
2101 1174 267 64 erhalten,
2509 1169 203 84 Tycho

425 1267 151 62 oben
618 1273 189 70 neigte
849 1272 122 53 sein
997 1263 222 79 Haupt,
1263 1263 103 66 sah
1409 1287 110 38 vor
1559 1266 107 61 sich
1709 1266 103 62 auf
1847 1267 108 62 den
1981 1263 161 69 Tisch
2178 1270 92 60 hin
2306 1270 122 62 und
2460 1270 108 62 ließ
2602 1270 108 60 sich

424 1362 147 64 recht
630 1360 194 80 häufig
873 1360 112 62 den
1035 1360 278 80 Humpen
1365 1360 188 64 füllen.
1606 1362 113 64 Als
1769 1388 58 38 er
1875 1365 135 62 nach
2058 1390 300 56 geraumer
2397 1366 188 62 Weile
2635 1389 76 38 zu

425 1459 174 63 reden
644 1457 247 79 begann,
934 1480 125 38 war
1099 1465 121 55 sein
1266 1456 232 64 Gesicht
1540 1457 139 64 über
1720 1459 98 63 der
1858 1461 217 63 weißen
2117 1463 200 62 steifen
2352 1461 358 63 Halskrause

424 1569 326 66 purpurrot.
795 1551 89 63 Er
924 1551 194 80 sprach
1154 1551 138 63 auch
1324 1562 135 68 jetzt
1492 1554 212 62 wieder
1734 1579 107 38 nur
1870 1581 74 36 zu
1977 1557 212 80 Kepler
2221 1555 320 82 gewendet,
2578 1555 137 62 aber

426 1661 157 53 seine
624 1649 243 64 Stimme
908 1648 227 63 schwoll
1168 1648 136 62 bald
1346 1673 75 38 zu
1463 1651 146 62 ihrer
1648 1652 334 63 natürlichen
2025 1653 202 64 Stärke
2270 1678 94 49 an,
2406 1653 122 62 und
2570 1677 135 38 man

424 1747 198 64 mußte
655 1746 95 62 ihn
784 1746 201 72 hören,
1021 1746 236 62 obwohl
1292 1755 88 53 ein
1416 1748 546 64 ununterbrochenes
1994 1748 274 65 Summen
2303 1750 242 62 anderer
2579 1748 131 64 Ge«

424 1842 231 82 spräche
707 1841 169 62 durch
928 1841 112 62 den
1083 1841 141 64 Saal
1280 1842 184 63 scholl.
1516 1842 123 63 Der
1680 1842 176 64 Wein
1915 1845 153 62 hatte
2118 1855 155 53 seine
2321 1845 214 79 Zunge
2599 1868 108 56 ge«

424 1941 129 71 löst,
597 1939 158 62 hatte
796 1948 157 53 seine
995 1938 470 81 Zurückhaltung
1506 1940 119 62 und
1657 1940 284 64 Rücksicht
1982 1941 107 63 auf
2122 1941 90 63 die
2253 1941 358 80 Umgebung
2653 1949 56 52 in

426 2045 126 53 eine
600 2035 210 63 weiche
861 2034 405 80 schummerige
1308 2034 557 81 Halbdämmerung,
1915 2037 176 63 süßen
2133 2037 396 63 Überdrusses
2570 2035 141 74 voll,

426 2131 285 80 aufgelöst
754 2131 119 62 und
915 2131 107 62 ließ
1064 2131 95 62 ihn
1202 2155 118 38 nun
1362 2132 398 80 geradeswegs
1802 2157 115 38 von
1953 2133 127 62 dem
2114 2134 282 80 sprechen,
2430 2157 125 38 was
2589 2141 122 53 sein

429 2228 161 64 Stolz
632 2228 122 61 und
795 2228 247 79 zugleich
1084 2236 120 55 sein
1247 2228 228 78 größter
1507 2227 260 65 Schmerz
1808 2254 140 48 war,
1988 2254 116 38 von
2148 2231 100 61 der
2288 2230 145 62 Insel
2474 2230 232 71 Hveen,

428 2349 118 38 von
581 2324 101 62 der
716 2325 95 61 ihn
847 2324 100 62 der
979 2334 175 70 junge
1187 2324 260 62 dänische
1482 2324 212 80 König,
1728 2325 178 62 bösen
1940 2325 427 63 Ohrenbläsern
2402 2324 309 80 glaubend,

428 2444 68 38 so
546 2420 329 62 schmählich
924 2430 221 69 verjagt
1195 2420 183 73 hatte,-
1426 2429 56 52 in
1524 2420 506 80 übersprudelnder
2071 2423 117 59 und
2231 2421 140 61 doch
2411 2420 301 62 feierlicher

426 2517 190 72 Rede,
666 2517 173 62 kaum
881 2517 160 62 mehr
1084 2517 90 62 für
1215 2517 269 62 Zuhörer
1525 2518 310 72 bestimmt,
1886 2527 108 53 wie
2034 2518 292 62 berauscht
2367 2542 119 38 von
2529 2526 187 53 seiner

428 2614 476 73 Herzenstrauer,
947 2613 182 64 schien
1165 2637 60 40 er
1258 2613 245 62 förmlich
1539 2622 87 55 ein
1654 2613 295 80 Klagelied
1983 2614 106 61 auf
2115 2614 110 63 den
2251 2613 243 64 Verlust
2528 2612 188 62 dieses

428 2708 301 64 köstlichen
764 2710 343 62 Besitztums
1143 2719 438 53 anzustimmen:
1629 2710 188 63 »Dort
1850 2710 155 62 hatte
2039 2710 78 61 ich
2151 2710 152 72 alles,
2339 2733 126 38 was
2502 2716 215 53 meiner

428 2805 167 63 Seele
636 2806 109 62 lieb
788 2830 139 50 war,
970 2830 127 38 was
1139 2805 77 62 ich
1258 2830 103 37 zur
1402 2804 335 81 Ausübung
1776 2815 212 52 meiner
2020 2805 193 62 Kunst
2245 2805 281 62 brauchte.
2569 2802 148 63 Und

428 2901 135 63 alles
614 2901 158 64 hatte
821 2903 79 61 ich
950 2901 174 64 selbst
1174 2901 223 74 erbaut,
1456 2926 104 38 aus
1611 2901 130 63 dem
1790 2901 200 63 kahlen
2041 2901 219 63 weißen
2310 2900 120 62 Riff
2474 2900 245 61 hervor«

426 2999 280 78 gebracht,
749 3008 102 53 mit
882 2999 159 62 Hilfe
1075 2998 215 63 Gottes
1332 2999 119 61 und
1492 2998 101 63 des
1634 3016 173 61 guten
1841 2998 207 79 seligen
2084 2998 242 79 Königs.
2371 2997 185 62 Zwar
2597 3020 120 38 von

426 3103 215 54 meiner
692 3096 197 62 Kunst
946 3096 273 62 verstand
1268 3119 60 38 er
1378 3093 402 80 ebensowenig
1828 3102 110 53 wie
1987 3102 120 53 sein
2159 3092 191 72 Sohn,
2401 3092 113 62 den
2566 3091 154 63 Gott

426 3190 234 62 bessern
703 3201 189 70 möge,
937 3201 54 52 in
1036 3191 185 62 dieser
1253 3190 272 71 Hinsicht,
1671 3199 55 53 in
1770 3188 248 63 anderen
2052 3190 231 78 Dingen
2319 3188 114 63 will
2466 3188 79 61 ich
2579 3187 141 62 mich

426 3286 144 63 nicht
610 3312 183 56 gegen
837 3289 94 62 ihn
974 3288 283 80 vergehen
1301 3286 120 63 und
1461 3286 171 63 nichts
1672 3285 217 74 tadeln,
1933 3286 128 61 hört
2103 3310 61 39 es
2208 3286 135 74 alle,
2385 3285 172 62 nichts
2601 3284 124 62 und

426 3383 172 63 nichts
638 3384 301 64 bemäkeln
1087 3384 136 62 aber
1256 3384 99 61 der
1380 3383 180 62 Vater
1593 3382 141 73 also,
1770 3383 99 61 der
1903 3382 408 80 ebensowenig
2344 3406 121 39 von
2499 3382 226 62 Astro«

426 3488 192 54 nomie
668 3484 301 70 verstand,
1019 3489 111 54 wie
1173 3481 78 62 ich
1292 3479 168 63 schon
1503 3496 187 62 sagte,
1741 3478 183 62 dieser
1972 3477 307 81 königliche
2320 3478 187 64 Vater
2556 3478 170 62 liebte

429 3576 136 61 mich
617 3578 120 60 und
788 3595 291 46 vertraute
1120 3586 131 63 mir,
1303 3576 119 62 und
1464 3600 67 37 so
1574 3575 249 62 förderte
1865 3597 60 39 er
1967 3583 54 53 in
2065 3583 185 54 seiner
2289 3575 296 63 Weisheit
2635 3585 91 52 ein

426 3667 205 78 Werk,
684 3672 106 64 das
839 3683 196 54 seinen
1085 3672 242 64 Namen
1378 3670 241 80 zugleich
1670 3679 100 53 mit
1820 3670 130 62 dem
2000 3679 226 54 meinen
2278 3671 103 62 der
2438 3671 291 80 Ewigkeit

428 3765 337 66 überliefern
816 3769 181 66 sollte.
1042 3770 167 61 Mein
1251 3766 186 64 Werk
1478 3790 122 40 war
1652 3790 86 50 es,
1792 3765 135 64 alles
1978 3766 137 63 nach
2159 3776 228 55 meinen
2430 3768 298 80 Angaben

428 3862 118 62 und
588 3863 216 65 Plänen
847 3867 266 72 errichtet,
1158 3865 137 63 nach
1336 3872 223 54 meinen
1592 3862 335 63 Wünschen
1971 3863 120 62 und
2124 3864 436 75 Bedürfnissen,
2604 3873 125 55 eine

426 3957 197 63 wahre
665 3961 158 80 Burg
872 3971 213 54 meiner
1126 3962 180 62 Muse
1355 3961 252 71 Urania,
1661 3958 343 81 dergleichen
2047 3985 109 38 vor
2206 3970 108 53 mir
2354 3961 128 64 kein
2526 3962 203 63 Stern«
