3167 4572
868 407 139 51 Max
1036 406 156 52 Brotf
1202 428 9 12 •
1239 402 162 62 Hgcßo
1434 403 196 50 Braßes
1664 402 120 62 Weg
1817 421 69 30 zu
1924 402 126 51 Gott

2538 403 64 49 79

301 614 217 55 seinem
545 602 362 80 eigentlichen
932 598 245 72 Bereich,
1214 595 190 64 indem
1434 619 59 37 er
1519 592 686 80 Hofklatschgeschichten
2229 593 172 80 bissig
2426 603 179 70 preis®

305 701 133 81 gab,
491 698 137 62 auch
670 706 186 54 seiner
896 694 176 64 selbst
1115 717 94 38 am
1252 699 319 70 wenigsten
1620 689 233 63 schonte
1896 687 82 62 als
2031 696 174 63 eines,
2248 687 101 62 der
2398 697 55 52 in
2495 688 110 62 den

307 797 366 79 alchymisten
708 793 239 64 Küchen
982 791 232 80 gläubig
1247 788 417 80 mitgearbeitet
1697 786 121 63 und
1858 809 104 56 gar
2004 792 126 55 eine
2169 783 246 79 »Prager
2448 783 164 63 Zeit®

307 891 186 66 schrift
526 891 100 61 der
659 891 269 79 Magier«
966 884 468 81 herausgegeben
1478 882 165 63 habe.
1688 881 238 62 Hierbei
1959 879 237 63 wandte
2239 903 60 38 er
2330 879 109 62 sich
2474 903 138 38 vor®

307 988 272 65 nehmlich
631 1012 74 37 an
755 984 237 80 Kepler,
1044 984 152 61 denn
1249 1006 60 36 er
1360 980 133 62 hielt
1544 1004 60 38 es
1657 979 92 62 für
1797 986 157 55 seine
2005 975 358 80 angenehme
2412 975 203 70 Pflicht,

307 1088 112 61 den
446 1086 290 62 Fremden
772 1083 142 62 über
941 1080 93 63 die
1059 1079 414 73 Verhältnisse,
1516 1086 57 53 in
1601 1077 188 62 denen
1825 1100 61 38 er
1918 1074 109 64 sich
2070 1098 121 37 nun
2234 1097 75 37 zu
2340 1072 276 80 bewegen

308 1183 191 63 haben
541 1181 222 73 würde,
808 1176 388 64 aufzuklären.
1247 1172 165 65 Über
1454 1173 141 62 kurz
1636 1172 143 63 oder
1820 1171 133 80 lang
1994 1169 197 63 werde
2234 1192 59 38 er
2334 1177 56 69 ja
2432 1168 185 79 gewiß

308 1280 139 62 auch
491 1289 55 52 in
581 1277 279 64 Audienz
902 1275 151 62 beim
1096 1274 211 62 Kaiser
1350 1271 333 62 erscheinen.
1727 1270 124 62 Der
1884 1268 229 72 Kaiser,
2158 1266 100 62 der
2292 1265 327 63 Kaiser!,.,

307 1376 302 78 Hagecius
659 1373 230 62 lächelte
940 1369 345 79 zweideutig
1335 1367 90 63 bei
1477 1366 217 62 diesem
1735 1364 238 63 Ausruf
2019 1364 121 62 und
2191 1370 156 55 seine
2398 1361 222 73 Miene,

310 1474 92 61 die
437 1473 170 62 schon
641 1472 93 61 bei
767 1469 284 62 kleineren
1079 1467 299 61 Anlässen
1403 1465 108 63 sich
1539 1460 460 83 wichtigtuerisch
2033 1483 193 57 genug
2250 1482 372 39 zusammen®

311 1568 212 73 faltete,
575 1567 205 62 wurde
829 1590 119 37 nun
999 1562 263 65 vollends
1322 1559 434 82 geheimnisvoll
1815 1558 119 65 und
1994 1557 326 63 zerknittert
2368 1563 113 53 wie
2532 1563 89 53 ein

312 1667 144 61 altes
496 1665 361 78 Pergament:
910 1661 102 62 der
1053 1660 228 72 Kaiser,
1333 1668 57 70 ja
1441 1658 107 61 das
1589 1665 82 54 sei
1723 1665 90 53 ein
1864 1656 354 79 schwieriges
2260 1651 360 81 Kapitulum,

310 1764 118 61 Die
471 1770 165 52 einen
688 1759 207 62 hielten
938 1756 97 62 ihn
1084 1780 105 56 gar
1230 1755 92 62 für
1363 1752 179 64 krank
1582 1762 76 54 im
1703 1751 192 75 Geist,
1945 1759 224 53 insania
2211 1765 258 64 captum,
2519 1747 106 61 das

312 1870 196 51 müsse
542 1882 135 37 man
720 1855 138 62 aber
891 1854 159 62 wohl
1093 1853 283 62 durchaus
1420 1851 83 63 als
1537 1850 419 78 Ausstreuung
1996 1848 102 62 der
2138 1845 332 81 spanischen
2506 1844 119 62 und

313 1953 381 63 katholischen
745 1952 191 61 Partei
987 1949 238 73 ansehn,
1279 1949 92 61 die
1422 1945 212 64 darauf
1677 1954 181 65 sinne,
1919 1944 132 62 dem
2100 1940 388 65 Kinderlosen
2539 1949 86 62 <er

315 2051 151 63 habe
499 2049 203 63 freilich
744 2049 155 61 sechs
935 2046 323 63 uneheliche
1284 2044 249 72 Kinder)
1558 2043 170 64 schon
1764 2043 91 61 bei
1888 2041 313 63 Lebzeiten
2226 2047 165 55 einen
2424 2047 201 71 päpst®

315 2149 99 62 lieh
448 2157 299 70 gesinnten
782 2166 404 42 successorem
1220 2141 120 63 und
1376 2141 403 79 coadjutorem
1821 2164 75 37 zu
1931 2160 308 41 ernennen.
2283 2136 125 61 Für
2443 2150 181 46 etwas

316 2246 234 63 seltsam
593 2243 137 62 aber
772 2241 165 62 dürfe
970 2240 158 62 wohl
1171 2240 138 61 auch
1354 2239 100 61 der
1490 2237 261 64 Getreue
1793 2235 135 63 dem
1968 2235 193 61 Herrn
2207 2256 60 39 es
2311 2231 310 62 anrechnen

316 2343 145 70 (hier
509 2339 132 62 fuhr
691 2338 216 62 wieder
956 2345 90 54 ein
1096 2335 246 62 Lächeln
1404 2334 143 61 über
1597 2333 92 62 die
1740 2356 217 55 grauen
2000 2329 268 80 Wangen
2320 2326 119 64 und
2486 2349 135 38 man

317 2437 196 62 wußte
564 2436 160 72 nicht,
776 2433 164 64 sollte
983 2457 62 38 es
1095 2439 436 55 zeremoniösen
1581 2428 254 81 Respekt
1895 2425 354 65 ausdrücken
2309 2423 139 63 oder
2498 2430 124 54 eine

317 2533 278 71 Bosheit),
639 2532 113 62 daß
795 2531 100 62 der
927 2530 211 62 Kaiser
1180 2554 68 38 so
1291 2526 456 65 unverbrüchlich
1791 2526 165 78 ruhig
1998 2523 121 62 und
2160 2521 461 78 zurückgezogen

319 2631 125 62 lebe
487 2630 122 62 und
650 2654 119 37 nun
811 2651 104 58 gar
948 2627 139 63 auch
1130 2636 55 52 in
1230 2634 216 54 seinem
1483 2624 229 63 Garten
1755 2622 268 80 gedeckte
2058 2620 214 78 Gänge
2306 2616 147 63 habe
2488 2615 136 62 auf®

322 2726 204 63 führen
569 2726 208 73 lassen,
820 2749 99 38 um
961 2724 94 62 bei
1097 2733 197 53 seinen
1338 2721 211 80 kargen
1595 2720 465 80 Spaziergängen
2103 2740 107 38 nur
2249 2724 57 70 ja
2338 2738 117 39 von
2499 2721 92 54 nie-

320 2822 270 62 mandem
627 2820 222 64 erblickt
874 2845 76 38 zu
974 2820 253 63 werden.
1271 2817 389 80 Monatelang
1694 2815 150 63 habe
1869 2839 135 37 man
2039 2813 96 62 ihn
2168 2811 176 63 bitten
2372 2819 253 61 müssen,

320 2942 104 38 zur
448 2918 342 79 Huldigung
823 2917 101 62 der
948 2914 379 65 Landstände
1363 2914 138 63 nach
1528 2913 254 62 Mähren
1817 2936 75 37 zu
1925 2918 201 54 reisen.
2164 2905 145 64 Lind
2340 2914 56 52 in
2431 2904 195 62 letzter

320 3015 136 62 Zeit
489 3015 252 62 verlasse
775 3038 60 38 er
868 3013 106 63 das
1008 3012 205 64 Schloß
1255 3011 325 79 überhaupt
1620 3008 173 63 kaum
1827 3007 176 62 mehr.
2047 3006 151 61 Kein
2232 3003 223 70 Reiten,
2497 3001 128 61 kein

324 3111 277 80 Ballspiel.
644 3111 118 61 Hie
795 3110 120 62 und
959 3111 75 60 da
1075 3109 143 62 ließe
1253 3132 61 38 er
1347 3107 108 63 sich
1498 3106 143 64 noch
1676 3105 90 62 die
1808 3102 299 64 herrlichen
2141 3099 328 81 spanischen
2506 3096 123 62 und

325 3206 376 64 italienischen
748 3206 204 73 Rosse,
997 3204 338 65 Geschenke
1385 3204 102 61 des
1529 3203 227 77 Königs
1806 3224 119 38 von
1977 3198 271 80 Spanien,
2297 3209 168 47 unter
2516 3192 113 63 den

325 3304 286 62 Fenstern
644 3302 406 64 vorbeiführen
1095 3300 120 63 und
1258 3300 159 61 freue
1459 3299 108 62 sich
1610 3323 74 37 an
1728 3297 178 62 ihrem
1947 3294 170 62 schön
2150 3293 303 77 bewegten
2488 3289 143 62 An®

322 3399 167 75 blick,«
531 3401 138 61 aber
711 3399 104 63 das
857 3407 81 55 sei
980 3397 139 62 auch
1162 3397 151 62 alles.
1374 3394 215 64 Zumal
1630 3403 56 52 in
1730 3392 171 63 rebus
1943 3391 244 78 politicis
2229 3388 148 62 lasse
2422 3410 61 39 er
2523 3386 111 62 alle

321 3495 194 80 Dinge
557 3496 195 61 laufen
795 3495 120 62 und
965 3518 108 38 nur
1114 3492 130 64 sehr
1286 3491 427 80 unregelmäßig
1763 3487 121 62 und
1925 3495 100 53 mit
2079 3483 293 64 äußerster
2413 3482 222 62 Unlust

322 3591 215 62 wohne
580 3617 61 36 er
691 3600 153 53 einer
886 3591 240 78 Sitzung
1176 3598 187 53 seines
1406 3586 325 65 Geheimen
1773 3585 178 61 Rates
2000 3582 121 73 bei,«
2169 3579 259 64 weshalb
2483 3579 152 62 denn

324 3689 139 61 auch
515 3688 92 63 die
648 3689 228 62 Wirren
935 3697 101 53 mit
1095 3688 130 61 dem
1275 3681 234 66 Türken
1567 3683 121 62 und
1738 3679 439 79 Siebenbürger,
2236 3687 57 68 ja
2352 3685 101 54 mit
2506 3676 129 61 dem

327 3791 237 70 eigenen
590 3784 221 63 Bruder
835 3783 266 64 Mathias
1135 3807 75 38 zu
1242 3780 221 64 keinem
1490 3779 174 62 Ende
1697 3777 303 63 kämen...
2047 3773 211 75 »Nun,
2291 3772 94 63 Ihr
2417 3772 220 63 werdet

322 3886 59 68 ja
430 3881 284 62 solcherlei
763 3881 297 62 Unbilden
1119 3878 139 64 noch
1314 3900 316 58 genugsam
1690 3899 94 38 am
1843 3882 237 71 eigenen
2130 3871 182 63 Leibe
2366 3881 267 70 spüren,«

324 3974 186 63 schloß
555 4000 58 37 er
654 3977 122 63 und
818 3977 104 63 sah
968 3976 167 64 dabei
1172 3975 215 79 Kepler
1421 3982 100 54 mit
1557 3981 187 53 einem
1770 3970 148 63 recht
1952 3967 372 65 zufriedenen
2359 3966 149 63 Blidc
2542 3990 93 38 an.
