3242 4572
1472 395 228 54 Gfossen

2683 419 90 52 135

394 584 131 48 diese
559 580 208 52 bildeten
802 587 48 45 in
874 595 128 39 etwa
1034 585 131 52 3500
1186 588 267 52 Menschen
1487 590 75 52 die

395 661 334 53 Aristokratie
752 661 84 53 der
852 663 157 54 Welt.
1044 665 79 54 Sie
1145 674 132 46 seien
1301 669 77 53 die
1400 669 162 53 Söhne

393 744 84 50 der
492 743 211 62 Könige,
719 743 100 51 und
842 743 141 54 ihnen
1010 754 69 46 sei
1095 749 203 61 erlaubt,
1325 769 105 33 was
1453 750 109 54 dem

397 823 356 65 gewöhnlichen
778 825 261 55 Menschen
1073 832 140 61 nicht,
1246 833 80 51 für
1359 833 92 52 den
1475 847 87 49 gut

394 917 89 51 gut
516 904 100 51 und
657 904 121 53 böse
819 907 121 54 böse
972 917 85 56 sei,
1098 913 235 52 während
1374 914 79 52 für
1486 917 76 52 die

395 984 348 64 Königssöhne
766 993 75 46 ein
865 989 201 53 anderer
1090 993 146 53 Code
1261 994 299 65 maßgebend

390 1070 153 54 wäre,
578 1067 116 50 nach
728 1068 108 52 dem
870 1073 195 52 unrecht
1098 1074 125 51 recht
1256 1082 104 46 sein
1385 1077 172 54 könne.

390 1147 257 52 Nietzsche
657 1149 115 52 fand
780 1150 99 54 hier
888 1153 91 52 den
991 1156 194 63 Impuls,
1197 1163 133 46 seine
1339 1159 221 54 Herren»

390 1229 155 50 moral
568 1229 99 51 und
676 1229 364 57 Sklavenmoral
1057 1257 63 31 zu
1138 1238 174 60 finden,
1331 1239 101 52 und
1444 1241 115 52 Go»

391 1308 177 52 bineau
593 1310 110 51 kam
725 1331 101 33 von
849 1321 180 47 seinem
1053 1314 241 56 Theorem
1317 1338 65 32 zu
1404 1327 156 47 seiner

393 1388 235 53 Vorliebe
649 1392 79 51 für
758 1393 77 53 die
866 1397 348 62 Renaissance,
1246 1399 75 52 die
1354 1421 52 32 er
1437 1403 122 51 nicht

390 1490 84 31 um
512 1470 130 53 ihrer
671 1473 194 56 Künste
897 1478 100 51 und
1032 1479 125 52 ihrer
1192 1481 365 54 Wissenschaf»

388 1563 81 40 ten
506 1571 171 46 wegen
712 1556 142 53 liebte
887 1559 96 56 <die
1006 1580 52 33 er
1081 1562 93 51 den
1198 1562 358 65 degenerierten

388 1632 103 51 und
524 1633 236 62 hybriden
793 1639 188 52 Rassen
1023 1643 264 61 zuschrieb,
1329 1651 92 47 wie
1463 1647 92 52 den

389 1713 265 65 Ursprung
676 1717 84 52 der
781 1719 370 55 künstlerischen
1169 1724 255 65 Fähigkeit
1447 1728 108 52 dem

388 1794 209 64 Neger),
630 1799 211 52 sondern
864 1821 170 46 wegen
1068 1804 126 53 ihrer
1221 1806 200 54 Gewalt
1454 1812 101 50 und

386 1895 171 44 wegen
591 1879 126 52 ihres
742 1881 270 63 Glaubens,
1048 1886 75 53 die
1156 1888 98 52 ihm
1288 1891 135 52 mehr
1446 1893 108 63 gal»

385 1971 95 46 ten,
517 1958 73 52 als
623 1961 166 53 Kunst
821 1966 100 49 und
944 1967 201 62 Kultur,
1178 1976 92 47 wie
1300 1972 252 55 Rittertum

388 2038 100 51 und
511 2039 146 61 Ehre,
681 2043 149 61 mehr,
854 2046 70 51 als
941 2047 315 56 Zivilisation
1283 2053 100 51 und
1401 2055 151 52 Fort»

386 2119 157 53 schritt
652 2142 99 33 von
774 2144 81 33 wo
880 2146 89 33 aus
997 2128 84 52 der
1106 2131 138 65 Weg
1265 2152 65 33 zu
1352 2136 200 52 Richard

390 2201 225 63 Wagner
637 2205 175 62 führte,
835 2207 84 52 der
940 2227 64 33 an
1024 2210 289 56 Gobineaus
1331 2216 220 53 Schwär»

385 2290 147 44 merei
567 2286 78 49 für
687 2292 74 46 ein
795 2293 341 53 romantisches
1170 2296 283 55 Mittelalter
1486 2306 64 46 im

384 2363 118 52 Stile
545 2365 83 52 des
662 2367 168 55 Morte
872 2371 242 56 d'Arthur
1153 2377 112 52 sehr
1306 2380 95 52 viel
1437 2381 110 53 Ge»

385 2445 208 53 schmack
637 2450 127 53 fand.
823 2452 99 52 Als
967 2455 278 56 Gesandter
1286 2466 48 46 in
1376 2462 170 52 Athen

383 2540 156 51 erregt
563 2528 262 55 Gobineau
847 2535 122 51 nicht
996 2536 86 52 das
1101 2539 290 63 Parthenon,
1425 2563 122 33 son»

383 2606 115 53 dem
535 2610 75 52 die
643 2611 309 69 Erinnerung
986 2636 62 32 an
1082 2619 77 53 die
1192 2622 353 56 französischen

380 2690 230 64 Herzoge
642 2713 100 33 von
774 2696 188 62 Athen,
1005 2719 63 32 an
1110 2702 75 51 die
1220 2709 102 47 vier
1354 2706 191 54 Barone

380 2790 100 32 von
516 2772 180 54 Euböa
729 2777 101 50 und
863 2779 75 52 die
972 2782 151 61 große
1156 2791 387 57 arragonesische

381 2851 342 62 Gesellschaft,-
755 2876 50 33 er
837 2860 125 52 sieht
995 2864 110 61 sich,
1138 2865 127 53 hätte
1298 2869 93 51 sich
1427 2888 115 46 gern

377 2934 229 60 gesehen,
640 2950 140 39 unter
800 2940 92 51 den
915 2942 197 54 Banden
1147 2946 84 52 des
1260 2947 283 56 Guillaume

376 3031 101 33 von
513 3016 389 57 Villehardouin.
960 3024 106 52 Das
1100 3026 128 54 hätte
1272 3030 116 51 auch
1427 3031 115 52 Go»

375 3094 201 54 bineaus
595 3099 283 62 posthumer
897 3102 192 55 Schüler
1101 3109 172 52 Barres
1291 3116 48 45 in
1362 3119 179 47 seinem

376 3176 248 66 »Voyage
666 3180 58 52 de
765 3182 239 63 Sparthe«
1046 3189 240 54 schreiben
1330 3194 208 53 können.

372 3257 97 54 Die
510 3261 207 65 Dialoge
767 3265 389 56 »Renaissance«
1208 3274 107 49 sind
1366 3282 72 44 ein
1490 3283 48 44 in

372 3340 331 55 Deutschland
725 3345 110 52 sehr
856 3348 230 54 beliebtes
1109 3354 102 51 und
1237 3356 158 61 gewiß
1421 3359 117 50 auch

370 3421 112 51 sehr
525 3422 334 56 lesenswertes
893 3430 141 59 Buch,
1068 3452 144 33 wenn
1247 3438 117 49 auch
1399 3439 137 58 nicht,

370 3508 93 47 wie
507 3505 260 53 Schemann
818 3515 163 56 meint,
1040 3519 136 47 »eine
1227 3516 84 53 der
1352 3525 182 57 ewigen

371 3582 338 69 Schöpfungen
758 3589 86 52 des
898 3595 337 52 menschlichen
1293 3599 240 62 Genius«,

369 3664 125 52 denn
522 3668 262 53 Gobineau
807 3690 103 33 war
932 3674 163 53 weder
1122 3683 77 46 ein
1221 3679 110 51 sehr
1366 3682 168 62 großer

371 3744 211 66 Denker,
616 3753 118 49 noch
758 3759 75 44 ein
866 3753 108 52 sehr
999 3756 172 63 großer
1193 3758 336 66 Schriftsteller,

366 3828 211 52 sondern
612 3836 75 46 ein
731 3833 109 52 sehr
880 3836 176 63 großer
1098 3839 99 50 und
1239 3842 68 49 oft
1340 3844 164 60 pracht-

365 3908 153 52 voller
551 3910 332 57 Phantasierer
916 3923 48 44 in
999 3923 129 47 einer
1160 3920 200 54 Periode
1402 3923 129 52 hoff»

365 3990 297 61 nungslosen
686 3997 213 52 sozialen
925 3998 382 68 Niederganges,
1333 4023 90 33 aus
1447 4005 84 54 der

1613 593 97 51 ihm
1753 594 137 54 keine
1933 598 177 53 andere
2142 602 208 65 Rettung
2390 606 155 53 schien
2587 611 70 50 als
2699 612 75 53 die

1613 673 446 70 Hervorhringung
2092 687 128 47 einer
2253 684 195 54 aktiven
2483 688 99 51 und
2614 693 159 51 wach»

1612 773 169 35 samcn
1823 758 131 53 Elite
1999 780 103 33 von
2145 764 285 54 Individuen
2479 769 298 66 mächtigster

1612 835 225 67 Energie,
1874 839 53 52 In
1952 847 158 47 einem
2135 844 156 55 Briefe
2313 866 63 33 an
2399 849 155 53 Mme.
2578 851 196 63 Franck,

1612 923 104 47 eine
1743 919 153 64 Jüdin,
1927 923 180 53 schrieb
2140 945 71 33 er:
2241 928 69 51 »II
2333 942 75 38 est
2432 942 99 41 tres
2556 933 219 54 malheu»

1611 1017 119 33 reux
1772 1021 65 44 qu
1857 1017 152 50 ayant
2058 1007 89 52 fait
2189 1027 95 33 une
2333 1017 187 47 societe
2561 1032 125 45 pour
2726 1036 51 32 se

1611 1098 169 44 passer
1802 1082 60 52 de
1885 1097 183 50 vertus,
2096 1086 59 53 de
2177 1088 139 54 force
2340 1091 171 62 d'äme,
2545 1093 60 52 de
2628 1112 147 46 gran»

1611 1161 83 52 des
1741 1169 242 56 passions,
2037 1187 64 32 on
2147 1175 67 45 ait
2256 1183 110 40 tout
2408 1175 367 54 naturellement

1611 1242 194 63 dispose
1848 1244 69 54 les
1954 1247 163 53 choses
2161 1251 58 52 de
2255 1260 209 47 maniere
2509 1257 30 50 ä
2580 1276 61 32 ce
2683 1279 92 43 que

1609 1323 69 52 les
1712 1332 259 55 premieres
2006 1328 165 64 places
2205 1338 161 47 soient
2407 1354 246 45 occupees
2689 1359 88 44 par

1609 1423 127 34 ceux
1771 1413 97 59 qui,
1903 1410 203 63 n'ayant
2133 1418 101 46 rien
2269 1415 58 52 de
2361 1427 109 42 tout
2505 1420 123 59 cela,
2661 1435 114 38 sont

1607 1486 113 62 plus
1772 1487 143 55 festes
1959 1511 94 43 que
2103 1495 69 50 les
2215 1507 161 41 autres
2403 1534 89 18 ...
2536 1500 59 53 de
2637 1516 131 41 Sorte

1608 1570 149 62 qu'on
1809 1589 29 33 a
1889 1571 320 66 I'oppression
2260 1577 83 52 des
2397 1580 122 53 forts
2568 1603 90 43 par
2704 1586 67 51 les

1607 1648 218 54 faibles«.
1885 1652 291 55 Gobineaus
2218 1658 245 63 politische
2496 1664 275 54 Einsichten

1606 1749 165 33 waren
1806 1733 122 51 nicht
1961 1736 122 61 groß
2119 1754 171 48 genug,
2337 1740 71 52 als
2444 1742 94 52 daß
2572 1750 70 47 sie
2674 1747 97 52 ihm

1604 1812 159 52 hätten
1806 1832 149 46 sagen
1999 1817 207 62 können,
2248 1827 93 46 wie
2383 1822 76 54 die
2502 1826 269 65 Oligarchie

1603 1901 156 44 seiner
1797 1897 411 65 »Königssöhne«
2243 1923 92 31 nur
2368 1910 48 46 in
2439 1906 329 56 Staatswesen

1602 1995 100 30 von
1754 1977 253 54 höchstens
2055 1981 346 69 Stadtumfang
2437 1990 201 63 möglich
2690 1998 75 45 ist.

1604 2056 54 52 In
1692 2064 157 47 einem
1886 2061 156 52 Dorfe
2075 2064 120 52 wird
2228 2069 225 50 niemand
2486 2069 92 53 den
2613 2072 155 53 allbe»

1602 2139 212 53 kannten
1849 2141 290 56 Dorftrottel
2181 2147 77 51 für
2298 2154 76 45 ein
2417 2159 351 46 staatsmänni»

1601 2221 133 51 sches
1778 2222 162 54 Genie
1980 2225 179 62 halten,
2208 2229 130 52 wohl
2380 2231 117 52 aber
2538 2235 122 51 wird

1603 2302 116 51 »der
1739 2304 107 50 Zar
1867 2310 64 46 ist
1952 2312 144 46 weit«
2222 2315 48 46 in
2304 2316 155 47 einem
2482 2333 283 46 sogenann»

1599 2395 80 39 ten
1730 2385 291 54 Weltreiche
2074 2389 84 52 der
2208 2393 194 52 weithin
2458 2396 307 55 unbekannte

1599 2465 328 55 Staatstrottel
1961 2469 141 64 lange
2125 2471 100 51 und
2248 2473 135 53 leicht
2406 2475 76 52 die
2505 2478 138 52 Rolle
2677 2480 83 52 des

1597 2550 459 52 staatsmännischen
2100 2553 185 52 Genies
2329 2556 181 63 spielen
2553 2559 206 54 können.

1595 2626 144 54 Aber
1773 2629 175 63 gerade
1983 2631 155 52 dieser
2171 2634 259 61 Umstand,
2467 2638 92 53 daß
2595 2640 164 52 Gobi»

1595 2728 126 32 neau
1745 2710 107 52 kein
1880 2713 402 63 »Realpolitiker«
2316 2737 116 42 war,
2468 2721 209 53 sondern
2699 2743 60 32 so

1594 2809 104 33 was
1740 2798 92 44 wie
1867 2799 76 44 ein
1978 2795 316 65 Mythopoet,
2333 2799 139 52 schuf
2507 2801 103 61 das,
2652 2824 104 32 was

1597 2890 111 32 man
1754 2873 93 52 den
1884 2874 320 54 Gobinismus
2246 2898 189 37 nennen
2477 2883 181 53 könnte

1594 2958 75 44 ein
1714 2954 326 65 Evangelium
2083 2958 83 52 der
2206 2960 237 64 Energie,
2493 2964 85 51 das
2624 2972 132 48 seine

1593 3047 159 38 ersten
1791 3036 276 64 Anhänger
2100 3045 47 45 in
2181 3039 326 55 Deutschland
2542 3045 115 52 fand

1589 3114 277 62 Nietzsche,
1901 3118 223 63 Wagner
2158 3120 105 57 <der
2298 3123 264 53 Gobineau
2595 3129 157 60 genial

1589 3203 172 52 nennt)
1893 3199 101 51 und
2037 3207 131 45 seine
2201 3209 225 57 späteren
2469 3212 47 44 in
2557 3208 195 52 Frank»

1588 3278 119 50 reich
1733 3290 143 40 unter
1907 3280 91 51 den
2034 3282 377 62 Nationalisten,
2453 3285 75 54 bei
2562 3289 188 61 Barres,

1587 3359 182 52 Robert
1788 3360 218 64 Dreyfus
2028 3363 102 51 und
2153 3364 108 51 dem
2279 3365 141 54 Kreis
2440 3368 85 52 der
2542 3369 208 55 Cahiers

1588 3439 58 51 de
1679 3439 47 52 la
1761 3442 290 60 Quinzaine,
2093 3444 76 52 bei
2204 3445 189 63 Schure,
2436 3449 76 51 die
2545 3452 93 50 sich
2674 3453 77 51 bei

1588 3522 261 52 Gobineau
1884 3542 62 33 an
1973 3530 152 46 einem
2150 3524 112 66 Typ
2288 3528 82 52 des
2394 3530 356 56 französischen

1585 3602 296 53 Edelmanns
1917 3623 209 46 erregen,
2162 3608 85 51 der
2272 3614 87 45 mit
2392 3610 98 53 ihm
2517 3614 101 51 und
2650 3622 99 44 sei»

1584 3702 110 32 nem
1728 3684 224 51 Freunde
1985 3683 258 67 Tocquille
2277 3693 247 51 ausstarb:
2562 3713 52 32 er
2644 3715 106 33 war

1583 3765 122 50 nicht
1739 3767 477 64 sport!ich»englisch,
2260 3772 116 52 aber
2415 3793 101 32 von
2549 3777 198 52 feinster

1581 3845 223 65 Bildung,
1852 3867 104 33 war
2009 3868 120 42 arm,
2181 3852 115 52 aber
2346 3854 271 64 adoptierte
2666 3859 79 51 für

1583 3925 129 52 Geld
1748 3927 134 52 keine
1918 3929 175 52 Cohns
2129 3932 101 51 und
2265 3934 180 64 Levys,
2479 3957 106 32 war
2618 3939 124 51 nicht

1581 4013 167 47 immer
1791 4028 118 33 vom
1951 4010 168 53 besten
2152 4013 250 55 Schneider
2445 4036 296 46 angezogen.
