2951 4206
892 474 557 112 SOCIÉTÉ
1540 489 747 107 FRANÇAISE

549 680 265 89 DES
923 675 358 89 AMIS
1393 675 185 84 DE
1670 672 185 84 LA
1974 665 675 94 MUSIQUE

461 967 67 45 Le
569 960 192 51 Conseil
800 957 428 49 d'administration
1269 954 80 47 des
1387 953 138 47 Amis
1564 952 56 47 de
1661 950 43 47 la
1741 950 217 61 musique
1996 967 27 28 a
2061 949 91 60 pris
2188 948 114 45 dans
2328 964 70 29 ses
2423 945 189 48 séances
2639 946 218 55 dernières

314 1056 93 30 une
434 1035 114 49 série
576 1034 56 46 de
660 1032 229 47 décisions
915 1029 116 46 dont
1059 1026 65 49 les
1149 1026 236 46 membres
1412 1025 55 46 de
1495 1023 44 47 la
1563 1021 175 49 société
1764 1033 85 34 ont
1876 1019 214 47 accueilli
2119 1018 42 47 la
2189 1018 219 47 nouvelle
2436 1034 113 31 avec
2570 1018 111 64 joie.

457 1106 140 47 Tout
623 1101 210 60 d'abord,
861 1113 47 34 et
935 1098 215 48 d'accord
1177 1114 112 29 avec
1317 1096 77 47 M.
1430 1094 194 51 Gabriel
1667 1092 193 61 Astruc,
1907 1091 30 46 il
1973 1109 27 28 a
2041 1090 75 47 été
2158 1089 162 48 décidé
2362 1087 287 65 d'organiser
2688 1106 105 32 sous
2826 1094 33 48 le

316 1192 253 49 patronage
597 1175 56 46 de
679 1174 43 45 la
747 1170 174 48 société
946 1188 65 28 un
1040 1167 145 65 grand
2128 1166 209 47 Festival
2584 1164 266 62 Beethoven,
1737 1162 148 64 dirigé
1911 1179 81 44 par
2020 1161 135 46 Félix
2182 1161 345 62 Weingartner
2568 1174 47 33 et
2654 1166 206 57 composé

316 1253 56 44 de
399 1260 161 52 quatre
585 1255 216 37 concerts
827 1242 78 64 qui
933 1251 170 37 auront
1130 1239 94 47 lieu
1251 1258 59 28 au
1338 1239 144 45 début
1510 1237 57 46 de
1594 1237 109 46 mai.
1735 1235 92 47 Les
1854 1235 140 45 Amis
2020 1233 58 46 de
2104 1233 45 46 la
2177 1233 232 63 musique,
2447 1232 186 47 inscrits
2672 1233 112 47 dans
2807 1233 53 51 les

316 1320 140 48 délais
499 1319 76 62 qui
622 1316 99 46 leur
762 1325 85 35 ont
889 1312 73 47 été
1003 1310 231 63 indiqués,
1275 1321 157 36 seront
1477 1307 190 48 conviés
1702 1306 376 63 gracieusement
2108 1321 93 29 aux
2227 1303 279 63 répétitions
2531 1303 240 63 générales
2795 1307 67 48 des

315 1391 232 48 auditions
574 1385 358 63 remarquables.

458 1460 76 48 En
561 1470 135 35 outre
722 1456 44 47 le
795 1454 190 49 Conseil
1013 1471 27 29 a
1065 1453 92 62 pris
1182 1451 266 47 l'initiative
1476 1451 57 45 de
1561 1448 158 47 réunir
1746 1447 410 63 périodiquement
2183 1446 65 47 les
2276 1447 237 46 membres
2533 1446 58 45 de
2612 1444 42 47 la
2676 1446 184 64 Société,

317 1550 115 45 pour
458 1532 99 46 leur
584 1540 254 52 permettre
865 1527 56 46 de
949 1543 45 30 se
1022 1524 244 47 connaitre
1294 1534 47 35 et
1368 1523 54 46 de
1449 1540 46 29 se
1524 1523 99 44 voir
1650 1522 114 45 dans
1789 1518 259 48 l'intimité.
2093 1517 72 48 La
2192 1518 228 62 première
2450 1518 54 46 de
2533 1534 77 31 ces
2636 1517 225 64 réunions,

315 1602 239 66 organisée
580 1600 42 47 le
654 1613 23 47 5
707 1598 112 48 avril
847 1599 121 46 chez
994 1595 160 49 M.M.
1186 1594 160 65 Pleyel
1377 1593 137 65 Lyon
1545 1606 45 33 et
1619 1592 105 61 Cie,
1754 1593 80 61 qui
1860 1592 188 45 avaient
2075 1589 91 47 très
2192 1589 395 64 généreusement
2616 1590 102 46 Imis
2756 1589 109 51 leurs

315 1675 152 47 salons
515 1673 26 46 à
590 1672 44 45 la
683 1670 269 61 disposition
1007 1668 56 46 de
1114 1667 43 45 la
1205 1665 189 61 société,
1446 1677 82 34 eut
1577 1663 43 47 le
1671 1664 103 61 plus
1826 1661 71 47 vif
1934 1661 175 47 succès.

457 1741 164 61 Enfin,
649 1741 24 47 à
700 1739 251 62 l'exemple
978 1739 78 46 des
1082 1738 138 45 Amis
1247 1736 56 46 de
1332 1735 206 61 Louvre,
1567 1735 79 46 des
1671 1734 292 46 Promenades
1996 1731 243 47 Musicales
2264 1731 26 47 à
2318 1744 174 34 travers
2520 1731 143 63 Paris,
2691 1744 85 34 ont
2801 1733 64 48 été

316 1815 226 48 décidées.
573 1813 125 48 Elles
725 1824 84 34 ont
835 1809 281 48 commencé
1144 1825 80 45 par
1251 1825 94 28 une
1373 1807 131 47 visite
1544 1806 26 46 à
1610 1805 43 47 la
1698 1805 119 48 Salle
1862 1804 221 61 Aeolian,
2117 1802 43 47 le
2189 1819 59 48 31
2282 1820 138 45 mars,
2448 1820 108 29 sous
2582 1802 43 47 la
2652 1804 212 48 conduite

316 1889 56 47 de
419 1886 76 48 M.
543 1885 59 48 L.
646 1884 167 64 Laloy,
856 1882 166 46 maitre
1068 1881 56 46 de
1166 1879 306 48 conférences
1514 1877 250 61 suppléant
1808 1876 26 47 à
1878 1876 43 47 la
1967 1875 198 48 Faculté
2211 1876 79 46 des
2335 1874 206 62 Lettres,
2594 1888 47 34 et
2681 1893 110 30 avec
2829 1876 36 48 le

316 1974 230 32 concours
573 1956 54 46 de
656 1955 126 47 Mlle
813 1954 148 45 Hatto
989 1952 57 46 de
1072 1950 175 62 l'opéra
1272 1951 219 61 comique
1519 1961 47 33 et
1592 1948 58 46 de
1679 1947 76 48 M.
1785 1947 55 47 F.
1863 1947 227 61 Touche,
2119 1946 260 62 professeur
2405 1964 60 29 au
2494 1946 371 51 Conservatoire.

317 2030 136 47 Dans
479 2028 42 46 la
546 2026 108 48 salle
683 2025 246 59 éclatante,
959 2023 78 61 qui
1067 2021 247 48 ressemble
1354 2021 25 46 à
1417 2020 200 63 quelque
1658 2018 177 50 Grotte
1863 2018 57 47 de
1949 2017 186 65 Fingal,
2163 2035 94 29 une
2286 2020 220 44 centaine
2535 2018 190 47 d'Amis
2752 2020 55 45 de
2829 2020 37 47 la

316 2101 213 61 musique
557 2111 84 33 ont
668 2115 60 29 eu
753 2096 42 47 le
823 2112 98 30 rare
949 2093 152 62 plaisir
1129 2092 278 48 d'entendre
1434 2110 66 29 un
1528 2089 326 65 musicologue
1882 2089 149 63 parler
2058 2089 79 47 des
2164 2089 311 47 instruments
2503 2089 300 64 mécaniques
2827 2105 39 33 et

316 2173 56 46 de
399 2172 100 47 leur
524 2169 284 63 application
835 2167 25 47 à
888 2166 104 47 l'art
1020 2166 226 47 moderne
1275 2166 56 45 de
1359 2164 43 46 la
1427 2164 233 61 musique.

508 2241 91 48 Les
626 2242 309 44 instruments
961 2237 315 62 mécaniques,
1305 2235 204 63 rappelle
1556 2234 41 47 le
1638 2234 342 60 conférencier,
2009 2246 85 34 ont
2121 2251 59 28 en
2208 2232 192 63 Europe
2428 2252 66 28 un
2521 2251 128 29 assez
2676 2234 190 47 fâcheux

315 2331 181 43 renom,
538 2328 230 46 parceque
813 2326 119 30 nous
976 2308 112 47 n'en
1116 2309 304 46 connaissons
1445 2324 90 46 que
1562 2305 65 47 les
1653 2305 174 47 formes
1854 2305 377 61 rudimentaires,
2259 2304 221 62 triviales,
2521 2305 293 63 appropriées
2846 2307 23 47 à

315 2385 43 46 la
385 2383 270 59 mendicité,
684 2401 63 28 ou
773 2382 26 45 à
825 2380 42 47 la
893 2378 242 64 publicité,
1163 2378 26 47 à
1214 2378 43 47 la
1284 2390 179 35 torture
1504 2378 77 45 des
1622 2376 182 47 oreilles
1845 2376 116 46 dans
1986 2375 102 48 l'un
2116 2389 45 33 et
2189 2375 170 47 l'autre
2386 2393 90 32 cas.
2508 2376 133 49 C'est
2668 2376 42 47 le
2739 2379 128 60 piano

314 2456 25 47 à
366 2454 250 48 manivelle
642 2453 149 47 trainé
818 2453 113 45 dans
957 2468 85 29 nos
1068 2467 283 47 campagnes
1377 2467 60 29 ou
1467 2450 157 46 même
1664 2467 57 28 en
1766 2448 226 63 quelques
2036 2465 105 30 rues
2182 2448 202 47 désertes
2424 2449 57 46 de
2523 2448 127 48 Paris
2692 2465 80 46 par
2809 2467 57 29 un

312 2528 89 47 âne
429 2526 102 61 plus
556 2523 409 64 qu'évangélique,
993 2534 47 34 et
1068 2521 115 47 dont
1209 2521 43 46 le
1279 2520 207 48 tumulte
1529 2521 182 46 discord
1752 2533 191 33 ameute
1968 2519 66 47 les
2061 2533 244 33 marmots.
2337 2519 132 48 C'est
2497 2520 181 63 l'orgue
2705 2521 34 46 si
2770 2521 95 46 bien

315 2596 195 48 nommé
548 2597 56 45 de
649 2595 233 60 Barbarie,
923 2594 117 45 dont
1077 2610 62 29 on
1181 2594 194 62 conjure
1418 2591 257 47 volontiers
1719 2591 42 47 la
1802 2591 203 46 hantisse
2048 2604 262 34 monotone
2356 2609 80 44 par
2480 2591 43 47 le
2568 2590 208 48 sacrifice
2818 2592 51 47 de

315 2667 198 64 quelque
543 2666 162 48 billon.
736 2665 69 48 Ce
832 2675 106 37 sont
966 2661 126 49 enfin
1123 2662 64 48 les
1213 2680 167 46 orgues
1407 2662 133 47 dorés
1567 2676 46 33 et
1641 2661 265 48 chamarrés
1934 2662 55 46 de
2017 2661 223 62 quelques
2286 2661 115 48 fêtes
2428 2662 203 48 foraines
2658 2665 146 61 parmi
2832 2663 35 47 le

315 2741 354 46 tournoiement
710 2737 77 46 des
832 2738 213 45 chevaux
1088 2735 56 47 de

457 2810 77 47 M.
566 2807 151 65 Laloy
745 2820 186 33 montre
959 2817 246 36 comment
1232 2804 136 47 l'idée
1397 2806 62 45 du
1500 2804 288 47 mécanisme
1825 2803 220 64 appliqué
2085 2822 93 29 aux
2220 2806 312 47 instruments
2575 2804 107 50 s'est
2725 2825 88 43 peu
2848 2806 21 47 à

316 2900 88 43 peu
456 2881 185 62 épurée,
695 2879 190 46 d'abord
937 2878 136 64 grâce
1129 2895 91 29 aux
1284 2878 310 46 instruments
1656 2877 56 47 de
1763 2876 167 62 simple
1980 2878 411 62 enregistrement,
2446 2878 101 61 puis
2597 2878 138 64 grâce
2784 2896 85 29 aux

316 2954 306 46 instruments
656 2948 423 63 d'interprétation.
1121 2947 38 47 Il
1200 2966 169 44 expose
1406 2966 61 29 en
1505 2948 112 62 quoi
1653 2949 202 46 consiste
1893 2948 44 47 la
1978 2948 279 62 supériorité
2299 2949 78 46 des
2406 2949 229 62 appareils
2673 2950 194 46 Aeolian

314 3036 45 34 et
401 3024 158 46 insiste
599 3019 432 65 particulièrement
1072 3036 77 30 sur
1191 3018 122 48 leurs
1352 3019 195 47 facultés
1587 3019 281 61 expressives
1902 3020 80 63 qui
2022 3019 150 47 seules
2208 3032 291 49 permettent
2526 3020 58 47 de
2611 3020 112 47 faire
2752 3022 55 45 de
2832 3020 38 47 la

315 3095 122 45 vraie
465 3095 232 60 musique.

456 3165 153 62 Après
635 3175 123 36 cette
786 3161 298 63 conférence,
1112 3160 116 65 qu'il
1256 3161 201 47 faudrait
1482 3163 197 61 pouvoir
1705 3163 116 45 citer
1848 3179 59 29 en
1935 3163 168 59 entier,
2131 3161 66 49 les
2222 3161 271 50 différentes
2520 3180 256 32 ressources
2814 3164 56 47 du

314 3235 184 63 pianola
523 3246 85 36 ont
635 3234 73 47 été
735 3232 278 64 présentées,
1041 3232 150 47 seules
1216 3231 210 62 d'abord,
1454 3234 103 59 puis
1582 3234 135 45 unies
1750 3250 61 29 au
1851 3232 177 61 violon,
2057 3232 174 49 mêlées
2269 3234 26 47 à
2333 3234 43 47 la
2410 3235 110 46 voix
2559 3236 242 61 humaine,
2828 3245 43 37 et

315 3306 129 48 enfin
489 3306 221 48 associées
753 3305 25 47 à
819 3305 178 63 l'orgue
1042 3305 208 61 puissant
1294 3316 47 35 et
1385 3304 233 62 multiple,
1665 3305 114 47 dans
1822 3305 399 62 l'interprétation
2260 3306 79 47 des
2819 3307 50 47 de

314 3378 292 60 Schumann,
1008 3376 206 48 Obertass
900 3376 56 46 de
998 3376 316 46 Wieniawski
1361 3387 46 35 et
2605 3375 266 47 Kammenoi-
1967 3377 57 46 de
2067 3376 306 49 Rubinstein.
2422 3377 94 48 Les
2560 3378 141 49 Amis
2739 3380 59 47 de
2833 3378 38 47 la

315 3450 213 61 musique
566 3460 85 35 ont
688 3466 60 28 eu
785 3446 249 65 l'agréable
1070 3448 197 60 surprise
1308 3447 56 46 de
1403 3458 235 36 constater
1676 3465 93 46 que
1808 3447 43 47 la
1877 3447 234 62 souplesse
2137 3448 64 47 du
2230 3448 196 47 Pianola
2451 3465 184 47 permet

312 3530 173 52 pagner
505 3518 92 48 très
622 3517 337 48 délicatement
983 3517 66 47 les
1077 3517 247 47 inflexions
1351 3516 145 48 d'une
1524 3517 118 47 belle
1669 3518 108 46 voix
1808 3536 192 29 comme
2037 3518 119 47 celle
2197 3519 56 47 de
2295 3518 125 50 Mlle
2464 3521 152 47 Hatto
2641 3539 64 29 ou
2732 3522 40 47 le
2794 3522 77 65 jeu

311 3589 226 63 expressif
556 3601 47 35 et
630 3588 123 48 varié
780 3587 115 48 d'un
923 3589 166 46 maitre
1116 3605 189 30 comme
1335 3588 54 48 F.
1418 3588 225 48 Touche.
1666 3589 141 47 Tous
1832 3606 122 32 ceux
1980 3592 81 61 qui
2089 3602 85 36 ont
2196 3591 156 48 assisté
2377 3591 26 48 à
2429 3603 125 36 cette
2583 3592 260 48 démonstra-

312 3662 102 47 tion
441 3678 58 29 en
527 3672 335 37 conserveront
889 3659 40 47 le
959 3658 103 63 plus
1086 3659 217 63 agréable
1327 3660 234 47 souvenir.
