2951 4206
1467 287 79 68 s.
1622 287 66 68 I.
1759 284 120 69 M.

407 316 101 67 24

399 443 72 52 fin
521 459 156 36 verre
723 438 67 54 de
837 433 264 56 Kummel
1152 453 140 52 pour
1336 451 228 53 pousser
1606 429 49 53 la
1697 429 292 74 digestion.
2037 428 162 52 Mme
2242 425 203 55 Litolff
2477 426 128 54 était
2646 430 158 55 restée
2827 437 57 64 àla

400 532 228 53 maison.
658 529 53 52 A
739 525 218 69 minuit,
986 523 178 55 adieu.

554 617 279 56 Vendredi
968 614 67 54 de
1075 632 64 34 10
1169 613 26 52 à
1235 631 17 33 i
1293 613 184 66 heure,
1510 611 240 72 pendant
1781 628 106 55 que
1917 628 86 33 ces
2048 608 289 52 messieurs
2369 607 272 53 causaient
2670 607 211 70 d'affaires

391 716 58 74 je
479 710 199 54 roulais
709 708 133 54 dans
873 705 320 53 Brunswick
1223 703 92 74 qui
1348 715 78 39 est
1457 701 48 53 la
1532 699 131 55 ville
1693 699 48 53 la
1771 699 122 73 plus
1922 697 321 68 allemande,
2284 697 49 53 la
2379 697 123 72 plus
2533 717 195 54 moyen
2757 701 93 73 âge,
2868 712 23 55 U

402 804 122 72 plus
553 800 246 53 curieuse
830 816 106 54 que
957 795 127 75 j'aie
1106 792 192 75 jamais
1329 792 208 54 visitée.
1571 791 148 52 C'est
1750 809 108 33 une
1890 787 278 53 merveille
2197 811 13 43 ;
2256 800 123 40 tout
2425 787 48 53 le
2517 800 193 59 temps,
2733 790 159 73 j'aurais

400 891 176 56 voulu
625 889 194 53 t'avoir
850 886 122 74 près
1002 885 68 53 de
1120 885 129 51 moi.
1280 882 94 54 Tu
1405 896 52 40 te
1487 882 162 52 serais
1679 881 187 52 ébahie
1895 880 28 53 à
1952 880 207 72 chaque
2190 898 110 53 pas.
2335 877 87 54 En
2464 879 103 67 été,
2611 898 58 33 ce
2698 879 108 55 doit
2829 887 64 59 être

400 984 281 63 ravissant,
713 979 132 52 mais
875 976 37 52 il
940 997 36 53 y
1004 995 29 33 a
1063 986 219 61 partout
1311 994 76 33 un
1418 974 105 52 bon
1557 971 127 74 pied
1714 971 67 54 de
1813 971 155 73 neige
1999 983 51 40 et
2081 989 58 33 ce
2168 981 255 41 manteau
2453 969 153 53 blanc
2649 970 186 72 répand
2857 999 38 37 un

402 1094 108 54 peu
553 1072 67 53 de
663 1070 238 54 tristesse
944 1079 53 41 et
1039 1065 285 54 embrume
1367 1064 114 52 l'air
1510 1086 9 31 :
2760 1083 57 32 on
2260 1060 146 53 C'est
2454 1059 121 74 plus
2620 1060 277 80 pittoresque

402 1182 193 37 encore
625 1180 108 54 que
762 1157 371 72 Nuremberg,
1166 1154 252 74 paraît-il.
1453 1154 147 52 Mais
1632 1153 37 52 il
1701 1164 79 41 est
1810 1150 235 74 possible
2075 1171 108 53 que
2213 1150 76 52 les
2323 1150 267 54 habitants
2620 1150 66 52 de
2718 1152 150 62 Nurem-

402 1257 132 70 berg
564 1272 66 32 ne
661 1251 176 52 soient
869 1267 89 53 pas
990 1247 67 53 de
1087 1258 82 41 cet
1198 1246 129 52 avis.
1362 1243 186 69 Enfin,
1579 1244 128 54 c'est
1738 1243 283 67 délicieux,
2044 1242 57 73 je
2145 1240 375 74 t'expliquerai
2567 1254 123 40 tout
2733 1243 98 55 cela
2864 1252 36 55 de

400 1347 126 53 vive
560 1342 145 53 voix.

557 1434 64 68 Je
654 1431 151 52 viens
837 1430 68 53 de
935 1427 260 74 déjeuner
1227 1426 389 72 superbement
1645 1446 13 45 ;
1708 1437 52 40 et
1790 1423 152 73 après
1976 1444 73 31 un
2082 1442 106 54 peu
2219 1423 69 52 de
2319 1423 252 73 musique
2600 1442 70 33 au
2700 1423 149 71 salon,
2878 1431 24 63 je

402 1535 250 45 remonte
680 1541 68 32 au
778 1520 207 52 bureau
1016 1531 51 40 et
1099 1530 52 39 te
1180 1516 208 74 gratifie
1419 1516 67 52 de
1517 1527 139 41 cette
1694 1514 322 67 littérature,
2064 1512 241 73 pendant
2351 1533 107 53 que
2505 1512 263 70 Wilhem,
2804 1520 99 70 quia

403 1614 201 75 déposé
634 1613 95 52 des
760 1621 216 63 parents
1007 1621 238 60 partout,
1278 1628 66 32 va
1374 1608 119 52 voir
1522 1605 266 75 quelques
1832 1605 268 53 cousines.
2145 1605 65 67 Je
2257 1624 239 52 suppose
2540 1604 134 73 qu'il
2702 1625 34 52 y
2763 1625 25 33 a
2812 1614 91 51 aussi

403 1708 94 53 des
527 1704 234 55 cousins.

714 1792 77 53 Ce
822 1792 124 66 soir,
978 1789 172 52 soirée
1180 1789 130 52 chez
1341 1788 75 52 les
1448 1785 203 55 LitolfF
1669 1811 13 43 ;
1714 1787 233 66 demain,
1974 1806 91 52 pas
2095 1785 190 74 grand'
2312 1785 180 68 chose,
2519 1798 52 39 et
2594 1804 122 33 vers
2746 1787 158 71 minuit,

403 1888 234 65 demain,
670 1884 188 71 départ
888 1901 138 52 pour
1058 1881 268 71 Cologne.

560 1976 198 71 Soigne
789 1972 122 52 bien
943 1971 48 53 le
1024 1971 147 72 petit.
1208 1969 295 54 Embrasse
1534 1982 155 40 notre
1725 1968 229 67 Marcel,
2089 1968 209 52 amitiés
2328 1968 28 52 à
2385 1968 47 52 la
2464 1967 235 53 Nanine.

557 2069 66 68 Je
652 2081 316 37 commence
997 2062 27 54 à
1053 2062 153 52 avoir
1237 2061 184 52 besoin
1456 2061 66 52 de
1552 2061 48 52 la
1631 2080 232 32 maman.

2288 2137 513 52 Ton
2801 2137 1 52 Emmanuel.

809 3780 297 47 FRAGMENT
1145 3780 156 49 D'UNE
1341 3783 209 47 LETTRE
1587 3800 62 31 DE
1696 3784 274 49 CHABRIER
2002 3802 32 31 A
2078 3786 236 49 VINCENT
2352 3784 187 50 D'INDY
