2951 4206
573 189 561 92 THÉÂTRES
1200 197 129 68 ET
1396 187 546 78 CONCERTS

2432 180 96 90 83

73 377 167 55 dation
268 367 265 62 frénétique
579 358 217 65 reprend.
826 354 79 50 M.
937 350 184 51 Casella
1148 348 161 58 écrira,
1338 344 79 47 dès
1442 340 116 65 qu'il
1585 339 43 47 le
1654 338 193 59 voudra,
1877 336 56 45 de
1954 331 134 68 jolies
2114 331 163 46 choses
2302 350 12 38 ;
2344 326 114 65 qu'il
2499 326 41 47 le

276 504 272 56 nouveauté
575 504 161 46 mieux
765 514 157 31 venue
948 507 69 34 est
2048 494 45 44 la
2192 490 209 58 Menace,
1357 484 169 64 poème
1554 481 182 66 lyrique
1775 479 55 45 de
1861 476 77 46 M.
1968 471 215 49 Roussel.
2215 470 57 45 M
2320 468 154 64 Engel
2513 485 30 47 y

57 609 17 37 •
74 609 18 37 t
111 594 38 47 la
175 587 145 63 partie
348 583 57 45 de
431 579 153 47 ténor.
613 574 131 48 Mais
781 567 208 50 l'intérêt
1017 581 60 31 en
1105 575 67 34 est
1205 570 185 38 surtout
1430 557 114 46 dans
1569 570 96 29 une
1699 551 339 47 orchestration
2067 557 92 32 très
2185 542 242 58 moderne,
2457 552 92 33 très

75 689 15 11 rt
94 662 152 38 ,-PQçive
273 667 47 33 et
345 668 105 32 sans
477 642 345 54 excentricités.
1910 690 8 8 .
2377 682 10 7 .
2463 683 19 17 r

73 689 18 46 P
134 733 142 49 Deux
304 735 216 38 concerts
548 716 203 51 Séchiari
777 730 10 31 :
819 712 82 46 Au
928 707 221 65 premier,
1177 703 112 47 trois
1559 696 137 51 Bde
1697 692 238 60 Villon,
1936 706 124 30 rmses
2061 705 97 29 en
2159 701 248 46 musique
2408 683 79 46 de
2488 686 142 41 for

64 802 139 55 •réable
231 800 137 57 façon
397 810 80 46 par
506 791 78 47 M.
616 787 219 61 Debussy
863 794 46 34 et
936 777 224 50 chantées
1186 790 80 45 par
1292 771 78 48 M.
1411 768 161 60 Clark,
1593 777 86 36 ont
1719 781 60 29 eu
1806 780 66 29 un
1900 759 147 65 grand
2081 772 160 32 succès
2281 753 128 47 Elles
2444 763 107 36 sont

52 830 34 96 if
89 875 102 51 style
221 868 235 56 différent,
478 862 285 55 délicatesse,
782 851 361 50 recueillement
1169 858 47 35 et
1243 843 202 58 entrain,
1468 851 156 34 toutes
1643 848 113 34 trois
1783 835 106 45 bien
1917 846 190 31 venues.
2128 827 79 48 De
2237 824 74 47 M.
2334 824 218 62 Debussy

52 891 207 107 Llement
321 940 113 45 trois
475 932 194 49 Ariettes
1384 926 212 59 Oubliées,
969 922 116 47 mais
1127 927 201 39 souvent
1373 910 278 59 entendues,
1693 908 115 46 dont
1860 901 123 49 Miss
2033 899 198 62 Maggie
2269 896 164 63 Teyte
2484 894 72 46 fut

56 1015 228 60 'interprète
312 1008 164 50 idéale.
503 1004 39 49 Il
571 1022 27 47 y
628 1013 82 36 eut
736 1013 172 33 encore
936 993 77 48 M.
1045 990 154 49 Risler
1225 999 47 35 et
1300 985 78 49 M.
1407 984 170 47 Victor
1609 978 153 50 Gilles
1798 994 61 29 au
1897 989 156 47 piano,
2080 988 25 29 c
2126 981 66 35 est
2231 969 97 44 dire
2366 983 89 44 que
2495 965 65 46 les

87 1110 38 19 ,v
148 1088 187 41 séances
362 1082 161 46 furent
550 1074 342 48 intéressantes.
924 1064 300 50 L'orchestre
1252 1070 68 36 est
1347 1074 60 29 en
1433 1053 205 64 progrès.
2476 1107 24 22 r
2529 1106 8 9 .

142 1161 68 48 La
249 1152 250 50 deuxième
539 1147 145 63 partie
724 1143 57 47 de
819 1140 44 47 la
1760 1136 179 49 Passion
2173 1133 106 48 selon
1623 1124 73 45 fut
1734 1116 232 51 exécutée
2005 1130 118 47 pour
2150 1112 43 47 la
2220 1125 228 48 première
2477 1107 87 46 fois

113 1234 33 40 la
177 1224 183 50 Société
402 1223 22 51 T
471 1220 28 49 S
547 1218 131 47 Bach
718 1214 41 47 le
795 1224 57 36 17
885 1225 137 31 mars.
1052 1205 93 48 Les
1183 1204 125 45 deux
1347 1208 217 39 concerts
1601 1194 62 47 où
1701 1191 87 48 elle
1828 1190 159 45 donna
2025 1195 125 37 cette
2189 1181 174 65 grande
2401 1194 163 30 œuvre

50 1258 201 99 larquent
276 1296 346 47 certainement
650 1288 114 45 dans
791 1280 275 49 l'évolution
1098 1277 55 46 de
1181 1275 44 46 la
1251 1269 184 52 Société
1461 1269 212 45 devenue
1700 1260 215 66 prospère
1944 1258 62 63 (et
2033 1257 146 58 riche,
2197 1271 53 28 ce
2277 1269 80 45 qui
2386 1267 57 28 ne
2462 1260 107 52 gâte

50 1322 86 108 ÏÏ
179 1373 138 47 Nous
360 1364 121 49 voici
522 1362 96 47 loin
665 1359 80 45 des
790 1355 167 47 débuts
1002 1349 249 57 modestes,
1291 1342 111 48 salle
1446 1341 55 46 de
1544 1337 204 47 l'Union
1808 1343 47 36 et
1900 1345 232 47 personne
2176 1324 103 63 plus
2316 1338 89 47 que
2451 1335 120 31 nous

50 1442 247 58 n'applaudit
322 1440 26 47 à
374 1456 54 30 ce
456 1434 157 63 rapide
638 1427 177 51 succès.
845 1425 131 48 Mais
1002 1422 31 47 il
1060 1439 60 29 ne
1141 1420 101 45 faut
1268 1432 79 46 pas
1371 1409 225 51 s'amollir
1624 1409 113 46 dans
1762 1404 66 47 les
1854 1402 171 47 delices
2062 1399 55 46 de
2159 1397 195 59 Capoue
2381 1404 46 35 et
2455 1407 119 30 nous

58 1519 221 44 mihaitons
304 1512 26 47 à
357 1510 58 48 M
466 1507 114 47 Bret
607 1503 57 47 de
691 1501 43 47 la
760 1495 200 52 fermeté
988 1495 114 45 dans
1126 1491 43 47 le
1209 1484 442 52 commandement.
1680 1478 94 47 Les
1811 1476 189 45 chœurs
2035 1482 107 35 sont
2169 1483 148 47 précis
2344 1477 45 33 et
2410 1481 75 47 jus
2510 1479 61 44 es,

49 1543 29 89 !
127 1603 17 31 t
194 1605 20 29 s
251 1580 212 52 nuancés
542 1577 66 46 les
646 1578 335 42 mouvements
1017 1576 108 37 sont
1163 1580 60 29 en
1263 1556 188 67 général
1491 1567 104 47 trop
1633 1550 137 47 lents.
1803 1545 208 50 Comme
2049 1540 177 47 solistes
2282 1554 53 29 ce
2375 1535 71 46 fut
2485 1545 91 33 très

52 1616 11 44 ?
61 1661 223 53 atisfaisant
341 1653 61 49 M
406 1656 53 21 me
497 1642 444 54 Altmann-Kuntz
979 1638 174 46 chanta
1188 1648 115 31 avec
1342 1630 244 56 beaucoup
1627 1623 55 47 de
1713 1618 136 66 style,
1878 1615 96 47 M"'
1978 1619 16 19 e
2023 1613 145 63 Mary
2197 1606 240 66 Mayrand
2465 1619 113 32 avec

94 1752 17 25 e
138 1730 113 47 belle
282 1727 108 46 voix
437 1722 71 48 Le
536 1718 135 47 ténor
699 1713 221 48 Baldzun
950 1709 114 46 dans
1089 1705 45 46 la
1159 1703 147 63 partie
1333 1696 187 50 difficile
1549 1695 62 46 du
1639 1691 202 47 récitant
1867 1698 47 34 et
1940 1684 65 47 les
2032 1684 124 46 deux
2185 1681 148 46 basses
2368 1675 139 49 Geist
2533 1685 49 34 et

52 1754 231 101 raterhaus
308 1797 160 46 furent
491 1792 262 66 justement
778 1779 257 69 applaudis.
1065 1777 76 48 En
1172 1774 109 58 mai,
1309 1787 122 30 nous
1454 1782 173 33 aurons
1649 1761 150 51 l'Ode
1832 1756 224 48 Funèbre
2094 1764 46 35 et
2178 1749 251 48 l'amusant
2470 1741 112 51 Défi

52 1881 35 45 le
108 1876 114 116 Ph^
227 1873 58 46 bU
270 1942 38 48 g
313 1959 28 28 o
395 1939 28 46 h
410 1865 25 49 d
440 1883 26 31 ®
461 1949 33 46 t)
496 1863 33 48 P
524 1954 8 26 1
532 1934 18 48 j
534 1881 26 28 a
585 1949 28 31 n
618 1860 47 120 f
666 1931 11 46 l
684 1929 10 20 .
702 1929 137 48 Echo
865 1926 55 46 de
923 1863 20 51 s
951 1848 195 134 Paris,'a
1172 1916 167 48 l'autre
1362 1914 107 63 jour
1494 1906 320 51 excellement
1840 1898 124 66 parlé
1992 1898 54 46 de
2076 1896 43 46 la
2145 1891 183 51 Société
2368 1886 219 51 Haendel

113 2020 7 11 ,
228 1982 10 9 *
317 2009 165 38 ifM
533 2006 34 41 ]?
581 2003 135 44 nupel
763 2000 63 47 Ils
852 2008 85 36 ont
965 1996 56 46 de
1059 1990 169 48 o-rands
1253 1986 231 48 éléments
1511 1982 55 46 de
1593 1977 178 60 succès,
1799 1987 62 49 et,
1889 1972 42 46 le
1959 1984 202 48 premier
2201 1966 54 45 de
2296 1976 119 46 tous,
2444 1961 44 45 la
2524 1959 63 45 foi

54 2020 262 122 !tuTœu
524 2079 102 45 fiiut
654 2074 122 48 donc
804 2015 152 104 suivre
984 2066 124 46 leurs
1134 2058 160 51 efforts
1319 2071 48 33 et
1393 2056 66 46 les
1484 2064 287 48 encourager
1799 2064 59 30 en
1898 2043 102 48 >eur
2038 2036 279 50 conseillant
2348 2031 244 48 d'étendre

63 2109 40 93 1
162 2158 220 44 domaine
420 2168 76 30 car
536 2165 62 31 on
640 2140 293 62 éprouverait
972 2135 205 64 quelque
1216 2127 220 51 lassitude
1474 2142 60 29 au
1572 2121 129 48 culte
1740 2131 105 47 trop
1884 2111 205 50 exclusif
2109 2109 55 46 de
2207 2103 232 51 Haendel.
2471 2102 46 45 A
2549 2099 43 47 la

54 2235 135 47 séance
217 2231 57 45 de
302 2241 124 32 mars
471 2238 119 31 nous
616 2220 162 44 eûmes
805 2213 63 47 du
898 2210 180 48 Maître
1105 2222 95 31 une
1228 2203 279 47 charmante
1533 2204 162 39 sonate
1723 2204 118 49 pour
1868 2187 126 47 deux
2020 2182 217 48 hautbois
2264 2189 47 36 et
2347 2178 161 44 basson
2547 2189 31 29 e

57 2307 25 46 la
114 2305 98 46 Fête
254 2295 315 52 d'Alexandre
608 2291 117 46 dont
769 2285 234 48 certaines
1046 2293 140 49 pages
1229 2286 86 35 ont
1357 2265 225 53 conservé
1628 2276 106 35 tous
1778 2260 101 47 leur
1925 2265 188 49 intérêt,
2156 2248 178 64 malgré
2375 2264 64 29 un
2521 2262 39 28 le

556 2450 96 30 une
680 2425 209 51 matinée
915 2424 56 47 de
1000 2418 195 61 charité,
1224 2413 185 49 donnée
1436 2427 108 30 sous
1569 2408 58 45 de
1654 2406 136 46 hauts
1816 2412 277 52 patronages
2119 2405 47 34 et
2181 2408 107 31 sous
2308 2389 41 47 la
2368 2386 230 47 direction

61 2521 38 45 de
124 2517 56 48 M
227 2513 175 47 Widor
449 2508 55 60 (Il
532 2525 30 43 y
591 2518 209 46 manqua
824 2497 267 49 seulement
1116 2489 166 50 l'habit
1309 2497 100 36 vert
1445 2483 63 47 du
1546 2493 220 33 nouveau
1806 2489 128 30 mem
1973 2486 47 28 re
2091 2484 24 29 e
2385 2461 30 61 )•
2570 2472 32 49 y

59 2521 333 123 tual'exquise
419 2582 120 48 suite
567 2574 313 50 d'Orchestre
908 2569 63 46 du
2300 2556 200 61 d'avril,
1400 2554 103 63 puis
1527 2569 66 29 un
1633 2549 207 47 Concerto
1881 2542 57 47 de
1974 2539 131 48 Bach
2138 2551 117 47 pour
2296 2549 138 45 piano
2479 2530 125 44 deux

62 2664 112 45 flûtes
199 2671 47 35 et
273 2657 254 48 orchestre.
556 2648 77 49 M.
665 2643 245 50 Delafosse
937 2654 119 32 nous
1083 2645 136 52 parut
1244 2649 31 47 y
1301 2644 129 33 avoir
1456 2641 66 31 un
1546 2625 81 63 jeu
1774 2631 115 32 mais
1917 2612 30 47 il
1968 2627 113 49 joua
2107 2624 161 30 mieux
2328 2622 30 28 u
2507 2617 26 45 p
2590 2635 14 24 ,

62 2752 48 30 un
136 2676 198 119 Alîegro
359 2726 58 46 de
443 2721 178 49 Widor
646 2732 48 33 et
720 2716 124 46 deux
872 2711 155 64 pièces
1052 2706 56 48 de
1134 2721 48 31 sa
1207 2699 333 63 composition.
1571 2688 104 54 M"'
1705 2688 206 49 Edw.na
1954 2691 257 38 —e
2256 2673 260 66 P*
2554 2666 55 55 «t

62 2800 216 66 apprécier
308 2813 92 30 une
420 2793 107 48 voix
547 2785 231 68 agréable,
809 2800 63 31 un
903 2782 233 46 immense
1162 2775 211 58 chapeau
1398 2780 46 35 et
1472 2782 63 31 un
1560 2775 194 35 enorme
1774 2754 256 49 manchon.
2056 2749 43 49 C
2119 2759 87 49 est,
2234 2762 48 31 m
2302 2759 153 31 assure
2594 2775 18 23 ,

118 2864 698 129 '""CTrVcomTer-
849 2942 66 31 ou
890 2869 48 30 m
1146 2914 105 66 près
1276 2940 71 10 -
1385 2925 115 33 avec
1538 2907 66 48 les
1642 2902 236 51 Concerts
1916 2892 312 53 d'Orchestre
2287 2886 28 49 il
2355 2886 100 46 faut
2493 2884 116 46 citer

67 3016 279 122 est
616 3021 93 122 r-

71 3232 142 47 violon
254 3229 56 47 de
351 3229 78 44 M.
472 3229 272 41 Chevillard
1671 3260 175 41 étaient
1873 3255 56 46 de
1958 3251 61 48 M
2067 3247 137 50 René
2232 3240 308 53 Lenormand
2574 3248 47 36 et

149 3308 17 22 e
195 3302 219 48 Suzanne
444 3294 230 48 Cesbron.
704 3287 221 60 Copieux
952 3292 315 52 programme.
1299 3270 94 48 Les
1417 3264 229 50 mélodies
1671 3267 175 40 étaient.
1873 3262 164 39 dM.
2067 3262 45 35 K
2372 3312 224 47 nieaan
2599 3336 21 8 _

72 3375 46 46 de
143 3372 254 49 musiciens
421 3378 263 50 anonymes
711 3372 202 49 persans,
952 3359 268 39 annamites
1258 3355 47 34 et
1343 3339 310 64 polynésien..
1915 3356 57 69 L
2004 3393 56 46 <le
2089 3387 151 51 Fauré

73 3445 93 47 dées
209 3462 52 29 ce
289 3439 145 56 qu'on
464 3434 134 48 n'eût
624 3429 239 65 peut-être
891 3440 79 47 pas
997 3421 81 47 fait
1105 3433 118 48 pour
1251 3415 78 46 des
1355 3408 143 50 heder
1526 3407 56 46 de
1609 3403 277 49 Schumann
1914 3412 63 29 ou
2004 3397 56 42 de
2089 3397 66 39 *a
2246 3424 10 10 .
2418 3449 204 46 nurand

73 3447 93 45 dCCS
170 3482 11 23 '
202 3515 94 48 Les
321 3511 112 60 cinq
462 3449 202 108 CuJ,
1347 3502 52 45 de
2434 3467 192 104 -Tur

744 3641 150 66 parler
920 3600 313 85 avec'intérêt
1259 3627 119 48 alors
1403 3641 91 46 que
1516 3635 119 33 nous
1661 3628 204 36 sommes
1892 3603 289 53 condamnés
2207 3600 25 47 à
2259 3614 154 32 moins
2449 3613 63 44 qu
2533 3609 96 31 une

2517 3692 30 51 7
