2695 4224
500 474 102 41 LES
637 463 238 52 DÉCORS
907 473 79 40 ET
1020 473 103 42 LES
1155 470 325 43 MACHINES
1513 469 79 41 DE
1626 456 260 54 L'OPÉRA

2004 469 48 40 81

322 619 166 43 habiles
510 620 170 42 artistes
701 619 108 43 dont
831 633 110 28 nous
961 631 165 27 venons
1146 617 51 41 de
1217 616 140 56 parler
1376 614 175 43 avaient
1569 614 91 40 créé
1679 612 71 42 des
1772 612 185 41 modèles
1979 625 85 41 que

319 692 89 41 l'on
427 708 45 28 se
492 694 171 42 bornait
685 697 23 37 à
724 691 253 56 reproduire
997 704 102 26 avec
1121 689 209 54 quelques
1355 685 322 44 modifications
1698 685 253 42 nécessitées
1985 697 79 42 par

320 767 61 41 les
403 767 225 55 exigences
648 767 52 41 de
719 766 56 41 tel
795 779 58 26 ou
873 764 53 41 tel
950 766 164 50 poème.
1140 765 40 37 A
1201 769 109 33 cette
1325 762 182 54 époque,
1529 760 60 40 les
1608 760 148 42 décors
1776 767 40 33 et
1838 758 60 42 les
1914 766 124 33 costu-

322 854 89 28 mes
430 840 213 40 servaient
671 838 260 53 longtemps.
961 835 34 40 Il
1025 833 107 41 était
1152 846 93 27 rare
1265 845 85 42 que
1363 832 86 39 l'on
1472 832 50 41 fît
1545 845 109 40 pour
1695 846 62 27 un
1775 844 188 41 ouvrage
1992 831 72 40 des

320 913 148 42 décors
489 912 336 55 complètement
859 908 137 42 neufs.
1030 907 74 41 On
1124 920 44 26 se
1192 903 242 43 contentait
1453 913 186 32 souvent
1665 904 52 41 de
1745 906 224 39 combiner
1988 904 74 41 des

319 987 192 55 temples,
536 986 73 40 des
629 984 159 51 arbres,
812 982 72 41 des
901 981 134 56 palais
1056 987 286 48 appartenant
1363 982 23 36 à
1409 977 221 41 différents
1650 977 164 53 opéras.
1858 977 60 41 La
1942 977 98 53 plan-

322 1059 138 42 tation
482 1058 104 42 était
605 1057 197 54 toujours
835 1056 39 40 la
903 1057 162 38 même:
1098 1054 42 41 la
1171 1051 266 57 perspective
1467 1051 196 53 toujours
1698 1049 115 55 prise
1841 1049 59 41 du
1926 1051 140 38 même

320 1133 144 56 point,
491 1132 108 42 mais
633 1132 166 40 bientôt
820 1131 72 39 des
920 1128 282 42 innovations
1230 1124 171 42 hardies
1438 1123 201 42 devaient
1656 1137 42 27 se
1730 1123 206 55 produire
1954 1129 40 33 et
2015 1122 51 40 de

320 1207 157 54 grands
500 1208 173 53 progrès
698 1203 200 42 devaient
920 1204 88 40 être
1028 1200 169 42 réalisés
1220 1199 109 41 dans
1350 1199 97 39 l'art
1467 1198 59 40 du
1549 1198 266 40 décorateur.

1171 1367 47 41 II

378 1504 66 41 En
471 1503 129 56 1726,
623 1513 86 31 une
736 1500 71 41 des
837 1498 271 42 décorations
1140 1497 53 39 de
1708 1493 69 42 fut
1811 1493 145 54 peinte
1990 1507 75 42 par

324 1577 283 43 Servandoni.

379 1651 37 41 il
449 1650 108 42 n'est
590 1663 73 42 pas
696 1648 164 40 certain
894 1659 84 42 que
1013 1643 270 43 Servandoni
1315 1641 84 42 soit
1433 1643 54 40 né
1519 1644 24 38 à
1578 1640 218 51 Florence,
1828 1653 167 29 comme
2026 1640 39 42 le

327 1723 143 42 disent
508 1735 63 28 ses
606 1720 269 55 biographes.
916 1718 37 41 Il
987 1731 43 27 se
1062 1715 198 57 pourrait
1288 1716 140 40 même
1454 1712 111 56 qu'il
1594 1726 54 28 ne
1681 1712 66 42 fût
1777 1726 74 42 pas
1893 1712 169 42 Italien.

327 1796 179 55 D'après
529 1794 218 51 Mariette,
770 1805 76 28 son
880 1795 98 52 père
1006 1790 144 41 aurait
1176 1790 65 41 été
1274 1803 61 26 un
1368 1787 155 54 simple
1547 1786 196 42 voiturin
1776 1786 51 41 de
1856 1800 105 27 ceux
1987 1786 78 55 qui

324 1867 304 42 conduisaient
648 1867 58 40 les
728 1865 191 40 voitures
939 1865 51 39 de
1011 1862 125 55 Lyon
1153 1876 54 27 en
1223 1861 137 42 Italie.
1381 1860 176 54 D'après
1574 1874 85 26 une
1673 1858 143 42 notice
1838 1860 227 40 consacrée

325 1947 22 36 à
370 1940 334 52 d'Hannetaire,
727 1938 108 41 dans
854 1938 40 41 la
1536 1936 140 56 Biographie
1677 1946 69 28 son
1747 1932 184 42 véritable
1960 1946 104 28 nom

325 2013 144 42 aurait
492 2013 65 41 été
576 2010 313 43 Jean-Nicolas
911 2010 258 40 Sewandon.
1202 2006 260 42 Différentes
1484 2015 122 31 notes
1630 2005 195 55 publiées
1846 2008 24 37 à
1888 2019 45 27 ce
1954 2005 110 54 sujet

324 2090 107 39 dans
585 2085 372 44 Xlntermédiaire
1401 2085 78 39 des
1625 2083 263 41 chercheurs
1914 2088 41 35 et
1976 2081 75 40 des
2072 2079 1 55 c
1642 2079 39 55 (i
1689 2086 32 21 re
1741 2081 154 39 année.
1936 2081 127 52 1864.

327 2176 40 41 p.
390 2175 69 29 21.
491 2161 96 40 182.
609 2156 100 57 229)
734 2158 122 41 n'ont
875 2157 178 55 produit
1071 2168 171 28 aucune
1259 2167 159 42 preuve
1434 2153 193 55 positive,
1646 2161 42 33 et
1708 2153 41 41 la
1769 2153 205 53 question
1994 2156 69 38 n'a

325 2247 74 42 pas
414 2233 64 40 été
499 2232 183 41 résolue.

380 2306 60 41 Ce
469 2304 77 55 qui
582 2304 108 41 n'est
722 2316 73 43 pas
823 2303 221 51 douteux,
1079 2299 100 42 c'est
1208 2313 86 41 que
1324 2298 269 43 Servandoni
1683 2298 66 41 été
1773 2311 61 28 un
1867 2298 73 41 des
1968 2298 96 55 plus

324 2378 321 55 remarquables
667 2378 169 41 artistes
856 2377 78 54 qui
952 2375 118 41 aient
1085 2374 228 42 contribué
1334 2377 23 38 à
1378 2373 139 40 l'éclat
1531 2372 50 41 de
1602 2372 40 41 la
1663 2372 110 40 mise
1799 2384 53 28 en
1870 2375 122 37 scène
2012 2372 52 40 de

327 2455 172 54 l'opéra.
527 2453 35 40 Il
583 2452 104 40 était
710 2452 116 40 élève
845 2450 51 41 de
912 2448 243 42 Jean-Paul
1180 2446 174 53 Panini,
1382 2446 169 54 peintre
1580 2458 238 41 parmesan.
1843 2448 149 38 Avant
2012 2445 52 40 de

329 2525 191 42 s'établir
540 2538 53 28 en
618 2524 179 51 France,
821 2535 92 28 vers
943 2534 124 42 1724,
1090 2518 268 43 Servandoni
1388 2518 119 40 avait
1538 2518 225 53 beaucoup
1795 2516 194 42 travaillé
2011 2532 53 26 en

333 2599 121 42 Italie
474 2607 42 33 et
531 2612 54 26 en
605 2596 269 55 Angleterre.
899 2594 36 42 Il
955 2603 117 33 avait
1094 2593 126 40 laissé
1240 2596 24 36 à
1283 2590 177 56 l'Opéra
1481 2590 50 41 de
1556 2590 192 41 Londres
1773 2598 90 47 sept
1884 2590 156 41 décora-

327 2674 118 39 tions
460 2673 51 39 de
534 2684 43 27 sa
592 2670 135 41 main.
750 2667 180 54 Jamais,
950 2675 131 32 avant
1100 2666 78 51 lai,
1204 2664 209 42 l'illusion
1429 2662 163 41 n'avait
1607 2664 66 39 été
1694 2662 119 41 aussi
1829 2664 210 53 complète
2053 2678 10 34 ;

332 2746 189 55 l'emploi
543 2745 72 41 des
637 2744 219 48 lumières,
882 2744 203 42 l'entente
1101 2741 52 40 de
1174 2740 39 41 la
1233 2737 262 57 perspective
1508 2737 128 41 firent
1648 2739 186 53 paraître
1855 2737 212 41 immense

325 2821 40 41 la
386 2822 125 39 scène
531 2819 51 42 de
605 2819 188 54 l'Opéra,
818 2816 78 55 qui
920 2816 147 41 n'était
1087 2815 45 40 ni
1157 2815 116 52 large
1291 2812 44 41 ni
1358 2812 220 56 profonde.
1607 2812 58 40 Le
1682 2811 212 42 Mercure
1910 2811 135 42 d'octo-

329 2895 74 39 bre
431 2894 108 54 1726
563 2891 135 42 décrit
713 2892 286 51 longuement
1021 2891 40 38 la
1077 2886 250 42 décoration
1350 2886 57 41 du
1430 2886 158 41 Palais
1607 2885 53 40 de
1681 2885 148 42 Ninus
1858 2887 40 50 (i
1908 2891 29 17 er
1968 2892 100 35 acte

328 2967 53 41 de
411 2967 201 54 Pyrame
638 2971 40 34 et
706 2963 192 52 Thisbé),
922 2962 319 41 l'architecture
1263 2960 117 40 seule
1396 2958 114 41 avait
1529 2960 65 39 été
1616 2958 147 40 traitée
1785 2971 77 41 par
1884 2958 158 41 Servan-

325 3041 125 48 doni;
488 3040 57 40 les
573 3040 158 53 figures
766 3038 161 42 étaient
957 3036 52 40 de
1038 3036 217 51 Dumont,
1296 3033 166 55 peintre
1496 3031 183 49 français
1717 3031 51 40 de
1808 3031 262 42 l'Académie

328 3113 143 55 royale
493 3113 50 40 de
560 3112 214 55 peinture.
803 3111 222 53 En-1727,
1777 3107 271 53 Proserpine
1340 3106 65 39 fut
1425 3104 169 40 donnée
1613 3117 99 27 avec
1731 3104 70 40 des
1823 3104 147 40 décors
1990 3104 78 55 qui

329 3184 271 42 n'obtinrent
614 3197 73 41 pas
705 3183 145 41 moins
870 3181 51 41 de
944 3183 159 39 succès.
1122 3183 72 37 Au
1211 3177 250 54 cinquième
1480 3184 108 44 acte,
1606 3189 55 27 on
1679 3175 149 55 voyait
1851 3189 61 27 un
1929 3177 141 40 désert

328 3272 100 28 avec
458 3258 72 41 des
554 3257 151 40 roches
727 3264 39 32 et
781 3255 71 41 des
875 3264 143 32 troncs
1038 3253 190 41 d'arbres
1250 3259 121 33 entre
1386 3250 187 54 lesquels
1598 3263 60 27 un
1681 3257 166 33 torrent
1870 3263 40 27 se
1935 3249 112 55 préci-

328 3330 127 58 pitait
477 3343 100 28 avec
600 3328 180 56 rapidité
807 3328 132 39 d'une
973 3327 189 40 hauteur
1185 3324 54 41 de
1259 3323 126 54 vingt
1413 3323 134 54 pieds.
1583 3323 62 39 La
1673 3322 128 40 chute
1821 3322 124 40 d'eau
1968 3320 104 42 était

329 3405 146 41 imitée
511 3417 75 42 par
615 3402 218 55 plusieurs
866 3413 125 41 gazes
1023 3399 195 53 d'argent
1246 3395 78 56 qui
1354 3395 231 42 formaient
1625 3395 40 40 la
1703 3394 187 52 cascade,
1928 3407 75 40 par
2035 3394 38 39 le

331 3490 157 41 moyen
508 3476 52 42 de
581 3475 113 42 deux
715 3487 125 29 roues
863 3474 50 41 de
934 3473 137 42 douze
1091 3471 118 55 pieds
1242 3470 51 41 de
1326 3469 210 42 diamètre
1557 3466 193 42 chacune
1771 3479 9 38 ;
1816 3465 37 41 le
1889 3479 181 27 mouve*

527 3549 60 42 11.

1858 3540 25 39 6
