2695 4224
1388 712 348 69 VARIA

903 854 430 60 Correspondance.
1334 854 5 60 —
2030 854 28 60 Faits
2064 854 39 60 divers.
2109 854 5 60 —
2120 854 55 60 Nouvelles.

1130 1108 851 60 CORRESPONDANCE

956 1232 206 37 Monsieur
1183 1232 36 35 le
1242 1232 215 44 directeur,

1116 1329 24 23 A
1159 1317 151 35 lecture
1324 1317 47 34 de
1386 1315 269 35 l'intéressant
1677 1313 137 35 article
1837 1312 188 36 consacré
2048 1324 69 36 par
2138 1314 54 34 M.
2217 1312 75 37 Ch.
2314 1314 90 36 Nuit-

1113 1383 61 28 ter
1196 1388 76 23 aux
1305 1377 133 34 succès
1476 1374 46 35 de
1546 1373 184 36 madame
1759 1373 137 49 Angot
1915 1373 160 48 (mère),
2111 1373 75 35 m'a
2223 1373 121 36 remis
2372 1384 48 25 en

1116 1434 194 36 mémoire
1326 1446 55 23 un
1395 1434 160 48 couplet
1588 1434 198 47 politique
1811 1434 101 34 dont
1935 1431 166 50 j'ignore
2119 1432 59 36 s'il
2209 1434 124 35 existe
2355 1434 68 34 des

1113 1496 123 35 frères
1258 1502 38 29 et
1317 1506 77 35 que
1416 1493 33 49 je
1473 1494 102 36 crois
1602 1493 140 47 inédit,
1766 1505 52 24 ou
1840 1505 77 37 peu
1937 1493 81 36 s'en
2043 1493 95 36 faut.
2166 1493 115 37 Voici
2311 1505 84 24 com-

1115 1562 111 30 ment
1247 1555 34 47 je
1300 1555 63 35 l'ai
1384 1555 177 35 entendu
1582 1553 168 37 chanter
1767 1566 70 36 par
1852 1566 96 24 mon
1968 1554 251 48 grand-père,
2239 1562 156 28 contem-

1115 1615 139 49 porain
1275 1614 54 36 du
1352 1618 136 33 succès
1508 1615 48 36 de
1577 1615 192 36 Madame
1789 1614 141 51 Angot
1943 1627 50 24 au
2014 1615 126 36 sérail
2157 1616 47 35 de
2224 1615 172 37 Constan-

1112 1675 147 49 tinople
1286 1674 141 50 (i8o3),
1461 1675 280 37 bouffonnerie
1762 1675 173 49 inspirée
1957 1678 21 33 à
2005 1675 115 36 Aude
2140 1688 70 36 par
2232 1675 194 37 Madame

685 1734 131 51 Angot
836 1736 228 49 (première,
1092 1736 124 48 1796).

737 1796 60 36 Né
819 1808 50 24 en
894 1797 108 48 1760,
1026 1804 106 28 mort
1160 1808 49 24 en
1237 1795 109 48 1815,
1369 1795 391 37 Facteur-directeur
1783 1795 145 36 Corsse
1949 1795 51 46 (le
2021 1795 242 49 grand-père
2289 1795 54 36 du
2363 1796 40 36 té-

686 1868 75 24 nor
784 1857 158 48 Roger),
965 1858 93 48 prit,
1082 1869 50 24 en
1159 1856 114 47 1800,
1293 1856 38 35 la
1351 1856 197 36 direction
1568 1856 53 35 du
1637 1856 155 36 théâtre
1820 1856 47 35 de
1889 1855 442 48 FAmbigu-Comique,
2354 1868 46 23 an-

687 1917 141 36 cienne
847 1921 117 33 scène
981 1917 206 47 Audinot;
1218 1917 36 35 la
1280 1928 130 36 vogue
1435 1916 317 37 extraordinaire
1786 1915 216 49 qu'obtint,
2025 1927 49 25 en
2101 1916 112 47 iBo3,
2231 1928 67 24 sur
2318 1924 103 28 cette

691 1979 118 34 scène
830 1978 191 36 Madame
1047 1978 140 48 Angot
1200 1989 51 24 au
1271 1976 123 37 sérail
1398 2005 8 16 ,
1430 1983 37 29 et
1488 1976 36 36 le
1543 1977 125 36 talent
1682 1988 94 26 avec
1796 1976 132 48 lequel
1949 1977 143 35 Corsse
2115 1976 208 48 remplitle
2340 1976 84 36 rôle

690 2037 48 35 de
764 2037 318 49 Fex-poissarde,
1107 2039 130 35 releva
1256 2037 35 35 la
1310 2037 161 36 fortune
1491 2037 47 36 de
1561 2049 73 24 son
1656 2037 167 47 théâtre,
1842 2036 68 48 qui
1926 2037 159 46 parvint
2097 2039 22 33 à
2137 2048 78 24 une
2230 2035 190 37 brillante

685 2098 223 47 prospérité
930 2099 98 35 dont
1046 2098 27 36 il
1094 2098 103 36 avait
1218 2096 264 49 grandement
1500 2096 151 39 besoin.

740 2158 107 36 C'est
868 2161 21 33 à
912 2166 90 29 tout
1032 2159 83 36 cela
1134 2169 77 37 que
1233 2157 71 36 fait
1333 2157 176 36 allusion
1529 2157 37 35 le
1597 2156 160 48 couplet
1780 2156 158 36 suivant
1958 2162 38 30 et
2015 2156 107 36 aussi
2150 2155 81 39 àla
2260 2155 163 38 bataille

686 2218 49 35 de
759 2219 191 48 Marengo
972 2220 148 47 gagnée
1138 2231 48 24 en
1212 2218 95 36 1800
1323 2230 69 36 par
1413 2218 240 47 Bonaparte,
1670 2217 70 48 qui
1760 2216 202 49 préludait
1980 2219 21 33 à
2020 2224 102 29 cette
2145 2216 101 38 série
2268 2216 48 37 de
2337 2217 65 36 vic-

685 2277 124 37 toires
831 2279 210 36 ruineuses
1060 2291 78 36 que
1157 2279 193 36 continua
1372 2278 208 48 l'Empire.

734 2339 76 35 Sur
831 2339 35 36 le
889 2340 146 36 timbre
1058 2340 173 47 quelque
1248 2350 77 37 peu
1348 2338 295 48 mélancolique
1672 2345 38 29 et
1726 2339 130 35 même
1875 2350 54 24 un
1948 2338 90 36 brin
2059 2338 182 35 solennel
2257 2352 7 21 :
2302 2339 100 35 Trou-

685 2409 232 26 verez-vous
937 2412 49 23 un
1011 2400 233 37 Parlement
1249 2429 7 17 ,
1285 2398 105 37 voici
1413 2399 36 35 le
1470 2406 106 28 texte
1600 2399 53 35 du
1685 2399 163 47 couplet
1870 2398 194 48 politique
2086 2398 184 36 annoncé
2292 2406 38 28 et
2353 2399 69 47 qui

684 2467 215 40 apparente
922 2461 29 35 si
975 2460 229 36 hardiment
1226 2461 164 35 l'acteur
1411 2460 144 35 Corsse
1578 2460 82 47 (sic)
1686 2467 37 28 et
1745 2460 35 35 le
1802 2460 159 48 général
1993 2460 225 47 Bonaparte
2235 2469 7 24 :

1192 2527 52 32 Le
1263 2526 131 33 Corsse
1415 2526 43 31 de
1479 2525 176 32 Madame
1672 2526 31 31 A
1713 2533 88 35 ngot

1194 2576 69 31 Est
1286 2575 101 31 d'une
1405 2575 77 31 bien
1505 2573 135 33 chétive
1661 2575 124 31 éeorce
1798 2586 13 30 ;

1197 2622 102 32 Mais
1321 2622 31 31 le
1373 2622 111 31 Corse
1500 2622 43 31 de
1564 2622 186 43 Marengo

1197 2670 69 31 Est
1284 2669 102 32 d'une
1408 2669 77 32 bien
1501 2669 85 41 plus
1610 2670 88 32 dure
1719 2669 125 32 éeorce
1860 2680 9 20 :

1195 2718 90 31 L'un
1306 2726 87 23 nous
1416 2716 174 33 demande
1611 2727 43 21 un
1670 2727 71 32 peu
1759 2717 168 42 d'argent

1195 2766 103 31 Pour
1308 2764 105 42 faire
1434 2764 93 32 aller
1548 2775 40 21 sa
1609 2765 171 40 comédie,

1194 2813 50 31 Et
1266 2812 126 31 Vautre
1412 2821 98 22 verse
1528 2816 104 28 notre
1653 2822 94 33 sang

1195 2861 103 31 Pour
1315 2860 172 32 terminer
1506 2870 40 21 sa
1567 2860 178 43 tragédie.

881 2931 179 37 Veuillez
1075 2931 150 48 agréer,
1248 2938 73 30 etc.

1779 2980 63 37 Ch.
1877 2980 277 49 Barthélémy.

733 3063 48 37 P.
805 3064 42 36 S.
875 3064 77 36 Des
974 3064 174 37 diverses
1167 3065 194 35 Madame
1381 3065 134 49 Angot
1521 3095 7 13 ,
1552 3076 52 24 011
1620 3076 48 24 ne
1686 3062 165 50 signale,
1869 3076 88 24 vers
1980 3064 21 38 i
2001 3064 88 38 855,
2107 3076 78 36 que
2207 3064 35 36 la
2267 3065 151 47 reprise

686 3134 109 25 assez
827 3123 187 37 brillante
1049 3137 50 23 au
1132 3124 155 37 théâtre
1312 3125 47 36 de
1381 3125 37 35 la
1451 3124 113 37 Gaîté
1594 3126 48 35 de
1681 3124 194 36 Madame
1900 3125 151 48 Angot,
2085 3136 48 25 ou
2155 3124 37 36 la
2208 3124 217 49 poissarde

684 3195 203 37 parvenue
912 3184 10 47 (
934 3197 9 22 r
953 3185 101 47 796);
1079 3185 36 36 le
1144 3188 136 33 succès
1308 3185 45 35 fit
1377 3196 73 24 son
1466 3192 93 29 tour
1583 3185 47 35 de
1653 3184 198 43 banlieue,
1873 3184 110 36 voire
2012 3184 48 36 de
2089 3184 167 38 France.
2279 3184 145 36 C'était

687 3244 145 35 Paulin
869 3245 157 36 Menier
1061 3245 68 48 qui
1152 3244 125 48 jouait
1296 3244 35 36 le
1353 3244 84 37 rôle
1458 3246 47 35 de
1529 3245 37 36 la
1583 3244 219 50 poissarde,
1825 3252 40 29 et
1883 3244 184 37 Colbrun
2087 3244 96 37 était
2201 3245 80 36 fort
2298 3244 115 37 drôle

685 3315 93 25 sous
799 3304 57 36 les
875 3305 111 35 traits
1007 3305 47 35 de
1075 3305 180 37 Nicolas.

734 3365 192 36 Madame
942 3366 136 48 Angot
1096 3377 52 24 au
1164 3365 123 36 sérail
1308 3373 82 40 eut,
1411 3367 97 36 dans
1531 3378 41 25 sa
1593 3366 227 37 nouveauté
1846 3365 149 48 (i8o3),
2020 3366 105 36 deux
2148 3373 111 28 cents
2281 3365 114 47 repré-

686 3426 221 35 sentations
929 3426 257 35 successives.

2107 3425 46 36 C.
2177 3426 49 34 B.
