2695 4224
482 1946 160 69 LES
702 1928 539 87 THÉATRES
1314 1946 515 88 LYRIQUES

872 2120 104 56 EN
1035 2120 404 56 SONNETS

721 2441 101 40 OICI,
845 2441 90 27 mes
961 2429 118 40 chers
1100 2429 182 41 lecteurs
1314 2437 40 33 et
1390 2442 87 27 mes
1510 2430 203 40 aimables
1746 2430 205 53 lectrices,
1988 2430 37 41 le

722 2518 199 54 précieux
961 2519 157 40 cadeau
1140 2533 84 40 que
1255 2533 108 27 vous
1401 2519 153 42 offrent
1577 2521 115 40 MM.
1716 2520 226 42 Théodore
1976 2522 51 40 de

726 2609 212 53 Banville,
968 2612 164 37 Arsène
1166 2609 244 55 Houssaye,
1444 2611 160 40 Xavier
1637 2612 213 53 Aubryet,
1874 2611 153 41 Albert

725 2699 201 53 Millaud,
952 2699 176 41 Charles
1162 2700 128 41 Joliet
1317 2708 40 33 et
1378 2700 176 42 Charles
1577 2702 231 52 Monselet,
1831 2702 69 40 des
1923 2703 81 39 maî-

724 2801 85 30 tres
830 2805 53 26 en
905 2792 97 39 l'art
1022 2792 50 39 de
1093 2792 188 39 modeler
1303 2792 38 39 le
1361 2806 108 25 vers.

344 2886 113 42 C'est
480 2900 84 27 une
586 2883 244 43 fraternelle
851 2883 196 40 accolade
1070 2883 51 40 de
1141 2883 40 40 la
1212 2883 203 54 musique
1437 2892 39 32 et
1497 2884 50 40 de
1568 2884 40 40 la
1630 2883 140 55 poésie
1794 2899 8 26 :

346 2978 52 41 Et
420 2977 50 40 de
492 2977 113 54 plus,
630 2989 62 27 un
724 2973 276 54 témoignage
1032 2974 52 40 de
1110 2974 245 53 sympathie
1390 2978 22 37 à
1445 2977 44 38 la
1526 2975 250 54 Chronique
1804 2975 224 51 musicale,

289 3067 144 39 donné
455 3078 101 28 avec
578 3072 96 33 tant
694 3064 50 39 de
772 3064 124 53 grâce
924 3070 39 32 et
984 3062 51 40 de
1056 3061 404 43 désintéressement
1480 3077 84 41 que
1589 3065 36 54 je
1647 3078 52 27 ne
1720 3064 84 40 sais
1834 3078 51 26 en
1913 3064 120 54 quels

290 3166 157 32 termes
468 3154 226 42 remercier
717 3168 78 27 nos
819 3153 351 42 collaborateurs.

343 3248 50 41 Je
415 3247 110 41 crois
548 3247 146 40 mieux
729 3246 104 41 faire
855 3259 53 28 en
932 3259 53 28 ne
1006 3246 220 42 retardant
1247 3259 75 42 pas
1344 3247 40 41 la
1405 3247 190 55 surprise
1617 3255 41 34 et
1679 3249 38 41 le
1739 3248 148 56 plaisir

290 3349 78 33 ont
389 3340 137 41 voulu
548 3353 109 26 vous
679 3352 160 30 causer.

1662 3429 52 37 A.
1755 3427 58 39 H.
