2695 4224
1035 423 335 50 QUINAULT

2024 431 51 38 63

672 569 104 47 Quoi
794 572 22 35 ?
837 571 84 50 cinq
943 579 105 30 actes
1068 573 141 37 devant
1230 574 176 47 notaire,

671 638 110 36 Pour
796 638 84 50 cinq
889 639 112 49 filles
1022 640 91 49 qu'il
1117 642 99 48 faut
1231 641 187 49 pourvoir
1433 642 14 36 !

675 704 33 38 O
727 704 73 37 ciel
815 708 14 33 !
842 713 167 42 peut-on
1019 707 155 48 jamais
1188 708 111 36 avoir

676 772 131 49 Opéra
824 774 91 49 plus
935 773 175 43 fâcheux
1129 777 23 33 à
1162 775 117 49 faire
1299 777 21 34 ?

389 881 118 49 Quoi
540 881 130 53 qu'en
701 882 59 40 ait
793 882 64 40 dit
889 896 45 27 ce
963 884 98 53 père
1091 884 275 51 embarrassé,
1393 885 30 40 il
1444 885 50 40 fit
1515 888 179 51 épouser
1721 903 78 26 son
1820 892 121 39 aînée
1971 897 24 35 à
2017 906 61 26 un

336 965 140 28 neveu
499 953 58 40 du
581 953 167 54 peintre
774 955 195 55 Lebrun,
991 964 42 33 et
1055 970 43 27 sa
1119 957 163 41 cadette
1304 962 23 36 à
1357 957 63 41 M.
1451 958 207 55 Gaillard,
1684 962 75 52 qui
1780 965 204 52 occupait
2017 979 60 26 un

333 1033 118 47 poste
471 1026 117 40 élevé
609 1026 108 42 dans
737 1028 41 40 la
801 1028 317 54 magistrature.

384 1204 139 53 Après
540 1203 184 42 Armide
730 1238 8 18 ,
765 1204 221 50 Quinault
1009 1220 40 26 se
1070 1206 172 41 confina
1264 1207 109 40 dans
1395 1207 59 41 les
1479 1209 222 54 pratiques
1723 1209 52 41 de
1796 1210 39 41 la
1858 1210 219 43 dévotion.

334 1274 35 41 Il
402 1284 182 32 mourut
618 1275 39 41 le
687 1277 53 40 26
776 1278 234 40 novembre
1052 1279 125 50 1688,
1202 1278 180 42 laissant
1414 1280 41 41 la
1486 1282 248 53 réputation
1765 1282 107 42 d'un
1903 1283 175 42 homme

330 1348 141 40 adroit
516 1355 39 35 et
595 1349 199 44 sensible.
849 1351 74 40 Un
967 1351 191 55 distique
1192 1353 50 39 de
1285 1352 180 42 Boileau
1507 1368 22 26 a
1567 1354 109 41 failli
1724 1357 209 40 ensevelir
1973 1358 107 40 dans

330 1421 155 41 l'oubli
523 1423 39 40 le
596 1423 178 42 chantre
804 1425 26 39 d
835 1424 198 42 'Armide
1067 1434 40 31 et
1139 1426 188 55 d'Atjrs;
1358 1428 333 43 heureusement
1717 1444 85 41 que
1836 1432 61 39 La
1932 1433 149 54 Harpe

332 1504 40 32 et
393 1495 191 42 Voltaire
606 1506 96 32 sont
720 1510 139 28 venus
881 1498 195 41 infirmer
1094 1499 38 41 le
1148 1499 223 54 jugement
1391 1501 60 41 du
1475 1503 225 54 satirique.

389 1569 35 39 Il
447 1569 107 41 n'est
574 1570 125 54 point
718 1571 90 40 vrai
831 1571 50 40 de
903 1572 92 40 dire
1017 1586 82 41 que
1127 1573 60 41 les
1218 1576 150 52 opéras
1384 1576 51 40 de
1465 1576 221 49 Quinault
1706 1578 139 40 soient
1864 1579 71 40 des
1959 1579 120 40 lieux

337 1654 221 29 communs
570 1658 7 36 ;
602 1643 274 55 l'expression
911 1644 51 40 de
995 1645 170 40 morale
1200 1645 200 55 lubrique
1429 1655 62 32 est
1521 1649 115 39 aussi
1663 1649 195 54 déplacée
1879 1651 175 54 qu'indé-

338 1723 135 32 cente.
501 1715 36 40 Il
567 1715 109 41 n'est
697 1730 74 40 pas
793 1724 121 33 exact
936 1731 88 26 non
1052 1718 96 53 plus
1172 1732 85 40 que
1282 1719 118 41 Lulli
1432 1721 60 40 ait
1519 1722 230 55 réchauffé
1781 1723 58 40 les
1870 1737 209 41 ouvrages

334 1787 50 40 de
406 1801 78 27 son
508 1788 341 51 collaborateur;
875 1790 101 40 c'est
996 1791 145 53 plutôt
1167 1792 38 39 le
1235 1793 213 39 contraire
1471 1793 78 54 qui
1578 1794 127 42 serait
1726 1795 40 39 la
1788 1796 149 41 vérité.
1965 1797 83 49 Qui-

332 1861 125 40 nault
476 1875 23 26 a
525 1875 53 26 en
601 1871 176 46 partage
797 1863 38 39 le
857 1870 100 33 tour
979 1865 244 40 nombreux
1242 1873 40 32 et
1300 1865 228 54 l'élégance
1548 1866 128 40 innée
1693 1880 9 39 ;
1726 1880 66 26 ces
1816 1869 207 52 qualités,
2047 1868 30 41 il

331 1934 60 40 les
410 1948 24 26 a
454 1936 246 38 conservées
722 1949 53 26 en
796 1936 117 54 dépit
940 1936 72 40 des
1042 1945 202 45 outrages
1265 1938 58 40 du
1348 1946 153 46 temps.
1527 1939 68 40 Ne
1616 1940 38 39 le
1675 1953 254 41 comparons
1952 1946 22 35 à
1995 1955 51 28 au-

330 2021 86 27 cun
449 2008 71 39 des
553 2018 176 31 auteurs
752 2010 247 51 modernes;
1023 2011 62 40 M.
1122 2011 190 41 Viennet
1339 2026 22 26 a
1381 2011 95 54 plus
1499 2012 122 40 imité
1645 2013 61 40 La
1741 2014 218 40 Fontaine
1986 2029 85 40 que

332 2080 62 40 M.
419 2080 49 40 de
496 2080 336 56 Saint-Georges
857 2082 68 40 n'a
947 2083 209 39 continué
1178 2083 233 49 Quinault.
1439 2084 80 40 Les
1541 2085 246 41 conditions
1809 2086 51 40 de
1880 2087 96 41 l'art
1998 2096 77 33 ont

330 2153 190 53 changé;
546 2154 124 52 mais,
696 2155 106 40 dans
824 2170 44 26 sa
896 2155 217 55 spécialité
1136 2157 212 53 curieuse,
1374 2158 38 39 le
1440 2158 64 41 fils
1526 2158 58 41 du
1613 2160 240 53 boulanger
1873 2169 63 32 est
1962 2163 111 40 resté

331 2226 260 54 inimitable,
628 2242 167 27 comme
830 2229 299 41 Saint-Simon
1164 2231 108 40 dans
1306 2245 63 26 ses
1405 2232 246 51 Mémoires,
1682 2247 168 27 comme
1888 2234 184 42 Bossuet

329 2298 107 41 dans
463 2314 62 26 ses
551 2300 209 41 Oraisons
783 2301 215 55 funèbres,
1022 2317 169 27 comme
1216 2304 247 55 Despréaux
1482 2305 108 40 dans
1613 2319 77 26 son
1713 2307 176 51 Lutrin,
1907 2321 169 27 comme

331 2369 213 56 Béranger
577 2373 105 41 dans
715 2387 62 27 ses
812 2374 244 43 Chansons.
1085 2376 35 39 Il
1150 2390 29 39 y
1211 2390 22 26 a
1268 2376 71 40 des
1373 2376 146 53 génies
1541 2378 77 53 qui
1645 2392 52 26 ne
1719 2378 92 40 font
1839 2392 74 40 pas
1935 2380 137 50 école;

330 2457 112 41 pour
470 2447 281 53 comprendre
781 2449 40 38 le
846 2447 154 41 mérite
1026 2448 52 40 de
1108 2448 221 50 Quinault
1361 2449 31 39 il
1421 2448 93 41 faut
1538 2449 125 41 relire
1686 2450 264 41 Marmontel
1978 2459 40 32 et
2040 2453 38 39 le

330 2517 120 42 bailli
471 2519 59 41 du
555 2520 139 41 Rolet.

1224 2614 264 42 DANIEL
1541 2615 363 44 BERNARD.
