2695 4224
1162 441 74 40 LA
1268 441 377 51 CHRONIQUE
1680 448 312 44 MUSICALE

688 450 56 41 70

689 590 198 52 déborde,
912 591 39 40 la
974 593 174 51 rêverie,
1172 593 40 38 la
1234 592 269 55 mélancolie,
1522 596 38 39 la
1585 597 208 53 fantaisie,
1813 607 99 34 tous
1927 603 56 39 les
2006 603 114 41 élans
2142 619 91 26 vers
2255 607 157 50 l'idéal,

690 668 140 33 toutes
849 663 58 38 les
930 663 255 52 aspirations
1213 677 93 26 vers
1339 662 173 55 l'infini,
1552 667 39 41 la
1615 670 162 41 France
1800 673 59 38 les
1884 676 231 52 comprend
2139 678 96 51 plus
2258 677 136 40 diffici-

685 732 173 40 lement.
894 734 148 51 Aussi,
1074 735 13 38 1
1103 743 65 31 art
1202 737 196 56 français,
1435 739 76 53 qui
1534 741 124 40 brille
1685 756 74 40 par
1780 751 93 33 tant
1892 745 50 41 de
1964 747 183 53 qualités
2168 748 239 41 éminentes

685 804 25 38 d
727 805 136 49 ordre,
886 805 48 39 de
957 807 129 38 clarté
1108 815 40 31 et
1169 807 50 40 de
1239 811 135 38 vérité
1397 811 184 54 logique,
1609 817 276 51 manque-t-il
1904 832 60 26 un
1983 833 81 40 peu
2084 820 50 39 de
2153 821 260 53 profondeur

685 882 40 32 et
739 876 51 37 de
810 877 250 41 sensibilité.
1087 878 35 40 Il
1143 880 179 40 satisfait
1340 883 99 39 bien
1459 884 96 52 plus
1576 884 38 40 la
1634 886 146 41 raison
1795 903 84 39 que
1891 890 37 40 le
1949 892 245 46 sentiment,
2214 893 32 40 il
2263 894 152 40 éclaire

684 946 97 53 plus
801 960 59 40 qu
878 947 31 39 il
930 962 27 25 11
976 950 207 55 échauffe,
1208 953 29 39 il
1272 967 16 24 s
1306 954 165 40 adresse
1510 956 143 40 moins
1687 961 23 36 à
1741 958 244 45 l'intuition
2018 965 58 39 du
2107 979 118 26 cœur
2256 966 159 53 qu'aux

684 1018 178 42 facultés
884 1020 221 43 réfléchies
1126 1025 50 38 de
1196 1025 177 53 l'esprit.
1393 1043 16 20 »

739 1092 66 39 En
830 1092 254 56 littérature,
1107 1097 37 40 le
1165 1098 122 52 génie
1311 1099 183 55 français
1531 1108 169 45 portera
1733 1103 96 42 Fart
1861 1107 273 55 dramatique
2171 1115 106 35 àsa
2308 1111 105 53 plus

681 1164 133 40 haute
849 1167 269 51 expression,
1155 1169 31 38 il
1221 1169 63 53 s'y
1312 1179 215 33 montrera
1550 1174 226 52 supérieur
1797 1190 54 26 au
1872 1179 122 51 génie
2017 1181 50 38 de
2089 1188 143 33 toutes
2255 1181 58 40 les
2335 1196 52 25 au-

680 1244 82 32 tres
786 1238 188 47 nations;
1010 1240 108 40 mais
1148 1255 73 39 par
1251 1251 147 33 contre
1420 1245 29 39 il
1480 1245 258 42 n'atteindra
1766 1248 151 53 jamais
1942 1265 85 26 aux
2060 1263 204 33 sommets
2296 1254 92 41 étin-

685 1309 160 40 celants
864 1310 50 39 de
933 1311 39 39 la
993 1313 140 51 poésie
1162 1315 181 53 lyrique.
1365 1317 197 54 Molière,
1600 1320 173 52 Racine,
1819 1322 228 50 Corneille,
2082 1334 75 32 ont
2186 1328 115 39 élevé
2341 1328 72 39 des

690 1392 278 32 monuments
990 1385 75 52 qui
1089 1395 142 31 seront
1259 1393 21 34 à
1302 1389 149 51 jamais
1472 1391 37 39 la
1532 1392 133 51 gloire
1686 1393 50 40 de
1760 1403 120 32 notre
1903 1410 124 39 pays;
2055 1399 107 39 mais
2185 1412 110 27 nous
2324 1400 64 39 n'a-

689 1468 108 26 vons
815 1470 74 38 pas
911 1470 85 26 une
1025 1459 114 39 seule
1162 1473 148 28 œuvre
1341 1463 186 54 lyrique,
1551 1479 73 40 pas
1647 1480 59 25 un
1729 1470 90 38 seul
1854 1471 148 51 poème
2023 1472 155 52 épique
2208 1477 22 35 à
2261 1481 153 32 mettre

687 1539 53 27 en
758 1527 196 52 parallèle
976 1542 100 25 avec
1105 1529 57 40 les
1185 1531 321 43 chefs-d'œuvre
1537 1537 49 39 de
1616 1538 173 54 Virgile,
1826 1541 51 38 de
1916 1541 155 53 Dante,
2105 1544 50 39 de
2191 1545 219 50 PArioste,

685 1598 59 39 du
766 1599 147 44 Tasse,,
936 1602 23 37 à
978 1600 140 40 moins
1141 1616 83 39 que
1245 1618 106 26 vous
1373 1619 52 27 ne
1442 1609 244 40 consentiez
1708 1616 23 34 à
1753 1625 107 26 vous
1882 1615 211 51 présenter
2117 1630 54 25 au
2201 1631 212 26 concours

687 1683 97 27 avec
806 1673 40 37 la
867 1672 117 40 Hciv
1002 1674 96 39 icide
1120 1683 39 32 et
1179 1677 207 53 quelques
1407 1680 98 39 odes
1526 1682 50 38 de
1613 1682 220 40 Malherbe
1855 1693 40 31 et
1915 1686 51 38 de
1997 1687 37 40 J.
2072 1688 49 39 13.
2166 1689 238 41 Rousseau.

687 1741 69 40 En
784 1743 213 52 peinture,
1035 1747 158 38 mêmes
1230 1749 293 41 observations
1541 1768 9 34 ;
1590 1754 159 52 quelles
1783 1764 96 31 sont
1911 1757 56 39 les
1996 1772 167 27 œuvres
2189 1760 51 39 de
2268 1761 145 40 l'école

685 1813 206 58 française
912 1828 81 39 que
1016 1830 107 26 vous
1151 1820 197 51 pourriez
1376 1835 178 40 opposer
1589 1839 100 25 avec
1714 1827 186 52 quelque
1936 1833 143 37 succès
2113 1845 84 26 aux
2233 1834 178 50 grandes

686 1886 309 52 compositions
1018 1887 48 40 de
1091 1889 209 52 Raphaël,
1325 1893 49 38 de
1397 1893 323 56 Michel-Ange,
1743 1898 49 39 de
1812 1900 226 52 Véronèse,
2075 1903 50 38 de
2148 1902 179 42 Titien?
2360 1905 53 40 Et

685 1969 167 38 encore,
880 1971 51 26 en
954 1959 214 54 peinture,
1186 1975 110 27 nous
1330 1977 185 27 sommes
1548 1968 97 52 plus
1685 1969 133 40 riches
1854 1977 127 48 qu'en
2021 1974 259 54 littérature,
2322 1990 85 33 car.,

680 2028 35 39 si
736 2028 13 40 1
765 2030 156 52 épopée
941 2030 207 42 littéraire
1181 2047 111 27 nous
1323 2035 77 40 fait
1433 2037 164 54 défaut,
1640 2053 108 28 nous
1784 2044 229 51 possédons
2045 2060 55 26 au
2123 2048 142 39 moins
2287 2050 97 51 quel-

680 2112 105 40 ques
807 2101 120 39 toiles
949 2103 174 53 épiques
1143 2104 49 39 de
1216 2107 201 54 Poussin,
1440 2109 51 39 de
1516 2111 203 52 Lesueur,
1752 2114 49 39 de
1833 2115 190 47 Lebrun,
2053 2118 50 39 de
2128 2119 140 40 David
2293 2128 40 33 et
2354 2122 51 38 de

685 2185 75 26 son
781 2173 128 41 école.

734 2245 111 39 Mais
866 2246 194 40 arrivons
1082 2250 23 36 à
1125 2247 39 40 la
1195 2251 200 53 musique
1417 2266 7 26 :
1452 2267 51 26 en
1526 2256 216 54 musique,
1770 2272 166 28 comme
1960 2274 53 26 en
2032 2261 250 54 littérature,
2310 2265 101 40 c'est

678 2329 148 26 encore
852 2317 105 40 dans
977 2319 39 39 le
1036 2332 128 39 genre
1185 2321 272 56 dramatique
1476 2340 84 40 que
1592 2341 110 28 nous
1735 2345 131 26 avons
1889 2333 36 38 le
1947 2334 147 39 mieux
2116 2335 151 42 réussi.
2291 2336 116 41 C'est

680 2402 93 25 vers
793 2390 61 38 lui
878 2403 84 39 que
983 2404 108 27 nous
1112 2406 131 27 avons
1265 2395 136 54 dirigé
1423 2406 139 33 toutes
1586 2414 76 27 nos
1696 2404 272 52 aspirations,
2009 2406 99 40 c'est
2141 2420 52 27 en
2227 2408 63 40 lui
2326 2422 85 40 que

680 2473 110 27 nous
814 2475 132 27 avons
968 2467 227 38 concentré
1215 2473 140 34 toutes
1377 2482 76 27 nos
1477 2472 301 52 prédilections
1790 2488 9 38 5
1824 2483 54 40 et,
1905 2477 32 38 si
1959 2476 146 54 j'avais
2129 2479 105 40 écrit
2255 2488 64 33 cet
2340 2495 46 26 ar-

684 2531 96 40 ticle
802 2545 50 26 en
880 2533 126 54 1825,
1022 2533 37 54 je
1082 2536 186 40 n'aurais
1285 2552 74 39 pas
1381 2540 133 42 hésité
1546 2546 23 36 à
1590 2543 164 53 ajouter
1784 2560 84 39 que
1899 2549 99 40 c'est
2022 2550 36 39 le
2079 2550 92 40 seul
2194 2564 84 40 que
2300 2566 110 26 nous

677 2605 308 51 comprenions
1006 2608 266 41 réellement.

734 2676 150 48 Quant
917 2682 21 35 à
976 2677 40 40 la
1054 2681 272 52 symphonie,
1359 2685 76 51 qui
1464 2694 62 32 est
1559 2688 40 40 la
1623 2689 132 40 forme
1777 2691 155 53 épique
1954 2692 49 39 de
2023 2693 40 40 la
2094 2695 218 54 musique,
2335 2697 75 40 elle

680 2761 26 24 n
725 2747 131 40 existe
877 2762 74 40 pas
973 2749 262 54 chez-nous;
1261 2753 37 53 je
1317 2755 63 39 dis
1401 2759 185 40 n'existe
1598 2773 88 40 pas
1694 2794 7 17 ,
1726 2776 71 25 car
1817 2762 37 54 je
1878 2776 50 27 ne
1959 2765 163 39 saurais
2143 2766 102 41 faire
2268 2777 143 32 entrer

678 2832 53 26 en
751 2820 116 53 ligne
887 2821 50 39 de
958 2831 168 45 compte
1147 2823 59 40 les
1233 2827 208 52 quelques
1463 2830 278 53 productions
1776 2835 51 38 de
1864 2848 44 26 ce
1943 2848 140 40 genre,
2117 2841 82 36 très
2221 2853 113 26 rares
2369 2849 40 32 et

678 2891 26 39 d
724 2891 171 40 ailleuis
927 2896 82 36 tiès
1049 2894 129 54 pâles,
1218 2896 76 53 qui
1316 2907 96 32 sont
1444 2903 149 39 sorties
1614 2903 50 40 de
1694 2904 40 40 la
1755 2905 146 52 plume
1920 2907 51 40 de
1997 2921 76 28 nos
2094 2912 312 52 compositeurs

677 2964 194 58 français.
897 2965 121 41 Cette
1038 2966 134 42 forme
1194 2983 111 28 nous
1325 2979 61 33 est
1415 2973 218 43 tellement
1661 2978 233 54 étrangère,
1933 2980 78 40 elle
2046 2991 108 32 reste
2190 2984 220 43 tellement

677 3050 53 26 en
756 3037 150 40 dehors
936 3039 49 39 de
1013 3047 121 33 notre
1155 3044 106 49 goût
1294 3051 41 33 et
1354 3045 50 40 de
1424 3060 77 27 nos
1531 3050 231 40 tendances
1785 3052 240 49 musicales,
2067 3055 130 52 qu'en
2230 3057 178 53 France,

678 3121 61 27 un
762 3110 293 52 compositeur
1077 3123 228 43 purement
1327 3126 40 31 et
1388 3119 335 45 exclusivement
1745 3124 310 54 symphoniste,
2074 3128 131 40 fût-ce
2227 3129 158 41 Beetho-

680 3194 78 26 ven
776 3180 249 54 lui-meme,
1045 3185 223 42 arriverait
1282 3202 97 27 sans
1400 3192 144 53 doute,
1566 3194 105 40 dans
1691 3195 38 39 le
1750 3209 124 27 cours
1896 3197 50 40 de
1968 3212 43 26 sa
2032 3199 162 53 longue
2214 3202 194 55 carrière,

677 3257 22 34 à
722 3266 42 26 se
784 3255 111 38 créer
917 3268 84 27 une
1022 3258 185 40 certaine
1229 3261 211 52 célébrité,
1469 3265 109 40 mais
1602 3279 84 27 une
1706 3267 199 42 célébrité
1940 3271 165 41 tardive
2133 3281 40 31 et
2200 3274 106 40 dont
2331 3275 55 39 l'é-

677 3324 84 40 clat
789 3340 51 26 ne
873 3330 277 50 rayonnerait
1183 3333 126 51 guère
1331 3335 168 42 au-delà
1539 3338 104 40 d'un
1665 3340 106 52 petit
1790 3342 130 40 cercle
1955 3342 50 41 de
2030 3352 172 32 savants
2235 3352 39 33 et
2306 3346 84 40 d'ar-

677 3397 132 41 tistes.
840 3399 104 41 Bien
967 3401 161 56 mieux,
1153 3417 206 40 supposez
1392 3407 195 50 toujours
1616 3411 244 42 Beethoven
1897 3415 221 57 Français,
2145 3417 261 43 Beethoven,
