3068 4644
2383 401 118 62 579

844 421 277 60 Kasimir
1159 414 330 66 Edschmid
1540 447 13 12 •

207 619 265 95 pfiffen,
540 621 119 69 wir
725 614 156 73 sind
947 616 111 67 ein
1116 612 225 88 wenig
1397 607 321 79 verwirrt,
1788 600 169 73 aber
2007 596 106 73 ich
2167 593 209 75 suche
2426 621 77 45 es

207 713 541 95 auszugleichen,
804 708 450 75 Cederström
1298 701 154 85 will,
1506 697 341 74 nachdem
1882 699 120 68 wir
2051 697 111 69 ein
2205 689 299 74 Rondell

208 810 357 75 umfahren
593 808 252 81 haben,
876 809 122 68 mit
1016 802 164 72 aller
1208 798 234 73 Macht
1467 826 82 42 zu
1585 795 161 71 dem
1765 793 144 72 Tor
1942 789 255 75 wieder
2231 788 236 72 hinaus-

208 908 261 87 fahren,
549 903 212 75 durch
829 902 129 72 das
1019 906 116 66 wir
1204 894 511 75 hereinkamen.
1825 888 109 74 Ich
2003 885 212 96 pfeife
2282 888 224 69 einem

212 1006 318 80 Gärtner,
583 1000 142 75 und
777 1028 74 43 er
900 1002 243 66 nimmt
1195 993 112 73 die
1342 990 159 73 Kuh
1555 1017 110 45 am
1703 987 198 71 Horn
1955 983 143 74 und
2146 981 185 72 führt
2379 1007 128 45 uns

212 1131 87 43 an
353 1101 113 71 die
519 1097 498 89 Hintertreppe
1071 1092 124 72 des
1247 1086 388 75 Schlosses.

307 1199 146 70 Wir
470 1193 232 73 baden
721 1195 426 90 gemeinsam
1168 1186 207 83 oben,
1407 1184 325 72 kommen
1753 1204 393 46 zusammen
2168 1174 339 81 herunter,

213 1299 121 68 wir
401 1289 336 96 sprechen
799 1287 159 72 sehr
1006 1284 152 85 viel,
1229 1280 244 74 stehen
1527 1283 237 67 mitten
1816 1279 67 66 in
1937 1273 124 71 der
2113 1269 204 74 Halle
2369 1266 142 74 und

217 1388 285 74 machen
525 1387 351 79 Sermons,
892 1387 119 67 wir
1029 1378 404 75 betrachten
1455 1376 112 71 die
1588 1373 232 72 Bilder
1834 1369 508 82 Cederströms,
2365 1369 146 68 sein

216 1482 551 97 geschmiedetes
804 1478 250 84 Silber,
1102 1506 74 44 er
1224 1478 218 69 zitiert
1492 1476 190 67 seine
1707 1468 240 82 Verse,
2002 1465 168 72 aber
2202 1467 120 67 wir
2355 1458 157 74 sind

216 1580 185 74 nicht
452 1579 159 73 sehr
659 1589 123 81 gut
832 1575 115 72 auf
998 1572 137 73 den
1172 1570 259 74 Füßen.
1520 1565 230 84 Nicht,
1806 1560 138 75 daß
1995 1565 120 68 wir
2149 1586 75 45 es
2259 1564 254 85 spüren

218 1678 173 74 oder
456 1674 333 83 fürchten,
859 1701 75 43 es
987 1669 170 74 sähe
1226 1664 298 95 jemand,
1595 1663 128 72 das
1782 1664 89 68 ist
1920 1652 416 97 unmöglich,
2395 1658 122 67 wir

217 1773 231 74 haben
508 1800 128 43 uns
697 1799 82 43 zu
838 1767 159 73 sehr
1045 1771 69 67 in
1166 1764 124 71 der
1341 1759 235 75 Hand.
1675 1757 148 72 Wir
1872 1755 325 71 kommen
2250 1779 125 44 nur
2424 1754 91 66 im

218 1870 244 73 Reden
514 1872 68 67 in
619 1872 240 67 immer
892 1862 294 94 größere
1222 1858 373 92 Erregung,
1640 1858 120 69 wir
1792 1865 222 59 treten
2051 1876 123 46 ans
2211 1847 304 81 Fenster,

224 1967 91 72 da
363 1964 192 73 rückt
602 1990 137 43 von
793 1957 281 94 Bjerred
1127 1956 123 72 her
1295 1959 153 67 eine
1499 1952 363 92 Equipage
1913 1975 110 43 an.
2106 1943 148 73 Wir
2304 1941 213 72 sehen

225 2064 136 71 den
410 2056 498 75 kaukasischen
946 2055 228 71 Baron
1212 2050 241 75 Uxcull
1504 2046 142 74 und
1696 2050 165 67 zwei
1895 2049 204 86 junge
2135 2037 385 76 Schweden

226 2159 222 83 darin;
504 2154 106 74 ich
662 2154 225 71 kenne
937 2155 101 69 sie
1088 2148 205 73 nicht.
1370 2147 148 71 Wir
1566 2141 244 74 stehen
1863 2139 113 74 auf
2028 2138 125 71 der
2195 2135 326 72 Terrasse

226 2253 142 74 und
404 2249 357 96 begrüßen
799 2254 118 78 sie,
958 2246 289 73 machen
1281 2242 164 72 tiefe
1469 2239 583 92 Verbeugungen,
2108 2228 413 95 erschöpfen

227 2379 127 44 uns
390 2354 69 67 in
485 2348 583 91 Verbeugungen,
1110 2342 111 72 die
1257 2341 258 71 Diener
1549 2334 289 74 machen
1873 2338 101 68 sie
2007 2334 128 69 wie
2170 2328 352 74 Chinesen

226 2446 198 74 nach.
517 2444 213 86 „God
768 2444 204 89 dag,“
1030 2437 147 74 rufe
1229 2436 106 72 ich
1373 2434 142 73 und
1551 2430 364 76 schwenke
1951 2427 136 74 den
2125 2426 166 82 Hut,
2343 2422 182 72 laufe

229 2549 64 66 in
348 2541 113 73 die
498 2539 204 72 Halle
737 2535 269 84 zurück,
1043 2534 161 72 hole
1241 2536 110 68 ein
1387 2528 396 76 Schalirohr
1817 2524 143 72 und
1995 2522 168 83 rufe,
2200 2516 327 76 während

230 2644 100 66 sie
399 2638 113 71 die
579 2634 220 94 große
865 2633 406 89 Freitreppe
1340 2625 538 90 heraufsteigen:
1957 2619 564 85 „Välkommen.“

231 2735 111 73 Ich
395 2732 246 84 denke,
696 2731 107 72 ich
853 2729 121 73 bin
1011 2733 69 66 in
1115 2723 363 95 jonsered,
1533 2721 107 73 ich
1675 2718 243 74 mache
1942 2715 585 91 Verbeugungen,

230 2836 127 67 wie
410 2835 111 67 nie
580 2834 68 66 in
700 2832 294 66 meinem
1045 2822 261 83 Leben,
1368 2817 105 74 ich
1524 2816 220 73 lächle
1795 2811 346 85 innerlich,
2195 2809 108 73 ich
2353 2804 178 75 weiß

234 2925 161 74 sehr
427 2938 141 81 gut,
608 2921 141 74 daß
785 2921 105 73 ich
928 2925 66 67 in
1034 2916 322 94 Borgeby
1389 2915 144 84 bin,
1588 2911 167 74 aber
1788 2938 139 44 wer
1958 2906 200 85 weiß,
2193 2901 341 76 vielleicht

234 3023 119 72 bin
418 3022 107 72 ich
587 3018 183 73 doch
831 3023 67 67 in
949 3014 340 93 Jonsered
1349 3011 141 73 und
1548 3008 217 95 grüße
1824 3004 237 73 Ebbas
2113 3004 416 89 Bräutigam,

234 3117 217 95 grüße
480 3117 114 72 ihn
622 3113 380 75 nochmals.
1041 3110 453 75 Cederström
1523 3105 266 91 schlägt
1815 3108 126 66 mir
1967 3107 66 66 in
2065 3099 135 72 den
2228 3096 303 80 Rücken,

240 3221 145 66 sein
422 3216 166 71 Bart
622 3212 185 72 steilt
841 3208 143 74 sich
1019 3237 125 44 vor
1177 3204 275 74 Lachen
1504 3208 90 66 im
1629 3199 234 74 Wind.
1948 3197 112 73 Ich
2096 3196 181 72 lasse
2311 3190 223 74 nichts

240 3310 193 72 mehr
485 3338 144 56 aus,
683 3306 106 74 ich
842 3306 278 90 schlage
1172 3303 424 72 meinerseits
1666 3296 158 72 dem
1863 3295 229 69 Baron
2130 3287 240 76 Uxcull
2421 3284 117 73 auf

240 3405 113 72 die
390 3405 380 84 Schultern,
815 3401 160 85 „Sie
1011 3399 231 73 haben
1279 3403 198 66 einen
1515 3392 194 93 Kopf
1744 3396 127 67 wie
1906 3395 110 66 ein
2054 3383 430 86 Straußenei,

245 3531 167 63 sage
447 3500 106 74 ich
589 3500 162 73 ihm.
822 3499 89 71 Er
944 3499 183 71 kann
1163 3494 144 74 sich
1344 3491 185 74 nicht
1562 3489 403 91 beruhigen,
2004 3484 114 71 die
2151 3481 349 73 Elefanten-

244 3626 223 64 augen
519 3597 225 71 laufen
781 3601 90 66 im
911 3594 221 82 Kreis,
1188 3620 72 43 er
1311 3589 289 90 beginnt
1651 3585 114 73 auf
1816 3584 123 71 der
1972 3579 280 92 Treppe
2303 3604 81 42 zu
2433 3603 68 43 er-

241 3693 261 83 zählen,
539 3697 118 66 wir
690 3690 279 72 bleiben
998 3690 129 69 alle
1156 3686 263 82 stehen,
1450 3712 73 44 er
1549 3681 276 82 erzählt,
1856 3674 140 75 daß
2024 3679 108 66 ein
2162 3673 335 71 Kanarien-

243 3789 202 94 vogel
498 3785 117 73 auf
666 3791 219 66 einem
939 3780 438 75 esthnischen
1415 3778 146 73 Gut
1604 3776 138 71 ihm
1787 3773 185 71 beim
2009 3768 310 74 Besuche
2353 3772 188 67 einer

245 3883 346 77 Freundin
643 3880 171 72 über
857 3879 113 71 die
1007 3878 245 72 Glatze
1287 3871 424 97 geschliffen,
1750 3869 125 71 der
1909 3895 75 43 es
2018 3865 328 94 gewohnt
2377 3891 162 56 war,

245 3980 254 95 täglich
549 3977 173 74 über
770 3982 201 69 einen
1022 3970 480 76 Marmortisch
1553 3975 89 66 im
1680 3967 170 91 Flug
1883 3992 81 44 zu
2000 3959 414 87 schliddern,
2467 3987 75 46 es
