3167 4642
1453 452 343 77 Mitteilung

470 465 121 60 594

1303 1026 653 80 MITTEILUNG

558 1233 126 61 Der
733 1228 426 65 Schriftsteller
1207 1228 190 75 Harry
1447 1223 176 59 Kahn
1682 1221 101 60 hat
1849 1224 58 56 in
1968 1218 110 58 der
2140 1214 443 75 „Weltbühne“
2644 1234 138 37 vom

479 1318 90 57 14.
607 1313 284 62 Oktober
929 1312 156 58 1920
1129 1309 174 58 einen
1346 1296 969 87 polemisch-pamphletistischen
2357 1294 254 61 Aufsatz
2655 1314 98 37 ver-

477 1392 348 71 öffentlicht,
892 1413 198 55 gegen
1155 1387 119 59 den
1338 1408 108 37 aus
1509 1383 292 61 Gründen
1865 1380 109 59 der
2032 1375 412 76 Kollegialität
2502 1373 122 59 und
2679 1370 108 61 der

478 1473 401 62 literarischen
918 1468 359 63 Sauberkeit
1312 1468 347 73 protestiert
1696 1460 242 61 werden
1987 1456 160 61 muß.
2219 1455 206 60 Einem
2464 1451 288 63 Novellen-

478 1555 300 77 fragment
813 1550 258 61 Kasimir
1100 1545 373 71 Edschmids,
1512 1545 111 59 das
1661 1543 108 59 der
1797 1539 339 61 Almanach
2167 1538 109 58 des
2307 1534 297 77 Verlages
2636 1533 151 59 Fritz

479 1637 224 61 Gurlitt
731 1657 109 37 vor
868 1638 193 55 einem
1084 1629 143 78 Jahr
1266 1627 260 71 brachte,
1559 1627 309 58 entnimmt
1898 1620 156 60 Herr
2083 1618 173 59 Kahn
2289 1616 269 60 mehrere
2589 1614 198 67 Sätze,

479 1718 403 75 interpretiert
931 1715 107 69 sie,
1099 1710 118 59 den
1270 1704 522 76 Zusammenhang
1848 1698 376 71 zerreißend,
2277 1701 59 55 in
2395 1700 194 56 einem
2648 1717 140 35 vom

479 1795 198 61 Autor
719 1793 203 60 weder
964 1789 466 78 angedeuteten,
1465 1784 147 61 noch
1658 1780 321 80 gewollten
2018 1779 182 61 Sinne
2252 1776 123 60 und
2416 1774 376 76 verdächtigt

482 1875 320 61 Edschmid
823 1896 108 37 vor
954 1873 221 58 breiter
1193 1855 453 75 Öffentlichkeit
1669 1864 111 60 der
1801 1859 481 76 Ehrbefleckung
2308 1860 164 57 eines
2496 1854 293 72 Dichters,

479 1981 74 37 zu
606 1957 138 59 dem
797 1958 165 72 jener
1012 1953 93 58 bis
1157 1950 182 59 heute
1390 1947 120 61 sich
1564 1948 95 57 nie
1712 1944 219 60 anders
1983 1940 86 60 als
2129 1943 58 56 in
2248 1938 220 59 hohem
2520 1934 272 76 Respekt

482 2037 266 61 bekannt
791 2034 120 60 hat.
995 2032 116 59 Die
1153 2029 364 76 Auslegung
1560 2025 110 60 des
1715 2025 194 59 Herrn
1955 2022 175 58 Kahn
2172 2018 147 61 wird
2362 2020 59 57 in
2465 2039 70 37 so
2580 2014 175 61 außer-

482 2115 426 64 ordentlichem
953 2112 180 61 Maße
1178 2121 293 67 getragen
1513 2131 119 37 von
1683 2103 541 70 herabsetzenden,
2276 2098 281 78 gerechte
2600 2095 192 60 Kritik

480 2197 444 61 verachtenden
969 2189 413 81 persönlichen
1425 2185 497 74 Anfeindungen,
1968 2180 312 76 bemüßigt
2331 2178 119 61 sich
2503 2180 166 56 eines
2722 2198 70 38 so

480 2276 445 63 verhetzenden
950 2273 220 69 Tones,
1203 2270 118 61 daß
1353 2270 99 59 die
1481 2265 533 64 Unterzeichneten
2046 2262 156 59 nicht
2242 2259 260 77 glauben
2533 2258 259 70 können,

485 2363 132 56 eine
643 2357 198 62 solche
864 2356 114 59 Art
1000 2378 119 37 von
1145 2350 268 63 Polemik
1440 2347 567 77 unwidersprochen
2037 2340 360 63 hinnehmen
2427 2362 70 37 zu
2530 2344 262 53 müssen.

483 2438 104 62 Sie
619 2439 198 77 geben
851 2437 127 58 ihre
1009 2434 250 61 Stimme
1291 2432 196 59 dieser
1529 2428 371 70 Resolution,
1946 2448 98 36 um
2091 2446 199 54 gegen
2335 2420 119 59 den
2498 2416 294 61 Einbruch

483 2519 361 78 gehässiger
885 2514 519 78 Kampfesweisen
1448 2513 57 57 in
1550 2512 260 75 geistige
1856 2504 261 62 Gebiete
2163 2500 121 63 sich
2335 2523 71 36 zu
2448 2498 345 61 verwahren

485 2599 125 60 und
652 2622 98 37 um
916 2597 99 60 bei
1057 2594 189 61 voller
1287 2592 263 61 Freiheit
1598 2587 330 63 sachlichen
1974 2582 223 64 Urteils
2249 2580 150 61 über
2442 2577 352 62 Edschmids

487 2678 468 64 Persönlichkeit
1118 2700 70 34 zu
1236 2674 335 74 bezeugen,
1616 2668 117 61 daß
1778 2670 88 58 sie
1909 2667 119 71 ihn,
2082 2663 123 61 und
2246 2660 261 63 welchen
2553 2658 243 61 Dichter

485 2771 174 51 sonst
729 2758 480 75 Beleidigungen
1283 2750 390 78 feindseliger
1735 2747 259 61 Kritiker
2063 2743 236 72 treffen,
2370 2764 71 36 zu
2515 2740 278 61 schützen

487 2841 292 61 durchaus
819 2838 229 61 willens
1092 2833 154 64 sind.

1283 2928 170 63 Ende
1496 2926 284 62 Oktober
1823 2924 175 60 1920.

488 3098 319 61 Hermann
845 3096 173 60 Bahr
1056 3129 14 13 •
1112 3092 166 61 Paul
1311 3088 277 63 Cassirer
1628 3123 14 12 •
1686 3085 223 80 Alfred
1938 3082 226 62 Döblin
2208 3116 12 13 •
2263 3078 237 61 Arthur
2536 3074 261 63 Kahane

489 3196 262 61 Annette
800 3192 157 61 Kolb
1006 3224 15 14 •
1071 3189 154 62 Max
1272 3186 172 61 Krell
1487 3219 14 14 •
1565 3184 234 62 Gustav
1848 3178 282 80 Meyrink
2187 3209 14 15 •
2258 3175 275 62 Wilhelm
2583 3170 219 62 Michel

489 3292 183 62 Carlo
717 3288 402 78 Mierendorff
1153 3319 16 14 •
1216 3286 166 60 Rene
1425 3281 300 63 Schickele
1773 3312 15 14 ♦
1835 3276 182 63 Hans
2056 3271 418 65 Schiebelhuth
2526 3303 14 14 ♦
2589 3267 208 61 Anton

1129 3380 277 64 Schnack
1453 3413 17 16 •
1518 3375 221 81 Alfred
1774 3374 380 79 Wolfenstein

908 3995 402 50 Verantwortlich
1370 3990 185 48 PAUL
1606 3984 382 57 CASSIRER,
2047 3982 159 47 Berlin
2241 3979 145 49 WlO

911 4060 254 50 Gedruckt
1190 4060 78 47 bei
1294 4056 129 50 Otto
1449 4054 186 55 Elsner,
1660 4048 401 56 Buchdruckerei,
2088 4046 162 48 Berlin
2275 4042 110 51 542
