3162 4637
1208 428 274 64 Kasimir
1519 431 333 61 Edschmid
1910 464 16 14 •
1987 431 162 62 Särö

483 429 117 59 584

483 622 324 91 plötzlich
875 627 123 67 mit
1064 628 225 67 einem
1358 626 364 72 zärtlichen
1777 624 344 94 Schlagen
2176 627 125 72 des
2353 628 256 85 Blutes,
2671 635 120 66 wir

480 717 228 92 gehen
760 748 116 41 zur
909 717 328 95 Kühlung
1288 720 213 73 durch
1556 722 113 71 die
1713 721 355 72 Boskette.
2153 722 212 73 Wind
2417 723 202 73 haust
2670 731 121 67 mit

480 819 328 87 zornigen
852 814 296 73 Sternen
1200 822 92 65 im
1344 817 198 84 Park,
1598 819 199 71 keine
1832 817 250 73 Wolke
2134 819 327 86 schwebt,
2517 821 233 93 irgend-

480 938 109 43 wo
626 910 225 73 hinter
884 911 516 87 Windmühlen,
1457 914 112 71 die
1623 914 113 72 die
1773 914 229 74 Nacht
2036 929 250 59 stumm
2322 916 463 94 zerschlagen,

484 1007 246 92 dumpf
780 1007 441 94 schweigend
1278 1010 113 73 die
1444 1010 283 73 Ostsee.
1839 1010 109 74 Ich
1999 1010 182 94 gehe
2233 1018 122 67 mit
2404 1013 219 72 Lilian
2675 1014 115 73 auf

481 1103 143 71 und
677 1103 113 85 ab,
843 1108 120 69 wir
1012 1106 215 72 reden
1279 1106 201 73 keine
1515 1106 216 86 Silbe,
1785 1137 140 44 was
1979 1108 220 73 sollen
2233 1115 119 67 wir
2386 1139 127 43 uns
2549 1140 236 62 sagen,

513 1198 82 74 ch
647 1200 199 86 weiß,
922 1230 141 43 was
1115 1202 215 74 Lilian
1407 1203 216 72 denkt
1698 1205 142 72 und
1918 1203 108 74 ich
2102 1234 166 62 sage
2346 1211 66 67 in
2491 1212 296 68 meinem

481 1296 295 87 Herzen,
849 1296 184 74 ohne
1087 1299 140 72 daß
1296 1304 100 67 sie
1463 1328 75 43 es
1608 1300 185 74 hört:
1854 1303 224 83 „Nein
2131 1301 238 85 Lilian,
2441 1332 74 43 es
2568 1309 88 67 ist
2705 1333 82 43 so

481 1393 286 85 sinnlos,
838 1393 118 72 Sie
1007 1395 156 71 sind
1217 1423 81 43 so
1349 1395 236 85 weich,
1656 1426 80 43 so
1787 1397 469 73 träumerisch.
2360 1398 124 72 Ein
2536 1399 252 72 Knabe

478 1493 89 67 ist
601 1488 171 74 Sinn
809 1489 183 74 Ihrer
1026 1489 412 89 Sehnsucht,
1494 1493 242 93 irgend
1788 1498 207 79 einer,
2050 1524 122 41 aus
2226 1493 251 74 dessen
2512 1494 278 94 Körper

480 1586 229 72 Musik
760 1586 285 73 kommt.
1167 1588 228 73 Meine
1448 1590 693 94 siebenundzwanzig
2190 1591 209 91 Jahre
2453 1620 43 43 o
2543 1591 240 86 Lilian,

479 1687 226 68 meine
758 1682 694 96 siebenundzwanzig
1484 1685 207 91 Jahre
1743 1686 156 71 sind
1952 1685 216 73 schon
2211 1687 134 73 viel
2393 1714 82 44 zu
2527 1687 262 74 schwer

475 1780 379 93 geworden
922 1780 106 72 für
1078 1780 148 74 Ihre
1292 1781 319 93 gläserne
1664 1781 414 75 Sanftheit.“
2186 1783 109 73 Ich
2347 1784 178 72 weiß
2577 1784 206 89 nicht,

476 1875 173 73 aber
725 1877 124 72 der
915 1877 346 85 Schmerz,
1341 1878 129 72 der
1542 1879 137 73 alte
1741 1878 346 87 Schmerz,
2167 1880 126 72 der
2359 1880 179 74 mich
2614 1883 174 93 selig

478 1971 250 87 macht,
782 1972 204 74 haust
1034 1978 128 68 wie
1214 1979 110 68 ein
1376 1974 191 73 Wolf
1617 1979 67 68 in
1738 1979 295 69 meinem
2088 1976 297 86 Herzen,
2440 1977 108 74 ich
2600 1978 185 73 habe

475 2067 264 94 tüchtig
786 2070 404 92 getrunken,
1259 2070 341 73 vielleicht
1665 2076 89 69 ist
1819 2072 173 73 auch
2055 2077 182 68 mein
2290 2071 326 76 Schmerz
2667 2075 79 72 be-

475 2165 278 72 rauscht
803 2166 142 71 und
997 2167 166 93 liegt
1214 2171 66 68 in
1332 2166 472 95 Verzückung,
1858 2167 107 74 ich
2018 2175 219 88 steige
2289 2170 131 72 alle
2456 2171 329 94 Treppen

476 2260 110 74 bis
635 2291 117 43 zur
804 2263 203 72 Halle
1059 2263 256 85 hinauf,
1370 2263 107 73 ich
1528 2263 183 94 gebe
1764 2264 159 74 dem
1979 2265 517 94 Helsingforser
2545 2268 236 85 Lilian,

476 2357 219 72 damit
728 2387 74 43 er
828 2363 99 69 sie
955 2359 314 85 betanze,
1310 2359 105 73 ich
1444 2360 158 73 falle
1632 2359 452 75 Cederström
2113 2391 112 43 um
2257 2362 136 72 den
2432 2363 173 72 Hals
2640 2364 144 73 und

474 2454 194 73 ziehe
720 2454 117 74 ihn
890 2462 66 66 in
993 2463 154 65 eine
1188 2457 276 85 Nische,
1520 2457 106 74 ich
1665 2456 117 73 bin
1818 2460 574 94 vertrauensselig
2425 2461 142 71 und
2604 2461 180 73 liebe

475 2550 117 73 ihn
644 2551 141 72 und
837 2559 452 67 rennomiere.
1396 2554 109 73 Ich
1557 2554 207 92 fange
1816 2584 111 56 an,
1989 2555 140 72 ihm
2179 2585 136 43 von
2373 2556 120 72 Siv
2549 2587 81 43 zu
2682 2588 68 43 er-

473 2647 273 73 zählen:
808 2649 154 84 „Ich
1014 2649 190 73 hatte
1256 2650 88 71 all
1397 2650 174 74 Eure
1632 2650 516 74 schwedischen
2200 2651 267 74 Frauen
2527 2659 68 67 in
2656 2654 125 85 ihr,

475 2743 475 75 Cederström.
1003 2744 484 95 Strandvägen
1518 2745 367 74 leuchtend
1912 2777 125 42 vor
2059 2748 571 94 Musikkapellen,
2670 2750 114 73 die

474 2841 328 73 Rotunde
838 2842 126 72 des
1001 2842 317 89 Stadion,
1374 2843 115 72 die
1523 2842 258 75 weiche
1818 2843 433 88 Weißnacht,
2305 2846 130 72 das
2469 2852 314 88 granitne

476 2937 411 94 Meergebiß
940 2938 361 87 erscheint,
1353 2969 199 43 wenn
1605 2938 107 75 ich
1767 2940 247 86 denke,
2070 2947 68 66 in
2190 2941 216 74 ihrem
2459 2942 321 74 Lächeln.

475 3032 216 74 Sähst
743 3035 93 71 du
888 3035 146 72 ihre
1086 3037 234 83 Beine,
1362 3036 476 85 Cederström,
1885 3037 93 73 du
2013 3037 302 74 würdest
2362 3045 243 67 zittern
2656 3046 128 68 wie

473 3134 111 67 ein
626 3131 215 71 Hund
876 3135 67 69 in
983 3133 273 72 deinem
1287 3133 184 73 Saal.
1542 3133 166 75 Sieh
1754 3133 105 73 dir
1912 3135 191 71 diese
2140 3135 231 73 Kurve
2423 3166 110 56 an,
2591 3136 192 74 diese

471 3227 430 73 verdammte
954 3228 231 72 Kurve
1238 3229 125 71 des
1404 3229 299 74 Mondes
1755 3258 88 44 an
1896 3230 275 73 deinem
2209 3230 303 74 Fenster.
2601 3233 180 72 Nein

473 3322 473 87 Cederström,
1002 3338 198 60 sonst
1240 3326 230 73 wollte
1520 3326 107 73 ich
1682 3326 105 72 dir
1837 3327 223 72 nichts
2096 3329 340 84 erzählen,
2493 3329 150 73 dies
2696 3333 88 69 ist

473 3418 189 87 alles,
743 3421 106 72 dir
921 3421 342 72 vielleicht
1335 3426 244 90 wenig,
1707 3422 169 73 Dies
1946 3430 87 66 ist
2107 3423 188 84 alles,
2383 3453 142 44 was
2601 3425 178 73 mich

473 3521 331 90 peinigt.“
930 3517 90 73 Es
1072 3525 88 67 ist
1209 3525 165 66 zwei
1429 3519 150 75 Uhr
1631 3520 263 86 nachts,
1966 3549 139 43 nun
2173 3521 243 73 stellen
2467 3528 120 66 wir
2653 3553 127 43 uns

473 3613 188 73 nicht
711 3614 195 72 mehr
955 3620 66 66 in
1062 3615 113 74 die
1212 3614 278 88 Nische,
1546 3646 138 42 nun
1729 3615 501 74 unterbrechen
2266 3623 120 67 wir
2421 3618 136 73 den
2594 3619 187 74 Tanz

473 3709 143 73 und
669 3710 289 74 machen
1028 3718 153 66 eine
1249 3741 176 44 neue
1475 3712 464 94 Aufstellung.
2040 3714 148 71 Wir
2238 3714 242 73 stellen
2534 3745 127 44 uns
2712 3722 67 67 in

469 3810 192 69 einer
709 3808 249 94 langen
1011 3808 219 73 Reihe
1282 3810 134 85 auf,
1471 3822 226 60 zuerst
1748 3811 265 71 kommt
2066 3810 474 74 Cederström.

570 3904 206 72 Dann
829 3905 461 73 marschieren
1343 3911 120 67 wir
1513 3906 172 72 über
1745 3907 113 71 die
1909 3906 353 86 Terrasse,
2333 3909 114 71 die
2498 3907 281 93 Treppe

473 3999 217 75 durch
743 4000 136 74 den
935 4001 148 75 Hof
1148 4031 83 43 zu
1301 4003 136 72 den
1491 4003 396 73 Gebäuden
1950 4004 124 72 des
2127 4003 648 93 Generalpächters,
