3122 4662
568 387 118 61 566

898 387 184 61 Ernst
1120 389 260 61 Barlach
1435 422 14 14 ♦
1505 389 135 61 Aus
1682 387 324 81 Seespecks
2049 390 261 61 Wedeier
2351 389 197 80 Tagen

569 586 200 68 einen
824 582 220 75 Sohn.
1148 583 204 73 Denn
1425 585 125 71 das
1620 588 88 68 ist
1775 614 137 43 nun
1966 586 134 71 mal
2154 586 298 85 einerlei,
2523 615 141 43 was
2717 613 159 43 man

571 679 214 72 durch
845 685 190 67 seine
1088 679 240 75 Söhne
1388 681 233 74 lernen
1681 681 206 85 kann,
1961 681 162 73 muß
2184 684 470 92 phänomenal
2707 688 169 66 sein.

572 775 164 73 Und
804 804 199 44 wenn
1063 783 119 66 wir
1249 807 137 42 nun
1456 776 182 74 noch
1698 783 235 67 weiter
1990 779 256 91 gehen:
2311 808 142 43 was
2508 778 372 73 Gottvater

570 873 166 71 alles
816 901 137 44 von
1025 878 236 67 seinen
1339 873 228 74 lieben
1624 873 677 75 Menschenkindern
2366 875 278 86 erfährt,
2716 874 164 74 muß

569 968 115 73 ihn
763 975 66 86 ja
903 969 402 75 aufblähen!
1428 962 374 103 Übrigens,
1883 972 229 72 denke
2180 973 207 84 nicht,
2466 975 234 83 Vater,
2772 971 107 73 ich

570 1066 255 72 maulte
877 1072 122 68 mit
1050 1074 293 66 meinem
1384 1069 366 83 Geschick,
1807 1067 127 75 das
1986 1075 180 67 wäre
2217 1070 182 73 wohl
2453 1099 80 43 so
2570 1067 307 74 ziemlich

570 1162 128 73 das
754 1164 536 73 Unziemlichste
1341 1165 106 71 für
1500 1166 285 84 Brüder,
1847 1171 127 68 wie
2043 1166 201 74 mich.
2348 1168 143 71 Der
2542 1165 337 75 Berthold

570 1258 270 73 schrieb
913 1265 127 66 mir
1106 1260 269 74 neulich
1445 1267 202 68 einen
1717 1260 161 74 sehr
1945 1277 235 59 netten
2234 1263 205 86 Brief,
2512 1262 106 73 ich
2681 1263 198 72 sollte

569 1356 188 72 nicht
821 1357 324 94 glauben,
1219 1357 141 75 daß
1428 1358 107 74 ich
1606 1389 139 43 von
1814 1359 139 73 ihm
2014 1389 369 63 vergessen
2436 1364 200 80 wäre,
2710 1359 170 73 aber

567 1452 285 86 freilich,
913 1458 181 69 wäre
1153 1484 73 43 es
1287 1455 181 72 eben
1521 1485 127 43 nur
1698 1461 152 67 eine
1903 1485 87 43 an
2044 1462 200 68 einen
2297 1456 580 94 unvergeßlichen

570 1550 275 72 Freund
896 1551 206 73 leben
1153 1550 419 94 gebliebene
1625 1552 447 96 Erinnerung,
2131 1554 113 71 die
2296 1582 73 43 er
2422 1559 241 67 immer
2710 1565 170 60 wert

569 1645 235 74 halten
856 1649 259 71 würde.
1219 1648 128 73 Mit
1398 1649 263 72 andern
1699 1649 321 72 Worten:
2086 1678 74 45 er
2211 1650 438 93 stranguliert
2698 1649 178 72 mich

569 1743 142 72 und
777 1743 142 94 legt
986 1743 177 74 mich
1226 1748 67 67 in
1356 1751 262 67 seinem
1684 1745 435 74 Gedächtnis
2179 1751 69 67 in
2310 1745 240 74 Sauer.
2653 1745 223 74 Wehe

569 1846 147 80 mir,
777 1841 231 73 wollte
1068 1839 108 74 ich
1244 1841 139 72 ihm
1455 1842 307 72 dereinst
1821 1846 152 70 eine
2025 1842 408 74 Dankvisite
2493 1843 383 85 abstatten;

567 1964 75 44 er
692 1936 235 74 würde
980 1937 346 93 anfangen
1379 1938 142 72 und
1574 1937 341 74 schreien:
1971 1968 75 43 es
2099 1940 229 92 spukt,
2382 1968 75 44 es
2509 1937 239 95 spukt!

666 2031 101 74 So
820 2032 100 73 las
974 2063 75 43 er
1097 2040 256 79 weiter,
1408 2034 109 73 bis
1571 2063 76 44 es
1700 2035 160 72 dem
1897 2035 213 74 Alten
2161 2064 234 65 genug
2446 2036 235 74 schien
2734 2034 142 73 und

569 2158 75 45 er
703 2129 113 72 die
868 2129 407 75 Zeremonie
1343 2138 123 67 mit
1519 2132 160 73 dem
1732 2132 376 86 Kästchen,
2179 2133 291 72 diesmal
2523 2139 66 67 in
2643 2162 187 65 umge-

570 2225 277 74 kehrter
927 2228 352 93 Ordnung
1353 2228 126 74 der
1539 2229 471 94 Handlungen
2086 2229 474 74 wiederholte.
2674 2229 202 74 Auch

570 2322 171 85 dies,
795 2327 128 70 wie
975 2354 74 43 er
1098 2325 168 72 alles
1317 2337 122 74 tat,
1494 2331 122 67 mit
1668 2326 125 72 der
1844 2326 617 73 nachdrücklichen
2502 2326 329 73 Umständ-

570 2419 278 73 lichkeit
922 2421 219 72 selbst
1209 2426 67 67 in
1339 2422 136 73 den
1548 2422 533 94 Nebendingen,
2161 2424 116 72 die
2344 2424 201 72 allem
2616 2429 260 66 seinem

569 2516 449 73 Vornehmen
1069 2516 448 94 Wichtigkeit
1583 2520 144 71 und
1778 2519 264 74 Würde
2091 2520 164 93 gab.
2358 2521 206 72 Dann
2616 2519 138 72 ließ
2806 2548 74 43 er

569 2613 104 72 für
720 2613 134 72 den
892 2614 172 72 Rest
1098 2614 126 72 des
1252 2614 300 74 Abends
1590 2615 137 73 den
1765 2618 183 70 alten
1986 2617 121 71 Dr.
2137 2614 357 95 Seespeck
2527 2646 80 43 zu
2634 2617 243 72 Worte

569 2711 353 85 kommen,
979 2712 124 71 der
1154 2716 67 67 in
1273 2712 337 94 ungefähr
1662 2713 136 73 den
1850 2718 291 89 jetzigen
2193 2714 256 92 Jahren
2486 2713 391 94 Seespecks

569 2808 101 73 als
706 2807 364 74 Vorläufer
1122 2808 120 73 Dr.
1282 2808 277 74 Besters
1613 2815 67 66 in
1717 2810 249 73 Wedel
2019 2815 154 68 eine
2217 2811 232 74 Praxis
2503 2811 374 94 begonnen

570 2904 212 73 hatte.
885 2904 89 73 Er
1041 2905 192 74 hätte
1308 2911 91 68 im
1458 2896 331 84 Äußeren
1859 2907 264 73 diesem
2185 2907 240 74 Sohne
2491 2907 384 94 geglichen,

569 3001 330 93 übrigens
951 3007 98 67 sei
1085 3031 75 44 er
1211 3005 108 70 ein
1373 3001 309 75 forscher
1715 3004 143 72 und
1908 3003 341 94 tüchtiger
2282 3005 213 73 Mann
2531 3033 344 65 gewesen,

569 3111 124 80 gut
751 3127 80 43 zu
885 3098 254 74 Pferde
1200 3099 142 73 und
1403 3101 470 72 unermüdlich
1941 3130 82 43 zu
2086 3099 169 75 Fuß.
2358 3102 155 72 Den
2583 3101 294 74 Schluck

571 3193 234 74 haben
857 3192 118 75 Sie
1027 3194 175 75 auch
1253 3225 139 43 von
1444 3196 161 85 ihm,
1661 3197 190 94 fügte
1903 3226 74 43 er
2028 3196 222 86 hinzu,
2306 3226 74 43 er
2429 3210 276 81 vertrug
2754 3226 126 43 nur

571 3304 211 59 etwas
852 3290 195 73 mehr
1113 3292 101 73 als
1268 3292 117 74 Sie
1606 3292 183 88 kurz,
1863 3321 73 44 er
1995 3294 272 73 machte
2328 3292 142 75 sich
2524 3294 158 73 kein
2736 3294 94 73 Ge-

569 3393 250 68 wissen
882 3388 273 86 daraus,
1226 3418 112 43 am
1390 3388 692 74 Weihnachtsabend
2143 3391 281 73 merken
2481 3418 82 44 zu
2623 3391 253 85 lassen,

570 3490 128 68 wie
748 3485 539 74 verwunderlich
1341 3487 143 72 und
1536 3485 215 75 außer
1785 3488 165 72 aller
1985 3488 550 94 hergebrachten
2569 3488 134 74 Art
2736 3488 140 72 ihm

574 3581 230 75 dieses
857 3582 179 74 noch
1089 3589 253 87 jungen
1397 3584 376 73 Menschen
1809 3584 301 74 Treiben
2164 3584 332 74 erschien.
2592 3584 283 74 Freilich

574 3677 185 74 ohne
814 3678 139 73 daß
1007 3680 355 94 Seespeck
1414 3680 139 72 ihm
1606 3710 154 43 zum
1813 3682 207 73 Dank
2072 3695 212 60 etwas
2338 3681 315 74 Näheres
2705 3682 174 73 oder

571 3789 201 60 sonst
798 3776 458 74 Erklärendes
1285 3776 173 74 über
1484 3781 190 69 seine
1693 3777 388 74 Absichten
2110 3777 191 74 hätte
2329 3808 214 65 sagen
2573 3779 301 72 können.

572 3870 89 74 Er
726 3871 208 73 nahm
1007 3873 112 72 die
1186 3873 747 75 unschmeichelhaften
1985 3873 407 95 Vergleiche
2446 3880 120 66 mit
2616 3879 259 67 seinem

570 3968 216 74 Vater
837 3969 138 85 hin,
1031 3970 234 73 indem
1318 3998 75 45 er
1444 4000 86 44 an
1585 3972 137 72 den
1769 3976 258 86 jungen
2081 3973 263 72 Pessim
2399 3970 271 74 dachte.
2775 3969 100 74 So
