2776 3957
1848 177 311 51 TEK
2242 178 50 50 H
2375 178 53 50 N
2512 180 41 49 E

2423 3611 162 74 183

347 1509 70 33 Fig.
440 1509 94 45 III.
557 1509 24 45 -
604 1509 117 45 Coupe
746 1513 45 27 du
820 1513 82 27 Fort
929 1514 127 33 Shelby
1083 1509 170 45 Garage.
1277 1509 24 45 -
1325 1509 49 45 On
1402 1523 38 20 se
1471 1518 82 25 rend
1586 1519 138 31 compte
1755 1519 73 27 très
1858 1519 171 28 aisément
2058 1521 41 26 de
2131 1521 29 27 la
2191 1521 206 33 disposition

343 1559 43 26 de
417 1559 30 27 la
477 1566 119 26 rampe
624 1561 57 32 qui
716 1561 130 27 s'élève
875 1563 85 27 dans
995 1563 29 27 la
1055 1564 171 32 longueur
1256 1566 45 27 du
1332 1566 181 33 bâtiment,
1543 1567 41 26 de
1616 1568 31 27 ia
1677 1567 149 28 hauteur
1856 1568 80 27 d'un
1967 1569 215 33 demi-étage
2216 1571 61 31 (de
2306 1572 24 25 A
2359 1577 40 20 en

347 1608 58 33 B).
439 1609 48 26 On
518 1609 158 34 aperçoit
709 1617 38 21 en
779 1611 158 34 pointillé
967 1613 31 28 la
1025 1613 184 28 deuxième
1238 1614 112 32 partie
1377 1615 43 26 de
1449 1615 29 27 la
1508 1623 120 25 rampe
1655 1616 56 33 qui
1744 1617 146 28 conduit
1918 1618 18 27 à
1965 1618 126 33 l'étage
2119 1619 187 32 supérieur
2340 1620 60 33 (de

1276 1664 26 25 B
1330 1670 39 21 en
1398 1665 58 31 C).

161 1888 82 33 par
288 1879 159 45 quatre
487 1875 168 46 parties
698 1872 213 45 inclinées
954 1877 213 47 séparées
1210 1884 126 32 entre

161 1935 108 42 elles
309 1952 84 36 par
434 1945 159 43 quatre
635 1936 165 51 paliers
843 1938 366 51 correspondant
1251 1957 86 24 aux

160 1999 156 51 angles
346 2002 56 42 de
429 2011 118 33 cette
572 2018 160 34 rampe
757 2004 179 41 discont
956 2019 87 26 nue
1069 2006 74 48 qui
1169 2002 167 44 affecte

161 2065 42 42 la
241 2066 149 42 forme
426 2064 111 43 d'un
574 2069 139 41 carré.
751 2067 85 42 Les
872 2069 168 46 parties
1075 2075 262 32 montantes

161 2130 59 45 de
250 2131 42 42 la
322 2147 160 36 rampe
516 2141 80 32 ont
625 2133 192 40 environ
848 2131 59 43 42
943 2133 167 41 mètres
1142 2129 58 43 de
1231 2131 108 50 long

162 2213 55 24 au
255 2195 87 42 lieu
380 2196 58 42 de
481 2196 88 42 110
607 2198 167 39 mètres
808 2215 54 24 au
899 2195 107 43 Fort
1039 2194 173 54 Shelby
1244 2194 62 42 Ga-

162 2276 107 34 rage
307 2269 46 33 et
392 2261 60 42 20
493 2263 168 41 mètres
701 2259 115 44 dans
852 2262 64 42 les
954 2277 190 35 garages
1184 2260 156 50 Humy

163 2324 160 44 Motor
367 2324 173 52 Ramp:
591 2326 29 43 Il
663 2324 189 42 s'ensuit
898 2324 314 43 évidemment
1254 2342 87 26 une

161 2392 199 41 certaine
389 2391 314 43 déformation
731 2390 81 43 des
842 2390 179 49 châssis,
1055 2400 44 32 et
1125 2407 81 33 par
1234 2408 79 24 con-

161 2457 193 51 séquent
387 2455 80 43 des
499 2457 308 51 carrosseries,
840 2453 212 54 pendant
1082 2453 43 42 la
1158 2455 160 41 circula-

161 2522 97 40 tion
285 2521 83 43 des
393 2522 204 42 voitures
623 2537 74 24 sur
726 2518 42 45 la
796 2535 172 35 rampe,
1004 2520 210 43 d'autant
1240 2518 101 51 plus

162 2583 196 52 qu'avec
384 2602 89 26 une
502 2588 33 39 si
563 2583 140 46 faible
732 2585 233 51 longueur,
997 2584 43 43 la
1066 2592 140 42 pente
1233 2593 109 41 peut

163 2648 228 45 atteindre
421 2650 183 51 jusqu'à
638 2650 26 42 8
701 2654 24 39 à
760 2650 28 41 9
826 2649 109 52 0/0.

226 2724 66 42 Ce
314 2724 117 42 n'est
453 2743 82 34 pas
558 2723 151 43 l'idéal
734 2740 116 37 pour
873 2724 64 42 les
959 2725 202 41 voitures
1185 2726 157 50 garées

162 2806 57 25 en
247 2790 34 43 B
319 2789 103 53 (fig.
450 2789 94 51 V).
573 2790 118 42 Leur
715 2790 200 51 position
943 2799 66 33 est
1034 2789 150 52 plutôt
1209 2804 106 25 anor-

162 2853 141 44 male!
346 2854 95 44 Elle
483 2855 301 51 apparaîtrait
826 2856 151 40 même
1018 2853 196 52 quelque
1254 2870 88 34 peu

160 2918 199 44 barbare
386 2922 26 39 à
438 2920 42 41 la
508 2917 184 53 plupart
720 2920 80 42 des
827 2916 364 45 automobilistes
1222 2918 96 42 fran-

162 2985 91 40 çais
289 2985 74 51 qui
398 2985 214 48 soignent
648 3001 112 25 avec
798 2981 282 51 application
1118 2983 94 41 leur
1246 2984 72 39 voi-

164 3058 110 33 ture.
311 3050 118 43 Mais
462 3067 55 24 en
551 3049 253 50 Amérique
838 3065 58 25 on
930 3066 56 24 ne
1019 3049 210 40 raisonne
1260 3064 82 35 pas

164 3116 125 44 ainsi.
330 3112 103 45 Une
469 3115 179 41 voiture
687 3121 67 33 ect
792 3114 92 42 vite
927 3111 122 54 faite,
1091 3114 92 40 vite
1221 3115 119 47 usée,

162 3179 93 41 vite
296 3177 272 50 remplacée.
608 3177 121 43 Tant
766 3178 68 49 pis
873 3176 122 44 donc
1033 3179 34 39 si
1105 3176 84 44 elle
1228 3175 114 50 pâtit

163 3260 56 25 au
245 3246 189 51 garage!

226 3318 64 43 La
319 3319 145 48 figure
490 3318 64 43 VI
584 3326 183 35 montre
795 3333 88 28 une
913 3326 127 33 autre
1070 3315 271 51 disposition

1412 1874 58 42 de
1517 1892 167 36 garage
1734 1877 78 42 des
1863 1875 363 44 établissements
2273 1879 57 41 de
2379 1878 23 41 T
2411 1879 169 42 United

1412 1940 193 53 Storage
1640 1940 150 53 Floor,
1826 1943 115 39 mais
1971 1940 41 44 le
2044 1942 193 43 nombre
2272 1942 80 43 des
2384 1946 197 39 voitures

1414 2004 155 52 logées
1595 2021 73 26 sur
1692 2005 43 42 la
1762 2022 160 33 rampe
1948 2015 66 35 est
2040 2023 164 25 encore
2231 2006 98 51 plus
2356 2009 112 49 petit
2497 2025 82 33 que

1416 2067 115 45 dans
1555 2070 43 42 le
1622 2085 168 36 garage
1816 2071 261 48 représenté
2105 2075 27 39 à
2157 2069 42 45 la
2226 2071 143 50 figure
2396 2072 59 43 V.

1478 2145 70 44 De
1580 2155 100 33 tous
1709 2146 63 42 les
1802 2146 231 50 exemples
2064 2165 86 33 que
2179 2163 117 26 nous
2322 2165 175 25 venons
2527 2149 56 41 de

1416 2211 120 49 citer,
1568 2209 109 44 c'est
1704 2209 180 44 celui-là
1912 2227 86 35 que
2025 2227 114 26 nous
2164 2211 249 49 préférons,
2445 2229 74 24 car
2541 2215 40 38 la

1416 2291 160 34 rampe
1613 2276 148 41 arrive
1797 2276 109 41 ainsi
1944 2279 26 38 à
2006 2278 93 39 être
2138 2291 193 35 presque
2366 2275 190 51 indépen-

1417 2338 153 45 dante.
1603 2338 64 42 La
1697 2338 263 43 circulation
1992 2357 170 35 propre
2193 2345 24 38 à
2249 2341 174 50 chaque
2456 2343 129 47 étage

1426 2403 100 52 (qui
1553 2423 26 23 a
1605 2421 69 25 ses
1701 2403 185 45 besoins
1913 2402 277 51 particuliers
2223 2423 8 24 :
2260 2406 113 42 dans
2399 2405 42 43 la
2463 2409 96 47 jour-

1418 2471 85 39 née
1536 2484 117 37 pour
1684 2467 257 45 l'entretien
1976 2468 80 43 des
2090 2471 201 39 voitures
2324 2488 56 24 ou
2416 2470 41 41 la
2491 2474 94 36 nuit

1418 2550 118 35 pour
1558 2531 42 46 le
1623 2533 189 52 lavage)
1846 2551 57 25 ne
1928 2534 148 49 risque
2099 2550 83 36 pas
2209 2533 143 44 d'être
2379 2531 207 45 troublée

1417 2615 83 33 par
1530 2596 42 42 la
1600 2596 264 44 circulation
1892 2597 211 53 générale
2133 2596 60 45 du
2222 2614 177 37 garage.

1482 2660 74 43 Un
1598 2670 99 33 mot
1738 2662 284 42 maintenant
2068 2662 79 43 des
2190 2662 184 52 façades
2414 2663 56 42 de
2516 2681 70 24 ces

1419 2742 190 35 garages
1643 2727 29 43 d
1694 2743 88 25 une
1816 2725 169 43 famille
2017 2724 105 44 bien
2157 2726 294 50 particulière.

1487 2789 63 45 La
1576 2791 144 52 figure
1746 2790 33 44 II
1807 2791 259 50 représente
2093 2810 86 24 une
2208 2792 79 42 des
2314 2789 185 53 façades
2526 2792 58 42 du

1418 2854 108 43 Fort
1553 2853 174 54 Shelby
1754 2872 179 35 garage.
1964 2855 113 42 Rien
2105 2872 55 26 ne
2190 2855 149 43 révèle
2367 2857 193 40 extérieu-

1418 2928 176 33 rement
1625 2918 260 44 l'existence
1922 2917 56 44 de
2012 2917 40 42 la
2084 2935 171 33 rampe.
2295 2916 287 52 Cependant,

1416 2979 176 44 n'eût-il
1623 2998 82 34 pas
1736 2982 70 40 été
1836 2980 99 51 plus
1965 2982 281 45 intéressant,
2280 2978 99 53 plus
2410 2978 176 51 simple,

1419 3052 44 33 et
1492 3044 74 51 qui
1593 3045 84 41 sait
1706 3042 139 46 d'une
1875 3042 230 44 meilleure
2136 3041 228 52 publicité,
2400 3044 56 43 de
2485 3062 75 25 sou-

1418 3107 142 51 ligner
1589 3125 55 27 au
1671 3109 237 52 contraire,
1939 3125 55 24 en
2023 3107 177 54 façade,
2229 3107 42 43 la
2301 3108 129 51 place
2460 3109 57 43 de
2545 3110 42 39 îa

1420 3189 159 34 rampe
1615 3190 82 34 par
1731 3173 80 42 des
1847 3171 197 44 fenêtres
2078 3172 214 45 inclinées
2329 3191 73 26 sur
2437 3171 129 44 l'hori-

1419 3235 210 45 zontale?

1484 3312 127 44 Nous
1643 3312 216 44 donnons
1892 3330 165 25 encore
2099 3312 101 53 (fig.
2236 3312 70 53 X)
2348 3313 42 43 la
2428 3313 162 52 façade

164 3492 519 53 SUPPLEMENT
747 3491 112 51 AU
922 3487 334 55 VOLUME
1325 3487 96 52 VI.
1622 3486 81 51 N°
1738 3486 63 54 11
1863 3485 102 52 DE
2037 3505 31 33 «
2130 3486 100 52 LA
2296 3486 181 52 CITE
2540 3504 46 33 ».
