2776 3957
1921 169 311 53 TEK
2316 175 49 48 H
2450 176 50 48 N
2586 178 39 49 E

2461 3599 162 78 189

289 344 94 40 Nos
426 344 190 42 lecteurs
658 356 104 31 sont
807 351 284 40 maintenant
1138 355 255 48 renseignés

226 423 73 22 sur
332 416 101 33 tous
468 407 64 42 les
564 411 219 47 systèmes
819 413 57 41 de
910 429 188 35 garages
1133 415 257 42 modernes.

228 469 116 50 Quel
378 481 65 32 est
475 470 40 43 le
545 471 230 44 meilleur?
819 473 29 43 Il
880 486 65 31 est
975 477 105 41 bien
1114 478 187 43 difficile
1336 487 57 33 de

227 532 39 45 le
291 535 107 41 dire.
427 534 79 42 Tel
533 543 108 41 type
667 537 56 42 de
749 555 165 36 garage
937 540 281 44 conviendra
1244 544 149 41 mieux

227 614 86 33 que
340 598 57 41 tel
428 607 125 33 autre
581 598 129 44 selon
734 600 40 42 le
800 604 177 46 terrain,
1011 605 40 40 le
1075 606 246 48 voisinage,
1353 606 40 41 le

227 677 126 36 pa3's,
397 663 41 40 la
478 661 208 44 clientèle
727 668 25 37 à
793 664 193 50 laquelle
1026 668 26 40 il
1095 678 65 32 est
1202 668 188 42 dest'né.

225 722 125 42 C'est
379 724 41 41 le
450 723 96 44 rôle
576 723 58 44 de
667 726 276 42 l'architecte
974 730 56 42 de
1061 736 148 38 savoir
1241 733 40 41 le
1315 731 51 41 dé-

225 789 214 39 terminer
471 797 300 33 exactement.

287 875 125 42 Nous
462 892 189 25 verrons
701 877 114 41 dans
866 894 58 24 un
971 878 217 51 prochain
1239 879 151 41 article

1468 358 234 30 comment
1737 365 57 23 on
1832 358 108 39 peut
1975 349 215 45 résoudre
2227 353 38 41 le
2301 355 237 48 problème
2574 355 55 41 de

1469 409 41 41 la
1539 414 201 39 création
1773 414 56 42 de
1859 412 166 52 grands
2055 431 188 33 garages
2272 415 112 43 dans
2413 417 39 43 le
2482 430 148 28 centre

1470 480 56 37 de
1559 476 122 41 Paris
1712 479 57 38 où
1797 476 50 42 ils
1877 478 99 40 font
2006 476 268 42 totalement
2305 478 171 45 défaut.
2509 482 122 40 Nous

1469 536 154 43 dirons
1657 538 257 50 également
1945 550 231 31 comment
2206 543 26 40 il
2266 542 93 41 faut
2391 548 240 36 concevoir

1469 602 38 42 le
1541 601 270 41 rendement
1843 602 273 41 immobilier
2152 604 107 41 d'un
2294 607 142 47 grand
2469 623 162 35 garage

1468 664 237 44 moderne.

1475 753 69 50 (A
1578 770 49 24 su
1647 753 120 50 vre.)

1993 753 147 42 Pierre
2172 753 321 47 FOURNIER,

1945 816 260 43 Architecte
2244 814 205 52 diplômé
2486 833 79 36 par

2018 878 40 43 le
2091 888 372 43 gouvernement.

300 1487 818 73 ERREURS
1278 1487 180 73 ET
1613 1489 956 76 ILLUSIONS

282 1660 127 41 Nous
444 1679 56 24 ne
536 1675 196 34 croyons
769 1676 82 33 pas
891 1658 105 50 qu'il
1035 1659 122 42 faille
1194 1659 196 51 prendre

220 1722 91 42 fort
345 1739 55 23 au
435 1724 176 38 sérieux
647 1720 40 42 la
722 1723 199 39 causerie
954 1739 87 32 que
1076 1721 51 41 fit
1166 1722 198 42 dernière-

218 1794 137 45 ment(
426 1786 26 38 à
517 1781 104 43 l'Un
628 1785 181 39 iversité
874 1781 238 53 populaire
1186 1783 198 46 d'Uccle,

218 1844 62 45 M.
324 1845 109 41 Paul
473 1844 269 42 Bonduelle.

287 1931 115 49 Sous
435 1952 59 22 un
525 1934 101 40 titre
708 1957 14 4 -
755 1947 21 25 «
811 1930 84 42 Les
927 1946 171 28 erreurs
1129 1941 44 32 et
1204 1932 62 41 les
1296 1931 74 43 illu-

218 1997 121 38 sions
383 1994 80 42 des
506 1992 305 42 modernistes
854 2009 22 25 »
1032 1992 139 52 qu'on
1215 2006 73 30 eut
1331 2011 59 33 pu

218 2065 184 31 trouver
426 2054 194 51 quelque
642 2073 88 32 p~u
753 2054 201 50 agressif,
978 2057 127 41 voire
1126 2056 260 49 méprisant,

219 2117 61 41 M.
311 2115 256 44 Bonduelle
599 2116 73 42 n'a
699 2119 137 48 guère
864 2119 203 47 exprimé
1100 2135 85 33 que
1213 2117 62 42 les
1302 2120 88 39 très

216 2178 191 42 banales
434 2178 258 52 objections
720 2178 133 41 faites
878 2196 82 33 par
990 2176 63 44 les
1079 2182 159 46 esprits
1265 2195 99 33 scep-

217 2244 145 47 tiques
387 2250 44 31 et
454 2240 181 44 timides
661 2241 172 41 devant
861 2240 306 44 l'orientation
1194 2241 195 42 décisive

218 2302 57 43 de
306 2302 176 43 l'effort
515 2302 316 41 architectural
861 2305 362 48 contemporain.

284 2376 31 42 Il
344 2376 96 42 faut
466 2376 105 44 bien
598 2376 229 42 admettre
854 2395 87 33 que
968 2380 43 38 ni
1040 2376 61 43 les
1133 2388 181 39 regrets,
1347 2381 41 37 ni

216 2437 63 42 les
318 2441 213 48 critiques
575 2437 57 43 de
675 2438 60 48 M.
781 2437 256 44 Bonduelle
1080 2458 55 23 ne
1176 2442 213 49 pèseront

218 2499 108 45 d'un
368 2499 136 51 poids
550 2500 90 42 fort
682 2500 132 42 lourd
859 2500 114 43 dans
1013 2501 40 42 le
1093 2511 296 34 mouvement

216 2564 73 47 qui
331 2565 207 40 entraîne
579 2561 293 52 aujourd'hui
915 2563 101 43 l'art
1058 2574 44 31 et
1142 2562 223 44 l'architec-

216 2634 95 32 ture
344 2627 195 41 vivants.

372 2710 132 42 Vous
534 2711 153 52 parlez
715 2713 57 41 de
797 2730 102 24 sens
927 2716 199 47 critique,
1158 2714 230 42 Monsieur

214 2771 277 43 Bonduelle!
531 2774 57 41 de
621 2774 94 45 bon
752 2792 114 32 sens,
908 2774 56 42 de
999 2775 215 45 tradition
1251 2787 43 31 et
1331 2776 57 41 de

1465 1662 190 41 culture!
1697 1662 161 50 Voyez
1897 1679 182 25 comme
2119 1680 73 25 ces
2230 1672 166 35 termes
2434 1673 201 40 peuvent

1465 1726 93 38 être
1620 1726 269 48 interprétés
1951 1724 90 41 fort
2104 1723 343 43 différemment
2504 1725 128 41 selon

1466 1785 138 50 qu'on
1644 1785 61 41 les
1743 1795 92 31 met
1872 1803 55 24 au
1967 1789 172 38 service
2178 1786 57 42 de
2272 1786 363 43 considérations

1465 1864 56 23 en
1544 1846 216 41 chambre
1782 1847 134 49 close,
1947 1865 56 23 ou
2027 1850 24 39 à
2075 1847 112 42 celui
2300 1852 73 47 qui
2397 1866 113 29 nous
2533 1866 75 33 pas-

1465 1910 157 40 sionne
1745 1908 56 42 de
1829 1908 40 41 la
1894 1912 72 38 vie
1996 1909 56 41 de
2079 1919 130 33 notre
2234 1910 153 42 siècle!
2423 1910 83 42 Les
2533 1927 75 25 sou-

1464 1973 149 38 venirs
1650 1973 72 47 qui
1758 1987 115 27 vous
1910 1969 190 43 hantent
2135 1983 103 31 sont
2276 1971 118 45 donc
2432 1973 108 41 faux
2578 1988 56 25 au

1465 2034 130 47 point
1629 2049 86 32 que
1747 2048 115 26 vous
1896 2050 56 24 ne
1987 2049 179 34 pouvez
2200 2051 81 32 pas
2317 2036 220 47 imaginer
2572 2034 62 41 les

1465 2091 197 43 audaces
1719 2093 80 44 des
1860 2097 186 38 maîtres
2102 2098 184 38 anciens
2344 2094 289 52 guidant

1468 2162 111 40 leurs
1601 2158 373 46 contemporains
2005 2155 69 51 (et
2095 2174 91 25 non
2215 2160 191 38 asservis
2427 2175 82 32 par
2531 2175 97 33 eux,

1465 2232 181 25 comme
1684 2233 116 27 vous
1837 2233 116 27 vous
1994 2216 168 52 plaisez
2203 2222 25 37 à
2269 2221 39 40 le
2347 2218 189 50 croire).
2580 2218 53 42 Et

1464 2277 109 42 c'est
1604 2295 55 23 au
1686 2295 109 24 nom
1823 2278 57 43 de
1909 2296 74 24 ces
2012 2279 107 41 faux
2144 2283 235 39 souvenirs
2406 2298 87 33 que
2519 2296 114 26 vous

1464 2338 248 50 prétendez
1740 2344 129 46 juger
1896 2358 83 25 nos
2008 2340 211 49 audaces,
2254 2342 56 41 de
2338 2345 88 38 très
2455 2342 103 48 loir.,
2589 2350 44 33 et

1463 2417 112 25 avec
1605 2404 187 39 ironie...

1532 2462 129 41 Vous
1691 2479 146 34 voyez
1866 2481 86 33 que
1980 2482 113 25 nous
2120 2482 55 25 ne
2203 2469 203 38 saurions
2435 2466 196 50 prendre

1463 2540 83 31 vos
1588 2524 200 44 discours
1827 2542 55 24 au
1924 2528 186 45 sérieux,
2156 2536 43 32 et
2242 2544 86 32 que
2370 2527 174 43 l'ironie
2585 2545 47 24 se

1463 2589 231 38 retourne!
1726 2586 44 41 A
1800 2590 133 47 peine
1966 2587 243 52 d'ailleurs,
2240 2606 75 24 car
2345 2606 113 25 nous
2488 2606 143 25 avons

1462 2646 28 42 d
1514 2657 147 34 autres
1682 2648 153 43 tâches
1858 2666 85 33 que
1965 2649 111 42 celle
2100 2650 57 41 de
2183 2652 216 48 ménager
2421 2651 62 42 les
2504 2668 100 32 scep-

1463 2712 156 47 tiques,
1656 2710 57 41 de
1745 2710 282 42 tranauiliser
2059 2712 62 42 les
2153 2712 212 42 craintifs.

2103 2787 97 48 Em.
2233 2787 325 45 HENVAUX.

211 3467 520 54 SUPPLEMENT
797 3470 109 51 AU
968 3470 333 53 VOLUME
1369 3471 96 52 VI.
1531 3504 77 5 -
1667 3474 80 49 N»
1787 3474 56 53 11
1907 3474 100 52 DE
2079 3494 30 32 «
2173 3476 98 51 LA
2338 3478 178 50 CITE
2581 3497 45 31 ».
