2776 3957
2427 3675 162 73 195

1823 255 312 52 TEK
2218 253 49 51 H
2351 253 53 53 N
2489 253 41 51 E

631 436 1414 80 BIBLIOGRAPHIE

200 618 81 41 LA
339 616 139 42 MISE
537 615 77 42 EN
674 614 189 43 SCENE
919 612 382 44 THEATRALE

130 677 509 52 D'AUJOURD'HUI,
672 695 81 32 par
781 676 192 46 Camille
1005 674 295 47 POUPEYE,

123 740 294 42 illustrations
442 740 56 42 de
523 738 46 45 P.
595 736 351 52 FLOUQUET,
981 755 89 24 aux
1099 736 207 43 Editions

122 819 22 25 «
177 802 253 49 L'Equerre
461 816 40 34 »,
534 799 245 44 Bruxelles.

203 863 85 42 Cet
355 879 202 33 ouvrage
626 860 332 50 remarquable.
1028 860 61 41 dû
1155 867 26 37 à
1245 875 58 25 un

134 924 254 51 spécialiste
414 925 239 41 renommé
672 922 106 43 bien
797 921 186 42 au-delà
1002 921 59 41 de
1080 938 84 24 nos
1186 921 96 41 fron-

129 989 146 44 tières,
323 989 268 38 intéressera
637 983 278 43 l'architecte
962 982 280 45 moderniste
1285 987 26 38 à

130 1050 101 52 plus
264 1049 109 42 d'un
408 1051 122 43 titre;
565 1064 92 25 non
690 1045 252 41 seulement
972 1062 82 33 par
1088 1044 43 42 la
1166 1044 108 41 docu-

133 1114 255 38 mentation
407 1108 235 51 complète
665 1106 107 51 qu'il
793 1106 238 48 renferme,
1057 1109 113 37 mais
1191 1107 116 38 aussi

129 1190 85 33 par
249 1172 173 50 l'esprit
463 1173 73 48 qui
572 1169 186 42 l'anime
801 1188 8 23 :
851 1167 48 44 C.
940 1168 215 49 Poupeye
1190 1169 112 39 situe

132 1234 381 52 judicieusement
548 1232 65 41 les
644 1229 199 43 audaces
880 1229 78 41 des
993 1228 313 48 dramaturges

138 1307 43 30 et
214 1296 79 41 des
323 1304 218 32 metteurs
572 1312 54 24 en
658 1295 146 52 scène,
838 1291 63 41 les
934 1290 211 50 explique
1174 1300 45 31 et
1249 1288 64 41 les

139 1374 271 34 encourage.

207 1420 127 41 Nous
369 1435 114 26 nous
517 1417 203 51 plaisons
756 1422 26 38 à
816 1417 109 40 citer
958 1415 63 41 les
1056 1413 141 50 lignes
1230 1415 63 38 sui-

141 1490 160 33 vantes
332 1498 86 33 que
449 1496 219 25 consacre
698 1481 26 38 à
754 1477 237 48 l'ouvrage
1023 1476 57 42 de
1111 1474 49 45 C.
1200 1474 85 41 Pou-

141 1561 128 33 peye,
299 1542 115 42 dans
436 1542 43 42 la
500 1540 122 43 belle
644 1554 140 27 revue
809 1541 139 39 suisse
974 1536 125 42 «Das
1125 1535 185 46 Werk»,

141 1604 54 42 V.
229 1604 201 42 Vincent
467 1622 8 23 :

207 1683 21 26 «
271 1666 73 45 Un
388 1666 114 43 livre
537 1664 137 50 belge
717 1663 109 41 d'un
865 1663 165 41 intérêt
1068 1659 247 50 dépassant

139 1728 373 50 singulièrement
537 1726 42 42 la
602 1740 181 27 carrure
812 1724 57 41 de
895 1724 41 40 la
962 1721 267 43 médiocrité
1255 1719 40 41 la-

141 1800 125 33 tente
310 1789 59 42 de
413 1806 74 25 ces
529 1797 145 33 sotres
718 1786 289 49 d'ouvrages.
1055 1783 134 41 Voici
1231 1798 86 26 une

140 1852 138 42 étude
318 1854 89 38 très
443 1853 197 39 sérieuse
677 1858 45 31 et
755 1845 388 44 admirablement
1179 1844 109 40 docu-

141 1916 183 40 mentée
360 1930 73 24 sur
466 1912 129 41 l'état
630 1911 60 41 du
725 1909 189 47 théâtre,
954 1917 46 33 et
1033 1909 136 39 écrite
1205 1905 114 41 dans

140 1995 88 24 une
258 1978 165 47 langue
454 1974 124 50 drue,
610 1975 166 44 stricte,
808 1973 162 44 serrée,
1005 1969 29 41 d
1054 1985 88 25 une
1171 1970 122 38 conci-

139 2041 100 41 sion
269 2048 44 31 et
340 2036 110 42 d'un
476 2037 140 49 esprit
640 2050 197 35 presque
863 2030 382 49 mathématiques
1273 2044 40 40 »,

142 2110 99 46 etc.,
278 2109 84 33 etc.

207 2161 31 42 Il
276 2161 97 42 faut
408 2163 117 39 aussi
560 2156 167 44 rendre
759 2156 264 49 hommage,
1065 2170 181 26 comme
1282 2151 40 40 le

146 2224 82 41 fait
268 2222 59 43 V.
375 2221 215 50 Vincent,
636 2236 89 26 aux
767 2229 193 31 travaux
1004 2215 318 43 d'illustration

146 2288 212 39 exécutés
400 2301 85 35 par
528 2282 40 44 le
609 2285 178 49 peintre
830 2279 237 50 Flouquet.
1113 2276 56 42 Et
1210 2291 114 26 nous

145 2348 217 43 n'aurons
407 2344 143 53 garde
598 2344 28 42 d
650 2342 176 43 oublier
871 2342 43 42 la
959 2340 179 42 Société
1187 2337 65 42 «L
1271 2337 26 42 E-

148 2427 160 34 querre
344 2425 23 25 »
412 2410 75 48 qui
521 2410 215 49 présenta
769 2422 51 25 ce
858 2403 111 42 livre
1003 2419 113 24 avec
1151 2399 40 43 le
1226 2400 99 50 plus

146 2471 147 52 grand
329 2474 113 44 soin,
481 2479 100 32 tout
616 2488 55 23 en
708 2469 289 40 maintenant
1030 2481 59 25 un
1125 2466 100 47 prix
1259 2477 44 25 re-

148 2532 402 52 marquablement
583 2530 97 42 bas.
720 2529 74 43 Un
831 2530 98 38 vrai
964 2537 103 31 tour
1105 2525 56 42 de
1202 2525 125 40 force

151 2595 273 42 d'éditeur...

220 2742 163 44 VERS
408 2740 126 44 UNE
562 2736 383 46 CONSCIENCE
973 2732 357 51 PLASTIQUE.

240 2805 169 43 Albert
433 2804 197 49 Gleizes,
654 2803 42 42 le
714 2804 180 49 peintre
914 2799 107 42 bien
1043 2814 164 30 connu,
1233 2796 75 52 pré-

155 2885 123 35 pare,
313 2884 116 35 pour
457 2868 202 50 paraître
688 2881 56 25 en
777 2860 269 47 novembre,
1076 2877 61 28 un
1166 2862 140 46 impor-

156 2940 100 32 tant
284 2929 189 42 volume
513 2946 7 23 :
558 2944 22 24 «
613 2925 119 43 Vers
762 2942 89 26 une
880 2926 268 39 conscience
1183 2921 130 51 plasti-

157 3010 87 34 que
283 3008 42 37 »,
364 2993 75 49 qui
475 2992 184 39 traitera
699 2987 42 42 la
778 2989 211 49 question
1028 2986 56 41 de
1124 2989 211 44 rapports

157 3064 128 34 entre
320 3070 23 25 «
374 3053 42 42 la
443 3051 221 43 tradition
692 3060 45 32 et
764 3052 42 42 le
831 3047 206 43 cubisme
1066 3062 42 28 ».

229 3211 435 49 ANGLETERRE.
889 3225 23 27 «
955 3206 127 45 THE
1122 3202 181 46 ARCHI-

159 3277 210 45 TECTES
391 3273 295 56 JOURNAL
705 3290 42 32 »,
771 3289 139 25 revue
930 3270 60 43 de
1010 3267 331 45 l'architecture

163 3340 231 50 officielle,
427 3338 259 43 s'intéresse
715 3333 383 56 judicieusement
1125 3348 58 25 au
1213 3343 96 27 mou-

164 3413 189 33 vement
383 3399 226 43 moderne
640 3394 339 46 international.
1010 3392 98 45 Elle
1134 3409 27 25 a
1189 3388 154 56 publié

1376 625 86 24 une
1501 604 312 44 substantielle
1850 603 136 42 étude
2023 620 71 24 sur
2132 602 189 42 l'œuvre
2362 603 178 38 récente

1378 670 59 42 de
1472 668 51 43 R.
1564 665 386 46 Mallet-Stevens,
1990 667 25 38 à
2052 663 136 51 Passy
2231 662 171 51 (Paris)
2455 680 8 23 :
2502 661 40 40 la

1379 748 77 23 rue
1498 727 386 48 Mallet-Stevens,
1930 724 106 51 déjà
2077 724 104 41 bien
2220 740 177 25 connue
2434 722 109 41 chez

1378 808 127 26 nous.

1449 851 127 42 Dans
1607 868 58 25 un
1694 851 190 40 numéro
1915 847 223 46 ultérieur,
2167 848 41 41 la
2234 848 149 38 même
2410 860 136 26 revue

1380 913 193 51 publiait
1604 929 59 25 un
1696 909 155 42 article
1885 909 108 41 d'un
2025 910 139 47 esprit
2194 909 90 39 très
2315 909 205 48 apprécia-

1383 987 96 30 teur
1523 974 56 42 de
1605 973 61 43 M.
1694 971 56 41 H.
1778 969 283 49 Tomlinson,
2087 985 73 25 sur
2188 968 41 41 la
2253 969 180 40 récente
2462 977 65 31 tra-

1384 1036 187 41 duction
1612 1034 58 40 du
1709 1032 109 41 livre
1854 1032 166 48 capital
2059 1031 56 42 de
2153 1029 60 41 Le
2251 1028 242 41 Corbusier
2541 1044 7 23 :

1388 1114 22 25 «
1445 1097 117 41 Vers
1596 1113 88 25 une
1714 1093 316 42 Architecture
2063 1107 40 28 ».
2140 1090 92 42 Des
2261 1089 291 44 illustrations

1385 1159 182 40 d'autos
1606 1168 43 32 et
1692 1156 211 43 d'avions
1941 1154 211 41 exécutés
2190 1171 53 24 en
2282 1149 271 50 Angleterre

1384 1220 414 49 accompagnaient
1823 1216 38 43 le
1887 1225 135 31 texte.

1453 1281 149 47 Enfin,
1632 1280 41 41 la
1698 1281 151 40 même
1879 1293 141 26 revue
2044 1276 257 51 présentait,
2333 1272 113 42 dans
2472 1288 82 29 son

1386 1345 190 39 numéro
1610 1342 60 40 du
1713 1340 9 41 1
1740 1339 26 42 9
1802 1337 204 48 octobre,
2040 1353 87 24 une
2157 1338 113 39 série
2303 1333 57 43 de
2390 1333 137 51 photo-

1386 1403 210 52 graphies
1623 1403 57 42 de
1706 1403 332 40 constructions
2063 1400 204 39 récentes
2293 1395 209 42 réalisées
2530 1397 27 37 à

1390 1465 230 50 Glasgow.
1665 1462 92 43 Des
1797 1472 193 31 travaux
2028 1476 180 25 comme
2250 1458 63 41 les
2353 1456 206 42 Bureaux

1390 1526 157 42 Fraser
1583 1535 45 32 et
1665 1523 272 49 Borthwick,
1981 1538 84 35 par
2102 1519 275 43 l'architecte
2415 1517 140 43 A.-D.

1390 1588 178 49 Hislop,
1603 1587 79 41 des
1710 1584 302 43 installations
2040 1582 59 43 de
2123 1584 229 46 magasins
2378 1594 182 27 comme

1392 1650 134 41 celles
1566 1649 81 41 des
1684 1646 269 42 architectes
1991 1642 113 53 J.-T.
2145 1642 250 49 Thomson,
2442 1639 90 51 Kep-

1392 1715 73 46 pie
1502 1720 44 32 et
1586 1708 291 55 Henderson,
1920 1705 111 51 P.-J.
2071 1703 270 43 Westwood
2378 1712 45 32 et
2459 1700 69 44 Em-

1392 1773 176 47 berton,
1601 1770 164 51 Hislop
1794 1781 44 32 et
1866 1766 281 47 Carruthers,
2181 1774 232 33 montrent
2439 1777 125 27 assez

1393 1834 264 42 clairement
1687 1850 89 32 que
1803 1834 34 38 si
1868 1829 11 42 1
1901 1828 298 42 architecture
2227 1825 201 51 anglaise
2457 1840 81 25 con-

1395 1898 285 47 temporaine
1712 1911 56 23 ne
1798 1891 108 42 s'est
1941 1907 82 35 pas
2053 1905 166 28 encore
2249 1888 167 42 libérée
2453 1884 89 42 défi-

1396 1960 279 42 nitivement,
1712 1954 85 42 elle
1826 1953 215 41 s'oriente
2072 1959 253 34 nettement
2354 1964 102 27 vers
2488 1945 80 42 des

1395 2018 221 42 solutions
1642 2016 100 51 plus
1769 2013 292 44 rationnelles
2087 2022 44 32 et
2163 2013 79 41 des
2270 2011 171 41 formes
2466 2008 102 51 plus

1397 2078 294 52 dépouillées,
1732 2088 44 31 et
1808 2076 135 51 qu'en
1976 2085 99 31 tout
2105 2090 75 24 cas
2213 2074 62 40 les
2311 2088 22 25 «
2367 2070 138 50 styles
2540 2085 22 24 »

1396 2161 56 24 ne
1482 2151 103 32 sont
1614 2142 136 49 guère
1783 2156 55 24 en
1868 2137 208 41 honneur
2105 2136 164 50 auprès
2298 2133 83 44 des
2412 2136 157 47 jeunes

1399 2211 345 37 constructeurs,
1783 2203 151 37 même
1970 2199 40 40 le
2044 2194 116 53 style
2197 2212 22 26 «
2255 2205 92 31 arts
2383 2194 159 41 décora-

1400 2265 74 42 tifs
1509 2281 41 27 ».

1466 2384 355 46 HOLLANDE.
2039 2398 22 26 «
2138 2377 436 47 BOUWKUNDIG

1404 2447 349 44 WEEKBLAD
1825 2445 76 43 EN
1974 2439 497 48 ARCHITECTURA
2547 2454 22 25 »

1405 2528 215 27 consacre
1656 2526 83 25 son
1779 2510 190 40 numéro
2007 2506 59 42 42
2106 2508 27 39 à
2167 2505 11 41 1
2197 2503 247 42 architecte
2477 2517 66 29 mo-

1408 2574 198 42 derniste
1632 2571 184 47 Dudok,
1852 2569 115 42 dont
1996 2586 59 24 on
2087 2568 227 50 apprécie,
2345 2582 57 25 en
2433 2562 120 50 Belgi-

1408 2653 98 39 que,
1538 2635 64 41 les
1628 2637 274 46 importants
1929 2640 45 32 et
1999 2626 342 54 remarquables
2369 2635 205 37 travaux,

1407 2697 181 42 réalisés
1612 2705 290 33 notamment
1932 2699 27 39 à
1985 2691 275 45 Hilversum.
2289 2688 86 42 Les
2399 2687 154 42 confrè-

1409 2776 69 25 res
1532 2756 258 43 hollandais
1842 2772 90 24 van
1987 2753 208 49 Anrooy,
2254 2750 65 41 Dr
2373 2748 203 51 Berlage,

1411 2821 195 49 Blaauw,
1642 2816 280 52 Wijdeveld,
1958 2815 219 50 Cuypers,
2212 2812 220 53 Gratana,
2471 2811 82 41 Kra-

1411 2900 108 30 mer,
1552 2880 270 48 Luthmann,
1856 2878 180 46 Mieras,
2068 2875 137 50 Staal,
2241 2873 125 56 Wils,
2398 2870 184 43 Wouda

1412 2955 44 31 et
1491 2943 198 42 d'autres
1723 2952 79 31 ont
1835 2950 106 31 tenu
1976 2942 25 38 à
2038 2936 163 45 rendre
2235 2935 348 51 publiquement

1412 3007 246 48 hommage
1684 3021 56 25 au
1767 3002 142 42 talent
1934 3004 254 39 incontesté
2216 2999 58 41 de
2305 2997 154 42 W.-A.
2491 2995 62 42 Du-

1415 3068 105 43 dok.

1487 3219 23 25 «
1547 3201 61 42 La
1641 3200 264 51 Technique
1940 3200 81 43 des
2051 3196 216 42 Travaux
2300 3210 23 25 »
2373 3193 214 51 (numéro

1419 3266 57 42 de
1500 3263 288 52 septembre)
1827 3260 154 54 publie
2007 3260 63 47 les
2094 3261 294 40 intéressants
2412 3253 177 43 articles

1417 3331 214 43 suivants,
1665 3342 87 34 que
1785 3341 114 26 nous
1927 3320 234 54 signalons
2190 3323 25 39 à
2246 3318 256 43 l'attention
2531 3315 58 42 de

1419 3406 84 25 nos
1529 3388 192 42 lecteurs
1753 3408 9 23 :

169 3573 520 55 SUPPLEMENT
752 3570 112 52 AU
926 3564 335 56 VOLUME
1327 3560 101 54 VI.
1628 3560 80 51 N°
1748 3560 56 52 11
1871 3558 102 51 DE
2045 3574 29 33 «
2136 3555 101 51 LA
2303 3553 179 50 CITE
2545 3568 48 34 ».
