2776 3957
1863 180 314 51 TEK
2260 180 52 50 H
2393 180 55 51 N
2531 183 41 48 E

2445 3611 160 73 193

164 365 249 48 supportée
449 379 82 33 par
565 361 41 41 la
643 360 147 44 Firme
826 360 111 51 E.-J.
978 360 104 42 Van
1120 361 57 41 de
1213 360 117 41 Ven.

237 436 45 41 7°
316 435 189 50 Chaque
538 434 207 41 membre
780 434 59 41 du
871 439 101 46 jury
1007 433 235 49 disposera
1278 432 58 41 de

165 507 104 31 cent
312 499 153 47 points
507 495 106 50 qu'il
658 494 244 41 décernera
945 515 55 23 en
1042 504 98 31 tout
1183 511 56 24 ou
1279 511 57 23 en

165 560 145 48 partie
337 560 25 37 à
390 557 120 42 l'une
539 573 58 24 ou
623 559 26 37 à
675 555 218 52 plusieurs
921 555 80 41 des
1027 571 179 28 œuvres
1230 571 79 26 exa-

167 621 172 39 minées
375 616 526 52 proportionnellement
937 620 25 37 à
1001 616 41 41 la
1077 616 155 42 valeur
1269 632 45 25 ar-

168 682 178 47 tistique
380 677 107 50 qu'il
515 678 247 41 attribuera
790 684 26 37 à
840 677 202 42 chacune
1072 677 170 43 d'elles.

237 752 48 42 8°
327 752 214 43 L'œuvre
581 761 138 40 ayant
760 750 169 42 récolté
971 750 40 44 le
1051 751 101 51 plus
1193 751 143 49 grand

168 814 194 41 nombre
397 813 56 41 de
484 816 152 47 points
667 830 99 26 sera
797 815 185 48 primée.

237 887 49 42 9°
335 887 211 41 L'auteur
602 887 137 40 d'une
791 901 156 25 œuvre
996 888 238 48 présentée
1283 902 55 25 au

169 965 223 25 concours
421 948 96 42 doit
552 966 8 22 :
589 948 50 51 a)
676 951 93 39 être
797 947 158 49 Belge;
983 947 55 50 b)
1075 950 92 38 être
1197 949 115 41 domi-

169 1010 98 41 cilié
299 1029 55 27 en
388 1009 237 50 Belgique;
658 1009 47 50 c)
748 1012 94 37 être
876 1008 244 42 architecte
1151 1008 57 43 de
1237 1025 78 36 pro-

172 1072 190 46 fession;
405 1071 53 50 d)
506 1074 94 38 être
636 1069 144 42 affilié
819 1073 25 38 à
882 1087 87 26 une
1008 1070 178 42 Société
1226 1070 93 41 d'ar-

171 1132 215 41 chitectes
419 1131 350 50 régulièrement
802 1133 272 47 constituée;
1113 1132 49 50 e)
1205 1132 27 42 il
1267 1131 51 41 de-

171 1211 94 29 vra,
298 1211 56 24 en
385 1202 142 38 outre,
560 1210 81 35 par
670 1211 87 25 une
789 1192 281 42 déclaration
1100 1196 146 47 écrite,
1278 1194 45 40 af-

173 1255 154 41 firmer
363 1258 93 39 être
492 1254 191 41 l'auteur
719 1258 165 45 unique
925 1255 56 41 de
1020 1254 191 44 l'œuvre
1244 1257 75 48 pré-

173 1321 168 42 sentée,
391 1334 58 23 ou
490 1315 67 42 s'il
600 1333 28 33 y
670 1334 25 23 a
739 1315 87 42 lieu
871 1316 110 43 faire
1024 1320 238 38 connaître
1307 1317 41 41 le

173 1395 110 25 nom
316 1378 55 42 de
405 1395 84 25 son
525 1395 57 23 ou
611 1394 71 24 ses
711 1376 374 45 collaborateurs.

249 1451 76 41 10°
360 1450 150 43 Toute
545 1454 322 48 participation
903 1469 56 23 au
995 1468 221 25 concours
1254 1453 94 40 doit

174 1515 94 39 être
291 1516 240 40 annoncée
553 1530 83 34 par
660 1512 132 42 lettre
816 1512 357 44 recommandée
1196 1512 126 43 adres-

173 1577 76 39 sée
277 1592 55 25 au
363 1574 133 50 Siège
530 1575 56 42 de
615 1574 41 42 la
685 1573 147 43 Firme
861 1574 112 51 E.-J.
1005 1574 106 45 Van
1141 1575 58 41 de
1228 1575 116 46 Ven,

183 1636 68 47 19,
310 1653 79 24 rue
445 1635 225 51 Léopold,
729 1639 27 38 à
812 1635 246 48 Bruxelles,
1115 1648 139 31 avant
1309 1636 40 42 le

179 1697 49 41 31
284 1700 180 49 janvier
508 1698 56 42 de
609 1697 176 51 chaque
828 1700 160 40 année.
1037 1697 315 52 L'enveloppe

176 1769 184 41 portera
390 1759 41 41 la
461 1763 205 40 mention
694 1776 22 25 «
746 1759 103 42 Prix
875 1759 347 43 d'architecture
1246 1759 105 47 Van

177 1820 58 42 de
275 1820 105 42 Ven
424 1837 40 25 ».
511 1820 131 42 Cette
684 1822 131 41 lettre
856 1820 239 51 indiquera
1138 1821 214 44 l'endroit

177 1894 132 31 exact
339 1886 59 38 où
428 1883 192 43 l'œuvre
649 1900 110 24 aura
789 1886 71 38 été
890 1886 164 48 érigée.

247 1943 30 44 Il
313 1962 29 32 y
375 1961 100 25 sera
508 1948 117 48 joint
665 1963 8 23 :

254 2019 9 41 1
281 2027 15 16 0
334 2018 102 43 Une
466 2018 341 54 photographie
847 2020 9 40 1
875 2019 24 42 3
936 2022 35 33 x
1014 2019 54 43 18
1101 2022 250 40 minimum.

249 2081 48 41 2°
335 2081 102 43 Une
473 2081 230 44 élévation
739 2092 44 32 et
814 2099 90 24 une
938 2099 148 33 coupe
1122 2084 57 42 de
1214 2082 41 42 la
1293 2082 40 41 fa-

179 2142 115 52 çade
334 2145 26 39 à
400 2142 22 42 5
464 2161 86 33 p.c.

1484 362 45 40 3°
1568 361 72 42 Un
1668 360 107 51 plan
1806 361 58 41 du
1891 359 393 42 rez-de-chaussée
2312 370 43 31 et
2383 360 79 41 des
2489 362 67 38 éta-

1413 440 78 33 ges
1517 432 235 31 montrant
1778 421 63 41 les
1869 421 163 40 locaux
2057 423 136 40 situés
2218 437 102 29 vers
2347 420 41 42 la
2422 420 158 50 façade

1414 487 25 37 à
1472 483 205 44 l'échelle
1707 483 57 40 de
1794 482 23 41 2
1850 499 86 34 p.c.

1486 545 8 40 1
1520 545 41 40 1°
1596 543 35 42 L
1653 553 242 32 ouverture
1929 543 79 40 des
2040 544 152 41 lettres
2222 560 47 24 se
2304 543 93 40 fera
2430 560 81 33 par
2544 543 38 40 le

1414 609 114 47 jury.

1492 667 8 40 1
1520 667 46 40 2°
1600 666 61 44 Le
1689 670 101 47 jury
1817 685 28 24 n
1867 674 68 32 est
1964 675 106 32 tenu
2099 664 267 43 d'attribuer
2396 665 40 41 la
2466 681 88 25 som-

1418 747 73 24 me
1532 729 169 39 entière
1740 730 111 37 mise
1888 729 26 37 à
1950 743 49 23 sa
2039 725 269 49 disposition
2347 743 85 33 que
2472 741 113 33 pour

1416 799 159 33 autant
1603 806 85 33 que
1717 788 191 41 l'œuvre
1935 790 172 49 primée
2133 790 62 38 ait
2223 788 169 41 obtenu
2419 806 56 22 au
2507 791 52 39 mi-

1417 854 173 37 nimum
1620 850 40 41 la
1688 851 156 40 moitié
1870 850 59 41 du
1955 848 195 43 nombre
2175 850 113 41 total
2316 849 78 41 des
2419 853 163 47 points,

1418 915 87 38 soit
1545 912 120 40 deux
1700 922 104 30 cent
1839 913 256 46 cinquante.
2136 910 127 44 Dans
2297 910 39 42 le
2371 927 75 25 cas
2481 927 80 25 con-

1419 975 145 44 traire,
1597 973 41 42 le
1660 981 213 32 montant
1898 971 59 41 du
1981 974 100 47 prix
2103 988 98 25 sera
2227 971 146 42 réduit
2397 987 163 36 propor-

1420 1033 346 42 tionnellement
1802 1043 44 31 et
1882 1032 40 42 la
1959 1032 254 43 différence
2248 1048 98 26 sera
2382 1036 208 46 reportée

1418 1112 74 24 sur
1526 1096 179 42 l'année
1745 1098 220 44 suivante.

1497 1156 8 40 1
1526 1155 46 41 3°
1613 1155 61 41 La
1715 1158 145 48 prime
1903 1175 56 25 ne
1999 1172 99 24 sera
2139 1158 159 41 versée
2338 1159 25 37 à
2404 1155 188 42 l'auteur

1421 1219 211 48 présumé
1655 1217 57 41 de
1735 1216 190 42 l'œuvre
1945 1218 176 49 primée
2143 1234 86 33 que
2250 1227 158 40 quatre
2434 1220 132 41 semai-

1422 1295 79 24 nes
1539 1281 132 47 après
1711 1291 40 28 la
1790 1279 337 50 proclamation
2169 1278 60 41 du
2267 1278 198 43 résultat.
2510 1278 84 41 Les

1424 1342 287 46 oppositions
1743 1338 280 45 éventuelles
2056 1340 199 42 devront
2290 1358 46 26 se
2371 1340 110 42 faire
2513 1355 82 35 par

1425 1399 129 42 lettre
1588 1399 357 43 recommandée
1983 1400 114 42 dans
2131 1418 75 24 ces
2244 1411 157 40 quatre
2436 1404 132 40 semai-

1425 1479 89 30 nes,
1558 1461 123 42 faute
1718 1462 56 41 de
1811 1465 105 47 quoi
1952 1462 101 51 plus
2088 1479 174 26 aucune
2300 1462 295 43 réclamation

1425 1539 55 25 ne
1510 1540 98 24 sera
1635 1526 118 47 prise
1779 1542 55 24 en
1860 1522 355 47 considération.

1496 1583 75 41 14°
1611 1583 61 42 La
1713 1585 336 50 proclamation
2091 1585 59 40 du
2190 1585 187 42 résultat
2414 1602 48 26 se
2503 1586 93 41 fera

1427 1661 81 34 par
1547 1644 40 42 la
1622 1649 105 38 voie
1766 1646 57 41 de
1863 1646 40 40 la
1940 1663 167 35 presse.
2148 1646 83 48 Les
2267 1646 231 47 membres
2538 1647 58 42 du

1426 1709 102 47 jury
1556 1725 54 24 en
1643 1706 151 43 feront
1823 1719 103 39 part
1955 1707 206 44 endéans
2192 1710 63 40 les
2286 1709 60 41 24
2383 1709 160 43 heures
2573 1712 25 38 à

1428 1769 115 39 leurs
1587 1768 200 42 Sociétés
1832 1773 289 45 respectives,
2175 1773 73 48 qui
2294 1770 305 43 elles-mêmes

1428 1839 155 31 seront
1627 1839 156 34 tenues
1832 1830 105 43 d'en
1983 1830 177 42 donner
2206 1834 325 42 connaissance
2576 1849 25 23 a

1428 1898 77 32 tou
1510 1914 18 23 s
1556 1891 116 41 leurs
1700 1891 230 42 membres
1958 1892 204 43 endéans
2190 1893 40 41 la
2258 1893 212 45 huitaine.

1503 1950 73 42 15°
1608 1951 60 42 Le
1695 1956 196 47 premier
1917 1957 99 47 prix
2042 1971 98 25 sera
2171 1954 151 42 alloué
2349 1974 56 25 en
2436 1957 165 41 février

1438 2011 120 42 1928
1594 2023 44 31 et
1672 2022 150 33 toutes
1855 2014 62 41 les
1952 2032 180 25 œuvres
2166 2018 237 42 exécutées
2438 2018 60 42 du
2542 2018 8 41 ler1
2566 2025 35 16 er

1430 2076 173 46 janvier
1647 2074 121 42 1919
1803 2093 57 24 au
1903 2076 24 41 3
1943 2077 9 40 3
2001 2077 245 42 décembre
2290 2078 85 41 192
2389 2080 20 40 7
2448 2090 154 31 seront

1431 2134 197 43 admises
1655 2154 56 23 au
1737 2154 236 23 concours.

247 2457 71 43 LE
352 2455 340 44 CONCOURS
731 2452 515 46 INTERNATIONAL
1280 2452 81 42 DE

183 2518 430 47 BIRMINGHAM,
651 2535 117 34 pour
802 2517 40 42 la
876 2519 203 42 création
1115 2516 59 42 du
1207 2524 154 34 centre

182 2585 179 47 civique
398 2580 58 42 de
490 2591 119 32 cette
643 2579 119 48 ville,
800 2598 26 22 a
863 2579 155 42 donné
1053 2578 63 42 les
1153 2577 208 42 résultats

183 2647 204 39 euivants
427 2661 8 23 :

248 2718 201 42 Premier
479 2720 100 50 prix
622 2716 173 52 (1,000
829 2716 159 50 livres)
1039 2734 7 23 :
1082 2714 280 43 Maximilien

184 2780 272 50 Romanoff,
498 2777 515 50 architecte-urbaniste,
1054 2781 25 38 à
1120 2777 142 48 Paris;

253 2855 184 43 Second
468 2858 100 48 prix
607 2853 122 52 (200
763 2853 158 51 livres)
968 2872 8 23 :
1011 2852 135 43 L.-M.
1181 2852 178 45 Austin,

183 2918 195 43 Heston.

254 2993 252 42 Troisième
557 2995 102 49 prix
714 2991 121 52 (100
886 2991 158 50 livres)
1110 3010 7 23 :
1168 2989 192 47 Adams,

186 3055 273 51 Thompson
500 3067 43 31 et
581 3053 99 52 Fry,
724 3054 332 41 Westminster.

251 3130 85 42 Les
362 3133 99 48 prix
488 3133 203 39 suivants
724 3129 57 42 de
817 3129 8 41 I
844 3128 61 42 00
935 3129 134 41 livres
1096 3137 81 32 ont
1202 3130 72 39 été
1301 3136 42 30 at-

188 3192 169 44 tribués
390 3194 25 39 à
447 3191 47 42 E.
535 3191 206 42 Prentice
774 3191 223 47 Mawson,
1035 3191 56 42 de
1123 3190 213 41 Westmin-

187 3264 109 38 ster;
328 3257 25 38 à
381 3253 56 44 G.
469 3252 363 51 Oulie-Hansen,
870 3253 162 42 d'Oslo
1072 3251 264 53 (Norvège)
1357 3269 8 30 ;

189 3318 25 39 à
240 3316 56 49 A.
324 3315 248 50 d'Angelo,
600 3316 58 42 de
679 3314 266 43 New-York
968 3315 114 50 City.
1111 3314 133 42 Deux
1268 3315 99 50 prix

1437 2455 56 42 de
1525 2453 58 42 50
1614 2453 131 41 livres
1773 2451 174 44 chacun
1975 2457 26 38 à
2032 2450 48 41 Ir.
2112 2450 57 41 A.
2203 2449 199 46 Boeken,
2443 2448 128 42 d'Am-

1435 2514 214 47 sterdam,
1691 2525 42 31 et
1769 2516 25 38 à
1832 2512 45 43 L.
1919 2511 184 43 Berthin
2140 2521 44 31 et
2222 2510 55 41 G.
2324 2510 180 49 Doyon,
2549 2509 56 41 de

1440 2577 133 42 Paris.
1620 2575 147 49 Enfin,
1818 2578 109 37 trois
1971 2575 228 39 mentions
2244 2582 79 31 ont
2368 2573 71 39 été
2484 2573 102 38 attri-

1435 2639 140 41 buées
1609 2641 25 38 à
1672 2641 109 38 trois
1816 2635 267 43 architectes
2118 2633 185 51 anglais.

1507 2700 60 41 Le
1612 2699 172 46 travail,
1835 2700 333 40 extrêmement
2548 2693 58 42 du

1438 2766 248 46 vainqueur
1719 2763 57 41 de
1808 2777 50 23 ce
1891 2774 223 26 concours
2145 2775 24 24 a
2203 2760 70 38 été
2306 2756 153 51 publié
2494 2756 114 41 dans

1439 2825 41 41 la
1514 2840 136 25 revue
1691 2839 21 25 «
1747 2821 96 44 The
1877 2819 274 43 Architect's
2183 2819 187 51 Journal
2406 2835 22 25 »
2474 2819 134 50 (août

1446 2883 204 53 17/27).
1698 2883 125 42 Nous
1866 2881 299 42 reviendrons
2209 2883 89 39 très
2341 2879 240 51 prochaine-

1441 2958 123 31 ment
1602 2963 72 24 sur
1711 2955 118 31 cette
1866 2944 212 42 brillante
2114 2945 301 48 compétition
2455 2952 43 32 et
2537 2958 71 25 sur

1440 3027 70 24 ses
1553 3008 218 45 résultats,
1821 3009 25 38 à
1896 3005 244 43 l'occasion
2193 3013 289 37 notamment
2531 3003 78 42 des

1441 3074 372 46 aménagements
1845 3068 79 41 des
1954 3066 171 45 abords
2157 3067 58 41 du
2248 3066 146 41 Palais
2425 3066 58 41 de
2514 3066 71 50 Jus-

1442 3135 84 40 tice
1559 3134 56 41 de
1647 3129 242 44 Bruxelles.
1927 3129 74 43 On
2032 3145 131 25 verra
2198 3147 86 33 que
2323 3128 38 42 le
2394 3128 216 52 parallèle

1442 3194 115 42 n'est
1582 3210 81 35 pas
1688 3195 26 38 à
1740 3191 261 50 l'avantage
2029 3191 56 42 de
2110 3201 119 31 cette
2253 3191 209 41 dernière
2487 3206 92 25 com-

1443 3258 191 49 pétition
1787 3256 109 39 ainsi
1942 3252 106 52 qu'il
2094 3252 143 42 fallait
2283 3252 60 41 du
2387 3262 115 33 reste
2545 3252 67 50 s'y

1441 3316 221 43 attendre.

191 3492 519 53 SUPPLEMENT
776 3494 110 51 AU
948 3491 334 53 VOLUME
1349 3490 98 53 VI.
1648 3491 78 51 N°
1766 3488 61 56 11
1889 3490 101 49 DE
2063 3507 29 32 «
2156 3488 97 51 LA
2321 3488 179 51 CITE
2563 3506 46 32 ».
