2776 3957
2316 3600 120 76 101

306 1145 247 96 L'A
629 1142 1587 102 RCHITECTURE

311 1279 1722 99 HOLLANDAISE

2162 1276 55 59 (i)

1109 1580 15 14 \

402 1709 291 56 Vacances;
726 1708 248 52 Minerva
1006 1726 74 33 ou
1108 1707 193 57 Buick;
1335 1705 178 52 ennui.
1650 1705 78 51 La
1757 1703 286 58 Hollande,
2074 1718 187 47 croyez
2269 1730 19 8 -

243 1796 128 57 moi,
404 1796 51 50 la
480 1793 290 53 Hollande.
804 1793 211 51 Toutes
1043 1791 224 53 facilités
1307 1810 12 33 :
1352 1789 307 69 proximité,
1691 1789 159 52 belles
1880 1802 177 39 routes
2087 1808 62 32 en
2181 1788 81 51 bri-

240 1898 146 49 ques,
418 1893 198 38 centres
647 1877 341 68 rapprochés;
1025 1892 50 38 et
1104 1878 137 65 puis,
1277 1877 296 56 l'inconnu,
1607 1877 62 51 eh
1701 1877 117 51 oui!
1852 1877 51 51 la
1932 1876 160 50 haute
2129 1891 125 34 aven-

240 1982 131 37 ture.
400 1967 110 53 Car
533 1984 138 34 vous
693 1984 64 34 ne
778 1965 310 53 connaissez
1114 1982 95 47 pas
1232 1966 51 49 la
1306 1962 287 58 Hollande,
1621 1963 109 65 j'en
1756 1962 106 53 suis
1888 1962 104 52 sûr.
2020 1958 266 55 Peut-être

240 2053 183 52 mieux
456 2053 51 51 la
535 2050 266 67 Norvège,
834 2051 373 52 certainement
1236 2051 51 51 la
1317 2050 188 52 Suisse.

403 2173 498 54 Anvers-frontière
939 2192 13 33 ;
983 2174 74 51 du
1086 2191 93 45 90,
1209 2174 74 51 du
1320 2191 123 38 100,
1474 2172 49 64 je
1551 2189 137 35 vous
1716 2172 126 64 prie,
1875 2184 164 37 avant
2068 2169 132 63 qu'il
2232 2185 61 34 ne

251 2264 106 51 soit
384 2276 126 52 trop
538 2262 143 56 tard;
717 2260 185 52 sachez
929 2277 103 48 que
1060 2259 190 57 là-bas,
1278 2276 146 47 pour
1449 2259 262 65 plusieurs
1739 2258 168 65 jours,
1937 2269 151 38 votre
2116 2272 147 44 comp-

252 2363 117 37 teur
395 2347 380 66 kilométrique
801 2363 128 35 aura
958 2346 28 52 à
1018 2363 49 35 se
1094 2346 305 52 conformer
1427 2363 67 33 au
1524 2344 211 66 rythme
1764 2344 88 51 des
1880 2344 177 51 choses
2086 2342 182 52 hollan-

252 2434 181 52 daises.
455 2433 80 53 La
560 2434 213 51 douane
792 2446 76 39 est
886 2432 196 66 proche
1112 2451 12 32 :
1150 2450 138 34 vous
1309 2445 177 38 entrez
1507 2448 62 35 en
1590 2429 295 57 Hollande;
1910 2429 388 55 littéralement,

251 2537 138 35 vous
436 2539 32 33 «
506 2532 180 40 entrez
723 2537 50 33 ».
813 2518 97 52 Un
944 2517 246 66 employé
1225 2517 306 52 minutieux
1744 2533 118 47 que,
1904 2527 123 53 trop
2065 2531 232 34 nerveux

251 2624 184 35 encore
470 2606 60 65 (il
567 2605 195 53 faudra
801 2605 387 66 désapprendre
1223 2602 115 69 ça),
1378 2621 139 34 vous
1554 2602 188 53 traitez
1778 2602 423 52 intérieurement
2239 2601 60 51 de

263 2711 32 33 «
322 2692 104 54 sale
447 2691 326 53 Hollandais
798 2710 30 33 »
953 2709 140 34 vous
1121 2709 167 34 ouvre
1310 2691 51 51 la
1385 2702 169 54 porte.
1583 2690 164 64 Quoi,
1775 2706 137 34 nous
1936 2690 94 63 qui
2057 2688 245 64 croyions

254 2779 129 52 aller
412 2779 300 52 au-devant
745 2777 162 54 d'une
948 2777 209 56 nation,
1203 2794 140 34 nous
1376 2776 256 52 tombons
1667 2795 66 32 au
1764 2775 134 52 beau
1928 2775 181 52 milieu
2143 2773 159 51 d'une

253 2865 231 52 famille!
515 2864 165 53 Gêne.
715 2865 96 52 On
840 2881 141 35 nous
1011 2864 160 64 reçoit
1202 2878 49 36 et
1281 2881 72 35 on
1385 2864 186 56 sourit,
1604 2862 132 52 mais
1767 2880 138 33 nous
1935 2874 216 39 sentons
2181 2861 119 51 bien

251 2951 172 66 qu'on
450 2951 90 52 n'a
572 2968 173 34 aucun
771 2950 202 60 besoin,
1004 2968 175 34 aucun
1207 2949 135 53 désir
1366 2950 62 51 de
1455 2967 151 34 nous.
1636 2949 90 52 On
1754 2967 64 33 ne
1844 2967 138 33 nous
2008 2946 291 65 exploitera

373 3149 69 44 (I)
476 3149 113 37 Cette
619 3147 127 36 étude.
776 3163 124 29 parue
928 3149 22 34 d
969 3148 122 34 abord
1120 3148 96 34 dans
1243 3148 40 35 la
1313 3161 117 21 revue
1460 3159 20 23 «
1509 3146 193 35 Sélection
1788 3146 67 43 (n°
1887 3146 46 34 de
1961 3160 103 21 mars
2104 3146 8 33 i
2126 3144 120 44 926),
2278 3158 21 19 a

251 3216 60 32 été
343 3214 243 41 légèrement
619 3214 209 34 remaniée.

292 3422 128 74 LA
539 3420 371 76 CITE.

1169 3420 73 76 O
1275 3420 69 76 C
1375 3420 86 76 T.
1514 3461 28 22 •
1575 3420 69 74 N
1682 3417 71 77 O
1786 3417 94 77 V.
1933 3417 132 77 19
2101 3417 63 74 2
2198 3417 91 77 7.
