3345 4358
2317 328 311 55 YEK
2708 328 58 55 H
2847 331 60 52 H
2988 329 46 54 E

541 3777 111 55 46

542 469 135 53 giène,
704 469 195 46 confort,
928 469 109 41 mais
1061 469 41 52 je
1127 469 111 44 tiens
1261 470 23 41 à
1308 485 52 27 en
1385 470 188 53 signaler
1596 470 117 42 deux

541 531 405 52 particulièrement
1002 547 8 25 :
1065 546 41 26 ce
1155 542 117 33 sont,
1324 532 135 41 d'une
1508 541 113 45 part,
1674 530 40 42 la

542 593 164 53 grande
734 592 165 42 facilité
927 593 50 41 de
1006 592 167 55 réglage
1198 609 79 38 par
1302 594 168 41 chacun
1498 594 72 42 des
1597 594 94 42 loca-

543 654 140 43 taires,
734 654 85 41 soit
869 655 362 45 manuellement,
1282 656 87 40 soit
1417 655 140 42 même
1604 655 111 43 dans

542 716 184 42 certains
751 731 67 26 cas
845 731 78 38 par
947 717 267 45 commande
1238 717 312 55 automatique
1577 717 115 54 (ther-

544 789 165 29 mostat
727 778 29 52 ),
793 779 101 43 c'est
927 778 168 42 ensuite
1127 790 40 30 et
1200 791 178 30 surtout
1412 778 36 43 le
1481 791 233 42 comptage

543 839 249 42 individuel
840 841 50 40 de
936 842 388 40 consommations
1369 852 99 31 tant
1513 840 202 42 souhaité

544 902 154 52 depuis
736 902 255 53 longtemps
1027 917 79 38 par
1143 903 56 41 les
1236 902 311 53 propriétaires
1581 915 40 30 et
1657 902 58 43 les

543 963 174 52 gérants
752 963 325 43 d'immeubles.
1114 964 37 42 Il
1186 966 101 40 n'en
1322 976 105 30 reste
1457 980 77 39 pas
1566 964 149 44 moins

544 1039 82 39 que
664 1025 110 41 dans
811 1025 56 41 les
902 1025 259 42 conditions
1197 1026 216 46 actuelles,
1454 1025 261 44 l'électricité

544 1102 51 26 ne
624 1087 204 51 pourrait
856 1087 124 41 avoir
1009 1088 39 40 la
1080 1087 254 53 prétention
1364 1088 50 41 de
1443 1088 206 42 détrôner
1678 1088 37 42 le

544 1149 198 40 charbon
780 1164 116 37 pour
933 1149 56 41 les
1025 1149 164 53 grands
1228 1150 262 41 immeubles
1526 1151 51 42 de
1615 1164 75 40 rap-

542 1221 104 41 port
683 1226 9 25 :
722 1225 42 26 ce
793 1211 111 41 n'est
932 1210 225 43 d'ailleurs
1184 1227 77 37 pas
1292 1211 38 42 là
1359 1226 81 27 son
1469 1211 242 43 intention,

544 1272 109 40 mais
687 1272 99 40 bien
818 1272 154 52 plutôt
1003 1272 211 42 d'arriver
1244 1274 22 40 à
1299 1288 85 28 une
1416 1284 174 30 entente
1621 1285 40 30 et
1691 1272 22 42 à

545 1348 83 27 une
654 1333 344 42 collaboration.
1028 1335 50 40 Je
1104 1350 52 25 ne
1183 1350 116 27 veux
1326 1350 77 39 pas
1428 1333 143 56 parler
1597 1335 50 41 de
1673 1333 40 43 la

544 1395 200 41 solution
782 1395 172 53 parfois
993 1396 223 54 envisagée
1255 1397 49 40 de
1343 1397 40 41 la
1420 1396 293 43 distribution

544 1456 125 41 d'eau
695 1456 168 47 chaude
885 1456 180 43 fournie
1086 1472 79 38 par
1187 1472 86 28 une
1297 1457 230 43 chaudière
1549 1457 144 43 électri-

544 1533 104 38 que;
674 1533 53 26 au
749 1517 134 53 point
906 1519 50 42 de
978 1533 84 27 vue
1083 1519 249 54 technique,
1358 1535 94 26 non
1473 1519 241 43 seulement

544 1579 77 42 elle
646 1579 168 42 n'offre
840 1595 165 27 aucune
1030 1580 328 52 impossibilité,
1386 1581 109 42 mais
1517 1581 78 42 elle
1617 1579 72 57 pré-

544 1653 118 29 sente
691 1641 139 42 même
856 1642 71 41 des
953 1653 236 42 avantages
1213 1643 198 42 certains.
1441 1643 37 41 Il
1501 1658 52 26 en
1579 1643 135 41 existe

544 1702 224 42 d'ailleurs
790 1703 98 52 déjà
910 1703 207 42 certaines
1140 1703 288 43 réalisations.
1452 1704 259 43 Toutefois,

545 1764 77 42 elle
661 1780 52 25 ne
749 1780 115 26 nous
902 1764 163 43 semble
1103 1780 76 38 pas
1216 1766 219 52 présenter
1473 1780 61 28 un
1572 1765 141 54 grand

544 1826 164 45 avenir,
732 1841 68 26 car
820 1827 78 40 elle
920 1826 210 53 présente,
1153 1842 79 39 par
1253 1839 184 42 rapport
1457 1842 89 27 aux
1572 1837 142 33 autres

544 1888 224 42 solutions
797 1889 50 40 de
876 1888 237 54 chauffage
1142 1888 242 56 électrique,
1417 1904 84 27 une
1528 1888 162 43 infério-

545 1948 79 41 rité
653 1949 51 41 de
734 1950 257 43 rendement
1021 1950 83 42 très
1133 1961 130 31 nette.

614 2022 36 40 Il
687 2036 61 30 est
784 2038 61 25 un
884 2034 121 30 autre
1044 2024 131 41 mode
1211 2024 50 45 de
1296 2023 328 44 collaboration
1661 2024 52 41 de

546 2083 262 42 l'électricité
850 2097 40 30 et
934 2085 59 40 du
1039 2084 236 54 chauffage
1318 2085 163 42 central
1524 2086 76 54 qui
1646 2099 69 28 ine

543 2144 145 53 paraît
717 2160 53 26 au
800 2146 216 41 contraire
1045 2145 220 54 présenter
1294 2162 60 26 un
1384 2147 157 42 intérêt
1568 2147 78 55 qui
1676 2145 38 42 le

545 2206 176 54 désigne
751 2222 174 26 comme
957 2206 186 54 procédé
1176 2208 50 42 de
1258 2208 184 42 l'avenir
1480 2224 9 26 :
1524 2210 103 41 c'est
1659 2223 53 27 en

546 2267 181 44 résumé,
772 2283 61 26 un
878 2268 238 55 chauffage
1160 2269 139 43 mixte
1340 2270 109 42 dans
1492 2269 141 55 lequel
1677 2268 36 43 le

544 2330 199 40 charbon
779 2345 192 26 assurera
1005 2345 59 26 un
1101 2330 116 42 fond
1252 2332 49 42 de
1333 2331 293 53 température
1659 2346 53 27 en

543 2391 328 43 fonctionnant
904 2392 134 41 d'une
1069 2391 190 43 manière
1290 2392 247 47 uniforme;
1572 2392 121 42 l'élec-

544 2452 141 42 tricité
716 2453 164 42 devant
909 2453 216 53 répondre
1155 2454 86 41 soit
1271 2469 86 26 aux
1386 2454 245 44 variations
1662 2454 51 41 de

544 2514 238 42 demandes
812 2514 299 42 instantanées
1140 2516 49 42 de
1220 2515 177 42 calories
1425 2532 53 26 au
1505 2531 127 28 cours
1661 2516 52 42 de

545 2575 38 42 la
615 2575 198 52 journée,
850 2576 86 42 soit
967 2577 22 40 à
1022 2576 226 53 l'appoint
1279 2577 109 42 dans
1420 2578 57 41 les
1508 2577 205 54 journées

543 2637 180 43 froides,

614 2711 76 42 On
734 2725 164 38 pourra
942 2711 116 41 donc
1100 2711 168 43 réduire
1312 2712 39 42 la
1392 2712 227 53 puissance
1662 2711 52 42 de

545 2772 317 42 l'installation
891 2773 58 40 du
977 2773 236 53 chauffage
1237 2775 162 40 central
1433 2789 9 26 :
1471 2789 61 27 on
1559 2775 41 43 la
1626 2773 65 43 cal-

544 2834 141 41 culera
713 2849 80 38 par
819 2834 199 53 exemple
1047 2835 49 41 de
1123 2834 132 53 façon
1284 2835 22 41 à
1335 2850 255 38 compenser
1617 2850 95 30 non

541 2911 78 37 pas
646 2910 84 27 une
753 2895 238 42 différence
1014 2896 50 41 de
1091 2911 55 38 23
1158 2904 16 16 0
1198 2896 105 52 (soit
1335 2897 52 41 18
1397 2905 15 16 0
1438 2912 78 39 par
1537 2906 80 47 —S
1617 2906 41 47 O
1678 2896 16 54 )
1699 2930 11 14 t

544 2957 110 42 mais
679 2958 286 52 simplement
998 2958 52 40 18
1061 2966 15 16 0
1105 2973 78 37 par
1208 2959 211 51 exemple,
1447 2974 42 28 ce
1513 2960 78 54 qui
1616 2973 73 41 per-

544 3030 158 31 mettra
739 3019 226 42 d'obtenir
1000 3020 40 43 la
1076 3019 293 53 température
1403 3020 164 43 voulue
1602 3020 111 43 dans

543 3092 102 29 tous
675 3081 57 41 les
758 3081 126 52 jours
913 3080 57 41 où
1000 3082 39 41 la
1067 3081 291 53 température
1390 3097 221 38 moyenne
1637 3097 51 28 ex-

543 3142 180 42 térieure
760 3155 61 30 est
859 3143 104 40 d'au
1002 3144 147 40 moins
1189 3151 67 33 o°,
1295 3143 94 52 (On
1426 3159 53 27 ne
1515 3155 197 32 constate

545 3219 83 26 une
686 3203 293 53 température
1035 3204 102 53 plus
1191 3204 122 41 basse
1367 3219 98 40 que,
1524 3205 188 42 environ

546 3280 58 38 30
638 3266 139 52 jours,
810 3280 79 39 par
918 3280 56 26 an
993 3264 29 54 ).

611 3327 187 42 D'autre
835 3339 114 41 part,
989 3338 106 31 cette
1134 3327 281 43 installation
1452 3340 138 42 ayant
1628 3343 85 29 une

542 3389 174 41 marche
754 3388 220 54 régulière,
1013 3388 316 43 fonctionnera
1366 3389 110 43 dans
1512 3389 57 44 les
1606 3405 79 28 con-

542 3450 170 42 ditions
734 3451 173 52 optima
930 3450 51 42 de
1004 3450 271 42 rendement.
1299 3450 96 43 Elle
1417 3451 160 44 suffira
1598 3452 115 44 seule

542 3513 21 40 à
589 3527 166 27 assurer
785 3513 38 40 la
852 3512 292 52 température
1170 3513 239 42 demandée
1434 3513 51 42 de
1518 3514 52 42 18
1581 3522 14 17 0
1623 3528 89 29 aux

542 3585 225 30 moments
793 3574 56 41 les
869 3574 101 52 plus
992 3574 166 41 chauds
1182 3574 50 41 de
1256 3575 38 42 la
1316 3574 204 53 journée;
1546 3576 37 42 le
1605 3586 106 34 reste

542 3636 59 40 du
632 3649 156 38 temps,
822 3639 35 42 le
884 3636 301 51 complément
1213 3636 50 44 de
1289 3636 177 43 chaleur
1495 3636 168 44 destiné
1689 3637 23 43 à

1865 468 239 42 maintenir
2145 479 107 31 cette
2296 468 293 53 température
2629 483 88 27 sera
2758 468 156 42 fourni
2956 483 78 38 par

1865 529 273 45 rélectricité,
2177 529 86 42 soit
2297 530 22 41 à
2357 531 38 40 la
2432 531 215 40 demande
2684 531 70 41 des
2793 531 238 43 locataires,

1864 594 86 40 soit
1972 607 79 38 par
2075 592 266 44 commande
2366 593 309 53 automatique
2699 592 110 42 d'un
2835 594 171 40 thermo-

1865 666 78 30 sat,
1979 654 127 41 Cette
2141 653 139 41 même
2315 653 282 42 installation
2635 653 232 56 électrique
2903 655 131 40 devra

1865 715 241 54 également
2139 715 179 41 fournir
2350 716 225 52 l'appoint
2608 716 50 41 de
2686 717 177 41 chaleur
2893 716 117 42 néces-

1861 778 106 40 saire
1988 778 109 40 dans
2119 778 57 41 les
2197 777 210 54 quelques
2432 778 125 52 jours
2580 778 50 40 de
2651 780 141 50 grand
2815 777 121 43 froid
2961 778 71 40 où,

1863 841 21 40 à
1908 839 144 53 pleine
2076 839 150 46 allure,
2256 839 25 40 Y
2290 839 280 41 installation
2600 840 49 41 de
2675 839 237 55 chauffage
2936 855 74 27 cen-

1864 902 82 40 tral
1973 916 52 26 ne
2048 900 199 42 suffirait
2273 915 91 38 pas.
2394 901 74 41 On
2500 901 171 42 réunira
2699 902 115 41 donc
2839 901 111 42 ainsi
2977 911 57 33 les

1863 974 235 41 avantages
2131 962 71 41 des
2235 962 117 41 deux
2385 963 208 52 systèmes
2632 978 8 26 :
2678 962 262 47 l'économie
2974 964 59 40 du

1862 1023 237 54 chauffage
2129 1024 165 41 central
2322 1039 89 26 sera
2439 1025 150 52 portée
2617 1025 22 40 à
2667 1040 81 26 son
2779 1025 252 42 maximum

1863 1101 77 37 par
1975 1086 39 40 la
2051 1086 232 53 régularité
2317 1086 50 42 de
2403 1086 39 41 la
2476 1088 194 44 marche;
2706 1098 40 30 et
2780 1086 121 54 grâce
2934 1088 21 40 à
2990 1102 44 26 sa

1863 1147 221 52 souplesse
2122 1159 40 29 et
2203 1148 21 41 à
2266 1149 40 40 la
2348 1148 216 53 précision
2605 1148 215 53 possibles
2861 1149 51 43 de
2952 1164 80 26 son

1863 1209 181 53 réglage,
2075 1224 59 25 on
2164 1209 193 42 utilisera
2385 1208 243 55 également
2655 1211 111 40 dans
2796 1211 55 41 les
2877 1211 130 41 condi-

1865 1271 118 40 tions
2014 1270 313 54 économiques
2361 1271 188 53 optima,
2586 1271 274 43 l'électricité.
2898 1272 136 42 Grâce

1863 1332 21 41 à
1913 1348 42 27 ce
1985 1332 201 53 système,
2219 1347 59 26 on
2308 1347 165 39 pourra
2503 1332 177 43 obtenir
2710 1348 98 27 avec
2838 1345 125 31 toute
2994 1333 39 42 la

1863 1394 215 52 précision
2120 1406 39 31 et
2202 1394 38 41 la
2283 1394 188 53 rapidité
2511 1394 234 43 désirables
2787 1395 39 42 la
2867 1397 140 53 tempé-

1863 1467 143 30 rature
2055 1456 225 40 souhaitée
2328 1456 109 41 dans
2484 1458 169 52 chaque
2696 1456 128 54 pièce.
2873 1456 157 45 Enfin,

1862 1517 133 53 point
2031 1518 251 45 secondaire
2317 1518 77 53 qui
2432 1517 250 43 intéressera
2720 1519 314 42 certainement

1864 1579 56 41 les
1957 1579 323 53 propriétaires,
2320 1580 36 40 le
2393 1579 237 54 chauffage
2667 1582 162 40 central
2869 1595 164 41 pourra

1862 1641 84 40 être
1971 1641 185 43 souscrit
2181 1657 52 26 au
2260 1641 166 54 réglage
2451 1641 249 42 individuel
2724 1653 40 31 et
2785 1657 61 27 ses
2872 1642 135 55 dépen-

1863 1717 61 26 ses
1965 1702 188 42 réduites
2195 1703 21 41 à
2258 1718 84 26 une
2381 1718 172 26 somme
2593 1704 135 45 d'une
2769 1704 264 52 répartition

1863 1764 119 46 aisée,
2013 1764 149 42 tandis
2187 1780 85 38 que
2299 1765 39 41 la
2363 1765 366 42 consommation
2757 1765 277 43 d'électricité

1862 1840 89 27 sera
1977 1827 438 53 automatiquement
2437 1825 254 54 décomptée
2713 1827 22 42 à
2759 1828 183 43 chacun»

1931 1913 61 42 Ce
2018 1912 184 53 procédé
2228 1913 163 41 semble
2417 1913 100 43 bien
2545 1913 85 41 être
2658 1913 38 43 la
2722 1913 101 53 plus
2853 1913 159 43 intéres-

1862 1985 122 30 sante
2007 1975 71 40 des
2100 1974 230 42 méthodes
2352 1975 323 53 d'application
2700 1976 50 41 de
2771 1975 263 43 l'électricité

1863 2051 53 26 au
1947 2036 249 54 chauffage,
2228 2048 40 30 et
2296 2051 115 27 nous
2438 2051 115 27 nous
2580 2037 225 42 réservons
2834 2038 52 42 de
2917 2051 93 28 reve-

1863 2097 69 41 nir
1957 2098 109 41 dans
2092 2098 185 41 l'avenir
2303 2098 134 42 d'une
2462 2098 191 45 manière
2679 2098 198 42 détaillée
2902 2100 23 42 à
2951 2113 81 28 son

1863 2159 127 52 sujet.
2024 2159 37 41 Il
2091 2159 134 42 existe
2254 2159 100 42 bien
2387 2159 309 44 actuellement
2728 2160 72 41 des
2830 2159 181 44 installa-

1863 2221 120 42 tions
2004 2221 109 41 dites
2135 2221 254 53 d'appoint,
2416 2220 110 43 mais
2547 2236 43 27 ce
2611 2232 104 32 sont
2737 2222 72 42 des
2831 2222 180 44 installa-

1863 2283 119 40 tions
2014 2282 58 41 où
2106 2284 36 41 le
2173 2282 238 55 chauffage
2442 2282 231 56 électrique
2705 2299 22 26 a
2762 2283 62 42 été
2858 2283 176 43 installé

1863 2344 121 52 après
2025 2359 115 37 coup
2181 2359 116 38 pour
2336 2344 188 54 corriger
2566 2360 58 27 ou
2665 2344 242 53 compléter
2948 2359 86 28 une

1863 2405 142 41 vieille
2033 2406 281 42 installation
2345 2406 50 42 de
2421 2405 237 55 chauffage
2682 2406 78 56 qui
2786 2422 41 27 se
2856 2406 178 44 révélait

1863 2467 289 41 insuffisante
2189 2467 55 52 (le
2280 2467 101 54 plus
2419 2479 203 36 souvent,
2661 2467 30 43 il
2730 2467 216 55 s'agissait
2983 2468 51 41 de

1858 2528 133 42 vieux
2012 2528 263 42 immeubles
2297 2528 178 55 équipés
2496 2544 99 28 avec
2616 2532 71 40 des
2708 2530 193 43 bouches
2924 2528 112 45 d'air

1862 2591 145 40 chaud
2025 2589 31 53 ),
2086 2591 149 41 tandis
2259 2606 84 39 que
2369 2591 110 42 dans
2505 2592 40 42 la
2574 2591 208 42 méthode
2808 2606 85 40 que
2918 2606 116 31 nous

1862 2652 301 52 préconisons,
2207 2653 57 40 les
2305 2652 116 41 deux
2463 2653 304 42 installations
2806 2652 228 43 devraient

1863 2714 85 41 être
1972 2713 188 42 étudiées
2185 2729 50 26 en
2263 2714 142 42 même
2429 2726 156 41 temps.
2612 2714 59 43 Le
2696 2730 101 38 gros
2822 2715 184 43 inconvé-

1863 2776 124 43 nient
2021 2776 50 40 de
2106 2786 106 31 cette
2247 2776 200 42 solution
2483 2791 88 28 sera
2606 2777 50 41 de
2689 2775 224 44 nécessiter
2948 2791 86 28 une

1863 2837 165 42 double
2072 2837 297 43 installation.
2418 2838 285 42 L'économie
2747 2838 170 43 réalisée
2961 2853 74 28 sur

1865 2899 315 41 l'installation
2225 2899 50 41 de
2317 2899 236 54 chauffage
2595 2902 164 40 central
2801 2914 88 29 sera
2930 2913 104 40 trop

1863 2960 135 41 faible
2033 2975 117 38 pour
2186 2975 133 38 payer
2359 2961 316 42 l'installation
2712 2960 245 57 électrique.
2995 2961 39 44 Il

1862 3022 163 41 semble
2054 3021 243 55 également
2326 3038 83 39 que
2441 3023 94 41 l'on
2564 3022 131 44 doive
2722 3023 198 44 craindre
2948 3037 86 28 une

1864 3085 341 52 augmentation
2247 3084 61 41 du
2348 3084 103 53 prix
2492 3099 164 39 moyen
2697 3085 60 42 du
2798 3085 210 43 kilowatt-

1863 3146 130 41 heure
2022 3145 272 46 consommé,
2327 3161 68 27 car
2425 3147 36 42 le
2489 3161 127 39 genre
2649 3146 301 43 d'utilisation
2982 3146 52 42 de

1864 3207 260 43 l'électricité
2154 3207 184 55 indique
2366 3208 154 54 plutôt
2550 3208 36 42 le
2613 3208 238 55 chauffage
2882 3208 148 46 direct,

1864 3268 108 42 mais
2002 3283 114 27 nous
2144 3284 209 37 pouvons
2383 3270 190 41 d'abord
2602 3285 252 40 remarquer
2879 3286 87 41 que
2991 3284 43 28 ce

1858 3328 236 54 chauffage
2115 3331 241 53 d'appoint
2378 3346 103 27 aura
2507 3342 179 35 surtout
2705 3332 21 42 à
2747 3330 290 45 fonctionner

1863 3407 88 26 aux
1978 3392 151 41 heures
2157 3393 50 42 de
2235 3393 99 42 nuit
2359 3405 40 30 et
2425 3393 50 44 de
2499 3394 117 52 jour,
2646 3407 41 31 et
2710 3395 114 54 qu'il
2850 3408 90 30 sera
2964 3393 46 43 fa-

1862 3453 76 42 cile
1986 3453 182 43 d'éviter
2216 3456 38 40 la
2301 3455 366 45 consommation
2715 3457 50 41 de
2809 3455 157 55 pointe
3020 3469 10 27 :

1863 3516 170 41 d'autre
2061 3528 113 41 part,
2205 3532 60 26 on
2292 3530 105 40 peut
2425 3517 224 54 envisager
2675 3518 22 41 à
2726 3518 98 42 bref
2852 3517 112 43 délai
2992 3517 40 42 la

1864 3577 252 42 réalisation
2145 3579 264 52 d'appareils
2438 3579 50 42 de
2512 3579 238 54 chauffage
2775 3581 23 41 à
2828 3594 176 28 accumu-

1863 3639 141 42 lation
2038 3639 188 53 parfaite
2259 3641 77 53 qui
2373 3656 52 27 ne
2458 3640 240 44 céderaient
2733 3642 91 41 leur
2856 3641 178 42 chaleur
