2570 4178
1015 340 168 55 THE
1222 339 299 57 CROWN.

2243 347 33 50 5

365 510 182 56 What
588 530 124 56 way
751 510 48 56 is
839 513 45 54 it
925 513 132 56 that
1096 513 158 56 leads
1295 532 95 37 me
1430 533 75 36 on
1546 523 60 47 to
1658 514 100 55 the
1815 514 229 69 Source,
2100 525 59 47 to
2220 517 101 57 the

210 605 330 78 Beginning
561 612 19 51 ?
661 608 56 56 It
745 608 47 56 is
820 608 101 56 the
949 630 123 54 way
1102 609 62 56 of
1184 609 160 68 flesh,
1378 609 101 56 the
1519 628 209 38 senses.
1811 610 186 56 Down
2039 613 99 55 the
2181 614 140 56 road

209 703 63 55 of
307 704 100 55 the
449 722 208 50 senses,
699 704 227 58 further
966 707 117 56 and
1122 707 227 55 further
1389 707 129 56 into
1560 707 100 56 the
1716 707 295 69 darkness,
2071 711 28 54 I
2157 730 164 38 come

209 809 59 47 to
310 801 102 56 the
451 801 309 76 Almighty
802 804 129 55 God
972 804 128 55 who
1141 824 113 35 was
1295 804 61 55 in
1399 805 100 56 the
1538 804 333 77 beginning,
1913 806 48 55 is
2002 826 142 47 now,
2200 809 118 54 and

211 917 132 36 ever
383 898 150 55 shall
573 899 83 56 be.
737 900 29 55 I
808 919 163 37 come
1010 910 61 46 to
1116 900 100 57 the
1255 900 308 76 Almighty
1603 901 142 56 God.
1828 903 28 53 I
1904 922 95 35 am
2057 904 261 57 received

206 993 150 56 baek
395 993 125 58 into
561 995 101 57 the
703 1004 157 50 utter
900 997 280 57 darkness
1221 997 63 55 of
1317 998 102 56 the
1461 998 250 67 Creator,
1754 998 28 56 I
1824 1017 97 37 am
1964 1018 141 38 once
2144 1000 172 77 again

206 1091 141 57 with
389 1092 158 57 Him.

356 1188 139 56 This
535 1190 47 55 is
623 1210 33 35 a
698 1192 487 67 consummation,
1226 1211 33 36 a
1297 1193 307 77 becoming
1645 1195 234 56 eternal.
1960 1195 137 56 This
2138 1195 48 57 is
2234 1215 75 37 an

206 1286 210 57 arrivai
441 1287 126 58 into
608 1289 265 76 eternity.
956 1290 116 56 But
1114 1290 250 76 eternity
1405 1291 48 55 is
1495 1291 137 75 only
1684 1292 254 58 relative.

356 1384 29 55 I
414 1403 107 37 can
559 1384 235 57 become
835 1406 108 35 one
999 1385 139 57 with
1194 1386 129 75 god,
1380 1388 444 56 consummated
1878 1388 127 56 into
2053 1388 265 76 eternity,

202 1480 78 75 by
321 1480 205 78 taking
567 1482 101 57 the
708 1483 140 56 road
888 1483 168 56 down
1098 1483 101 57 the
1240 1499 193 40 senses
1475 1483 124 57 into
1650 1484 99 56 the
1805 1493 159 47 utter
2021 1484 295 66 darkness,

205 1577 90 56 till
337 1578 28 55 I
409 1599 96 35 am
547 1599 109 36 one
702 1580 140 57 with
898 1581 101 56 the
1056 1581 296 67 darkness,
1408 1582 231 75 beyond
1695 1581 340 76 knowledge
2091 1582 63 56 of
2201 1601 116 56 any

201 1675 276 75 opposite.

352 1773 57 54 It
450 1771 47 56 is
539 1771 151 68 thus,
737 1773 241 77 seeking
1033 1775 472 56 consummation
1542 1774 62 56 in
1662 1775 100 56 the
1818 1784 160 48 utter
2019 1775 295 65 darkness,

200 1869 128 56 that
370 1870 28 55 I
441 1888 161 38 come
646 1880 57 47 to
745 1872 100 55 the
884 1892 242 37 woman.
1208 1873 118 57 She
1366 1873 48 56 is
1456 1873 100 56 the
1611 1874 282 74 doorway,
1949 1874 103 56 she
2107 1874 49 55 is
2212 1873 101 57 the

199 1967 147 54 dark
387 1968 265 75 eternity.
732 1968 193 57 When
968 1971 28 54 I
1038 1978 109 66 put
1187 1990 100 56 my
1326 1969 160 56 hand
1528 1990 75 35 on
1644 1971 117 66 her,
1804 1991 99 56 my
1942 1972 168 56 heart
2152 1972 162 55 beats

197 2063 141 56 with
379 2084 33 35 a
453 2065 231 75 passion
727 2066 62 56 of
822 2066 120 56 fear
981 2067 115 55 and
1137 2076 239 66 ecstasy,
1417 2067 86 55 for
1545 2067 28 56 I
1616 2067 178 56 touch
1842 2088 99 54 my
1999 2088 127 35 own
2184 2086 96 56 pas-

199 2162 129 77 sing
354 2183 175 56 away,
563 2184 99 55 my
704 2184 127 37 own
873 2165 430 75 ceasing-to-be,
1347 2184 100 57 my
1488 2185 128 36 own
1658 2165 472 58 consummation
2170 2165 62 57 in
2273 2185 31 37 a

199 2260 283 57 darkness
522 2261 188 56 which
751 2261 333 58 obliterates
1124 2283 94 36 me
1258 2264 62 56 in
1359 2263 77 57 its
1476 2263 249 76 infinity.
1806 2265 102 75 My
1950 2264 164 57 veins
2168 2264 140 56 rock

194 2377 60 37 as
295 2358 51 56 if
379 2359 141 75 they
559 2380 145 36 were
745 2361 175 76 being
959 2361 323 76 destroyed,
1324 2361 101 57 the
1465 2361 174 55 blood
1695 2361 165 57 takes
1917 2362 102 56 fire
2077 2381 75 37 on
2209 2362 102 57 the

194 2457 144 76 edge
380 2458 64 55 of
478 2457 268 69 oblivion,
788 2458 118 56 and
959 2460 164 55 beats
1164 2458 308 57 backward
1528 2460 118 55 and
1701 2458 259 59 forward.
2040 2460 29 55 I
2126 2460 182 69 resist,

191 2565 99 65 yet
333 2556 27 55 I
402 2574 94 35 am
539 2556 353 75 compelled;
935 2556 102 56 the
1076 2576 229 36 woman
1345 2556 212 67 resists,
1597 2566 99 66 yet
1737 2557 104 56 she
1880 2556 48 57 is
1970 2556 339 76 compelled.

196 2653 140 56 And
362 2672 83 38 we
477 2673 95 36 are
614 2653 101 57 the
755 2654 239 57 relative
1034 2663 160 67 parts
1235 2654 342 57 dominated
1618 2655 77 76 by
1734 2655 103 57 the
1875 2664 235 66 strange
2151 2674 117 37 com-

197 2749 234 75 pulsion
472 2750 63 55 of
568 2749 102 57 the
710 2749 277 59 absolute.

347 2847 321 72 Gradually
696 2867 101 56 my
837 2848 166 56 veins
1043 2848 159 56 relax
1244 2848 152 57 their
1434 2858 181 68 gâtes,
1654 2850 306 76 gradually
1999 2851 102 57 the
2140 2850 131 55 rock-

190 2945 101 75 ing
331 2945 172 56 blood
543 2964 136 57 goes
719 2945 258 68 forward,
1022 2946 231 75 quivers
1293 2966 75 36 on
1410 2947 102 56 the
1552 2947 144 76 edge
1737 2946 63 57 of
1834 2947 270 68 oblivion,
2158 2947 145 57 then

192 3044 184 76 yields
416 3043 157 58 itself
611 3063 96 56 up,
749 3063 193 57 passes
995 3044 124 57 into
1176 3045 102 57 the
1333 3045 348 57 borderland
1738 3046 63 56 of
1850 3046 270 58 oblivion.
2201 3045 110 70 Oh,

194 3142 118 55 and
341 3142 143 57 then
514 3143 27 54 I
578 3142 193 55 would
812 3142 108 67 die,
963 3143 28 54 I
1037 3143 193 56 would
1270 3143 238 76 quickly
1551 3144 107 67 die,
1700 3153 59 48 to
1800 3144 150 56 have
1991 3144 77 55 ail
2109 3144 156 56 know-

195 3239 167 75 ledge
390 3250 61 47 at
478 3258 156 50 once,
663 3248 60 49 to
761 3260 164 37 come
966 3239 289 78 instantly
1296 3251 60 47 to
1396 3261 160 56 pure,
1598 3242 221 57 eternal
1861 3242 271 67 oblivion,
2175 3261 99 38 con-

191 3338 377 58 summation.
648 3338 118 56 But
794 3338 267 77 patience
1088 3338 49 56 is
1164 3338 173 58 fierce
1366 3349 59 48 at
1455 3340 100 57 the
1594 3341 229 56 bottom
1865 3340 63 56 of
1963 3360 95 37 me
2074 3360 13 48 ;
2128 3341 183 65 fierce,

187 3436 398 68 indomitable,
627 3436 240 78 abiding
909 3436 279 76 patience.
1311 3438 76 55 So
1444 3458 102 56 my
1601 3438 174 55 blood
1832 3458 136 56 goes
2029 3438 156 58 forth
2247 3440 61 56 in

191 3535 183 59 shock
426 3534 147 57 after
630 3534 182 57 shock
868 3535 63 56 of
983 3535 275 56 delirious
1314 3535 438 78 passing-away,
1806 3537 63 55 in
1928 3537 183 57 shock
2166 3538 147 57 after

195 3633 183 56 shock
406 3632 266 77 entering
712 3633 125 56 into
878 3633 488 67 consummation,
1410 3632 89 58 till
1541 3653 100 56 my
1681 3634 129 56 soul
1850 3634 49 56 is
1940 3634 256 78 slipping
2236 3636 76 57 its

197 3731 313 76 moorings,
553 3751 100 56 my
695 3732 181 66 mind,
917 3752 101 55 my
1062 3732 111 56 will
1213 3732 157 56 fuses
1410 3732 184 67 down,
1643 3733 22 54 I
1709 3733 143 58 melt
1894 3744 104 47 out
2045 3735 117 54 and
2217 3754 97 37 am

201 3849 150 57 gone
378 3827 125 58 into
533 3829 101 57 the
663 3829 221 57 eternal
914 3829 294 68 darkness,
1239 3830 100 56 the
1382 3829 210 77 primai
1632 3830 281 57 darkness
1952 3831 207 76 reigns,
2201 3832 117 56 and

204 3928 28 53 I
275 3947 95 34 am
413 3947 74 34 no
495 3935 34 46 t.
