2761 3980
1939 259 279 53 TEK
2284 262 50 49 H
2399 262 55 50 N
2521 263 40 49 E

2438 3649 133 73 73

169 440 179 47 projets
381 437 56 41 de
466 440 141 40 voirie
638 439 174 40 dressés
846 456 81 33 par
960 438 62 42 les
1053 456 284 29 communes;

242 497 56 50 b)
338 497 60 41 Le
428 508 175 40 respect
633 500 56 40 de
720 502 41 41 la
793 502 200 43 sécurité,
1029 500 56 40 de
1115 500 225 50 l'hygiène

175 567 55 38 et,
277 559 114 41 dans
422 576 91 24 une
554 577 178 24 mesure
773 562 244 45 restreinte,
1064 562 56 40 de
1162 562 9 41 1
1195 563 120 41 esthé-

175 622 133 48 tique.

238 692 413 51 .L'expropriation
698 695 116 40 n'est
863 694 210 50 possible,
1125 697 124 41 selon
1300 697 40 40 la

175 754 72 47 loi,
279 771 86 33 que
390 771 115 33 pour
527 771 132 24 cause
685 754 192 42 d'utilité
901 755 227 50 publique,
1158 767 42 31 et
1224 766 116 33 cette

174 818 296 38 autorisation
530 833 55 23 ne
644 825 108 41 peut
806 820 93 37 être
959 818 218 41 accordée
1236 819 103 49 qu'à

175 875 150 47 l'Etat,
370 894 87 24 aux
497 894 265 24 communes
802 890 45 31 et
884 880 189 40 certains
1112 880 206 41 établisse-

174 946 148 32 ments
353 938 187 49 publics.

245 1009 39 41 3.
313 1010 84 41 Les
421 1014 186 38 terrains
635 1021 103 31 sont
764 1012 337 49 généralement
1126 1015 134 41 cédés
1287 1031 54 23 en

174 1070 231 52 propriété
437 1072 205 42 absolue.
682 1072 501 51 Exceptionnellement
1221 1093 58 24 on
1319 1092 24 23 a

177 1148 60 24 vu
265 1132 239 50 appliquer
534 1132 199 41 d'autres
761 1132 168 44 formes
959 1134 55 40 de
1042 1145 167 38 tenure,
1243 1136 73 48 pré-

172 1198 204 37 conisées
409 1213 81 32 par
522 1195 62 40 les
620 1195 264 42 urbanistes.

248 1266 42 43 4.
329 1265 28 44 Il
390 1266 189 43 n'existe
610 1284 81 32 pas
724 1266 55 43 de
811 1267 57 41 loi
898 1281 275 30 concernant
1204 1268 39 43 le
1274 1285 44 26 re-

173 1329 337 40 membrement
535 1329 271 49 obligatoire
833 1330 56 41 de
919 1335 184 37 terrains
1132 1340 184 42 apparte-

174 1400 110 32 nant
318 1394 25 37 à
378 1391 80 41 des
491 1391 289 50 particuliers.
818 1391 83 41 Les
934 1409 265 25 communes
1231 1394 88 40 inté-

174 1455 171 38 ressées
379 1453 130 40 n'ont
543 1455 135 48 guère
712 1456 76 37 usé
817 1454 178 49 jusqu'à
1029 1458 194 47 présent,
1263 1453 79 41 des

175 1530 191 32 moyens
410 1515 84 40 mis
536 1515 25 38 à
603 1513 94 42 leur
740 1513 267 51 disposition
1053 1533 81 33 par
1178 1515 142 42 l'urba-

171 1578 156 40 nisme.

237 1646 71 43 De
343 1651 163 44 même,
546 1647 114 42 dans
695 1648 42 43 la
772 1652 354 39 reconstruction
1162 1651 80 40 des
1279 1652 42 38 ré-

174 1711 129 48 gions
332 1710 252 45 dévastées,
620 1727 58 24 un
710 1710 220 42 excellent
964 1711 240 48 arrêté-loi,
1242 1726 76 36 par-

174 1771 238 42 faitement
445 1770 150 49 établi,
630 1780 117 34 resta
774 1771 129 42 lettre
931 1783 159 32 morte.

238 1842 157 51 Quant
426 1847 26 39 à
483 1843 44 43 la
557 1847 202 39 création
796 1844 57 42 de
886 1846 200 42 colonies
1119 1846 199 41 d'habita-

173 1907 131 45 tions,
332 1905 285 42 l'institution
644 1906 56 41 de
724 1907 43 41 la
790 1907 176 41 Société
994 1907 241 41 Nationale
1263 1906 80 42 des

172 1966 280 43 habitations
490 1975 43 33 et
571 1967 254 51 logements
859 1972 26 37 à
921 1968 93 43 bon
1054 1969 184 41 marché
1278 1976 65 33 est

175 2046 87 24 une
299 2032 149 38 action
485 2028 219 43 heureuse
842 2029 105 42 bien
986 2048 86 33 que
1113 2030 57 42 de
1208 2028 113 43 résul-

172 2099 86 32 tats
286 2100 101 41 trop
416 2108 88 33 peu
532 2090 204 43 étendus.

714 2162 95 27 ***

235 2235 143 46 Vient
410 2239 173 41 ensuite
614 2237 227 42 l'examen
874 2239 79 42 des
985 2242 176 47 projets
1190 2238 56 42 de
1279 2241 43 38 ré-

174 2299 160 46 forme,
374 2299 239 42 deuxième
648 2303 145 47 partie
831 2300 58 42 de
924 2300 183 42 l'étude.

211 2371 156 49 Ayant
395 2383 252 32 nettement
674 2372 137 41 établi
839 2371 69 51 qu'
922 2389 202 26 «aucune
1150 2372 105 42 ville
1286 2388 57 24 ou

177 2449 245 26 commune
453 2433 133 49 belge
619 2433 72 41 n'a
723 2432 177 52 jusqu'à
933 2437 182 47 présent
1146 2434 196 42 instauré

176 2511 87 25 une
287 2495 219 49 politique
529 2493 199 45 foncière
753 2494 298 49 méthodique
1070 2504 139 40 ayant
1228 2511 115 32 pour

174 2556 82 41 but
300 2556 351 42 Tamélioration
698 2557 78 43 des
819 2556 260 44 conditions
1121 2557 57 42 de
1223 2558 97 50 loge-

172 2627 127 33 ment
334 2636 23 24 »
393 2627 43 33 et
469 2635 86 34 que
585 2618 64 43 les
680 2618 144 43 seules
855 2621 319 39 intéressantes
1202 2621 114 40 mani-

169 2679 244 43 festations
437 2680 310 43 d'urbanisme
773 2690 78 32 ont
880 2684 73 39 été
978 2680 130 43 faites
1133 2698 22 25 «
1185 2698 55 24 en
1268 2681 50 40 de-

171 2743 106 40 hors
323 2752 42 30 et
415 2743 337 49 fréquemment
796 2742 171 52 malgré
1014 2743 63 42 les
1127 2745 217 49 pouvoirs

171 2821 310 25 communaux
510 2807 238 39 intéressés
783 2821 22 25 »
840 2803 263 43 l'urbaniste
1133 2809 211 37 examine

173 2869 172 38 ensuite
369 2866 40 41 le
441 2883 22 24 «
490 2869 153 47 projet
668 2867 56 42 de
750 2867 57 42 loi
833 2884 72 25 sur
929 2866 64 42 les
1013 2867 130 50 plans
1171 2867 144 42 d'amé-

174 2937 247 41 nagement
459 2936 44 33 et
540 2928 286 44 d'extension
863 2928 78 42 des
979 2928 128 42 villes
1143 2938 43 31 et
1220 2947 93 23 com-

171 3007 158 24 munes
358 3006 39 31 »,
428 2994 152 46 projet
608 2990 151 42 dressé
788 3007 81 34 par
895 2990 41 42 la
964 2989 273 43 Fédération
1264 2990 79 42 des

171 3052 254 49 ingénieurs
455 3069 308 24 communaux
795 3052 55 41 de
881 3051 229 51 Belgique.
1145 3051 64 42 Ce
1240 3070 78 33 pro-

170 3116 77 47 jet,
299 3115 167 49 inspiré
510 3123 174 33 surtout
731 3113 78 42 des
853 3114 81 41 lois
981 3114 232 50 française,
1268 3132 50 24 an-

172 3175 139 50 glaise
343 3184 43 34 et
419 3175 298 47 hollandaise,
755 3176 229 41 renferme
1012 3194 53 24 en
1104 3186 127 31 outre
1265 3176 79 41 des

171 3236 177 42 articles
379 3239 235 49 originaux
642 3256 74 23 sur
741 3236 43 43 la
811 3236 228 43 servitude
1069 3242 275 47 temporaire

179 3297 57 44 de
276 3315 91 27 non
408 3297 117 41 bâtir
564 3316 71 23 sur
675 3310 101 31 tous
816 3299 61 43 les
917 3301 186 44 terrains
1144 3301 199 48 compris

171 3360 114 42 dans
315 3360 41 41 la
383 3378 115 24 zone
530 3361 310 46 d'extension;
869 3360 329 43 l'autorisation
1230 3361 86 43 don-

1412 444 82 38 née
1516 459 85 23 aux
1630 445 315 47 propriétaires
1971 445 56 40 de
2051 454 160 31 mettre
2237 446 60 40 fin
2322 449 24 37 à
2371 446 40 41 la
2433 448 112 38 servi-

1411 503 109 40 tude
1560 513 187 39 grevant
1786 504 114 42 leurs
1938 505 127 41 biens
2107 523 54 23 en
2200 516 227 31 assumant
2466 524 77 23 eux-

1411 567 172 37 mêmes
1609 565 80 40 des
1712 574 188 32 travaux
1928 567 54 40 de
2007 570 139 37 voirie
2175 571 24 37 à
2223 584 27 32 y
2276 569 226 44 exécuter;
2530 569 40 40 la

1411 625 109 40 base
1552 625 56 40 de
1642 625 291 43 l'évaluation
1969 628 78 40 des
2084 628 291 47 indemnités;
2411 628 135 41 l'auto-

1413 688 181 38 risation
1630 687 178 42 donnée
1844 706 85 23 aux
1961 706 263 25 communes
2260 689 311 50 d'exproprier

1414 747 79 40 des
1527 764 137 26 zones
1702 748 56 41 de
1794 751 161 39 terrain
1994 750 216 41 étendues
2245 760 138 31 avant
2417 750 128 41 l'amé-

1412 818 243 40 nagement
1689 811 234 40 imminent
1957 821 42 30 et
2033 821 136 31 avant
2201 811 369 41 l'établissement

1413 872 149 39 même
1596 870 59 41 du
1691 871 106 49 plan
1832 871 56 41 de
1923 874 161 44 voirie;
2117 873 40 40 le
2190 872 382 41 remembrement

1414 930 81 42 des
1513 932 217 49 parcelles
1755 932 56 41 de
1835 936 186 37 terrains
2045 936 25 38 à
2090 933 137 47 bâtir;
2253 934 119 41 enfin
2397 934 42 41 la
2462 934 110 41 base

1413 991 144 50 légale
1601 993 179 40 donnée
1828 1010 85 24 aux
1955 1010 136 24 zones
2133 994 339 43 différentielles
2516 994 57 40 de

1413 1052 178 48 bâtisse,
1630 1056 256 47 prévoyant
1921 1054 278 42 l'indication
2237 1056 56 40 de
2326 1073 73 24 ces
2437 1072 135 25 zones

1413 1131 71 24 sur
1518 1115 40 40 le
1595 1115 120 50 plan.

1453 1185 281 41 L'urbaniste
1761 1185 290 51 Verwilghen
2079 1190 188 38 termine
2295 1198 115 32 cette
2439 1187 133 41 étude

1416 1265 54 24 en
1510 1247 234 43 affirmant
1782 1248 41 41 le
1863 1249 143 50 grand
2046 1249 138 50 profit
2227 1266 84 32 que
2351 1253 224 38 tireraient

1419 1308 62 41 les
1513 1324 265 27 communes
1808 1308 155 50 belges
2000 1309 55 42 de
2088 1310 102 44 telle
2223 1310 262 49 législation.
2521 1310 51 41 Et

1414 1370 28 42 il
1479 1370 206 42 souhaite
1724 1387 87 34 que
1846 1371 177 43 l'actuel
2064 1375 189 48 congrès
2290 1373 56 41 de
2382 1372 191 44 Vienne,

1414 1441 138 40 ayant
1577 1435 83 38 mis
1693 1448 23 25 «
1749 1449 55 24 en
1834 1432 126 41 relief
1992 1432 315 51 l'importance
2338 1433 56 42 de
2426 1433 43 42 la
2497 1451 52 33 po-

1421 1492 152 49 litique
1641 1491 198 45 foncière
1907 1505 42 30 et
2016 1494 61 41 les
2144 1495 187 48 progrès
2399 1493 176 41 réalisés

1415 1557 132 47 grâce
1577 1557 25 38 à
1633 1555 82 42 elle
1752 1555 111 41 dans
1891 1556 105 41 bien
2030 1555 79 42 des
2139 1573 112 33 pays
2282 1572 21 25 »
2341 1558 132 39 incite
2503 1573 50 24 en-

1415 1615 63 42 fin
1514 1631 22 26 «
1569 1615 41 42 la
1639 1616 254 51 législature
1922 1616 133 51 belge
2080 1620 25 38 à
2135 1617 195 50 adopter
2359 1618 39 41 le
2429 1621 149 48 projet

1421 1675 56 42 de
1505 1679 58 40 loi
1591 1679 175 38 résumé
1793 1677 228 43 ci-dessus.
2055 1677 200 43 Puissent
2285 1679 61 40 les
2374 1695 168 24 commu-

1420 1754 88 31 nes,
1540 1736 109 43 dit-il
1672 1743 126 44 aussi,
1825 1757 54 23 en
1903 1738 107 43 faire
2030 1755 58 25 un
2110 1742 225 47 généreux
2357 1740 215 50 emploi».

1488 1957 80 42 LA
1601 1958 388 43 PROTECTION
2022 1959 111 42 DES
2162 1959 169 45 SITES.
2463 1977 21 25 «
2517 1961 60 40 Le

1416 2021 299 41 Mouvement
1754 2021 275 42 Communal
2074 2040 38 30 »,
2163 2023 73 50 (n°
2274 2025 59 40 du
2375 2023 47 42 31
2474 2027 106 38 août

1425 2082 167 50 1926),
1626 2084 153 49 publie
1810 2101 58 25 un
1898 2083 152 43 article
2079 2086 194 40 succinct
2308 2086 58 40 dû
2396 2089 24 38 à
2452 2095 130 31 notre

1414 2144 334 43 collaborateur
1778 2145 106 42 Van
1917 2147 79 40 der
2027 2146 266 43 Swaelmen.

1484 2219 285 41 L'urbaniste
1809 2224 213 47 envisage
2061 2220 63 42 les
2165 2221 255 42 nombreux
2460 2239 91 24 com-

1414 2281 226 49 pléments
1667 2281 105 50 qu'il
1804 2295 65 30 est
1898 2281 339 50 indispensable
2263 2284 265 50 d'apporter
2557 2286 25 38 à

1416 2351 131 32 notre
1580 2346 171 47 maigre
1788 2343 252 51 législation
2076 2362 52 23 en
2166 2348 186 38 matière
2389 2345 56 42 de
2478 2362 77 34 pro-

1418 2406 167 40 tection
1630 2404 78 42 des
1745 2406 117 43 sites.
1908 2405 42 42 Si
1992 2405 11 41 I
2028 2423 56 25 on
2126 2415 107 33 veut
2273 2410 99 38 voir
2410 2406 170 42 celle-ci

1416 2465 221 42 s'exercer
1670 2467 331 48 efficacement,
2039 2467 85 42 elle
2156 2467 304 52 s'appliquera
2497 2486 86 24 aux

1416 2530 108 39 trois
1555 2527 192 43 échelles
1782 2528 57 42 de
1871 2528 225 51 grandeur
2133 2547 9 24 :
2182 2529 41 42 1°
2253 2529 62 42 les
2345 2548 129 33 parcs
2505 2548 50 23 na-

1414 2591 188 40 tionaux
1627 2607 57 25 ou
1710 2592 202 42 réserves
1936 2590 240 43 naturelles
2203 2591 245 43 d'étendue
2474 2609 80 25 con-

1416 2651 247 47 sidérable;
1707 2652 47 41 2°
1795 2651 61 42 les
1890 2656 117 43 sites,
2050 2670 220 35 paysages
2312 2663 42 33 et
2393 2656 189 40 stations

1415 2714 306 50 scientifiques
1757 2714 58 42 de
1848 2724 158 32 nature
2044 2715 175 42 diverse
2257 2724 43 32 et
2336 2716 246 41 d'étendue

1416 2775 101 48 plus
1561 2780 252 42 restreinte;
1863 2775 46 42 3°
1949 2777 121 41 enfin
2116 2777 60 41 les
2222 2777 151 42 arbres
2417 2794 138 25 remar-

1416 2837 190 50 quables
1666 2837 244 52 (auxquels
1961 2839 276 51 s'attaquent
2293 2839 289 52 aujourd'hui

1415 2916 116 33 pour
1559 2916 55 24 en
1642 2901 105 40 tirer
1774 2900 150 50 profit,
1959 2900 78 42 des
2066 2900 385 46 administrations
2479 2911 101 41 trop

1413 2959 181 52 libres).

1478 3033 45 41 V
1529 3037 83 39 oici
1643 3034 342 43 textuellement
2015 3036 40 41 le
2086 3039 175 40 résumé
2292 3039 72 48 qui
2394 3041 188 38 termine

1417 3095 330 43 l'intéressante
1784 3097 135 42 étude
1959 3097 57 41 de
2054 3098 60 41 M.
2156 3098 104 43 Van
2300 3100 80 41 der
2418 3098 135 43 Swael-

1414 3176 104 23 men
1550 3176 9 23 :
1931 3198 9 4 „

1488 3248 21 24 «
1538 3231 63 42 La
1625 3232 257 42 Protection
1908 3232 225 43 Effective
2161 3235 57 41 de
2239 3234 42 42 la
2305 3244 156 33 nature
2486 3234 95 42 doit

1414 3293 228 42 s'étendre
1679 3296 379 43 successivement
2095 3299 25 39 à
2166 3314 9 23 :

1502 3375 14 16 0
1552 3366 62 43 La
1649 3370 293 42 constitution
1978 3368 58 43 de
2074 3373 200 39 réserves
2308 3370 271 46 nationales;

183 3527 513 52 SUPPLEMENT
757 3530 112 50 AU
927 3530 331 53 VOLUME
1326 3532 99 52 VI.
1623 3535 80 50 N°
1771 3536 20 42 5
1856 3536 99 51 DE
2027 3555 29 32 «
2120 3537 98 51 LA
2280 3537 179 51 CITE
2525 3555 49 33 ».
