2761 3980
2374 3579 131 75 55

217 216 55 74 L
339 217 65 72 A
536 217 155 73 Cl
761 216 63 74 T
891 219 92 81 E.

1109 219 340 82 VOL.
1576 221 91 82 6.

1798 224 65 71 N
1938 225 65 71 U
2080 225 76 71 M
2175 295 13 11 .
2314 226 59 73 5

526 465 43 52 Il
593 483 34 48 y
646 479 90 38 eut
755 484 181 34 encore
959 484 99 36 une
1081 470 254 51 tentative
1355 487 141 47 pour
1516 469 196 53 limiter
1731 470 51 54 la
1803 471 228 54 hauteur
2051 473 87 53 des
2159 475 185 52 immeu-

368 550 108 51 bles
505 564 49 37 et
581 551 50 50 la
658 553 322 63 proportion
1013 554 61 52 de
1103 554 362 52 construction
1496 557 86 49 des
1611 555 364 55 lotissements.
2008 558 202 66 (3/10)
2253 562 131 50 dans

368 637 48 48 la
443 635 240 52 banlieue
710 637 157 52 située
894 639 211 52 au-delà
1133 640 72 51 du
1232 640 204 51 chemin
1463 640 61 51 de
1550 639 77 52 fer
1653 642 61 50 de
1740 643 241 51 ceinture.

526 744 45 51 Il
602 744 190 54 résulta
821 747 61 51 de
910 764 78 34 ces
1015 746 167 53 échecs
1216 765 100 33 une
1345 748 305 64 congestion
1681 750 115 50 telle
1824 751 168 65 qu'on
2023 753 225 64 pouvait
2278 753 106 51 dire

368 830 160 62 qu'en
562 830 202 50 l'année
806 847 163 47 1913,
1007 849 72 47 90
1114 850 97 47 p.c.
1249 833 87 51 des
1369 833 275 51 habitants
1677 835 61 50 de
1773 835 178 52 Berlin
1986 837 232 51 vivaient
2255 838 130 50 dans

369 915 87 49 des
480 915 143 52 blocs
646 916 452 63 d'appartements
1121 918 61 50 de
1208 936 31 46 4
1269 936 72 33 ou
1369 935 28 47 5
1426 917 185 65 étages,
1638 920 231 65 disposés
1895 939 62 32 en
1984 921 256 65 plusieurs
2268 939 88 33 ran-

369 997 111 65 gées
513 998 61 53 de
606 1000 336 65 profondeur
973 1018 90 34 sur
1095 1002 86 51 des
1211 1015 257 39 courettes
1500 1002 241 54 obscures
1774 1019 50 37 et
1855 1005 291 52 malsaines.
2183 1006 170 65 Cepen-

372 1085 132 51 dant
537 1085 70 51 les
641 1101 114 35 rues
786 1084 194 53 étaient
1011 1087 165 64 larges
1208 1101 48 38 et
1291 1089 121 50 bien
1446 1087 201 58 tracées,
1684 1103 49 38 et
1764 1090 113 51 l'on
1911 1090 93 65 n'y
2038 1091 225 64 pouvait
2296 1110 93 46 pas

369 1169 121 52 voir
514 1170 71 51 les
612 1169 222 53 fenêtres
860 1170 224 58 étroites,
1116 1175 70 50 les
1215 1186 393 51 appartements
1637 1175 232 51 sombres
1898 1188 50 40 et
1977 1176 70 51 les
2075 1176 315 51 minuscules

362 1273 152 34 cours
543 1254 315 54 intérieures.

528 1376 84 50 En
644 1388 167 45 outre,
844 1377 70 52 les
942 1377 220 66 dangers
1191 1379 62 51 de
1283 1392 128 38 cette
1440 1381 306 63 congestion
1778 1381 180 52 furent
1989 1399 172 35 accrus
2189 1383 73 51 du
2292 1383 99 51 fait

364 1480 102 46 que
493 1463 69 50 les
588 1463 388 52 constructions
1004 1465 351 52 industrielles
1382 1480 194 51 purent
1603 1466 250 52 s'étendre
1884 1470 172 62 parmi
2085 1470 69 50 les
2182 1470 178 50 habita-

373 1546 155 52 lions.

528 1667 142 52 Mais
698 1668 28 51 à
754 1670 169 64 partir
950 1670 61 51 de
1037 1670 202 52 l'année
1275 1688 143 48 1907
1451 1689 50 36 se
1526 1672 198 52 dessine
1751 1673 61 51 de
1839 1673 123 66 plus
1989 1692 62 33 en
2079 1674 120 64 plus
2227 1688 137 38 nette-

372 1767 146 37 ment
559 1772 72 33 un
668 1771 345 42 mouvement
1051 1758 63 49 de
1152 1757 223 56 réforme
1412 1758 384 63 organisatrice.
1836 1759 73 52 Le
1947 1759 179 64 public
2165 1762 227 62 comprit

371 1838 332 52 l'infériorité
734 1840 61 51 de
827 1857 75 36 ses
932 1842 304 52 conditions
1267 1842 61 52 de
1360 1843 81 51 vie
1479 1843 231 51 urbaine.
1746 1843 107 52 Des
1886 1844 278 52 tentatives
2194 1846 200 63 privées

362 1942 47 32 se
432 1924 162 51 firent
618 1923 150 65 jour;
795 1927 173 62 parmi
992 1927 216 51 celles-ci
1232 1928 68 51 les
1324 1928 365 64 propositions
1713 1931 62 49 de
1799 1931 50 49 la
1874 1929 196 52 Société
2095 1931 85 50 des
2205 1929 156 52 Archi-

372 2023 152 38 tectes
547 2009 252 52 berlinois
823 2026 164 49 ayant
1013 2030 62 33 en
1102 2030 100 33 vue
1227 2013 437 64 principalement
1689 2031 100 47 que
1815 2017 69 50 les
1909 2014 308 53 immeubles
2244 2016 120 51 d'ha-

373 2096 261 51 bitations
665 2096 170 52 soient
868 2098 288 51 construits
1187 2098 29 50 à
1248 2097 151 53 front
1430 2098 62 52 de
1525 2116 104 39 rue,
1665 2112 48 40 et
1744 2100 203 52 éclairés
1980 2100 334 53 directement
2348 2115 48 37 et

372 2199 110 33 non
514 2199 98 47 par
641 2181 88 52 des
758 2199 168 34 cours.

529 2291 84 51 En
651 2309 64 47 19
730 2309 84 39 12,
844 2291 89 52 fut
961 2291 164 52 fondé
1153 2293 43 50 le
1234 2294 772 52 «Zweckverband»
2038 2295 245 64 composé
2312 2295 87 51 des

373 2376 255 51 autorités
656 2378 362 51 communales
1048 2378 61 51 de
1136 2378 178 52 Berlin
1349 2393 49 37 et
1426 2379 88 52 des
1542 2379 265 57 environs,
1839 2380 132 51 dans
2000 2380 45 51 le
2072 2379 101 53 but
2202 2379 162 52 d'amé-

373 2463 155 51 liorer
555 2463 71 51 les
653 2463 304 52 conditions
984 2464 62 52 de
1073 2465 282 64 logement.
1388 2465 151 51 Cette
1567 2465 314 52 association
1911 2484 48 33 se
1991 2465 170 52 rendit
2189 2478 210 51 compte

374 2548 61 51 de
472 2548 50 51 la
561 2548 239 51 nécessité
839 2549 160 51 d'une
1040 2549 314 64 répartition
1394 2549 256 65 adéquate
1690 2550 87 51 des
1818 2552 171 50 divers
2029 2552 256 63 quartiers
2325 2552 71 50 du

373 2636 170 62 grand
576 2634 204 57 Berlin;
820 2636 132 50 mais
987 2636 45 50 le
1067 2636 222 50 nombre
1324 2651 50 37 et
1408 2637 48 49 la
1492 2636 192 52 variété
1718 2637 88 52 des
1843 2637 456 63 réglementations
2335 2656 60 32 en

376 2721 219 63 vigueur
618 2721 132 50 dans
775 2721 69 50 les
872 2721 224 50 diverses
1120 2738 307 35 communes
1453 2722 89 52 fut
1568 2740 71 34 un
1667 2722 200 52 sérieux
1895 2723 241 51 obstacle.

529 2830 263 65 Jusqu'en
829 2849 163 47 1919,
1023 2832 46 52 le
1106 2850 29 32 «
1168 2832 433 52 Zweckverband
1633 2850 124 33 »ne
1785 2848 101 49 put
1915 2832 150 66 guère
2097 2832 198 52 réaliser
2325 2850 73 34 ses

376 2916 236 51 desseins.
645 2915 142 52 Mais
814 2917 48 50 la
891 2917 306 51 conclusion
1228 2917 61 51 de
1317 2917 49 51 la
1396 2935 179 47 guerre
1606 2935 183 35 amena
1821 2935 99 35 une
1947 2919 152 51 chute
2130 2919 59 51 de
2218 2919 181 49 valeur

366 3004 86 49 des
510 3004 233 49 terrains.
806 3004 43 49 Il
910 3004 163 49 fallut
1134 3004 255 51 admettre
1449 3022 101 47 que
1609 3005 72 51 les
1742 3004 315 65 possibilités
2121 3006 59 50 de
2246 3004 120 52 déve-

376 3090 308 62 loppement
728 3089 60 51 de
833 3089 49 51 la
926 3089 221 63 capitale
1189 3089 194 52 étaient
1426 3090 235 56 limitées,
1707 3108 95 46 par
1845 3088 319 64 conséquent
2206 3107 100 45 que
2349 3089 50 51 la

376 3175 326 64 spéculation
736 3193 88 33 sur
856 3175 71 51 les
957 3175 219 51 terrains
1209 3177 203 50 n'avait
1443 3177 121 63 plus
1594 3174 151 66 guère
1775 3177 61 53 de
1869 3174 172 52 raison
2075 3175 174 52 d'être.

521 3284 278 53 L'activité
827 3284 364 65 urbanistique
1222 3286 72 51 du
1331 3304 30 33 «
1393 3284 431 53 Zweckverband
1851 3304 31 31 »
1911 3300 299 47 commença
2239 3283 86 52 dès
2351 3300 50 34 ce

373 3385 257 38 moment.
659 3371 96 52 Les
783 3370 186 52 années
1002 3389 142 44 1919
1172 3385 50 38 et
1256 3389 143 44 1920
1427 3372 172 51 virent
1623 3370 427 53 l'établissement
2076 3371 61 53 de
2164 3370 49 50 la
2243 3368 157 65 régle-
