2761 3980
1781 263 313 51 TEK
2176 263 52 50 H
2312 263 56 51 N
2450 264 46 50 E

69 3663 136 71 76

168 443 117 41 Pour
318 443 40 41 la
390 446 217 46 province
642 442 56 42 de
731 442 201 42 Brabant
975 459 8 23 :
1017 442 60 41 M.
1113 440 144 51 Egide

99 503 255 49 Rombaux,
380 507 212 39 statuaire
615 506 25 37 à
663 502 243 47 Bruxelles,
930 521 56 25 en
1008 503 221 50 remplace-

98 577 123 31 ment
258 564 55 43 de
348 564 59 42 M.
447 564 56 43 V.
543 564 245 47 Rousseau,
828 569 186 37 nommé
1050 562 206 42 membre

97 625 186 42 effectif.

165 686 117 41 Pour
316 687 39 40 la
390 689 217 47 province
644 686 55 41 de
734 686 135 50 Liège
910 704 7 22 :
955 686 60 41 M.
1054 685 200 49 Olympe

96 747 192 46 Gilbart,
315 747 187 42 échevin
530 747 56 41 de
612 748 39 41 la
675 747 105 41 ville
807 748 56 42 de
887 746 146 53 Liège,
1062 763 55 25 en
1142 762 86 25 rem-

94 809 259 49 placement
385 808 56 43 de
469 807 60 43 M.
562 807 55 44 G.
649 806 253 54 Francotte,
938 807 185 44 décédé.

163 869 117 41 Pour
313 870 40 40 la
386 871 216 47 province
637 869 57 43 de
729 870 39 40 la
803 868 194 42 Flandre
1029 868 196 42 Occiden-

94 931 87 44 tale
212 950 7 23 :
246 929 60 44 M.
333 929 237 51 Tulpinck,
595 929 66 51 C.,
689 930 304 48 archéologue
1018 933 24 38 à
1068 929 183 51 Bruges,

92 1011 54 25 en
178 991 357 50 remplacement
565 992 56 43 de
651 992 61 42 M.
747 992 38 41 le
813 991 223 42 chanoine
1066 991 181 46 Duclos,

94 1052 192 46 décédé;
348 1052 60 43 M.
469 1052 153 42 l'abbé
679 1053 326 47 Valckenaere,
1066 1057 103 37 curé
1227 1055 26 38 à

91 1114 166 41 Beerst.

160 1174 116 40 Pour
300 1176 40 41 la
365 1178 218 46 province
609 1176 56 42 de
691 1176 38 40 la
753 1174 196 44 Flandre
975 1174 234 43 Orientale
1240 1194 8 22 :

90 1235 60 43 M.
184 1235 116 41 Fred
333 1236 55 43 de
418 1236 135 53 Smet,
590 1239 184 47 critique
805 1236 118 43 d'art
952 1241 24 37 à
1009 1235 154 49 Gand,
1193 1253 56 24 en

90 1297 358 50 remplacement
488 1298 55 42 de
585 1297 59 41 M.
688 1297 221 53 Blomme,
955 1297 187 44 décédé.

158 1358 118 41 Pour
311 1359 40 40 la
388 1362 217 47 province
641 1359 55 43 de
733 1358 249 52 Limbourg
1024 1377 8 23 :
1070 1359 61 42 M.
1169 1358 54 43 Al-

89 1419 99 41 fred
228 1418 201 51 Hansay,
471 1430 322 31 conservateur
833 1420 78 43 des
949 1420 203 41 archives
1193 1419 57 41 de

89 1480 147 49 l'Etat,
303 1483 24 38 à
391 1480 195 49 Hasselt,
651 1499 53 23 en
769 1482 360 50 remplacement
1193 1481 56 41 de

88 1542 60 43 M.
189 1542 292 50 Huybrights,
524 1541 187 43 décédé.

155 1603 117 41 Pour
307 1604 39 41 la
381 1606 218 47 province
634 1604 56 42 de
727 1603 202 43 Hainaut
969 1623 8 23 :
1001 1604 72 47 .M.
1112 1604 108 42 Fran-

83 1667 93 47 çois
198 1663 173 49 André,
398 1679 165 30 avocat
587 1668 25 38 à
635 1665 149 48 Mons,
810 1685 53 23 en
888 1665 356 51 remplacement

87 1726 56 42 de
183 1726 59 42 M.
285 1726 91 41 Soil
419 1726 55 44 de
516 1726 252 54 Morialmé,
812 1731 187 39 nommé
1040 1727 207 42 membre

83 1787 188 43 effectif.

147 1957 196 42 ECOLE
388 1957 306 43 NORMALE
738 1958 419 43 PROVINCIALE
1200 1959 44 41 A

80 2018 296 45 LOUVAIN.
497 2018 65 43 En
590 2023 111 39 suite
731 2020 136 42 d'une
897 2021 199 41 décision
1126 2022 117 47 prise

79 2098 81 33 par
205 2083 39 40 le
291 2081 180 42 Conseil
517 2082 263 49 provincial,
833 2083 39 41 la
919 2084 219 47 province
1188 2081 55 43 de

81 2142 200 42 Brabant
311 2159 58 24 va
400 2152 163 34 mettre
595 2160 56 24 au
685 2159 221 26 concours
938 2144 40 40 la
1011 2146 206 46 présenta-

81 2206 94 40 tion
222 2203 108 43 d'un
374 2207 153 48 projet
573 2203 188 42 d'Ecole
806 2206 208 41 normale
1058 2207 158 46 provin-

78 2264 111 44 ciale
216 2268 24 37 à
269 2268 142 47 ériger
437 2269 25 37 à
491 2265 216 44 Louvain.
741 2265 61 42 La
832 2265 282 50 Députation
1143 2283 75 33 per-

79 2337 213 31 manente
327 2326 197 50 prendra
558 2344 103 24 sous
693 2344 87 33 peu
819 2327 63 41 les
919 2326 324 43 délibérations

78 2391 284 40 nécessaires.

329 2465 21 25 «
381 2449 160 41 Savoir
569 2462 43 30 et
640 2450 170 41 Beauté
842 2466 38 32 »,
913 2460 112 40 sept.
1068 2448 164 50 1926.)

681 2549 24 25 y

143 2630 252 42 BRUGES.
571 2631 367 43 EXPOSITION
974 2632 81 42 DE
1095 2631 111 43 PHO-

73 2692 127 43 TOS.
334 2692 61 42 La
431 2692 230 44 Chambre
693 2692 242 50 Syndicale
970 2693 81 42 des
1082 2693 131 42 Entre-

73 2770 214 33 preneurs
329 2754 55 44 de
428 2755 9 41 1
460 2754 405 44 Arrondissement
905 2754 233 51 judiciaire
1185 2754 54 41 de

74 2815 168 51 Bruges
276 2818 206 47 organise
518 2832 87 25 aux
638 2815 169 51 Halles,
845 2816 174 43 Grand'
1214 2818 25 38 à

76 2876 178 50 Bruges,
303 2893 111 25 avec
459 2880 40 41 le
543 2894 222 25 concours
812 2878 55 41 de
913 2878 325 41 l'Association

75 2938 78 43 des
193 2938 296 49 Architectes,
534 2957 86 26 une
661 2938 268 51 Exposition
973 2939 56 42 de
1070 2939 171 51 photos

70 3000 57 42 de
157 3010 189 33 travaux
379 3005 209 38 exécutés
618 3002 161 50 depuis
809 3003 41 41 la
879 3019 171 35 guerre.

137 3063 129 41 Cette
317 3066 255 49 exposition
624 3074 115 31 reste
790 3074 188 32 ouverte
1028 3065 211 51 jusqu'au

72 3125 22 41 2
130 3128 175 47 janvier
346 3125 137 43 1927.

141 3185 196 44 Environ
388 3186 138 47 1,200
570 3204 108 24 vues
720 3200 152 31 seront
914 3190 221 48 exposées
1181 3186 56 42 de

74 3257 188 31 travaux
299 3251 208 40 exécutés
546 3248 159 51 depuis
742 3247 257 45 l'armistice
1037 3266 82 32 par
1159 3249 78 41 des

74 3319 342 40 entrepreneurs
458 3310 56 42 de
555 3310 181 51 Bruges,
781 3310 203 52 Roulers,
1030 3310 207 42 Ostende

73 3380 42 31 et
148 3368 158 51 Ypres.

1335 444 1157 71 CONCOURS

1394 576 177 41 VILLE
1623 575 80 43 DE
1755 575 451 45 LUXEMBOURG.
2378 576 90 42 Con-

1327 654 129 24 cours
1508 639 320 41 international
1884 647 126 32 entre
2065 639 264 40 architectes
2384 653 117 36 pour

1327 698 277 42 l'utilisation
1663 702 273 47 appropriée
1995 699 108 41 d'un
2162 700 341 48 emplacement

1327 760 187 50 désigné
1543 760 113 41 dans
1684 769 117 32 cette
1833 760 117 42 ville.

1394 821 83 41 Les
1508 825 174 47 projets
1715 823 198 40 devront
1945 826 92 37 être
2069 838 227 35 parvenus
2327 825 25 38 à
2386 821 90 42 l'ad-

1326 886 299 38 ministration
1670 883 290 41 communale
2004 892 139 33 avant
2185 883 40 41 le
2277 883 8 41 1
2302 889 28 17 01
2378 899 120 25 mars

1334 944 134 43 1927.

1387 1006 113 40 Sont
1533 1009 167 47 prévus
1741 1023 7 23 :
1786 1006 23 40 3
1845 1010 100 47 prix
1984 1024 8 23 :
2029 1007 56 40 de
2127 1006 8 40 1
2155 1005 144 46 5,000
2335 1006 66 46 fr.,
2441 1005 62 41 de

1329 1067 141 47 7,500
1501 1067 51 41 fr.
1588 1076 44 32 et
1664 1068 56 40 de
1752 1067 143 47 5,000
1931 1069 50 41 fr.

1387 1140 60 41 Le
1479 1157 294 34 programme
1807 1141 96 40 doit
1936 1145 93 38 être
2063 1140 230 41 demandé
2324 1144 28 37 à
2385 1139 94 41 l'ad-

1322 1204 301 39 ministration
1663 1202 290 41 communale
1992 1202 56 41 de
2089 1202 42 41 la
2169 1202 105 41 ville
2316 1201 57 41 de
2413 1201 60 41 Lu-

1322 1264 267 50 xembourg.

1394 1384 81 41 LA
1518 1383 321 42 DEUXIEME
1881 1383 366 44 EXPOSITION
2291 1382 174 45 INTER-

1324 1444 364 44 NATIONALE
1728 1444 193 43 D'ART
1964 1444 373 52 GRAPHIQUE
2378 1444 79 42 MO-

1326 1507 205 41 DERNE
1574 1524 47 27 se
1661 1505 178 43 tiendra
1881 1510 26 37 à
1948 1506 231 50 Florence,
2227 1505 164 44 durant
2432 1505 64 41 les

1324 1571 114 38 mois
1471 1568 161 42 d'avril
1664 1580 43 31 et
1739 1568 56 41 de
1827 1571 90 38 mai
1948 1568 58 41 de
2037 1568 180 44 l'année
2256 1567 137 42 1927.
2430 1567 63 41 La

1322 1630 104 42 ville
1462 1629 56 42 de
1554 1628 217 44 Florence
1803 1627 217 46 voudrait
2055 1645 85 34 par
2173 1629 42 41 là
2247 1630 246 49 perpétuer

1319 1709 88 25 une
1446 1690 216 42 tradition
1703 1693 232 51 ancienne,
1978 1692 311 48 interrompue
2326 1707 84 32 par
2448 1687 43 43 la

1320 1769 169 32 guerre.
1527 1751 364 50 L'organisation
1927 1751 136 43 d'une
2095 1750 104 44 telle
2229 1752 260 49 exposition

1324 1816 226 49 exigerait,
1590 1811 211 51 paraît-il,
1841 1829 85 32 que
1961 1813 63 41 les
2058 1815 344 47 participations
2436 1828 56 25 ne

1320 1877 147 39 soient
1487 1879 44 38 ni
1552 1873 319 44 individuelles
1892 1878 60 45 ,ni
1975 1876 224 48 groupées
2219 1890 83 34 par
2326 1876 49 38 éc
2382 1871 41 42 ol
2430 1889 58 32 es,

1322 1938 111 44 mais
1463 1953 82 32 par
1573 1939 193 39 nations.

1853 2010 95 30 ***

1390 2081 394 42 HYDROFUGE
1826 2098 23 25 «
1891 2080 248 43 CASTOR
2182 2098 39 25 ».
2365 2081 127 42 Nous

1320 2160 263 34 apprenons
1607 2161 86 33 que
1716 2144 41 41 la
1781 2143 309 41 Commission
2115 2144 57 41 de
2196 2144 41 41 la
2262 2143 228 42 Première

1320 2204 268 51 Exposition
1614 2204 61 42 du
1699 2204 240 53 Bâtiment,
1969 2208 25 37 à
2019 2204 154 42 Lwow
2205 2202 280 53 (Pologne),

1321 2283 24 24 a
1371 2266 194 41 décerné
1590 2267 40 41 la
1656 2264 218 45 Médaille
1900 2266 115 41 d'Or
2039 2283 88 24 aux
2152 2265 164 42 Usines
2339 2263 152 44 Fober

1321 2340 43 30 et
1406 2326 139 50 Palm,
1593 2326 56 41 de
1689 2327 244 50 Bruxelles,
1976 2343 117 35 pour
2133 2326 94 42 leur
2267 2324 224 44 excellent

1319 2387 185 51 produit
1533 2398 157 33 contre
1719 2387 267 55 l'humidité,
2022 2387 295 51 l'hydrofuge
2351 2386 111 43 «Cas-

1319 2460 116 32 tor».

1442 2644 74 61 La
1577 2644 306 76 Fabrique
1953 2644 75 62 de
2100 2644 211 63 Portes

1439 2742 103 58 113,
1567 2744 105 51 Rue
1698 2744 63 51 de
1785 2744 324 51 l'lntendant

1535 2829 370 36 BRUXELLES

1436 2900 165 47 fabrique
1628 2901 63 37 des
1721 2905 118 33 Portes
1869 2905 105 33 Stan-

1434 2977 161 33 darisées
1616 2985 37 26 et
1672 2979 179 35 Moulures

1435 3036 129 45 depuis
1594 3036 83 45 plus
1697 3038 44 36 de

1436 3097 59 35 20
1524 3109 87 23 ans

1524 3297 63 86 D

2441 2883 83 58 H

2138 3213 85 38 Prix
2245 3217 74 34 très
2346 3223 241 37 avantageux

2163 3289 128 37 Portes
2336 3288 226 46 disponibles

2161 3365 45 22 en
2226 3351 114 37 fortes
2369 3353 188 44 quantités

2022 3427 210 35 Fourniture
2260 3426 18 35 à
2307 3427 35 34 la
2371 3427 211 40 commande

2000 3484 126 29 Visitez
2148 3493 62 20 nos
2232 3485 170 34 Magasins

1836 3535 90 40 113,
1950 3538 106 34 Rue
2086 3538 61 35 de
2175 3538 305 39 l'lntendant,
2503 3537 75 36 113

2138 3610 39 71 il
2254 3610 69 60 Piix
2349 3628 55 43 sur
2424 3612 158 58 demande

2533 3698 58 28 307

1691 3605 185 37 Téléphone
1898 3617 6 19 :
1927 3608 134 30 693.43

1689 3644 142 34 Télégr.:
1848 3645 215 29 Meubelvries
