2761 3980
2330 3559 100 75 51

171 192 187 75 LÀ
500 195 436 85 CITE.

1063 200 345 84 VOL.
1534 204 90 81 6.

1752 205 68 72 N
1893 206 66 73 U
2033 206 109 86 M.
2267 210 61 74 5

317 450 104 55 LA
508 450 527 60 NOUVELLE
1114 454 422 57 GALERIE
1622 458 118 55 DU
1823 459 507 57 CENTAURE

779 568 845 65 (PLANCHE
1762 576 81 61 V)

469 689 150 53 Cette
647 692 246 50 nouvelle
921 693 184 62 galerie
1134 695 117 49 s'est
1282 707 214 38 ouverte
1527 695 306 53 récemment
1865 715 63 32 au
1964 698 83 55 62,
2083 700 58 49 de
2174 701 130 48 l'ave-

310 791 102 33 nue
440 773 209 59 Louise,
683 776 28 51 à
741 776 288 52 Bruxelles.

466 858 109 52 Son
603 861 381 62 inauguration
1012 861 126 52 était
1165 863 120 51 bien
1313 863 263 56 attendue,
1608 884 49 31 ce
1684 867 92 62 qui
1805 866 67 49 fit
1901 866 122 51 aller
2052 867 68 50 les
2149 867 109 51 avis
2285 881 47 36 et

309 945 68 51 les
400 945 259 64 critiques,
691 962 66 34 au
780 947 222 62 premier
1024 947 127 65 jour
1174 950 61 49 de
1259 949 165 50 visite.

464 1030 244 51 L'œuvre
737 1032 63 54 de
832 1032 311 52 l'architecte
1175 1034 66 50 A.
1276 1034 244 52 Blomme
1552 1035 292 57 manifeste,
1878 1055 60 33 en
1974 1050 119 38 tous
2126 1055 94 38 cas,
2259 1055 70 32 un

302 1114 131 50 beau
470 1115 144 51 souci
649 1116 60 50 de
743 1115 126 52 mise
903 1134 66 32 au
1005 1117 171 63 point.
1217 1117 77 51 La
1330 1119 193 62 grande
1560 1121 120 50 salle
1717 1120 358 62 d'exposition
2113 1123 72 49 du
2224 1138 81 31 rez-

304 1199 329 52 de-chaussée
688 1214 89 42 est,
837 1201 132 51 dans
1024 1203 85 49 des
1166 1201 323 52 dimensions
1544 1218 185 40 vastes,
1790 1205 157 50 d'une
2005 1205 328 64 atmosphère

304 1284 250 65 agréable,
586 1285 165 55 sobre,
780 1286 131 51 ainsi
937 1304 101 47 que
1064 1289 42 48 le
1136 1286 224 65 requiert
1387 1288 337 52 l'utilisation
1755 1291 73 50 du
1857 1291 146 50 local.
2037 1291 149 51 Cette
2214 1293 120 49 salle

306 1368 141 52 offre
473 1383 262 51 pourtant
765 1371 138 51 deux
937 1371 262 56 éléments,
1233 1373 235 63 desquels
1496 1373 313 56 l'architecte
1839 1374 85 51 n'a
1956 1393 74 46 pu
2061 1375 272 51 s'abstenir

309 1455 273 52 d'exhiber
616 1474 97 33 son
748 1458 132 63 goût
915 1458 61 51 de
1010 1459 368 51 l'ornemental
1421 1478 12 31 :
1472 1459 48 51 la
1558 1460 195 63 grande
1787 1459 213 52 verrière
2035 1462 92 62 qui
2162 1459 171 53 forme

309 1558 71 33 un
417 1540 246 65 plafond,
702 1559 140 35 assez
878 1544 334 51 lourdement
1257 1562 30 32 «
1329 1558 81 37 art
1445 1543 254 52 décoratif
1739 1563 29 32 »
1807 1559 47 37 et
1890 1544 249 52 l'énorme
2177 1563 155 46 gorge

304 1627 197 52 double
523 1628 93 63 qui
643 1628 134 56 unit,
809 1646 66 33 au
899 1642 228 38 sommet
1151 1629 86 51 des
1261 1642 186 51 quatre
1470 1647 161 38 murs,
1660 1631 50 49 la
1735 1629 282 52 verticalité
2045 1632 60 49 de
2129 1631 202 50 ceux-ci

306 1730 66 33 au
408 1713 128 64 plan
570 1713 310 52 horizontal
920 1714 71 51 du
1029 1713 246 66 plafond.
1316 1714 151 52 Cette
1503 1732 172 47 gorge,
1715 1716 269 50 moulurée
2021 1731 48 37 et
2106 1733 192 49 propor-

306 1798 210 52 tionnée
544 1798 28 52 à
598 1801 52 50 la
678 1799 159 65 façon
866 1801 131 50 d'un
1026 1799 313 52 Hoffmann
1376 1817 161 47 1905,
1569 1801 223 50 sert-elle
1824 1802 27 49 à
1880 1801 213 63 préciser
2120 1803 49 50 la
2199 1803 99 50 hau-

302 1897 116 38 teur
442 1883 88 52 des
553 1901 148 34 murs
724 1886 318 63 exposants?
1073 1904 71 33 ou
1172 1902 181 38 encore
1379 1886 28 51 à
1434 1886 192 51 abriter
1652 1887 70 51 les
1749 1886 258 63 appareils
2033 1885 298 64 d'éclairage

301 1986 98 48 par
427 1968 291 54 réflexion?
751 1970 158 52 Nous
936 1989 62 31 ne
1025 1987 226 35 sommes
1279 1989 94 47 pas
1400 1971 114 52 sûrs
1542 1972 71 51 du
1644 1971 105 56 rôle
1778 1972 92 62 qui
1896 1972 76 51 lui
2003 1985 72 38 est
2105 1971 222 54 accordé,

302 2070 49 37 et
377 2057 104 50 cela
511 2074 138 34 nous
676 2055 115 66 pèse
819 2071 50 37 et
897 2075 138 33 nous
1063 2070 216 38 tracasse
1306 2057 292 64 beaucoup.

459 2142 92 52 Un
583 2141 315 53 Hoffmann
940 2160 141 47 1905
1119 2142 171 54 aurait
1323 2141 149 58 aimé,
1506 2160 120 34 sans
1657 2144 178 55 doute,
1873 2144 45 50 le
1950 2142 87 65 jeu
2070 2141 258 53 d'escalier

297 2227 94 65 qui
440 2226 179 53 décore
666 2241 50 40 et
761 2227 223 52 conduit
1031 2245 120 34 sans
1196 2226 227 53 décision
1473 2246 106 33 aux
1630 2227 147 52 salles
1826 2227 61 51 de
1936 2226 198 64 l'étage.
2187 2226 142 52 C'est

297 2312 248 67 imprévu
584 2328 51 38 et
672 2328 265 43 amusant,
982 2328 155 38 certes
1185 2333 10 32 :
1240 2329 48 38 et
1329 2312 259 67 peut-être
1628 2328 155 38 est-ce
1825 2314 127 51 utile
1995 2315 26 50 à
2064 2332 100 35 une
2206 2314 122 51 salle

296 2400 363 63 d'exposition
691 2400 305 57 mondaine,
1031 2399 324 53 assidûment
1387 2398 315 65 fréquentée.

303 2601 202 60 LES
639 2603 471 58 FORMES
1241 2603 294 58 DANS
1620 2604 120 57 LA
1872 2604 454 57 NATURE

749 2714 853 64 (PLANCHE
1754 2714 108 64 VI)

451 2836 98 51 Les
584 2836 198 51 formes
818 2836 133 52 dans
986 2837 50 51 la
1072 2850 188 38 nature
1298 2851 98 37 ont
1433 2850 155 38 certes
1624 2836 279 61 influencé,
1945 2837 25 51 à
2009 2837 120 62 plus
2167 2837 157 50 d'une

294 2922 219 65 époque,
545 2922 146 52 celles
718 2923 63 51 de
809 2923 398 51 l'architecture.

452 3008 120 65 Que
606 3008 109 53 dire
751 3010 86 51 des
870 3010 254 51 curieuses
1158 3010 397 63 comparaisons
1590 3007 301 67 qu'offrent
1927 3011 68 50 les
2031 3010 260 63 photogra-

287 3095 150 65 phies
473 3095 269 56 ci-contre,
781 3095 248 51 extraites
1063 3096 62 50 de
1161 3096 49 50 la
1249 3113 153 33 revue
1449 3114 29 32 «
1519 3095 132 51 Uhu
1693 3113 29 33 »
1760 3094 195 64 (juin).
1997 3094 78 50 M.
2116 3094 207 53 Breuer,

292 3181 94 64 qui
434 3180 234 66 présente
716 3198 78 34 ces
842 3180 335 52 intéressants
1227 3182 328 54 documents,
1608 3199 48 33 se
1706 3179 252 53 demande
2009 3180 40 51 si
2101 3179 225 52 l'échelle

294 3266 447 65 architectonique
772 3284 64 38 ne
866 3266 148 65 puise
1047 3284 109 47 pas,
1193 3268 210 50 au-delà
1440 3268 61 54 de
1533 3268 271 54 l'homme,
1839 3284 72 32 ses
1943 3265 197 52 formes
2172 3280 47 37 et
2253 3283 73 33 ses

290 3353 365 64 proportions.
