3487 4399
1718 192 100 50 178

188 341 122 56 Fasst,
344 341 87 47 und
462 339 170 49 seinem
657 337 190 53 Willen,
878 336 122 47 diese
1025 334 213 64 Aufgabe
1261 336 147 47 seiner
1432 334 278 63 Auffassung

190 422 177 60 gemäss
396 435 49 29 zu
478 418 140 50 lösen,
650 413 162 47 kamen
844 413 70 47 die
942 413 91 46 ihm
1064 412 324 63 angeborenen
1413 411 270 64 Eigenschaf-

188 502 99 41 ten:
329 494 133 47 Kraft
500 493 77 48 des
609 491 291 54 Charakters,
945 491 521 62 Ueberzeugungstreue
1510 488 87 47 und
1638 488 70 47 ein

190 572 333 47 musicalisches
555 569 176 52 Talent,
774 568 78 47 das
891 567 168 63 gerade
1103 567 75 47 für
1207 567 72 47 die
1310 566 399 63 Verwirklichung

186 649 143 46 seines
351 648 145 47 Ideals
520 646 301 48 vollkommen
844 644 211 64 geeignet
1078 660 113 39 war,
1214 643 202 48 trefflich
1440 660 52 30 zu
1516 643 191 47 Statten.

186 726 87 47 Die
307 726 262 63 „Iphigenie
591 723 83 47 auf
915 722 54 45 ist
997 722 91 45 sein
1120 720 150 47 letztes
1300 736 193 48 grosses,
1525 720 150 46 drama-

186 802 162 47 tisches
381 799 199 65 Werk*)
613 798 88 48 und
735 798 113 47 auch
880 798 91 47 sein
1004 797 311 56 herrlichstes;
1357 795 321 49 fünfundsechs-

185 879 67 64 zig
282 879 139 47 Jahre
452 879 142 47 zählte
624 893 64 37 er,
720 875 62 49 als
812 892 49 30 er
889 891 45 31 es
964 874 133 47 schuf
1113 873 83 48 auf
1212 874 129 47 einen
1366 874 200 47 schönen
1591 874 118 47 Text

185 972 85 32 von
303 955 283 54 Guillard,
632 953 196 48 welcher
873 952 70 48 die
988 952 232 56 früheren,
1263 968 83 31 von
1386 953 187 46 Traetta
1616 949 88 48 und

185 1034 169 46 Picinni
398 1033 329 63 componirten,
778 1029 71 48 bei
898 1030 199 47 Weitem
1144 1028 221 48 übertraf.
1422 1028 286 65 Aufgeführt

185 1109 159 48 wurde
373 1109 71 47 die
473 1110 127 64 Oper
641 1123 99 32 zum
782 1113 147 41 ersten
960 1107 120 47 Male
1120 1105 42 47 in
1195 1107 125 47 Paris
1350 1104 85 48 den
1473 1104 81 50 18.
1585 1105 122 47 März

190 1187 141 48 1779
453 1185 296 65 geschrieben
782 1201 95 30 war
911 1183 64 48 sie
1004 1183 342 65 grösstentheils
1376 1184 42 46 in
1453 1183 139 48 Wien
1625 1209 82 28 —,

185 1264 89 47 und
307 1279 131 32 wenn
468 1264 71 47 die
571 1263 213 47 früheren
809 1262 90 46 sich
928 1268 91 40 erst
1044 1268 130 40 unter
1199 1260 85 47 den
1309 1259 258 49 bekannten
1593 1260 81 47 Par-

181 1340 276 65 teikämpfen
504 1340 255 49 allmählich
805 1339 298 47 Theilnahme
1160 1338 91 47 und
1296 1338 146 48 Gunst
1493 1340 214 60 erringen

185 1425 216 49 mussten,
439 1434 48 32 so
519 1435 95 31 war
652 1418 70 48 bei
762 1416 80 47 der
881 1416 262 64 „Iphigenie
1173 1415 80 48 auf
1510 1414 81 48 der
1620 1415 57 46 Er-

184 1495 92 62 folg
320 1496 82 47 auf
438 1495 80 48 der
556 1495 137 48 Stelle
730 1493 288 49 entschieden
1064 1491 91 49 und
1197 1493 240 63 allgemein
1470 1493 90 47 und
1591 1491 117 49 über

179 1573 137 64 jeden
349 1573 334 64 Widerspruch
727 1570 218 48 erhaben.
1000 1570 152 48 Selbst
1195 1570 80 47 der
1317 1585 155 49 grosse
1502 1569 205 48 Kritiker

184 1649 91 48 und
318 1650 183 65 Gegner
537 1649 198 56 Gluck's,
778 1648 196 55 Grimm,
1016 1664 96 32 war
1155 1646 206 50 bekehrt.
1428 1648 103 55 „Ich
1577 1648 128 47 weiss

450 1728 200 48 schreibt
679 1743 48 32 er
828 1726 87 56 „ob
946 1725 96 58 das,
1073 1742 94 33 was
1197 1726 82 47 wir
1308 1725 183 65 gehört,
1522 1725 183 65 Gesang

180 1804 67 48 ist.
275 1804 236 48 Vielleicht
541 1805 53 47 ist
623 1820 46 32 es
698 1803 116 49 noch
844 1811 142 40 etwas
1009 1803 106 48 weit
1139 1804 235 54 Besseres;
1404 1803 69 47 ich
1497 1818 210 48 vergesse

180 1881 71 49 die
275 1881 128 66 Oper
434 1881 90 50 und
555 1881 120 50 finde
708 1881 117 49 mich
856 1881 42 49 in
929 1881 125 49 einer
1083 1881 312 64 griechischen

276 1960 88 47 Am
397 1959 48 49 2.
477 1960 127 65 April
640 1957 162 58 1782,
842 1959 94 48 also
965 1957 95 49 drei
1091 1959 141 48 Jahre
1273 1957 116 49 nach
1431 1956 81 50 der
1555 1965 149 41 ersten

183 2036 309 66 Vorstellung,
536 2036 158 50 wurde
731 2037 62 47 sie
831 2036 42 48 in
905 2037 127 47 Paris
1059 2053 101 31 zum
1199 2035 119 49 151.
1350 2036 118 47 Male
1497 2035 208 65 gegeben

179 2114 92 48 und
301 2121 106 59 trug
437 2131 55 32 an
523 2115 168 48 diesem
716 2114 195 48 Abende
939 2112 200 58 15,125
1162 2112 155 50 Livres
1347 2114 85 47 ein.
1461 2112 106 49 Ihre
1588 2120 119 41 erste

181 2191 304 66 Aufführung
528 2192 81 47 mit
650 2191 263 48 deutschem
945 2192 144 47 Texte
1131 2190 107 48 fand
1267 2191 42 48 in
1343 2191 139 47 Wien
1512 2206 74 32 am
1618 2189 87 50 23.

179 2270 205 48 October
420 2269 161 57 1781,
623 2271 41 46 in
712 2270 149 47 Berlin
905 2286 74 31 am
1014 2269 89 49 24.
1136 2269 210 48 Februar
1389 2266 144 51 1795
1573 2269 134 48 Statt.

179 2346 66 48 Im
271 2347 313 47 neunzehnten
600 2346 318 48 Jahrhundert
941 2346 77 47 hat
1045 2346 63 47 sie
1136 2346 92 48 sich
1252 2346 114 48 nach
1395 2344 312 50 Deutschland

179 2424 264 63 geflüchtet,
492 2425 80 47 der
617 2425 187 48 wahren
848 2425 185 47 Heimat
1075 2424 125 48 ihrer
1242 2424 166 54 Musik,
1466 2422 92 49 und
1601 2422 103 49 dem

179 2501 305 65 Opernhause
514 2502 42 47 in
589 2502 149 47 Berlin
769 2501 202 64 gebührt
1000 2501 80 48 der
1111 2501 171 56 Ruhm,
1327 2501 70 47 ihr
1425 2500 254 65 vorzüglich-

177 2586 88 41 stes
296 2578 88 49 und
416 2581 132 62 lange
575 2581 99 46 Zeit
701 2580 194 63 einziges
924 2580 107 65 Asyl
1061 2577 248 66 geworden
1339 2595 54 30 zu
1422 2578 118 56 sein;
1577 2578 130 49 Paris

179 2657 54 47 ist
264 2657 75 47 für
367 2657 61 47 sie
459 2657 254 55 erstorben,
754 2656 91 48 und
885 2664 90 40 erst
1012 2657 43 47 in
1096 2656 87 48 den
1221 2657 160 47 letzten
1411 2656 172 48 Jahren
1629 2656 78 47 hat

181 2751 104 32 man
316 2736 115 47 auch
463 2736 83 47 auf
569 2736 199 48 anderen
798 2735 213 56 Bühnen,
1040 2735 63 48 als
1127 2735 169 56 Berlin,
1324 2735 42 47 in
1393 2733 314 49 Deutschland

176 2812 65 48 sie
283 2812 131 48 nebst
454 2813 122 47 ihrer
617 2815 170 47 älteren
831 2813 261 49 Schwester
1144 2812 264 65 „Iphigenie
1450 2812 43 47 in

180 2890 171 48 wieder
373 2890 42 48 in
440 2891 144 47 Scene
607 2899 181 55 gesetzt.
820 2892 88 46 Am
932 2890 178 49 Rheine
1132 2890 183 48 dürften
1338 2890 71 48 die
1431 2890 274 48 Hoftheater

179 2967 45 47 in
249 2967 266 50 Darmstadt
538 2967 90 48 und
652 2968 44 47 in
720 2967 327 64 Karlsruhe**)
1078 2966 72 48 die
1173 2967 202 65 einzigen
1398 2967 112 57 sein,
1536 2966 172 48 welche

179 3045 117 48 noch
321 3046 165 47 einmal
510 3046 101 48 eine
635 3045 270 49 Gluck'sche
929 3046 130 65 Oper
1082 3043 217 66 bringen;
1329 3061 47 32 es
1398 3045 56 47 ist
1472 3045 94 48 also
1586 3045 123 47 nicht

179 3122 119 48 bloss
326 3141 51 29 zu
410 3123 339 65 rechtfertigen,
778 3123 197 50 sondern
1005 3123 117 49 auch
1148 3122 166 50 lobend
1339 3123 369 56 anzuerkennen,

177 3198 102 50 dass
321 3201 70 48 die
434 3200 444 50 niederrheinischen
923 3201 265 49 Musikfeste
1239 3201 93 48 sich
1376 3200 83 49 der
1501 3201 179 48 Meister-

180 3277 170 56 werke,
393 3277 70 50 die
492 3280 143 64 einzig
665 3280 43 47 in
739 3280 124 48 ihrer
891 3280 87 47 Art
1007 3277 57 50 da
1093 3278 175 57 stehen,
1313 3278 259 49 annehmen
1616 3277 92 50 und

180 3354 274 65 wenigstens
490 3356 142 49 durch
677 3357 99 48 eine
806 3356 144 49 Reihe
992 3372 85 32 von
1107 3357 175 48 Scenen
1326 3372 81 32 aus
1436 3357 137 47 ihnen
1604 3354 104 50 dem

185 3432 241 49 Publicum
470 3434 99 49 eine
598 3436 106 47 Idee
739 3451 84 32 von
859 3434 82 49 der
971 3433 339 50 wunderbaren
1342 3434 238 65 Wirkung
1609 3451 67 32 mu-

181 3509 258 50 sicalischer
482 3512 202 48 Dramen
727 3512 168 65 geben,
937 3512 140 48 deren
1113 3512 353 65 Vorstellungen
1511 3512 81 49 auf
1629 3512 81 48 der

181 3587 163 49 Bühne
372 3605 52 31 zu
456 3588 199 50 schauen
687 3589 90 49 ihm
809 3589 123 49 nicht
958 3589 131 49 mehr
1116 3593 226 61 vergönnt
1370 3589 69 49 ist.
1479 3589 230 49 Welchen

180 3666 160 66 Erfolg
362 3666 120 49 diese
505 3667 118 48 auch
646 3667 111 65 jetzt
779 3667 116 49 noch
924 3668 116 48 nach
1073 3667 194 49 beinahe
1296 3667 202 49 hundert
1519 3668 190 57 Jahren,

285 3791 37 49 *)
353 3793 125 36 Gluck
497 3795 236 45 componirte
760 3793 205 48 allerdings
988 3795 101 34 noch
1108 3796 100 34 nach
1229 3795 65 34 der
1588 3796 124 34 einem

179 3854 127 34 Baron
348 3866 35 22 v.
414 3854 169 34 Tschudi
624 3866 47 23 zu
710 3853 174 35 Gefallen
927 3856 84 33 eine
1052 3855 120 46 Oper:
1206 3855 128 47 „Echo
1365 3855 79 35 und

180 3914 89 35 aber
297 3915 54 34 sie
380 3914 87 34 kam
510 3927 71 22 nur
616 3916 59 33 ein
706 3914 78 34 Mal
826 3925 67 23 zur
920 3915 255 47 Aufführung,
1218 3915 78 34 und
1338 3916 104 34 seine
1484 3916 229 46 eigentliche

181 3974 518 36 dramatisch-musicalische
727 3975 207 34 Laufbahn
964 3975 146 36 schloss
1139 3977 68 33 mit
1236 3975 64 35 der
1610 3977 61 38 ab*

284 4034 61 47 **)
375 4036 42 33 In
461 4036 268 35 Karlsruhe
772 4036 71 34 den
884 4034 34 38 9.
950 4036 219 46 September
1211 4034 99 39 1863
1343 4038 281 47 „Iphigenie
1666 4040 47 33 in

385 4107 84 23 zum
500 4096 263 35 Geburtsfeste
806 4096 64 35 des
912 4096 303 48 Grossherzogs;
1258 4098 38 33 in
1341 4097 277 37 Darmstadt
1661 4101 51 33 im

187 4154 105 35 März
323 4156 32 35 d.
386 4157 37 36 J.
454 4156 166 35 dieselbe
651 4156 109 47 Oper.

1805 332 64 65 ja,
1911 334 84 45 wir
2038 332 277 65 behaupten,
2362 332 171 65 gerade
2567 334 110 63 jetzt
2724 332 169 47 wieder
2936 332 149 47 haben
3130 334 209 59 würden,

1810 425 133 31 wenn
1986 426 103 31 man
2127 410 62 47 sie
2236 410 118 63 gäbe
2400 410 89 47 und
2532 409 70 48 die
2641 410 271 62 geeigneten
2946 410 249 47 Darsteller
3224 411 113 48 dazu

1811 486 138 55 hätte,
1980 486 80 48 das
2092 487 77 47 hat
2196 489 91 45 sich
2323 487 169 47 wieder
2522 504 55 30 an
2607 486 102 47 dem
2743 487 300 63 ungeheuren
3076 487 261 51 Eindrucke

1808 562 192 65 gezeigt,
2025 564 86 47 den
2136 564 70 47 die
2231 566 206 61 wenigen
2464 565 172 47 Scenen
2663 579 83 32 aus
2768 562 80 47 der
3196 566 139 47 schon

1806 641 59 47 im
1900 641 321 47 Concertsaale
2250 642 120 47 ohne
2400 642 84 47 alle
2517 641 204 47 Beihülfe
2751 640 346 48 theatralischer
3128 642 182 49 Ausstat-

1806 726 113 56 tung
1942 717 110 65 jetzt
2080 719 42 47 in
2154 719 188 48 Aachen
2375 719 169 47 wieder
2573 717 390 65 hervorgebracht
2993 717 165 49 haben.

1923 795 128 47 Aber
2080 796 116 47 auch
2227 796 143 47 welch
2412 797 99 46 eine
2546 796 235 63 Iphigenie
2826 811 95 31 war
2963 796 122 47 Frau
3125 796 211 50 Louise

1807 872 347 47 Dustmann!
2186 872 107 48 Wie
2325 872 207 48 verstand
2563 873 77 55 sie,
2673 887 136 32 unser
2838 887 163 47 ganzes
3033 872 118 48 Herz
3180 890 52 30 zu
3264 890 47 30 er-

1808 948 141 47 füllen
1990 965 82 32 von
2117 948 102 49 dem
2262 950 202 47 Gefühle
2506 950 77 47 des
2621 950 225 62 innigsten
2878 948 195 47 Mitleids
3111 950 79 47 mit
3229 950 103 49 dem

1805 1025 257 64 tragischen
2088 1026 250 48 Geschicke
2357 1027 81 46 der
2460 1026 350 65 unglücklichen
2833 1026 248 63 Jungfrau,
3111 1027 89 57 die,
3222 1028 114 49 einst

1805 1102 102 48 dem
1933 1103 424 64 augenblicklichen
2382 1103 257 66 Opfertode
2669 1105 238 57 entrissen,
2931 1103 112 65 jetzt
3062 1105 142 47 Jahre
3228 1106 106 63 lang

1805 1180 71 48 ihr
1906 1181 170 47 Dasein
2104 1181 103 48 dem
2239 1181 378 48 schrecklichsten
2649 1181 168 48 Berufe
2845 1199 101 30 zum
2979 1182 177 64 ewigen
3188 1182 147 65 Opfer

1806 1257 193 65 bringen
2046 1275 120 30 muss
2213 1258 89 49 und
2340 1276 93 31 nun
2478 1258 85 49 den
2608 1258 202 65 einzigen
2855 1260 151 53 Trost,
3049 1258 71 49 die
3163 1261 172 63 einzige

1806 1334 237 67 Hoffnung
2074 1337 81 47 auf
2179 1336 71 48 die
2281 1336 207 48 rettende
2513 1337 316 64 Erscheinung
2859 1336 77 48 des
2965 1337 229 64 geliebten
3219 1338 87 47 Bru-

1805 1412 101 48 ders
1949 1412 143 48 durch
2137 1413 174 48 Orest's
2354 1414 256 47 verstellten
2652 1413 182 48 Bericht
2876 1430 84 31 von
2997 1414 170 47 seinem
3208 1414 128 49 Tode

1805 1491 248 48 vernichtet
2081 1492 130 48 sieht.
2243 1493 71 47 Da
2342 1492 129 48 stand
2503 1491 71 49 die
2606 1492 193 47 herrlich
2833 1491 198 64 begabte
3062 1493 123 47 Frau
3215 1493 121 48 ohne

1803 1567 85 48 alle
1919 1568 297 64 Umgebung,
2255 1568 71 48 die
2367 1568 142 48 durch
2553 1568 87 48 den
2669 1568 112 48 Sinn
2812 1568 78 47 des
2921 1569 156 63 Auges
3106 1568 71 48 die
3209 1571 91 47 Täu-

1802 1646 177 64 schung
2019 1646 83 47 auf
2139 1644 81 49 der
2250 1646 162 48 Bühne
2441 1646 81 48 der
2554 1646 250 48 Wahrheit
2843 1646 145 48 näher
3028 1646 170 66 bringt,
3242 1646 93 49 und

1806 1723 124 48 hatte
1958 1723 161 56 nichts,
2149 1723 63 48 als
2244 1723 71 48 die
2337 1724 191 47 Stimme
2561 1723 89 48 und
2676 1723 71 48 die
2770 1724 148 55 Seele,
2950 1723 80 48 mit
3059 1723 82 48 der
3170 1724 62 47 sie
3257 1723 78 50 das

1803 1799 106 50 tiefe
1961 1801 124 48 Weh
2128 1801 82 48 der
2252 1802 350 65 unglücklichen
2635 1801 244 48 Priesterin
2922 1801 81 48 der
3048 1802 150 48 Diana
3241 1818 64 32 em-

1806 1878 161 66 pfand:
2010 1879 113 49 aber
2151 1878 79 50 das
2262 1896 96 32 war
2395 1897 172 47 genug,
2611 1897 76 31 um
2720 1879 80 49 mit
2829 1878 355 50 wunderbarem
3214 1881 91 48 Zau-

1806 1955 82 49 ber
1918 1955 78 50 das
2027 1957 101 48 Ohr
2158 1975 52 30 zu
2243 1957 177 54 fesseln,
2464 1957 71 49 die
2564 1958 131 48 Seele
2730 1975 55 30 zu
2824 1957 172 48 rühren
3040 1957 94 48 und
3171 1975 53 30 zu
3266 1975 48 31 er-

1805 2034 172 64 greifen
2009 2033 90 48 und
2131 2033 93 48 sich
2254 2034 139 48 selbst
2420 2052 80 30 zur
2530 2034 265 48 erhabenen
2819 2034 245 48 Priesterin
3086 2034 82 48 der
3190 2036 151 48 Kunst

1805 2128 52 31 zu
1890 2112 191 48 weihen.
2125 2113 96 47 Seit
2249 2110 81 50 der
2357 2112 511 66 Milder-Hauptmann,
2904 2112 174 48 welche
3110 2113 81 47 wir
3222 2113 118 48 noch

1805 2204 48 32 so
1883 2188 228 65 glücklich
2141 2206 174 39 waren,
2346 2206 52 30 zu
2431 2190 161 56 hören,
2621 2189 153 48 haben
2805 2189 84 47 wir
2918 2189 101 48 eine
3040 2190 154 49 solche
3218 2190 97 65 Iphi-

1806 2267 132 64 genie
1968 2268 125 47 nicht
2122 2267 171 48 wieder
2323 2268 183 63 gehört,
2549 2268 91 48 und
2672 2268 220 48 wahrlich
2923 2268 118 48 auch
3087 2268 85 48 ihr
3215 2268 124 49 hätte

1807 2344 177 50 Goethe
2027 2344 231 50 dieselben
2302 2345 143 49 Verse
2489 2345 197 49 widmen
2733 2349 199 52 müssen,
2978 2345 81 49 mit
3101 2345 148 50 denen
3290 2363 49 32 er

1799 2420 134 66 jener
1961 2422 223 66 Sängerin
2215 2423 123 47 seine
2367 2423 236 65 Iphigenie
2631 2422 184 49 sandte:

2118 2523 93 34 Dies
2238 2521 311 49 unschuldvolle,
2577 2524 160 33 fromme
2767 2522 117 47 Spiel,

2115 2592 79 35 Das
2225 2590 111 37 edlen
2363 2592 142 35 Beifall
2536 2592 81 36 sich
2648 2603 202 36 errungen,

2116 2662 197 35 Erreichte
2342 2662 99 35 doch
2471 2662 62 35 ein
2561 2662 161 35 höheres
2748 2660 93 45 Ziel,

2115 2731 86 35 Von
2231 2730 155 36 Gluck
2414 2731 145 46 betont,
2589 2743 75 24 von
2693 2733 86 34 Dir
2805 2742 212 36 gesungen.

1924 2813 100 47 Den
2045 2813 141 48 Orest
2212 2829 112 49 sang
2354 2814 125 47 Herr
2508 2814 114 47 Hill
2654 2814 41 47 in
2728 2813 220 49 Recitativ
2974 2813 90 47 und
3094 2814 109 47 Arie
3227 2829 114 49 ganz

1805 2889 283 48 vortrefflich
2122 2890 80 47 mit
2229 2890 216 48 schönem
2471 2891 178 64 Klange
2681 2890 90 48 und
2798 2891 235 64 richtiger,
3062 2890 247 48 ausdrucks-

1806 2969 155 55 voller,
1991 2968 330 48 dramatischer
2354 2970 332 47 Declamation.
2724 2969 133 48 Eben
2887 2985 49 32 so
2967 2968 345 66 vervollständig-

1806 3054 75 41 ten
1919 3045 72 48 die
2032 3045 171 55 Chöre,
2246 3046 277 49 namentlich
2568 3046 71 50 die
2680 3046 377 65 zweistimmigen
3101 3046 81 49 der
3213 3046 100 49 Prie-

1806 3123 249 56 sterinnen,
2084 3124 82 47 auf
2189 3124 169 48 schöne
2390 3124 161 49 Weise
2582 3124 80 49 das
2694 3123 237 58 Gemälde,
2961 3124 161 48 dessen
3153 3124 157 48 Hinter-

1807 3201 151 66 grund
1986 3201 66 49 sie
2083 3201 165 50 bilden.

1924 3279 88 48 Die
2042 3279 222 49 Auswahl
2293 3278 82 49 der
2404 3280 175 47 Scenen
2612 3297 95 31 war
2739 3279 236 66 folgende:
3007 3281 95 46 Aus
3133 3278 103 49 dem
3268 3297 46 30 er-

1808 3364 98 42 sten
1945 3358 114 48 Acte
2098 3358 72 48 die
2211 3359 282 54 Ouvertüre,
2539 3358 72 48 die
2655 3374 83 32 uns
2781 3358 159 48 mitten
2979 3358 41 48 in
3064 3356 88 50 den
3181 3359 158 47 Sturm

1808 3435 304 58 hineinreisst,
2141 3435 83 48 der
2252 3435 80 48 das
2361 3435 148 50 Schiff
2532 3436 79 47 des
2640 3436 189 49 Orestes
2860 3452 56 31 an
2948 3436 78 47 das
3058 3436 282 64 ungastliche

1810 3513 109 49 Ufer
1962 3513 262 48 schleudert
2266 3513 91 48 und
2401 3513 116 48 über
2547 3514 158 47 dessen
2737 3513 158 48 Toben
2926 3513 91 47 sich
3050 3513 291 64 Iphigeniens

1810 3591 90 47 und
1944 3590 79 48 des
2062 3591 146 49 Chors
2246 3591 155 49 Anruf
2438 3608 56 32 an
2539 3591 71 49 die
2650 3590 263 50 zürnenden
2946 3591 162 49 Götter
3149 3591 191 57 erhebt;

1810 3667 120 50 dann
1961 3667 72 49 die
2064 3669 262 64 Erzählung
2356 3667 78 50 des
2464 3670 242 56 Traumes,
2744 3669 83 48 der
2857 3669 211 64 folgende
3099 3667 142 60 Chor,
3270 3667 72 50 die

1810 3747 109 49 Arie
1961 3764 57 30 an
2060 3746 72 48 die
2174 3747 149 49 Diana
2366 3746 198 65 (warum
2606 3747 137 49 fehlte
2785 3746 79 50 das
2901 3747 246 49 Recitativ:
3198 3746 144 59 „Ach,

1810 3840 128 33 arme
2320 3826 194 48 welches
2556 3825 145 48 durch
2742 3825 155 48 seinen
2935 3825 207 48 Schluss:
3181 3826 161 55 „Nein,

1810 3901 157 65 länger
1999 3901 113 50 hoff'
2141 3902 70 49 ich
2445 3920 43 32 u.
2518 3919 33 32 s.
2583 3919 42 32 WMw
2629 3941 29 17 M
2701 3902 73 49 die
2813 3902 109 49 Arie
2963 3902 247 61 motivirt?)
3250 3901 93 50 und

1811 3979 81 49 der
1923 3979 124 49 Chor
2089 3981 114 47 nach
2248 3980 94 56 ihr;
2386 3981 64 48 als
2492 3981 157 47 zweite
2692 3981 226 48 Nummer
2961 3980 73 48 die
3076 3981 145 47 Scene
3265 3980 78 48 des

1811 4059 189 48 Orestes
2032 4059 80 47 mit
2140 4059 103 48 dem
2271 4059 124 49 Chor
2426 4060 81 47 der
2533 4059 315 57 Eumeniden;
2879 4060 65 47 als
2973 4059 136 48 dritte
3141 4059 80 48 das
3252 4059 59 49 Ge-

1810 4136 161 65 spräch
2012 4136 222 48 zwischen
2264 4137 235 64 Iphigenie
2545 4136 90 48 und
2666 4136 155 56 Orest,
2862 4136 70 48 die
2977 4136 228 48 herrliche
3235 4136 108 48 Arie
