<?xml version="1.0" encoding="UTF-8"?>
<alto xmlns:xsi="http://www.w3.org/2001/XMLSchema-instance" xmlns="http://www.loc.gov/standards/alto/ns-v2#" xsi:schemaLocation="http://www.loc.gov/standards/alto/ns-v2# http://www.loc.gov/standards/alto/alto-v2.0.xsd" xmlns:xlink="http://www.w3.org/1999/xlink">
	<Description>
		<MeasurementUnit>mm10</MeasurementUnit>
		<sourceImageInformation>
			<fileName>//fileserver7/IN2/Princeton/Batch5/bmtnabi/1864/06/04_01/00000189.tif</fileName>
		</sourceImageInformation>
		<OCRProcessing ID="OCRPROCESSING_1">
			<preProcessingStep>
				<processingSoftware>
					<softwareCreator>CCS Content Conversion Specialists GmbH, Germany</softwareCreator>
					<softwareName>CCS docWORKS</softwareName>
					<softwareVersion>6.6-1.18</softwareVersion>
				</processingSoftware>
			</preProcessingStep>
			<ocrProcessingStep>
				<processingSoftware>
					<softwareCreator>ABBYY (BIT Software), Russia</softwareCreator>
					<softwareName>FineReader</softwareName>
					<softwareVersion>10.0</softwareVersion>
				</processingSoftware>
			</ocrProcessingStep>
		</OCRProcessing>
	</Description>
	<Styles>
		<TextStyle ID="TXT_0" FONTSIZE="18" FONTFAMILY="Times New Roman"/>
		<TextStyle ID="TXT_1" FONTSIZE="15" FONTFAMILY="Times New Roman"/>
		<TextStyle ID="TXT_2" FONTSIZE="18" FONTFAMILY="Times New Roman" FONTSTYLE="italics"/>
		<TextStyle ID="TXT_3" FONTSIZE="12" FONTFAMILY="Times New Roman" FONTSTYLE="bold"/>
		<TextStyle ID="TXT_4" FONTSIZE="12" FONTFAMILY="Times New Roman" FONTSTYLE="bold italics"/>
		<ParagraphStyle ID="PAR_CENTER" ALIGN="Center"/>
		<ParagraphStyle ID="PAR_LEFT" ALIGN="Left"/>
		<ParagraphStyle ID="PAR_BLOCK" ALIGN="Block"/>
	</Styles>
	<Layout>
		<Page ID="P5" PHYSICAL_IMG_NR="5" HEIGHT="4399" WIDTH="3487" PRINTED_IMG_NR="181" PC="0.907">
			<TopMargin ID="P5_TM00001" HPOS="0" VPOS="0" WIDTH="3487" HEIGHT="197">
				<TextBlock ID="P5_TB00001" HPOS="1680" VPOS="145" WIDTH="97" HEIGHT="50" STYLEREFS="TXT_0 PAR_CENTER">
					<TextLine ID="P5_TL00001" HPOS="1682" VPOS="146" WIDTH="94" HEIGHT="49">
						<String ID="P5_ST00001" HPOS="1682" VPOS="146" WIDTH="94" HEIGHT="49" CONTENT="181" WC="0.78" CC="330"/>
					</TextLine>
				</TextBlock>
			</TopMargin>
			<LeftMargin ID="P5_LM00001" HPOS="0" VPOS="197" WIDTH="126" HEIGHT="3953"/>
			<RightMargin ID="P5_RM00001" HPOS="3300" VPOS="197" WIDTH="187" HEIGHT="3953"/>
			<BottomMargin ID="P5_BM00001" HPOS="0" VPOS="4150" WIDTH="3487" HEIGHT="249"/>
			<PrintSpace ID="P5_PS00001" HPOS="126" VPOS="197" WIDTH="3174" HEIGHT="3953">
				<TextBlock ID="P5_TB00002" HPOS="126" VPOS="268" WIDTH="1548" HEIGHT="3872" STYLEREFS="TXT_1 PAR_LEFT">
					<TextLine ID="P5_TL00002" HPOS="162" VPOS="268" WIDTH="1501" HEIGHT="69">
						<String ID="P5_ST00002" HPOS="162" VPOS="268" WIDTH="178" HEIGHT="50" CONTENT="Musik" WC="0.36" CC="77564"/>
						<SP ID="P5_SP00001" HPOS="340" VPOS="318" WIDTH="47"/>
						<String ID="P5_ST00003" HPOS="387" VPOS="269" WIDTH="264" HEIGHT="68" CONTENT="lebendig" WC="0.98" CC="87707509"/>
						<SP ID="P5_SP00002" HPOS="651" VPOS="337" WIDTH="44"/>
						<String ID="P5_ST00004" HPOS="695" VPOS="292" WIDTH="60" HEIGHT="30" CONTENT="zu" WC="0.28" CC="67"/>
						<SP ID="P5_SP00003" HPOS="755" VPOS="337" WIDTH="47"/>
						<String ID="P5_ST00005" HPOS="802" VPOS="277" WIDTH="256" HEIGHT="56" CONTENT="machen," WC="0.97" CC="6606682"/>
						<SP ID="P5_SP00004" HPOS="1058" VPOS="337" WIDTH="31"/>
						<String ID="P5_ST00006" HPOS="1089" VPOS="281" WIDTH="62" HEIGHT="46" CONTENT="als" WC="0.94" CC="356"/>
						<SP ID="P5_SP00005" HPOS="1151" VPOS="337" WIDTH="31"/>
						<String ID="P5_ST00007" HPOS="1182" VPOS="280" WIDTH="69" HEIGHT="48" CONTENT="die" WC="0.96" CC="314"/>
						<SP ID="P5_SP00006" HPOS="1251" VPOS="337" WIDTH="31"/>
						<String ID="P5_ST00008" HPOS="1282" VPOS="281" WIDTH="79" HEIGHT="48" CONTENT="der" WC="1.00" CC="000"/>
						<SP ID="P5_SP00007" HPOS="1361" VPOS="337" WIDTH="31"/>
						<String ID="P5_ST00009" HPOS="1392" VPOS="285" WIDTH="271" HEIGHT="48" CONTENT='Passionen"' WC="0.98" CC="5547057587"/>
					</TextLine>
					<TextLine ID="P5_TL00003" HPOS="152" VPOS="362" WIDTH="415" HEIGHT="34">
						<String ID="P5_ST00010" HPOS="152" VPOS="366" WIDTH="40" HEIGHT="29" CONTENT="u." WC="0.40" CC="47"/>
						<SP ID="P5_SP00008" HPOS="192" VPOS="395" WIDTH="31"/>
						<String ID="P5_ST00011" HPOS="223" VPOS="362" WIDTH="33" HEIGHT="32" CONTENT="s." WC="0.67" CC="15"/>
						<SP ID="P5_SP00009" HPOS="256" VPOS="395" WIDTH="33"/>
						<String ID="P5_ST00012" HPOS="289" VPOS="362" WIDTH="54" HEIGHT="31" CONTENT="w." WC="0.81" CC="03"/>
						<SP ID="P5_SP00010" HPOS="343" VPOS="395" WIDTH="35"/>
						<String ID="P5_ST00013" HPOS="378" VPOS="363" WIDTH="39" HEIGHT="31" CONTENT="u." WC="0.81" CC="30"/>
						<SP ID="P5_SP00011" HPOS="417" VPOS="395" WIDTH="32"/>
						<String ID="P5_ST00014" HPOS="449" VPOS="363" WIDTH="31" HEIGHT="32" CONTENT="s." WC="1.00" CC="00"/>
						<SP ID="P5_SP00012" HPOS="480" VPOS="395" WIDTH="35"/>
						<String ID="P5_ST00015" HPOS="515" VPOS="366" WIDTH="52" HEIGHT="30" CONTENT="w." WC="0.70" CC="50"/>
					</TextLine>
					<TextLine ID="P5_TL00004" HPOS="272" VPOS="422" WIDTH="1344" HEIGHT="80">
						<String ID="P5_ST00016" HPOS="272" VPOS="422" WIDTH="158" HEIGHT="48" CONTENT="1855." WC="0.71" CC="02650"/>
						<SP ID="P5_SP00013" HPOS="430" VPOS="470" WIDTH="35"/>
						<String ID="P5_ST00017" HPOS="465" VPOS="426" WIDTH="73" HEIGHT="48" CONTENT="111," WC="0.96" CC="3356"/>
						<SP ID="P5_SP00014" HPOS="538" VPOS="474" WIDTH="31"/>
						<String ID="P5_ST00018" HPOS="569" VPOS="427" WIDTH="79" HEIGHT="47" CONTENT="Nr," WC="0.94" CC="743"/>
						<SP ID="P5_SP00015" HPOS="648" VPOS="474" WIDTH="33"/>
						<String ID="P5_ST00019" HPOS="681" VPOS="426" WIDTH="87" HEIGHT="50" CONTENT="32." WC="0.27" CC="893"/>
						<SP ID="P5_SP00016" HPOS="768" VPOS="476" WIDTH="33"/>
						<String ID="P5_ST00020" HPOS="801" VPOS="431" WIDTH="443" HEIGHT="49" CONTENT="Matthäus-Passion" WC="0.99" CC="8077044047300105"/>
						<SP ID="P5_SP00017" HPOS="1244" VPOS="480" WIDTH="32"/>
						<String ID="P5_ST00021" HPOS="1276" VPOS="435" WIDTH="41" HEIGHT="48" CONTENT="in" WC="0.27" CC="76"/>
						<SP ID="P5_SP00018" HPOS="1317" VPOS="483" WIDTH="32"/>
						<String ID="P5_ST00022" HPOS="1349" VPOS="436" WIDTH="267" HEIGHT="66" CONTENT="Lüneburg." WC="0.99" CC="608235250"/>
					</TextLine>
					<TextLine ID="P5_TL00005" HPOS="272" VPOS="499" WIDTH="1401" HEIGHT="74">
						<String ID="P5_ST00023" HPOS="272" VPOS="499" WIDTH="158" HEIGHT="50" CONTENT="1855." WC="0.79" CC="09000"/>
						<SP ID="P5_SP00019" HPOS="430" VPOS="549" WIDTH="33"/>
						<String ID="P5_ST00024" HPOS="463" VPOS="503" WIDTH="75" HEIGHT="48" CONTENT="111." WC="0.95" CC="6680"/>
						<SP ID="P5_SP00020" HPOS="538" VPOS="551" WIDTH="33"/>
						<String ID="P5_ST00025" HPOS="571" VPOS="506" WIDTH="77" HEIGHT="47" CONTENT="Nr." WC="0.93" CC="943"/>
						<SP ID="P5_SP00021" HPOS="648" VPOS="553" WIDTH="34"/>
						<String ID="P5_ST00026" HPOS="682" VPOS="506" WIDTH="47" HEIGHT="48" CONTENT="5." WC="0.81" CC="03"/>
						<SP ID="P5_SP00022" HPOS="729" VPOS="554" WIDTH="44"/>
						<String ID="P5_ST00027" HPOS="773" VPOS="507" WIDTH="92" HEIGHT="48" CONTENT="Ed." WC="0.98" CC="600"/>
						<SP ID="P5_SP00023" HPOS="865" VPOS="555" WIDTH="43"/>
						<String ID="P5_ST00028" HPOS="908" VPOS="509" WIDTH="224" HEIGHT="64" CONTENT="Krüger" WC="0.99" CC="650030"/>
						<SP ID="P5_SP00024" HPOS="1132" VPOS="573" WIDTH="41"/>
						<String ID="P5_ST00029" HPOS="1173" VPOS="512" WIDTH="114" HEIGHT="47" CONTENT="über" WC="0.97" CC="0553"/>
						<SP ID="P5_SP00025" HPOS="1287" VPOS="573" WIDTH="37"/>
						<String ID="P5_ST00030" HPOS="1324" VPOS="513" WIDTH="70" HEIGHT="47" CONTENT="die" WC="0.95" CC="930"/>
						<SP ID="P5_SP00026" HPOS="1394" VPOS="573" WIDTH="31"/>
						<String ID="P5_ST00031" HPOS="1425" VPOS="515" WIDTH="248" HEIGHT="49" CONTENT="Matthäus-" WC="0.98" CC="767777430"/>
					</TextLine>
					<TextLine ID="P5_TL00006" HPOS="149" VPOS="577" WIDTH="199" HEIGHT="51">
						<String ID="P5_ST00032" HPOS="149" VPOS="577" WIDTH="199" HEIGHT="51" CONTENT="Passion." WC="0.98" CC="90506664"/>
					</TextLine>
					<TextLine ID="P5_TL00007" HPOS="267" VPOS="654" WIDTH="1406" HEIGHT="65">
						<String ID="P5_ST00033" HPOS="267" VPOS="654" WIDTH="158" HEIGHT="50" CONTENT="1855." WC="0.89" CC="14000"/>
						<SP ID="P5_SP00027" HPOS="425" VPOS="704" WIDTH="31"/>
						<String ID="P5_ST00034" HPOS="456" VPOS="658" WIDTH="77" HEIGHT="47" CONTENT="111." WC="0.95" CC="7770"/>
						<SP ID="P5_SP00028" HPOS="533" VPOS="705" WIDTH="33"/>
						<String ID="P5_ST00035" HPOS="566" VPOS="659" WIDTH="78" HEIGHT="47" CONTENT="Nr." WC="0.96" CC="054"/>
						<SP ID="P5_SP00029" HPOS="644" VPOS="706" WIDTH="35"/>
						<String ID="P5_ST00036" HPOS="679" VPOS="659" WIDTH="45" HEIGHT="49" CONTENT="5." WC="1.00" CC="00"/>
						<SP ID="P5_SP00030" HPOS="724" VPOS="708" WIDTH="32"/>
						<String ID="P5_ST00037" HPOS="756" VPOS="661" WIDTH="330" HEIGHT="50" CONTENT="Mosewius:" WC="0.80" CC="020430402"/>
						<SP ID="P5_SP00031" HPOS="1086" VPOS="711" WIDTH="28"/>
						<String ID="P5_ST00038" HPOS="1114" VPOS="667" WIDTH="275" HEIGHT="48" CONTENT="DieMatthä" WC="0.61" CC="600635640"/>
						<SP ID="P5_SP00032" HPOS="1389" VPOS="715" WIDTH="8"/>
						<String ID="P5_ST00039" HPOS="1397" VPOS="669" WIDTH="276" HEIGHT="50" CONTENT="us-Passion." WC="0.70" CC="36300023084"/>
					</TextLine>
					<TextLine ID="P5_TL00008" HPOS="270" VPOS="732" WIDTH="1403" HEIGHT="64">
						<String ID="P5_ST00040" HPOS="270" VPOS="732" WIDTH="158" HEIGHT="49" CONTENT="1855." WC="0.99" CC="00000"/>
						<SP ID="P5_SP00033" HPOS="428" VPOS="781" WIDTH="31"/>
						<String ID="P5_ST00041" HPOS="459" VPOS="736" WIDTH="79" HEIGHT="48" CONTENT="111," WC="0.95" CC="6773"/>
						<SP ID="P5_SP00034" HPOS="538" VPOS="784" WIDTH="33"/>
						<String ID="P5_ST00042" HPOS="571" VPOS="737" WIDTH="78" HEIGHT="47" CONTENT="Nr." WC="0.99" CC="003"/>
						<SP ID="P5_SP00035" HPOS="649" VPOS="784" WIDTH="33"/>
						<String ID="P5_ST00043" HPOS="682" VPOS="736" WIDTH="86" HEIGHT="50" CONTENT="33." WC="0.50" CC="770"/>
						<SP ID="P5_SP00036" HPOS="768" VPOS="786" WIDTH="33"/>
						<String ID="P5_ST00044" HPOS="801" VPOS="739" WIDTH="326" HEIGHT="51" CONTENT="Mosewius:" WC="0.87" CC="201011400"/>
						<SP ID="P5_SP00037" HPOS="1127" VPOS="790" WIDTH="33"/>
						<String ID="P5_ST00045" HPOS="1160" VPOS="743" WIDTH="82" HEIGHT="47" CONTENT="Die" WC="0.97" CC="610"/>
						<SP ID="P5_SP00038" HPOS="1242" VPOS="790" WIDTH="32"/>
						<String ID="P5_ST00046" HPOS="1274" VPOS="744" WIDTH="195" HEIGHT="50" CONTENT="Choräle" WC="0.98" CC="6730942"/>
						<SP ID="P5_SP00039" HPOS="1469" VPOS="794" WIDTH="33"/>
						<String ID="P5_ST00047" HPOS="1502" VPOS="747" WIDTH="171" HEIGHT="49" CONTENT="Bachs." WC="0.97" CC="708714"/>
					</TextLine>
					<TextLine ID="P5_TL00009" HPOS="270" VPOS="808" WIDTH="1403" HEIGHT="75">
						<String ID="P5_ST00048" HPOS="270" VPOS="808" WIDTH="158" HEIGHT="51" CONTENT="1856." WC="0.53" CC="04764"/>
						<SP ID="P5_SP00040" HPOS="428" VPOS="859" WIDTH="32"/>
						<String ID="P5_ST00049" HPOS="460" VPOS="813" WIDTH="75" HEIGHT="47" CONTENT="IV." WC="0.49" CC="734"/>
						<SP ID="P5_SP00041" HPOS="535" VPOS="860" WIDTH="33"/>
						<String ID="P5_ST00050" HPOS="568" VPOS="814" WIDTH="79" HEIGHT="47" CONTENT="Nr." WC="0.99" CC="020"/>
						<SP ID="P5_SP00042" HPOS="647" VPOS="861" WIDTH="33"/>
						<String ID="P5_ST00051" HPOS="680" VPOS="816" WIDTH="47" HEIGHT="47" CONTENT="9." WC="0.71" CC="50"/>
						<SP ID="P5_SP00043" HPOS="727" VPOS="863" WIDTH="44"/>
						<String ID="P5_ST00052" HPOS="771" VPOS="816" WIDTH="96" HEIGHT="48" CONTENT="Ed." WC="0.98" CC="500"/>
						<SP ID="P5_SP00044" HPOS="867" VPOS="864" WIDTH="44"/>
						<String ID="P5_ST00053" HPOS="911" VPOS="818" WIDTH="226" HEIGHT="65" CONTENT="Krüger" WC="0.97" CC="400966"/>
						<SP ID="P5_SP00045" HPOS="1137" VPOS="883" WIDTH="42"/>
						<String ID="P5_ST00054" HPOS="1179" VPOS="821" WIDTH="117" HEIGHT="48" CONTENT="über" WC="0.99" CC="0300"/>
						<SP ID="P5_SP00046" HPOS="1296" VPOS="883" WIDTH="38"/>
						<String ID="P5_ST00055" HPOS="1334" VPOS="822" WIDTH="85" HEIGHT="49" CONTENT="den" WC="0.99" CC="002"/>
						<SP ID="P5_SP00047" HPOS="1419" VPOS="883" WIDTH="39"/>
						<String ID="P5_ST00056" HPOS="1458" VPOS="824" WIDTH="51" HEIGHT="47" CONTENT="V." WC="0.93" CC="01"/>
						<SP ID="P5_SP00048" HPOS="1509" VPOS="883" WIDTH="41"/>
						<String ID="P5_ST00057" HPOS="1550" VPOS="826" WIDTH="123" HEIGHT="47" CONTENT="Band" WC="0.95" CC="7680"/>
					</TextLine>
					<TextLine ID="P5_TL00010" HPOS="146" VPOS="887" WIDTH="1527" HEIGHT="63">
						<String ID="P5_ST00058" HPOS="146" VPOS="889" WIDTH="79" HEIGHT="47" CONTENT="der" WC="0.95" CC="805"/>
						<SP ID="P5_SP00049" HPOS="225" VPOS="936" WIDTH="41"/>
						<String ID="P5_ST00059" HPOS="266" VPOS="887" WIDTH="223" HEIGHT="49" CONTENT="Cantaten" WC="0.60" CC="46800507"/>
						<SP ID="P5_SP00050" HPOS="489" VPOS="936" WIDTH="47"/>
						<String ID="P5_ST00060" HPOS="536" VPOS="892" WIDTH="89" HEIGHT="45" CONTENT="und" WC="0.97" CC="080"/>
						<SP ID="P5_SP00051" HPOS="625" VPOS="937" WIDTH="45"/>
						<String ID="P5_ST00061" HPOS="670" VPOS="893" WIDTH="237" HEIGHT="48" CONTENT="Zimmer's" WC="0.75" CC="30140504"/>
						<SP ID="P5_SP00052" HPOS="907" VPOS="941" WIDTH="42"/>
						<String ID="P5_ST00062" HPOS="949" VPOS="896" WIDTH="281" HEIGHT="54" CONTENT="„Gedanken" WC="0.99" CC="600016400"/>
						<SP ID="P5_SP00053" HPOS="1230" VPOS="950" WIDTH="40"/>
						<String ID="P5_ST00063" HPOS="1270" VPOS="899" WIDTH="115" HEIGHT="49" CONTENT="über" WC="0.98" CC="0620"/>
						<SP ID="P5_SP00054" HPOS="1385" VPOS="950" WIDTH="42"/>
						<String ID="P5_ST00064" HPOS="1427" VPOS="901" WIDTH="68" HEIGHT="48" CONTENT="die" WC="1.00" CC="000"/>
						<SP ID="P5_SP00055" HPOS="1495" VPOS="950" WIDTH="33"/>
						<String ID="P5_ST00065" HPOS="1528" VPOS="903" WIDTH="145" HEIGHT="47" CONTENT="Bach-" WC="0.98" CC="65030"/>
					</TextLine>
					<TextLine ID="P5_TL00011" HPOS="146" VPOS="965" WIDTH="350" HEIGHT="50">
						<String ID="P5_ST00066" HPOS="146" VPOS="965" WIDTH="350" HEIGHT="50" CONTENT='Gesellschart".' WC="0.99" CC="60100644637642"/>
					</TextLine>
					<TextLine ID="P5_TL00012" HPOS="271" VPOS="1040" WIDTH="1402" HEIGHT="70">
						<String ID="P5_ST00067" HPOS="271" VPOS="1040" WIDTH="157" HEIGHT="51" CONTENT="1856." WC="0.77" CC="40060"/>
						<SP ID="P5_SP00056" HPOS="428" VPOS="1091" WIDTH="33"/>
						<String ID="P5_ST00068" HPOS="461" VPOS="1044" WIDTH="75" HEIGHT="47" CONTENT="IV." WC="0.55" CC="552"/>
						<SP ID="P5_SP00057" HPOS="536" VPOS="1091" WIDTH="33"/>
						<String ID="P5_ST00069" HPOS="569" VPOS="1045" WIDTH="79" HEIGHT="47" CONTENT="Nr." WC="0.97" CC="061"/>
						<SP ID="P5_SP00058" HPOS="648" VPOS="1092" WIDTH="36"/>
						<String ID="P5_ST00070" HPOS="684" VPOS="1045" WIDTH="85" HEIGHT="50" CONTENT="29." WC="0.48" CC="860"/>
						<SP ID="P5_SP00059" HPOS="769" VPOS="1095" WIDTH="33"/>
						<String ID="P5_ST00071" HPOS="802" VPOS="1048" WIDTH="306" HEIGHT="49" CONTENT="Mosewius" WC="0.79" CC="00603060"/>
						<SP ID="P5_SP00060" HPOS="1108" VPOS="1097" WIDTH="32"/>
						<String ID="P5_ST00072" HPOS="1140" VPOS="1052" WIDTH="113" HEIGHT="47" CONTENT="über" WC="0.99" CC="0500"/>
						<SP ID="P5_SP00061" HPOS="1253" VPOS="1099" WIDTH="30"/>
						<String ID="P5_ST00073" HPOS="1283" VPOS="1053" WIDTH="161" HEIGHT="48" CONTENT="Bach's" WC="0.61" CC="706520"/>
						<SP ID="P5_SP00062" HPOS="1444" VPOS="1101" WIDTH="26"/>
						<String ID="P5_ST00074" HPOS="1470" VPOS="1054" WIDTH="174" HEIGHT="56" CONTENT="Gesang" SUBS_TYPE="HypPart1" SUBS_CONTENT="Gesangmusik," WC="0.98" CC="003087"/>
						<HYP HPOS="1644" VPOS="1054" WIDTH="29" CONTENT="-"/>
					</TextLine>
					<TextLine ID="P5_TL00013" HPOS="146" VPOS="1120" WIDTH="1526" HEIGHT="66">
						<String ID="P5_ST00075" HPOS="146" VPOS="1120" WIDTH="162" HEIGHT="55" CONTENT="musik," SUBS_TYPE="HypPart2" SUBS_CONTENT="Gesangmusik," WC="0.66" CC="503470"/>
						<SP ID="P5_SP00063" HPOS="308" VPOS="1175" WIDTH="57"/>
						<String ID="P5_ST00076" HPOS="365" VPOS="1122" WIDTH="63" HEIGHT="45" CONTENT="als" WC="0.95" CC="642"/>
						<SP ID="P5_SP00064" HPOS="428" VPOS="1175" WIDTH="46"/>
						<String ID="P5_ST00077" HPOS="474" VPOS="1123" WIDTH="375" HEIGHT="63" CONTENT="Hauptschlüssel" WC="0.99" CC="70505007207500"/>
						<SP ID="P5_SP00065" HPOS="849" VPOS="1186" WIDTH="53"/>
						<String ID="P5_ST00078" HPOS="902" VPOS="1144" WIDTH="99" HEIGHT="30" CONTENT="zum" WC="0.96" CC="370"/>
						<SP ID="P5_SP00066" HPOS="1001" VPOS="1186" WIDTH="50"/>
						<String ID="P5_ST00079" HPOS="1051" VPOS="1129" WIDTH="343" HEIGHT="50" CONTENT="Verständnisse" WC="0.99" CC="2000701074330"/>
						<SP ID="P5_SP00067" HPOS="1394" VPOS="1186" WIDTH="43"/>
						<String ID="P5_ST00080" HPOS="1437" VPOS="1132" WIDTH="235" HEIGHT="49" CONTENT="desselben" WC="0.99" CC="605405602"/>
					</TextLine>
					<TextLine ID="P5_TL00014" HPOS="144" VPOS="1198" WIDTH="1529" HEIGHT="76">
						<String ID="P5_ST00081" HPOS="144" VPOS="1198" WIDTH="276" HEIGHT="65" CONTENT="überhaupt." WC="0.99" CC="0405602300"/>
						<SP ID="P5_SP00068" HPOS="420" VPOS="1263" WIDTH="45"/>
						<String ID="P5_ST00082" HPOS="465" VPOS="1200" WIDTH="146" HEIGHT="47" CONTENT="Dabei" WC="0.99" CC="60200"/>
						<SP ID="P5_SP00069" HPOS="611" VPOS="1263" WIDTH="32"/>
						<String ID="P5_ST00083" HPOS="643" VPOS="1200" WIDTH="210" HEIGHT="66" CONTENT="folgende" WC="0.98" CC="60790832"/>
						<SP ID="P5_SP00070" HPOS="853" VPOS="1266" WIDTH="29"/>
						<String ID="P5_ST00084" HPOS="882" VPOS="1205" WIDTH="160" HEIGHT="49" CONTENT="Stelle:" WC="0.99" CC="7500600"/>
						<SP ID="P5_SP00071" HPOS="1042" VPOS="1266" WIDTH="52"/>
						<String ID="P5_ST00085" HPOS="1094" VPOS="1208" WIDTH="123" HEIGHT="55" CONTENT="„Das" WC="0.96" CC="5056"/>
						<SP ID="P5_SP00072" HPOS="1217" VPOS="1266" WIDTH="29"/>
						<String ID="P5_ST00086" HPOS="1246" VPOS="1217" WIDTH="118" HEIGHT="39" CONTENT="erste" WC="0.99" CC="00040"/>
						<SP ID="P5_SP00073" HPOS="1364" VPOS="1266" WIDTH="28"/>
						<String ID="P5_ST00087" HPOS="1392" VPOS="1208" WIDTH="169" HEIGHT="66" CONTENT="Kyrie," WC="0.99" CC="360030" STYLEREFS="TXT_2"/>
						<SP ID="P5_SP00074" HPOS="1561" VPOS="1274" WIDTH="33"/>
						<String ID="P5_ST00088" HPOS="1594" VPOS="1211" WIDTH="79" HEIGHT="48" CONTENT="das" WC="1.00" CC="000"/>
					</TextLine>
					<TextLine ID="P5_TL00015" HPOS="164" VPOS="1274" WIDTH="1510" HEIGHT="64">
						<String ID="P5_ST00089" HPOS="164" VPOS="1274" WIDTH="210" HEIGHT="61" CONTENT="Gratias," WC="0.98" CC="55464015" STYLEREFS="TXT_2"/>
						<SP ID="P5_SP00075" HPOS="374" VPOS="1335" WIDTH="273"/>
						<String ID="P5_ST00090" HPOS="647" VPOS="1274" WIDTH="94" HEIGHT="64" CONTENT="Qui" WC="0.72" CC="530" STYLEREFS="TXT_2"/>
						<SP ID="P5_SP00076" HPOS="741" VPOS="1338" WIDTH="143"/>
						<String ID="P5_ST00091" HPOS="884" VPOS="1277" WIDTH="118" HEIGHT="49" CONTENT="tolhs" WC="0.47" CC="66085" STYLEREFS="TXT_2"/>
						<String ID="P5_ST00092" HPOS="651" VPOS="1279" WIDTH="89" HEIGHT="47" CONTENT="und" WC="0.94" CC="265"/>
						<SP ID="P5_SP00077" HPOS="1002" VPOS="1338" WIDTH="-236"/>
						<String ID="P5_ST00093" HPOS="766" VPOS="1280" WIDTH="80" HEIGHT="47" CONTENT="der" WC="0.97" CC="501"/>
						<SP ID="P5_SP00078" HPOS="1002" VPOS="1338" WIDTH="-132"/>
						<String ID="P5_ST00094" HPOS="870" VPOS="1283" WIDTH="183" HEIGHT="47" CONTENT="Schluss" WC="0.73" CC="1055410"/>
						<SP ID="P5_SP00079" HPOS="1053" VPOS="1338" WIDTH="540"/>
						<String ID="P5_ST00095" HPOS="1593" VPOS="1289" WIDTH="81" HEIGHT="47" CONTENT="der" WC="0.98" CC="014"/>
					</TextLine>
					<TextLine ID="P5_TL00016" HPOS="166" VPOS="1353" WIDTH="1508" HEIGHT="66">
						<String ID="P5_ST00096" HPOS="166" VPOS="1353" WIDTH="195" HEIGHT="49" CONTENT="li-moll-" WC="0.63" CC="08482401" STYLEREFS="TXT_2"/>
						<String ID="P5_ST00097" HPOS="362" VPOS="1355" WIDTH="136" HEIGHT="47" CONTENT="Messe" WC="0.98" CC="06005"/>
						<SP ID="P5_SP00080" HPOS="498" VPOS="1402" WIDTH="43"/>
						<String ID="P5_ST00098" HPOS="541" VPOS="1357" WIDTH="238" HEIGHT="48" CONTENT="erlordern" WC="0.98" CC="406050468"/>
						<SP ID="P5_SP00081" HPOS="779" VPOS="1405" WIDTH="33"/>
						<String ID="P5_ST00099" HPOS="812" VPOS="1360" WIDTH="155" HEIGHT="46" CONTENT="weiter" WC="0.99" CC="000802"/>
						<SP ID="P5_SP00082" HPOS="967" VPOS="1406" WIDTH="41"/>
						<String ID="P5_ST00100" HPOS="1008" VPOS="1362" WIDTH="158" HEIGHT="57" CONTENT="nichts," WC="0.98" CC="5024563"/>
						<SP ID="P5_SP00083" HPOS="1166" VPOS="1419" WIDTH="46"/>
						<String ID="P5_ST00101" HPOS="1212" VPOS="1364" WIDTH="62" HEIGHT="46" CONTENT="als" WC="0.94" CC="537"/>
						<SP ID="P5_SP00084" HPOS="1274" VPOS="1419" WIDTH="37"/>
						<String ID="P5_ST00102" HPOS="1311" VPOS="1365" WIDTH="70" HEIGHT="47" CONTENT="die" WC="0.96" CC="044"/>
						<SP ID="P5_SP00085" HPOS="1381" VPOS="1419" WIDTH="32"/>
						<String ID="P5_ST00103" HPOS="1413" VPOS="1365" WIDTH="261" HEIGHT="54" CONTENT="Stimmung" WC="0.98" CC="56000877"/>
					</TextLine>
					<TextLine ID="P5_TL00017" HPOS="146" VPOS="1430" WIDTH="1527" HEIGHT="61">
						<String ID="P5_ST00104" HPOS="146" VPOS="1431" WIDTH="77" HEIGHT="47" CONTENT="des" WC="0.99" CC="010"/>
						<SP ID="P5_SP00086" HPOS="223" VPOS="1478" WIDTH="28"/>
						<String ID="P5_ST00105" HPOS="251" VPOS="1430" WIDTH="250" HEIGHT="57" CONTENT="Zuhörers," WC="0.99" CC="544130200"/>
						<SP ID="P5_SP00087" HPOS="501" VPOS="1487" WIDTH="40"/>
						<String ID="P5_ST00106" HPOS="541" VPOS="1433" WIDTH="82" HEIGHT="47" CONTENT="der" WC="0.98" CC="006"/>
						<SP ID="P5_SP00088" HPOS="623" VPOS="1487" WIDTH="35"/>
						<String ID="P5_ST00107" HPOS="658" VPOS="1435" WIDTH="63" HEIGHT="47" CONTENT="sie" WC="0.98" CC="400"/>
						<SP ID="P5_SP00089" HPOS="721" VPOS="1487" WIDTH="34"/>
						<String ID="P5_ST00108" HPOS="755" VPOS="1435" WIDTH="91" HEIGHT="49" CONTENT="sich" WC="0.99" CC="6000"/>
						<SP ID="P5_SP00090" HPOS="846" VPOS="1487" WIDTH="42"/>
						<String ID="P5_ST00109" HPOS="888" VPOS="1437" WIDTH="139" HEIGHT="54" CONTENT="dann," WC="0.97" CC="09801"/>
						<SP ID="P5_SP00091" HPOS="1027" VPOS="1491" WIDTH="44"/>
						<String ID="P5_ST00110" HPOS="1071" VPOS="1439" WIDTH="121" HEIGHT="47" CONTENT="ihres" WC="0.98" CC="27500"/>
						<SP ID="P5_SP00092" HPOS="1192" VPOS="1491" WIDTH="40"/>
						<String ID="P5_ST00111" HPOS="1232" VPOS="1440" WIDTH="253" HEIGHT="50" CONTENT="kolossalen" WC="0.99" CC="0220635320"/>
						<SP ID="P5_SP00093" HPOS="1485" VPOS="1491" WIDTH="41"/>
						<String ID="P5_ST00112" HPOS="1526" VPOS="1443" WIDTH="147" HEIGHT="48" CONTENT="Baues" WC="0.98" CC="60324"/>
					</TextLine>
					<TextLine ID="P5_TL00018" HPOS="145" VPOS="1509" WIDTH="1490" HEIGHT="63">
						<String ID="P5_ST00113" HPOS="145" VPOS="1509" WIDTH="292" HEIGHT="63" CONTENT="ungeachtet," WC="0.99" CC="06035407070"/>
						<SP ID="P5_SP00094" HPOS="437" VPOS="1572" WIDTH="32"/>
						<String ID="P5_ST00114" HPOS="469" VPOS="1511" WIDTH="118" HEIGHT="47" CONTENT="wohl" WC="0.97" CC="0464"/>
						<SP ID="P5_SP00095" HPOS="587" VPOS="1572" WIDTH="33"/>
						<String ID="P5_ST00115" HPOS="620" VPOS="1513" WIDTH="144" HEIGHT="48" CONTENT="durch" WC="0.98" CC="02074"/>
						<SP ID="P5_SP00096" HPOS="764" VPOS="1572" WIDTH="30"/>
						<String ID="P5_ST00116" HPOS="794" VPOS="1515" WIDTH="90" HEIGHT="46" CONTENT="sich" WC="0.96" CC="7307"/>
						<SP ID="P5_SP00097" HPOS="884" VPOS="1572" WIDTH="31"/>
						<String ID="P5_ST00117" HPOS="915" VPOS="1517" WIDTH="138" HEIGHT="47" CONTENT="selbst" WC="0.98" CC="006071"/>
						<SP ID="P5_SP00098" HPOS="1053" VPOS="1572" WIDTH="29"/>
						<String ID="P5_ST00118" HPOS="1082" VPOS="1518" WIDTH="293" HEIGHT="49" CONTENT="erschliessen" WC="0.61" CC="204004569318"/>
						<SP ID="P5_SP00099" HPOS="1375" VPOS="1572" WIDTH="31"/>
						<String ID="P5_ST00119" HPOS="1406" VPOS="1522" WIDTH="229" HEIGHT="47" CONTENT='werden."' WC="0.99" CC="00600604"/>
					</TextLine>
					<TextLine ID="P5_TL00019" HPOS="262" VPOS="1586" WIDTH="1410" HEIGHT="64">
						<String ID="P5_ST00120" HPOS="262" VPOS="1586" WIDTH="127" HEIGHT="49" CONTENT="Doch" WC="0.99" CC="0003"/>
						<SP ID="P5_SP00100" HPOS="389" VPOS="1635" WIDTH="47"/>
						<String ID="P5_ST00121" HPOS="436" VPOS="1589" WIDTH="83" HEIGHT="46" CONTENT="wir" WC="0.99" CC="020"/>
						<SP ID="P5_SP00101" HPOS="519" VPOS="1635" WIDTH="29"/>
						<String ID="P5_ST00122" HPOS="548" VPOS="1590" WIDTH="162" HEIGHT="47" CONTENT="wollen" WC="0.99" CC="004306"/>
						<SP ID="P5_SP00102" HPOS="710" VPOS="1637" WIDTH="33"/>
						<String ID="P5_ST00123" HPOS="743" VPOS="1590" WIDTH="183" HEIGHT="50" CONTENT="hiermit" WC="0.99" CC="3300020"/>
						<SP ID="P5_SP00103" HPOS="926" VPOS="1640" WIDTH="38"/>
						<String ID="P5_ST00124" HPOS="964" VPOS="1594" WIDTH="259" HEIGHT="56" CONTENT="schliessen," WC="0.74" CC="31013043072"/>
						<SP ID="P5_SP00104" HPOS="1223" VPOS="1650" WIDTH="46"/>
						<String ID="P5_ST00125" HPOS="1269" VPOS="1598" WIDTH="221" HEIGHT="47" CONTENT="nachdem" WC="0.99" CC="8017000"/>
						<SP ID="P5_SP00105" HPOS="1490" VPOS="1650" WIDTH="43"/>
						<String ID="P5_ST00126" HPOS="1533" VPOS="1599" WIDTH="139" HEIGHT="48" CONTENT="schon" WC="0.96" CC="34556"/>
					</TextLine>
					<TextLine ID="P5_TL00020" HPOS="143" VPOS="1663" WIDTH="1529" HEIGHT="76">
						<String ID="P5_ST00127" HPOS="143" VPOS="1663" WIDTH="141" HEIGHT="48" CONTENT="durch" WC="0.98" CC="00407"/>
						<SP ID="P5_SP00106" HPOS="284" VPOS="1711" WIDTH="33"/>
						<String ID="P5_ST00128" HPOS="317" VPOS="1663" WIDTH="72" HEIGHT="48" CONTENT="die" WC="0.95" CC="049"/>
						<SP ID="P5_SP00107" HPOS="389" VPOS="1711" WIDTH="24"/>
						<String ID="P5_ST00129" HPOS="413" VPOS="1666" WIDTH="342" HEIGHT="65" CONTENT="Anführungen" WC="0.99" CC="54705647008"/>
						<SP ID="P5_SP00108" HPOS="755" VPOS="1731" WIDTH="33"/>
						<String ID="P5_ST00130" HPOS="788" VPOS="1685" WIDTH="81" HEIGHT="31" CONTENT="aus" WC="0.95" CC="462"/>
						<SP ID="P5_SP00109" HPOS="869" VPOS="1731" WIDTH="28"/>
						<String ID="P5_ST00131" HPOS="897" VPOS="1670" WIDTH="86" HEIGHT="47" CONTENT="den" WC="0.96" CC="407"/>
						<SP ID="P5_SP00110" HPOS="983" VPOS="1731" WIDTH="32"/>
						<String ID="P5_ST00132" HPOS="1015" VPOS="1680" WIDTH="146" HEIGHT="40" CONTENT="ersten" WC="0.97" CC="066668"/>
						<SP ID="P5_SP00111" HPOS="1161" VPOS="1731" WIDTH="32"/>
						<String ID="P5_ST00133" HPOS="1193" VPOS="1673" WIDTH="154" HEIGHT="48" CONTENT="sieben" WC="0.99" CC="100505"/>
						<SP ID="P5_SP00112" HPOS="1347" VPOS="1731" WIDTH="28"/>
						<String ID="P5_ST00134" HPOS="1375" VPOS="1675" WIDTH="297" HEIGHT="64" CONTENT="Jahrgängen" WC="0.99" CC="0365905008"/>
					</TextLine>
					<TextLine ID="P5_TL00021" HPOS="144" VPOS="1743" WIDTH="1528" HEIGHT="66">
						<String ID="P5_ST00135" HPOS="144" VPOS="1757" WIDTH="188" HEIGHT="33" CONTENT="unserer" WC="0.99" CC="1030504"/>
						<SP ID="P5_SP00113" HPOS="332" VPOS="1790" WIDTH="28"/>
						<String ID="P5_ST00136" HPOS="360" VPOS="1743" WIDTH="197" HEIGHT="66" CONTENT="Zeitung" WC="0.99" CC="0302050"/>
						<SP ID="P5_SP00114" HPOS="557" VPOS="1809" WIDTH="29"/>
						<String ID="P5_ST00137" HPOS="586" VPOS="1744" WIDTH="102" HEIGHT="63" CONTENT="(von" WC="0.96" CC="3058"/>
						<SP ID="P5_SP00115" HPOS="688" VPOS="1809" WIDTH="41"/>
						<String ID="P5_ST00138" HPOS="729" VPOS="1745" WIDTH="394" HEIGHT="64" CONTENT="1850—1856," WC="0.56" CC="1507804674"/>
						<SP ID="P5_SP00116" HPOS="1123" VPOS="1809" WIDTH="45"/>
						<String ID="P5_ST00139" HPOS="1168" VPOS="1752" WIDTH="92" HEIGHT="47" CONTENT="also" WC="0.97" CC="5403"/>
						<SP ID="P5_SP00117" HPOS="1260" VPOS="1809" WIDTH="38"/>
						<String ID="P5_ST00140" HPOS="1298" VPOS="1769" WIDTH="87" HEIGHT="31" CONTENT="nur" WC="0.98" CC="060"/>
						<SP ID="P5_SP00118" HPOS="1385" VPOS="1809" WIDTH="31"/>
						<String ID="P5_ST00141" HPOS="1416" VPOS="1753" WIDTH="80" HEIGHT="47" CONTENT="der" WC="0.99" CC="002"/>
						<SP ID="P5_SP00119" HPOS="1496" VPOS="1809" WIDTH="26"/>
						<String ID="P5_ST00142" HPOS="1522" VPOS="1754" WIDTH="150" HEIGHT="48" CONTENT="Hälfte" WC="0.97" CC="695680"/>
					</TextLine>
					<TextLine ID="P5_TL00022" HPOS="143" VPOS="1818" WIDTH="1527" HEIGHT="76">
						<String ID="P5_ST00143" HPOS="143" VPOS="1819" WIDTH="81" HEIGHT="48" CONTENT="der" WC="0.97" CC="007"/>
						<SP ID="P5_SP00120" HPOS="224" VPOS="1867" WIDTH="30"/>
						<String ID="P5_ST00144" HPOS="254" VPOS="1818" WIDTH="66" HEIGHT="48" CONTENT="bis" WC="0.98" CC="600"/>
						<SP ID="P5_SP00121" HPOS="320" VPOS="1867" WIDTH="23"/>
						<String ID="P5_ST00145" HPOS="343" VPOS="1819" WIDTH="112" HEIGHT="66" CONTENT="jetzt" WC="0.97" CC="30662"/>
						<SP ID="P5_SP00122" HPOS="455" VPOS="1885" WIDTH="29"/>
						<String ID="P5_ST00146" HPOS="484" VPOS="1823" WIDTH="324" HEIGHT="49" CONTENT="erschienenen" WC="0.99" CC="446060020805"/>
						<SP ID="P5_SP00123" HPOS="808" VPOS="1885" WIDTH="29"/>
						<String ID="P5_ST00147" HPOS="837" VPOS="1826" WIDTH="308" HEIGHT="65" CONTENT="Jahrgänge!)" WC="0.99" CC="56650060020"/>
						<SP ID="P5_SP00124" HPOS="1145" VPOS="1891" WIDTH="44"/>
						<String ID="P5_ST00148" HPOS="1189" VPOS="1828" WIDTH="272" HEIGHT="66" CONTENT="übergenug" WC="0.98" CC="043390670"/>
						<SP ID="P5_SP00125" HPOS="1461" VPOS="1894" WIDTH="44"/>
						<String ID="P5_ST00149" HPOS="1505" VPOS="1830" WIDTH="138" HEIGHT="50" CONTENT="bewie" SUBS_TYPE="HypPart1" SUBS_CONTENT="bewiesen" WC="0.99" CC="41009"/>
						<HYP HPOS="1643" VPOS="1830" WIDTH="27" CONTENT="-"/>
					</TextLine>
					<TextLine ID="P5_TL00023" HPOS="139" VPOS="1898" WIDTH="1531" HEIGHT="59">
						<String ID="P5_ST00150" HPOS="139" VPOS="1913" WIDTH="77" HEIGHT="33" CONTENT="sen" SUBS_TYPE="HypPart2" SUBS_CONTENT="bewiesen" WC="0.99" CC="003"/>
						<SP ID="P5_SP00126" HPOS="216" VPOS="1946" WIDTH="38"/>
						<String ID="P5_ST00151" HPOS="254" VPOS="1898" WIDTH="72" HEIGHT="55" CONTENT="ist," WC="0.99" CC="0050"/>
						<SP ID="P5_SP00127" HPOS="326" VPOS="1953" WIDTH="40"/>
						<String ID="P5_ST00152" HPOS="366" VPOS="1899" WIDTH="85" HEIGHT="48" CONTENT="wie" WC="1.00" CC="000"/>
						<SP ID="P5_SP00128" HPOS="451" VPOS="1953" WIDTH="41"/>
						<String ID="P5_ST00153" HPOS="492" VPOS="1917" WIDTH="164" HEIGHT="31" CONTENT="unsere" WC="0.98" CC="534420"/>
						<SP ID="P5_SP00129" HPOS="656" VPOS="1953" WIDTH="30"/>
						<String ID="P5_ST00154" HPOS="686" VPOS="1903" WIDTH="286" HEIGHT="48" CONTENT="Mitarbeiter" WC="0.99" CC="00090504600"/>
						<SP ID="P5_SP00130" HPOS="972" VPOS="1953" WIDTH="44"/>
						<String ID="P5_ST00155" HPOS="1016" VPOS="1906" WIDTH="91" HEIGHT="46" CONTENT="und" WC="0.95" CC="660"/>
						<SP ID="P5_SP00131" HPOS="1107" VPOS="1953" WIDTH="44"/>
						<String ID="P5_ST00156" HPOS="1151" VPOS="1908" WIDTH="83" HEIGHT="45" CONTENT="wir" WC="0.98" CC="004"/>
						<SP ID="P5_SP00132" HPOS="1234" VPOS="1953" WIDTH="40"/>
						<String ID="P5_ST00157" HPOS="1274" VPOS="1908" WIDTH="139" HEIGHT="47" CONTENT="selbst" WC="0.99" CC="030107"/>
						<SP ID="P5_SP00133" HPOS="1413" VPOS="1955" WIDTH="44"/>
						<String ID="P5_ST00158" HPOS="1457" VPOS="1909" WIDTH="187" HEIGHT="48" CONTENT="fortwäh" SUBS_TYPE="HypPart1" SUBS_CONTENT="fortwährend" WC="0.98" CC="0278090"/>
						<HYP HPOS="1644" VPOS="1909" WIDTH="26" CONTENT="-"/>
					</TextLine>
					<TextLine ID="P5_TL00024" HPOS="140" VPOS="1975" WIDTH="1534" HEIGHT="60">
						<String ID="P5_ST00159" HPOS="140" VPOS="1975" WIDTH="109" HEIGHT="47" CONTENT="rend" SUBS_TYPE="HypPart2" SUBS_CONTENT="fortwährend" WC="0.98" CC="7010"/>
						<SP ID="P5_SP00134" HPOS="249" VPOS="2022" WIDTH="33"/>
						<String ID="P5_ST00160" HPOS="282" VPOS="1976" WIDTH="83" HEIGHT="47" CONTENT="auf" WC="0.95" CC="507"/>
						<SP ID="P5_SP00135" HPOS="365" VPOS="2023" WIDTH="24"/>
						<String ID="P5_ST00161" HPOS="389" VPOS="1976" WIDTH="71" HEIGHT="49" CONTENT="die" WC="1.00" CC="000"/>
						<SP ID="P5_SP00136" HPOS="460" VPOS="2025" WIDTH="26"/>
						<String ID="P5_ST00162" HPOS="486" VPOS="1978" WIDTH="443" HEIGHT="50" CONTENT="Wiederaufnahme" WC="0.99" CC="00007151572280"/>
						<SP ID="P5_SP00137" HPOS="929" VPOS="2028" WIDTH="33"/>
						<String ID="P5_ST00163" HPOS="962" VPOS="1983" WIDTH="270" HEIGHT="48" CONTENT="Bach'scher" WC="0.65" CC="8125002616"/>
						<SP ID="P5_SP00138" HPOS="1232" VPOS="2031" WIDTH="28"/>
						<String ID="P5_ST00164" HPOS="1260" VPOS="1984" WIDTH="290" HEIGHT="49" CONTENT="Vocalmusik" WC="0.68" CC="6542061210"/>
						<SP ID="P5_SP00139" HPOS="1550" VPOS="2033" WIDTH="33"/>
						<String ID="P5_ST00165" HPOS="1583" VPOS="1985" WIDTH="91" HEIGHT="50" CONTENT="und" WC="0.99" CC="020"/>
					</TextLine>
					<TextLine ID="P5_TL00025" HPOS="139" VPOS="2053" WIDTH="1535" HEIGHT="74">
						<String ID="P5_ST00166" HPOS="139" VPOS="2053" WIDTH="180" HEIGHT="54" CONTENT="darauf," WC="0.99" CC="0404500"/>
						<SP ID="P5_SP00140" HPOS="319" VPOS="2107" WIDTH="32"/>
						<String ID="P5_ST00167" HPOS="351" VPOS="2055" WIDTH="102" HEIGHT="47" CONTENT="dass" WC="0.86" CC="0050"/>
						<SP ID="P5_SP00141" HPOS="453" VPOS="2107" WIDTH="29"/>
						<String ID="P5_ST00168" HPOS="482" VPOS="2056" WIDTH="62" HEIGHT="47" CONTENT="sie" WC="0.98" CC="130"/>
						<SP ID="P5_SP00142" HPOS="544" VPOS="2107" WIDTH="30"/>
						<String ID="P5_ST00169" HPOS="574" VPOS="2056" WIDTH="101" HEIGHT="49" CONTENT="dem" WC="0.99" CC="010"/>
						<SP ID="P5_SP00143" HPOS="675" VPOS="2107" WIDTH="33"/>
						<String ID="P5_ST00170" HPOS="708" VPOS="2074" WIDTH="187" HEIGHT="48" CONTENT="grossen" WC="0.99" CC="0435500"/>
						<SP ID="P5_SP00144" HPOS="895" VPOS="2122" WIDTH="25"/>
						<String ID="P5_ST00171" HPOS="920" VPOS="2060" WIDTH="240" HEIGHT="48" CONTENT="Publicum" WC="0.99" CC="05000046"/>
						<SP ID="P5_SP00145" HPOS="1160" VPOS="2122" WIDTH="32"/>
						<String ID="P5_ST00172" HPOS="1192" VPOS="2064" WIDTH="273" HEIGHT="63" CONTENT="vorgeführt" WC="0.99" CC="1160480503"/>
						<SP ID="P5_SP00146" HPOS="1465" VPOS="2127" WIDTH="24"/>
						<String ID="P5_ST00173" HPOS="1489" VPOS="2065" WIDTH="185" HEIGHT="48" CONTENT="werden" WC="1.00" CC="000000"/>
					</TextLine>
					<TextLine ID="P5_TL00026" HPOS="138" VPOS="2131" WIDTH="1532" HEIGHT="75">
						<String ID="P5_ST00174" HPOS="138" VPOS="2134" WIDTH="151" HEIGHT="44" CONTENT="müsse" WC="0.97" CC="08245"/>
						<SP ID="P5_SP00147" HPOS="289" VPOS="2178" WIDTH="45"/>
						<String ID="P5_ST00175" HPOS="334" VPOS="2131" WIDTH="91" HEIGHT="47" CONTENT="und" WC="0.97" CC="160"/>
						<SP ID="P5_SP00148" HPOS="425" VPOS="2178" WIDTH="42"/>
						<String ID="P5_ST00176" HPOS="467" VPOS="2133" WIDTH="120" HEIGHT="48" CONTENT="ihres" WC="1.00" CC="03000"/>
						<SP ID="P5_SP00149" HPOS="587" VPOS="2181" WIDTH="46"/>
						<String ID="P5_ST00177" HPOS="633" VPOS="2134" WIDTH="260" HEIGHT="49" CONTENT="Eindrucks" WC="0.99" CC="704001006"/>
						<SP ID="P5_SP00150" HPOS="893" VPOS="2183" WIDTH="43"/>
						<String ID="P5_ST00178" HPOS="936" VPOS="2139" WIDTH="122" HEIGHT="46" CONTENT="nicht" WC="0.97" CC="80066"/>
						<SP ID="P5_SP00151" HPOS="1058" VPOS="2185" WIDTH="45"/>
						<String ID="P5_ST00179" HPOS="1103" VPOS="2139" WIDTH="227" HEIGHT="48" CONTENT="verfehlen" WC="0.99" CC="006005608"/>
						<SP ID="P5_SP00152" HPOS="1330" VPOS="2187" WIDTH="45"/>
						<String ID="P5_ST00180" HPOS="1375" VPOS="2141" WIDTH="170" HEIGHT="55" CONTENT="werde," WC="0.99" CC="035010"/>
						<SP ID="P5_SP00153" HPOS="1545" VPOS="2196" WIDTH="48"/>
						<String ID="P5_ST00181" HPOS="1593" VPOS="2159" WIDTH="52" HEIGHT="47" CONTENT="ge" SUBS_TYPE="HypPart1" SUBS_CONTENT="gedrungen" WC="0.98" CC="00"/>
						<HYP HPOS="1645" VPOS="2159" WIDTH="25" CONTENT="-"/>
					</TextLine>
					<TextLine ID="P5_TL00027" HPOS="136" VPOS="2207" WIDTH="1538" HEIGHT="66">
						<String ID="P5_ST00182" HPOS="136" VPOS="2207" WIDTH="211" HEIGHT="65" CONTENT="drungen" SUBS_TYPE="HypPart2" SUBS_CONTENT="gedrungen" WC="0.99" CC="0076050"/>
						<SP ID="P5_SP00154" HPOS="347" VPOS="2272" WIDTH="46"/>
						<String ID="P5_ST00183" HPOS="393" VPOS="2209" WIDTH="169" HEIGHT="49" CONTENT="haben." WC="0.98" CC="304074"/>
						<SP ID="P5_SP00155" HPOS="562" VPOS="2272" WIDTH="58"/>
						<String ID="P5_ST00184" HPOS="620" VPOS="2213" WIDTH="106" HEIGHT="47" CONTENT="Wir" WC="0.98" CC="004"/>
						<SP ID="P5_SP00156" HPOS="726" VPOS="2272" WIDTH="38"/>
						<String ID="P5_ST00185" HPOS="764" VPOS="2214" WIDTH="164" HEIGHT="47" CONTENT="wollen" WC="0.98" CC="835400"/>
						<SP ID="P5_SP00157" HPOS="928" VPOS="2272" WIDTH="44"/>
						<String ID="P5_ST00186" HPOS="972" VPOS="2216" WIDTH="113" HEIGHT="47" CONTENT="aber" WC="0.97" CC="5603"/>
						<SP ID="P5_SP00158" HPOS="1085" VPOS="2272" WIDTH="43"/>
						<String ID="P5_ST00187" HPOS="1128" VPOS="2218" WIDTH="116" HEIGHT="45" CONTENT="auch" WC="0.99" CC="0402"/>
						<SP ID="P5_SP00159" HPOS="1244" VPOS="2272" WIDTH="40"/>
						<String ID="P5_ST00188" HPOS="1284" VPOS="2218" WIDTH="138" HEIGHT="55" CONTENT="nicht," WC="0.99" CC="800051"/>
						<SP ID="P5_SP00160" HPOS="1422" VPOS="2273" WIDTH="45"/>
						<String ID="P5_ST00189" HPOS="1467" VPOS="2237" WIDTH="75" HEIGHT="30" CONTENT="um" WC="0.68" CC="60"/>
						<SP ID="P5_SP00161" HPOS="1542" VPOS="2273" WIDTH="51"/>
						<String ID="P5_ST00190" HPOS="1593" VPOS="2220" WIDTH="81" HEIGHT="48" CONTENT="mit" WC="0.98" CC="005"/>
					</TextLine>
					<TextLine ID="P5_TL00028" HPOS="135" VPOS="2285" WIDTH="1537" HEIGHT="75">
						<String ID="P5_ST00191" HPOS="135" VPOS="2285" WIDTH="156" HEIGHT="47" CONTENT="Herrn" WC="0.98" CC="60240"/>
						<SP ID="P5_SP00162" HPOS="291" VPOS="2332" WIDTH="32"/>
						<String ID="P5_ST00192" HPOS="323" VPOS="2286" WIDTH="146" HEIGHT="48" CONTENT="Franz" WC="0.96" CC="09457"/>
						<SP ID="P5_SP00163" HPOS="469" VPOS="2334" WIDTH="28"/>
						<String ID="P5_ST00193" HPOS="497" VPOS="2305" WIDTH="52" HEIGHT="31" CONTENT="zu" WC="0.72" CC="04"/>
						<SP ID="P5_SP00164" HPOS="549" VPOS="2336" WIDTH="33"/>
						<String ID="P5_ST00194" HPOS="582" VPOS="2289" WIDTH="156" HEIGHT="56" CONTENT="reden," WC="0.98" CC="000572"/>
						<SP ID="P5_SP00165" HPOS="738" VPOS="2345" WIDTH="31"/>
						<String ID="P5_ST00195" HPOS="769" VPOS="2291" WIDTH="114" HEIGHT="47" CONTENT="nach" WC="0.98" CC="0305"/>
						<SP ID="P5_SP00166" HPOS="883" VPOS="2345" WIDTH="33"/>
						<String ID="P5_ST00196" HPOS="916" VPOS="2293" WIDTH="86" HEIGHT="47" CONTENT="den" WC="1.00" CC="000"/>
						<SP ID="P5_SP00167" HPOS="1002" VPOS="2345" WIDTH="33"/>
						<String ID="P5_ST00197" HPOS="1035" VPOS="2294" WIDTH="219" HEIGHT="48" CONTENT="Gründen" WC="0.99" CC="0504007"/>
						<SP ID="P5_SP00168" HPOS="1254" VPOS="2345" WIDTH="33"/>
						<String ID="P5_ST00198" HPOS="1287" VPOS="2295" WIDTH="176" HEIGHT="65" CONTENT="fragen," WC="0.98" CC="6020484"/>
						<SP ID="P5_SP00169" HPOS="1463" VPOS="2360" WIDTH="31"/>
						<String ID="P5_ST00199" HPOS="1494" VPOS="2296" WIDTH="71" HEIGHT="49" CONTENT="die" WC="1.00" CC="000"/>
						<SP ID="P5_SP00170" HPOS="1565" VPOS="2360" WIDTH="29"/>
						<String ID="P5_ST00200" HPOS="1594" VPOS="2298" WIDTH="78" HEIGHT="47" CONTENT="ihn" WC="0.96" CC="036"/>
					</TextLine>
					<TextLine ID="P5_TL00029" HPOS="139" VPOS="2362" WIDTH="1531" HEIGHT="70">
						<String ID="P5_ST00201" HPOS="139" VPOS="2362" WIDTH="222" HEIGHT="65" CONTENT="bewogen" WC="1.00" CC="5000000"/>
						<SP ID="P5_SP00171" HPOS="361" VPOS="2427" WIDTH="34"/>
						<String ID="P5_ST00202" HPOS="395" VPOS="2365" WIDTH="152" HEIGHT="49" CONTENT="haben" WC="0.99" CC="00302"/>
						<SP ID="P5_SP00172" HPOS="547" VPOS="2427" WIDTH="30"/>
						<String ID="P5_ST00203" HPOS="577" VPOS="2370" WIDTH="185" HEIGHT="62" CONTENT="mögen," WC="0.99" CC="050060"/>
						<SP ID="P5_SP00173" HPOS="762" VPOS="2432" WIDTH="32"/>
						<String ID="P5_ST00204" HPOS="794" VPOS="2385" WIDTH="163" HEIGHT="33" CONTENT="unsere" WC="0.99" CC="072300"/>
						<SP ID="P5_SP00174" HPOS="957" VPOS="2432" WIDTH="39"/>
						<String ID="P5_ST00205" HPOS="996" VPOS="2373" WIDTH="556" HEIGHT="50" CONTENT="musicalisch-kritischen" WC="1.00" CC="2510025000409520102205"/>
						<SP ID="P5_SP00175" HPOS="1552" VPOS="2432" WIDTH="35"/>
						<String ID="P5_ST00206" HPOS="1587" VPOS="2376" WIDTH="56" HEIGHT="47" CONTENT="Be" SUBS_TYPE="HypPart1" SUBS_CONTENT="Bestrebungen" WC="0.98" CC="60"/>
						<HYP HPOS="1643" VPOS="2376" WIDTH="27" CONTENT="-"/>
					</TextLine>
					<TextLine ID="P5_TL00030" HPOS="134" VPOS="2440" WIDTH="1536" HEIGHT="67">
						<String ID="P5_ST00207" HPOS="134" VPOS="2440" WIDTH="283" HEIGHT="66" CONTENT="strebungen" SUBS_TYPE="HypPart2" SUBS_CONTENT="Bestrebungen" WC="0.99" CC="0500563003"/>
						<SP ID="P5_SP00176" HPOS="417" VPOS="2506" WIDTH="30"/>
						<String ID="P5_ST00208" HPOS="447" VPOS="2445" WIDTH="204" HEIGHT="62" CONTENT="gänzlich" WC="0.99" CC="00161300"/>
						<SP ID="P5_SP00177" HPOS="651" VPOS="2507" WIDTH="30"/>
						<String ID="P5_ST00209" HPOS="681" VPOS="2463" WIDTH="51" HEIGHT="30" CONTENT="zu" WC="0.71" CC="50"/>
						<SP ID="P5_SP00178" HPOS="732" VPOS="2507" WIDTH="33"/>
						<String ID="P5_ST00210" HPOS="765" VPOS="2446" WIDTH="273" HEIGHT="57" CONTENT="übersehen," WC="0.99" CC="0744033062"/>
						<SP ID="P5_SP00179" HPOS="1038" VPOS="2507" WIDTH="32"/>
						<String ID="P5_ST00211" HPOS="1070" VPOS="2449" WIDTH="152" HEIGHT="48" CONTENT="hätten" WC="0.98" CC="206604"/>
						<SP ID="P5_SP00180" HPOS="1222" VPOS="2507" WIDTH="33"/>
						<String ID="P5_ST00212" HPOS="1255" VPOS="2451" WIDTH="116" HEIGHT="49" CONTENT="auch" WC="1.00" CC="0000"/>
						<SP ID="P5_SP00181" HPOS="1371" VPOS="2507" WIDTH="26"/>
						<String ID="P5_ST00213" HPOS="1397" VPOS="2451" WIDTH="145" HEIGHT="49" CONTENT="davon" WC="0.99" CC="01051"/>
						<SP ID="P5_SP00182" HPOS="1542" VPOS="2507" WIDTH="27"/>
						<String ID="P5_ST00214" HPOS="1569" VPOS="2453" WIDTH="101" HEIGHT="48" CONTENT="kein" WC="0.99" CC="0021"/>
					</TextLine>
					<TextLine ID="P5_TL00031" HPOS="136" VPOS="2517" WIDTH="1534" HEIGHT="68">
						<String ID="P5_ST00215" HPOS="136" VPOS="2517" WIDTH="277" HEIGHT="50" CONTENT="Aufhebens" WC="0.99" CC="200505060"/>
						<SP ID="P5_SP00183" HPOS="413" VPOS="2567" WIDTH="23"/>
						<String ID="P5_ST00216" HPOS="436" VPOS="2522" WIDTH="231" HEIGHT="63" CONTENT="gemacht," WC="1.00" CC="00020060"/>
						<SP ID="P5_SP00184" HPOS="667" VPOS="2585" WIDTH="26"/>
						<String ID="P5_ST00217" HPOS="693" VPOS="2540" WIDTH="133" HEIGHT="32" CONTENT="wenn" WC="0.98" CC="0060"/>
						<SP ID="P5_SP00185" HPOS="826" VPOS="2585" WIDTH="32"/>
						<String ID="P5_ST00218" HPOS="858" VPOS="2525" WIDTH="123" HEIGHT="48" CONTENT="nicht" WC="0.98" CC="50070"/>
						<SP ID="P5_SP00186" HPOS="981" VPOS="2585" WIDTH="30"/>
						<String ID="P5_ST00219" HPOS="1011" VPOS="2544" WIDTH="75" HEIGHT="30" CONTENT="um" WC="0.97" CC="00"/>
						<SP ID="P5_SP00187" HPOS="1086" VPOS="2585" WIDTH="24"/>
						<String ID="P5_ST00220" HPOS="1110" VPOS="2527" WIDTH="83" HEIGHT="47" CONTENT="der" WC="0.98" CC="004"/>
						<SP ID="P5_SP00188" HPOS="1193" VPOS="2585" WIDTH="23"/>
						<String ID="P5_ST00221" HPOS="1216" VPOS="2529" WIDTH="147" HEIGHT="48" CONTENT="Sache" WC="0.99" CC="13000"/>
						<SP ID="P5_SP00189" HPOS="1363" VPOS="2585" WIDTH="27"/>
						<String ID="P5_ST00222" HPOS="1390" VPOS="2530" WIDTH="148" HEIGHT="48" CONTENT="willen" WC="0.99" CC="004302"/>
						<SP ID="P5_SP00190" HPOS="1538" VPOS="2585" WIDTH="33"/>
						<String ID="P5_ST00223" HPOS="1571" VPOS="2531" WIDTH="99" HEIGHT="49" CONTENT="eine" WC="0.99" CC="0050"/>
					</TextLine>
					<TextLine ID="P5_TL00032" HPOS="135" VPOS="2597" WIDTH="1534" HEIGHT="73">
						<String ID="P5_ST00224" HPOS="135" VPOS="2604" WIDTH="151" HEIGHT="40" CONTENT="ernste" WC="0.99" CC="033050"/>
						<SP ID="P5_SP00191" HPOS="286" VPOS="2644" WIDTH="46"/>
						<String ID="P5_ST00225" HPOS="332" VPOS="2597" WIDTH="340" HEIGHT="68" CONTENT="Widerlegung" WC="0.99" CC="00054010529"/>
						<SP ID="P5_SP00192" HPOS="672" VPOS="2665" WIDTH="55"/>
						<String ID="P5_ST00226" HPOS="727" VPOS="2601" WIDTH="145" HEIGHT="48" CONTENT="seines" WC="0.99" CC="002600"/>
						<SP ID="P5_SP00193" HPOS="872" VPOS="2665" WIDTH="45"/>
						<String ID="P5_ST00227" HPOS="917" VPOS="2604" WIDTH="238" HEIGHT="48" CONTENT="Vorwurfs" WC="1.00" CC="03002005"/>
						<SP ID="P5_SP00194" HPOS="1155" VPOS="2665" WIDTH="56"/>
						<String ID="P5_ST00228" HPOS="1211" VPOS="2608" WIDTH="256" HEIGHT="62" CONTENT="gänzlicher" WC="0.99" CC="0077670734"/>
						<SP ID="P5_SP00195" HPOS="1467" VPOS="2670" WIDTH="45"/>
						<String ID="P5_ST00229" HPOS="1512" VPOS="2609" WIDTH="131" HEIGHT="47" CONTENT="Nicht" SUBS_TYPE="HypPart1" SUBS_CONTENT="Nichtbeachtung" WC="0.99" CC="00044"/>
						<HYP HPOS="1643" VPOS="2609" WIDTH="26" CONTENT="-"/>
					</TextLine>
					<TextLine ID="P5_TL00033" HPOS="138" VPOS="2675" WIDTH="1530" HEIGHT="76">
						<String ID="P5_ST00230" HPOS="138" VPOS="2675" WIDTH="261" HEIGHT="66" CONTENT="beachtung" SUBS_TYPE="HypPart2" SUBS_CONTENT="Nichtbeachtung" WC="0.98" CC="612967319"/>
						<SP ID="P5_SP00196" HPOS="399" VPOS="2741" WIDTH="29"/>
						<String ID="P5_ST00231" HPOS="428" VPOS="2677" WIDTH="275" HEIGHT="50" CONTENT="Bach'scher" WC="0.77" CC="7000014405"/>
						<SP ID="P5_SP00197" HPOS="703" VPOS="2741" WIDTH="31"/>
						<String ID="P5_ST00232" HPOS="734" VPOS="2680" WIDTH="540" HEIGHT="67" CONTENT="Vocal-Compositionen" WC="0.70" CC="0101037429102623406"/>
						<SP ID="P5_SP00198" HPOS="1274" VPOS="2747" WIDTH="42"/>
						<String ID="P5_ST00233" HPOS="1316" VPOS="2686" WIDTH="160" HEIGHT="65" CONTENT="nöthig" WC="0.64" CC="004609"/>
						<SP ID="P5_SP00199" HPOS="1476" VPOS="2751" WIDTH="40"/>
						<String ID="P5_ST00234" HPOS="1516" VPOS="2704" WIDTH="122" HEIGHT="47" CONTENT="gewe" SUBS_TYPE="HypPart1" SUBS_CONTENT="gewesen" WC="0.98" CC="9000"/>
						<HYP HPOS="1638" VPOS="2704" WIDTH="30" CONTENT="-"/>
					</TextLine>
					<TextLine ID="P5_TL00034" HPOS="133" VPOS="2756" WIDTH="1536" HEIGHT="66">
						<String ID="P5_ST00235" HPOS="133" VPOS="2769" WIDTH="78" HEIGHT="32" CONTENT="sen" SUBS_TYPE="HypPart2" SUBS_CONTENT="gewesen" WC="0.98" CC="400"/>
						<SP ID="P5_SP00200" HPOS="211" VPOS="2801" WIDTH="42"/>
						<String ID="P5_ST00236" HPOS="253" VPOS="2757" WIDTH="136" HEIGHT="46" CONTENT="wäre." WC="0.98" CC="00533"/>
						<SP ID="P5_SP00201" HPOS="389" VPOS="2803" WIDTH="64"/>
						<String ID="P5_ST00237" HPOS="453" VPOS="2756" WIDTH="104" HEIGHT="48" CONTENT="Wir" WC="0.97" CC="106"/>
						<SP ID="P5_SP00202" HPOS="557" VPOS="2804" WIDTH="40"/>
						<String ID="P5_ST00238" HPOS="597" VPOS="2757" WIDTH="202" HEIGHT="49" CONTENT="zweifeln" WC="0.99" CC="70200454"/>
						<SP ID="P5_SP00203" HPOS="799" VPOS="2806" WIDTH="45"/>
						<String ID="P5_ST00239" HPOS="844" VPOS="2760" WIDTH="123" HEIGHT="47" CONTENT="nicht" WC="0.99" CC="40500"/>
						<SP ID="P5_SP00204" HPOS="967" VPOS="2807" WIDTH="41"/>
						<String ID="P5_ST00240" HPOS="1008" VPOS="2760" WIDTH="161" HEIGHT="57" CONTENT="daran," WC="0.99" CC="007420"/>
						<SP ID="P5_SP00205" HPOS="1169" VPOS="2817" WIDTH="43"/>
						<String ID="P5_ST00241" HPOS="1212" VPOS="2762" WIDTH="103" HEIGHT="49" CONTENT="dass" WC="0.87" CC="0004"/>
						<SP ID="P5_SP00206" HPOS="1315" VPOS="2817" WIDTH="39"/>
						<String ID="P5_ST00242" HPOS="1354" VPOS="2765" WIDTH="121" HEIGHT="47" CONTENT="Herr" WC="0.97" CC="6070"/>
						<SP ID="P5_SP00207" HPOS="1475" VPOS="2817" WIDTH="32"/>
						<String ID="P5_ST00243" HPOS="1507" VPOS="2766" WIDTH="162" HEIGHT="56" CONTENT="Franz," WC="0.98" CC="431662"/>
					</TextLine>
					<TextLine ID="P5_TL00035" HPOS="134" VPOS="2830" WIDTH="1533" HEIGHT="75">
						<String ID="P5_ST00244" HPOS="134" VPOS="2830" WIDTH="219" HEIGHT="49" CONTENT="ebenfalls" WC="0.99" CC="515601000"/>
						<SP ID="P5_SP00208" HPOS="353" VPOS="2879" WIDTH="31"/>
						<String ID="P5_ST00245" HPOS="384" VPOS="2831" WIDTH="81" HEIGHT="50" CONTENT="der" WC="0.97" CC="007"/>
						<SP ID="P5_SP00209" HPOS="465" VPOS="2881" WIDTH="29"/>
						<String ID="P5_ST00246" HPOS="494" VPOS="2834" WIDTH="149" HEIGHT="49" CONTENT="Sache" WC="0.99" CC="20004"/>
						<SP ID="P5_SP00210" HPOS="643" VPOS="2883" WIDTH="43"/>
						<String ID="P5_ST00247" HPOS="686" VPOS="2851" WIDTH="179" HEIGHT="50" CONTENT="wegen," WC="0.97" CC="729563"/>
						<SP ID="P5_SP00211" HPOS="865" VPOS="2901" WIDTH="37"/>
						<String ID="P5_ST00248" HPOS="902" VPOS="2837" WIDTH="93" HEIGHT="47" CONTENT="sich" WC="0.99" CC="0005"/>
						<SP ID="P5_SP00212" HPOS="995" VPOS="2901" WIDTH="32"/>
						<String ID="P5_ST00249" HPOS="1027" VPOS="2855" WIDTH="113" HEIGHT="47" CONTENT="gern" WC="0.98" CC="0460"/>
						<SP ID="P5_SP00213" HPOS="1140" VPOS="2902" WIDTH="31"/>
						<String ID="P5_ST00250" HPOS="1171" VPOS="2856" WIDTH="80" HEIGHT="32" CONTENT="aus" WC="0.98" CC="021"/>
						<SP ID="P5_SP00214" HPOS="1251" VPOS="2902" WIDTH="31"/>
						<String ID="P5_ST00251" HPOS="1282" VPOS="2840" WIDTH="201" HEIGHT="65" CONTENT="Obigem" WC="0.98" CC="550035"/>
						<SP ID="P5_SP00215" HPOS="1483" VPOS="2905" WIDTH="47"/>
						<String ID="P5_ST00252" HPOS="1530" VPOS="2842" WIDTH="110" HEIGHT="49" CONTENT="über" SUBS_TYPE="HypPart1" SUBS_CONTENT="überzeugen" WC="0.99" CC="0040"/>
						<HYP HPOS="1640" VPOS="2842" WIDTH="27" CONTENT="-"/>
					</TextLine>
					<TextLine ID="P5_TL00036" HPOS="134" VPOS="2910" WIDTH="1535" HEIGHT="63">
						<String ID="P5_ST00253" HPOS="134" VPOS="2925" WIDTH="171" HEIGHT="48" CONTENT="zeugen" SUBS_TYPE="HypPart2" SUBS_CONTENT="überzeugen" WC="0.98" CC="602703"/>
						<SP ID="P5_SP00216" HPOS="305" VPOS="2973" WIDTH="27"/>
						<String ID="P5_ST00254" HPOS="332" VPOS="2910" WIDTH="131" HEIGHT="57" CONTENT="wird," WC="1.00" CC="00000"/>
						<SP ID="P5_SP00217" HPOS="463" VPOS="2973" WIDTH="30"/>
						<String ID="P5_ST00255" HPOS="493" VPOS="2911" WIDTH="102" HEIGHT="48" CONTENT="dass" WC="0.89" CC="0400"/>
						<SP ID="P5_SP00218" HPOS="595" VPOS="2973" WIDTH="29"/>
						<String ID="P5_ST00256" HPOS="624" VPOS="2912" WIDTH="83" HEIGHT="49" CONTENT="der" WC="0.96" CC="009"/>
						<SP ID="P5_SP00219" HPOS="707" VPOS="2973" WIDTH="27"/>
						<String ID="P5_ST00257" HPOS="734" VPOS="2915" WIDTH="89" HEIGHT="47" CONTENT="alte" WC="0.96" CC="3760"/>
						<SP ID="P5_SP00220" HPOS="823" VPOS="2973" WIDTH="23"/>
						<String ID="P5_ST00258" HPOS="846" VPOS="2916" WIDTH="123" HEIGHT="47" CONTENT="Bach" WC="0.97" CC="4407"/>
						<SP ID="P5_SP00221" HPOS="969" VPOS="2973" WIDTH="33"/>
						<String ID="P5_ST00259" HPOS="1002" VPOS="2916" WIDTH="116" HEIGHT="48" CONTENT="doch" WC="0.99" CC="0006"/>
						<SP ID="P5_SP00222" HPOS="1118" VPOS="2973" WIDTH="33"/>
						<String ID="P5_ST00260" HPOS="1151" VPOS="2919" WIDTH="116" HEIGHT="47" CONTENT="noch" WC="0.98" CC="4200"/>
						<SP ID="P5_SP00223" HPOS="1267" VPOS="2973" WIDTH="33"/>
						<String ID="P5_ST00261" HPOS="1300" VPOS="2920" WIDTH="130" HEIGHT="47" CONTENT="mehr" WC="0.97" CC="7005"/>
						<SP ID="P5_SP00224" HPOS="1430" VPOS="2973" WIDTH="26"/>
						<String ID="P5_ST00262" HPOS="1456" VPOS="2921" WIDTH="213" HEIGHT="47" CONTENT="Freunde" WC="0.99" CC="5304000"/>
					</TextLine>
					<TextLine ID="P5_TL00037" HPOS="136" VPOS="2987" WIDTH="1534" HEIGHT="76">
						<String ID="P5_ST00263" HPOS="136" VPOS="2995" WIDTH="131" HEIGHT="40" CONTENT="unter" WC="0.99" CC="35000"/>
						<SP ID="P5_SP00225" HPOS="267" VPOS="3035" WIDTH="31"/>
						<String ID="P5_ST00264" HPOS="298" VPOS="2987" WIDTH="85" HEIGHT="50" CONTENT="den" WC="0.98" CC="005"/>
						<SP ID="P5_SP00226" HPOS="383" VPOS="3037" WIDTH="42"/>
						<String ID="P5_ST00265" HPOS="425" VPOS="2991" WIDTH="344" HEIGHT="50" CONTENT="musicalischen" WC="0.99" CC="9650001000700"/>
						<SP ID="P5_SP00227" HPOS="769" VPOS="3041" WIDTH="42"/>
						<String ID="P5_ST00266" HPOS="811" VPOS="2994" WIDTH="312" HEIGHT="50" CONTENT="Journalisten" WC="0.99" CC="060420200404"/>
						<SP ID="P5_SP00228" HPOS="1123" VPOS="3044" WIDTH="38"/>
						<String ID="P5_ST00267" HPOS="1161" VPOS="2996" WIDTH="94" HEIGHT="57" CONTENT="hat," WC="0.97" CC="4063"/>
						<SP ID="P5_SP00229" HPOS="1255" VPOS="3053" WIDTH="46"/>
						<String ID="P5_ST00268" HPOS="1301" VPOS="2999" WIDTH="63" HEIGHT="47" CONTENT="als" WC="0.98" CC="022"/>
						<SP ID="P5_SP00230" HPOS="1364" VPOS="3053" WIDTH="31"/>
						<String ID="P5_ST00269" HPOS="1395" VPOS="3015" WIDTH="49" HEIGHT="32" CONTENT="er" WC="0.80" CC="03"/>
						<SP ID="P5_SP00231" HPOS="1444" VPOS="3053" WIDTH="30"/>
						<String ID="P5_ST00270" HPOS="1474" VPOS="2999" WIDTH="196" HEIGHT="64" CONTENT="gedacht" WC="1.00" CC="0000010"/>
					</TextLine>
					<TextLine ID="P5_TL00038" HPOS="133" VPOS="3063" WIDTH="464" HEIGHT="68">
						<String ID="P5_ST00271" HPOS="133" VPOS="3063" WIDTH="113" HEIGHT="51" CONTENT="oder" WC="0.99" CC="1001"/>
						<SP ID="P5_SP00232" HPOS="246" VPOS="3114" WIDTH="27"/>
						<String ID="P5_ST00272" HPOS="273" VPOS="3075" WIDTH="204" HEIGHT="56" CONTENT="gewusst" WC="0.85" CC="0004060"/>
						<SP ID="P5_SP00233" HPOS="477" VPOS="3131" WIDTH="29"/>
						<String ID="P5_ST00273" HPOS="506" VPOS="3069" WIDTH="91" HEIGHT="49" CONTENT="hat." WC="0.96" CC="6076"/>
					</TextLine>
					<TextLine ID="P5_TL00039" HPOS="247" VPOS="3145" WIDTH="1418" HEIGHT="73">
						<String ID="P5_ST00274" HPOS="247" VPOS="3145" WIDTH="115" HEIGHT="47" CONTENT="Zum" WC="1.00" CC="000"/>
						<SP ID="P5_SP00234" HPOS="362" VPOS="3192" WIDTH="25"/>
						<String ID="P5_ST00275" HPOS="387" VPOS="3145" WIDTH="213" HEIGHT="49" CONTENT="Schlüsse" WC="0.99" CC="10720000"/>
						<SP ID="P5_SP00235" HPOS="600" VPOS="3194" WIDTH="25"/>
						<String ID="P5_ST00276" HPOS="625" VPOS="3147" WIDTH="163" HEIGHT="49" CONTENT="wollen" WC="0.99" CC="020601"/>
						<SP ID="P5_SP00236" HPOS="788" VPOS="3196" WIDTH="33"/>
						<String ID="P5_ST00277" HPOS="821" VPOS="3149" WIDTH="81" HEIGHT="47" CONTENT="wir" WC="0.99" CC="003"/>
						<SP ID="P5_SP00237" HPOS="902" VPOS="3196" WIDTH="29"/>
						<String ID="P5_ST00278" HPOS="931" VPOS="3150" WIDTH="83" HEIGHT="48" CONTENT="auf" WC="0.98" CC="220"/>
						<SP ID="P5_SP00238" HPOS="1014" VPOS="3198" WIDTH="24"/>
						<String ID="P5_ST00279" HPOS="1038" VPOS="3149" WIDTH="80" HEIGHT="49" CONTENT="das" WC="1.00" CC="000"/>
						<SP ID="P5_SP00239" HPOS="1118" VPOS="3198" WIDTH="23"/>
						<String ID="P5_ST00280" HPOS="1141" VPOS="3149" WIDTH="289" HEIGHT="69" CONTENT="Magniftcat" WC="0.63" CC="0445011657" STYLEREFS="TXT_2"/>
						<SP ID="P5_SP00240" HPOS="1430" VPOS="3218" WIDTH="26"/>
						<String ID="P5_ST00281" HPOS="1456" VPOS="3169" WIDTH="84" HEIGHT="32" CONTENT="von" WC="1.00" CC="000"/>
						<SP ID="P5_SP00241" HPOS="1540" VPOS="3218" WIDTH="21"/>
						<String ID="P5_ST00282" HPOS="1561" VPOS="3154" WIDTH="104" HEIGHT="49" CONTENT="Job." WC="0.95" CC="9066"/>
					</TextLine>
					<TextLine ID="P5_TL00040" HPOS="130" VPOS="3220" WIDTH="1538" HEIGHT="62">
						<String ID="P5_ST00283" HPOS="130" VPOS="3220" WIDTH="241" HEIGHT="50" CONTENT="Sebastian" WC="0.99" CC="406506006"/>
						<SP ID="P5_SP00242" HPOS="371" VPOS="3270" WIDTH="18"/>
						<String ID="P5_ST00284" HPOS="389" VPOS="3223" WIDTH="475" HEIGHT="59" CONTENT="zurückkommen,zu" WC="1.00" CC="002500010603035"/>
						<SP ID="P5_SP00243" HPOS="864" VPOS="3282" WIDTH="17"/>
						<String ID="P5_ST00285" HPOS="881" VPOS="3226" WIDTH="156" HEIGHT="50" CONTENT="dessen" WC="0.99" CC="000352"/>
						<SP ID="P5_SP00244" HPOS="1037" VPOS="3282" WIDTH="16"/>
						<String ID="P5_ST00286" HPOS="1053" VPOS="3229" WIDTH="452" HEIGHT="50" CONTENT="Bekannterwerden" WC="0.99" CC="600376043043006"/>
						<SP ID="P5_SP00245" HPOS="1505" VPOS="3282" WIDTH="17"/>
						<String ID="P5_ST00287" HPOS="1522" VPOS="3231" WIDTH="146" HEIGHT="48" CONTENT="Franz" WC="0.96" CC="55572"/>
					</TextLine>
					<TextLine ID="P5_TL00041" HPOS="130" VPOS="3300" WIDTH="1534" HEIGHT="75">
						<String ID="P5_ST00288" HPOS="130" VPOS="3300" WIDTH="83" HEIGHT="47" CONTENT="auf" WC="0.95" CC="760"/>
						<SP ID="P5_SP00246" HPOS="213" VPOS="3347" WIDTH="34"/>
						<String ID="P5_ST00289" HPOS="247" VPOS="3301" WIDTH="537" HEIGHT="67" CONTENT="anerkennungswerthe" WC="0.74" CC="164300260690000500"/>
						<SP ID="P5_SP00247" HPOS="784" VPOS="3368" WIDTH="36"/>
						<String ID="P5_ST00290" HPOS="820" VPOS="3305" WIDTH="157" HEIGHT="49" CONTENT="Weise" WC="0.99" CC="00060"/>
						<SP ID="P5_SP00248" HPOS="977" VPOS="3368" WIDTH="39"/>
						<String ID="P5_ST00291" HPOS="1016" VPOS="3306" WIDTH="296" HEIGHT="66" CONTENT="beigetragen" WC="1.00" CC="40203640000"/>
						<SP ID="P5_SP00249" HPOS="1312" VPOS="3372" WIDTH="33"/>
						<String ID="P5_ST00292" HPOS="1345" VPOS="3309" WIDTH="94" HEIGHT="59" CONTENT="hat," WC="0.95" CC="6564"/>
						<SP ID="P5_SP00250" HPOS="1439" VPOS="3372" WIDTH="42"/>
						<String ID="P5_ST00293" HPOS="1481" VPOS="3326" WIDTH="92" HEIGHT="32" CONTENT="was" WC="0.97" CC="015"/>
						<SP ID="P5_SP00251" HPOS="1573" VPOS="3372" WIDTH="24"/>
						<String ID="P5_ST00294" HPOS="1597" VPOS="3311" WIDTH="45" HEIGHT="64" CONTENT="je" SUBS_TYPE="HypPart1" SUBS_CONTENT="jedenfalls" WC="0.96" CC="44"/>
						<HYP HPOS="1642" VPOS="3311" WIDTH="22" CONTENT="-"/>
					</TextLine>
					<TextLine ID="P5_TL00042" HPOS="131" VPOS="3376" WIDTH="1537" HEIGHT="75">
						<String ID="P5_ST00295" HPOS="131" VPOS="3376" WIDTH="189" HEIGHT="51" CONTENT="denfalls" SUBS_TYPE="HypPart2" SUBS_CONTENT="jedenfalls" WC="0.99" CC="00444750"/>
						<SP ID="P5_SP00252" HPOS="320" VPOS="3427" WIDTH="26"/>
						<String ID="P5_ST00296" HPOS="346" VPOS="3380" WIDTH="71" HEIGHT="48" CONTENT="ein" WC="0.96" CC="065"/>
						<SP ID="P5_SP00253" HPOS="417" VPOS="3428" WIDTH="27"/>
						<String ID="P5_ST00297" HPOS="444" VPOS="3381" WIDTH="270" HEIGHT="49" CONTENT="Fortschritt" WC="0.99" CC="54050030066"/>
						<SP ID="P5_SP00254" HPOS="714" VPOS="3430" WIDTH="28"/>
						<String ID="P5_ST00298" HPOS="742" VPOS="3400" WIDTH="52" HEIGHT="30" CONTENT="zu" WC="0.70" CC="50"/>
						<SP ID="P5_SP00255" HPOS="794" VPOS="3430" WIDTH="27"/>
						<String ID="P5_ST00299" HPOS="821" VPOS="3385" WIDTH="209" HEIGHT="48" CONTENT="weiterer" WC="1.00" CC="00030006"/>
						<SP ID="P5_SP00256" HPOS="1030" VPOS="3433" WIDTH="26"/>
						<String ID="P5_ST00300" HPOS="1056" VPOS="3385" WIDTH="311" HEIGHT="66" CONTENT="Verbreitung" WC="0.99" CC="00925016070"/>
						<SP ID="P5_SP00257" HPOS="1367" VPOS="3451" WIDTH="28"/>
						<String ID="P5_ST00301" HPOS="1395" VPOS="3387" WIDTH="273" HEIGHT="50" CONTENT="Bach'scher" WC="0.70" CC="6206050304"/>
					</TextLine>
					<TextLine ID="P5_TL00043" HPOS="133" VPOS="3455" WIDTH="1532" HEIGHT="76">
						<String ID="P5_ST00302" HPOS="133" VPOS="3455" WIDTH="148" HEIGHT="49" CONTENT="Musik" WC="0.99" CC="01530"/>
						<SP ID="P5_SP00258" HPOS="281" VPOS="3504" WIDTH="31"/>
						<String ID="P5_ST00303" HPOS="312" VPOS="3457" WIDTH="71" HEIGHT="59" CONTENT="ist," WC="0.97" CC="2162"/>
						<SP ID="P5_SP00259" HPOS="383" VPOS="3516" WIDTH="29"/>
						<String ID="P5_ST00304" HPOS="412" VPOS="3460" WIDTH="149" HEIGHT="48" CONTENT="zumal" WC="0.98" CC="70205"/>
						<SP ID="P5_SP00260" HPOS="561" VPOS="3516" WIDTH="31"/>
						<String ID="P5_ST00305" HPOS="592" VPOS="3460" WIDTH="57" HEIGHT="48" CONTENT="da" WC="0.77" CC="04"/>
						<SP ID="P5_SP00261" HPOS="649" VPOS="3516" WIDTH="28"/>
						<String ID="P5_ST00306" HPOS="677" VPOS="3477" WIDTH="93" HEIGHT="32" CONTENT="nun" WC="1.00" CC="000"/>
						<SP ID="P5_SP00262" HPOS="770" VPOS="3516" WIDTH="32"/>
						<String ID="P5_ST00307" HPOS="802" VPOS="3462" WIDTH="114" HEIGHT="48" CONTENT="auch" WC="1.00" CC="0001"/>
						<SP ID="P5_SP00263" HPOS="916" VPOS="3516" WIDTH="29"/>
						<String ID="P5_ST00308" HPOS="945" VPOS="3462" WIDTH="524" HEIGHT="69" CONTENT="Clavier-Auszüge" WC="0.80" CC="434000243006000"/>
						<SP ID="P5_SP00264" HPOS="1469" VPOS="3531" WIDTH="31"/>
						<String ID="P5_ST00309" HPOS="1500" VPOS="3465" WIDTH="142" HEIGHT="49" CONTENT="dessel" SUBS_TYPE="HypPart1" SUBS_CONTENT="desselben,.von" WC="1.00" CC="000000"/>
						<HYP HPOS="1642" VPOS="3465" WIDTH="23" CONTENT="-"/>
					</TextLine>
					<TextLine ID="P5_TL00044" HPOS="134" VPOS="3531" WIDTH="1531" HEIGHT="75">
						<String ID="P5_ST00310" HPOS="134" VPOS="3531" WIDTH="219" HEIGHT="62" CONTENT="ben,.von" SUBS_TYPE="HypPart2" SUBS_CONTENT="desselben,.von" WC="0.99" CC="50717000"/>
						<SP ID="P5_SP00265" HPOS="353" VPOS="3593" WIDTH="32"/>
						<String ID="P5_ST00311" HPOS="385" VPOS="3537" WIDTH="132" HEIGHT="50" CONTENT="Rob." WC="0.72" CC="0441"/>
						<SP ID="P5_SP00266" HPOS="517" VPOS="3593" WIDTH="36"/>
						<String ID="P5_ST00312" HPOS="553" VPOS="3538" WIDTH="181" HEIGHT="49" CONTENT="Franz" WC="0.99" CC="30006"/>
						<SP ID="P5_SP00267" HPOS="734" VPOS="3593" WIDTH="31"/>
						<String ID="P5_ST00313" HPOS="765" VPOS="3540" WIDTH="138" HEIGHT="48" CONTENT="selbst" WC="0.98" CC="035540"/>
						<SP ID="P5_SP00268" HPOS="903" VPOS="3593" WIDTH="31"/>
						<String ID="P5_ST00314" HPOS="934" VPOS="3540" WIDTH="226" HEIGHT="66" CONTENT="(Breslau," WC="0.99" CC="170011300"/>
						<SP ID="P5_SP00269" HPOS="1160" VPOS="3606" WIDTH="32"/>
						<String ID="P5_ST00315" HPOS="1192" VPOS="3541" WIDTH="68" HEIGHT="48" CONTENT="bei" WC="0.96" CC="270"/>
						<SP ID="P5_SP00270" HPOS="1260" VPOS="3606" WIDTH="31"/>
						<String ID="P5_ST00316" HPOS="1291" VPOS="3542" WIDTH="346" HEIGHT="51" CONTENT="Leuckart-San" SUBS_TYPE="HypPart1" SUBS_CONTENT="Leuckart-Sander)" WC="0.83" CC="000004060007"/>
						<HYP HPOS="1637" VPOS="3542" WIDTH="28" CONTENT="-"/>
					</TextLine>
					<TextLine ID="P5_TL00045" HPOS="129" VPOS="3610" WIDTH="1539" HEIGHT="77">
						<String ID="P5_ST00317" HPOS="129" VPOS="3610" WIDTH="100" HEIGHT="66" CONTENT="der)" SUBS_TYPE="HypPart2" SUBS_CONTENT="Leuckart-Sander)" WC="0.85" CC="0050"/>
						<SP ID="P5_SP00271" HPOS="229" VPOS="3676" WIDTH="47"/>
						<String ID="P5_ST00318" HPOS="276" VPOS="3613" WIDTH="93" HEIGHT="49" CONTENT="und" WC="0.97" CC="060"/>
						<SP ID="P5_SP00272" HPOS="369" VPOS="3676" WIDTH="39"/>
						<String ID="P5_ST00319" HPOS="408" VPOS="3631" WIDTH="84" HEIGHT="33" CONTENT="von" WC="0.98" CC="040"/>
						<SP ID="P5_SP00273" HPOS="492" VPOS="3676" WIDTH="41"/>
						<String ID="P5_ST00320" HPOS="533" VPOS="3617" WIDTH="157" HEIGHT="64" CONTENT="Hugo" WC="0.98" CC="0206"/>
						<SP ID="P5_SP00274" HPOS="690" VPOS="3681" WIDTH="34"/>
						<String ID="P5_ST00321" HPOS="724" VPOS="3617" WIDTH="193" HEIGHT="50" CONTENT="Ulrich" WC="0.98" CC="573006"/>
						<SP ID="P5_SP00275" HPOS="917" VPOS="3681" WIDTH="42"/>
						<String ID="P5_ST00322" HPOS="959" VPOS="3618" WIDTH="219" HEIGHT="65" CONTENT="(Leipzig," WC="0.99" CC="400006004"/>
						<SP ID="P5_SP00276" HPOS="1178" VPOS="3683" WIDTH="30"/>
						<String ID="P5_ST00323" HPOS="1208" VPOS="3618" WIDTH="70" HEIGHT="49" CONTENT="bei" WC="0.98" CC="600"/>
						<SP ID="P5_SP00277" HPOS="1278" VPOS="3683" WIDTH="33"/>
						<String ID="P5_ST00324" HPOS="1311" VPOS="3621" WIDTH="48" HEIGHT="48" CONTENT="C." WC="0.81" CC="30"/>
						<SP ID="P5_SP00278" HPOS="1359" VPOS="3683" WIDTH="33"/>
						<String ID="P5_ST00325" HPOS="1392" VPOS="3621" WIDTH="51" HEIGHT="49" CONTENT="F." WC="0.85" CC="02"/>
						<SP ID="P5_SP00279" HPOS="1443" VPOS="3683" WIDTH="32"/>
						<String ID="P5_ST00326" HPOS="1475" VPOS="3621" WIDTH="193" HEIGHT="66" CONTENT="Peters)," WC="0.99" CC="00002704"/>
					</TextLine>
					<TextLine ID="P5_TL00046" HPOS="131" VPOS="3687" WIDTH="1533" HEIGHT="76">
						<String ID="P5_ST00327" HPOS="131" VPOS="3687" WIDTH="132" HEIGHT="51" CONTENT="beide" WC="0.99" CC="70000"/>
						<SP ID="P5_SP00280" HPOS="263" VPOS="3738" WIDTH="23"/>
						<String ID="P5_ST00328" HPOS="286" VPOS="3709" WIDTH="54" HEIGHT="30" CONTENT="zu" WC="0.86" CC="20"/>
						<SP ID="P5_SP00281" HPOS="340" VPOS="3739" WIDTH="25"/>
						<String ID="P5_ST00329" HPOS="365" VPOS="3692" WIDTH="103" HEIGHT="50" CONTENT="dem" WC="0.98" CC="006"/>
						<SP ID="P5_SP00282" HPOS="468" VPOS="3742" WIDTH="26"/>
						<String ID="P5_ST00330" HPOS="494" VPOS="3695" WIDTH="221" HEIGHT="64" CONTENT="mässigen" WC="0.85" CC="00510005"/>
						<SP ID="P5_SP00283" HPOS="715" VPOS="3759" WIDTH="21"/>
						<String ID="P5_ST00331" HPOS="736" VPOS="3696" WIDTH="152" HEIGHT="47" CONTENT="Preise" WC="1.00" CC="040000"/>
						<SP ID="P5_SP00284" HPOS="888" VPOS="3759" WIDTH="19"/>
						<String ID="P5_ST00332" HPOS="907" VPOS="3714" WIDTH="83" HEIGHT="31" CONTENT="von" WC="0.94" CC="825"/>
						<SP ID="P5_SP00285" HPOS="990" VPOS="3759" WIDTH="25"/>
						<String ID="P5_ST00333" HPOS="1015" VPOS="3695" WIDTH="13" HEIGHT="26" CONTENT="J" STYLE="superscript" WC="0.34" CC="6"/>
						<String ID="P5_ST00334" HPOS="1035" VPOS="3712" WIDTH="44" HEIGHT="51" CONTENT="/2" WC="0.26" CC="68"/>
						<SP ID="P5_SP00286" HPOS="1079" VPOS="3763" WIDTH="23"/>
						<String ID="P5_ST00335" HPOS="1102" VPOS="3697" WIDTH="142" HEIGHT="57" CONTENT="Thlr.," WC="0.81" CC="060110"/>
						<SP ID="P5_SP00287" HPOS="1244" VPOS="3763" WIDTH="23"/>
						<String ID="P5_ST00336" HPOS="1267" VPOS="3698" WIDTH="266" HEIGHT="50" CONTENT="erschienen" WC="1.00" CC="0000040207"/>
						<SP ID="P5_SP00288" HPOS="1533" VPOS="3763" WIDTH="18"/>
						<String ID="P5_ST00337" HPOS="1551" VPOS="3700" WIDTH="113" HEIGHT="48" CONTENT="sind." WC="0.98" CC="60600"/>
					</TextLine>
					<TextLine ID="P5_TL00047" HPOS="247" VPOS="3770" WIDTH="1417" HEIGHT="64">
						<String ID="P5_ST00338" HPOS="247" VPOS="3770" WIDTH="106" HEIGHT="48" CONTENT="Nun" WC="0.95" CC="470"/>
						<SP ID="P5_SP00289" HPOS="353" VPOS="3818" WIDTH="32"/>
						<String ID="P5_ST00339" HPOS="385" VPOS="3771" WIDTH="55" HEIGHT="48" CONTENT="ist" WC="1.00" CC="000"/>
						<SP ID="P5_SP00290" HPOS="440" VPOS="3819" WIDTH="30"/>
						<String ID="P5_ST00340" HPOS="470" VPOS="3772" WIDTH="111" HEIGHT="48" CONTENT="aber" WC="0.98" CC="0305"/>
						<SP ID="P5_SP00291" HPOS="581" VPOS="3820" WIDTH="30"/>
						<String ID="P5_ST00341" HPOS="611" VPOS="3790" WIDTH="84" HEIGHT="32" CONTENT="von" WC="0.94" CC="655"/>
						<SP ID="P5_SP00292" HPOS="695" VPOS="3822" WIDTH="34"/>
						<String ID="P5_ST00342" HPOS="729" VPOS="3773" WIDTH="183" HEIGHT="50" CONTENT="Johann" WC="0.97" CC="946008"/>
						<SP ID="P5_SP00293" HPOS="912" VPOS="3823" WIDTH="32"/>
						<String ID="P5_ST00343" HPOS="944" VPOS="3775" WIDTH="279" HEIGHT="48" CONTENT="Sebastian's" WC="0.57" CC="40745615720"/>
						<SP ID="P5_SP00294" HPOS="1223" VPOS="3823" WIDTH="32"/>
						<String ID="P5_ST00344" HPOS="1255" VPOS="3777" WIDTH="206" HEIGHT="48" CONTENT="zweitem" WC="0.99" CC="2002600"/>
						<SP ID="P5_SP00295" HPOS="1461" VPOS="3825" WIDTH="33"/>
						<String ID="P5_ST00345" HPOS="1494" VPOS="3778" WIDTH="170" HEIGHT="56" CONTENT="Sohne," WC="0.99" CC="633000"/>
					</TextLine>
					<TextLine ID="P5_TL00048" HPOS="130" VPOS="3844" WIDTH="1219" HEIGHT="72">
						<String ID="P5_ST00346" HPOS="130" VPOS="3844" WIDTH="137" HEIGHT="50" CONTENT="Karl" WC="0.99" CC="0004"/>
						<SP ID="P5_SP00296" HPOS="267" VPOS="3894" WIDTH="46"/>
						<String ID="P5_ST00347" HPOS="313" VPOS="3848" WIDTH="226" HEIGHT="68" CONTENT="Philipp" WC="0.99" CC="0105280"/>
						<SP ID="P5_SP00297" HPOS="539" VPOS="3916" WIDTH="46"/>
						<String ID="P5_ST00348" HPOS="585" VPOS="3852" WIDTH="274" HEIGHT="48" CONTENT="Emanuel" WC="0.72" CC="1852100"/>
						<SP ID="P5_SP00298" HPOS="859" VPOS="3916" WIDTH="41"/>
						<String ID="P5_ST00349" HPOS="900" VPOS="3852" WIDTH="177" HEIGHT="56" CONTENT="Bach," WC="0.99" CC="50000"/>
						<SP ID="P5_SP00299" HPOS="1077" VPOS="3916" WIDTH="44"/>
						<String ID="P5_ST00350" HPOS="1121" VPOS="3853" WIDTH="116" HEIGHT="49" CONTENT="auch" WC="1.00" CC="0000"/>
						<SP ID="P5_SP00300" HPOS="1237" VPOS="3916" WIDTH="42"/>
						<String ID="P5_ST00351" HPOS="1279" VPOS="3855" WIDTH="70" HEIGHT="48" CONTENT="ein" WC="0.98" CC="005"/>
					</TextLine>
					<TextLine ID="P5_TL00049" HPOS="129" VPOS="3923" WIDTH="1535" HEIGHT="73">
						<String ID="P5_ST00352" HPOS="129" VPOS="3923" WIDTH="282" HEIGHT="60" CONTENT="vorhanden," WC="1.00" CC="8000030000"/>
						<SP ID="P5_SP00301" HPOS="411" VPOS="3983" WIDTH="31"/>
						<String ID="P5_ST00353" HPOS="442" VPOS="3927" WIDTH="79" HEIGHT="50" CONTENT="das" WC="0.99" CC="003"/>
						<SP ID="P5_SP00302" HPOS="521" VPOS="3983" WIDTH="26"/>
						<String ID="P5_ST00354" HPOS="547" VPOS="3928" WIDTH="111" HEIGHT="50" CONTENT="aber" WC="0.99" CC="0300"/>
						<SP ID="P5_SP00303" HPOS="658" VPOS="3983" WIDTH="23"/>
						<String ID="P5_ST00355" HPOS="681" VPOS="3930" WIDTH="116" HEIGHT="49" CONTENT="eben" WC="0.99" CC="1100"/>
						<SP ID="P5_SP00304" HPOS="797" VPOS="3983" WIDTH="24"/>
						<String ID="P5_ST00356" HPOS="821" VPOS="3947" WIDTH="48" HEIGHT="32" CONTENT="so" WC="0.85" CC="02"/>
						<SP ID="P5_SP00305" HPOS="869" VPOS="3983" WIDTH="27"/>
						<String ID="P5_ST00357" HPOS="896" VPOS="3931" WIDTH="147" HEIGHT="65" CONTENT="wenig" WC="0.99" CC="01700"/>
						<SP ID="P5_SP00306" HPOS="1043" VPOS="3996" WIDTH="26"/>
						<String ID="P5_ST00358" HPOS="1069" VPOS="3931" WIDTH="201" HEIGHT="49" CONTENT="bekannt" WC="0.99" CC="3000700"/>
						<SP ID="P5_SP00307" HPOS="1270" VPOS="3996" WIDTH="23"/>
						<String ID="P5_ST00359" HPOS="1293" VPOS="3933" WIDTH="70" HEIGHT="58" CONTENT="ist," WC="0.99" CC="0060"/>
						<SP ID="P5_SP00308" HPOS="1363" VPOS="3996" WIDTH="32"/>
						<String ID="P5_ST00360" HPOS="1395" VPOS="3933" WIDTH="85" HEIGHT="49" CONTENT="wie" WC="1.00" CC="000"/>
						<SP ID="P5_SP00309" HPOS="1480" VPOS="3996" WIDTH="30"/>
						<String ID="P5_ST00361" HPOS="1510" VPOS="3933" WIDTH="154" HEIGHT="50" CONTENT="bisher" WC="0.98" CC="720104"/>
					</TextLine>
					<TextLine ID="P5_TL00050" HPOS="129" VPOS="3998" WIDTH="1535" HEIGHT="67">
						<String ID="P5_ST00362" HPOS="129" VPOS="3998" WIDTH="80" HEIGHT="50" CONTENT="das" WC="0.98" CC="060"/>
						<SP ID="P5_SP00310" HPOS="209" VPOS="4048" WIDTH="30"/>
						<String ID="P5_ST00363" HPOS="239" VPOS="4018" WIDTH="83" HEIGHT="32" CONTENT="von" WC="0.98" CC="040"/>
						<SP ID="P5_SP00311" HPOS="322" VPOS="4050" WIDTH="30"/>
						<String ID="P5_ST00364" HPOS="352" VPOS="4005" WIDTH="170" HEIGHT="49" CONTENT="seinem" WC="0.99" CC="100600"/>
						<SP ID="P5_SP00312" HPOS="522" VPOS="4054" WIDTH="36"/>
						<String ID="P5_ST00365" HPOS="558" VPOS="4007" WIDTH="141" HEIGHT="48" CONTENT="Vater" WC="0.99" CC="05030"/>
						<SP ID="P5_SP00313" HPOS="699" VPOS="4055" WIDTH="30"/>
						<String ID="P5_ST00366" HPOS="729" VPOS="4025" WIDTH="112" HEIGHT="40" CONTENT="war," WC="0.99" CC="0030"/>
						<SP ID="P5_SP00314" HPOS="841" VPOS="4065" WIDTH="46"/>
						<String ID="P5_ST00367" HPOS="887" VPOS="4008" WIDTH="88" HEIGHT="49" CONTENT="und" WC="0.98" CC="500"/>
						<SP ID="P5_SP00315" HPOS="975" VPOS="4065" WIDTH="45"/>
						<String ID="P5_ST00368" HPOS="1020" VPOS="4010" WIDTH="70" HEIGHT="47" CONTENT="die" WC="1.00" CC="000"/>
						<SP ID="P5_SP00316" HPOS="1090" VPOS="4065" WIDTH="41"/>
						<String ID="P5_ST00369" HPOS="1131" VPOS="4008" WIDTH="421" HEIGHT="51" CONTENT="Aufmerksamkeit" WC="0.99" CC="03700407390106"/>
						<SP ID="P5_SP00317" HPOS="1552" VPOS="4065" WIDTH="31"/>
						<String ID="P5_ST00370" HPOS="1583" VPOS="4012" WIDTH="81" HEIGHT="48" CONTENT="der" WC="0.98" CC="005"/>
					</TextLine>
					<TextLine ID="P5_TL00051" HPOS="130" VPOS="4077" WIDTH="1530" HEIGHT="62">
						<String ID="P5_ST00371" HPOS="130" VPOS="4077" WIDTH="203" HEIGHT="52" CONTENT="Musiker" WC="0.99" CC="0601004"/>
						<SP ID="P5_SP00318" HPOS="333" VPOS="4129" WIDTH="32"/>
						<String ID="P5_ST00372" HPOS="365" VPOS="4082" WIDTH="90" HEIGHT="50" CONTENT="und" WC="0.96" CC="640"/>
						<SP ID="P5_SP00319" HPOS="455" VPOS="4132" WIDTH="33"/>
						<String ID="P5_ST00373" HPOS="488" VPOS="4085" WIDTH="334" HEIGHT="50" CONTENT="Musikvereine" WC="1.00" CC="000000051040"/>
						<SP ID="P5_SP00320" HPOS="822" VPOS="4135" WIDTH="31"/>
						<String ID="P5_ST00374" HPOS="853" VPOS="4086" WIDTH="114" HEIGHT="51" CONTENT="doch" WC="1.00" CC="0000"/>
						<SP ID="P5_SP00321" HPOS="967" VPOS="4137" WIDTH="30"/>
						<String ID="P5_ST00375" HPOS="997" VPOS="4088" WIDTH="44" HEIGHT="49" CONTENT="in" WC="1.00" CC="00"/>
						<SP ID="P5_SP00322" HPOS="1041" VPOS="4137" WIDTH="33"/>
						<String ID="P5_ST00376" HPOS="1074" VPOS="4086" WIDTH="165" HEIGHT="51" CONTENT="hohem" WC="0.97" CC="73506"/>
						<SP ID="P5_SP00323" HPOS="1239" VPOS="4137" WIDTH="28"/>
						<String ID="P5_ST00377" HPOS="1267" VPOS="4088" WIDTH="153" HEIGHT="50" CONTENT="Grade" WC="1.00" CC="00000"/>
						<SP ID="P5_SP00324" HPOS="1420" VPOS="4138" WIDTH="24"/>
						<String ID="P5_ST00378" HPOS="1444" VPOS="4090" WIDTH="216" HEIGHT="49" CONTENT="verdient." WC="0.99" CC="804000760"/>
					</TextLine>
				</TextBlock>
				<TextBlock ID="P5_TB00003" HPOS="1768" VPOS="290" WIDTH="1532" HEIGHT="3329" STYLEREFS="TXT_1 PAR_BLOCK">
					<TextLine ID="P5_TL00052" HPOS="1891" VPOS="290" WIDTH="1397" HEIGHT="68">
						<String ID="P5_ST00379" HPOS="1891" VPOS="290" WIDTH="129" HEIGHT="45" CONTENT="Auch" WC="0.96" CC="5049"/>
						<SP ID="P5_SP00325" HPOS="2020" VPOS="335" WIDTH="35"/>
						<String ID="P5_ST00380" HPOS="2055" VPOS="306" WIDTH="80" HEIGHT="32" CONTENT="von" WC="0.96" CC="037"/>
						<SP ID="P5_SP00326" HPOS="2135" VPOS="338" WIDTH="32"/>
						<String ID="P5_ST00381" HPOS="2167" VPOS="294" WIDTH="55" HEIGHT="48" CONTENT="K." WC="0.75" CC="05"/>
						<SP ID="P5_SP00327" HPOS="2222" VPOS="342" WIDTH="33"/>
						<String ID="P5_ST00382" HPOS="2255" VPOS="295" WIDTH="133" HEIGHT="49" CONTENT="Phil." WC="0.98" CC="03264"/>
						<SP ID="P5_SP00328" HPOS="2388" VPOS="344" WIDTH="42"/>
						<String ID="P5_ST00383" HPOS="2430" VPOS="297" WIDTH="270" HEIGHT="50" CONTENT="Lmanuel" WC="0.39" CC="8967062"/>
						<SP ID="P5_SP00329" HPOS="2700" VPOS="347" WIDTH="45"/>
						<String ID="P5_ST00384" HPOS="2745" VPOS="301" WIDTH="143" HEIGHT="48" CONTENT="Bach" WC="0.97" CC="9003"/>
						<SP ID="P5_SP00330" HPOS="2888" VPOS="349" WIDTH="42"/>
						<String ID="P5_ST00385" HPOS="2930" VPOS="302" WIDTH="115" HEIGHT="51" CONTENT="kann" WC="0.94" CC="9088"/>
						<SP ID="P5_SP00331" HPOS="3045" VPOS="353" WIDTH="34"/>
						<String ID="P5_ST00386" HPOS="3079" VPOS="324" WIDTH="100" HEIGHT="32" CONTENT="man" WC="0.94" CC="078"/>
						<SP ID="P5_SP00332" HPOS="3179" VPOS="356" WIDTH="33"/>
						<String ID="P5_ST00387" HPOS="3212" VPOS="311" WIDTH="76" HEIGHT="47" CONTENT="mit" WC="0.98" CC="040"/>
					</TextLine>
					<TextLine ID="P5_TL00053" HPOS="1775" VPOS="367" WIDTH="1510" HEIGHT="76">
						<String ID="P5_ST00388" HPOS="1775" VPOS="367" WIDTH="114" HEIGHT="45" CONTENT="noch" WC="0.94" CC="8677"/>
						<SP ID="P5_SP00333" HPOS="1889" VPOS="412" WIDTH="33"/>
						<String ID="P5_ST00389" HPOS="1922" VPOS="370" WIDTH="253" HEIGHT="58" CONTENT="grösserem" WC="0.98" CC="076577770"/>
						<SP ID="P5_SP00334" HPOS="2175" VPOS="428" WIDTH="34"/>
						<String ID="P5_ST00390" HPOS="2209" VPOS="372" WIDTH="171" HEIGHT="49" CONTENT="Rechte" WC="0.97" CC="770777"/>
						<SP ID="P5_SP00335" HPOS="2380" VPOS="428" WIDTH="42"/>
						<String ID="P5_ST00391" HPOS="2422" VPOS="375" WIDTH="63" HEIGHT="46" CONTENT="als" WC="0.95" CC="706"/>
						<SP ID="P5_SP00336" HPOS="2485" VPOS="428" WIDTH="39"/>
						<String ID="P5_ST00392" HPOS="2524" VPOS="391" WIDTH="80" HEIGHT="32" CONTENT="von" WC="0.96" CC="037"/>
						<SP ID="P5_SP00337" HPOS="2604" VPOS="428" WIDTH="37"/>
						<String ID="P5_ST00393" HPOS="2641" VPOS="377" WIDTH="178" HEIGHT="49" CONTENT="Johann" WC="0.96" CC="807988"/>
						<SP ID="P5_SP00338" HPOS="2819" VPOS="428" WIDTH="31"/>
						<String ID="P5_ST00394" HPOS="2850" VPOS="381" WIDTH="235" HEIGHT="51" CONTENT="Sebastian" WC="0.98" CC="672706077"/>
						<SP ID="P5_SP00339" HPOS="3085" VPOS="432" WIDTH="46"/>
						<String ID="P5_ST00395" HPOS="3131" VPOS="402" WIDTH="154" HEIGHT="41" CONTENT="sagen," WC="0.97" CC="671772"/>
					</TextLine>
					<TextLine ID="P5_TL00054" HPOS="1776" VPOS="441" WIDTH="1511" HEIGHT="84">
						<String ID="P5_ST00396" HPOS="1776" VPOS="441" WIDTH="99" HEIGHT="48" CONTENT="dass" WC="0.52" CC="9440"/>
						<SP ID="P5_SP00340" HPOS="1875" VPOS="489" WIDTH="39"/>
						<String ID="P5_ST00397" HPOS="1914" VPOS="443" WIDTH="93" HEIGHT="47" CONTENT="sein" WC="0.98" CC="0016"/>
						<SP ID="P5_SP00341" HPOS="2007" VPOS="490" WIDTH="34"/>
						<String ID="P5_ST00398" HPOS="2041" VPOS="446" WIDTH="144" HEIGHT="48" CONTENT="Name" WC="1.00" CC="0000"/>
						<SP ID="P5_SP00342" HPOS="2185" VPOS="494" WIDTH="44"/>
						<String ID="P5_ST00399" HPOS="2229" VPOS="450" WIDTH="129" HEIGHT="47" CONTENT="mehr" WC="0.98" CC="0470"/>
						<SP ID="P5_SP00343" HPOS="2358" VPOS="497" WIDTH="35"/>
						<String ID="P5_ST00400" HPOS="2393" VPOS="460" WIDTH="217" HEIGHT="53" CONTENT="genannt," WC="0.98" CC="90657750"/>
						<SP ID="P5_SP00344" HPOS="2610" VPOS="513" WIDTH="43"/>
						<String ID="P5_ST00401" HPOS="2653" VPOS="455" WIDTH="63" HEIGHT="46" CONTENT="als" WC="0.96" CC="620"/>
						<SP ID="P5_SP00345" HPOS="2716" VPOS="513" WIDTH="42"/>
						<String ID="P5_ST00402" HPOS="2758" VPOS="456" WIDTH="120" HEIGHT="47" CONTENT="seine" WC="1.00" CC="30000"/>
						<SP ID="P5_SP00346" HPOS="2878" VPOS="513" WIDTH="45"/>
						<String ID="P5_ST00403" HPOS="2923" VPOS="459" WIDTH="364" HEIGHT="66" CONTENT="Compositionen" WC="0.70" CC="6490400002703"/>
					</TextLine>
					<TextLine ID="P5_TL00055" HPOS="1775" VPOS="516" WIDTH="1515" HEIGHT="75">
						<String ID="P5_ST00404" HPOS="1775" VPOS="516" WIDTH="203" HEIGHT="51" CONTENT="bekannt" WC="0.98" CC="7000885"/>
						<SP ID="P5_SP00347" HPOS="1978" VPOS="567" WIDTH="28"/>
						<String ID="P5_ST00405" HPOS="2006" VPOS="521" WIDTH="119" HEIGHT="48" CONTENT="sind:" WC="0.99" CC="00600"/>
						<SP ID="P5_SP00348" HPOS="2125" VPOS="569" WIDTH="41"/>
						<String ID="P5_ST00406" HPOS="2166" VPOS="523" WIDTH="117" HEIGHT="49" CONTENT="denn" WC="0.96" CC="0568"/>
						<SP ID="P5_SP00349" HPOS="2283" VPOS="572" WIDTH="31"/>
						<String ID="P5_ST00407" HPOS="2314" VPOS="542" WIDTH="130" HEIGHT="31" CONTENT="wenn" WC="0.97" CC="0085"/>
						<SP ID="P5_SP00350" HPOS="2444" VPOS="573" WIDTH="32"/>
						<String ID="P5_ST00408" HPOS="2476" VPOS="529" WIDTH="142" HEIGHT="62" CONTENT="gleich" WC="0.98" CC="023095"/>
						<SP ID="P5_SP00351" HPOS="2618" VPOS="591" WIDTH="32"/>
						<String ID="P5_ST00409" HPOS="2650" VPOS="546" WIDTH="82" HEIGHT="32" CONTENT="von" WC="0.98" CC="040"/>
						<SP ID="P5_SP00352" HPOS="2732" VPOS="591" WIDTH="31"/>
						<String ID="P5_ST00410" HPOS="2763" VPOS="532" WIDTH="150" HEIGHT="49" CONTENT="seinen" WC="0.98" CC="900008"/>
						<SP ID="P5_SP00353" HPOS="2913" VPOS="591" WIDTH="34"/>
						<String ID="P5_ST00411" HPOS="2947" VPOS="536" WIDTH="343" HEIGHT="51" CONTENT="Ciaviersachen" WC="0.99" CC="4033160600607"/>
					</TextLine>
					<TextLine ID="P5_TL00056" HPOS="1776" VPOS="596" WIDTH="1514" HEIGHT="70">
						<String ID="P5_ST00412" HPOS="1776" VPOS="596" WIDTH="147" HEIGHT="48" CONTENT="Vieles" WC="1.00" CC="000000"/>
						<SP ID="P5_SP00354" HPOS="1923" VPOS="644" WIDTH="26"/>
						<String ID="P5_ST00413" HPOS="1949" VPOS="600" WIDTH="270" HEIGHT="62" CONTENT="wenigstens" WC="1.00" CC="0060004030"/>
						<SP ID="P5_SP00355" HPOS="2219" VPOS="662" WIDTH="29"/>
						<String ID="P5_ST00414" HPOS="2248" VPOS="603" WIDTH="84" HEIGHT="47" CONTENT="den" WC="0.98" CC="006"/>
						<SP ID="P5_SP00356" HPOS="2332" VPOS="662" WIDTH="24"/>
						<String ID="P5_ST00415" HPOS="2356" VPOS="605" WIDTH="231" HEIGHT="48" CONTENT="Musikern" WC="1.00" CC="00100000"/>
						<SP ID="P5_SP00357" HPOS="2587" VPOS="662" WIDTH="32"/>
						<String ID="P5_ST00416" HPOS="2619" VPOS="609" WIDTH="121" HEIGHT="47" CONTENT="nicht" WC="0.97" CC="53044"/>
						<SP ID="P5_SP00358" HPOS="2740" VPOS="662" WIDTH="29"/>
						<String ID="P5_ST00417" HPOS="2769" VPOS="610" WIDTH="263" HEIGHT="52" CONTENT="unbekannt" WC="0.99" CC="055000584"/>
						<SP ID="P5_SP00359" HPOS="3032" VPOS="662" WIDTH="30"/>
						<String ID="P5_ST00418" HPOS="3062" VPOS="615" WIDTH="88" HEIGHT="48" CONTENT="und" WC="1.00" CC="000"/>
						<SP ID="P5_SP00360" HPOS="3150" VPOS="663" WIDTH="25"/>
						<String ID="P5_ST00419" HPOS="3175" VPOS="617" WIDTH="115" HEIGHT="49" CONTENT="auch" WC="0.99" CC="1300"/>
					</TextLine>
					<TextLine ID="P5_TL00057" HPOS="1775" VPOS="675" WIDTH="1511" HEIGHT="68">
						<String ID="P5_ST00420" HPOS="1775" VPOS="675" WIDTH="274" HEIGHT="63" CONTENT="neuerdings" WC="0.99" CC="1050400705"/>
						<SP ID="P5_SP00361" HPOS="2049" VPOS="738" WIDTH="46"/>
						<String ID="P5_ST00421" HPOS="2095" VPOS="677" WIDTH="167" HEIGHT="48" CONTENT="wieder" WC="1.00" CC="030030"/>
						<SP ID="P5_SP00362" HPOS="2262" VPOS="738" WIDTH="38"/>
						<String ID="P5_ST00422" HPOS="2300" VPOS="680" WIDTH="224" HEIGHT="63" CONTENT="gedruckt" WC="0.99" CC="00028700"/>
						<SP ID="P5_SP00363" HPOS="2524" VPOS="743" WIDTH="44"/>
						<String ID="P5_ST00423" HPOS="2568" VPOS="685" WIDTH="182" HEIGHT="47" CONTENT="worden" WC="0.99" CC="014007"/>
						<SP ID="P5_SP00364" HPOS="2750" VPOS="743" WIDTH="47"/>
						<String ID="P5_ST00424" HPOS="2797" VPOS="687" WIDTH="52" HEIGHT="46" CONTENT="ist" WC="0.95" CC="253"/>
						<SP ID="P5_SP00365" HPOS="2849" VPOS="743" WIDTH="62"/>
						<String ID="P5_ST00425" HPOS="2911" VPOS="690" WIDTH="82" HEIGHT="46" CONTENT="wie" WC="1.00" CC="000"/>
						<SP ID="P5_SP00366" HPOS="2993" VPOS="743" WIDTH="30"/>
						<String ID="P5_ST00426" HPOS="3023" VPOS="692" WIDTH="113" HEIGHT="47" CONTENT="auch" WC="0.98" CC="0503"/>
						<SP ID="P5_SP00367" HPOS="3136" VPOS="743" WIDTH="29"/>
						<String ID="P5_ST00427" HPOS="3165" VPOS="694" WIDTH="121" HEIGHT="48" CONTENT="seine" WC="0.99" CC="00260"/>
					</TextLine>
					<TextLine ID="P5_TL00058" HPOS="1773" VPOS="751" WIDTH="1515" HEIGHT="73">
						<String ID="P5_ST00428" HPOS="1773" VPOS="751" WIDTH="312" HEIGHT="49" CONTENT="vortreffliche" WC="1.00" CC="0002107861010"/>
						<SP ID="P5_SP00368" HPOS="2085" VPOS="800" WIDTH="24"/>
						<String ID="P5_ST00429" HPOS="2109" VPOS="755" WIDTH="311" HEIGHT="66" CONTENT="Abhandlung" WC="0.99" CC="0470004530"/>
						<SP ID="P5_SP00369" HPOS="2420" VPOS="821" WIDTH="37"/>
						<String ID="P5_ST00430" HPOS="2457" VPOS="760" WIDTH="214" HEIGHT="54" CONTENT="„Ueber" WC="0.65" CC="300763"/>
						<SP ID="P5_SP00370" HPOS="2671" VPOS="821" WIDTH="31"/>
						<String ID="P5_ST00431" HPOS="2702" VPOS="762" WIDTH="85" HEIGHT="47" CONTENT="die" WC="0.98" CC="040"/>
						<SP ID="P5_SP00371" HPOS="2787" VPOS="821" WIDTH="32"/>
						<String ID="P5_ST00432" HPOS="2819" VPOS="766" WIDTH="190" HEIGHT="47" CONTENT="wahre" WC="0.99" CC="90000"/>
						<SP ID="P5_SP00372" HPOS="3009" VPOS="821" WIDTH="28"/>
						<String ID="P5_ST00433" HPOS="3037" VPOS="772" WIDTH="126" HEIGHT="52" CONTENT="Art," WC="0.99" CC="0033"/>
						<SP ID="P5_SP00373" HPOS="3163" VPOS="824" WIDTH="30"/>
						<String ID="P5_ST00434" HPOS="3193" VPOS="770" WIDTH="95" HEIGHT="48" CONTENT="das" WC="0.99" CC="010"/>
					</TextLine>
					<TextLine ID="P5_TL00059" HPOS="1776" VPOS="827" WIDTH="1516" HEIGHT="80">
						<String ID="P5_ST00435" HPOS="1776" VPOS="827" WIDTH="227" HEIGHT="49" CONTENT="Ciavier" WC="0.99" CC="6000403"/>
						<SP ID="P5_SP00374" HPOS="2003" VPOS="876" WIDTH="41"/>
						<String ID="P5_ST00436" HPOS="2044" VPOS="849" WIDTH="60" HEIGHT="29" CONTENT="zu" WC="0.37" CC="56"/>
						<SP ID="P5_SP00375" HPOS="2104" VPOS="878" WIDTH="43"/>
						<String ID="P5_ST00437" HPOS="2147" VPOS="832" WIDTH="320" HEIGHT="66" CONTENT='spielen"*),' WC="0.99" CC="20245064440"/>
						<SP ID="P5_SP00376" HPOS="2467" VPOS="898" WIDTH="42"/>
						<String ID="P5_ST00438" HPOS="2509" VPOS="854" WIDTH="48" HEIGHT="30" CONTENT="so" WC="0.46" CC="55"/>
						<SP ID="P5_SP00377" HPOS="2557" VPOS="898" WIDTH="43"/>
						<String ID="P5_ST00439" HPOS="2600" VPOS="838" WIDTH="173" HEIGHT="47" CONTENT="kommt" WC="0.99" CC="00510"/>
						<SP ID="P5_SP00378" HPOS="2773" VPOS="898" WIDTH="35"/>
						<String ID="P5_ST00440" HPOS="2808" VPOS="840" WIDTH="77" HEIGHT="48" CONTENT="das" WC="0.97" CC="034"/>
						<SP ID="P5_SP00379" HPOS="2885" VPOS="898" WIDTH="30"/>
						<String ID="P5_ST00441" HPOS="2915" VPOS="842" WIDTH="113" HEIGHT="48" CONTENT="doch" WC="0.99" CC="0600"/>
						<SP ID="P5_SP00380" HPOS="3028" VPOS="898" WIDTH="33"/>
						<String ID="P5_ST00442" HPOS="3061" VPOS="861" WIDTH="80" HEIGHT="46" CONTENT="gar" WC="0.95" CC="912"/>
						<SP ID="P5_SP00381" HPOS="3141" VPOS="907" WIDTH="29"/>
						<String ID="P5_ST00443" HPOS="3170" VPOS="846" WIDTH="122" HEIGHT="50" CONTENT="nicht" WC="0.98" CC="60042"/>
					</TextLine>
					<TextLine ID="P5_TL00060" HPOS="1775" VPOS="906" WIDTH="1515" HEIGHT="68">
						<String ID="P5_ST00444" HPOS="1775" VPOS="922" WIDTH="40" HEIGHT="29" CONTENT="in" WC="0.17" CC="78"/>
						<SP ID="P5_SP00382" HPOS="1815" VPOS="951" WIDTH="38"/>
						<String ID="P5_ST00445" HPOS="1853" VPOS="906" WIDTH="214" HEIGHT="48" CONTENT="Betracht" WC="0.97" CC="67577078"/>
						<SP ID="P5_SP00383" HPOS="2067" VPOS="954" WIDTH="44"/>
						<String ID="P5_ST00446" HPOS="2111" VPOS="926" WIDTH="57" HEIGHT="31" CONTENT="im" WC="0.70" CC="50"/>
						<SP ID="P5_SP00384" HPOS="2168" VPOS="957" WIDTH="36"/>
						<String ID="P5_ST00447" HPOS="2204" VPOS="911" WIDTH="237" HEIGHT="63" CONTENT="Vergleich" WC="0.98" CC="070907157"/>
						<SP ID="P5_SP00385" HPOS="2441" VPOS="974" WIDTH="47"/>
						<String ID="P5_ST00448" HPOS="2488" VPOS="931" WIDTH="50" HEIGHT="29" CONTENT="zu" WC="0.70" CC="50"/>
						<SP ID="P5_SP00386" HPOS="2538" VPOS="974" WIDTH="47"/>
						<String ID="P5_ST00449" HPOS="2585" VPOS="913" WIDTH="84" HEIGHT="49" CONTENT="den" WC="0.94" CC="078"/>
						<SP ID="P5_SP00387" HPOS="2669" VPOS="974" WIDTH="44"/>
						<String ID="P5_ST00450" HPOS="2713" VPOS="917" WIDTH="139" HEIGHT="47" CONTENT="vielen" WC="0.97" CC="039577"/>
						<SP ID="P5_SP00388" HPOS="2852" VPOS="974" WIDTH="45"/>
						<String ID="P5_ST00451" HPOS="2897" VPOS="920" WIDTH="266" HEIGHT="49" CONTENT="Hunderten" WC="0.98" CC="567077077"/>
						<SP ID="P5_SP00389" HPOS="3163" VPOS="974" WIDTH="43"/>
						<String ID="P5_ST00452" HPOS="3206" VPOS="940" WIDTH="84" HEIGHT="32" CONTENT="von" WC="0.95" CC="057"/>
					</TextLine>
					<TextLine ID="P5_TL00061" HPOS="1778" VPOS="983" WIDTH="1512" HEIGHT="76">
						<String ID="P5_ST00453" HPOS="1778" VPOS="983" WIDTH="224" HEIGHT="56" CONTENT="Werken," WC="1.00" CC="0250000"/>
						<SP ID="P5_SP00390" HPOS="2002" VPOS="1039" WIDTH="43"/>
						<String ID="P5_ST00454" HPOS="2045" VPOS="984" WIDTH="70" HEIGHT="49" CONTENT="die" WC="1.00" CC="000"/>
						<SP ID="P5_SP00391" HPOS="2115" VPOS="1039" WIDTH="42"/>
						<String ID="P5_ST00455" HPOS="2157" VPOS="1003" WIDTH="48" HEIGHT="31" CONTENT="er" WC="0.68" CC="32"/>
						<SP ID="P5_SP00392" HPOS="2205" VPOS="1039" WIDTH="41"/>
						<String ID="P5_ST00456" HPOS="2246" VPOS="990" WIDTH="297" HEIGHT="60" CONTENT="geschrieben" WC="0.99" CC="92007352707"/>
						<SP ID="P5_SP00393" HPOS="2543" VPOS="1050" WIDTH="50"/>
						<String ID="P5_ST00457" HPOS="2593" VPOS="992" WIDTH="87" HEIGHT="47" CONTENT="und" WC="0.99" CC="200"/>
						<SP ID="P5_SP00394" HPOS="2680" VPOS="1050" WIDTH="42"/>
						<String ID="P5_ST00458" HPOS="2722" VPOS="993" WIDTH="128" HEIGHT="47" CONTENT="theils" WC="0.67" CC="470033"/>
						<SP ID="P5_SP00395" HPOS="2850" VPOS="1050" WIDTH="30"/>
						<String ID="P5_ST00459" HPOS="2880" VPOS="996" WIDTH="237" HEIGHT="63" CONTENT="gedruckt," WC="0.99" CC="000054050"/>
						<SP ID="P5_SP00396" HPOS="3117" VPOS="1059" WIDTH="46"/>
						<String ID="P5_ST00460" HPOS="3163" VPOS="1000" WIDTH="127" HEIGHT="48" CONTENT="theils" WC="0.82" CC="070020"/>
					</TextLine>
					<TextLine ID="P5_TL00062" HPOS="1773" VPOS="1061" WIDTH="1514" HEIGHT="64">
						<String ID="P5_ST00461" HPOS="1773" VPOS="1061" WIDTH="371" HEIGHT="50" CONTENT="handschriftlich" WC="1.00" CC="733000600020014"/>
						<SP ID="P5_SP00397" HPOS="2144" VPOS="1111" WIDTH="32"/>
						<String ID="P5_ST00462" HPOS="2176" VPOS="1067" WIDTH="279" HEIGHT="56" CONTENT="vorhanden," WC="0.99" CC="0064680084"/>
						<SP ID="P5_SP00398" HPOS="2455" VPOS="1123" WIDTH="31"/>
						<String ID="P5_ST00463" HPOS="2486" VPOS="1068" WIDTH="293" HEIGHT="51" CONTENT="hinterlassen" WC="0.99" CC="767020629916"/>
						<SP ID="P5_SP00399" HPOS="2779" VPOS="1123" WIDTH="34"/>
						<String ID="P5_ST00464" HPOS="2813" VPOS="1072" WIDTH="88" HEIGHT="48" CONTENT="hat." WC="0.96" CC="7350"/>
						<SP ID="P5_SP00400" HPOS="2901" VPOS="1123" WIDTH="50"/>
						<String ID="P5_ST00465" HPOS="2951" VPOS="1076" WIDTH="62" HEIGHT="46" CONTENT="Er" WC="0.47" CC="54"/>
						<SP ID="P5_SP00401" HPOS="3013" VPOS="1123" WIDTH="30"/>
						<String ID="P5_ST00466" HPOS="3043" VPOS="1076" WIDTH="118" HEIGHT="48" CONTENT="lebte" WC="0.98" CC="15650"/>
						<SP ID="P5_SP00402" HPOS="3161" VPOS="1124" WIDTH="30"/>
						<String ID="P5_ST00467" HPOS="3191" VPOS="1094" WIDTH="96" HEIGHT="31" CONTENT="vom" WC="0.95" CC="029"/>
					</TextLine>
					<TextLine ID="P5_TL00063" HPOS="1781" VPOS="1138" WIDTH="1510" HEIGHT="74">
						<String ID="P5_ST00468" HPOS="1781" VPOS="1138" WIDTH="80" HEIGHT="47" CONTENT="14." WC="1.00" CC="000"/>
						<SP ID="P5_SP00403" HPOS="1861" VPOS="1185" WIDTH="32"/>
						<String ID="P5_ST00469" HPOS="1893" VPOS="1139" WIDTH="122" HEIGHT="47" CONTENT="März" WC="0.98" CC="0036"/>
						<SP ID="P5_SP00404" HPOS="2015" VPOS="1186" WIDTH="38"/>
						<String ID="P5_ST00470" HPOS="2053" VPOS="1139" WIDTH="141" HEIGHT="50" CONTENT="1714" WC="0.75" CC="0701"/>
						<SP ID="P5_SP00405" HPOS="2194" VPOS="1189" WIDTH="33"/>
						<String ID="P5_ST00471" HPOS="2227" VPOS="1143" WIDTH="65" HEIGHT="47" CONTENT="bis" WC="0.96" CC="505"/>
						<SP ID="P5_SP00406" HPOS="2292" VPOS="1190" WIDTH="29"/>
						<String ID="P5_ST00472" HPOS="2321" VPOS="1161" WIDTH="99" HEIGHT="30" CONTENT="zum" WC="0.98" CC="410"/>
						<SP ID="P5_SP00407" HPOS="2420" VPOS="1191" WIDTH="40"/>
						<String ID="P5_ST00473" HPOS="2460" VPOS="1146" WIDTH="78" HEIGHT="49" CONTENT="14." WC="0.76" CC="502"/>
						<SP ID="P5_SP00408" HPOS="2538" VPOS="1195" WIDTH="32"/>
						<String ID="P5_ST00474" HPOS="2570" VPOS="1148" WIDTH="270" HEIGHT="64" CONTENT="September" WC="0.98" CC="670779677"/>
						<SP ID="P5_SP00409" HPOS="2840" VPOS="1212" WIDTH="38"/>
						<String ID="P5_ST00475" HPOS="2878" VPOS="1151" WIDTH="139" HEIGHT="49" CONTENT="1788" WC="0.58" CC="6630"/>
						<SP ID="P5_SP00410" HPOS="3017" VPOS="1212" WIDTH="35"/>
						<String ID="P5_ST00476" HPOS="3052" VPOS="1153" WIDTH="87" HEIGHT="47" CONTENT="und" WC="0.96" CC="560"/>
						<SP ID="P5_SP00411" HPOS="3139" VPOS="1212" WIDTH="29"/>
						<String ID="P5_ST00477" HPOS="3168" VPOS="1155" WIDTH="123" HEIGHT="49" CONTENT="seine" WC="0.97" CC="26275"/>
					</TextLine>
					<TextLine ID="P5_TL00064" HPOS="1772" VPOS="1217" WIDTH="1514" HEIGHT="65">
						<String ID="P5_ST00478" HPOS="1772" VPOS="1223" WIDTH="147" HEIGHT="40" CONTENT="ersten" WC="0.96" CC="696726"/>
						<SP ID="P5_SP00412" HPOS="1919" VPOS="1263" WIDTH="27"/>
						<String ID="P5_ST00479" HPOS="1946" VPOS="1217" WIDTH="368" HEIGHT="65" CONTENT="Compositionen" WC="0.64" CC="6090300502567"/>
						<SP ID="P5_SP00413" HPOS="2314" VPOS="1282" WIDTH="25"/>
						<String ID="P5_ST00480" HPOS="2339" VPOS="1222" WIDTH="93" HEIGHT="47" CONTENT="sind" WC="0.96" CC="7480"/>
						<SP ID="P5_SP00414" HPOS="2432" VPOS="1282" WIDTH="26"/>
						<String ID="P5_ST00481" HPOS="2458" VPOS="1224" WIDTH="137" HEIGHT="47" CONTENT="schon" WC="0.96" CC="60738"/>
						<SP ID="P5_SP00415" HPOS="2595" VPOS="1282" WIDTH="25"/>
						<String ID="P5_ST00482" HPOS="2620" VPOS="1242" WIDTH="79" HEIGHT="31" CONTENT="aus" WC="0.94" CC="464"/>
						<SP ID="P5_SP00416" HPOS="2699" VPOS="1282" WIDTH="31"/>
						<String ID="P5_ST00483" HPOS="2730" VPOS="1224" WIDTH="158" HEIGHT="58" CONTENT="1731," WC="0.91" CC="00030"/>
						<SP ID="P5_SP00417" HPOS="2888" VPOS="1282" WIDTH="30"/>
						<String ID="P5_ST00484" HPOS="2918" VPOS="1230" WIDTH="167" HEIGHT="48" CONTENT="seinem" WC="0.97" CC="064870"/>
						<SP ID="P5_SP00418" HPOS="3085" VPOS="1282" WIDTH="26"/>
						<String ID="P5_ST00485" HPOS="3111" VPOS="1232" WIDTH="150" HEIGHT="47" CONTENT="sieben" SUBS_TYPE="HypPart1" SUBS_CONTENT="siebenzehnten" WC="0.98" CC="043676"/>
						<HYP HPOS="3261" VPOS="1232" WIDTH="25" CONTENT="-"/>
					</TextLine>
					<TextLine ID="P5_TL00065" HPOS="1771" VPOS="1293" WIDTH="1516" HEIGHT="67">
						<String ID="P5_ST00486" HPOS="1771" VPOS="1293" WIDTH="189" HEIGHT="48" CONTENT="zehnten" SUBS_TYPE="HypPart2" SUBS_CONTENT="siebenzehnten" WC="0.97" CC="6475467"/>
						<SP ID="P5_SP00419" HPOS="1960" VPOS="1341" WIDTH="27"/>
						<String ID="P5_ST00487" HPOS="1987" VPOS="1296" WIDTH="321" HEIGHT="64" CONTENT="Lebensjahre." WC="0.99" CC="268566053400"/>
						<SP ID="P5_SP00420" HPOS="2308" VPOS="1360" WIDTH="37"/>
						<String ID="P5_ST00488" HPOS="2345" VPOS="1299" WIDTH="98" HEIGHT="49" CONTENT="Von" WC="1.00" CC="000"/>
						<SP ID="P5_SP00421" HPOS="2443" VPOS="1360" WIDTH="31"/>
						<String ID="P5_ST00489" HPOS="2474" VPOS="1299" WIDTH="55" HEIGHT="49" CONTENT="da" WC="0.81" CC="03"/>
						<SP ID="P5_SP00422" HPOS="2529" VPOS="1360" WIDTH="33"/>
						<String ID="P5_ST00490" HPOS="2562" VPOS="1318" WIDTH="53" HEIGHT="31" CONTENT="an" WC="0.35" CC="48"/>
						<SP ID="P5_SP00423" HPOS="2615" VPOS="1360" WIDTH="30"/>
						<String ID="P5_ST00491" HPOS="2645" VPOS="1302" WIDTH="63" HEIGHT="48" CONTENT="bis" WC="0.95" CC="705"/>
						<SP ID="P5_SP00424" HPOS="2708" VPOS="1360" WIDTH="34"/>
						<String ID="P5_ST00492" HPOS="2742" VPOS="1303" WIDTH="132" HEIGHT="48" CONTENT="1787" WC="0.54" CC="7037"/>
						<SP ID="P5_SP00425" HPOS="2874" VPOS="1360" WIDTH="32"/>
						<String ID="P5_ST00493" HPOS="2906" VPOS="1307" WIDTH="175" HEIGHT="48" CONTENT="schrieb" WC="0.98" CC="5040056"/>
						<SP ID="P5_SP00426" HPOS="3081" VPOS="1360" WIDTH="26"/>
						<String ID="P5_ST00494" HPOS="3107" VPOS="1325" WIDTH="47" HEIGHT="30" CONTENT="er" WC="0.45" CC="37"/>
						<SP ID="P5_SP00427" HPOS="3154" VPOS="1360" WIDTH="24"/>
						<String ID="P5_ST00495" HPOS="3178" VPOS="1327" WIDTH="33" HEIGHT="30" CONTENT="z." WC="0.65" CC="60"/>
						<SP ID="P5_SP00428" HPOS="3211" VPOS="1360" WIDTH="30"/>
						<String ID="P5_ST00496" HPOS="3241" VPOS="1311" WIDTH="46" HEIGHT="47" CONTENT="B." WC="0.56" CC="71"/>
					</TextLine>
					<TextLine ID="P5_TL00066" HPOS="1775" VPOS="1369" WIDTH="1513" HEIGHT="74">
						<String ID="P5_ST00497" HPOS="1775" VPOS="1369" WIDTH="108" HEIGHT="50" CONTENT="210" WC="0.59" CC="731"/>
						<SP ID="P5_SP00429" HPOS="1883" VPOS="1419" WIDTH="34"/>
						<String ID="P5_ST00498" HPOS="1917" VPOS="1372" WIDTH="363" HEIGHT="59" CONTENT="Clavier-Solo's," WC="0.70" CC="320030044650292"/>
						<SP ID="P5_SP00430" HPOS="2280" VPOS="1431" WIDTH="45"/>
						<String ID="P5_ST00499" HPOS="2325" VPOS="1376" WIDTH="68" HEIGHT="49" CONTENT="52" WC="1.00" CC="00"/>
						<SP ID="P5_SP00431" HPOS="2393" VPOS="1431" WIDTH="46"/>
						<String ID="P5_ST00500" HPOS="2439" VPOS="1378" WIDTH="79" HEIGHT="47" CONTENT="Cla" WC="0.77" CC="420"/>
						<SP ID="P5_SP00432" HPOS="2518" VPOS="1431" WIDTH="6"/>
						<String ID="P5_ST00501" HPOS="2524" VPOS="1379" WIDTH="339" HEIGHT="49" CONTENT="vier-Concerte" WC="0.71" CC="0234260700280"/>
						<SP ID="P5_SP00433" HPOS="2863" VPOS="1431" WIDTH="44"/>
						<String ID="P5_ST00502" HPOS="2907" VPOS="1384" WIDTH="78" HEIGHT="46" CONTENT="mit" WC="0.95" CC="507"/>
						<SP ID="P5_SP00434" HPOS="2985" VPOS="1431" WIDTH="42"/>
						<String ID="P5_ST00503" HPOS="3027" VPOS="1384" WIDTH="261" HEIGHT="59" CONTENT="Orchester," WC="1.00" CC="2000044002"/>
					</TextLine>
					<TextLine ID="P5_TL00067" HPOS="1773" VPOS="1448" WIDTH="1513" HEIGHT="65">
						<String ID="P5_ST00504" HPOS="1773" VPOS="1448" WIDTH="66" HEIGHT="47" CONTENT="47" WC="1.00" CC="00"/>
						<SP ID="P5_SP00435" HPOS="1839" VPOS="1495" WIDTH="38"/>
						<String ID="P5_ST00505" HPOS="1877" VPOS="1449" WIDTH="144" HEIGHT="47" CONTENT="Trio's" WC="0.68" CC="342242"/>
						<SP ID="P5_SP00436" HPOS="2021" VPOS="1496" WIDTH="34"/>
						<String ID="P5_ST00506" HPOS="2055" VPOS="1451" WIDTH="74" HEIGHT="47" CONTENT="für" WC="0.99" CC="001"/>
						<SP ID="P5_SP00437" HPOS="2129" VPOS="1498" WIDTH="29"/>
						<String ID="P5_ST00507" HPOS="2158" VPOS="1453" WIDTH="168" HEIGHT="47" CONTENT="allerlei" WC="0.99" CC="00204400"/>
						<SP ID="P5_SP00438" HPOS="2326" VPOS="1500" WIDTH="32"/>
						<String ID="P5_ST00508" HPOS="2358" VPOS="1456" WIDTH="320" HEIGHT="57" CONTENT="Instrumente," WC="0.99" CC="576343708702"/>
						<SP ID="P5_SP00439" HPOS="2678" VPOS="1513" WIDTH="39"/>
						<String ID="P5_ST00509" HPOS="2717" VPOS="1457" WIDTH="62" HEIGHT="49" CONTENT="18" WC="0.85" CC="20"/>
						<SP ID="P5_SP00440" HPOS="2779" VPOS="1513" WIDTH="28"/>
						<String ID="P5_ST00510" HPOS="2807" VPOS="1459" WIDTH="271" HEIGHT="51" CONTENT="Sinfouieen." WC="0.65" CC="21702846040"/>
						<SP ID="P5_SP00441" HPOS="3078" VPOS="1513" WIDTH="39"/>
						<String ID="P5_ST00511" HPOS="3117" VPOS="1462" WIDTH="62" HEIGHT="48" CONTENT="12" WC="1.00" CC="00"/>
						<SP ID="P5_SP00442" HPOS="3179" VPOS="1513" WIDTH="26"/>
						<String ID="P5_ST00512" HPOS="3205" VPOS="1465" WIDTH="54" HEIGHT="45" CONTENT="So" SUBS_TYPE="HypPart1" SUBS_CONTENT="Sonaten" WC="1.00" CC="00"/>
						<HYP HPOS="3259" VPOS="1465" WIDTH="27" CONTENT="-"/>
					</TextLine>
					<TextLine ID="P5_TL00068" HPOS="1772" VPOS="1528" WIDTH="1520" HEIGHT="75">
						<String ID="P5_ST00513" HPOS="1772" VPOS="1533" WIDTH="135" HEIGHT="41" CONTENT="naten" SUBS_TYPE="HypPart2" SUBS_CONTENT="Sonaten" WC="0.97" CC="80608"/>
						<SP ID="P5_SP00443" HPOS="1907" VPOS="1574" WIDTH="34"/>
						<String ID="P5_ST00514" HPOS="1941" VPOS="1528" WIDTH="75" HEIGHT="46" CONTENT="lür" WC="0.67" CC="603"/>
						<SP ID="P5_SP00444" HPOS="2016" VPOS="1574" WIDTH="25"/>
						<String ID="P5_ST00515" HPOS="2041" VPOS="1528" WIDTH="176" HEIGHT="48" CONTENT="Ciavier" WC="0.99" CC="5600300"/>
						<SP ID="P5_SP00445" HPOS="2217" VPOS="1576" WIDTH="30"/>
						<String ID="P5_ST00516" HPOS="2247" VPOS="1532" WIDTH="79" HEIGHT="46" CONTENT="mit" WC="0.96" CC="045"/>
						<SP ID="P5_SP00446" HPOS="2326" VPOS="1578" WIDTH="24"/>
						<String ID="P5_ST00517" HPOS="2350" VPOS="1532" WIDTH="284" HEIGHT="66" CONTENT="Begleitung," WC="0.99" CC="00050265804"/>
						<SP ID="P5_SP00447" HPOS="2634" VPOS="1598" WIDTH="32"/>
						<String ID="P5_ST00518" HPOS="2666" VPOS="1534" WIDTH="87" HEIGHT="58" CONTENT="die," WC="0.99" CC="0201"/>
						<SP ID="P5_SP00448" HPOS="2753" VPOS="1598" WIDTH="33"/>
						<String ID="P5_ST00519" HPOS="2786" VPOS="1537" WIDTH="309" HEIGHT="66" CONTENT="merkwürdig" WC="1.00" CC="0020006050"/>
						<SP ID="P5_SP00449" HPOS="3095" VPOS="1603" WIDTH="30"/>
						<String ID="P5_ST00520" HPOS="3125" VPOS="1556" WIDTH="167" HEIGHT="46" CONTENT="genug," WC="0.98" CC="005490"/>
					</TextLine>
					<TextLine ID="P5_TL00069" HPOS="1771" VPOS="1604" WIDTH="1521" HEIGHT="65">
						<String ID="P5_ST00521" HPOS="1771" VPOS="1604" WIDTH="218" HEIGHT="47" CONTENT="zuweilen" WC="0.99" CC="64700600"/>
						<SP ID="P5_SP00450" HPOS="1989" VPOS="1651" WIDTH="29"/>
						<String ID="P5_ST00522" HPOS="2018" VPOS="1605" WIDTH="270" HEIGHT="50" CONTENT="siebenzehn" WC="0.99" CC="0304066078"/>
						<SP ID="P5_SP00451" HPOS="2288" VPOS="1655" WIDTH="31"/>
						<String ID="P5_ST00523" HPOS="2319" VPOS="1609" WIDTH="304" HEIGHT="51" CONTENT="Instrumente" WC="0.99" CC="55076201200"/>
						<SP ID="P5_SP00452" HPOS="2623" VPOS="1660" WIDTH="41"/>
						<String ID="P5_ST00524" HPOS="2664" VPOS="1613" WIDTH="120" HEIGHT="48" CONTENT="stark" WC="0.99" CC="17000"/>
						<SP ID="P5_SP00453" HPOS="2784" VPOS="1661" WIDTH="46"/>
						<String ID="P5_ST00525" HPOS="2830" VPOS="1616" WIDTH="67" HEIGHT="53" CONTENT="ist," WC="0.96" CC="4371"/>
						<SP ID="P5_SP00454" HPOS="2897" VPOS="1669" WIDTH="52"/>
						<String ID="P5_ST00526" HPOS="2949" VPOS="1614" WIDTH="61" HEIGHT="50" CONTENT="19" WC="0.66" CC="06"/>
						<SP ID="P5_SP00455" HPOS="3010" VPOS="1669" WIDTH="33"/>
						<String ID="P5_ST00527" HPOS="3043" VPOS="1617" WIDTH="145" HEIGHT="48" CONTENT="Solo's" WC="0.75" CC="044220"/>
						<SP ID="P5_SP00456" HPOS="3188" VPOS="1669" WIDTH="31"/>
						<String ID="P5_ST00528" HPOS="3219" VPOS="1618" WIDTH="73" HEIGHT="48" CONTENT="für" WC="0.98" CC="005"/>
					</TextLine>
					<TextLine ID="P5_TL00070" HPOS="1772" VPOS="1680" WIDTH="1387" HEIGHT="65">
						<String ID="P5_ST00529" HPOS="1772" VPOS="1680" WIDTH="169" HEIGHT="49" CONTENT="andere" WC="0.99" CC="070040"/>
						<SP ID="P5_SP00457" HPOS="1941" VPOS="1729" WIDTH="29"/>
						<String ID="P5_ST00530" HPOS="1970" VPOS="1683" WIDTH="322" HEIGHT="60" CONTENT="Instrumente," WC="0.99" CC="270655006403"/>
						<SP ID="P5_SP00458" HPOS="2292" VPOS="1743" WIDTH="30"/>
						<String ID="P5_ST00531" HPOS="2322" VPOS="1685" WIDTH="29" HEIGHT="50" CONTENT="3" WC="1.00" CC="0"/>
						<SP ID="P5_SP00459" HPOS="2351" VPOS="1743" WIDTH="34"/>
						<String ID="P5_ST00532" HPOS="2385" VPOS="1688" WIDTH="242" HEIGHT="57" CONTENT="Quartette" WC="0.99" CC="840560021"/>
						<SP ID="P5_SP00460" HPOS="2627" VPOS="1745" WIDTH="33"/>
						<String ID="P5_ST00533" HPOS="2660" VPOS="1691" WIDTH="73" HEIGHT="47" CONTENT="für" WC="0.95" CC="805"/>
						<SP ID="P5_SP00461" HPOS="2733" VPOS="1745" WIDTH="32"/>
						<String ID="P5_ST00534" HPOS="2765" VPOS="1692" WIDTH="174" HEIGHT="48" CONTENT="Ciavier" WC="0.99" CC="5300004"/>
						<SP ID="P5_SP00462" HPOS="2939" VPOS="1745" WIDTH="33"/>
						<String ID="P5_ST00535" HPOS="2972" VPOS="1710" WIDTH="40" HEIGHT="30" CONTENT="u." WC="0.61" CC="52"/>
						<SP ID="P5_SP00463" HPOS="3012" VPOS="1745" WIDTH="29"/>
						<String ID="P5_ST00536" HPOS="3041" VPOS="1710" WIDTH="33" HEIGHT="31" CONTENT="s." WC="0.59" CC="61"/>
						<SP ID="P5_SP00464" HPOS="3074" VPOS="1745" WIDTH="33"/>
						<String ID="P5_ST00537" HPOS="3107" VPOS="1711" WIDTH="52" HEIGHT="30" CONTENT="w." WC="1.00" CC="00"/>
					</TextLine>
					<TextLine ID="P5_TL00071" HPOS="1889" VPOS="1758" WIDTH="1402" HEIGHT="75">
						<String ID="P5_ST00538" HPOS="1889" VPOS="1758" WIDTH="70" HEIGHT="48" CONTENT="An" WC="0.41" CC="56"/>
						<SP ID="P5_SP00465" HPOS="1959" VPOS="1806" WIDTH="26"/>
						<String ID="P5_ST00539" HPOS="1985" VPOS="1760" WIDTH="351" HEIGHT="65" CONTENT="Gesangmusik," WC="0.99" CC="005570363000"/>
						<SP ID="P5_SP00466" HPOS="2336" VPOS="1825" WIDTH="30"/>
						<String ID="P5_ST00540" HPOS="2366" VPOS="1764" WIDTH="70" HEIGHT="47" CONTENT="die" WC="0.98" CC="005"/>
						<SP ID="P5_SP00467" HPOS="2436" VPOS="1825" WIDTH="26"/>
						<String ID="P5_ST00541" HPOS="2462" VPOS="1782" WIDTH="81" HEIGHT="30" CONTENT="uns" WC="0.94" CC="166"/>
						<SP ID="P5_SP00468" HPOS="2543" VPOS="1825" WIDTH="25"/>
						<String ID="P5_ST00542" HPOS="2568" VPOS="1767" WIDTH="96" HEIGHT="48" CONTENT="hier" WC="0.98" CC="7030"/>
						<SP ID="P5_SP00469" HPOS="2664" VPOS="1825" WIDTH="24"/>
						<String ID="P5_ST00543" HPOS="2688" VPOS="1768" WIDTH="139" HEIGHT="48" CONTENT="näher" WC="0.97" CC="80604"/>
						<SP ID="P5_SP00470" HPOS="2827" VPOS="1825" WIDTH="30"/>
						<String ID="P5_ST00544" HPOS="2857" VPOS="1769" WIDTH="184" HEIGHT="64" CONTENT="angeht," WC="0.99" CC="0500570"/>
						<SP ID="P5_SP00471" HPOS="3041" VPOS="1833" WIDTH="29"/>
						<String ID="P5_ST00545" HPOS="3070" VPOS="1772" WIDTH="197" HEIGHT="47" CONTENT="verzeich" SUBS_TYPE="HypPart1" SUBS_CONTENT="verzeichnet" WC="1.00" CC="00560000"/>
						<HYP HPOS="3267" VPOS="1772" WIDTH="24" CONTENT="-"/>
					</TextLine>
					<TextLine ID="P5_TL00072" HPOS="1772" VPOS="1837" WIDTH="1518" HEIGHT="72">
						<String ID="P5_ST00546" HPOS="1772" VPOS="1843" WIDTH="75" HEIGHT="39" CONTENT="net" SUBS_TYPE="HypPart2" SUBS_CONTENT="verzeichnet" WC="0.95" CC="706"/>
						<SP ID="P5_SP00472" HPOS="1847" VPOS="1882" WIDTH="32"/>
						<String ID="P5_ST00547" HPOS="1879" VPOS="1837" WIDTH="240" HEIGHT="49" CONTENT="Gerber:" WC="0.99" CC="2007043"/>
						<SP ID="P5_SP00473" HPOS="2119" VPOS="1886" WIDTH="30"/>
						<String ID="P5_ST00548" HPOS="2149" VPOS="1839" WIDTH="69" HEIGHT="48" CONTENT="ein" WC="0.97" CC="008"/>
						<SP ID="P5_SP00474" HPOS="2218" VPOS="1887" WIDTH="416"/>
						<String ID="P5_ST00549" HPOS="2634" VPOS="1838" WIDTH="153" HEIGHT="70" CONTENT="Magnificat" WC="0.72" CC="0252100256" STYLEREFS="TXT_2"/>
						<String ID="P5_ST00550" HPOS="2788" VPOS="1844" WIDTH="128" HEIGHT="65" CONTENT="(l749)," WC="0.84" CC="1300041"/>
						<SP ID="P5_SP00475" HPOS="2916" VPOS="1909" WIDTH="1"/>
						<String ID="P5_ST00551" HPOS="2917" VPOS="1847" WIDTH="164" HEIGHT="47" CONTENT="ein" WC="0.98" CC="006"/>
						<SP ID="P5_SP00476" HPOS="3081" VPOS="1909" WIDTH="140"/>
						<String ID="P5_ST00552" HPOS="3221" VPOS="1848" WIDTH="69" HEIGHT="48" CONTENT="22" WC="1.00" CC="00"/>
					</TextLine>
					<TextLine ID="P5_TL00073" HPOS="1773" VPOS="1914" WIDTH="1518" HEIGHT="69">
						<String ID="P5_ST00553" HPOS="1773" VPOS="1914" WIDTH="461" HEIGHT="60" CONTENT="Passions-Musiken," WC="1.00" CC="00000480005010063"/>
						<SP ID="P5_SP00477" HPOS="2234" VPOS="1974" WIDTH="32"/>
						<String ID="P5_ST00554" HPOS="2266" VPOS="1919" WIDTH="33" HEIGHT="47" CONTENT="4" WC="1.00" CC="0"/>
						<SP ID="P5_SP00478" HPOS="2299" VPOS="1974" WIDTH="31"/>
						<String ID="P5_ST00555" HPOS="2330" VPOS="1920" WIDTH="390" HEIGHT="59" CONTENT="Oster-Musiken," WC="1.00" CC="95023100000080"/>
						<SP ID="P5_SP00479" HPOS="2720" VPOS="1979" WIDTH="33"/>
						<String ID="P5_ST00556" HPOS="2753" VPOS="1923" WIDTH="29" HEIGHT="50" CONTENT="3" WC="1.00" CC="0"/>
						<SP ID="P5_SP00480" HPOS="2782" VPOS="1979" WIDTH="28"/>
						<String ID="P5_ST00557" HPOS="2810" VPOS="1924" WIDTH="481" HEIGHT="59" CONTENT="Michaelis-Musiken," WC="1.00" CC="000150130094050050"/>
					</TextLine>
					<TextLine ID="P5_TL00074" HPOS="1772" VPOS="1990" WIDTH="1520" HEIGHT="71">
						<String ID="P5_ST00558" HPOS="1772" VPOS="1990" WIDTH="99" HEIGHT="49" CONTENT="eine" WC="0.99" CC="0040"/>
						<SP ID="P5_SP00481" HPOS="1871" VPOS="2039" WIDTH="28"/>
						<String ID="P5_ST00559" HPOS="1899" VPOS="1993" WIDTH="495" HEIGHT="58" CONTENT="Weihnachts-Musik," WC="1.00" CC="00005007802022083"/>
						<SP ID="P5_SP00482" HPOS="2394" VPOS="2051" WIDTH="32"/>
						<String ID="P5_ST00560" HPOS="2426" VPOS="1998" WIDTH="29" HEIGHT="48" CONTENT="9" WC="1.00" CC="0"/>
						<SP ID="P5_SP00483" HPOS="2455" VPOS="2051" WIDTH="27"/>
						<String ID="P5_ST00561" HPOS="2482" VPOS="1999" WIDTH="231" HEIGHT="62" CONTENT="geistliche" WC="1.00" CC="0001600060"/>
						<SP ID="P5_SP00484" HPOS="2713" VPOS="2061" WIDTH="26"/>
						<String ID="P5_ST00562" HPOS="2739" VPOS="2000" WIDTH="151" HEIGHT="50" CONTENT="Chöre" WC="0.98" CC="74000"/>
						<SP ID="P5_SP00485" HPOS="2890" VPOS="2061" WIDTH="26"/>
						<String ID="P5_ST00563" HPOS="2916" VPOS="2003" WIDTH="77" HEIGHT="46" CONTENT="mit" WC="0.97" CC="044"/>
						<SP ID="P5_SP00486" HPOS="2993" VPOS="2061" WIDTH="25"/>
						<String ID="P5_ST00564" HPOS="3018" VPOS="2004" WIDTH="247" HEIGHT="49" CONTENT="Instrumen" SUBS_TYPE="HypPart1" SUBS_CONTENT="Instrumenten," WC="0.99" CC="666602507"/>
						<HYP HPOS="3265" VPOS="2004" WIDTH="27" CONTENT="-"/>
					</TextLine>
					<TextLine ID="P5_TL00075" HPOS="1773" VPOS="2069" WIDTH="1517" HEIGHT="64">
						<String ID="P5_ST00565" HPOS="1773" VPOS="2075" WIDTH="92" HEIGHT="50" CONTENT="ten," SUBS_TYPE="HypPart2" SUBS_CONTENT="Instrumenten," WC="0.97" CC="6061"/>
						<SP ID="P5_SP00487" HPOS="1865" VPOS="2125" WIDTH="49"/>
						<String ID="P5_ST00566" HPOS="1914" VPOS="2069" WIDTH="31" HEIGHT="48" CONTENT="5" WC="0.96" CC="0"/>
						<SP ID="P5_SP00488" HPOS="1945" VPOS="2125" WIDTH="46"/>
						<String ID="P5_ST00567" HPOS="1991" VPOS="2072" WIDTH="236" HEIGHT="55" CONTENT="Motetten," WC="0.99" CC="046066070"/>
						<SP ID="P5_SP00489" HPOS="2227" VPOS="2127" WIDTH="52"/>
						<String ID="P5_ST00568" HPOS="2279" VPOS="2072" WIDTH="29" HEIGHT="50" CONTENT="3" WC="1.00" CC="0"/>
						<SP ID="P5_SP00490" HPOS="2308" VPOS="2127" WIDTH="47"/>
						<String ID="P5_ST00569" HPOS="2355" VPOS="2075" WIDTH="264" HEIGHT="58" CONTENT="Oratorien," WC="0.99" CC="0500230080"/>
						<SP ID="P5_SP00491" HPOS="2619" VPOS="2133" WIDTH="50"/>
						<String ID="P5_ST00570" HPOS="2669" VPOS="2078" WIDTH="208" HEIGHT="48" CONTENT="mehrere" WC="0.99" CC="6060030"/>
						<SP ID="P5_SP00492" HPOS="2877" VPOS="2133" WIDTH="51"/>
						<String ID="P5_ST00571" HPOS="2928" VPOS="2079" WIDTH="219" HEIGHT="51" CONTENT="Cantaten" WC="0.56" CC="20736708"/>
						<SP ID="P5_SP00493" HPOS="3147" VPOS="2133" WIDTH="53"/>
						<String ID="P5_ST00572" HPOS="3200" VPOS="2080" WIDTH="90" HEIGHT="49" CONTENT="und" WC="0.98" CC="040"/>
					</TextLine>
					<TextLine ID="P5_TL00076" HPOS="1772" VPOS="2146" WIDTH="1524" HEIGHT="74">
						<String ID="P5_ST00573" HPOS="1772" VPOS="2146" WIDTH="140" HEIGHT="49" CONTENT="Arien" WC="0.98" CC="15007"/>
						<SP ID="P5_SP00494" HPOS="1912" VPOS="2195" WIDTH="34"/>
						<String ID="P5_ST00574" HPOS="1946" VPOS="2148" WIDTH="75" HEIGHT="47" CONTENT="für" WC="0.95" CC="085"/>
						<SP ID="P5_SP00495" HPOS="2021" VPOS="2195" WIDTH="32"/>
						<String ID="P5_ST00575" HPOS="2053" VPOS="2149" WIDTH="98" HEIGHT="48" CONTENT="eine" WC="1.00" CC="0020"/>
						<SP ID="P5_SP00496" HPOS="2151" VPOS="2197" WIDTH="22"/>
						<String ID="P5_ST00576" HPOS="2173" VPOS="2150" WIDTH="294" HEIGHT="65" CONTENT="Singstimme" WC="0.99" CC="5068170050"/>
						<SP ID="P5_SP00497" HPOS="2467" VPOS="2215" WIDTH="33"/>
						<String ID="P5_ST00577" HPOS="2500" VPOS="2155" WIDTH="77" HEIGHT="46" CONTENT="mit" WC="0.97" CC="106"/>
						<SP ID="P5_SP00498" HPOS="2577" VPOS="2215" WIDTH="32"/>
						<String ID="P5_ST00578" HPOS="2609" VPOS="2155" WIDTH="268" HEIGHT="65" CONTENT="Begleitung" WC="0.99" CC="7200007669"/>
						<SP ID="P5_SP00499" HPOS="2877" VPOS="2220" WIDTH="32"/>
						<String ID="P5_ST00579" HPOS="2909" VPOS="2157" WIDTH="89" HEIGHT="47" CONTENT="und" WC="0.96" CC="360"/>
						<SP ID="P5_SP00500" HPOS="2998" VPOS="2220" WIDTH="34"/>
						<String ID="P5_ST00580" HPOS="3032" VPOS="2158" WIDTH="69" HEIGHT="48" CONTENT="95" WC="0.19" CC="96"/>
						<SP ID="P5_SP00501" HPOS="3101" VPOS="2220" WIDTH="34"/>
						<String ID="P5_ST00581" HPOS="3135" VPOS="2158" WIDTH="161" HEIGHT="49" CONTENT="Lieder" WC="0.99" CC="120004"/>
					</TextLine>
					<TextLine ID="P5_TL00077" HPOS="1772" VPOS="2223" WIDTH="334" HEIGHT="50">
						<String ID="P5_ST00582" HPOS="1772" VPOS="2223" WIDTH="93" HEIGHT="48" CONTENT="und" WC="0.97" CC="420"/>
						<SP ID="P5_SP00502" HPOS="1865" VPOS="2271" WIDTH="33"/>
						<String ID="P5_ST00583" HPOS="1898" VPOS="2224" WIDTH="208" HEIGHT="49" CONTENT="Choräle." WC="0.99" CC="55210401"/>
					</TextLine>
					<TextLine ID="P5_TL00078" HPOS="1893" VPOS="2300" WIDTH="1399" HEIGHT="70">
						<String ID="P5_ST00584" HPOS="1893" VPOS="2304" WIDTH="91" HEIGHT="47" CONTENT="Das" WC="1.00" CC="000"/>
						<SP ID="P5_SP00503" HPOS="1984" VPOS="2351" WIDTH="23"/>
						<String ID="P5_ST00585" HPOS="2007" VPOS="2300" WIDTH="286" HEIGHT="70" CONTENT="Magnificat" WC="0.67" CC="4714000076" STYLEREFS="TXT_2"/>
						<SP ID="P5_SP00504" HPOS="2293" VPOS="2370" WIDTH="25"/>
						<String ID="P5_ST00586" HPOS="2318" VPOS="2305" WIDTH="54" HEIGHT="49" CONTENT="ist" WC="0.99" CC="030"/>
						<SP ID="P5_SP00505" HPOS="2372" VPOS="2370" WIDTH="29"/>
						<String ID="P5_ST00587" HPOS="2401" VPOS="2308" WIDTH="42" HEIGHT="47" CONTENT="in" WC="0.93" CC="01"/>
						<SP ID="P5_SP00506" HPOS="2443" VPOS="2370" WIDTH="30"/>
						<String ID="P5_ST00588" HPOS="2473" VPOS="2309" WIDTH="123" HEIGHT="47" CONTENT="einer" WC="0.99" CC="00503"/>
						<SP ID="P5_SP00507" HPOS="2596" VPOS="2370" WIDTH="27"/>
						<String ID="P5_ST00589" HPOS="2623" VPOS="2309" WIDTH="198" HEIGHT="50" CONTENT="schönen" WC="0.98" CC="0065803"/>
						<SP ID="P5_SP00508" HPOS="2821" VPOS="2370" WIDTH="33"/>
						<String ID="P5_ST00590" HPOS="2854" VPOS="2310" WIDTH="405" HEIGHT="50" CONTENT="Partitur-Aus" SUBS_TYPE="HypPart1" SUBS_CONTENT="Partitur-Ausgabe," WC="1.00" CC="001505600003"/>
						<HYP HPOS="3259" VPOS="2310" WIDTH="33" CONTENT="-"/>
					</TextLine>
					<TextLine ID="P5_TL00079" HPOS="1771" VPOS="2378" WIDTH="1519" HEIGHT="73">
						<String ID="P5_ST00591" HPOS="1771" VPOS="2378" WIDTH="171" HEIGHT="64" CONTENT="gabe," SUBS_TYPE="HypPart2" SUBS_CONTENT="Partitur-Ausgabe," WC="0.97" CC="93303"/>
						<SP ID="P5_SP00509" HPOS="1942" VPOS="2442" WIDTH="42"/>
						<String ID="P5_ST00592" HPOS="1984" VPOS="2379" WIDTH="69" HEIGHT="49" CONTENT="bei" WC="0.98" CC="400"/>
						<SP ID="P5_SP00510" HPOS="2053" VPOS="2442" WIDTH="32"/>
						<String ID="P5_ST00593" HPOS="2085" VPOS="2381" WIDTH="54" HEIGHT="49" CONTENT="N." WC="0.28" CC="94"/>
						<SP ID="P5_SP00511" HPOS="2139" VPOS="2442" WIDTH="31"/>
						<String ID="P5_ST00594" HPOS="2170" VPOS="2383" WIDTH="113" HEIGHT="47" CONTENT="Sim" WC="0.98" CC="001"/>
						<SP ID="P5_SP00512" HPOS="2283" VPOS="2442" WIDTH="17"/>
						<String ID="P5_ST00595" HPOS="2300" VPOS="2384" WIDTH="130" HEIGHT="47" CONTENT="rock" WC="0.99" CC="2400"/>
						<SP ID="P5_SP00513" HPOS="2430" VPOS="2442" WIDTH="44"/>
						<String ID="P5_ST00596" HPOS="2474" VPOS="2385" WIDTH="41" HEIGHT="47" CONTENT="in" WC="0.55" CC="53"/>
						<SP ID="P5_SP00514" HPOS="2515" VPOS="2442" WIDTH="34"/>
						<String ID="P5_ST00597" HPOS="2549" VPOS="2387" WIDTH="155" HEIGHT="48" CONTENT="Bonn" WC="0.97" CC="5045"/>
						<SP ID="P5_SP00515" HPOS="2704" VPOS="2442" WIDTH="31"/>
						<String ID="P5_ST00598" HPOS="2735" VPOS="2387" WIDTH="237" HEIGHT="64" CONTENT="gedruckt," WC="0.99" CC="900540920"/>
						<SP ID="P5_SP00516" HPOS="2972" VPOS="2451" WIDTH="42"/>
						<String ID="P5_ST00599" HPOS="3014" VPOS="2388" WIDTH="276" HEIGHT="49" CONTENT="erschienen." WC="0.99" CC="05070047003"/>
					</TextLine>
					<TextLine ID="P5_TL00080" HPOS="1772" VPOS="2456" WIDTH="507" HEIGHT="52">
						<String ID="P5_ST00600" HPOS="1772" VPOS="2456" WIDTH="60" HEIGHT="49" CONTENT="Es" WC="0.50" CC="72"/>
						<SP ID="P5_SP00517" HPOS="1832" VPOS="2505" WIDTH="33"/>
						<String ID="P5_ST00601" HPOS="1865" VPOS="2458" WIDTH="127" HEIGHT="48" CONTENT="führt" WC="0.98" CC="00505"/>
						<SP ID="P5_SP00518" HPOS="1992" VPOS="2506" WIDTH="29"/>
						<String ID="P5_ST00602" HPOS="2021" VPOS="2458" WIDTH="85" HEIGHT="49" CONTENT="den" WC="0.99" CC="002"/>
						<SP ID="P5_SP00519" HPOS="2106" VPOS="2507" WIDTH="32"/>
						<String ID="P5_ST00603" HPOS="2138" VPOS="2460" WIDTH="141" HEIGHT="48" CONTENT="Titel:" WC="0.99" CC="006020"/>
					</TextLine>
					<TextLine ID="P5_TL00081" HPOS="2012" VPOS="2534" WIDTH="1224" HEIGHT="68">
						<String ID="P5_ST00604" HPOS="2012" VPOS="2534" WIDTH="365" HEIGHT="68" CONTENT="Magnificat" WC="0.79" CC="0431000334" STYLEREFS="TXT_2"/>
						<SP ID="P5_SP00520" HPOS="2377" VPOS="2602" WIDTH="440"/>
						<String ID="P5_ST00605" HPOS="2817" VPOS="2554" WIDTH="31" HEIGHT="33" CONTENT="a" WC="0.38" CC="6" STYLEREFS="TXT_2"/>
						<SP ID="P5_SP00521" HPOS="2848" VPOS="2602" WIDTH="117"/>
						<String ID="P5_ST00606" HPOS="2965" VPOS="2539" WIDTH="35" HEIGHT="48" CONTENT="4" WC="0.41" CC="5" STYLEREFS="TXT_2"/>
						<SP ID="P5_SP00522" HPOS="3000" VPOS="2602" WIDTH="122"/>
						<String ID="P5_ST00607" HPOS="3122" VPOS="2538" WIDTH="114" HEIGHT="63" CONTENT="Voci," WC="0.79" CC="64000" STYLEREFS="TXT_2"/>
					</TextLine>
					<TextLine ID="P5_TL00082" HPOS="2243" VPOS="2613" WIDTH="1057" HEIGHT="64">
						<String ID="P5_ST00608" HPOS="2243" VPOS="2613" WIDTH="153" HEIGHT="63" CONTENT="Corni," WC="0.83" CC="050300" STYLEREFS="TXT_2"/>
						<SP ID="P5_SP00523" HPOS="2396" VPOS="2676" WIDTH="-145"/>
						<String ID="P5_ST00609" HPOS="2251" VPOS="2616" WIDTH="392" HEIGHT="61" CONTENT="2Flauti," WC="0.74" CC="90040600" STYLEREFS="TXT_2"/>
						<SP ID="P5_SP00524" HPOS="2643" VPOS="2677" WIDTH="504"/>
						<String ID="P5_ST00610" HPOS="3147" VPOS="2620" WIDTH="40" HEIGHT="47" CONTENT="2" WC="0.55" CC="4" STYLEREFS="TXT_2"/>
						<SP ID="P5_SP00525" HPOS="3187" VPOS="2677" WIDTH="100"/>
						<String ID="P5_ST00611" HPOS="3287" VPOS="2619" WIDTH="13" HEIGHT="49" CONTENT="O" WC="0.85" CC="1" STYLEREFS="TXT_2"/>
					</TextLine>
					<TextLine ID="P5_TL00083" HPOS="2238" VPOS="2689" WIDTH="1062" HEIGHT="75">
						<String ID="P5_ST00612" HPOS="2238" VPOS="2689" WIDTH="125" HEIGHT="52" CONTENT="tinuo" WC="0.73" CC="60411" STYLEREFS="TXT_2"/>
						<SP ID="P5_SP00526" HPOS="2363" VPOS="2741" WIDTH="194"/>
						<String ID="P5_ST00613" HPOS="2557" VPOS="2691" WIDTH="53" HEIGHT="51" CONTENT="di" WC="1.00" CC="00" STYLEREFS="TXT_2"/>
						<SP ID="P5_SP00527" HPOS="2610" VPOS="2742" WIDTH="121"/>
						<String ID="P5_ST00614" HPOS="2731" VPOS="2694" WIDTH="171" HEIGHT="51" CONTENT="Carlo" WC="0.96" CC="64835" STYLEREFS="TXT_2"/>
						<SP ID="P5_SP00528" HPOS="2902" VPOS="2745" WIDTH="257"/>
						<String ID="P5_ST00615" HPOS="3159" VPOS="2694" WIDTH="141" HEIGHT="70" CONTENT="Filip" WC="0.98" CC="00100" STYLEREFS="TXT_2"/>
					</TextLine>
					<TextLine ID="P5_TL00084" HPOS="2239" VPOS="2768" WIDTH="863" HEIGHT="72">
						<String ID="P5_ST00616" HPOS="2239" VPOS="2768" WIDTH="209" HEIGHT="52" CONTENT="Maestro" WC="0.98" CC="0365745" STYLEREFS="TXT_2"/>
						<SP ID="P5_SP00529" HPOS="2448" VPOS="2820" WIDTH="288"/>
						<String ID="P5_ST00617" HPOS="2736" VPOS="2770" WIDTH="55" HEIGHT="51" CONTENT="di" WC="0.89" CC="20" STYLEREFS="TXT_2"/>
						<SP ID="P5_SP00530" HPOS="2791" VPOS="2821" WIDTH="127"/>
						<String ID="P5_ST00618" HPOS="2918" VPOS="2773" WIDTH="184" HEIGHT="67" CONTENT="Capella" WC="0.66" CC="5603034" STYLEREFS="TXT_2"/>
					</TextLine>
					<TextLine ID="P5_TL00085" HPOS="2222" VPOS="2848" WIDTH="1078" HEIGHT="66">
						<String ID="P5_ST00619" HPOS="2222" VPOS="2863" WIDTH="139" HEIGHT="51" CONTENT="pessa" WC="0.68" CC="01355" STYLEREFS="TXT_2"/>
						<SP ID="P5_SP00531" HPOS="2361" VPOS="2914" WIDTH="196"/>
						<String ID="P5_ST00620" HPOS="2557" VPOS="2848" WIDTH="190" HEIGHT="50" CONTENT="Amalia" WC="0.85" CC="050003" STYLEREFS="TXT_2"/>
						<SP ID="P5_SP00532" HPOS="2747" VPOS="2914" WIDTH="260"/>
						<String ID="P5_ST00621" HPOS="3007" VPOS="2849" WIDTH="53" HEIGHT="51" CONTENT="di" WC="1.00" CC="00" STYLEREFS="TXT_2"/>
						<SP ID="P5_SP00533" HPOS="3060" VPOS="2914" WIDTH="124"/>
						<String ID="P5_ST00622" HPOS="3184" VPOS="2851" WIDTH="116" HEIGHT="50" CONTENT="Prus" WC="1.00" CC="0000" STYLEREFS="TXT_2"/>
					</TextLine>
					<TextLine ID="P5_TL00086" HPOS="2003" VPOS="2925" WIDTH="1297" HEIGHT="74">
						<String ID="P5_ST00623" HPOS="2003" VPOS="2925" WIDTH="151" HEIGHT="69" CONTENT="burgo," WC="0.69" CC="730501" STYLEREFS="TXT_2"/>
						<SP ID="P5_SP00534" HPOS="2154" VPOS="2994" WIDTH="45"/>
						<String ID="P5_ST00624" HPOS="2199" VPOS="2925" WIDTH="239" HEIGHT="53" CONTENT="Direttore" WC="0.59" CC="001576734" STYLEREFS="TXT_2"/>
						<SP ID="P5_SP00535" HPOS="2438" VPOS="2994" WIDTH="39"/>
						<String ID="P5_ST00625" HPOS="2477" VPOS="2928" WIDTH="53" HEIGHT="52" CONTENT="di" WC="1.00" CC="00" STYLEREFS="TXT_2"/>
						<SP ID="P5_SP00536" HPOS="2530" VPOS="2994" WIDTH="37"/>
						<String ID="P5_ST00626" HPOS="2567" VPOS="2929" WIDTH="189" HEIGHT="52" CONTENT="Musica" WC="0.73" CC="313033" STYLEREFS="TXT_2"/>
						<SP ID="P5_SP00537" HPOS="2756" VPOS="2994" WIDTH="40"/>
						<String ID="P5_ST00627" HPOS="2796" VPOS="2931" WIDTH="119" HEIGHT="50" CONTENT="della" WC="0.73" CC="00436" STYLEREFS="TXT_2"/>
						<SP ID="P5_SP00538" HPOS="2915" VPOS="2994" WIDTH="39"/>
						<String ID="P5_ST00628" HPOS="2954" VPOS="2930" WIDTH="253" HEIGHT="69" CONTENT="Republica" WC="0.52" CC="089254208" STYLEREFS="TXT_2"/>
						<SP ID="P5_SP00539" HPOS="3207" VPOS="2999" WIDTH="41"/>
						<String ID="P5_ST00629" HPOS="3248" VPOS="2930" WIDTH="52" HEIGHT="52" CONTENT="di" WC="1.00" CC="00" STYLEREFS="TXT_2"/>
					</TextLine>
					<TextLine ID="P5_TL00087" HPOS="2003" VPOS="3002" WIDTH="1293" HEIGHT="74">
						<String ID="P5_ST00630" HPOS="2003" VPOS="3002" WIDTH="282" HEIGHT="70" CONTENT="Hamburgo." WC="0.73" CC="041760030" STYLEREFS="TXT_2"/>
						<SP ID="P5_SP00540" HPOS="2285" VPOS="3072" WIDTH="24"/>
						<String ID="P5_ST00631" HPOS="2309" VPOS="3005" WIDTH="136" HEIGHT="69" CONTENT="Dopo" WC="0.54" CC="3490" STYLEREFS="TXT_2"/>
						<SP ID="P5_SP00541" HPOS="2445" VPOS="3074" WIDTH="15"/>
						<String ID="P5_ST00632" HPOS="2460" VPOS="3006" WIDTH="256" HEIGHT="51" CONTENT="Partitura" WC="0.99" CC="630607112" STYLEREFS="TXT_2"/>
						<SP ID="P5_SP00542" HPOS="2716" VPOS="3074" WIDTH="21"/>
						<String ID="P5_ST00633" HPOS="2737" VPOS="3010" WIDTH="247" HEIGHT="66" CONTENT="autografa" WC="0.66" CC="806000906" STYLEREFS="TXT_2"/>
						<SP ID="P5_SP00543" HPOS="2984" VPOS="3076" WIDTH="20"/>
						<String ID="P5_ST00634" HPOS="3004" VPOS="3009" WIDTH="102" HEIGHT="49" CONTENT="dell'" WC="0.75" CC="11161" STYLEREFS="TXT_2"/>
						<SP ID="P5_SP00544" HPOS="3106" VPOS="3076" WIDTH="21"/>
						<String ID="P5_ST00635" HPOS="3127" VPOS="3011" WIDTH="169" HEIGHT="47" CONTENT="autore." WC="0.67" CC="0550046" STYLEREFS="TXT_2"/>
					</TextLine>
					<TextLine ID="P5_TL00088" HPOS="2245" VPOS="3081" WIDTH="1051" HEIGHT="75">
						<String ID="P5_ST00636" HPOS="2245" VPOS="3081" WIDTH="180" HEIGHT="50" CONTENT="Prezzo" WC="0.47" CC="066835" STYLEREFS="TXT_2"/>
						<SP ID="P5_SP00545" HPOS="2425" VPOS="3131" WIDTH="236"/>
						<String ID="P5_ST00637" HPOS="2661" VPOS="3084" WIDTH="66" HEIGHT="48" CONTENT="14" WC="0.67" CC="06" STYLEREFS="TXT_2"/>
						<SP ID="P5_SP00546" HPOS="2727" VPOS="3132" WIDTH="106"/>
						<String ID="P5_ST00638" HPOS="2833" VPOS="3084" WIDTH="71" HEIGHT="49" CONTENT="Fr" WC="0.98" CC="00" STYLEREFS="TXT_2"/>
						<SP ID="P5_SP00547" HPOS="2904" VPOS="3133" WIDTH="1"/>
						<String ID="P5_ST00639" HPOS="2905" VPOS="3100" WIDTH="57" HEIGHT="35" CONTENT="es." WC="0.97" CC="044" STYLEREFS="TXT_2"/>
						<String ID="P5_ST00640" HPOS="2459" VPOS="3084" WIDTH="48" HEIGHT="65" CONTENT="(3" WC="0.70" CC="50"/>
						<SP ID="P5_SP00548" HPOS="2962" VPOS="3149" WIDTH="-425"/>
						<String ID="P5_ST00641" HPOS="2537" VPOS="3086" WIDTH="124" HEIGHT="50" CONTENT="Thlr." WC="0.63" CC="04444"/>
						<SP ID="P5_SP00549" HPOS="2962" VPOS="3149" WIDTH="-274"/>
						<String ID="P5_ST00642" HPOS="2688" VPOS="3086" WIDTH="68" HEIGHT="50" CONTENT="22" WC="1.00" CC="00"/>
						<SP ID="P5_SP00550" HPOS="2962" VPOS="3149" WIDTH="-179"/>
						<String ID="P5_ST00643" HPOS="2783" VPOS="3088" WIDTH="121" HEIGHT="64" CONTENT="Sgr.)" WC="0.89" CC="00003"/>
						<SP ID="P5_SP00551" HPOS="2962" VPOS="3152" WIDTH="178"/>
						<String ID="P5_ST00644" HPOS="3140" VPOS="3103" WIDTH="156" HEIGHT="53" CONTENT="presso" WC="0.61" CC="903224" STYLEREFS="TXT_2"/>
					</TextLine>
					<TextLine ID="P5_TL00089" HPOS="2242" VPOS="3157" WIDTH="726" HEIGHT="70">
						<String ID="P5_ST00645" HPOS="2242" VPOS="3157" WIDTH="65" HEIGHT="51" CONTENT="K" WC="0.04" CC="9" STYLEREFS="TXT_2"/>
						<SP ID="P5_SP00552" HPOS="2307" VPOS="3208" WIDTH="65"/>
						<String ID="P5_ST00646" HPOS="2372" VPOS="3157" WIDTH="88" HEIGHT="54" CONTENT="Simrock" WC="0.61" CC="6000677" STYLEREFS="TXT_2"/>
						<SP ID="P5_SP00553" HPOS="2460" VPOS="3211" WIDTH="1"/>
						<String ID="P5_ST00647" HPOS="2461" VPOS="3162" WIDTH="70" HEIGHT="50" CONTENT="105" WC="0.45" CC="456"/>
						<SP ID="P5_SP00554" HPOS="2531" VPOS="3212" WIDTH="1"/>
						<String ID="P5_ST00648" HPOS="2532" VPOS="3164" WIDTH="75" HEIGHT="48" CONTENT="S." WC="0.82" CC="02"/>
						<SP ID="P5_SP00555" HPOS="2607" VPOS="3212" WIDTH="1"/>
						<String ID="P5_ST00649" HPOS="2608" VPOS="3180" WIDTH="47" HEIGHT="47" CONTENT="Gr." WC="0.61" CC="613"/>
						<SP ID="P5_SP00556" HPOS="2655" VPOS="3227" WIDTH="24"/>
						<String ID="P5_ST00650" HPOS="2679" VPOS="3165" WIDTH="94" HEIGHT="48" CONTENT="Fol." WC="0.97" CC="2524"/>
						<SP ID="P5_SP00557" HPOS="2773" VPOS="3227" WIDTH="33"/>
						<String ID="P5_ST00651" HPOS="2806" VPOS="3165" WIDTH="162" HEIGHT="50" CONTENT="2758." WC="0.79" CC="00720"/>
					</TextLine>
					<TextLine ID="P5_TL00090" HPOS="1884" VPOS="3236" WIDTH="1403" HEIGHT="70">
						<String ID="P5_ST00652" HPOS="1884" VPOS="3236" WIDTH="107" HEIGHT="48" CONTENT="Man" WC="0.94" CC="544"/>
						<SP ID="P5_SP00558" HPOS="1991" VPOS="3284" WIDTH="29"/>
						<String ID="P5_ST00653" HPOS="2020" VPOS="3237" WIDTH="113" HEIGHT="49" CONTENT="sieht" WC="0.98" CC="00056"/>
						<SP ID="P5_SP00559" HPOS="2133" VPOS="3286" WIDTH="29"/>
						<String ID="P5_ST00654" HPOS="2162" VPOS="3239" WIDTH="137" HEIGHT="48" CONTENT="schon" WC="0.97" CC="00656"/>
						<SP ID="P5_SP00560" HPOS="2299" VPOS="3287" WIDTH="32"/>
						<String ID="P5_ST00655" HPOS="2331" VPOS="3256" WIDTH="80" HEIGHT="32" CONTENT="aus" WC="0.97" CC="042"/>
						<SP ID="P5_SP00561" HPOS="2411" VPOS="3288" WIDTH="30"/>
						<String ID="P5_ST00656" HPOS="2441" VPOS="3240" WIDTH="80" HEIGHT="48" CONTENT="der" WC="1.00" CC="000"/>
						<SP ID="P5_SP00562" HPOS="2521" VPOS="3288" WIDTH="30"/>
						<String ID="P5_ST00657" HPOS="2551" VPOS="3243" WIDTH="274" HEIGHT="54" CONTENT="Seitenzahl," WC="0.99" CC="00110543530"/>
						<SP ID="P5_SP00563" HPOS="2825" VPOS="3297" WIDTH="46"/>
						<String ID="P5_ST00658" HPOS="2871" VPOS="3243" WIDTH="100" HEIGHT="48" CONTENT="dass" WC="0.90" CC="0400"/>
						<SP ID="P5_SP00564" HPOS="2971" VPOS="3297" WIDTH="29"/>
						<String ID="P5_ST00659" HPOS="3000" VPOS="3259" WIDTH="46" HEIGHT="30" CONTENT="es" WC="0.97" CC="00"/>
						<SP ID="P5_SP00565" HPOS="3046" VPOS="3297" WIDTH="30"/>
						<String ID="P5_ST00660" HPOS="3076" VPOS="3243" WIDTH="181" HEIGHT="63" CONTENT="umfang" SUBS_TYPE="HypPart1" SUBS_CONTENT="umfangreicher" WC="0.99" CC="004050"/>
						<HYP HPOS="3257" VPOS="3243" WIDTH="30" CONTENT="-"/>
					</TextLine>
					<TextLine ID="P5_TL00091" HPOS="1772" VPOS="3312" WIDTH="1520" HEIGHT="65">
						<String ID="P5_ST00661" HPOS="1772" VPOS="3312" WIDTH="175" HEIGHT="50" CONTENT="reicher" SUBS_TYPE="HypPart2" SUBS_CONTENT="umfangreicher" WC="0.99" CC="3000402"/>
						<SP ID="P5_SP00566" HPOS="1947" VPOS="3362" WIDTH="30"/>
						<String ID="P5_ST00662" HPOS="1977" VPOS="3314" WIDTH="69" HEIGHT="57" CONTENT="ist," WC="0.98" CC="0260"/>
						<SP ID="P5_SP00567" HPOS="2046" VPOS="3371" WIDTH="31"/>
						<String ID="P5_ST00663" HPOS="2077" VPOS="3316" WIDTH="63" HEIGHT="47" CONTENT="als" WC="0.97" CC="510"/>
						<SP ID="P5_SP00568" HPOS="2140" VPOS="3371" WIDTH="31"/>
						<String ID="P5_ST00664" HPOS="2171" VPOS="3315" WIDTH="79" HEIGHT="49" CONTENT="das" WC="1.00" CC="001"/>
						<SP ID="P5_SP00569" HPOS="2250" VPOS="3371" WIDTH="29"/>
						<String ID="P5_ST00665" HPOS="2279" VPOS="3334" WIDTH="82" HEIGHT="32" CONTENT="von" WC="0.95" CC="077"/>
						<SP ID="P5_SP00570" HPOS="2361" VPOS="3371" WIDTH="31"/>
						<String ID="P5_ST00666" HPOS="2392" VPOS="3320" WIDTH="180" HEIGHT="47" CONTENT="Johann" WC="0.98" CC="007055"/>
						<SP ID="P5_SP00571" HPOS="2572" VPOS="3371" WIDTH="33"/>
						<String ID="P5_ST00667" HPOS="2605" VPOS="3320" WIDTH="264" HEIGHT="56" CONTENT="Sebastian;" WC="0.99" CC="0040050466"/>
						<SP ID="P5_SP00572" HPOS="2869" VPOS="3376" WIDTH="41"/>
						<String ID="P5_ST00668" HPOS="2910" VPOS="3321" WIDTH="85" HEIGHT="49" CONTENT="alle" WC="0.98" CC="3030"/>
						<SP ID="P5_SP00573" HPOS="2995" VPOS="3376" WIDTH="29"/>
						<String ID="P5_ST00669" HPOS="3024" VPOS="3321" WIDTH="145" HEIGHT="56" CONTENT="Sätze," WC="0.98" CC="008710"/>
						<SP ID="P5_SP00574" HPOS="3169" VPOS="3377" WIDTH="32"/>
						<String ID="P5_ST00670" HPOS="3201" VPOS="3321" WIDTH="91" HEIGHT="47" CONTENT="Soli" WC="0.98" CC="0027"/>
					</TextLine>
					<TextLine ID="P5_TL00092" HPOS="1768" VPOS="3390" WIDTH="1523" HEIGHT="72">
						<String ID="P5_ST00671" HPOS="1768" VPOS="3390" WIDTH="92" HEIGHT="48" CONTENT="und" WC="0.98" CC="220"/>
						<SP ID="P5_SP00575" HPOS="1860" VPOS="3438" WIDTH="33"/>
						<String ID="P5_ST00672" HPOS="1893" VPOS="3391" WIDTH="167" HEIGHT="59" CONTENT="Chöre," WC="0.99" CC="600001"/>
						<SP ID="P5_SP00576" HPOS="2060" VPOS="3450" WIDTH="31"/>
						<String ID="P5_ST00673" HPOS="2091" VPOS="3394" WIDTH="98" HEIGHT="48" CONTENT="sind" WC="0.98" CC="0170"/>
						<SP ID="P5_SP00577" HPOS="2189" VPOS="3450" WIDTH="31"/>
						<String ID="P5_ST00674" HPOS="2220" VPOS="3395" WIDTH="98" HEIGHT="48" CONTENT="hier" WC="0.99" CC="3003"/>
						<SP ID="P5_SP00578" HPOS="2318" VPOS="3450" WIDTH="29"/>
						<String ID="P5_ST00675" HPOS="2347" VPOS="3397" WIDTH="105" HEIGHT="47" CONTENT="weit" WC="0.99" CC="0004"/>
						<SP ID="P5_SP00579" HPOS="2452" VPOS="3450" WIDTH="31"/>
						<String ID="P5_ST00676" HPOS="2483" VPOS="3399" WIDTH="129" HEIGHT="47" CONTENT="mehr" WC="0.97" CC="2054"/>
						<SP ID="P5_SP00580" HPOS="2612" VPOS="3450" WIDTH="30"/>
						<String ID="P5_ST00677" HPOS="2642" VPOS="3399" WIDTH="292" HEIGHT="63" CONTENT="ausgeführt," WC="0.99" CC="04600006450"/>
						<SP ID="P5_SP00581" HPOS="2934" VPOS="3462" WIDTH="32"/>
						<String ID="P5_ST00678" HPOS="2966" VPOS="3399" WIDTH="63" HEIGHT="48" CONTENT="als" WC="0.97" CC="520"/>
						<SP ID="P5_SP00582" HPOS="3029" VPOS="3462" WIDTH="30"/>
						<String ID="P5_ST00679" HPOS="3059" VPOS="3397" WIDTH="115" HEIGHT="50" CONTENT="dort." WC="0.99" CC="01121"/>
						<SP ID="P5_SP00583" HPOS="3174" VPOS="3462" WIDTH="33"/>
						<String ID="P5_ST00680" HPOS="3207" VPOS="3399" WIDTH="84" HEIGHT="47" CONTENT="Die" WC="1.00" CC="000"/>
					</TextLine>
					<TextLine ID="P5_TL00093" HPOS="1768" VPOS="3469" WIDTH="1532" HEIGHT="66">
						<String ID="P5_ST00681" HPOS="1768" VPOS="3469" WIDTH="360" HEIGHT="66" CONTENT="Haupt-Tonart" WC="0.99" CC="700042007353"/>
						<SP ID="P5_SP00584" HPOS="2128" VPOS="3535" WIDTH="21"/>
						<String ID="P5_ST00682" HPOS="2149" VPOS="3471" WIDTH="52" HEIGHT="48" CONTENT="ist" WC="0.97" CC="006"/>
						<SP ID="P5_SP00585" HPOS="2201" VPOS="3535" WIDTH="26"/>
						<String ID="P5_ST00683" HPOS="2227" VPOS="3472" WIDTH="217" HEIGHT="50" CONTENT="ebenfalls" WC="0.99" CC="050141006"/>
						<SP ID="P5_SP00586" HPOS="2444" VPOS="3535" WIDTH="729"/>
						<String ID="P5_ST00684" HPOS="3173" VPOS="3474" WIDTH="127" HEIGHT="50" CONTENT="D-da" WC="0.81" CC="0007" STYLEREFS="TXT_2"/>
						<String ID="P5_ST00685" HPOS="2678" VPOS="3476" WIDTH="83" HEIGHT="48" CONTENT="Die" WC="0.99" CC="300"/>
						<SP ID="P5_SP00587" HPOS="3300" VPOS="3535" WIDTH="-514"/>
						<String ID="P5_ST00686" HPOS="2786" VPOS="3476" WIDTH="228" HEIGHT="48" CONTENT="einzelnen" WC="0.99" CC="008602607"/>
						<SP ID="P5_SP00588" HPOS="3300" VPOS="3535" WIDTH="-262"/>
						<String ID="P5_ST00687" HPOS="3038" VPOS="3476" WIDTH="256" HEIGHT="47" CONTENT="Nummern" WC="1.00" CC="2000000"/>
					</TextLine>
					<TextLine ID="P5_TL00094" HPOS="1862" VPOS="3547" WIDTH="1430" HEIGHT="71">
						<String ID="P5_ST00688" HPOS="1862" VPOS="3563" WIDTH="47" HEIGHT="33" CONTENT="es" WC="1.00" CC="00"/>
						<SP ID="P5_SP00589" HPOS="1909" VPOS="3596" WIDTH="28"/>
						<String ID="P5_ST00689" HPOS="1937" VPOS="3547" WIDTH="97" HEIGHT="49" CONTENT="sind" WC="0.97" CC="3170"/>
						<SP ID="P5_SP00590" HPOS="2034" VPOS="3596" WIDTH="33"/>
						<String ID="P5_ST00690" HPOS="2067" VPOS="3566" WIDTH="119" HEIGHT="32" CONTENT="neun" WC="0.99" CC="5000"/>
						<SP ID="P5_SP00591" HPOS="2186" VPOS="3598" WIDTH="34"/>
						<String ID="P5_ST00691" HPOS="2220" VPOS="3551" WIDTH="88" HEIGHT="47" CONTENT="und" WC="0.96" CC="360"/>
						<SP ID="P5_SP00592" HPOS="2308" VPOS="3598" WIDTH="33"/>
						<String ID="P5_ST00692" HPOS="2341" VPOS="3552" WIDTH="64" HEIGHT="47" CONTENT="als" WC="0.97" CC="510"/>
						<SP ID="P5_SP00593" HPOS="2405" VPOS="3599" WIDTH="29"/>
						<String ID="P5_ST00693" HPOS="2434" VPOS="3552" WIDTH="199" HEIGHT="66" CONTENT="Anhang" WC="0.99" CC="206060"/>
						<SP ID="P5_SP00594" HPOS="2633" VPOS="3618" WIDTH="37"/>
						<String ID="P5_ST00694" HPOS="2670" VPOS="3555" WIDTH="98" HEIGHT="47" CONTENT="eine" WC="0.98" CC="0070"/>
						<SP ID="P5_SP00595" HPOS="2768" VPOS="3618" WIDTH="30"/>
						<String ID="P5_ST00695" HPOS="2798" VPOS="3555" WIDTH="155" HEIGHT="47" CONTENT="zweite" WC="0.99" CC="600040"/>
						<SP ID="P5_SP00596" HPOS="2953" VPOS="3618" WIDTH="32"/>
						<String ID="P5_ST00696" HPOS="2985" VPOS="3554" WIDTH="307" HEIGHT="64" CONTENT="Composition" WC="0.77" CC="15000106243"/>
					</TextLine>
				</TextBlock>
				<TextBlock ID="P5_TB00004" HPOS="1761" VPOS="3680" WIDTH="1535" HEIGHT="470" STYLEREFS="TXT_3 PAR_BLOCK">
					<TextLine ID="P5_TL00095" HPOS="1870" VPOS="3682" WIDTH="1421" HEIGHT="51">
						<String ID="P5_ST00697" HPOS="1870" VPOS="3682" WIDTH="38" HEIGHT="51" CONTENT="*)" WC="0.55" CC="35"/>
						<SP ID="P5_SP00597" HPOS="1908" VPOS="3733" WIDTH="30"/>
						<String ID="P5_ST00698" HPOS="1938" VPOS="3684" WIDTH="128" HEIGHT="48" CONTENT="Vergl." WC="0.62" CC="701625"/>
						<SP ID="P5_SP00598" HPOS="2066" VPOS="3733" WIDTH="30"/>
						<String ID="P5_ST00699" HPOS="2096" VPOS="3685" WIDTH="248" HEIGHT="47" CONTENT="Jahrgang" WC="0.98" CC="11656306"/>
						<SP ID="P5_SP00599" HPOS="2344" VPOS="3733" WIDTH="32"/>
						<String ID="P5_ST00700" HPOS="2376" VPOS="3684" WIDTH="110" HEIGHT="46" CONTENT="1856," WC="0.40" CC="54765"/>
						<SP ID="P5_SP00600" HPOS="2486" VPOS="3733" WIDTH="30"/>
						<String ID="P5_ST00701" HPOS="2516" VPOS="3688" WIDTH="69" HEIGHT="37" CONTENT="Nr." WC="0.96" CC="414"/>
						<SP ID="P5_SP00601" HPOS="2585" VPOS="3733" WIDTH="34"/>
						<String ID="P5_ST00702" HPOS="2619" VPOS="3687" WIDTH="46" HEIGHT="38" CONTENT="16" WC="0.51" CC="35"/>
						<SP ID="P5_SP00602" HPOS="2665" VPOS="3733" WIDTH="29"/>
						<String ID="P5_ST00703" HPOS="2694" VPOS="3689" WIDTH="91" HEIGHT="34" CONTENT="und" WC="0.93" CC="765"/>
						<SP ID="P5_SP00603" HPOS="2785" VPOS="3733" WIDTH="31"/>
						<String ID="P5_ST00704" HPOS="2816" VPOS="3688" WIDTH="58" HEIGHT="38" CONTENT="17." WC="0.53" CC="760"/>
						<SP ID="P5_SP00604" HPOS="2874" VPOS="3733" WIDTH="108"/>
						<String ID="P5_ST00705" HPOS="2982" VPOS="3689" WIDTH="77" HEIGHT="34" CONTENT="Das" WC="0.94" CC="780"/>
						<SP ID="P5_SP00605" HPOS="3059" VPOS="3733" WIDTH="32"/>
						<String ID="P5_ST00706" HPOS="3091" VPOS="3685" WIDTH="115" HEIGHT="36" CONTENT="Werk" WC="0.97" CC="7051"/>
						<SP ID="P5_SP00606" HPOS="3206" VPOS="3733" WIDTH="29"/>
						<String ID="P5_ST00707" HPOS="3235" VPOS="3697" WIDTH="38" HEIGHT="24" CONTENT="er" SUBS_TYPE="HypPart1" SUBS_CONTENT="erlebte" WC="0.96" CC="60"/>
						<HYP HPOS="3273" VPOS="3697" WIDTH="18" CONTENT="-"/>
					</TextLine>
					<TextLine ID="P5_TL00096" HPOS="1766" VPOS="3744" WIDTH="1529" HEIGHT="51">
						<String ID="P5_ST00708" HPOS="1766" VPOS="3746" WIDTH="100" HEIGHT="36" CONTENT="lebte" SUBS_TYPE="HypPart2" SUBS_CONTENT="erlebte" WC="0.98" CC="26500"/>
						<SP ID="P5_SP00607" HPOS="1866" VPOS="3782" WIDTH="30"/>
						<String ID="P5_ST00709" HPOS="1896" VPOS="3746" WIDTH="57" HEIGHT="35" CONTENT="bis" WC="1.00" CC="000"/>
						<SP ID="P5_SP00608" HPOS="1953" VPOS="3782" WIDTH="32"/>
						<String ID="P5_ST00710" HPOS="1985" VPOS="3744" WIDTH="97" HEIGHT="38" CONTENT="1797" WC="0.39" CC="6547"/>
						<SP ID="P5_SP00609" HPOS="2082" VPOS="3782" WIDTH="31"/>
						<String ID="P5_ST00711" HPOS="2113" VPOS="3748" WIDTH="80" HEIGHT="34" CONTENT="vier" WC="0.98" CC="2206"/>
						<SP ID="P5_SP00610" HPOS="2193" VPOS="3782" WIDTH="28"/>
						<String ID="P5_ST00712" HPOS="2221" VPOS="3748" WIDTH="202" HEIGHT="47" CONTENT="Auflagen." WC="0.98" CC="640044377"/>
						<SP ID="P5_SP00611" HPOS="2423" VPOS="3795" WIDTH="49"/>
						<String ID="P5_ST00713" HPOS="2472" VPOS="3749" WIDTH="78" HEIGHT="35" CONTENT="Der" WC="0.99" CC="020"/>
						<SP ID="P5_SP00612" HPOS="2550" VPOS="3795" WIDTH="29"/>
						<String ID="P5_ST00714" HPOS="2579" VPOS="3761" WIDTH="96" HEIGHT="23" CONTENT="neue" WC="0.97" CC="8024"/>
						<SP ID="P5_SP00613" HPOS="2675" VPOS="3795" WIDTH="30"/>
						<String ID="P5_ST00715" HPOS="2705" VPOS="3750" WIDTH="193" HEIGHT="43" CONTENT="Abdruck," WC="0.99" CC="60151311"/>
						<SP ID="P5_SP00614" HPOS="2898" VPOS="3795" WIDTH="29"/>
						<String ID="P5_ST00716" HPOS="2927" VPOS="3761" WIDTH="75" HEIGHT="23" CONTENT="von" WC="0.92" CC="955"/>
						<SP ID="P5_SP00615" HPOS="3002" VPOS="3795" WIDTH="30"/>
						<String ID="P5_ST00717" HPOS="3032" VPOS="3749" WIDTH="44" HEIGHT="36" CONTENT="G." WC="0.78" CC="04"/>
						<SP ID="P5_SP00616" HPOS="3076" VPOS="3795" WIDTH="31"/>
						<String ID="P5_ST00718" HPOS="3107" VPOS="3747" WIDTH="188" HEIGHT="47" CONTENT="Schilling" WC="0.98" CC="717144179"/>
					</TextLine>
					<TextLine ID="P5_TL00097" HPOS="1764" VPOS="3805" WIDTH="1532" HEIGHT="53">
						<String ID="P5_ST00719" HPOS="1764" VPOS="3809" WIDTH="179" HEIGHT="46" CONTENT="besorgt,," WC="0.99" CC="005030237"/>
						<SP ID="P5_SP00617" HPOS="1943" VPOS="3855" WIDTH="33"/>
						<String ID="P5_ST00720" HPOS="1976" VPOS="3808" WIDTH="172" HEIGHT="35" CONTENT="erschien" WC="0.98" CC="14327607"/>
						<SP ID="P5_SP00618" HPOS="2148" VPOS="3855" WIDTH="34"/>
						<String ID="P5_ST00721" HPOS="2182" VPOS="3805" WIDTH="111" HEIGHT="48" CONTENT="1856," WC="0.67" CC="52304"/>
						<SP ID="P5_SP00619" HPOS="2293" VPOS="3855" WIDTH="47"/>
						<String ID="P5_ST00722" HPOS="2340" VPOS="3809" WIDTH="144" HEIGHT="47" CONTENT="Berlin," WC="0.99" CC="0106264"/>
						<SP ID="P5_SP00620" HPOS="2484" VPOS="3856" WIDTH="43"/>
						<String ID="P5_ST00723" HPOS="2527" VPOS="3810" WIDTH="61" HEIGHT="35" CONTENT="bei" WC="1.00" CC="001"/>
						<SP ID="P5_SP00621" HPOS="2588" VPOS="3856" WIDTH="40"/>
						<String ID="P5_ST00724" HPOS="2628" VPOS="3810" WIDTH="124" HEIGHT="48" CONTENT="Stage." WC="0.61" CC="630812"/>
						<SP ID="P5_SP00622" HPOS="2752" VPOS="3858" WIDTH="102"/>
						<String ID="P5_ST00725" HPOS="2854" VPOS="3810" WIDTH="132" HEIGHT="35" CONTENT="Fetis" WC="0.86" CC="00024"/>
						<SP ID="P5_SP00623" HPOS="2986" VPOS="3858" WIDTH="42"/>
						<String ID="P5_ST00726" HPOS="3028" VPOS="3819" WIDTH="82" HEIGHT="37" CONTENT="sagt" WC="0.98" CC="2205"/>
						<SP ID="P5_SP00624" HPOS="3110" VPOS="3858" WIDTH="42"/>
						<String ID="P5_ST00727" HPOS="3152" VPOS="3810" WIDTH="40" HEIGHT="33" CONTENT="in" WC="0.64" CC="07"/>
						<SP ID="P5_SP00625" HPOS="3192" VPOS="3858" WIDTH="42"/>
						<String ID="P5_ST00728" HPOS="3234" VPOS="3808" WIDTH="62" HEIGHT="35" CONTENT="der" WC="0.97" CC="071"/>
					</TextLine>
					<TextLine ID="P5_TL00098" HPOS="1764" VPOS="3868" WIDTH="1531" HEIGHT="48">
						<String ID="P5_ST00729" HPOS="1764" VPOS="3882" WIDTH="125" HEIGHT="23" CONTENT="neuen" WC="0.98" CC="40305"/>
						<SP ID="P5_SP00626" HPOS="1889" VPOS="3905" WIDTH="30"/>
						<String ID="P5_ST00730" HPOS="1919" VPOS="3868" WIDTH="179" HEIGHT="47" CONTENT="Ausgabe" WC="0.99" CC="0700001"/>
						<SP ID="P5_SP00627" HPOS="2098" VPOS="3915" WIDTH="30"/>
						<String ID="P5_ST00731" HPOS="2128" VPOS="3869" WIDTH="64" HEIGHT="35" CONTENT="der" WC="0.99" CC="012"/>
						<SP ID="P5_SP00628" HPOS="2192" VPOS="3915" WIDTH="28"/>
						<String ID="P5_ST00732" HPOS="2220" VPOS="3868" WIDTH="238" HEIGHT="48" CONTENT="Biographie" WC="0.98" CC="4644477634" STYLEREFS="TXT_4"/>
						<SP ID="P5_SP00629" HPOS="2458" VPOS="3916" WIDTH="29"/>
						<String ID="P5_ST00733" HPOS="2487" VPOS="3871" WIDTH="228" HEIGHT="36" CONTENT="universelle" WC="0.98" CC="06366377109" STYLEREFS="TXT_4"/>
						<SP ID="P5_SP00630" HPOS="2715" VPOS="3916" WIDTH="42"/>
						<String ID="P5_ST00734" HPOS="2757" VPOS="3872" WIDTH="51" HEIGHT="33" CONTENT="im" WC="0.74" CC="50"/>
						<SP ID="P5_SP00631" HPOS="2808" VPOS="3916" WIDTH="30"/>
						<String ID="P5_ST00735" HPOS="2838" VPOS="3869" WIDTH="149" HEIGHT="36" CONTENT="Artikel" WC="0.99" CC="0400005"/>
						<SP ID="P5_SP00632" HPOS="2987" VPOS="3916" WIDTH="44"/>
						<String ID="P5_ST00736" HPOS="3031" VPOS="3870" WIDTH="40" HEIGHT="36" CONTENT="C." WC="0.70" CC="50"/>
						<SP ID="P5_SP00633" HPOS="3071" VPOS="3916" WIDTH="30"/>
						<String ID="P5_ST00737" HPOS="3101" VPOS="3869" WIDTH="75" HEIGHT="36" CONTENT="Ph." WC="0.41" CC="664"/>
						<SP ID="P5_SP00634" HPOS="3176" VPOS="3916" WIDTH="31"/>
						<String ID="P5_ST00738" HPOS="3207" VPOS="3869" WIDTH="88" HEIGHT="34" CONTENT="Em." WC="0.97" CC="015"/>
					</TextLine>
					<TextLine ID="P5_TL00099" HPOS="1763" VPOS="3928" WIDTH="1532" HEIGHT="50">
						<String ID="P5_ST00739" HPOS="1763" VPOS="3931" WIDTH="149" HEIGHT="35" CONTENT="Bach:" WC="0.97" CC="60470"/>
						<SP ID="P5_SP00635" HPOS="1912" VPOS="3966" WIDTH="36"/>
						<String ID="P5_ST00740" HPOS="1948" VPOS="3930" WIDTH="154" HEIGHT="47" CONTENT="„Nichts" WC="0.99" CC="2306601"/>
						<SP ID="P5_SP00636" HPOS="2102" VPOS="3977" WIDTH="41"/>
						<String ID="P5_ST00741" HPOS="2143" VPOS="3930" WIDTH="224" HEIGHT="35" CONTENT="bezeichnet" WC="0.99" CC="7002037110"/>
						<SP ID="P5_SP00637" HPOS="2367" VPOS="3977" WIDTH="44"/>
						<String ID="P5_ST00742" HPOS="2411" VPOS="3931" WIDTH="60" HEIGHT="35" CONTENT="die" WC="0.98" CC="040"/>
						<SP ID="P5_SP00638" HPOS="2471" VPOS="3977" WIDTH="31"/>
						<String ID="P5_ST00743" HPOS="2502" VPOS="3931" WIDTH="353" HEIGHT="47" CONTENT="Gleichgültigkeit," WC="1.00" CC="63050700504000301"/>
						<SP ID="P5_SP00639" HPOS="2855" VPOS="3978" WIDTH="46"/>
						<String ID="P5_ST00744" HPOS="2901" VPOS="3931" WIDTH="59" HEIGHT="34" CONTENT="die" WC="1.00" CC="000"/>
						<SP ID="P5_SP00640" HPOS="2960" VPOS="3978" WIDTH="35"/>
						<String ID="P5_ST00745" HPOS="2995" VPOS="3930" WIDTH="38" HEIGHT="34" CONTENT="in" WC="0.70" CC="05"/>
						<SP ID="P5_SP00641" HPOS="3033" VPOS="3978" WIDTH="30"/>
						<String ID="P5_ST00746" HPOS="3063" VPOS="3928" WIDTH="232" HEIGHT="36" CONTENT="Frankreich" WC="0.99" CC="0004004027"/>
					</TextLine>
					<TextLine ID="P5_TL00100" HPOS="1763" VPOS="3988" WIDTH="1532" HEIGHT="48">
						<String ID="P5_ST00747" HPOS="1763" VPOS="3994" WIDTH="60" HEIGHT="34" CONTENT="für" WC="0.99" CC="002"/>
						<SP ID="P5_SP00642" HPOS="1823" VPOS="4028" WIDTH="29"/>
						<String ID="P5_ST00748" HPOS="1852" VPOS="3992" WIDTH="60" HEIGHT="34" CONTENT="die" WC="0.99" CC="003"/>
						<SP ID="P5_SP00643" HPOS="1912" VPOS="4028" WIDTH="20"/>
						<String ID="P5_ST00749" HPOS="1932" VPOS="3991" WIDTH="249" HEIGHT="36" CONTENT="Fortschritte" WC="0.99" CC="042126750003"/>
						<SP ID="P5_SP00644" HPOS="2181" VPOS="4028" WIDTH="24"/>
						<String ID="P5_ST00750" HPOS="2205" VPOS="3991" WIDTH="64" HEIGHT="35" CONTENT="der" WC="0.98" CC="032"/>
						<SP ID="P5_SP00645" HPOS="2269" VPOS="4028" WIDTH="18"/>
						<String ID="P5_ST00751" HPOS="2287" VPOS="3992" WIDTH="131" HEIGHT="35" CONTENT="Musik" WC="0.98" CC="05050"/>
						<SP ID="P5_SP00646" HPOS="2418" VPOS="4028" WIDTH="28"/>
						<String ID="P5_ST00752" HPOS="2446" VPOS="3993" WIDTH="185" HEIGHT="43" CONTENT="herrscht," WC="0.99" CC="701033604"/>
						<SP ID="P5_SP00647" HPOS="2631" VPOS="4036" WIDTH="31"/>
						<String ID="P5_ST00753" HPOS="2662" VPOS="3992" WIDTH="136" HEIGHT="42" CONTENT="besser," WC="0.99" CC="1053003"/>
						<SP ID="P5_SP00648" HPOS="2798" VPOS="4036" WIDTH="32"/>
						<String ID="P5_ST00754" HPOS="2830" VPOS="3991" WIDTH="54" HEIGHT="35" CONTENT="als" WC="0.98" CC="040"/>
						<SP ID="P5_SP00649" HPOS="2884" VPOS="4036" WIDTH="31"/>
						<String ID="P5_ST00755" HPOS="2915" VPOS="3991" WIDTH="65" HEIGHT="35" CONTENT="der" WC="1.00" CC="000"/>
						<SP ID="P5_SP00650" HPOS="2980" VPOS="4036" WIDTH="28"/>
						<String ID="P5_ST00756" HPOS="3008" VPOS="3988" WIDTH="154" HEIGHT="48" CONTENT="Mangel" WC="0.98" CC="407904"/>
						<SP ID="P5_SP00651" HPOS="3162" VPOS="4036" WIDTH="29"/>
						<String ID="P5_ST00757" HPOS="3191" VPOS="3989" WIDTH="104" HEIGHT="34" CONTENT="einer" WC="0.98" CC="02833"/>
					</TextLine>
					<TextLine ID="P5_TL00101" HPOS="1762" VPOS="4050" WIDTH="1527" HEIGHT="51">
						<String ID="P5_ST00758" HPOS="1762" VPOS="4055" WIDTH="289" HEIGHT="46" CONTENT="Uebersetzung" WC="0.84" CC="000242200600"/>
						<SP ID="P5_SP00652" HPOS="2051" VPOS="4101" WIDTH="28"/>
						<String ID="P5_ST00759" HPOS="2079" VPOS="4053" WIDTH="122" HEIGHT="36" CONTENT="dieses" WC="1.00" CC="030010"/>
						<SP ID="P5_SP00653" HPOS="2201" VPOS="4101" WIDTH="21"/>
						<String ID="P5_ST00760" HPOS="2222" VPOS="4054" WIDTH="151" HEIGHT="35" CONTENT="Buches" WC="0.98" CC="342700"/>
						<SP ID="P5_SP00654" HPOS="2373" VPOS="4101" WIDTH="28"/>
						<String ID="P5_ST00761" HPOS="2401" VPOS="4066" WIDTH="76" HEIGHT="24" CONTENT="von" WC="0.96" CC="054"/>
						<SP ID="P5_SP00655" HPOS="2477" VPOS="4101" WIDTH="30"/>
						<String ID="P5_ST00762" HPOS="2507" VPOS="4055" WIDTH="114" HEIGHT="44" CONTENT="Bach," WC="0.98" CC="41164"/>
						<SP ID="P5_SP00656" HPOS="2621" VPOS="4101" WIDTH="30"/>
						<String ID="P5_ST00763" HPOS="2651" VPOS="4054" WIDTH="163" HEIGHT="35" CONTENT="welches" WC="0.98" CC="5101744"/>
						<SP ID="P5_SP00657" HPOS="2814" VPOS="4101" WIDTH="28"/>
						<String ID="P5_ST00764" HPOS="2842" VPOS="4053" WIDTH="78" HEIGHT="36" CONTENT="viel" WC="0.99" CC="0040"/>
						<SP ID="P5_SP00658" HPOS="2920" VPOS="4101" WIDTH="27"/>
						<String ID="P5_ST00765" HPOS="2947" VPOS="4050" WIDTH="255" HEIGHT="39" CONTENT="bedeutender" WC="0.99" CC="56003446000"/>
						<SP ID="P5_SP00659" HPOS="3202" VPOS="4101" WIDTH="30"/>
						<String ID="P5_ST00766" HPOS="3232" VPOS="4051" WIDTH="57" HEIGHT="43" CONTENT="ist," WC="0.98" CC="0604"/>
					</TextLine>
					<TextLine ID="P5_TL00102" HPOS="1763" VPOS="4113" WIDTH="708" HEIGHT="37">
						<String ID="P5_ST00767" HPOS="1763" VPOS="4115" WIDTH="55" HEIGHT="35" CONTENT="als" WC="0.98" CC="005"/>
						<SP ID="P5_SP00660" HPOS="1818" VPOS="4150" WIDTH="30"/>
						<String ID="P5_ST00768" HPOS="1848" VPOS="4115" WIDTH="81" HEIGHT="34" CONTENT="sein" WC="0.99" CC="4100"/>
						<SP ID="P5_SP00661" HPOS="1929" VPOS="4150" WIDTH="31"/>
						<String ID="P5_ST00769" HPOS="1960" VPOS="4113" WIDTH="99" HEIGHT="36" CONTENT="Titel" WC="0.99" CC="00043"/>
						<SP ID="P5_SP00662" HPOS="2059" VPOS="4150" WIDTH="29"/>
						<String ID="P5_ST00770" HPOS="2088" VPOS="4114" WIDTH="225" HEIGHT="35" CONTENT="vermuthen" WC="0.71" CC="013042706"/>
						<SP ID="P5_SP00663" HPOS="2313" VPOS="4150" WIDTH="29"/>
						<String ID="P5_ST00771" HPOS="2342" VPOS="4115" WIDTH="104" HEIGHT="35" CONTENT="lässt." WC="0.71" CC="460302"/>
						<String ID="P5_ST00772" HPOS="2454" VPOS="4114" WIDTH="17" HEIGHT="20" CONTENT="u" STYLE="superscript" WC="0.54" CC="4"/>
					</TextLine>
				</TextBlock>
			</PrintSpace>
		</Page>
	</Layout>
</alto>
