3487 4399
1751 135 103 49 180

350 269 104 48 Wir
503 270 139 47 bitten
684 271 151 49 Herrn
866 273 162 54 Franz,
1072 273 231 63 folgendes
1347 274 144 48 kleine
1536 277 207 63 Register

229 345 77 47 mit
329 362 80 31 uns
432 346 363 64 durchzugehen.
828 349 60 46 Es
915 349 167 47 betrifft
1104 350 211 46 zunächst
1339 367 162 31 unsere
1533 353 208 47 Musik-

225 423 271 63 Zeitung,
540 424 136 48 deren
708 424 92 48 drei
832 434 117 38 erste
976 426 265 65 Jahrgänge
1272 428 83 47 den
1388 429 112 47 Titel
1543 430 164 54 „Rhei-

225 500 192 46 nische
686 500 142 50 1850
841 501 238 57 —1852,
1118 503 70 47 die
1218 503 198 48 anderen
1447 506 136 47 zwölf
1606 506 107 47 Jahr-

225 579 147 61 gänge
403 593 80 30 von
522 575 140 51 1853
695 594 53 30 an
783 579 63 45 bis
870 579 107 63 jetzt
1006 579 85 48 den
1124 580 113 47 Titel
1275 580 430 55 „Niederrheini-

221 654 123 45 sche
578 655 182 48 führen.

344 729 158 49 1850.
536 732 92 49 Rh,
658 734 134 45 M.-Z.
823 734 32 45 I.
886 734 80 47 Nr.
999 732 45 49 5.
1091 735 47 46 F.
1171 734 210 48 Hiller:
1415 735 213 48 Vorwort
1660 754 80 31 zur

223 806 403 65 hundertjährigen
644 809 428 64 Erinnerungsfeier
1101 826 83 32 von
1207 812 39 46 J.
1272 811 44 47 S.
1341 811 195 48 Bach's
1567 814 141 47 Todes-

220 891 79 57 tag
329 884 84 48 den
440 884 85 49 28.
549 886 104 47 Juni
681 887 41 46 in
746 887 133 49 Köln.
911 887 284 64 Aufgeführt
1228 889 187 47 wurden
1447 889 132 48 dabei
1614 909 41 29 u.
1682 894 54 45 A.

221 960 98 48 eine
360 961 302 65 zweichörige
692 965 187 46 Motette
922 964 92 48 und
1057 964 70 48 die
1170 965 354 65 fünfstimmige:
1565 969 89 53 „Es
1684 969 54 45 ist

219 1054 91 32 nun
342 1037 141 49 nichts
976 1059 40 30 u.
1046 1058 34 31 s.
1112 1058 53 31 w.
1267 1042 153 49 Ueber
1451 1044 77 47 das
1564 1045 171 47 Wesen

217 1115 91 47 und
353 1115 70 47 die
464 1117 278 64 Auffassung
785 1117 80 47 der
908 1120 277 47 Bach'schen
1230 1120 280 66 Polyphonie
1554 1121 181 64 (Franz,

216 1192 42 46 S.
299 1191 81 65 11)
412 1192 51 47 ist
492 1193 101 47 dort
624 1195 281 48 ausführlich
938 1196 90 47 und
1059 1197 79 47 mit
1171 1197 123 47 Geist
1329 1199 280 64 gesprochen
1645 1201 89 46 und

215 1268 70 47 die
304 1268 307 68 Verbreitung
635 1271 80 48 der
738 1272 597 68 Kirchen-Compositionen
1362 1293 141 30 warm
1529 1277 176 64 empfoh-

214 1346 83 47 len.
331 1346 174 48 Ferner
534 1348 251 64 vergleiche
817 1366 102 32 man
952 1351 113 47 eben
1098 1351 202 48 darüber
1330 1369 163 31 unsere
1521 1353 213 49 Aufsätze

211 1423 43 47 in
299 1423 79 47 der
417 1425 345 49 Kölnischen
803 1428 268 64 Zeitung,
1120 1428 160 58 1859,
1326 1431 79 47 Nr.
1444 1430 122 58 105,
1611 1432 122 56 112,

211 1500 93 48 und
342 1501 141 49 1860
513 1503 78 49 Nr.
624 1503 88 57 95,
758 1521 68 31 wo
858 1522 41 30 u.
932 1508 54 44 A.
1018 1523 80 30 aus
1140 1507 217 48 einander
1401 1517 169 55 gesetzt
1602 1510 130 56 wird,

221 1578 129 56 „dass
395 1595 44 30 es
480 1581 103 45 sehr
626 1580 79 48 viel
746 1583 228 63 verlange,
1018 1583 85 48 den
1136 1585 278 47 wunderbar
1443 1587 290 64 quellenden,

210 1656 147 46 neben
391 1656 86 47 und
510 1657 40 46 in
583 1658 216 48 einander
829 1659 265 49 iiiessenden
1119 1661 309 65 Strömungen
1462 1680 83 31 von
1573 1665 160 47 Bach's

209 1732 254 48 Melodieen
486 1751 51 29 zu
564 1734 165 64 folgen,
763 1754 73 30 um
862 1737 70 48 die
953 1738 330 49 Meisterschaft
1306 1741 146 47 seiner
1474 1741 229 65 Schöpfun-

209 1827 85 47 gen
337 1810 42 46 in
424 1811 447 67 kunstverständiger
905 1816 156 47 Weise
1103 1834 52 29 zu
1202 1817 282 49 bewundern
1527 1820 89 47 und
1661 1820 72 47 die

207 1887 270 63 organische
498 1889 323 66 Entwicklung
850 1893 122 47 eines
995 1893 136 64 jeden
1156 1894 332 50 Musikstückes
1518 1913 83 31 von
1639 1897 92 48 ihm

209 1980 83 31 von
322 1965 144 48 ihrem
501 1974 148 41 ersten
680 1969 162 47 Keime
875 1971 63 46 bis
979 1988 51 30 zu
1073 1971 122 48 ihrer
1227 1973 297 64 mächtigsten
1554 1975 154 48 Entfal-

209 2049 112 57 tung
349 2060 51 29 zu
433 2044 228 64 verfolgen
694 2046 90 47 und
814 2047 42 48 in
886 2048 91 47 sich
1009 2049 363 58 aufzunehmen;
1415 2051 100 48 dass
1547 2068 44 32 es
1621 2053 112 47 aber

207 2119 147 47 neben
400 2120 166 48 diesem
626 2122 258 49 bewussten
931 2126 203 49 Genüsse
1185 2128 130 47 einen
1367 2129 233 48 Eindruck
1652 2130 79 47 der

208 2196 237 48 Tonkunst
475 2199 75 46 auf
579 2199 78 47 das
682 2201 169 47 Gefühl
884 2202 133 63 gebe,
1047 2202 159 49 dessen
1230 2205 188 48 Gründe
1449 2206 103 48 dem
1578 2208 154 47 Hörer

207 2274 122 47 nicht
359 2274 96 48 klar
484 2293 98 29 zum
619 2278 301 49 Bewusstsein
953 2280 234 59 kommen,
1224 2282 80 48 der
1335 2283 112 48 aber
1479 2300 82 32 von
1594 2284 108 49 über-

207 2352 261 63 wiegender
503 2354 232 66 Wirkung
780 2357 79 46 auf
898 2356 69 48 die
1011 2359 130 47 Seele
1181 2362 54 44 ist
1278 2361 89 47 und
1409 2361 120 48 diese
1559 2379 52 30 zu
1643 2362 85 48 den

205 2429 197 48 edelsten
436 2431 87 46 und
556 2432 303 49 erhabensten
890 2435 319 65 Stimmungen
1249 2439 312 64 emporheben
1594 2440 134 49 kann.

205 2506 100 48 Und
337 2506 150 50 diesen
520 2509 233 49 Eindruck
786 2516 213 60 vermöge
1040 2514 246 49 besonders
1317 2516 115 48 auch
1464 2516 70 48 die
1566 2518 161 48 Bach'-

202 2584 104 48 sche
332 2586 278 64 Polyphonie
636 2589 80 46 auf
738 2588 83 48 den
845 2590 210 49 Zuhörer
1077 2610 53 29 zu
1156 2594 209 56 machen,
1397 2596 100 46 weil
1520 2596 62 47 sie
1607 2596 122 48 nicht

204 2662 81 47 auf
307 2664 443 50 Aeusserlichkeiten
781 2667 159 64 irgend
972 2669 124 47 einer
1126 2670 100 56 Art,
1263 2671 197 48 sondern
1491 2690 113 47 ganz
1636 2673 91 48 und

204 2756 83 46 gar
318 2741 80 46 auf
422 2741 101 48 dem
557 2743 282 49 Innerlichen
873 2745 79 49 der
981 2747 165 56 Kunst,
1190 2749 82 47 auf
1309 2749 139 48 deren
1487 2750 238 65 geistigem

208 2817 170 48 Wesen
411 2818 178 49 beruht.
647 2822 103 47 Nun
797 2822 76 48 hat
912 2823 111 48 aber
1063 2824 102 48 kein
1204 2827 308 49 Tonkünstler
1542 2829 80 47 auf
1648 2829 80 48 der

209 2894 125 48 Welt
383 2897 128 47 mehr
553 2914 102 31 von
700 2900 170 47 innen
916 2901 217 48 heraus
1178 2904 277 62 geschaffen,
1500 2907 62 46 als
1605 2907 119 48 Bach

204 2988 40 30 u.
275 2988 31 32 s.
341 2989 54 30 w.
453 2975 177 49 Darum
672 2975 164 50 bedarf
874 2995 45 30 es
963 2980 123 47 nicht
1124 2980 76 48 des
1232 2983 383 48 Durchschauens
1646 2984 81 48 der

204 3050 295 62 ungeheuren
541 3053 482 51 Kunstmeisterschaft
1066 3057 77 48 des
1189 3060 167 55 Heros,
1395 3077 74 31 um
1510 3062 92 47 sich
1653 3062 74 48 für

200 3126 74 49 ihn
297 3145 52 29 zu
376 3128 275 64 begeistern,
681 3149 49 30 er
750 3134 203 64 verlangt
976 3152 87 30 nur
1087 3135 70 49 ein
1190 3137 243 48 fühlendes
1458 3140 238 48 Menschen-

200 3204 103 49 herz
333 3206 152 49 seinen
518 3209 159 47 Tönen
708 3212 284 62 gegenüber,
1025 3213 89 47 und

405 3290 92 35 Was
527 3290 97 36 einst
652 3303 68 24 aus
750 3293 124 34 seiner
901 3295 118 35 tiefen
1047 3296 115 35 Brust
1192 3300 274 44 entsprungen,

405 3353 86 34 Erst
512 3354 108 44 jetzt,
651 3366 57 23 wo
739 3366 39 23 es
807 3356 119 35 durch
955 3358 120 34 Jahre
1105 3358 355 49 durchgedrungen,

405 3412 201 35 Erscheint
634 3425 39 23 es
703 3415 38 33 in
770 3415 237 36 vollendeter
1037 3417 159 35 Gestalt.

409 3473 90 34 Was
527 3472 141 47 glänzt,
698 3476 49 33 ist
773 3477 60 34 für
863 3476 71 36 den
964 3478 245 46 Augenblick
1237 3479 179 46 geboren,

405 3534 80 34 Das
513 3534 120 35 Echte
661 3535 120 37 bleibt
809 3537 64 35 der
901 3539 201 35 Nachwelt

314 3598 94 47 Uns
440 3596 161 59 dünkt,
651 3599 100 48 dass
789 3601 151 49 solche
973 3603 424 67 Aufforderungen,
1440 3603 92 52 sich
1566 3608 160 48 Bach'-

196 3674 131 49 scher
356 3676 147 47 Musik
536 3678 304 64 hinzugeben,
870 3680 42 47 in
952 3680 200 59 16,000
1185 3684 309 65 Exemplaren
1526 3686 175 50 verbrei-

198 3758 79 49 tet,
308 3751 71 48 die
411 3754 311 49 musicalische
743 3756 297 50 Journalistik
1071 3759 115 48 doch
1218 3778 149 48 gegen
1397 3761 87 50 den
1512 3763 222 49 Vorwurf

198 3827 77 50 des
322 3830 384 67 Todschweigens
750 3835 271 50 Bach'scher
1057 3836 295 51 Vocalmusik
1395 3840 193 66 gehörig
1630 3859 72 32 ver-

198 3906 230 64 theidigen
460 3909 218 49 könnten!

315 3986 158 64 Fügen
506 3987 81 46 wir
628 3987 97 50 hier
761 3990 145 63 gleich
952 3990 149 58 hinzu,
1145 3994 100 48 dass
1286 3995 81 48 der
1407 3995 169 50 schöne
1607 3998 89 48 Aus-

197 4064 161 63 spruch
391 4065 258 48 Luthers
681 4067 116 49 über
826 4069 71 48 die
926 4069 200 51 anderen
1148 4073 240 56 Stimmen,
1423 4075 270 54 „weichene-

1846 277 85 47 ben
1978 277 78 48 der
2098 278 257 47 schlechten
2397 278 280 65 (schlichten)
2712 280 157 49 Weise
2914 282 111 48 oder
3070 283 102 47 dem
3218 284 153 48 Tenor

1844 354 160 47 herum
2036 370 234 49 gesungen
2558 372 41 32 u.
2630 372 31 32 s.
2697 373 71 39 w.,
2808 358 85 47 den
2926 360 146 46 Franz
3103 360 43 47 S.
3180 359 69 50 23
3285 377 52 32 an-

1844 431 148 55 führt,
2021 431 114 47 auch
2162 433 138 47 schon
2333 449 75 31 vor
2439 433 109 47 zehn
2572 434 172 47 Jahren
2775 435 42 46 in
2844 437 80 45 der
2947 437 238 48 Niederrh.
3212 439 155 57 M.-Z.,

1848 506 163 58 1854,
2039 509 38 47 N
2086 525 31 30 r.
2152 509 86 57 51,
2284 513 72 43 auf
2396 510 158 47 Bach's
2591 511 282 64 Polyphonie
2912 529 83 32 von
3029 515 47 46 L.
3111 514 254 50 Kindscher

1839 585 295 64 angewandt,
2166 603 49 29 zu
2246 585 120 48 lesen
2393 588 67 47 ist.

1964 661 158 49 1852.
2157 663 338 48 Rheinische
2525 665 136 47 M.-Z.
2691 665 54 47 11.
2784 666 80 47 Nr.
2896 666 72 47 44
3001 666 89 47 und
3123 666 89 58 46,
3244 668 115 48 über

1839 739 160 48 Bach's
2032 740 294 47 Cantaten.
2387 743 110 45 Hier
2540 741 136 47 heisst
2718 758 46 30 es
2811 744 43 46 S.
2891 743 101 48 781
3038 760 40 31 u.
3111 748 78 44 A.:
3252 745 114 55 „Die

1839 816 223 47 herrliche
2092 818 147 47 Musik
2272 818 145 47 dieser
2445 818 111 48 zehn
2589 819 223 47 Gantaten
2853 820 53 47 ist
2937 821 280 65 keineswegs
3249 821 119 49 bloss

1839 894 76 45 für
1946 894 85 47 den
2058 895 200 56 Kenner,
2290 895 81 46 der
2396 895 95 48 ihre
2515 896 474 64 vielverschlungenen
3014 898 155 48 Fäden
3192 917 53 29 zu
3269 915 72 32 ver-

1838 970 150 63 folgen
2035 970 90 47 und
2156 988 50 30 zu
2247 971 246 48 entwirren
2526 972 144 54 weiss,
2712 972 70 47 ein
2815 974 195 57 Genuss,
3047 975 198 48 sondern
3286 975 80 48 für

1834 1047 161 56 Jeden,
2035 1047 80 49 der
2156 1049 113 47 noch
2314 1049 109 48 Sinn
2465 1050 77 47 für
2582 1051 99 46 eine
2713 1051 205 64 Gattung
2957 1068 82 31 von
3071 1054 151 47 Musik
3268 1058 97 53 hat,

1838 1125 170 47 welche
2051 1126 80 46 mit
2173 1125 80 48 der
2298 1126 247 47 reichsten.
2566 1127 244 49 Phantasie
2862 1127 80 49 der
2985 1129 261 66 Erfindung
3291 1130 71 48 die

1835 1201 294 48 kunstvollste
2167 1204 434 63 contrapunktische
2630 1204 164 48 Arbeit
2830 1223 52 29 zu
2920 1206 260 65 vereinigen
3222 1207 143 49 weiss.

1835 1279 113 48 Eine
1973 1280 349 63 Rangordnung
2356 1290 132 38 unter
2519 1282 152 47 diesen
2700 1282 113 47 zehn
2840 1282 224 50 Cantaten
3093 1303 52 29 zu
3179 1285 160 47 bestim-

1835 1373 120 39 men,
1980 1357 150 47 dürfte
2152 1357 240 64 schwierig
2415 1359 118 55 sein;
2562 1359 62 47 sie
2647 1359 95 48 sind
2769 1360 85 47 alle
2877 1361 157 56 schön,
3066 1361 114 48 doch
3207 1362 125 49 möch-

1832 1442 75 40 ten
1938 1436 83 46 wir
2050 1436 79 48 Nr.
2158 1436 80 56 IV,
2270 1436 77 56 VI,
2382 1437 120 55 VIII,
2531 1437 45 47 X
2618 1437 76 47 für
2726 1437 362 66 Aufführungen
3130 1440 86 48 den
3250 1441 87 47 Vor-

1830 1529 85 47 zug
1946 1512 164 64 geben.
2167 1513 48 47 In
2248 1515 79 47 Nr.
2363 1515 128 47 VIII:
2533 1515 235 54 „Liebster
2798 1516 125 55 Gott,
2956 1533 134 31 wann
3122 1517 140 49 werd'
3293 1517 70 49 ich

2114 1606 120 32 muss
2275 1592 71 47 die
2379 1592 234 65 Wirkung
2660 1592 76 48 des
2777 1594 184 46 Ganzen
3003 1595 116 47 auch
3165 1595 83 47 auf
3285 1595 78 48 das

1830 1682 157 49 grosse
2017 1666 240 49 Publicum
2300 1668 130 49 einen
2463 1670 338 49 wunderbaren
2834 1670 233 49 Eindruck

1955 1742 157 51 1853.
2157 1745 297 49 Niederrh.
2496 1747 136 47 M.-Z.
2677 1748 31 47 I.
2763 1747 199 66 Anzeige
3003 1748 80 49 der
3122 1746 156 52 Missa
3318 1750 44 48 in

1830 1820 174 50 A-dur.
2034 1822 367 57 Literaturblatt,
2431 1825 45 47 S.
2509 1822 47 51 8.

1955 1900 160 49 1854.
2147 1901 53 48 11.
2232 1902 80 47 Nr.
2349 1901 81 49 11.
2464 1902 88 47 Ed.
2585 1903 226 63 Krüger
2851 1902 116 48 über
2996 1905 45 47 X
3072 1903 291 50 Cantaten

1833 1975 100 66 (Bd.
1951 1978 53 47 11.
2030 1977 80 48 der
2131 1978 214 65 leipziger
2369 1980 236 64 Ausgabe)
2625 1980 314 49 ausführliche
2958 1982 404 65 Beurtheilungen.

1832 2055 144 48 Darin
2008 2055 70 48 die
2109 2056 138 48 Stelle
2277 2056 63 63 (S.
2373 2056 117 66 81):
2544 2057 158 56 „Aber
2731 2057 115 48 auch
2891 2057 118 50 dem
3042 2058 180 50 Volke
3264 2060 99 48 sind

1832 2132 161 48 Bach's
2027 2133 178 50 Werke
2236 2133 223 65 gegeben.
2519 2136 58 47 Es
2608 2136 54 47 ist
2689 2136 70 48 ein
2792 2135 132 49 böses
2953 2137 285 57 Vorurtheil,
3278 2155 84 32 von

1832 2209 151 49 faulen
2016 2211 363 48 Halbkünstlern
2410 2212 241 56 erfunden,
2697 2213 63 49 als
2788 2213 61 49 sei
2882 2213 81 49 der
2992 2215 89 47 alte
3109 2215 125 48 Bach
3277 2232 86 31 nur

1830 2287 83 47 für
1952 2287 71 49 die
2054 2288 262 48 Gelehrten.
2373 2289 86 49 Die
2488 2306 49 32 so
2566 2289 240 65 sprechen,
2849 2291 151 48 haben
3031 2291 77 49 ihn
3138 2292 124 48 nicht
3290 2309 46 31 er-

1830 2364 182 65 griffen,
2055 2366 111 48 oder
2195 2367 72 47 nie
2298 2367 225 55 versucht,
2553 2367 102 48 dem
2688 2367 147 48 Volke
2865 2386 51 30 zu
2949 2368 167 65 geben,
3160 2386 94 32 was
3283 2369 78 50 des

1830 2442 169 48 Volkes
2039 2443 66 48 ist.
2162 2444 161 47 Bach's
2352 2446 339 62 Zeitgenossen,
2722 2444 71 50 die
2825 2446 236 64 freudigen
3093 2448 155 47 Hörer
3276 2448 63 47 sei-

1829 2536 79 32 nes
1941 2521 206 54 Wortes,
2178 2537 154 33 waren
2366 2523 122 47 nicht
2516 2523 248 65 gelehrter,
2794 2524 64 47 als
2890 2524 99 56 wir,
3019 2523 112 50 aber
3152 2526 63 47 sie
3238 2533 97 41 stan-

1829 2597 85 48 den
1955 2598 79 48 mit
2074 2598 170 48 Einfalt
2289 2599 90 49 und
2420 2601 284 64 Hingebung
2745 2602 42 47 in
2831 2602 81 47 der
2952 2603 186 55 Kirche,
3184 2602 92 49 und
3311 2620 50 31 er

1830 2683 165 56 wagte,
2026 2676 135 48 ihnen
2191 2693 52 31 zu
2274 2677 167 65 geben,
2476 2695 154 31 woran
2653 2679 63 47 sie
2740 2679 382 64 emporklimmen
3147 2679 212 50 möchten

1827 2771 50 29 zu
1912 2753 221 50 höherem
2672 2757 103 48 Und
2816 2775 93 30 nun
2945 2758 254 64 vergleiche
3239 2776 120 39 man,

1830 2847 92 32 was
1964 2832 145 47 Franz
2152 2832 44 48 S.
2238 2833 34 47 4
2312 2833 217 56 schreibt,
2580 2833 100 48 dass
2731 2834 71 47 die
2843 2836 297 47 Journalistik
3188 2832 173 52 Schuld

1828 2908 143 49 daran
1998 2913 138 52 wäre,
2166 2909 101 50 dass
2298 2910 70 49 die
2392 2912 146 48 Leute
2568 2912 216 57 meinten,
2815 2930 104 31 man
2952 2917 148 46 müsse
3125 2914 120 47 Bach
3272 2914 86 49 den

1829 2987 248 48 Gelehrten
2107 2987 318 49 überlassen!!

1952 3063 159 51 1854.
2142 3067 54 47 11.
2228 3067 79 48 Nr.
2335 3065 86 50 51.
2451 3067 51 48 L.
2528 3067 327 49 Kindscher
2884 3068 116 48 über
3031 3068 86 51 den
3149 3071 213 48 variirten

1829 3140 183 50 Choral.

1954 3219 158 50 1855.
2143 3220 77 49 111.
2252 3222 81 47 Nr.
2371 3220 80 50 12.
2498 3222 153 48 Ueber
2681 3222 71 48 die
2782 3223 579 49 Johannis-Passion.

1829 3298 144 47 Darin
1998 3298 70 47 die
2092 3298 137 48 Stelle
2255 3298 62 65 (S.
2345 3299 108 65 94),
2483 3299 41 47 in
2558 3299 197 48 welcher
2787 3300 97 58 wir,
2915 3300 223 49 nachdem
3172 3302 82 47 wir
3277 3318 85 32 von

1828 3374 103 48 dem
1964 3375 471 50 ausserordentlichen
2469 3377 233 48 Eindruck
2732 3377 81 49 der
2841 3379 332 64 zweichörigen
3202 3380 128 56 „Him-

2351 3472 72 32 am
2449 3455 267 49 Musikfeste
2745 3457 59 47 im
2830 3458 143 47 Jahre
3004 3457 143 49 1838
3173 3458 43 48 in
3243 3459 89 47 Düs-

1827 3530 174 49 seldorf
2037 3533 303 63 gesprochen,
2397 3533 258 63 Folgendes
2699 3534 207 47 wörtlich
2951 3538 209 44 äussern:
3225 3535 137 56 „Wir

1828 3609 161 48 dürfen
2020 3610 61 47 im
2112 3610 257 49 Andenken
2401 3628 54 31 an
2477 3612 128 64 jenes
2638 3612 377 64 Durchschlagen
3047 3612 80 48 der
3155 3631 175 47 genann-

1828 3694 74 41 ten
1935 3688 191 48 Cantate
2159 3688 89 48 und
2283 3697 132 40 unter
2443 3688 101 49 dem
2578 3689 193 48 frischen
2796 3690 264 49 Eindrucke
3085 3690 81 49 der
3187 3693 145 47 Johan-

1828 3764 279 49 nis-Passion
2152 3764 71 49 die
2262 3765 294 66 Bemerkung
2600 3768 123 47 nicht
2768 3766 358 61 unterdrücken,
3170 3768 102 49 dass
3315 3784 46 33 es

1827 3843 105 48 sehr
1971 3860 51 31 zu
2056 3843 237 49 bedauern
2332 3845 70 56 ist,
2446 3845 102 48 dass
2587 3862 83 31 von
2716 3845 85 48 den
2849 3846 274 49 Cantaten
3168 3848 193 48 Bach's

1827 3920 123 48 nicht
1980 3920 209 66 häufiger
2218 3923 43 47 in
2293 3920 86 50 den
2404 3921 573 51 öffentlichen.Concerten
3004 3924 246 49 Gebrauch
3283 3940 52 49 ge-

1828 3999 152 47 macht
2012 3999 127 49 wird.
2201 4000 104 48 Wir
2346 4000 151 48 halten
2534 4000 71 48 die
2642 4000 306 66 Aufführung
2989 4003 237 48 derselben
3272 4019 58 32 so-

1825 4093 104 48 gar
1984 4078 359 63 geeigneter,
2410 4078 101 49 den
2564 4078 135 49 Sinn
2759 4079 87 48 für
2901 4080 197 48 Bach's
3155 4080 204 50 Vocal-
