3690 4475
1792 138 92 56 317

334 288 140 53 Eines
504 285 195 55 Abends
729 285 104 51 fuhr
863 287 182 51 Hossini
1087 287 83 51 auf
1193 287 90 51 den
1312 287 227 66 Lagunen
1572 284 221 70 spaziren.

207 374 102 52 Auf
332 373 164 52 einmal
527 372 110 52 hört
666 388 51 35 er
747 391 105 32 vom
883 372 115 51 Lido
1042 372 83 51 her
1170 372 166 51 frische
1367 369 241 62 Stimmen,
1654 371 140 50 deren

206 459 155 68 Klang
390 458 76 52 ihn
494 476 80 33 um
605 475 52 33 so
690 457 129 51 mehr
864 475 162 49 anzog,
1068 457 66 49 als
1178 473 49 33 er
1258 454 257 51 Melodieen
1560 473 82 33 aus
1673 458 90 48 Tan-

206 543 109 52 cred
347 543 146 51 durch
522 543 73 50 die
624 543 110 51 Luft
765 550 122 61 trug.
939 542 66 50 Er
1037 541 104 51 fuhr
1171 541 146 49 näher
1348 539 156 51 heran.
1550 541 86 51 Die
1668 543 94 50 Gon-

207 628 174 52 doliere
404 627 113 52 aber
539 628 254 51 erkannten
818 628 92 57 ihn,
940 626 95 51 und
1070 626 104 49 bald
1205 625 79 50 sah
1317 642 52 32 er
1400 626 94 51 sich
1526 645 87 32 von
1646 627 146 51 einem

206 713 164 51 Kreise
413 732 89 32 von
549 713 213 51 Gondeln
808 711 268 66 umzingelt,
1132 711 82 49 der
1259 710 161 50 immer
1465 715 189 64 grösser
1697 711 95 52 und

206 799 178 50 dichter
402 797 176 52 wurde.
603 799 215 64 Gesänge
835 812 82 34 aus
935 795 155 49 seinen
1105 795 161 68 Opern
1285 796 289 60 erschallten,
1590 796 202 52 Fackeln

207 884 220 50 tauchten
460 900 83 32 aus
576 881 82 51 der
690 879 283 52 Dunkelheit
1004 879 82 50 der
1114 879 149 52 Nacht
1294 898 163 53 empor
1498 881 94 52 und
1625 882 168 68 gingen

206 969 86 50 wie
308 969 168 50 Sterne
501 967 163 49 immer
685 964 278 50 zahlreicher
981 965 99 58 auf;
1111 964 82 52 der
1214 965 308 68 improvisirte
1543 966 218 69 Triumph-

207 1070 90 50 zug
314 1053 104 49 fuhr
442 1049 146 52 durch
614 1049 71 51 die
705 1049 169 51 Canäle
901 1050 114 51 nach
1034 1051 220 50 Rossini's
1273 1050 288 69 Wohnung;
1592 1050 201 51 schnelle

205 1135 188 53 Nachen
414 1135 94 51 und
531 1135 150 50 Boten
713 1153 153 32 waren
894 1136 322 68 vorausgeeilt,
1247 1135 73 50 die
1344 1135 300 67 anliegenden
1664 1136 96 52 Häu-

206 1239 75 32 ser
313 1220 194 51 wurden
537 1219 280 60 beleuchtet,
855 1220 100 50 eine
987 1221 244 68 unzählige
1264 1220 315 69 Volksmenge
1611 1221 90 50 rief
1724 1221 69 50 ihr

214 1307 181 50 Evvita
416 1305 44 51 in
490 1305 72 51 die
583 1307 135 49 Lüfte
750 1305 107 59 und,
889 1323 57 33 an
977 1307 150 49 seiner
1147 1305 263 69 Wohnung
1439 1305 352 68 angekommen,

206 1390 105 52 fand
341 1408 52 33 er
423 1390 117 51 auch
572 1390 123 51 diese
728 1389 171 52 bereits
931 1390 305 68 geschmückt
1265 1390 97 51 und
1391 1390 274 61 erleuchtet,
1698 1392 94 50 und

206 1475 164 52 wurde
414 1475 115 51 über
572 1475 198 51 Blumen
822 1474 94 51 und
971 1475 186 51 Kränze
1202 1474 67 52 bis
1321 1475 44 51 in
1412 1475 125 51 seine
1589 1477 203 52 Zimmer

205 1561 199 67 geführt.

330 1646 111 49 Man
470 1644 177 51 erzählt
677 1643 309 69 gewöhnlich,
1018 1643 104 52 dass
1152 1644 183 52 Rossini
1367 1646 108 50 sehr
1505 1644 173 52 schnell
1710 1663 52 50 ge-

203 1728 199 52 arbeitet
427 1729 96 51 und
555 1746 137 51 sogar
723 1729 124 51 seine
879 1733 183 64 grösste
1094 1731 146 67 Oper,
1282 1770 17 19 „
1315 1731 224 52 Wilhelm
1745 1731 47 50 in

203 1815 96 52 drei
329 1815 220 50 Monaten
581 1813 302 69 geschrieben
911 1813 134 60 habe,
1076 1815 169 58 ferner,
1272 1815 104 52 dass
1407 1834 52 31 er
1489 1815 302 69 componirte,

203 1900 224 50 während
466 1917 51 32 er
546 1900 184 49 Besuch
777 1898 127 50 hatte
945 1897 97 52 und
1073 1898 92 50 sich
1199 1898 145 52 selbst
1386 1900 84 50 mit
1499 1900 81 52 der
1612 1898 151 52 Gesell-

203 1982 146 52 schaft
379 1982 252 52 unterhielt
670 1982 96 51 und
795 1982 282 51 Anekdoten
1117 1983 217 51 erzählte.
1392 1983 97 52 Das
1522 1985 181 53 Wahre
1734 2001 57 33 an

203 2067 84 51 der
318 2066 150 51 Sache
498 2067 72 60 ist,
612 2066 105 52 dass
747 2066 183 52 Rossini
962 2067 89 50 den
1084 2067 190 69 Vorzug
1299 2067 125 52 eines
1459 2086 115 51 ganz
1606 2086 158 33 ausser-

203 2151 317 52 ordentlichen
550 2151 356 52 Gedächtnisses
937 2152 96 51 und
1063 2152 80 51 das
1169 2152 158 51 innere
1359 2154 314 50 musicalische
1698 2155 60 49 Le-

202 2237 108 60 ben,
342 2236 198 52 welches
572 2236 78 52 das
676 2237 142 51 Genie
837 2237 254 58 ausmacht,
1123 2239 80 49 mit
1223 2237 182 52 Mozart
1435 2239 182 67 gemein
1642 2239 143 53 hatte.

205 2323 111 52 Wie
346 2321 162 61 dieser,
553 2329 111 61 trug
713 2323 117 50 auch
874 2323 81 50 der
998 2321 280 52 italiänische
1307 2324 193 51 Meister
1543 2324 125 51 nicht
1697 2342 90 34 nur

203 2406 202 51 einzelne
436 2406 143 51 Arien
611 2406 93 51 und
734 2408 191 58 Duette,
958 2408 200 50 sondern
1190 2425 145 50 ganze
1365 2409 172 61 Finale,
1571 2409 62 67 ja,
1679 2427 107 33 man

205 2491 119 51 kann
355 2490 280 69 behaupten,
667 2508 145 51 ganze
844 2491 165 69 Opern
1051 2509 52 33 so
1143 2499 84 60 gut
1268 2493 86 49 wie
1393 2493 138 68 fertig
1567 2493 82 50 mit
1689 2493 97 50 sich

203 2577 60 49 im
295 2577 151 67 Kopfe
476 2575 190 61 herum;
718 2583 146 43 setzte
896 2593 50 33 er
977 2575 94 51 sich
1103 2577 120 50 dann
1254 2596 57 31 an
1343 2577 89 50 den
1462 2578 324 59 Arbeitstisch,

205 2678 52 33 so
289 2660 107 51 floss
427 2660 127 51 Alles
586 2660 171 51 freilich
789 2679 52 32 so
874 2660 171 51 schnell
1076 2678 82 34 aus
1190 2662 151 50 seiner
1372 2662 166 61 Feder,
1570 2663 104 49 dass
1705 2663 81 51 der

203 2744 182 67 zufällig
399 2745 334 51 Zuschauende
757 2745 94 51 sich
875 2763 83 33 vor
979 2745 265 51 Erstaunen
1266 2747 126 50 nicht
1421 2747 150 50 lassen
1598 2747 187 61 konnte,

203 2831 103 50 weil
352 2847 50 33 er
445 2831 223 50 natürlich
710 2829 203 69 glaubte,
962 2831 78 50 das
1081 2831 503 68 Niedergeschriebene
1627 2833 160 51 werde

203 2914 119 51 auch
353 2914 42 50 in
427 2914 265 51 demselben
723 2914 319 69 Augenblicke
1084 2933 88 32 von
1203 2916 105 50 dem
1341 2916 332 68 Componisten
1706 2935 54 49 ge-

206 2999 135 50 dacht
360 2999 95 50 und
473 2998 237 52 erfunden.
741 2999 87 50 Ein
851 3001 287 48 Instrument
1161 2999 284 69 gebrauchte
1470 3018 52 32 er
1545 3001 132 50 dabei
1701 3002 86 51 nie.

332 3085 134 49 Auch
483 3086 181 49 Mozart
695 3085 202 50 schreibt
917 3104 88 31 von
1029 3085 94 50 sich
1147 3086 43 49 in
1219 3086 103 52 dem
1350 3085 263 52 bekannten
1636 3087 151 50 Briefe

203 3186 59 33 an
292 3168 88 50 den
409 3170 182 49 Baron:
642 3170 110 58 „Ich
784 3168 161 68 bringe
976 3168 71 50 die
1078 3168 332 70 Composition,
1443 3189 52 33 so
1528 3189 132 49 gross
1692 3171 95 51 und

206 3252 264 51 bedeutend
502 3253 63 50 sie
596 3253 115 51 auch
743 3255 97 48 sein
870 3272 122 49 mag,
1037 3255 43 49 in
1127 3256 197 48 meinem
1354 3256 151 69 Kopfe
1550 3256 142 49 schon
1735 3274 51 33 so

205 3337 108 51 weit
343 3355 56 32 zu
429 3336 148 61 Ende,
607 3336 104 51 dass
743 3337 69 51 ich
845 3337 62 50 sie
937 3337 59 50 im
1018 3339 156 49 Geiste
1204 3340 81 49 mit
1307 3340 164 49 Einem
1489 3340 127 49 Blick
1647 3340 111 49 über-

202 3422 109 51 sehe
440 3439 96 33 was
569 3421 69 51 ich
670 3422 162 51 einmal
864 3440 52 33 so
948 3422 172 68 gefasst
1151 3422 133 57 habe,
1317 3441 215 51 vergesse
1564 3425 68 49 ich
1663 3425 125 52 nicht

202 3506 187 51 wieder.
446 3507 137 49 Dann
628 3506 148 67 geht's
821 3506 82 50 mit
948 3506 104 51 dem
1095 3507 413 51 Niederschreiben
1553 3509 107 49 sehr
1707 3526 53 50 ge-

205 3590 203 52 schwind
549 3591 71 51 ich
663 3591 120 50 kann
818 3590 132 51 dabei
983 3591 126 51 Alles
1157 3609 79 33 um
1266 3593 119 50 mich
1429 3593 84 50 her
1553 3594 235 67 vorgehen

203 3676 152 50 lassen
386 3675 92 51 und
510 3675 116 51 auch
659 3675 121 51 wohl
812 3676 81 50 mit
924 3675 148 51 einem
1105 3694 88 33 von
1222 3678 230 50 Hühnern
1484 3678 96 50 und
1603 3679 185 51 Gänsen

329 3844 226 52 Dasselbe
584 3863 98 33 war
714 3844 69 51 bei
812 3844 183 51 Rossini
1026 3845 83 50 der
1138 3847 112 50 Fall.
1298 3847 137 50 Seine
1465 3847 218 52 Freunde
1716 3864 47 33 sa-

203 3929 92 50 hen
337 3929 77 50 ihn
455 3930 65 49 oft
562 3930 125 68 Tage
729 3930 120 66 lang,
894 3929 120 51 ohne
1044 3929 300 60 aufzuhören,
1392 3930 257 60 schreiben,
1693 3930 94 51 und

205 4013 119 51 dann
357 4013 118 51 hiess
507 4031 49 34 es
587 4014 194 52 freilich:
826 4014 138 51 Diese
996 4014 132 69 Oper
1166 4014 80 51 hat
1287 4032 52 33 er
1378 4015 46 51 in
1453 4018 106 49 acht
1599 4015 112 51 oder
1741 4017 46 50 in

203 4097 213 51 vierzehn
446 4098 159 67 Tagen
638 4099 313 68 geschrieben.
996 4098 132 52 Eben
1160 4117 52 33 so
1244 4099 139 51 falsch
1415 4120 98 31 war
1545 4118 63 43 es,
1651 4118 135 33 wenn

206 4200 104 33 man
342 4182 93 49 sich
466 4182 121 51 dann
620 4184 171 51 wieder
838 4184 218 60 erzählte,
1101 4202 51 32 er
1194 4184 206 52 faulenze
1429 4186 190 52 Monate
1665 4186 120 67 lang.

1893 284 141 52 Diese
2050 285 206 61 Monate,
2288 284 45 52 in
2364 284 151 51 denen
2545 301 52 34 er
2627 284 242 70 allerdings
2893 285 130 53 keine
3044 288 157 51 Noten
3230 285 255 60 schrieb,

1893 369 111 51 aber
2036 371 133 52 desto
2195 371 132 50 mehr
2352 371 155 50 Musik
2538 369 223 60 dachte,
2794 388 155 33 waren
2978 372 169 68 gerade
3179 372 72 52 die
3272 373 103 50 Zeit
3405 373 81 50 der

1893 454 162 51 Keime
2086 456 95 50 und
2210 456 216 59 Blüthen,
2474 456 79 50 das
2585 454 414 54 Niederschreiben
3043 476 89 32 nur
3165 457 71 52 die
3267 458 101 51 Zeit
3401 457 84 52 der

1893 538 193 52 Aernte.

2017 625 104 49 Den
2161 625 256 58 „Wilhelm
2637 625 183 52 schrieb
2865 642 52 32 er
2963 625 87 50 fast
3095 644 113 49 ganz
3254 627 80 50 auf
3375 627 105 51 dem

1890 707 248 69 Landgute
2174 708 148 52 seines
2366 708 242 54 Freundes
2649 712 160 66 Arago
2854 708 72 52 bei
2968 710 145 50 Paris.
3160 711 137 51 Eines
3329 712 152 67 Tages

1891 810 158 33 waren
2082 793 150 50 dieser
2276 793 95 51 und
2411 796 212 51 mehrere
2667 814 234 51 genauere
2931 796 243 51 Bekannte
3218 797 45 50 in
3311 797 170 50 seinem

1890 876 399 52 Arbeitszimmer.
2318 879 88 49 Die
2434 880 345 68 Unterhaltung
2809 899 98 33 war
2939 881 108 51 sehr
3077 880 190 59 lebhaft,
3298 881 182 51 Rossini

1890 962 138 51 nahm
2063 962 142 51 daran
2237 961 129 51 Theil
2411 962 96 51 und
2549 966 202 50 erzählte
2796 965 144 52 selbst
2986 967 84 50 mit
3099 965 188 52 Lachen
3333 965 148 68 einige

1889 1046 504 70 Jugendgeschichten,
2439 1046 119 52 blieb
2591 1047 111 53 aber
2732 1049 130 52 dabei
2906 1051 163 51 immer
3098 1066 73 36 am
3202 1050 273 52 Schreiben.

1890 1131 194 52 Endlich
2116 1140 178 43 streute
2324 1149 52 33 er
2407 1131 127 52 Sand
2580 1131 116 51 über
2736 1133 80 50 das
2858 1134 139 49 letzte
3027 1134 138 61 Blatt,
3208 1135 134 51 stand
3386 1135 91 60 auf,

1890 1215 102 52 rieb
2023 1216 94 52 sich
2144 1218 71 49 die
2232 1216 169 52 Hände
2425 1216 94 52 und
2542 1216 111 52 rief:
2695 1219 146 58 „Gut,
2873 1218 179 50 endlich
3081 1218 76 52 bin
3187 1219 70 51 ich

2221 1303 89 51 rief
2332 1304 274 60 Levasseur,
2639 1303 84 52 der
2751 1320 212 51 zugegen
2989 1322 113 43 war,
3143 1303 94 61 „du
3269 1304 102 52 hast
3401 1322 52 49 ge-

1889 1387 108 50 wiss
2028 1388 101 49 eine
2159 1387 130 50 recht
2334 1387 234 52 komische
2600 1389 150 51 Scene
2792 1388 223 52 während
3057 1404 194 36 unseres
3282 1388 170 68 Geplau-

1890 1472 105 50 ders
2388 1472 109 52 Wie
2525 1481 240 43 erstaunte
2789 1491 51 33 er
2863 1473 126 61 aber,
3020 1473 66 52 als
3117 1491 52 33 er
3198 1473 46 52 in
3274 1472 73 53 die
3367 1474 85 51 Par-

1889 1557 111 49 titur
2031 1557 81 51 sah
2145 1557 94 51 und
2268 1557 74 51 ein
2374 1574 187 50 grosses
2591 1558 191 51 Terzett
2811 1558 255 69 gewahrte,
3096 1558 168 52 dessen
3295 1558 155 52 Instru-

1887 1642 267 67 mentirung
2183 1642 94 51 und
2307 1642 203 67 Füllung
2539 1643 183 51 Rossini
2752 1642 120 53 eben
2902 1661 88 33 von
3020 1643 186 69 Anfang
3244 1643 67 51 bis
3342 1643 134 51 Ende

1887 1727 463 68 niedergeschrieben
2383 1727 128 51 hatte
2649 1746 49 33 es
2745 1745 99 34 war
2888 1728 80 52 das
3008 1728 250 52 berühmte
3286 1729 193 50 Terzett

1887 1809 73 53 für
1988 1812 173 60 Tenor,
2191 1812 192 50 Bariton
2413 1812 95 50 und
2538 1813 115 50 Bass
2686 1813 45 50 in
2771 1812 261 60 „Wilhelm

2472 2098 101 58 Aus
2613 2097 283 60 Hannover.

2009 2239 80 52 Ich
2110 2238 119 53 habe
2260 2240 146 52 Ihnen
2428 2240 117 52 über
2577 2241 102 51 eine
2702 2241 316 52 musicalische
3042 2243 283 53 Produclion
3358 2263 117 51 ganz

1882 2342 146 34 neuer
2068 2325 91 51 Art
2204 2344 57 33 zu
2307 2325 254 62 berichten,
2604 2326 75 51 bei
2723 2328 201 50 welcher
2968 2345 51 33 es
3063 2329 272 52 zweifelhaft
3377 2331 98 52 sein

1884 2409 188 61 könnte,
2114 2409 60 51 ob
2219 2409 82 52 der
2332 2411 268 51 Producent
2642 2410 113 52 oder
2797 2411 80 51 das
2907 2413 305 58 Instrument,
3253 2414 82 51 auf
3363 2415 84 51 wel-

1882 2494 132 52 chem
2046 2512 51 33 er
2126 2495 177 69 spielte,
2333 2495 132 51 mehr
2495 2498 232 49 Interesse
2749 2516 57 31 zu
2830 2498 193 51 wecken
3052 2498 252 61 verdiente,
3339 2517 136 34 wenn

1881 2578 126 52 nicht
2034 2578 71 52 die
2120 2579 201 51 Neuheit
2345 2580 96 51 und
2459 2580 309 68 Wichtigkeit
2798 2580 81 52 des
2910 2582 223 52 letzteren
3165 2583 71 51 für
3265 2583 73 51 die
3356 2585 87 50 Ent-

1882 2663 233 68 wicklung
2145 2664 84 50 der
2256 2665 512 52 Instrumental-Musik
2804 2665 329 70 überwiegend
3173 2672 142 47 wäre.
3362 2669 110 52 Wir

1882 2748 160 51 hatten
2072 2748 196 51 nämlich
2300 2749 318 69 Gelegenheit,
2660 2749 78 51 das
2771 2751 397 52 Orchestrion
3199 2752 80 52 des
3311 2754 159 51 Herrn

1881 2832 258 52 Merklin
2169 2850 82 34 aus
2284 2834 185 50 Brüssel
2501 2852 58 33 zu
2591 2834 160 60 hören,
2783 2836 203 50 welches
3018 2853 86 33 uns
3137 2836 146 52 durch
3314 2838 160 51 Herrn

1882 2917 347 52 Ferdinand
2275 2919 331 50 Kufferath
2652 2919 269 68 vorgeführt
2952 2921 178 61 wurde,
3161 2922 83 51 der
3273 2941 89 33 uns
3395 2922 54 52 be-

1880 3002 112 49 reits
2037 3002 146 51 durch
2224 3003 126 50 seine
2381 3003 378 69 Compositionen
2804 3005 294 50 vortheilhaft
3138 3005 209 53 bekannt
3377 3025 98 33 war

1882 3087 93 51 und
2008 3086 94 52 sich
2133 3106 86 32 uns
2249 3106 96 33 nun
2376 3088 119 50 auch
2535 3088 65 51 als
2641 3088 255 51 trefflicher
2926 3090 225 67 Organist
3180 3091 97 52 und
3309 3110 139 51 ausge-

1882 3172 259 50 zeichneter
2172 3172 170 51 Pianist
2373 3172 254 52 bewährte.
2660 3173 109 51 Wir
2799 3191 165 50 sagen:
2997 3175 66 50 als
3095 3176 254 51 trefflicher
3381 3178 61 49 Or-

1881 3256 164 67 ganist,
2092 3256 103 51 weil
2241 3257 85 50 wir
2368 3257 120 51 noch
2534 3257 131 50 keine
2710 3257 389 68 eigentümliche
3149 3261 321 69 Bezeichnung

1882 3340 70 49 für
1983 3340 132 51 einen
2138 3341 472 69 Orchestrionspieler
2641 3341 166 61 haben,
2839 3342 96 51 und
2968 3344 80 50 das
3072 3345 285 51 Instrument
3386 3363 83 33 vor

1881 3425 151 51 Allem
2064 3426 116 50 auch
2213 3426 97 50 eine
2331 3426 261 67 geschickte
2610 3426 310 70 Behandlung
2953 3429 79 50 des
3065 3430 158 49 Pedals
3257 3430 92 51 und
3384 3430 81 51 der

1882 3509 216 67 Register
2130 3510 221 67 verlangt.

2017 3593 152 50 Ueber
2200 3594 80 51 das
2310 3595 291 52 Instrument
2632 3596 144 51 selbst
2807 3614 108 50 sage
2944 3598 69 49 ich
3043 3598 144 50 Ihnen
3218 3596 164 61 nichts,
3413 3600 56 51 da

1882 3679 75 49 Sie
1989 3694 50 34 es
2070 3695 151 50 genau
2252 3679 208 60 kennen;
2502 3699 90 32 nur
2624 3681 104 51 darf
2761 3681 70 51 ich
2859 3681 145 50 Ihnen
3037 3681 124 51 nicht
3192 3683 246 50 verschwei-

1884 3780 104 51 gen,
2020 3763 104 50 dass
2155 3764 72 51 die
2257 3765 318 51 musicalische
2608 3767 130 52 Welt
2768 3767 143 48 Ihnen
2957 3765 206 51 dankbar
3194 3767 96 52 sein
3320 3786 145 43 muss,

1882 3847 105 50 dass
2040 3847 76 50 Sie
2168 3848 73 51 die
2288 3849 421 52 Aufmerksamkeit
2754 3849 80 50 des
2883 3848 266 53 Publicums
3208 3859 156 43 zuerst
3423 3852 44 52 in

1881 3932 320 52 Deutschland
2242 3935 82 50 auf
2365 3934 122 51 diese
2529 3934 223 51 herrliche
2783 3934 264 69 Erfindung
3077 3935 186 68 gelenkt
3293 3937 169 61 haben,

1884 4015 179 52 welche
2093 4017 102 52 eine
2224 4017 155 52 bisher
2407 4037 51 32 so
2489 4018 206 49 fühlbare
2726 4018 157 51 Lücke
2930 4019 231 51 zwischen
3193 4021 149 67 Orgel
3375 4022 95 52 und

1884 4101 266 53 Pianoforte
2182 4103 81 51 auf
2286 4103 99 50 eine
2430 4120 51 33 so
2515 4103 260 67 gelungene
2806 4103 162 52 Weise
2997 4103 201 53 ausfüllt.
3246 4107 118 49 Hier
3394 4107 77 51 hat

1886 4186 201 52 dieselbe
2116 4188 125 51 nicht
2271 4188 130 50 allein
2432 4187 80 52 das
2544 4187 193 52 höchste
2768 4189 231 51 Interesse
3028 4207 198 34 unserer
3255 4192 189 66 Majestä-
