2291 3853
2049 262 73 44 613

972 272 325 27 INFORMATIONS

861 362 88 55 II.
978 362 29 55 —
1036 362 394 55 Opéra-Comique.

196 433 155 37 Chiffre
375 433 140 49 global
540 435 71 36 des
642 442 175 30 recettes
841 435 185 43 pendant
1048 435 35 38 le
1107 435 107 38 mois
1237 436 50 37 de
1312 436 236 50 septembre
1568 451 7 24 :
1606 436 174 50 171.833
1806 434 45 37 fr.
1879 436 63 36 50.

504 504 185 36 Recettes
719 503 211 38 détaillées
962 504 51 37 du
1053 517 50 24 20
1142 505 227 50 septembre
1409 518 52 25 au
1504 518 50 25 20
1592 506 173 37 octobre.

207 2810 68 40 En
305 2812 131 38 lisant
458 2824 70 26 ces
561 2810 203 41 tableaux
788 2809 103 53 (que
914 2811 38 52 je
977 2811 217 51 publierai
1228 2814 53 37 ici
1305 2809 376 54 régulièrement),
1708 2812 38 39 le
1780 2813 163 38 lecteur
1963 2813 165 38 voudra

153 2879 101 38 bien
278 2891 46 26 se
346 2879 200 50 rappeler
569 2891 83 38 que
678 2879 39 38 le
740 2879 168 39 samedi
928 2883 20 34 à
968 2877 194 53 l'Opéra,
1184 2889 40 31 et
1248 2880 38 39 le
1310 2879 122 40 lundi
1458 2884 21 34 à
1513 2877 439 54 l'Opéra-Comique,
1975 2879 38 40 le
2036 2879 104 40 tarif

154 2947 76 38 des
252 2945 146 52 places
417 2954 64 30 est
505 2947 156 38 réduit.

757 2945 100 39 MAX
878 2945 194 41 SCHÖNE.

207 3055 153 40 ECOLE
381 3070 55 25 DE
461 3069 199 31 MUSIQUE
684 3069 57 26 DU
771 3055 147 41 MANS.

945 3079 44 4 —
1030 3055 216 53 L'emploi
1291 3058 51 38 de
1375 3056 254 53 professeur
1679 3058 53 39 de
1769 3057 259 40 violoncelle
2062 3065 64 30 est

155 3124 306 39 actuellement
494 3131 159 32 vacant
676 3127 21 34 à
722 3116 162 46 l'École
907 3125 226 39 nationale
1171 3125 52 39 de
1257 3127 206 49 musique
1496 3126 58 39 du
1586 3125 145 39 Mans.
1755 3124 86 41 Les
1885 3125 244 39 demandes

153 3191 290 41 d'admission
468 3200 99 31 sont
591 3191 380 39 immédiatement
1011 3205 165 36 reçues,
1216 3194 83 37 soit
1342 3207 53 24 au
1448 3194 257 37 secrétariat
1741 3193 53 38 de
1826 3192 37 39 la
1889 3193 154 38 mairie
2077 3192 58 39 du

153 3259 144 50 Mans,
336 3261 83 38 soit
461 3260 103 39 chez
606 3258 62 40 M.
698 3257 123 40 Léon
854 3257 178 52 Guyon,
1077 3261 231 37 secrétaire
1343 3259 52 39 de
1429 3250 161 48 l'École
1630 3260 53 37 de
1725 3261 220 48 musique,
1978 3272 58 37 15,
2060 3273 76 26 rue

153 3327 75 39 des
252 3327 272 50 Chanoines,
561 3328 38 39 le
630 3326 131 40 Mans
799 3323 215 54 (Sarthe).
1054 3325 236 40 L'examen
1321 3326 290 39 d'admission
1652 3341 103 24 aura
1791 3327 85 38 lieu
1910 3326 38 39 le
1968 3328 166 38 samedi

155 3398 48 35 28
228 3395 240 40 novembre
497 3409 116 37 1903,
642 3410 52 25 au
719 3396 122 48 siège
857 3394 52 39 de
926 3394 11 39 1
957 3385 132 48 École
1107 3393 222 40 nationale
1345 3393 54 39 de
1415 3395 221 49 musique,
1662 3407 62 38 54,
1752 3392 313 51 Grande-Rue,
2098 3395 38 39 le

155 3462 143 39 Mans.
315 3461 85 41 Les
415 3465 354 50 appointements
790 3462 168 39 alloués
980 3475 53 26 au
1057 3460 253 53 professeur
1333 3469 146 31 seront
1496 3461 53 39 de
1569 3464 77 37 800
1681 3461 144 40 francs
1861 3476 80 37 par
1964 3477 69 25 an.
2068 3462 67 40 En

156 3539 138 31 outre,
315 3531 37 38 la
374 3531 124 48 place
520 3532 52 38 de
591 3530 263 41 violoncelle
884 3530 94 39 solo
1004 3544 53 25 au
1077 3530 168 39 théâtre
1265 3530 57 39 du
1345 3528 131 41 Mans
1499 3529 59 40 lui
1577 3542 94 27 sera
1696 3534 214 35 réservée.
