2291 3853
998 270 287 27 SAINT-SAENS

2065 270 69 38 595

146 361 118 41 C'est
287 375 98 38 pur,
412 363 210 49 racinien,
654 363 135 50 digne
824 363 53 40 de
912 363 218 40 Praxitèle
1167 372 40 31 et
1246 363 53 40 de
1325 362 220 53 Raphaël,
1571 363 100 52 plus
1701 366 231 48 pénétrant
1969 375 86 39 que
2098 362 40 40 la

144 429 170 42 célèbre
335 444 115 38 page
476 446 7 25 :
508 429 106 42 Mon
638 445 111 26 cœur
770 445 19 25 s
807 445 127 28 ouvre
953 435 23 35 à
999 438 41 33 ta
1061 431 153 41 voix...

799 536 69 40 Ah
894 541 7 35 !
927 539 238 38 verse-moi
1190 535 196 42 l'ivresse
1410 540 63 37 !...

200 681 103 51 Oui,
326 681 295 42 Saint-Saëns
651 692 65 31 est
739 697 60 25 un
836 682 152 40 tendre
1007 694 9 35 ;
1056 682 29 38 il
1110 682 95 39 l'est
1228 685 143 36 même
1393 695 104 26 avec
1516 682 248 49 ingénuité,
1786 689 41 31 et
1935 682 34 38 si
1988 680 150 52 j'osais

146 751 172 50 risquer
340 765 46 26 ce
401 765 71 26 mo
485 760 85 31 ten
586 751 175 51 parlant
779 750 104 39 d'un
899 748 198 41 membre
1113 749 52 39 de
1183 748 207 40 l'lnstitut
1477 750 38 50 je
1539 749 136 39 dirais
1689 749 105 50 qu'il
1811 756 65 32 est
1891 760 19 27 ((
1931 748 151 40 enfant
2101 758 37 29 ».

148 817 219 53 j'entends
391 833 78 37 par
489 819 39 39 là
553 816 106 54 qu'il
683 817 68 40 n'a
774 831 142 26 aucun
940 816 126 40 effort
1090 820 22 35 à
1154 815 126 50 faire,
1299 816 171 49 malgré
1494 829 80 27 son
1595 817 163 46 savoir,
1779 830 47 26 sa
1854 816 171 50 grande
2047 816 71 40 cul-

146 896 95 31 ture
252 896 40 30 et
305 901 80 26 son
402 890 190 36 extrême
610 885 193 40 habileté
827 885 250 49 technique,
1099 896 114 38 pour
1234 896 46 26 se
1298 883 210 51 replacer,
1530 897 172 26 comme
1722 883 39 40 le
1773 883 180 41 doivent
1967 892 99 32 tous
2078 884 62 39 les

146 956 189 48 artistes,
367 955 109 38 dans
513 954 22 38 Y
542 956 81 36 état
645 953 49 38 de
732 958 162 33 nature.
915 951 30 39 Il
969 952 101 51 joue
1089 959 188 32 souvent
1301 964 103 26 avec
1442 964 46 26 sa
1527 964 162 38 propre
1708 950 265 45 sensibilité,
1995 960 42 30 et
2054 951 66 39 s'a-

146 1036 125 25 muse
295 1036 80 25 aux
411 1033 20 26 ((
469 1020 246 50 bagatelles
740 1030 36 37 »,
802 1033 47 26 ce
868 1021 75 49 qui
967 1028 64 30 est
1054 1033 60 26 un
1138 1021 103 37 trait
1264 1018 103 40 bien
1383 1017 192 51 français
1600 1027 41 30 et
1665 1020 212 50 parisien,
1898 1020 184 37 —mais
2103 1019 38 38 le

145 1102 120 26 cœur
286 1097 64 31 est
373 1089 103 39 chez
499 1088 59 39 lui
580 1093 86 34 très
686 1088 201 46 humain,
913 1096 40 31 et
976 1087 207 52 complet.
1209 1085 31 41 Il
1263 1088 141 38 arrive
1428 1087 88 39 ceci
1539 1100 8 25 :
1574 1086 104 40 c'est
1696 1084 135 53 qu'au
1854 1086 89 39 lieu
1967 1085 52 40 de
2042 1099 76 26 con-

145 1157 164 39 sidérer
337 1157 61 39 les
433 1158 206 49 passions
682 1155 156 40 réelles
859 1168 172 27 comme
1067 1155 38 40 le
1143 1155 174 40 modèle
1359 1155 107 40 dont
1486 1152 290 53 l'expression
1806 1153 93 40 doit
1925 1152 216 41 absorber

146 1233 120 31 toute
302 1224 39 40 la
375 1226 237 50 puissance
635 1224 52 39 de
723 1221 97 42 l'art
842 1223 203 50 musical,
1071 1245 52 6 —
1162 1225 112 38 ainsi
1299 1236 85 38 que
1400 1223 40 39 le
1464 1221 48 42 fît
1532 1222 194 48 Berlioz,
1844 1220 296 42 Saint-Saëns

146 1297 141 46 paraît
303 1293 251 39 considérer
571 1292 39 40 la
628 1293 207 50 musique
852 1291 263 48 elle-même,
1137 1305 54 27 en
1202 1294 82 45 soi,
1302 1305 172 26 comme
1493 1305 86 26 une
1598 1290 81 53 fin,
1699 1299 41 32 et
1758 1289 208 53 s'esjouir
1984 1303 54 26 en
2054 1290 84 39 elle

146 1374 80 37 par
247 1374 85 26 une
355 1369 118 31 sorte
494 1361 54 39 de
562 1360 318 40 dilettantisme
902 1360 164 50 génial.
1092 1358 122 41 Pour
1233 1359 179 52 remplir
1433 1360 38 38 le
1494 1359 131 39 cadre
1649 1356 130 42 d'une
1804 1359 282 52 symphonie,
2108 1358 30 39 il

148 1428 67 39 n'a
248 1442 79 37 pas
349 1428 156 40 besoin
524 1428 71 52 d'y
613 1433 177 44 traîner,
816 1442 158 26 encore
1003 1437 94 31 tout
1120 1428 167 40 chauds
1311 1436 40 31 et
1373 1426 296 48 frémissants,
1696 1427 62 39 les
1784 1426 205 52 épisodes
2025 1426 53 39 de
2101 1425 40 40 la

155 1508 19 26 ((
201 1498 70 37 vie
290 1495 104 41 d'un
426 1499 150 37 artiste
600 1507 20 27 »
641 1512 8 32 ;
675 1496 104 40 d'un
798 1496 176 50 élégant
997 1510 110 38 coup
1130 1496 145 47 d'aile,
1300 1496 29 38 il
1354 1493 157 42 s'élève
1527 1495 242 39 au-dessus
1793 1495 78 39 des
1887 1496 179 48 régions
2090 1494 53 39 de

146 1565 159 39 misère
348 1571 55 33 où
428 1566 127 50 peine
578 1564 209 40 l'homme
826 1563 151 50 banal,
1012 1572 41 32 et
1085 1564 26 38 il
1134 1562 297 47 s'affranchit;
1458 1576 54 26 ne
1535 1563 112 39 dites
1672 1576 79 38 pas
1774 1562 108 52 qu'il
1901 1564 156 48 ignore
2082 1561 62 40 les

146 1633 206 49 passions
375 1643 7 27 :
409 1632 29 39 il
472 1645 55 27 en
551 1633 85 39 suit
654 1645 85 27 une
762 1633 74 49 qui
870 1632 180 39 domine
1073 1640 143 31 toutes
1237 1632 62 38 les
1318 1639 162 39 autres,
1508 1631 38 39 la
1573 1632 184 50 passion
1780 1631 53 39 de
1853 1630 40 40 la
1919 1632 222 48 musique.

145 1697 29 41 S
197 1699 27 39 il
262 1699 263 52 s'applique,
548 1699 274 48 d'aventure,
868 1704 21 34 à
910 1699 170 40 étudier
1114 1708 41 30 et
1193 1703 22 35 à
1250 1699 156 39 rendre
1433 1699 54 39 tel
1525 1699 112 51 sujet
1656 1696 154 47 défini,
1839 1696 104 42 c'est
1966 1710 172 27 comme

147 1779 112 38 pour
273 1766 123 47 faire,
424 1769 381 46 accessoirement,
825 1767 144 39 l'essai
989 1768 186 50 piquant
1192 1766 132 40 d'une
1339 1766 119 40 force
1491 1768 74 50 qui
1592 1780 21 25 a
1637 1778 81 28 son
1743 1767 198 49 principe
1966 1764 177 40 ailleurs

148 1843 40 30 et
204 1835 99 50 plus
337 1835 106 39 haut
470 1848 85 37 que
591 1835 38 38 le
651 1848 197 38 paysage
864 1843 40 31 et
928 1835 61 38 les
1010 1834 220 40 accidents
1251 1834 53 39 de
1325 1834 39 39 la
1381 1842 139 31 route.

199 1900 63 41 La
283 1903 206 50 musique
505 1917 22 24 a
545 1905 86 36 ceci
654 1903 54 38 de
732 1902 214 39 délicieux
965 1911 41 30 et
1030 1903 52 38 de
1098 1903 219 38 vraiment
1340 1901 151 42 noble,
1513 1901 166 52 qu'elle
1706 1901 147 40 donne
1872 1905 21 35 à
1918 1898 168 55 l'esprit
2101 1901 40 39 la

147 1969 144 51 pleine
313 1971 254 38 conscience
589 1970 53 39 de
664 1983 47 26 sa
736 1969 170 40 liberté.
925 1969 97 40 Elle
1045 1978 65 31 est
1132 1968 242 41 affranchie
1393 1969 54 39 de
1468 1969 190 51 l'espace
1677 1978 41 31 et
1734 1969 53 39 de
1804 1969 40 39 la
1868 1978 241 42 pesanteur
2130 1983 8 33 ;

146 2037 80 40 elle
257 2039 219 39 constitue
495 2053 60 24 un
571 2038 163 39 monde
754 2042 22 35 à
796 2046 112 43 part,
934 2044 56 33 où
1011 2051 46 26 se
1080 2039 101 50 joue
1197 2051 86 26 une
1306 2046 120 31 sorte
1467 2038 55 39 de
1563 2038 283 51 dynamisme
1875 2037 268 40 intellectuel

147 2108 72 49 qui
243 2110 96 35 crée
360 2106 78 39 des
462 2106 174 39 réalités
656 2107 243 38 nouvelles.
921 2105 77 47 Or,
1023 2106 112 39 dans
1158 2119 47 26 ce
1219 2106 178 49 monde,
1423 2106 76 39 nul
1524 2104 113 41 n'est
1660 2106 101 51 plus
1783 2105 127 48 libre,
1931 2106 76 39 nul
2032 2105 110 40 n'est

146 2174 98 51 plus
261 2173 93 40 chez
371 2173 65 39 soi
454 2187 85 38 que
559 2172 301 42 Saint-Saëns
882 2189 8 32 ;
914 2174 28 39 il
963 2188 28 37 y
1013 2174 137 51 prend
1193 2187 70 26 ses
1298 2173 125 40 ébats
1447 2187 103 26 avec
1589 2173 40 40 la
1675 2178 144 35 même
1845 2175 177 38 aisance
2056 2187 86 38 que

148 2242 38 39 le
208 2242 183 51 poisson
409 2242 111 39 dans
541 2242 111 39 l'eau
676 2256 56 26 ou
753 2240 163 54 qu'une
946 2241 161 40 abeille
1127 2242 111 39 dans
1268 2256 60 25 un
1346 2255 174 36 verger.
1550 2240 62 40 Ce
1644 2242 155 51 plaisir
1818 2242 53 39 de
1892 2243 252 51 supprimer

149 2318 119 31 toute
299 2309 173 40 attache
494 2318 40 30 et
558 2318 119 32 toute
700 2319 194 40 entrave,
922 2310 24 39 cl
967 2310 108 39 aller
1109 2315 55 34 où
1205 2310 87 39 l'on
1322 2318 103 31 veut
1449 2323 53 25 en
1525 2309 253 50 changeant
1800 2311 126 49 vingt
1959 2308 85 41 fois
2083 2309 53 40 de

148 2385 140 38 route,
323 2378 51 38 de
407 2378 292 50 revendiquer
722 2391 46 26 sa
802 2390 221 39 personne
1044 2387 41 31 et
1127 2378 53 38 de
1203 2378 253 50 supprimer
1475 2378 62 40 les
1565 2378 179 47 limites,
1779 2386 65 31 est
1880 2378 105 39 chez
2016 2378 61 40 lui
2101 2378 39 38 le

149 2446 101 39 trait
271 2445 206 40 essentiel
497 2453 40 31 et
556 2446 359 51 caractéristique
936 2457 8 36 ;
970 2446 28 38 il
1035 2446 38 38 le
1099 2451 136 44 goûta
1265 2444 185 41 d'abord
1485 2458 173 27 comme
1681 2447 199 39 virtuose
1904 2454 40 32 et
1965 2459 173 27 comme

147 2514 343 50 improvisateur
515 2528 7 32 ;
567 2513 28 39 il
632 2512 50 40 l'a
736 2518 153 35 trouvé
929 2514 174 39 ensuite
1153 2513 112 40 dans
1321 2514 39 38 la
1413 2514 169 49 grande
1621 2515 317 50 composition.
1984 2513 30 40 Il
2072 2527 70 26 me

147 2580 168 40 semble
351 2578 98 54 qu'à
489 2581 40 39 la
553 2581 185 39 lumière
780 2581 54 39 de
865 2590 111 31 cette
1021 2581 158 52 simple
1212 2581 112 50 idée,
1365 2581 103 40 bien
1508 2583 77 38 des
1620 2582 158 39 choses
1826 2582 310 52 s'expliquent.

152 2647 102 41 Etre
292 2647 311 53 parfaitement
625 2648 126 51 libre,
787 2647 100 42 c'est
925 2651 186 50 pouvoir
1140 2658 94 32 tout
1270 2662 46 27 se
1345 2658 253 42 permettre.
1632 2648 303 41 Saint-Saëns
1960 2664 22 24 a
2027 2650 114 39 donc

147 2716 157 39 touché
346 2721 21 34 à
403 2724 98 32 tous
525 2717 62 39 les
624 2730 175 37 genres,
824 2719 113 37 mais
980 2731 104 26 sans
1120 2731 46 26 se
1198 2716 108 41 fixer
1329 2731 76 26 sur
1440 2731 158 26 aucun.
1621 2717 33 39 Il
1689 2715 221 42 n'imitera
1952 2719 125 49 point
2101 2718 39 39 la

148 2784 205 40 méthode
367 2784 54 40 de
439 2783 217 51 Wagner,
683 2786 75 50 qui
794 2798 254 27 commence
1070 2800 79 37 par
1171 2786 93 39 dire
1290 2799 7 25 :
1324 2797 20 27 ((
1367 2785 51 54 Je
1456 2785 214 40 donnerai
1703 2800 61 25 un
1796 2785 168 40 théâtre
1989 2789 21 35 à
2035 2799 107 26 mon

149 2865 107 38 pays
278 2862 36 39 »,
336 2861 41 31 et
400 2853 91 49 qui,
515 2861 130 30 avant
667 2851 181 41 d'écrire
882 2853 39 39 la
948 2851 261 55 Tétralogie,
1226 2853 78 40 fait
1327 2853 54 40 de
1404 2853 395 52 l'hydrothérapie,
1823 2866 47 27 se
1910 2863 174 30 soumet
2118 2858 22 35 à

149 2934 59 25 un
233 2921 167 47 régime
421 2931 147 39 ((pour
581 2921 122 38 avoir
724 2920 38 39 la
788 2924 124 35 santé
929 2919 188 52 parfaite
1141 2931 21 28 »
1186 2930 40 31 et
1244 2935 46 26 se
1307 2929 88 32 met
1407 2918 120 42 enfin
1545 2925 20 35 à
1589 2934 48 26 sa
1659 2919 268 42 formidable
1939 2921 200 50 besogne

148 3000 104 27 avec
274 2987 39 39 la
337 2988 198 50 patience
558 2987 103 39 d'un
686 2986 126 41 bœuf
840 2992 133 45 géant
996 2990 74 50 qui
1094 2990 143 39 aurait
1261 2993 21 35 à
1307 2989 210 40 labourer
1538 3003 60 26 un
1621 3002 158 39 espace
1795 2989 54 40 de
1870 2997 140 32 trente
2031 2989 91 40 kilo-

149 3061 162 34 mètres
334 3059 144 35 carrés
497 3070 8 32 ;
529 3056 97 49 agir
649 3056 128 49 ainsi,
803 3054 104 42 c'est
950 3069 45 26 se
1028 3056 156 40 rendre
1223 3057 185 39 esclave.
1452 3055 303 42 Saint-Saëns
1793 3057 139 50 glisse
1968 3070 76 26 sur
2079 3056 62 40 les

149 3123 165 41 formes
336 3123 53 40 de
409 3123 40 40 la
471 3124 69 39 vie
564 3137 55 26 au
639 3123 87 40 lieu
749 3123 53 40 de
822 3124 235 39 s'installer
1078 3129 21 34 à
1119 3125 224 49 demeure,
1367 3138 54 26 en
1435 3124 250 48 s'aliénant,
1711 3124 112 40 dans
1840 3124 116 40 l'une
1973 3121 168 42 d'elles.

150 3190 31 40 Il
205 3190 59 40 lui
288 3189 92 41 faut
402 3190 53 40 de
475 3190 231 52 l'imprévu
727 3202 9 37 ;
761 3190 28 39 il
814 3192 114 37 aime
951 3191 62 39 les
1038 3192 401 40 renouvellements
1465 3206 9 33 ;
1501 3192 28 38 il
1548 3205 55 25 ne
1624 3204 45 26 se
1708 3192 134 50 pique
1861 3204 80 38 pas
1958 3190 101 52 plus
2087 3192 54 39 de

149 3260 181 50 logique
348 3267 41 31 et
408 3259 53 39 de
484 3260 128 45 suite,
632 3260 112 38 dans
758 3272 69 26 ses
847 3269 325 38 mouvements,
1193 3274 84 38 que
1291 3261 38 39 le
1350 3259 172 41 Silvain
1543 3260 52 39 de
1612 3260 40 38 la
1671 3258 199 54 Légende
1884 3259 71 38 des
1968 3257 173 52 Siècles,

152 3327 124 39 lâché
293 3340 53 26 en
366 3328 145 51 pleine
530 3326 188 41 Arcadie
740 3328 53 39 de
807 3329 261 50 printemps.
1094 3327 121 41 Pour
1228 3328 38 40 la
1291 3331 144 36 même
1455 3330 165 45 raison,
1641 3327 29 39 il
1694 3326 154 40 butine
1868 3327 112 39 dans
2000 3335 144 31 toutes

151 3396 63 38 les
231 3394 158 41 Ecoles
412 3404 40 31 et
471 3396 112 40 dans
609 3404 99 32 tous
725 3396 62 39 les
812 3396 134 52 styles
969 3406 7 28 :
1000 3404 99 32 tour
1123 3399 21 35 à
1170 3404 114 39 tour,
1307 3396 28 38 il
1357 3409 95 26 sera
1477 3394 121 41 Bach
1622 3403 41 31 et
1696 3394 202 49 Roselin,
1922 3392 196 42 Mendels-

151 3463 112 39 sohn
299 3471 41 31 et
367 3461 136 44 Liszt,
527 3462 275 54 Meyerbeer,
827 3473 96 31 cent
945 3472 146 32 autres
1111 3467 180 37 maîtres
1320 3464 108 40 dont
1452 3464 29 38 il
1505 3463 175 39 devient
1719 3462 146 50 l'égal,
1903 3476 80 38 par
2005 3462 117 40 diver-

152 3531 245 39 tissement.
424 3530 125 41 Cette
569 3532 334 50 indépendance
927 3533 73 49 qui
1023 3541 102 31 veut
1151 3535 91 37 être
1263 3531 214 51 complète
1501 3531 111 40 dans
1637 3531 61 40 les
1723 3539 116 32 actes
1872 3544 173 27 comme
2065 3531 81 40 elle
