2291 3853
162 210 77 35 616

989 217 324 26 INFORMATIONS

162 310 59 40 M.
248 309 152 41 Albert
424 309 169 51 Dupuis
629 308 46 40 fit
711 311 138 50 partie
886 308 192 52 pendant
1117 309 191 50 quelque
1338 317 142 42 temps
1503 308 53 39 de
1585 308 38 39 la
1649 307 158 41 Schola
1832 308 233 40 Cantorum
2089 308 54 39 de

163 377 255 41 M.Vincent
441 377 24 38 d
487 376 107 52 Indy
616 381 20 34 à
661 375 210 41 Paris.Le
892 376 161 40 second
1077 376 141 50 grand
1243 378 92 50 prix
1354 390 21 24 a
1395 380 66 34 été
1478 374 162 40 obtenu
1664 374 149 52 parM.
1839 376 185 47 Delune,
2044 385 40 29 et
2105 376 38 38 le

163 460 19 24 2
190 452 12 15 e
226 444 159 40 second
407 445 92 50 prix
522 458 78 37 par
618 443 60 41 M.
704 444 202 52 Radouy,
925 442 62 40 Le
1005 452 111 31 texte
1136 444 52 39 de
1207 444 39 39 la
1268 452 170 32 cantate
1463 444 103 38 était
1586 444 103 38 écrit
1720 457 78 37 par
1814 442 60 42 M.
1900 443 51 40 L.
1979 442 164 53 Salvay

163 521 39 31 et
224 514 160 49 portait
407 524 111 38 pour
550 513 97 38 titre
673 526 7 24 :
708 512 38 39 la
774 510 201 40 Chanson
1007 510 278 51 d'Halewijn.

216 578 62 40 La
305 592 170 27 somme
492 579 171 40 allouée
687 594 53 24 au
762 580 142 49 grand
935 581 93 49 prix
1051 579 52 39 de
1146 578 142 41 Rome
1325 587 64 32 est
1412 579 52 39 de
1508 583 150 35 16.000
1691 577 160 48 francs,
1871 581 183 50 répartis
2089 592 54 26 en

162 663 23 33 4
203 646 186 41 bourses
412 647 52 39 de
479 660 171 39 voyage
673 647 52 39 de
746 660 129 36 4.000
897 646 146 40 francs
1068 647 211 40 chacune.

287 737 87 41 Les
399 738 201 39 Concerts
617 738 244 54 populaires
879 748 248 32 annoncent
1151 740 94 40 leur
1266 740 239 52 prochaine
1522 744 280 35 réouverture
1821 750 8 38 ;
1849 752 84 26 une
1956 739 51 39 de
2027 739 117 39 leurs

165 810 179 35 séances
381 819 94 26 sera
501 811 231 35 consacrée
757 811 21 35 à
795 806 187 41 Berlioz.

218 872 86 40 Les
325 872 198 40 Concerts
547 873 116 53 Isaye
680 884 404 31 recommenceront
1107 876 249 49 également
1393 889 52 25 en
1470 874 240 41 novembre
1735 889 8 33 ;
1771 888 56 26 on
1851 889 27 37 y
1916 873 225 48 entendra,

165 950 120 31 entre
310 950 144 32 autres
473 943 186 43 artistes,
687 940 61 40 M.
777 941 143 41 Raoul
943 942 159 49 Pugno
1124 950 40 31 et
1179 941 61 39 M.
1268 940 211 54 Gérardy.

519 1032 67 41 Au
617 1033 189 40 Théâtre
842 1033 170 52 lyrique
1054 1034 214 39 Flamand
1294 1048 21 25 a
1351 1048 52 26 eu
1433 1035 85 39 lieu
1558 1034 39 39 la
1637 1036 192 38 création
1859 1033 51 40 de
1947 1031 200 40 Princess

165 1100 287 48 Zonneschijn
474 1099 239 52 (princesse
735 1113 137 38 rayon
895 1100 53 39 de
971 1099 159 53 soleil),
1156 1105 131 47 opéra
1312 1101 51 39 de
1381 1100 61 40 M.
1482 1101 110 40 Paul
1617 1100 173 51 Gilson,
1816 1102 38 38 le
1877 1100 266 46 talentueux,

169 1182 111 26 mais
304 1177 94 43 trop
422 1168 197 40 modeste
648 1170 295 50 compositeur
962 1168 52 38 de
1035 1166 233 40 Frcincesca
1296 1167 45 39 di
1360 1168 168 39 Rimini
1532 1200 9 15 ,
1579 1169 52 39 de
1670 1168 40 39 la
1739 1166 94 40 Mer
1839 1199 9 16 ,
1888 1177 79 30 etc.
1995 1166 150 41 Grand

169 1242 149 34 succès
338 1249 112 39 pour
472 1234 187 42 l'auteur
676 1244 40 32 et
739 1250 111 37 pour
873 1236 61 39 les
956 1237 275 49 interprètes,
1252 1238 141 49 parmi
1423 1236 192 50 lesquels
1647 1236 29 38 il
1699 1234 92 41 faut
1830 1236 105 40 citer
1963 1248 53 26 en
2049 1248 74 39 pre-

170 1305 134 39 mière
328 1304 118 50 ligne
468 1302 61 40 M.
555 1302 196 42 Laurent
769 1302 162 42 SAVOFS
950 1304 152 51 jouant
1126 1304 39 38 le
1184 1304 91 39 rôle
1298 1304 58 39 du
1376 1305 163 50 prince.

1485 1370 222 41 ÉDOUARD
1732 1370 191 41 VARLEZ.

221 1462 135 42 —La
373 1463 206 41 Nouvelle
594 1462 165 40 Société
781 1462 382 54 Philharmonique
1185 1463 48 39 de
1263 1462 130 40 Paris
1400 1496 7 15 ,
1435 1465 75 49 qui
1531 1465 119 37 vient
1673 1463 52 39 de
1748 1461 216 42 s'assurer
1987 1463 39 40 le
2048 1476 74 27 con-

170 1545 127 26 cours
314 1532 75 39 des
412 1532 99 51 plus
536 1530 193 41 célèbres
753 1540 214 43 quatuors
990 1540 40 31 et
1051 1533 121 48 trios,
1207 1540 40 30 et
1279 1531 110 39 celui
1412 1531 77 39 des
1512 1531 224 40 meilleurs
1756 1531 178 40 solistes
1957 1531 52 39 de
2029 1530 95 40 l'Eu-

171 1612 119 38 rope,
316 1612 302 27 commencera
656 1599 38 38 la
736 1601 111 37 série
884 1599 53 38 de
970 1612 68 26 ses
1061 1607 197 30 concerts
1288 1599 38 38 le
1371 1612 43 26 10
1438 1598 257 40 novembre.
1721 1599 102 39 Prix
1844 1599 52 39 de
1919 1597 203 41 l'abonne-

170 1676 119 31 ment
311 1678 7 24 :
344 1681 73 26 ioo
439 1666 144 41 francs
609 1665 234 54 (fauteuil),
869 1679 45 39 75
941 1665 145 41 francs
1111 1664 181 54 (chaise)
1318 1674 41 32 et
1389 1679 53 37 40
1465 1666 144 40 francs
1634 1664 35 54 (i
1681 1673 28 15 re
1731 1664 185 55 galerie)
1951 1679 112 38 pour
2102 1679 39 37 15

170 1744 213 31 concerts.

224 1827 344 40 L'Annuaire
591 1826 100 41 des
714 1826 248 41 Artistes
991 1825 72 51 (18
1070 1836 13 16 e
1104 1825 172 54 année),
1305 1831 88 47 167,
1421 1840 75 26 rue
1520 1826 309 48 Montmartre,
1872 1826 143 49 Paris,
2053 1831 71 47 pré-

172 1909 103 38 pare
298 1909 46 26 sa
358 1896 239 51 prochaine
621 1895 179 40 édition.

225 1961 86 40 Les
333 1963 187 46 artistes,
541 1960 291 52 professeurs,
854 1960 197 41 Sociétés
1078 1962 253 46 musicales,
1357 1970 98 39 etc.,
1479 1970 100 31 sont
1599 1964 117 49 priés
1748 1960 247 41 d'adresser
2032 1962 117 39 leurs

172 2043 141 35 noms,
339 2029 199 39 adresses
556 2042 55 26 ou
632 2027 328 41 modifications
986 2029 62 38 les
1068 2038 264 30 concernant
1363 2031 74 49 qui
1459 2038 149 31 seront
1630 2031 167 38 insérés
1816 2031 329 48 gratuitement.

228 2097 274 51 Moyennant
541 2097 157 39 l'envoi
722 2097 52 38 de
800 2109 14 38 5
837 2095 160 48 francs,
1032 2104 93 31 tout
1164 2098 301 50 souscripteur
1501 2110 173 27 recevra
1710 2096 150 41 franco
1893 2097 257 39 VAnnuaire

173 2165 243 39 richement
445 2165 122 45 relié,
593 2172 237 32 contenant
871 2177 100 38 1500
993 2177 137 38 pages
1156 2172 40 31 et
1222 2177 75 39 500
1317 2178 229 36 gravures.

226 2232 139 40 Passé
381 2246 45 25 ce
444 2232 128 49 délai,
596 2232 38 39 le
654 2233 93 50 prix
770 2232 53 39 de
846 2231 23 39 Y
874 2231 225 38 Annuaire
1118 2240 64 31 est
1197 2232 52 39 de
1266 2234 21 37 8
1308 2231 145 40 francs
1476 2231 149 41 franco
1643 2246 8 33 ;
1675 2246 112 26 nous
1812 2232 237 52 rappelons
2067 2246 82 25 aux

175 2301 183 39 lecteurs
383 2313 84 38 que
489 2300 38 39 le
551 2301 162 38 service
736 2299 76 40 des
833 2301 323 49 souscripteurs
1176 2308 63 31 est
1262 2300 92 39 seul
1374 2301 192 49 garanti.

234 2397 129 40 —La
383 2398 141 39 Revue
540 2397 197 39 musicale
753 2396 82 52 (51,
863 2412 74 26 rue
958 2398 51 39 de
1029 2398 203 52 Paradis)
1255 2400 106 38 tient
1395 2399 84 39 àla
1514 2399 266 51 disposition
1802 2400 52 38 de
1875 2413 68 26 ses
1965 2400 187 39 lecteurs

174 2465 271 52 l'important
469 2479 195 36 ouvrage
688 2467 189 46 suivant,
903 2466 130 39 d'une
1054 2466 153 40 valeur
1229 2474 40 32 et
1291 2466 104 40 d'un
1418 2469 156 37 intérêt
1597 2469 190 48 uniques
1807 2483 6 23 :

231 2532 252 52 Congrès
512 2532 409 40 international
944 2532 33 40 d
998 2532 251 41 Histoire
1285 2532 67 41 de
1383 2533 53 40 la
1458 2532 265 52 Musique
1744 2542 102 32 tenu
1870 2539 21 34 à
1915 2534 128 39 Paris
2064 2539 21 34 à
2103 2535 38 39 la

179 2600 306 52 bibliothèque
507 2601 53 39 de
598 2599 193 53 l'Opéra,
821 2601 57 39 du
903 2615 45 35 23
976 2615 54 25 au
1066 2615 49 37 29
1133 2601 139 52 juillet
1297 2612 129 40 1900:
1459 2600 272 48 Documents,
1756 2600 227 40 Mémoires
2003 2602 69 39 lus
2092 2616 55 25 au

174 2667 219 51 Congrès,
424 2667 147 48 Vœux,
588 2677 78 30 etc.
694 2669 103 38 Fort
820 2676 39 31 et
882 2667 113 41 beau
1016 2669 177 39 volume
1216 2670 205 50 imprimé
1442 2683 79 37 par
1544 2669 62 38 les
1626 2668 297 51 Bénédictins,
1959 2673 21 34 à
2000 2668 126 41 Soles-

175 2749 108 36 mes,
306 2745 40 30 et
370 2738 89 49 qui,
488 2749 102 27 avec
631 2751 58 24 un
727 2742 86 33 très
846 2737 140 49 grand
1012 2736 185 39 nombre
1217 2737 51 38 de
1297 2737 209 50 planches
1549 2737 204 39 relatives
1789 2741 20 34 à
1839 2736 214 40 l'histoire
2095 2737 53 39 de

176 2804 38 39 la
236 2805 204 49 musique
460 2812 40 31 et
520 2803 108 39 delà
653 2805 213 42 notation,
891 2807 193 36 contient
1107 2804 61 40 les
1193 2806 235 37 mémoires
1449 2806 198 37 suivants
1672 2814 6 24 :

236 2884 37 26 10
292 2870 212 54 [Musique
525 2869 194 54 grecque)
743 2887 5 23 :
770 2873 236 37 mémoires
1035 2872 53 38 de
1110 2871 110 40 MM.
1247 2871 50 40 E.
1334 2871 171 50 Ruelle,
1539 2871 51 40 E.
1626 2871 173 50 Poirée,
1825 2872 82 40 Th.
1937 2872 213 50 Reinach,

176 2938 50 39 L.
248 2938 155 53 Laloy,
422 2938 38 39 J.
483 2939 189 48 Tiersot,
697 2937 103 52 Mgr
815 2939 49 39 B.
883 2937 322 42 Grassi-Landi
1224 2951 8 35 ;

232 3021 20 24 2
257 3012 17 16 0
286 3005 209 54 [Musique
525 3006 217 51 byzantine
762 3014 31 43 ):
817 3008 237 38 mémoires
1073 3007 58 39 du
1153 3007 52 40 R.
1230 3007 48 40 P.
1306 3007 211 50 Thibaut,
1540 3008 53 39 de
1619 3008 103 39 dom
1744 3007 186 49 Hugues
1950 3007 203 49 Gaïsser;

233 3088 17 37 3
258 3080 17 15 0
300 3073 9 54 (
316 3073 194 54 Musique
551 3074 52 39 du
628 3088 148 37 moyen
800 3074 96 53 âge)
924 3087 7 26 :
955 3076 235 38 mémoires
1214 3075 52 39 de
1288 3074 112 40 MM.
1428 3074 51 41 G.
1505 3075 230 46 Houdard,
1755 3075 102 39 dom
1880 3074 53 40 H.
1954 3074 200 50 Gaïsser,

176 3141 102 50 Mgr
295 3141 49 40 B.
365 3141 335 47 Grassi-Landi,
727 3141 181 40 Liborio
930 3141 235 50 Sacchetti,
1192 3142 151 40 Pierre
1363 3142 168 53 Aubry,
1557 3142 161 40 Michel
1741 3142 161 40 Brenet
1921 3158 8 32 ;

227 3224 24 35 4
255 3215 16 16 0
292 3208 10 51 (
308 3208 193 54 Musique
536 3210 226 51 moderne)
786 3219 6 28 :
817 3211 236 37 mémoires
1086 3210 53 39 de
1162 3209 111 40 MM.
1308 3210 188 40 Camille
1536 3208 293 42 Saint-Saëns
1884 3209 270 51 Bourgault-

177 3276 281 52 Ducoudray,
484 3275 221 50 Meerens,
730 3276 147 39 Ilmari
903 3276 170 51 Krohn,
1101 3276 52 42 G.
1182 3277 235 48 Humbert,
1443 3277 136 40 Aclolf
1604 3276 247 51 Lindgren,
1889 3278 37 54 J.
1970 3278 185 49 Carillo,

180 3342 250 50 Chilesotti,
461 3342 237 51 Shedlock,
724 3344 51 40 R.
804 3344 207 47 Rolland,
1026 3345 37 53 J.
1089 3345 287 51 Combarieu,
1399 3345 106 39 Mlle
1528 3345 177 48 Parent,
1731 3353 99 38 etc.,
1854 3354 80 31 etc.

235 3409 100 40 Prix
358 3411 52 38 de
449 3410 226 51 l'ouvrage
699 3410 113 52 (port
851 3412 209 52 compris)
1082 3426 7 24 :
1134 3427 44 25 10
1202 3412 50 40 fr.
1276 3412 72 42 Ou
1381 3414 86 38 lieu
1487 3412 53 40 de
1567 3409 79 55 15),
1685 3426 82 25 aux
1802 3412 195 43 bureaux
2029 3415 53 39 de
2117 3415 38 39 la

181 3475 139 40 Revue
336 3477 213 40 musicale.

223 1032 196 40 ANVERS.
