2486 3985
663 253 66 37 LA
766 256 250 47 MUSIQUE
1054 258 277 49 RUSTIQUE
1360 249 369 50 ARMÉNIENNE

2139 263 97 51 473

141 396 387 59 COMMENT
625 402 101 54 LE
842 404 313 57 PEUPLE

142 490 361 59 COMPOSE
544 496 149 57 DES
737 498 412 59 CHANSONS

254 620 218 22 Ty?
705 625 9 10 •
1948 612 6 11 K

255 622 47 51 L
326 622 184 56 année
556 625 258 57 dernière
858 627 193 71 j'étais
1097 630 108 56 allé
1249 650 73 37 en
1366 632 365 74 villégiature
1776 653 75 36 au
1898 635 334 56 monastère

141 700 71 54 de
260 702 206 72 Haridj
519 706 170 66 (dans
732 707 54 56 le
830 710 233 71 Chirak,
1108 712 36 54 à
1188 713 70 55 28
1304 720 222 49 verstes
1572 716 514 74 d'Alexandropol,
2133 735 99 37 sur

138 780 19 53 1
180 782 301 74 Aragatz).
533 786 213 57 C'était
796 790 116 54 lors
961 791 100 56 des
1111 792 147 56 fêtes
1308 795 72 54 de
1428 795 58 54 la
1534 797 503 73 Transfiguration
2062 819 14 49 ;
2129 799 102 54 des

137 861 250 71 pèlerins
438 884 72 35 en
562 867 155 56 foule
767 870 223 56 étaient
1041 872 235 56 arrivés.
1331 876 111 55 Les
1491 876 204 72 jeunes
1743 896 352 55 paysannes,
2147 880 84 54 les

136 943 299 58 nouvelles
494 947 244 56 mariées
795 955 59 49 et
912 951 81 55 les
1050 971 244 52 garçons
1352 956 271 70 dansent,
1681 959 386 72 improvisent
2127 961 103 55 des

136 1022 290 57 chansons
471 1032 60 49 et
578 1028 303 70 chantent,
929 1050 225 37 comme
1200 1034 40 53 il
1285 1041 89 48 est
1421 1037 72 55 de
1539 1044 277 50 coutume
1862 1058 118 36 aux
2024 1041 174 71 pèleri-

134 1121 197 55 nages.
381 1106 209 70 J'étais
637 1110 135 71 déjà
816 1128 99 36 sur
960 1111 52 55 le
1059 1112 113 55 toit
1219 1115 151 54 dallé
1417 1117 80 55 du
1543 1119 312 69 bâtiment,
1903 1139 219 55 crayon
2166 1129 63 49 et

133 1182 206 73 papier
372 1186 35 53 à
440 1186 58 53 la
531 1187 179 70 main,
745 1194 61 49 et
838 1190 345 71 j'attendais
1218 1194 265 57 l'arrivée
1517 1197 103 55 des
1655 1200 365 56 chanteuses.
2058 1204 169 54 Cette

134 1262 130 70 fois,
288 1263 57 72 je
371 1266 200 55 devais
593 1286 42 52 y
659 1268 235 56 assister
918 1272 102 54 dès
1041 1272 53 55 le
1119 1282 520 64 commencement,
1666 1296 65 37 ce
1755 1280 103 71 qui
1881 1299 72 37 ne
1977 1282 249 56 m'avait

133 1360 107 53 pas
269 1345 93 53 été
390 1346 252 70 possible
670 1347 212 74 jusque
909 1351 76 69 là,
1016 1370 99 37 car
1143 1371 77 37 on
1249 1373 336 39 commence
1613 1357 58 55 la
1700 1360 181 56 danse
1907 1379 75 37 en
2037 1362 189 72 pleine

131 1422 130 56 nuit
315 1430 59 49 et
428 1426 233 72 lorsque
712 1429 291 72 j'arrivais
1055 1432 53 55 le
1160 1435 210 70 matin,
1423 1436 58 71 je
1533 1437 369 58 n'entendais
1954 1460 116 54 que
2123 1444 104 54 des

131 1503 292 58 chansons
470 1509 134 71 déjà
651 1514 353 69 composées.
1054 1514 119 71 J'ai
1220 1534 81 37 vu
1348 1521 60 51 et
1455 1519 153 54 senti
1655 1520 152 55 alors
1854 1522 268 56 combien
2168 1525 58 71 je

129 1585 233 56 m'étais
398 1591 249 71 trompé.

242 1666 156 56 Tout
440 1669 266 72 d'abord,
748 1680 209 65 quatre
998 1694 316 53 personnes
1354 1679 407 58 s'avancèrent
1801 1688 62 49 et
1902 1683 321 57 formèrent

129 1745 57 54 la
227 1749 198 54 ronde.
470 1750 155 56 Elles
665 1754 173 56 firent
879 1756 280 73 quelques
1201 1764 182 66 tours,
1426 1779 72 36 en
1538 1761 232 71 silence,
1813 1764 36 54 à
1888 1782 107 53 pas
2034 1766 153 70 symé-

131 1826 241 74 triques,
415 1849 132 38 vers
588 1832 58 55 la
688 1835 207 70 droite,
940 1855 228 38 comme
1210 1839 39 53 il
1293 1846 87 49 est
1425 1843 238 72 d'usage
1707 1862 76 36 au
1826 1845 184 55 début
2055 1846 71 55 de
2168 1845 58 56 la

132 1907 198 55 danse.
382 1910 88 54 La
517 1912 293 58 meilleure
859 1917 319 56 chanteuse
1229 1921 80 54 du
1357 1940 220 54 groupe
1627 1942 61 35 se
1735 1924 111 54 mit
1896 1926 35 54 à
1980 1926 246 55 chanter

124 1986 54 55 le
209 1989 214 55 refrain
456 1991 238 57 suivant
721 2015 11 35 :

809 2128 23 28 «
872 2108 235 56 Amann
1172 2110 176 70 Tello,
1414 2113 159 55 Tello
1600 2116 10 52 !

809 2188 252 56 Sirounn
1124 2192 179 70 Tello,
1367 2193 161 55 Tello
1553 2196 10 53 !
1594 2216 21 28 »

128 2309 23 29 «
176 2288 169 73 Pitié,
364 2292 179 71 Tello,
561 2295 184 56 Tello!
774 2297 357 57 Charmante
1147 2300 179 71 Tello,
1345 2302 181 55 Tello!
1555 2324 22 29 »
1609 2321 99 37 sur
1729 2305 130 56 l'air
1881 2325 114 53 que
2028 2307 152 56 voici
2208 2329 12 34 :

122 2693 80 53 Le
248 2694 202 55 chœur
490 2694 54 56 le
587 2696 203 72 répéta
832 2695 489 74 identiquement,
1365 2705 60 50 et
1468 2700 57 56 la
1567 2704 291 71 coryphée
1900 2707 220 57 chanta
2162 2710 56 55 la

122 2774 281 70 première
437 2776 189 72 partie
660 2778 72 54 de
765 2778 57 54 la
855 2780 260 55 chanson
1149 2785 59 50 et
1241 2780 52 55 le
1325 2782 251 70 premier
1607 2803 130 37 vers
1773 2785 80 56 du
1885 2788 214 56 refrain
2127 2812 12 34 :

118 3177 52 54 le
217 3178 203 56 chœur
465 3179 54 55 le
565 3180 203 73 répéta
793 3203 15 48 ;
831 3182 59 54 la
904 3184 290 73 coryphée
1209 3184 221 55 chanta
1444 3184 57 55 la
1516 3185 307 58 deuxième
1838 3190 189 72 partie
2052 3193 73 53 de
2159 3193 54 53 la

118 3258 259 56 chanson
399 3265 61 50 et
485 3260 52 55 le
560 3262 305 55 deuxième
887 3282 130 37 vers
1035 3265 80 55 du
1130 3265 233 69 refrain,
1381 3283 143 37 avec
1558 3286 115 37 une
1702 3269 187 71 petite
1913 3272 268 56 addition
2201 3293 9 35 :
