2486 3985
2108 277 96 54 507

810 283 100 35 LES
947 283 218 35 GRANDS
1202 283 277 35 CONCERTS

94 428 236 75 fougue.
392 432 155 55 Leur
604 432 251 74 langage
915 433 178 56 d'une
1154 432 273 71 richesse,
1487 431 223 73 parfois
1769 431 193 56 même
2022 428 180 57 d'une

90 512 345 56 truculence
485 513 401 73 prodigieuses
936 515 128 54 leur
1112 520 231 66 permet
1394 518 254 51 souvent
1681 513 73 55 de
1806 530 75 38 ne
1930 528 111 56 pas
2074 509 127 56 dire

91 592 409 72 grand'chose,
541 595 151 54 mais
731 595 73 54 de
843 595 53 53 le
935 595 49 54 si
1022 595 139 54 bien
1201 595 123 55 dire
1364 612 115 54 que
1519 595 122 54 l'on
1679 611 76 37 ne
1796 597 148 69 peut
1982 607 220 56 songer

91 672 36 53 à
153 671 232 57 blâmer
411 680 159 49 cette
597 675 354 72 prodigalité
982 676 72 53 de
1082 675 181 55 belles
1293 676 269 54 couleurs
1591 680 61 50 et
1683 675 72 54 de
1784 678 417 68 somptueuses

91 770 264 54 parures.

207 835 231 55 Parfois
484 835 157 54 aussi
686 836 137 53 l'art
870 836 72 54 de
988 836 240 54 Strauss
1274 836 243 56 devient
1561 835 213 55 intime
1818 840 61 50 et
1924 835 84 57 les
2053 833 146 56 trois

91 915 211 71 exquis
333 916 182 56 lieder
547 934 116 53 que
693 917 219 53 chante
945 917 156 53 Mme
1134 917 112 55 Ida
1277 917 281 53 Ekmann
1590 922 137 50 sont
1760 917 179 55 d'une
1970 915 231 57 ténuité

93 995 104 69 qui
237 1014 74 35 ne
352 997 261 70 rappelle
653 997 175 71 guère
868 997 103 53 des
1016 1015 232 35 œuvres
1290 1015 231 37 comme

95 1075 193 55 ration
319 1094 77 38 ou
433 1077 58 53 la
971 1076 345 54 Domestica.

207 1156 53 53 Il
305 1155 282 55 convient
632 1174 153 52 pour
830 1156 125 54 être
1001 1156 161 70 juste
1209 1156 72 56 de
1326 1161 174 51 noter
1544 1156 55 54 le
1644 1157 193 71 grand
1881 1158 203 54 succès
2130 1156 73 56 de

93 1237 137 55 Mlle
279 1237 195 55 Bailet
524 1237 149 53 dans
720 1237 53 53 le
1567 1237 265 53 Concerto
2199 1237 4 70 e
1258 1237 89 53 sol
1674 1237 72 55 de
1794 1237 407 70 Saint-Saëns,

91 1334 206 38 œuvre
326 1316 272 71 insipide,
631 1316 215 71 longue
876 1321 60 50 et
968 1321 403 50 assommante
1402 1316 93 55 s'il
1525 1334 72 37 en
1628 1316 117 68 fut,
1770 1322 60 50 et
1857 1318 72 54 de
1953 1317 249 55 féliciter

91 1398 79 54 M.
211 1396 260 56 Colonne
509 1396 72 55 de
618 1396 60 55 la
714 1396 151 55 belle
903 1396 463 71 interprétation
1403 1396 147 72 qu'il
1589 1397 195 55 donne
1825 1398 72 55 de
1934 1398 60 54 la
2029 1398 129 72 Sym-

89 1477 219 71 phonie
354 1496 74 36 en
871 1478 76 54 la.
603 1477 79 55 Sa
726 1495 182 37 verve
952 1477 93 73 s'y
1091 1495 211 52 exerça
1346 1477 541 73 magnifiquement
1934 1484 62 50 et
2041 1482 161 52 cette

89 1557 152 56 belle
279 1557 236 71 fresque
554 1575 212 38 sonore
805 1558 77 54 où
921 1557 58 55 la
1017 1557 95 55 vie
1153 1557 213 56 circule
1407 1576 146 37 avec
1591 1575 117 38 une
1749 1558 139 55 telle
1928 1558 241 73 magnifi-

90 1656 174 38 cence
292 1640 71 53 de
388 1638 240 72 rythme
654 1637 250 56 s'anime
928 1637 344 56 réellement
1298 1655 231 38 comme
1553 1655 118 37 une
1697 1655 194 55 vague
1916 1637 287 56 immense

90 1725 343 66 emportant
462 1720 83 53 les
574 1720 154 54 êtres
757 1724 59 50 et
846 1720 83 53 les
959 1718 205 55 choses
1197 1720 149 54 dans
1375 1738 108 35 son
1512 1718 435 56 ruissellement
1976 1718 189 73 magni-

89 1800 180 71 fique.

1451 1880 105 55 Ch.
1602 1880 447 55 Chambellan.

97 2375 409 58 CONCERTS
561 2378 545 55 CHEVILLARD.

202 2525 167 55 Voici
396 2526 60 54 la
481 2525 198 56 saison
711 2525 324 72 1906-1907
1064 2525 288 55 terminée
1380 2525 10 55 !
1426 2526 88 52 La
1542 2525 290 55 nécessité
1863 2525 74 55 de
1963 2525 244 71 remplir

87 2606 61 54 la
176 2606 177 56 lettre
383 2606 172 55 sinon
584 2606 229 73 l'esprit
844 2607 103 55 des
978 2606 339 56 conditions
1341 2606 176 55 mises
1542 2624 109 55 par
1672 2607 196 54 l'Etat
1895 2607 34 53 à
1951 2606 225 56 l'obten-

87 2685 129 56 tion
244 2686 72 56 de
341 2687 59 54 la
424 2687 362 56 subvention
813 2705 149 36 nous
989 2705 36 36 a
1049 2687 162 69 valu,
1239 2705 74 37 en
1340 2687 81 54 fin
1449 2687 72 54 de
1548 2705 350 54 campagne,
1918 2686 287 73 quelques

89 2785 233 37 œuvres
366 2769 71 54 de
479 2769 205 71 jeunes
721 2768 432 71 compositeurs
1194 2768 259 69 français
1495 2768 148 54 dont
1675 2768 55 55 le
1770 2768 205 72 public
2006 2768 202 71 paraît

89 2848 167 55 avoir
298 2849 264 56 accueilli
604 2867 139 36 sans
785 2849 278 56 curiosité
1106 2850 58 53 la
1206 2848 352 69 révélation,
1604 2849 79 54 M.
1730 2849 242 56 Gabriel
2014 2850 194 55 Fauré

89 2935 59 50 et
178 2931 78 54 M.
289 2930 205 72 Sylvio
523 2931 262 55 Lazzari.

203 3011 116 73 Qui
362 3029 76 38 ne
481 3013 244 54 connaît
769 3013 201 69 Dolly,
1016 3011 61 55 la
1120 3010 301 74 gracieuse
1463 3010 156 56 suite
1661 3029 154 55 pour
1858 3011 184 73 piano
2088 3013 37 53 à
2173 3027 36 55 4

90 3091 193 56 mains
330 3110 116 54 que
493 3094 77 53 M.
621 3094 190 55 Fauré
858 3093 157 71 jadis
1063 3091 209 56 écrivit
1319 3109 154 53 pour
1520 3093 104 54 des
1670 3093 283 56 bambins
2001 3091 153 56 amis
2182 3098 24 51 ?

87 3171 158 55 C'est
275 3190 117 37 une
427 3179 297 50 œuvrette
754 3192 140 37 sans
924 3173 365 72 prétention,
1324 3176 60 51 et
1416 3171 195 73 pleine
1644 3174 73 55 de
1750 3175 174 71 grâce
1958 3178 61 51 et
2055 3173 121 56 d'es-

87 3253 121 71 prit
240 3254 147 55 dans
418 3272 66 37 sa
512 3255 188 55 forme
730 3255 438 56 extrêmement
1197 3253 233 72 simple,
1462 3254 152 56 mais
1652 3255 194 73 quelle
1890 3254 317 74 singulière

87 3333 133 56 idée
251 3335 231 55 d'avoir
509 3335 271 56 mobilisé
810 3338 37 53 à
875 3354 108 37 son
1013 3334 224 57 service
1267 3339 202 51 toutes
1497 3335 85 55 les
1610 3354 335 38 ressources
1975 3335 199 56 orches-

89 3415 181 55 trales
300 3415 11 54 !
357 3434 119 36 non
518 3434 108 54 pas
668 3436 115 52 que
825 3415 484 56 l'orchestration
1354 3415 72 55 de
1469 3416 79 55 M.
1595 3418 189 56 Henri
1829 3416 265 56 Rabaud
2133 3433 75 38 ne

87 3495 119 56 soit
255 3496 272 72 agréable
575 3503 61 48 et
684 3496 338 74 ingénieuse
1050 3518 14 48 ;
1115 3496 109 55 elle
1272 3500 92 51 est
1411 3495 193 57 même
1653 3498 356 54 charmante
2058 3498 150 54 dans

95 3576 267 58 Mi-a-ou
381 3597 14 49 ;
446 3576 151 56 mais
646 3578 42 53 il
738 3578 222 54 semble
1009 3578 140 54 bien
1200 3576 259 72 qu'ainsi
1509 3579 397 56 transformée
1956 3578 251 54 l'œuvre
