2486 3985
826 325 319 48 CHRONIQUE
1179 313 252 59 TCHÈQUE

2088 321 98 50 527

343 477 276 59 Monsieur,

187 581 11 28 •<
220 566 81 47 En
338 581 131 33 vous
506 566 310 48 remerciant
855 566 119 48 bien
1012 566 370 48 cordialement
1421 580 134 47 pour
1593 562 51 49 la
1687 562 207 49 défense
1931 562 64 49 de
2032 565 149 44 notre

76 637 124 59 père
226 650 102 48 que
355 649 132 33 vous
515 650 127 33 avez
668 635 150 62 prise,
850 636 126 47 c'est
1005 650 126 33 avec
1159 633 177 63 plaisir
1364 649 101 47 que
1491 647 132 33 nous
1650 631 295 63 répondons
1973 631 30 47 à
2030 635 151 43 votre

75 702 173 49 lettre.
289 702 119 49 Aux
441 703 268 62 questions
742 720 102 45 que
875 718 131 35 vous
1039 718 130 32 nous
1203 718 126 33 avez
1362 703 194 61 posées,
1592 716 130 33 nous
1755 715 423 35 commencerons

75 786 94 45 par
197 771 253 62 répondre
477 771 30 47 à
531 771 154 48 celles
710 771 329 47 numérotées
1065 771 62 48 de
1152 782 28 48 5
1208 771 31 47 à
1265 783 78 45 11,
1369 774 52 45 et
1446 774 149 44 notre
1627 771 216 59 réponse
1867 773 78 43 est
1968 783 72 33 un
2064 767 114 48 bref

76 843 53 43 et
156 839 332 64 catégorique
515 839 161 48 NON.
709 839 169 47 D'airs
903 844 54 43 et
983 839 202 48 chorals
1213 839 212 47 bretons
1452 843 150 43 notre
1627 838 121 62 père
1773 837 210 48 n'avait
2011 837 167 48 même

75 920 94 47 pas
195 906 130 49 idée.
355 906 241 47 Soutenir
621 922 101 45 que
746 910 150 45 notre
920 908 119 61 père
1066 906 171 47 aurait
1264 922 72 45 pu
1362 910 189 45 mettre
1578 905 31 46 à
1637 904 358 48 contribution
2023 904 123 47 Bala-

75 974 173 57 kirew,
291 974 531 62 Rimsky-Korsakof,
868 974 346 63 Moussorgski
1246 978 79 44 est
1358 989 103 32 une
1494 972 284 49 absurdité.
1799 972 43 47 Il
1858 971 319 50 connaissait

73 1044 301 48 l'existence
399 1044 64 47 de
487 1058 81 31 ces
593 1047 228 52 auteurs,
849 1042 129 49 mais
1005 1046 162 43 certes
1194 1058 64 31 ne
1283 1042 287 61 s'occupait
1595 1056 93 47 pas
1715 1041 62 48 de
1800 1042 136 47 leurs
1964 1056 175 47 compo-

74 1111 196 48 sitions.
317 1110 99 62 Qui
455 1110 260 47 d'ailleurs
756 1110 209 47 connaît
1007 1125 79 30 ses
1126 1124 212 47 propres
1377 1108 371 63 compositions
1788 1110 32 45 à
1858 1108 74 47 lui
1971 1110 200 47 sourira

73 1179 374 49 certainement
473 1178 30 46 à
526 1178 51 47 la
601 1177 137 48 seule
764 1177 321 62 supposition
1115 1177 126 62 qu'il
1268 1177 73 47 ait
1369 1193 63 32 eu
1457 1177 180 48 besoin
1661 1177 362 62 d'emprunter
2050 1178 123 62 quoi

71 1263 99 47 que
198 1262 56 33 ce
281 1247 81 47 fût
389 1247 30 46 à
446 1259 81 34 ces
558 1246 226 48 Maîtres.

174 1314 136 62 Qu'il
343 1314 74 47 ait
451 1314 285 47 seulement
770 1327 61 33 su
864 1312 302 48 l'existence
1202 1313 62 47 de
1297 1327 151 35 noms
1482 1312 98 48 tels
1617 1327 100 47 que
1753 1312 317 64 Ducoudray
2106 1329 66 33 ou

71 1383 352 61 Villemasqué
465 1380 128 61 (sic),
634 1381 128 47 c'est
803 1380 311 47 absolument
1152 1395 103 32 non
1278 1395 10 41 ;
1327 1395 135 32 nous
1501 1395 65 32 ne
1595 1379 242 48 devrions
1876 1380 170 48 même
2073 1398 95 46 pas

71 1451 145 47 avoir
237 1450 176 48 besoin
435 1449 62 48 de
516 1449 46 47 le
583 1449 126 47 faiie
729 1449 257 47 observer.
1010 1447 162 47 Notre
1192 1449 119 61 pèie
1330 1449 88 45 n'a
1438 1447 109 47 rien
1567 1446 100 48 tiré
1688 1447 90 47 des
1800 1447 188 49 chants
2007 1465 130 46 popu-

70 1519 150 48 laires
254 1533 167 33 russes
455 1521 52 43 et
543 1516 34 47 il
612 1531 64 33 ne
710 1516 108 47 s'en
854 1520 77 43 est
965 1516 172 47 même
1170 1515 187 62 jamais
1391 1519 198 58 occupé
1616 1531 10 31 :
1663 1515 51 47 la
1748 1515 184 62 simple
1965 1516 208 64 logique

70 1587 169 47 donne
268 1585 127 62 qu'il
424 1583 173 49 aurait
628 1583 118 63 déjà
774 1583 245 63 composé
1048 1582 131 48 dans
1208 1586 80 44 cet
1307 1582 159 62 esprit
1495 1582 51 47 là
1575 1581 455 58 antérieurement,
2051 1600 121 32 sans

69 1654 240 49 attendre
346 1652 315 62 l'Amérique
701 1653 69 46 où
814 1656 92 43 ont
948 1652 81 47 été
1070 1651 294 62 composées
1405 1666 199 32 comme
1645 1651 201 45 chacun
1886 1651 101 48 sait
2026 1657 52 43 et
2117 1652 52 47 la

69 1722 317 62 Symphonie
428 1720 336 61 d'Amérique
802 1723 53 44 et
897 1719 241 62 quantité
1180 1719 230 48 d'autres
1451 1733 203 33 œuvres
1694 1717 216 48 classées
1951 1724 216 57 partout

68 1790 204 47 ailleurs
306 1789 157 62 qu'en
496 1789 215 46 France.

168 1874 20 29 «
210 1858 68 47 Et
311 1856 332 49 maintenant
675 1870 288 33 venons-en
996 1869 104 33 aux
1131 1861 242 55 réponses
1406 1869 104 32 aux
1542 1854 267 62 questions
1841 1854 327 49 numérotées

69 1940 96 47 1-4.
198 1926 80 47 En
305 1925 296 61 Amérique,
629 1924 74 48 les
729 1924 102 47 airs
856 1924 178 62 nègres
1061 1922 90 63 qui
1178 1928 116 41 sont
1322 1921 164 64 pleins
1513 1922 63 47 de
1602 1920 383 63 particularités
2012 1924 126 47 mélo-

68 1995 199 62 diques,
300 1997 93 45 ont
424 1992 247 49 intéressé
701 1996 150 43 notre
880 1995 120 60 père
1026 2008 11 40 ;
1072 1991 34 47 il
1137 1991 74 48 les
1241 2008 29 30 a
1301 1990 203 48 étudiés
1534 1995 53 43 et
1618 2005 31 32 a
1680 1990 172 48 dressé
1881 1990 52 47 la
1962 2006 206 47 gamme

65 2063 144 47 selon
230 2061 224 63 laquelle
477 2061 60 48 ils
560 2065 118 43 sont
703 2061 202 47 formés.
936 2060 129 47 Mais
1086 2060 74 48 les
1183 2075 241 47 passages
1449 2060 64 48 de
1536 2058 51 47 la
1609 2058 310 63 symphonie
1943 2063 52 44 et
2021 2060 118 49 d'au-

66 2136 103 42 tres
197 2145 202 34 œuvres
428 2128 63 48 de
518 2132 136 44 cette
681 2127 210 63 période
918 2127 326 57 américaine,
1275 2127 130 48 dont
1433 2141 67 33 on
1528 2126 220 63 prétend
1776 2126 155 62 qu'ils
1959 2132 92 42 ont
2081 2128 82 47 été

64 2201 105 61 pris
198 2199 30 47 à
258 2199 88 47 des
375 2198 100 47 airs
503 2201 197 59 nègres,
731 2201 118 43 sont
877 2195 252 49 l'absolue
1157 2195 261 64 propriété
1448 2195 62 49 de
1538 2195 202 63 l'esprit
1769 2194 64 48 de
1861 2199 150 45 notre
2040 2198 121 61 père

63 2272 53 42 et
149 2270 91 44 ont
272 2267 81 47 été
385 2264 286 50 seulement
704 2264 278 47 influencés
1015 2279 93 47 par
1138 2263 73 48 les
1244 2263 243 48 mélodies
1519 2263 191 63 nègres.
1749 2262 79 48 De
1860 2263 166 48 même
2059 2279 102 47 que

63 2334 130 48 dans
216 2349 79 33 ses
318 2333 372 62 compositions
711 2331 35 47 il
770 2348 63 32 ne
856 2333 123 47 s'est
1001 2331 188 63 jamais
1212 2331 134 49 servi
1371 2331 87 49 des
1482 2331 188 47 chants
1693 2330 186 57 slaves,
1904 2331 131 47 mais
2059 2347 103 47 que

63 2404 147 47 étant
242 2402 161 58 slave,
436 2402 34 46 il
502 2401 164 48 créait
698 2416 55 32 ce
784 2416 101 49 que
916 2415 93 33 son
1040 2415 141 33 cœur
1212 2400 74 47 lui
1317 2400 203 57 dictait,
1552 2404 175 43 toutes
1757 2399 77 48 les
1866 2414 204 34 œuvres
2102 2401 62 48 de

61 2476 137 43 cette
239 2470 213 63 période
492 2470 306 47 américaine
838 2470 153 59 (donc
1030 2470 136 47 aussi
1202 2469 53 47 la
1291 2469 307 62 symphonie
1637 2484 63 32 en
1739 2467 264 62 question)
2041 2472 120 44 sont

60 2538 345 63 répondantes
440 2538 62 47 de
535 2537 234 64 l'origine
803 2537 142 48 slave
978 2538 70 60 (1)
1076 2541 52 43 et
1162 2536 127 48 c'est
1326 2551 56 33 ce
1416 2551 101 47 que
1533 2540 150 43 toute
1700 2549 251 48 personne
1966 2536 90 61 qui
2072 2536 92 48 ale

60 2608 232 47 moindre
317 2607 283 48 sentiment
624 2606 333 62 proclamera.
986 2604 100 63 Qui
1110 2621 64 33 ne
1199 2604 329 49 reconnaîtra
1552 2620 94 47 pas
1679 2603 52 47 la
1755 2603 253 62 nostalgie
2034 2604 129 47 dans

60 2674 48 49 le
149 2676 161 62 Largo
351 2674 63 49 de
455 2678 136 45 cette
631 2673 308 63 symphonie
965 2672 18 48 ?
1029 2673 74 47 La
1142 2673 188 62 phrase
1369 2672 298 47 secondaire
1707 2672 64 47 de
1816 2670 51 47 la
1907 2686 78 47 pn
2002 2672 159 48 mière

59 2744 183 62 partie,
277 2744 47 48 le
361 2743 220 62 premier
615 2743 174 48 thème
823 2743 70 47 du
929 2742 203 57 scherzo,
1169 2742 48 47 le
1251 2740 164 49 début
1452 2740 62 47 de
1550 2739 50 48 la
1636 2739 234 48 dernière
1903 2739 171 62 partie
2108 2745 53 45 et

57 2813 262 61 peut-être
350 2827 181 33 encore
563 2825 56 33 ce
649 2810 159 48 chant
841 2810 70 48 du
946 2810 153 62 largo,
1133 2809 92 63 qui
1258 2809 170 48 donne
1457 2823 103 33 une
1595 2808 229 48 certaine
1854 2806 307 64 impression

59 2880 71 47 du
164 2880 159 47 chant
358 2879 284 63 gémissant
678 2879 91 47 des
803 2880 197 61 nègres,
1038 2893 65 33 ne
1137 2881 119 43 sont
1293 2875 371 63 qu'influencés
1700 2890 95 47 par
1830 2889 56 33 ce
1922 2875 236 48 chant-là

57 2951 53 45 et
139 2947 307 49 déterminés
471 2963 94 47 par
591 2947 47 49 le
664 2947 374 63 dépaysement
1066 2950 52 43 et
1145 2945 293 47 l'influence
1465 2944 72 46 du
1562 2944 179 46 climat
1769 2944 253 62 étranger.

155 3031 22 31 «
198 3016 144 47 Nous
369 3016 194 48 serions
586 3016 231 48 heureux
841 3015 43 48 si
911 3030 81 33 ces
1018 3015 163 62 lignes
1207 3012 387 48 contribuaient
1622 3012 31 47 à
1683 3012 225 48 élucider
1932 3012 51 47 la
2009 3027 120 47 ques-

56 3082 126 51 tion.
219 3083 146 48 Nous
397 3098 130 33 vous
559 3084 175 63 prions
766 3083 246 64 d'agréer,
1049 3082 284 56 Monsieur,
1367 3095 94 33 nos
1493 3081 116 62 plus
1641 3081 220 48 sincères
1893 3081 236 48 remercie-

56 3156 172 44 ments
259 3167 131 47 pour
419 3152 232 47 l'intérêt
682 3167 101 47 que
813 3166 131 34 vous
977 3151 291 62 témoignez
1299 3163 68 32 au
1397 3148 122 48 bien
1552 3148 62 48 de
1647 3148 53 47 la
1731 3148 157 47 chose
1919 3152 52 44 et
2004 3162 154 51 soyez

56 3220 173 47 assuré
254 3222 63 45 de
341 3225 148 44 notre
513 3222 187 47 accord
723 3236 126 33 avec
872 3223 149 46 votie
1045 3218 229 49 manière
1299 3217 64 48 de
1386 3217 128 47 voir.

156 3321 105 48 Vos
297 3321 227 48 dévoués
550 3337 9 32 :

457 3441 182 62 (signé)
671 3441 258 49 ANTONIN
959 3445 52 45 et
1045 3440 242 56 OTAKAR,
1321 3438 79 48 fils
1430 3438 313 48 d'ANTONIN
1774 3439 249 48 DVORAK.

110 3613 33 52 (i
155 3613 8 52 )
197 3613 89 35 Mot
312 3611 24 36 à
360 3615 85 32 mot
469 3622 8 25 :
501 3614 87 32 sont
611 3610 201 36 instituées
833 3609 53 37 du
906 3621 101 36 sang
1026 3609 121 36 slave.
