2486 3985
929 274 250 39 MERCURE
1217 265 235 43 MUSICAL
1484 261 66 36 ET
1590 260 44 37 S-
1681 255 34 34 I.
1755 251 56 36 M.

348 284 94 62 438

348 457 140 41 cour
519 439 68 53 de
620 434 226 61 Prusse,
879 419 361 66 d'Autriche,
1273 416 71 54 de
1377 409 274 71 Pologne,
1695 404 111 50 etc.
1852 396 284 61 Certains,
2159 386 150 58 dont
2330 396 78 38 on

348 525 143 69 peut
508 515 191 56 suivre
722 510 78 54 les
823 513 186 46 traces
1032 503 68 53 de
1123 513 147 56 pays
1288 510 74 38 en
1382 505 168 59 pays,
1573 498 147 40 nous
1740 472 407 79 apparaxsserrt:
2182 480 130 40 com
2393 559 13 12 _

346 602 82 52 les
460 589 309 62 véritables
800 585 366 70 précurseurs
1199 575 101 53 des
1331 593 23 28 «
1378 567 201 58 étoiles
1611 561 231 56 filantes
1867 576 21 28 »
1923 553 39 55 d
1987 567 92 54 auj
2091 566 33 36 o
2390 584 16 24 ,

347 683 58 49 et
438 689 145 47 pour
616 669 275 61 d'autres,
924 660 152 53 leurs
1109 655 220 53 saisons
1363 651 34 52 à
1429 647 330 64 l'étranger,
1794 631 203 75 quand
2029 646 77 36 on
2138 637 246 60 parvien

346 757 33 53 à
409 769 69 38 en
511 746 246 59 démêler
785 741 81 54 les
897 752 198 43 causes
1126 736 58 51 et
1214 731 82 54 les
1326 729 191 63 effets,
1547 739 74 38 ne
1649 716 241 56 laissent
1918 726 109 56 pas
2063 706 40 56 d
2126 703 282 71 apporter

343 825 361 79 quelquefois
732 823 218 53 d'assez
981 813 287 55 curieuses
1298 805 430 58 contributions
1758 813 36 35 a
1822 792 20 54 1
1865 792 241 54 histoire
2136 795 209 61 généra

341 914 81 53 du
447 909 226 56 théâtre
699 909 58 48 et
785 901 71 56 de
882 901 56 51 la
963 894 284 71 musique.
1273 889 107 53 Tel
1402 889 89 51 est
1519 876 386 79 précisément
1933 871 54 53 le
2012 884 99 38 cas
2136 876 153 61 pour
2319 861 84 51 les

338 988 142 56 trois
516 985 221 71 séjours
775 983 36 50 à
846 975 259 58 Londres
1141 970 71 56 de
1232 967 135 56 Mlle
1405 962 173 69 Sallé,
1606 960 284 53 danseuse
1928 950 74 56 de
2040 950 170 50 notre
2253 945 113 48 Aca-

338 1068 184 56 démie
553 1061 194 72 royale
780 1059 70 53 de
880 1054 287 70 musique,
1199 1053 163 49 entre
1396 1054 141 61 1725
1570 1044 60 50 et

1375 1308 29 57 I

657 1478 309 57 PREMIÈRE
999 1487 77 39 ET
1106 1467 327 57 DEUXIÈME
1476 1470 215 46 SAISON
1732 1460 91 66 (I7
1831 1465 30 38 2
1868 1462 30 55 5
1907 1463 55 37 -I
1969 1460 32 56 7
2009 1460 30 38 2
2045 1459 59 61 9)

447 1662 93 52 Au
583 1665 190 56 temps
814 1653 77 52 où
933 1646 373 57 Marie-Anne
1349 1635 191 72 Cuppi
1583 1634 71 54 de
1697 1630 288 65 Camargo
2031 1639 38 36 n
2095 1618 148 56 était
2286 1632 108 54 pas

338 1757 202 40 encore
565 1754 185 39 venue
778 1735 68 53 de
873 1726 298 58 Bruxelles
1198 1724 33 51 à
1251 1719 162 55 Paris
1437 1732 148 55 pour
1611 1712 89 71 s'y
1725 1707 431 72 perfectionner
2182 1710 212 60 auprès

339 1822 72 55 de
442 1817 132 55 Mlle
602 1815 263 62 Prévost,
887 1809 57 53 la
973 1802 276 58 ballerine
1282 1816 72 37 en
1385 1811 208 54 vogue,
1717 1785 141 55 celle
1891 1799 102 55 qui
2027 1782 206 52 devait
2267 1782 127 49 etre

339 1917 82 36 un
451 1898 130 54 iour
612 1912 65 36 sa
708 1889 179 55 rivale
919 1902 96 37 sur
1047 1884 57 52 la
1136 1881 167 53 scène
1338 1877 71 53 de
1439 1872 240 70 l'Opéra
1711 1865 274 56 débutait
2018 1863 135 52 tout
2187 1854 209 56 enfant

342 1980 37 52 à
408 1977 56 52 la
496 1975 165 53 Foire
692 1966 451 59 Saint-Laurent
1176 1959 71 54 de
1282 1954 161 71 1718.
1479 1949 180 56 Marie
1692 1944 152 57 Sallé
1877 1943 148 53 était
2058 1956 73 36 en
2163 1935 145 56 effet
2338 1933 61 54 la

341 2056 158 54 nièce
529 2055 70 52 de
628 2048 352 68 Francisque
1009 2041 198 64 Molin,
1240 2037 87 53 dit
1355 2030 376 69 Francisque,
1761 2042 82 35 un
1872 2022 266 71 arlequin
2171 2018 228 52 célébré

345 2137 210 52 autant
587 2147 105 52 par
724 2145 88 35 ses
844 2124 217 54 talents
1094 2116 338 57 d'acrobate
1465 2114 59 50 et
1559 2109 71 54 de
1662 2102 321 66 comédien,
2018 2116 115 53 que
2166 2110 109 55 par
2309 2108 92 38 ses

346 2225 346 51 campagnes
717 2207 323 65 héroïques,
1067 2198 114 52 lors
1209 2196 72 53 de
1306 2193 57 52 la
1387 2206 201 56 guerre
1616 2182 317 71 entreprise
1960 2194 107 55 par
2091 2176 82 53 les
2200 2175 164 54 Comé-

350 2291 161 54 diens
538 2290 77 52 du
640 2286 86 53 roi
750 2287 200 51 contre
974 2279 82 54 les
1081 2274 236 55 forains.
1348 2272 51 51 Il
1424 2273 89 50 est
1537 2268 137 51 hors
1701 2264 72 53 de
1799 2274 214 56 propos
2041 2258 71 52 de
2139 2251 269 72 rappeler

351 2370 75 53 ici
454 2368 81 54 les
567 2367 208 69 phases
808 2363 70 52 de
911 2363 154 50 cette
1096 2357 153 51 lutte
1281 2349 209 73 épique
1526 2348 77 65 (1)
1635 2366 13 47 ;
1684 2361 77 35 on
1794 2358 71 36 en
1898 2335 297 56 retiendra
2227 2333 153 52 seule-

352 2452 164 50 ment
552 2462 111 54 que
699 2446 166 49 notre
901 2434 280 73 arlequin,
1220 2430 166 72 après
1423 2425 162 56 avoir
1623 2438 193 38 connu
1851 2419 82 52 les
1970 2415 131 71 plus
2138 2415 243 51 retentis-

353 2528 163 51 sants
544 2523 195 52 succès
769 2524 58 47 et
855 2535 81 36 vu
963 2516 52 52 le
1043 2510 197 74 public
1268 2509 310 52 s'entasser
1607 2503 146 53 dans
1782 2516 65 35 sa
1875 2517 21 29 «
1921 2497 129 68 loge
2074 2514 42 46 »,
2147 2491 264 70 éprouva

357 2621 150 51 coup
536 2618 97 37 sur
662 2617 149 51 coup
841 2599 196 50 toutes
1066 2596 184 49 sortes
1281 2589 71 52 de
1382 2583 263 56 déboires
1675 2584 59 50 et
1764 2577 200 72 quitta
1994 2571 163 56 Paris
2173 2585 149 56 pour
2337 2584 83 37 un

357 2687 211 64 temps,
602 2681 164 68 après
797 2677 57 52 la
870 2673 165 55 Foire
1067 2663 470 63 Saint-Germain
1570 2663 70 52 de
1677 2673 161 56 1724*
2096 2657 214 63 troupe
2343 2648 74 53 de

358 2759 351 70 Francisque
738 2754 145 55 était
911 2749 323 71 composée,
1263 2762 148 53 pour
1433 2758 113 37 une
1575 2739 217 71 grande
1816 2738 154 68 part,
1997 2734 99 52 des
2125 2728 295 56 membres

360 2841 71 53 de
470 2856 65 35 sa
573 2834 215 55 famille
832 2855 12 31 :
869 2850 72 35 en
982 2829 160 66 effet,
1183 2822 325 57 l'excellent
1548 2818 205 54 artiste
1796 2811 163 58 avait
1999 2828 144 37 avec
2183 2806 87 55 lui
2310 2823 108 37 son

355 2918 166 66 frère,
581 2916 198 54 Simon
836 2909 198 68 Molin,
1094 2928 21 28 «
1140 2904 287 70 voltigeur
1451 2922 21 28 »
1531 2897 259 67 emerite,
1851 2895 146 52 dont
2056 2890 59 52 la
2175 2888 237 66 femme,

355 2963 378 97 Mlle'Molin,
781 2991 188 71 jouait
1014 2988 82 53 les
1143 2997 409 49 amoureuses;
1602 2994 66 36 sa
1714 2991 175 49 sœur,
1938 2970 102 71 qui
2089 2965 191 57 tenait
2327 2965 84 53 les

351 3074 328 55 soubrettes
703 3076 58 49 et
785 3069 101 71 qui
911 3065 161 56 avait
1096 3065 214 70 épouse
1334 3057 261 68 Cochois,
1612 3074 81 35 un
1719 3076 20 28 «
1764 3053 185 56 Gille»
1974 3050 119 52 très
2111 3044 301 74 apprécié,

347 3170 66 36 sa
447 3152 214 53 femme
717 3153 59 50 et
811 3148 53 53 le
900 3145 147 54 frère
1082 3145 72 54 de
1189 3139 238 66 celle-ci,
1465 3135 171 68 Salle,
1674 3137 202 49 acteur
1912 3128 312 66 mediocre,
2261 3123 151 54 mais

347 3232 137 70 père
524 3232 71 52 de
635 3231 154 52 deux
828 3226 253 64 enfants,
1122 3219 180 56 Marie
1345 3215 151 57 Sallé
1537 3219 58 48 et
1636 3231 106 35 son
1782 3210 168 66 frère,
1990 3206 106 72 qui
2135 3203 278 56 s'étaient

350 3309 200 72 acquis
591 3308 70 55 de
699 3308 193 52 bonne
930 3304 178 52 heure
1146 3317 114 37 une
1300 3295 185 73 petite
1526 3290 273 57 célébrité
1839 3304 229 38 comme
2109 3286 304 54 danseurs.

463 3467 61 48 (1)
553 3464 104 40 Voir
686 3462 219 38 MAURICE
934 3459 203 43 ALBERT,
1171 3455 59 38 les
1265 3453 202 39 Théâtres
1498 3450 48 38 de
1579 3449 43 38 la
1655 3446 126 41 Foire
1814 3444 170 52 (Paris,
2017 3441 243 46 Hachette,
2297 3449 123 39 1900,

343 3526 103 41 n-16
461 3528 27 46 ).
