2486 3985
2123 322 93 49 525

763 334 102 33 THE
902 331 215 36 LONDON
1158 330 192 35 SPRING
1389 329 197 34 SEASON

134 482 70 54 de
231 481 221 72 fatigue
479 499 70 37 en
576 481 285 55 chantant
889 481 145 53 dans
1059 498 80 36 un
1164 476 308 57 entonnoir
1497 477 71 55 de
1594 475 198 70 métal,
1820 473 122 56 cela
1967 490 71 37 ne
2064 490 147 36 nous

134 562 238 70 regarde
425 580 104 53 pas
686 562 50 52 A
789 561 200 70 quand
1043 579 78 35 un
1175 564 232 49 concert
1460 556 177 72 dirigé
1689 574 107 53 par
1848 553 242 56 Nikisch
2144 552 70 55 de

133 642 426 72 gramophones
590 647 60 49 et
682 642 70 54 de
783 641 265 71 pianolas
1077 646 21 48 ?
1156 639 293 54 Plaisante
1479 636 381 74 perspective.

131 989 439 56 THEATRES.

248 1110 85 52 La
367 1107 265 70 musique
669 1108 99 54 des
803 1106 370 71 pantomines
1210 1106 70 53 de
1316 1106 198 70 Drury
1549 1106 159 52 Lane
1742 1122 71 36 ne
1849 1105 165 53 brille
2047 1105 133 71 géné-

136 1188 283 54 ralement
477 1205 105 52 pas
639 1205 106 52 par
801 1204 65 35 sa
922 1186 202 53 valeur
1180 1185 376 69 intrinsèque.
1930 1186 191 53 donne
2179 1186 34 53 à

134 1271 75 51 M.
254 1271 256 67 Fragson
547 1267 309 54 l'occasion
896 1265 368 54 d'intercaler
1302 1265 278 69 quelques
1618 1282 142 36 unes
1801 1266 70 53 de
1910 1284 88 35 ses
2037 1267 140 52 chan-

133 1366 134 37 sons
336 1348 498 70 déplorablement
903 1345 437 54 sentimentales
1408 1345 47 53 si
1525 1365 20 28 «
1571 1345 316 70 plaisantes
1911 1366 21 28 »
2003 1352 57 47 et
2128 1346 82 53 les

132 1427 218 71 parties
387 1428 70 54 de
491 1426 181 55 ballet
707 1427 283 52 étonnent
1026 1442 105 53 par
1166 1423 123 55 leur
1322 1423 277 54 banalité.
1638 1425 97 53 Un
1770 1425 123 53 seul
1929 1431 281 62 moment,

132 1526 75 36 au
256 1525 167 36 cours
475 1507 68 54 de
593 1511 155 50 cette
797 1506 210 70 longue
1057 1503 480 72 représentation,
1590 1521 218 51 amuse,
1859 1522 113 36 une
2024 1505 155 54 défor-

131 1588 224 54 mation
396 1586 347 72 ingénieuse,
783 1585 239 71 parodie
1062 1602 134 36 sans
1237 1583 274 72 irrespect
1553 1590 58 48 et
1653 1601 132 37 sans
1826 1583 273 56 lourdeur
2139 1586 71 53 de

129 1669 286 54 certaines
447 1685 175 53 pages
655 1667 79 55 du
767 1665 302 56 deuxième
1102 1670 128 49 acte
1264 1665 69 53 de
1699 1665 80 53 Le
1810 1665 172 71 jeune
2013 1665 198 71 prince

129 1749 238 53 combat
414 1747 53 54 le
514 1752 261 50 monstre
824 1746 100 71 qui
973 1746 175 71 garde
1196 1745 81 53 les
1327 1745 212 53 trésors
1586 1762 100 36 sur
1732 1745 81 53 les
1863 1746 225 53 thèmes
2139 1746 71 53 de

131 1829 297 71 Siegfried,
458 1829 79 54 du
564 1829 240 69 Dragon
830 1832 59 50 et
918 1827 70 54 de
1015 1826 57 53 la
1098 1826 314 53 Traversée
1441 1826 79 53 du
1548 1825 114 68 feu,
1693 1825 514 71 ingénieusement.

128 1909 98 67 Et,
270 1909 220 69 quand,
532 1907 52 55 le
627 1907 220 70 dragon
888 1906 232 67 vaincu,
1163 1905 52 54 le
1257 1906 389 70 changement
1688 1906 34 52 à
1764 1923 114 36 vue
1921 1906 287 55 découvre

126 2006 115 36 une
273 1989 155 53 foule
461 1989 70 53 de
562 1989 201 69 jeunes
797 1987 199 54 dames
1027 1986 206 53 vêtues
1267 1986 70 53 de
1369 1983 316 73 pierreries,
1719 1985 489 54 l'enchaînement

129 2070 99 53 des
260 2086 273 55 passages
565 2067 356 73 wagnériens
954 2069 34 52 à
1021 2085 114 36 une
1168 2067 196 52 entrée
1399 2066 70 55 de
1502 2066 181 55 ballet
1716 2084 99 37 sur
1846 2085 83 36 un
1973 2067 234 70 rythme

127 2150 70 53 de
227 2151 280 52 mazurka
536 2166 71 37 ne
636 2165 254 53 manque
919 2165 107 53 pas
1057 2147 69 54 de
1157 2165 226 36 saveur.

239 2231 92 52 Au
357 2229 108 54 His
490 2229 304 71 Majesty's
819 2229 248 67 théâtre,
1092 2227 57 54 la
1172 2226 285 71 partition
1478 2227 304 71 composée
1798 2245 107 52 par
1920 2229 107 52 Mr.
2047 2229 119 69 Ray-

123 2311 182 52 mond
363 2311 158 52 Roze
576 2326 150 54 pour
1454 2310 231 68 Antony
2029 2309 116 52 and
1557 2312 151 49 reste
1731 2307 474 55 indélébilement

123 2390 418 71 wagnérienne,
582 2408 134 35 sans
754 2406 113 54 que
904 2389 59 53 la
999 2387 155 56 reine
1195 2389 295 69 d'Egypte
1529 2405 72 37 en
1638 2387 257 71 paraisse
1934 2389 268 69 surprise.

122 2470 291 71 Quelques
457 2471 207 53 danses
709 2469 314 55 d'esclaves
1068 2486 141 36 avec
1252 2467 385 55 instruments
1680 2467 271 71 antiques
1994 2486 77 36 ou
2097 2469 84 53 soi-

123 2551 194 53 disant
359 2550 108 54 tels
507 2555 252 49 sonnent
800 2549 436 72 agréablement
1277 2547 196 55 tandis
1514 2549 185 69 qu'un
1738 2549 173 69 jeune
1951 2566 252 54 soprano

121 2632 170 70 nègre
341 2631 178 71 drapé
569 2631 70 55 de
686 2630 171 55 blanc
905 2630 212 55 chante
1164 2646 115 37 une
1324 2629 262 69 mélopée
1633 2646 158 37 assez
1840 2629 362 69 charmante,

118 2711 250 70 quelque
687 2730 133 36 coon
1010 2729 139 53 song
724 2711 70 55 de
830 2710 58 53 la
913 2709 236 72 période
1168 2711 10 52 !
1215 2710 80 53 Le
1317 2707 320 56 leit-motiv
1679 2707 101 73 qui
1811 2726 392 55 accompagne

118 2791 107 54 Mr.
263 2791 330 55 Beerbohm
629 2791 142 54 Tree
808 2795 196 50 toutes
1040 2790 80 55 les
1157 2789 110 54 fois
1303 2787 147 71 qu'il
1486 2806 175 52 songe
1698 2790 34 52 à
1768 2789 310 71 Cleopatra
2114 2795 88 48 est

117 2878 355 64 somptueux
514 2878 59 48 et
616 2871 305 55 troublant
964 2889 226 36 comme
1234 2870 308 70 Cleopatra
1585 2869 321 56 elle-même
2064 2870 138 55 Miss

118 2951 324 55 Constance
482 2951 221 56 Collier.
748 2952 202 72 Quant
990 2952 35 53 à
1063 2950 58 55 la
1161 2950 179 71 pièce,
1383 2949 291 54 d'ailleurs
1714 2950 491 55 admirablement

115 3034 234 53 montée
391 3039 58 48 et
491 3032 144 55 mise
676 3052 71 35 en
786 3034 188 67 scène,
1017 3049 141 37 avec
1199 3048 114 37 une
1354 3029 412 71 magnificence
1806 3030 103 72 qui
1948 3031 57 55 la
2043 3050 159 52 pare,

114 3130 141 36 mon
286 3112 169 70 Dieu,
489 3132 140 36 mon
659 3112 171 70 Dieu,
865 3111 47 56 si
945 3112 104 55 elle
1081 3110 209 56 n'était
1322 3128 105 53 pas
1459 3109 193 73 signée
1684 3111 366 72 Shakspeare
2084 3114 9 52 !

1329 3218 17 53 X.
1355 3218 51 53 Marcel
1474 3218 678 53 Boulestin.
