2486 3985
445 383 0 0 508

913 331 258 34 MERCURE
1206 331 238 34 MUSICAL
1479 331 68 34 ET
1587 329 47 35 S.
1682 329 42 34 I.
1771 328 65 34 M.

348 480 83 54 ait
471 479 381 54 entièrement
889 477 188 70 perdu
1113 477 59 54 la
1210 477 376 71 spontanéité
1624 481 61 50 et
1724 476 59 53 la
1821 472 317 71 simplicité
2179 473 103 70 qui
2320 476 69 60 fai-

345 559 187 54 saient
565 562 133 50 tout
730 575 107 36 son
868 557 254 55 charme.

456 637 198 69 Quant
680 636 36 52 à
740 636 59 53 la
821 636 350 70 symphonie
1199 637 71 54 de
1298 639 76 53 M.
1404 636 204 74 Sylvio
1637 633 263 69 Lazzari,
1919 635 147 53 c'est
2082 651 117 37 une
2226 653 184 45 œuvre

343 716 68 53 de
439 715 373 70 proportions
840 721 60 48 et
931 716 72 53 de
1032 717 177 55 durée
1238 717 448 55 considérables.
1719 715 440 54 Actuellement
2189 713 192 63 l'entre-

338 793 151 70 prise
532 795 237 54 d'écrire
810 813 116 36 une
966 796 349 71 symphonie
1357 797 192 56 révèle
1594 799 35 52 à
1670 796 108 53 elle
1820 795 158 54 seule
2027 811 82 36 un
2154 795 179 71 esprit
2371 804 37 53 si

336 873 437 56 consciencieux
811 880 60 49 et
909 875 48 54 si
995 875 431 72 désinterressé,
1467 879 181 71 qu'on
1689 895 61 36 se
1789 881 132 50 sent
1968 875 288 56 d'avance
2293 884 85 64 pré-

335 970 154 37 venu
520 973 72 35 en
623 955 207 54 faveur
859 956 73 55 de
961 956 267 70 l'œuvre,
1262 959 271 54 désireux
1563 976 72 36 en
1681 962 137 50 tous
1841 974 99 37 cas
1978 956 135 55 d'en
2142 974 266 44 savourer

334 1036 195 50 toutes
558 1034 82 53 les
669 1034 253 71 qualités
951 1053 136 36 sans
1117 1039 271 54 attacher
1417 1044 135 64 trop
1582 1037 432 70 d'importance
2037 1036 35 52 à
2095 1054 60 35 se
2179 1036 194 72 simper-

331 1110 247 56 fections
609 1114 300 68 possibles.
948 1115 155 56 C'est
1138 1117 147 55 dans
1320 1124 93 49 cet
1447 1120 129 52 état
1610 1116 248 71 d'esprit
1892 1135 117 52 que
2044 1134 150 37 nous
2234 1135 169 43 avons

329 1192 259 54 entendu
622 1194 52 53 le
710 1195 250 68 premier
994 1204 384 48 mouvement
1416 1200 71 53 de
1522 1199 59 53 la
2121 1197 82 55 mi

330 1270 71 53 de
435 1271 76 53 M.
548 1271 240 56 Lazzari
815 1295 13 47 ;
863 1276 144 52 c'est
1041 1294 137 37 sans
1213 1277 180 55 doute
1427 1279 34 52 à
1493 1277 84 55 lui
1610 1277 147 71 qu'il
1792 1277 132 55 faut
1958 1276 297 57 attribuer
2287 1280 91 57 l'in-

326 1350 151 53 térêt
514 1369 113 52 que
663 1371 147 37 nous
846 1373 40 52 y
922 1374 184 35 avons
1141 1357 120 70 pris
1289 1379 12 47 ;
1340 1359 576 54 malheureusement
1953 1359 447 61 l'interminable

327 1428 212 55 scherzo
564 1432 76 52 où
665 1432 99 55 des
788 1434 228 55 thèmes
1040 1441 133 65 trop
1199 1437 292 71 vulgaires
1515 1456 59 37 se
1599 1439 392 69 poursuivent
2016 1458 138 35 sans
2179 1441 220 60 adresse

325 1512 58 49 et
416 1508 52 55 le
501 1510 173 56 finale
706 1512 333 55 boursouflé
1073 1516 100 70 qui
1207 1517 425 69 complétaient
1661 1519 249 54 l'œuvre
1945 1519 73 56 de
2053 1521 78 52 M.
2169 1521 228 57 Lazzari

322 1592 106 49 ont
472 1590 384 57 entièrement
901 1594 216 69 dissipé
1160 1601 158 50 cette
1361 1597 286 70 première
1693 1599 372 71 impression.
2108 1601 288 73 Essayons

324 1667 148 54 donc
509 1670 286 56 d'oublier
828 1672 81 55 les
948 1674 153 54 deux
1143 1676 289 55 dernières
1468 1677 220 72 parties
1724 1679 73 54 de
1834 1685 157 50 cette
2034 1682 360 74 symphonie,

321 1750 60 49 et
437 1765 147 37 nous
654 1756 411 51 retrouverons
1121 1756 292 69 peut-être
1468 1757 81 55 les
1608 1759 254 71 qualités
1919 1779 114 52 que
2093 1764 302 70 paraissait

321 1841 292 40 annoncer
656 1830 466 72 l'introduction,
1166 1835 52 53 le
1268 1836 159 55 souci
1486 1837 247 56 d'abord
1776 1840 177 55 d'une
1999 1845 393 56 construction

320 1905 341 57 rationnelle
693 1914 59 49 et
783 1910 136 54 bien
951 1912 335 70 équilibrée;
1326 1917 99 52 des
1454 1919 338 54 recherches
1822 1921 295 56 vraiment
2161 1924 202 57 intéres-

317 1989 196 48 santes
552 1987 38 52 d
613 1987 300 56 harmonie
951 1996 60 48 et
1050 1992 509 59 d'orchestration.
1602 1999 219 70 Certes,
1863 2003 77 53 M.
1983 2003 244 55 Lazzari
2267 2023 93 37 con-

313 2062 126 52 naît
466 2063 133 55 bien
626 2083 105 36 son
758 2069 223 68 métier,
1011 2076 58 48 et
1097 2072 123 55 s'en
1247 2080 118 48 sert
1393 2076 364 57 habilement
1785 2083 206 68 quand
2018 2083 42 53 il
2086 2089 148 49 veut
2273 2086 112 55 s'en

316 2142 221 54 donner
583 2146 55 52 la
684 2147 168 69 peine
879 2169 13 47 \
941 2151 148 53 mais
1138 2170 62 37 ce
1247 2155 153 53 n'est
1449 2156 56 54 la
1552 2159 222 70 qu'une
1822 2164 227 68 qualité
2098 2166 284 71 négative,

313 2220 40 52 d
376 2220 227 56 ailleurs
640 2241 157 37 assez
834 2227 211 56 banale
1082 2231 378 70 aujourd'hui
1488 2258 14 47 ;
1540 2255 65 37 ce
1643 2240 102 70 qui
1781 2244 296 68 complète
2116 2250 59 50 et
2213 2246 170 56 classe

310 2298 52 54 le
400 2301 283 56 véritable
724 2307 222 69 artiste,
988 2328 29 34 c
1042 2316 88 48 est
1169 2312 479 77 l'individualité,
1690 2326 158 50 cette
1888 2325 228 69 qualité
2156 2344 194 53 person-

310 2380 146 53 nelle
486 2381 69 52 de
585 2382 56 54 la
669 2386 319 55 sensibilité
1017 2408 76 35 ou
1124 2391 71 53 de
1224 2392 19 52 1
1267 2394 389 73 intelligence,
1688 2418 64 37 ce
1780 2401 59 71 je
1868 2422 74 35 ne
1971 2405 118 55 sais
2118 2408 142 69 quoi
2289 2409 92 71 qui

308 2455 107 54 fait
444 2476 113 52 que
584 2469 250 62 pensant
863 2483 76 36 ou
969 2474 238 50 sentant
1238 2472 460 75 différemment,
1728 2480 41 53 il
1799 2483 196 55 donne
2024 2486 36 52 à
2088 2486 58 54 la
2174 2488 206 72 langue

304 2552 308 41 commune
668 2560 80 34 un
807 2546 205 55 cachet
1069 2554 326 64 personnel.
1459 2558 170 54 Voilà
1686 2561 581 61 malheureusement
2323 2587 55 37 ce

304 2616 100 67 qui
435 2618 192 68 paraît
661 2639 286 54 manquer
985 2627 34 54 à
1060 2630 78 53 M.
1195 2631 261 74 Lazzari,
1514 2639 148 53 dans
1717 2641 249 57 l'œuvre
2025 2646 223 63 duquel
2305 2650 72 54 les

1738 2740 210 40 encore
2006 2735 369 64 apparentes.

411 2776 92 52 En
536 2795 188 38 meme
758 2786 192 69 temps
984 2805 113 52 que
1131 2808 96 37 ces
1261 2792 156 55 deux
1453 2814 251 56 œuvres,
1742 2803 78 53 M.
1858 2804 340 60 Chevillard
2232 2829 140 36 nou,

299 2867 35 36 a
372 2857 190 51 donne
599 2857 56 52 la
693 2861 117 53 très
847 2867 218 66 grande
1103 2867 116 72 joie
1258 2872 347 59 d'entendre
2149 2890 80 68 (la
2267 2892 105 53 fille

299 2933 70 50 de
404 2939 184 64 neige)
626 2937 56 52 la
716 2946 151 50 suite
903 2945 355 60 d'orchestre
1315 2954 148 54 dans
1511 2958 253 71 laquelle
1816 2964 557 62 Rimski-Korsakof

298 3026 34 34 a
371 3027 217 55 groupe
646 3035 59 34 es
743 3021 346 72 principaux
1129 3030 266 70 épisodes
1434 3039 467 75 symphoniques
1942 3048 72 54 de
2053 3067 107 38 son
2201 3053 169 65 opéra

320 3095 336 67 antastique
710 3099 78 52 du
839 3102 189 56 même
1080 3125 158 38 nom.
1295 3112 169 56 Cette
1517 3134 204 41 œuvre
1775 3124 311 60 délicieuse
2140 3151 149 36 nous
2339 3149 29 36 a

292 3171 186 51 revele
523 3190 80 34 un
647 3181 130 48 cote
823 3185 133 51 tout
1000 3203 275 42 nouveau
1320 3193 73 54 de
1437 3195 57 53 la
1552 3204 401 63 personnalité
2014 3210 82 54 du
2161 3213 205 54 maître

287 3342 188 27 rnmm
501 3270 16 94 !
547 3330 109 39 w
884 3260 57 109 îf,
978 3281 29 36 c
1012 3283 33 76 ?
1049 3269 329 57 nnaissions
1420 3275 389 71 uniquement
1851 3285 242 74 jusqu'à
2135 3294 228 70 présent

287 3342 227 40 comme
547 3330 52 54 le
632 3331 347 65 formidable
1011 3354 317 51 evocateur
1361 3354 102 53 des
1497 3356 212 57 délices
1745 3364 71 53 de
1849 3365 58 55 la
1940 3387 338 56 vengeance
2309 3377 53 52 et

284 3406 180 126 tneni
465 3425 22 34 U
496 3426 98 106 rS
597 3429 26 34 r
626 3491 33 41 H
679 3433 83 99 -r®
862 3438 175 94 Tv'
1078 3444 29 36 C
1111 3444 34 36 °
1149 3445 156 40 mme
1343 3431 323 73 lepeintre
1707 3441 168 58 étran
1879 3459 242 60 gement
2160 3455 166 70 volup-

284 3488 183 50 tueux
496 3488 101 54 des
626 3491 208 58 delices
861 3499 71 55 de
960 3502 19 52 1
1003 3521 206 40 amour
1237 3515 59 48 et
1324 3511 80 56 du
1432 3520 271 65 pouvoir.

395 3565 144 55 Mais
574 3586 151 38 voici
758 3593 113 52 que
1393 3580 158 74 Snegourotchka
1552 3594 94 57 vibre
1647 3599 100 56 de
1748 3608 172 52 tous
1921 3608 64 56 les
1990 3613 143 56 rires
2168 3615 186 55 insou-
