2874 3048
1510 2352 74 33 266

719 537 318 44 menschlich
1074 540 107 42 und
1216 539 226 43 sichtbar
1484 539 286 56 geworden
1809 540 53 42 in
1901 540 119 43 dem
2059 541 332 56 ungeheuren

720 597 452 56 Dämonenhaupt,
1196 599 91 43 das
1304 600 94 42 mit
1416 599 382 55 aufgerissenen
1815 599 179 56 Augen
2010 600 104 42 und
2131 600 259 45 schreien=

721 657 118 43 dem
869 657 146 44 Maul
1044 658 126 44 über
1202 658 81 44 die
1311 657 310 56 dampfende
1647 658 329 44 Brandstätte
2003 662 162 51 wogt.
2197 659 195 44 Ferner

721 716 90 43 das
833 730 173 42 grosse
1027 717 137 43 Blatt
1186 716 160 51 „Tod
1373 717 120 43 und
1521 717 241 44 Leben”
1784 717 108 43 und
1915 717 91 43 das
2028 719 362 55 unvergleich=

718 774 132 44 liehe
882 775 297 51 „Finale”,
1206 776 52 42 in
1287 776 119 43 dem
1434 776 200 43 wieder
1660 776 91 43 das
1777 775 419 52 Beklemmende,
2223 776 167 44 Trau=

718 835 121 55 rige,
866 834 265 44 unfassbar
1153 834 364 45 Unheimliche
1545 835 89 44 der
1660 835 179 51 Heide,
1862 835 107 43 wie
1997 835 90 43 das
2109 835 158 44 Arme
2289 836 103 43 und

719 893 225 52 Hilflose,
968 894 91 42 das
1076 893 152 43 Trost
1252 894 178 50 erhält.
1451 894 197 43 Gestalt
1671 907 382 43 angenommen
2070 894 103 43 hat.
2197 894 195 45 Ferner

720 952 80 43 die
831 951 278 52 „Nacht”,
1141 952 156 43 deren
1327 953 333 43 räthselhafte
1696 952 229 44 Formen
1961 953 108 42 und
2101 953 289 44 Geräusche

719 1011 75 43 als
821 1011 223 44 Fratzen
1071 1011 108 43 und
1204 1011 220 43 Masken
1452 1011 312 45 erscheinen.
1791 1031 53 20 =
1868 1011 131 45 Eine
2031 1025 172 43 grosse
2230 1012 161 44 Reihe

717 1083 107 29 von
867 1069 393 43 Holzschnitten
1312 1070 115 42 sind
1479 1071 142 43 nicht
1666 1071 77 43 bis
1784 1084 64 31 zu
1892 1072 161 43 dieser
2096 1071 294 51 „Sichtbar=

717 1128 285 55 werdung”
1034 1127 336 45 entwickelte
1401 1127 669 59 „Vermenschlichungen”,
2099 1130 153 44 keine
2282 1132 109 43 rein

717 1187 385 55 symbolischen
1120 1187 398 55 Darstellungen
1540 1188 140 44 eines
1698 1189 332 52 Erlebnisses,
2048 1189 224 44 sondern
2295 1192 95 41 mit

717 1246 237 43 restloser
977 1245 339 55 Versenkung
1341 1246 55 42 in
1423 1245 80 43 die
1531 1248 342 54 angeschaute
1899 1248 358 56 Erscheinung
2283 1249 107 43 und

717 1305 95 43 mit
855 1307 277 41 äusserster
1174 1304 216 55 Strenge
1431 1304 107 43 und
1576 1304 321 46 Selbstzucht
1938 1320 164 43 gegen
2145 1308 80 43 die
2269 1321 120 30 aus=

717 1363 254 44 führende
1013 1363 157 43 Hand
1218 1363 256 55 gegebene
1517 1363 166 56 Dinge
1731 1365 88 43 der
1862 1365 527 56 Erscheinungswelt.

716 1422 263 43 Vielmehr
1021 1423 157 42 deren
1223 1423 251 41 innerstes
1519 1422 106 42 und
1674 1423 308 55 geheimstes
2024 1425 213 51 Wesen,
2280 1426 110 43 ihre

717 1481 431 55 „krystallisierte,
1175 1480 379 56 paradiesische
1585 1481 202 51 Form”,
1814 1483 110 42 wie
1952 1482 124 44 Gide
2107 1487 126 51 sagt.
2265 1484 125 43 Dies

717 1540 90 43 hat
838 1540 110 43 sich
977 1540 111 42 ihm
1119 1540 198 56 gezeigt
1347 1540 109 42 wie
1485 1539 83 43 bei
1591 1541 158 54 jenen
1775 1541 285 55 Symbolen
2087 1543 148 43 auch.
2267 1542 123 44 Hier

717 1599 123 42 aber
877 1600 133 54 zeigt
1041 1612 53 30 er
1126 1599 90 43 das
1244 1598 139 56 Ding
1420 1597 169 51 selbst,
1620 1599 108 43 wie
1767 1612 53 30 er
1851 1613 54 30 es
1935 1599 109 51 sah,
2076 1601 143 42 nicht
2247 1602 142 43 seine

715 1657 264 52 Emotion,
1004 1658 80 44 die
1107 1671 54 31 er
1183 1658 175 44 davon
1381 1656 273 57 empfieng,
1671 1657 106 43 und
1799 1657 251 45 überlässt
2073 1671 54 31 es
2150 1659 118 43 dem
2285 1660 103 43 Be=

715 1717 230 51 schauer,
978 1718 81 43 die
1091 1716 528 56 Vermenschlichung
1650 1716 157 44 selbst
1838 1730 62 30 zu
1929 1717 293 45 vollziehen
2251 1719 136 43 nach

715 1777 195 43 seinem
954 1777 216 55 eigenen
1204 1776 221 44 Herzen.
1469 1774 155 44 Denn
1655 1775 143 55 jedes
1835 1775 164 44 dieser
2036 1776 352 57 Laage’schen

715 1834 262 52 Stilleben,
1021 1835 106 44 dies
1169 1835 297 51 „Fenster
1508 1834 111 44 mit
1663 1834 116 44 den
1821 1834 565 46 Blumenstöcken”

716 1895 106 42 und
846 1895 88 44 der
963 1895 170 43 Nacht
1160 1895 259 50 draussen,
1442 1894 142 43 seine
1612 1892 318 57 „Tulpen”,
1958 1895 110 43 sein
2095 1895 291 50 „Herbst=

715 1953 147 55 tag”,
890 1954 109 43 sein
1022 1952 439 52 „Heidehaus”,
1484 1953 110 43 sein
1617 1952 285 56 „Regen”,
1931 1954 110 42 sein
2063 1954 324 52 „Läuten”,

715 2012 109 43 sein
857 2011 672 57 „Sonnenuntergang”
1558 2012 65 43 ist
1655 2012 84 43 ein
1768 2011 228 44 Zustand
2026 2013 169 44 seiner
2225 2014 161 51 Seele,

714 2074 133 51 sagt:
880 2083 56 31 so
969 2072 118 42 hab’
1114 2071 123 44 ich’s
1269 2071 217 56 gefühlt!
1512 2090 53 20 =
1595 2071 67 44 So
1690 2071 303 44 zauberisch
2022 2072 117 44 hab’
2170 2073 83 43 ich
2286 2074 100 43 den

714 2127 222 45 Frieden
962 2131 85 42 nie
1068 2130 223 55 gesehen
1314 2130 74 43 als
1411 2130 79 51 da,
1514 2130 65 43 da
1605 2130 84 43 ich
1717 2130 137 43 diese
1876 2134 192 40 stumm
2092 2132 295 56 glühenden

713 2187 223 44 Blumen
966 2188 73 44 im
1071 2188 414 55 Lampenschein
1518 2202 86 30 am
1636 2188 215 45 Fenster
1882 2189 177 44 stehen
2090 2190 95 43 sah
2215 2192 54 42 in
2298 2191 89 43 der
