2874 3048
1284 2368 74 34 263

498 555 107 44 und
626 555 332 57 Verachtung
980 555 82 43 für
1085 555 162 43 dieses
1270 555 329 51 „Publicum”
1623 569 142 30 muss
1787 570 97 30 uns
1907 559 259 55 ergreifen,

498 627 165 31 wenn
674 615 103 43 wir
794 615 92 43 das
902 616 187 42 immer
1105 614 106 43 und
1228 614 185 44 immer
1423 615 199 43 wieder
1638 615 173 44 sehen.
1830 616 154 44 Denn
2002 631 164 31 wenn

498 675 141 43 einer
671 675 78 50 ist,
781 675 101 50 der,
914 686 173 31 ausser
1117 672 218 52 Thoma,
1367 674 109 43 sich
1506 674 107 56 gibt
1644 674 135 44 ohne
1809 675 219 44 Masken
2058 678 108 41 und

499 732 135 44 ohne
666 732 459 52 „Kunst=machen
1133 731 268 52 =wollen”,
1431 745 56 29 so
1518 733 65 42 ist
1614 733 107 43 dies
1748 733 188 56 Laage.
1969 734 68 43 Ist
2066 736 99 43 den

497 792 414 44 Betrachtenden
929 791 91 43 das
1037 791 140 42 Wie
1194 791 168 43 seiner
1373 791 198 44 Werke
1589 805 132 41 ganz
1739 792 121 44 oder
1874 792 291 45 theilweise

501 851 433 50 unverständlich,
964 863 56 29 so
1053 851 194 41 müsste
1279 850 133 51 dem,
1441 850 89 43 der
1561 851 108 43 sich
1699 851 138 44 Herz
1866 852 107 42 und
2004 852 159 44 Sinne

496 909 406 56 unverkrüppelt
919 907 243 44 bewahrt
1182 907 91 44 hat
1295 909 161 55 (aber:
1478 922 117 30 wer
1616 909 91 43 hat
1730 911 162 55 das?),
1914 911 89 42 das
2021 911 142 43 Was

496 983 65 29 zu
584 969 204 43 Herzen
815 968 179 55 gehen.
1022 967 108 42 Das
1157 967 93 42 soll
1273 968 141 43 nicht
1436 980 174 44 sagen,
1634 969 117 43 dass
1775 969 117 43 dem
1914 969 134 43 Was
2070 983 93 29 vor

498 1029 119 43 dem
632 1028 123 42 Wie
772 1028 54 41 in
844 1027 87 42 der
948 1025 369 56 Beurtheilung
1334 1027 83 43 ein
1428 1027 235 56 Vorrang
1682 1028 319 56 eingeräumt
2018 1041 143 31 wer=

498 1087 99 42 den
614 1085 108 50 soll,
735 1084 136 44 noch
887 1084 320 55 umgekehrt.
1224 1084 94 44 Bei
1329 1085 177 58 Laage
1522 1087 77 51 ist,
1610 1088 106 43 wie
1735 1088 81 43 bei
1836 1086 133 44 allen
1980 1088 181 42 wahr=

496 1144 177 44 haften
699 1143 295 51 Künstlern,
1023 1143 90 43 das
1141 1144 114 44 eine
1282 1144 118 44 dem
1428 1146 190 44 andern
1645 1150 283 52 congruent
1955 1146 107 43 und
2083 1146 80 43 ihr

495 1202 292 44 Verhältnis
813 1201 142 43 nicht
982 1202 187 44 anders
1195 1216 66 30 zu
1287 1204 219 45 denken.
1538 1205 70 44 Es
1637 1206 64 43 ist
1727 1205 336 55 nothwendig
2089 1218 72 37 so,

495 1262 109 42 wie
627 1274 53 30 es
702 1261 77 43 ist.
803 1261 108 43 Das
933 1261 64 43 ist
1019 1261 139 44 seine
1181 1264 196 53 grösste
1399 1263 180 45 Stärke
1601 1265 106 42 und
1730 1265 291 44 Schönheit.
2054 1264 108 43 Das

495 1321 142 43 Wie
675 1333 65 30 zu
777 1320 319 44 beurtheilen
1133 1321 141 44 kann
1312 1322 89 44 der
1431 1323 296 44 Betrachter
1764 1324 191 50 lernen,
1986 1324 77 42 bis
2096 1337 67 29 zu

495 1380 171 43 einem
693 1380 260 55 gewissen
978 1378 152 53 Grad,
1152 1393 166 32 wenn
1345 1394 54 32 er
1423 1383 99 43 den
1544 1387 155 50 guten
1721 1383 200 43 Willen
1942 1382 91 44 hat
2054 1382 108 44 und

494 1438 110 43 sich
626 1438 162 43 Mühe
810 1438 120 56 gibt.
952 1437 117 44 Und
1093 1451 54 31 er
1173 1453 167 30 muss
1367 1442 108 43 sich
1497 1442 161 43 Mühe
1682 1443 173 54 geben.
1878 1461 48 20 =
2016 1449 145 42 ©o©

494 1506 42 41 ©
599 1498 106 43 Das
731 1498 164 44 tiefste
917 1497 241 45 Element
1185 1500 54 42 in
1262 1499 202 57 Langes
1485 1500 166 43 Kunst
1677 1501 65 42 ist
1769 1502 138 42 seine
1936 1501 222 43 heimat=

494 1556 133 44 liehe
654 1557 332 44 Landschaft.
1019 1557 180 52 Heide,
1222 1558 151 44 Watt
1400 1559 106 43 und
1531 1558 310 45 Meerküste.
1873 1559 58 43 In
1963 1560 196 43 seinem

496 1615 209 44 Gesicht
740 1616 64 42 ist
841 1616 122 43 kein
1002 1617 215 43 anderer
1252 1618 269 42 Ausdruck
1565 1618 73 41 als
1680 1618 52 41 in
1775 1619 168 42 seiner
1977 1619 180 42 Kunst.

494 1674 217 43 Mensch
738 1674 105 43 und
869 1674 167 44 Kunst
1064 1675 194 44 decken
1290 1676 108 43 sich
1428 1675 370 50 vollkommen,
1826 1678 107 41 wie
1965 1690 53 29 es
2049 1677 108 42 sein

494 1745 155 30 muss.
677 1732 151 44 Seine
850 1733 208 43 Heimat
1083 1735 133 55 zeigt
1243 1734 106 42 ihm
1374 1735 54 41 in
1455 1735 87 42 der
1563 1734 323 44 Einsamkeit
1912 1735 79 42 ihr
2017 1738 140 39 sonst

493 1790 279 44 verhülltes
781 1791 219 44 Gesicht.
1011 1791 70 44 Er
1091 1792 105 43 lebt
1206 1793 90 42 mit
1307 1792 93 51 ihr,
1407 1792 251 43 identisch
1670 1794 283 53 geworden
1963 1794 89 42 mit
2063 1794 93 50 ihr,

493 1850 109 42 ihre
625 1849 339 51 Einsamkeit,
990 1851 200 50 Armut,
1222 1851 383 50 Schwermuth,
1638 1851 235 55 geheime
1898 1851 258 44 Lieblich=

492 1908 121 50 keit.
632 1907 189 51 Weite,
843 1907 185 44 Grösse
1049 1910 106 41 und
1177 1909 158 42 Kraft.
1359 1909 81 42 Ihr
1459 1909 207 44 Gesicht
1682 1911 138 42 wird
1842 1911 315 43 menschlich

491 1967 105 43 und
617 1966 238 44 schwebt
878 1967 74 42 als
975 1967 113 44 eine
1105 1968 93 42 Art
1218 1967 227 44 Christus
1468 1968 135 51 oder,
1626 1969 108 43 wie
1752 1969 173 56 Laage
1949 1983 53 29 es
2024 1973 131 53 sagt:

491 2025 172 52 „kurz,
687 2026 83 42 ein
792 2025 229 51 Mensch,
1046 2026 87 42 der
1154 2027 160 42 schon
1337 2027 208 54 gelitten
1566 2027 116 44 hat”
1705 2028 126 44 über
1854 2028 79 44 die
1955 2030 200 42 unend=

491 2084 101 43 lieh
627 2084 109 43 sich
770 2083 271 44 dehnende
1070 2084 161 44 Heide
1263 2086 106 42 und
1401 2086 105 54 gibt
1537 2087 52 41 in
1621 2087 89 43 der
1742 2088 413 55 ausgestreckten

492 2143 155 44 Hand
666 2143 98 43 den
781 2143 498 56 Vogelschwärmen
1297 2144 87 44 des
1401 2144 251 44 Himmels
1670 2146 273 57 Nahrung;
1964 2166 53 21 =
2034 2148 122 43 oder

491 2205 180 42 tröstet
694 2202 83 43 ein
799 2202 207 52 kleines,
1024 2203 316 44 verlassenes
1357 2204 152 51 Kind,
1528 2205 90 43 das
1634 2205 167 44 nichts
1817 2206 64 43 ist
1904 2206 74 43 als
2000 2207 155 43 selbst
