2852 4198
748 445 92 59 708

1297 458 229 31 BULLETIN
1560 459 221 30 FRANÇAIS
1814 459 58 28 DE
1907 459 54 30 LA
1995 459 37 31 S.
2073 459 29 31 I.
2143 461 46 29 M.

747 584 82 59 qui
857 583 138 46 ferait
1018 595 200 33 trouver
1242 584 65 44 du
1327 583 141 60 génie
1493 600 59 30 au
1581 584 230 46 moindre
1829 584 249 60 gargotier
2098 584 86 60 qui
2207 598 50 32 se
2290 586 276 58 préoccupe
2606 588 54 45 de
2682 605 55 32 ne

745 668 87 46 pas
855 666 172 33 mettre
1053 653 43 44 le
1126 653 135 60 lapin
1288 656 139 43 sauté
1450 667 146 33 avant
1622 654 43 45 le
1690 667 196 47 potage.

805 732 50 45 Si
882 732 115 44 bien
1018 747 96 44 que
1131 747 80 30 ces
1237 746 225 33 concerts
1503 733 127 46 ainsi
1657 734 264 57 composés
1948 733 263 60 s'ajoutent
2236 734 69 45 les
2332 748 92 32 uns
2451 750 91 29 aux
2563 748 171 42 autres,

744 819 114 31 sans
877 804 179 56 utilité,
1084 821 113 29 sans
1223 807 392 59 enseignement,
1653 821 113 30 avec
1792 805 43 45 le
1858 807 104 44 seul
1987 807 87 44 but
2116 808 58 43 de
2221 807 119 44 faire
2385 808 236 44 entendre
2662 812 76 47 des

741 878 266 56 virtuoses,
1035 894 108 30 race
1166 880 252 45 exécrable
1444 880 73 45 s'il
1554 894 59 31 en
1636 892 71 33 est
1732 894 117 43 une,
1893 879 131 46 alors
2046 880 150 59 qu'on
2225 880 170 45 n'aura
2418 880 175 59 jamais
2613 897 126 33 assez

743 954 58 43 de
843 953 282 61 sympathie
1149 968 128 44 pour
1300 953 71 45 les
1412 953 296 59 interprètes
1750 954 240 44 soucieux
2027 955 58 43 de
2130 954 251 55 méthode,
2428 955 58 45 de
2525 954 210 61 logique,

741 1026 258 45 d'histoire
1035 1025 256 57 musicale,
1336 1026 284 46 conscients
1665 1029 58 43 de
1761 1026 108 46 leur
1887 1028 173 44 devoir
2104 1026 85 61 qui
2217 1040 71 32 est
2323 1029 148 44 d'être
2506 1028 232 49 l'humble

741 1100 242 45 serviteur
1003 1100 84 43 des
1106 1114 193 31 œuvres
1314 1113 129 33 —et
1469 1115 99 30 non
1592 1100 144 61 point
1757 1101 59 45 de
1859 1113 241 33 traverser
2138 1100 73 46 les
2248 1115 193 33 œuvres
2483 1101 95 46 àla
2605 1101 132 57 façon

741 1175 121 43 dont
880 1172 68 45 les
973 1171 190 46 clowns
1186 1184 272 34 traversent
1482 1174 70 44 les
1576 1189 237 30 cerceaux
1837 1175 59 43 de
1919 1174 189 61 papier.

801 1252 75 44 En
902 1249 134 59 dépit
1056 1251 86 43 des
1167 1250 292 46 animosités
1481 1263 44 33 et
1567 1252 85 45 des
1690 1252 507 61 incompréhensions
2236 1268 94 45 que
2368 1254 106 45 doit
2499 1255 213 47 nécessai-

739 1335 190 33 rement
954 1335 292 33 rencontrer
1269 1338 97 30 une
1387 1324 274 59 entreprise
1680 1326 58 45 de
1763 1340 53 31 ce
1841 1340 165 46 genre,
2032 1327 44 45 le

738 1396 230 61 poursuit
985 1396 346 61 logiquement
1355 1410 46 33 et
1436 1397 413 47 inlassablement
1881 1415 90 30 son
2005 1401 197 44 dessein
2238 1402 59 45 de
2335 1414 225 33 montrer
2584 1415 155 34 toutes

735 1471 71 44 les
842 1485 194 30 œuvres
1079 1470 70 44 les
1185 1470 111 59 plus
1332 1471 306 46 attachantes
1674 1473 58 44 de
1774 1473 46 45 la
1855 1472 233 61 musique
2133 1473 243 59 française
2417 1475 227 47 actuelle.
2677 1477 62 47 La

736 1545 141 45 tâche
903 1545 120 44 n'est
1040 1556 156 33 certes
1219 1559 85 43 pas
1326 1546 211 44 achevée
1558 1560 10 32 :
1596 1561 128 45 pour
1749 1547 45 45 la
1832 1547 167 45 saison
2033 1547 293 61 prochaine,
2368 1548 35 45 il
2448 1565 50 29 se
2541 1551 198 58 prépare

735 1618 85 43 des
844 1616 256 47 auditions
1120 1619 293 44 consacrées
1439 1619 25 44 à
1510 1619 263 59 Chabrier,
1798 1619 27 46 à
1849 1621 123 44 Paul
2009 1622 187 56 Dukas,
2243 1622 25 44 à
2310 1622 225 46 Maurice
2574 1623 163 59 Ravel,

731 1691 27 44 à
783 1692 215 43 d'autres
1031 1706 183 29 encore
1239 1691 112 59 plus
1376 1693 191 45 récents
1594 1711 11 38 ;
1632 1692 114 61 puis
1771 1694 215 45 d'autres
2032 1694 195 46 saisons
2265 1694 268 47 viendront
2556 1698 64 43 où
2644 1697 94 47 l'on

733 1778 185 45 pourra
941 1778 170 45 passer
1135 1778 60 31 en
1222 1780 146 30 revue
1393 1764 47 46 la
1478 1766 305 59 production
1810 1768 255 60 étrangère
2098 1769 432 60 contemporaine,
2568 1771 171 59 depuis

731 1837 169 47 l'école
927 1853 138 31 russe
1092 1838 156 46 d'hier
1272 1838 265 62 jusqu'aux
1577 1840 164 46 écoles
1782 1840 246 61 anglaises
2064 1853 45 34 et
2142 1843 297 60 espagnoles
2486 1844 60 46 de
2586 1857 105 33 tout
2714 1847 23 44 à

733 1910 204 46 l'heure.

799 1990 139 46 Cette
964 1989 343 57 saison-ci,les
1328 1993 126 44 deux
1474 1993 272 60 premières
1768 1994 255 46 auditions
2039 1995 166 46 furent
2222 1995 196 47 dédiées
2434 2012 96 30 aux
2554 2012 186 32 œuvres

749 2064 224 47 d'Albert
1206 2064 42 46 Roussel
1249 2078 43 33 et
1293 2065 44 45 à
1338 2067 127 44 celles
1491 2068 58 43 de
2438 2068 192 44 Claude

795 2144 120 58 Déjà
942 2159 57 31 en
1036 2161 121 45 1907
1180 2145 42 46 le
1249 2147 176 45 Cercle
1445 2147 58 44 de
1528 2148 116 44 l'art
1667 2150 234 44 moderne
1924 2150 129 45 avait
2078 2150 88 46 fait
2191 2153 238 44 entendre
2466 2152 71 45 les
2577 2154 135 45 Rusti-

744 2233 117 46 ques
900 2230 46 33 et
984 2219 243 61 quelques
1262 2220 241 46 mélodies
1549 2221 224 46 d'Albert
1816 2224 215 44 Roussel
2057 2238 10 33 :
2098 2224 216 47 l'intérêt
2353 2238 46 33 et
2429 2225 43 47 le
2516 2228 196 60 dévelop-

730 2304 202 48 pement
954 2294 58 43 de
1050 2308 92 29 son
1164 2308 169 32 œuvre
1356 2295 261 46 rendaient
1638 2308 123 33 cette
1780 2298 229 44 audition
2027 2299 318 47 souhaitable
2377 2312 46 34 et
2447 2303 290 45 nécessaire.

795 2371 269 46 L'andante
1084 2374 68 44 du
1183 2374 141 58 Trio,
1347 2375 123 45 dans
1506 2374 165 61 lequel
1714 2376 209 45 l'auteur
1957 2378 264 47 lui-même
2246 2380 154 46 tenait
2423 2381 47 46 la
2504 2381 154 60 partie
2685 2383 54 44 de

729 2445 170 58 piano,
921 2446 289 59 inaugurait
1230 2460 124 33 cette
1376 2448 248 49 audition.

790 2528 70 43 De
884 2539 75 33 cet
984 2528 212 44 andante
1218 2528 195 60 jusqu'à
1432 2529 46 46 la
1501 2543 174 33 sonate
1714 2543 46 33 et
1801 2531 26 46 à
1863 2531 46 46 la
1948 2533 236 61 musique
2227 2535 59 45 de
2326 2535 144 45 scène
2503 2536 66 45 du
2597 2538 105 44 Mar-

729 2600 159 44 chand
905 2602 60 44 de
987 2601 153 55 sable,
1164 2601 35 45 il
1225 2614 71 33 est
1323 2604 252 45 attachant
1613 2605 58 44 de
1713 2606 292 45 considérer
2032 2608 236 45 combien
2310 2608 47 47 la
2401 2611 337 59 personnalité

728 2675 66 43 du
816 2674 244 45 musicien
1077 2676 113 43 s'est
1215 2691 94 45 peu
1336 2677 24 45 à
1384 2691 95 46 peu
1516 2679 212 58 dégagée
1754 2680 85 43 des
1865 2679 275 47 influences
2168 2682 59 45 de
2262 2681 156 47 César
2443 2684 193 47 Franck
2674 2700 60 31 ou

728 2747 58 45 de
820 2746 212 47 Vincent
1077 2749 197 60 d'lndy,
1322 2764 128 47 pour
1483 2751 243 46 atteindre
1751 2754 26 42 à
1824 2766 91 32 son
1951 2754 285 59 originalité
2283 2770 197 47 propre,
2526 2757 114 46 faite
2681 2760 54 43 de

726 2821 200 46 charme
951 2822 197 56 délicat,
1185 2823 58 45 de
1266 2823 220 61 rythmes
1507 2826 200 52 subtils,
1736 2827 57 43 de
1818 2827 309 47 colorations
2145 2829 213 47 fraîches
2385 2844 46 33 et
2474 2835 260 49 nuancées,

725 2895 58 44 de
820 2895 189 45 thèmes
1045 2896 333 48 harmonieux
1415 2910 45 34 et
1483 2898 85 61 qui
1595 2912 170 33 savent
1794 2903 178 56 garder
2009 2915 217 34 souvent
2257 2916 138 33 toute
2418 2905 47 47 la
2492 2906 246 46 fraîcheur

725 2968 58 45 de
829 2968 169 46 motifs
1055 2969 290 61 populaires
1389 2987 59 29 en
1497 2989 31 44 y
1580 2973 226 59 ajoutant
1851 2990 98 30 une
1994 2977 325 61 atmosphère
2377 2980 278 59 spirituelle
2695 2992 43 33 et

728 3043 317 47 émouvante.

788 3117 68 44 La
880 3130 173 34 sonate
1074 3132 130 47 pour
1223 3119 151 60 piano
1399 3132 46 33 et
1467 3121 172 47 violon
1665 3133 44 35 et
1727 3123 47 46 la
1810 3123 237 62 musique
2071 3126 60 45 de
2173 3127 145 46 scène
2344 3128 65 45 du
2451 3128 279 46 Marchand

725 3190 57 44 de
806 3190 132 45 sable
980 3204 115 32 sont
1116 3193 85 43 des
1232 3207 191 32 œuvres
1472 3196 111 57 plus
1623 3196 208 59 pleines,
1882 3197 164 47 mieux
2081 3199 248 58 réalisées,
2358 3201 112 59 plus
2508 3202 225 46 atteintes

728 3267 158 42 même
913 3279 95 45 que
1032 3265 45 45 le
1479 3268 179 44 Poème
1882 3269 58 43 de
2038 3269 46 43 la
2170 3269 154 46 Forêt
1622 3272 122 44 dont
1771 3272 291 47 Chevillard
2088 3274 169 46 donna
2278 3287 75 33 cet
2387 3276 141 45 hiver
2559 3276 150 47 l'audi-

722 3338 106 44 tion
853 3338 240 59 intégrale
1119 3357 12 40 ;
1159 3356 79 29 ces
1263 3357 195 32 œuvres
1500 3356 111 33 sont
1652 3344 332 60 précisément
2020 3347 71 45 les
2132 3348 113 61 plus
2281 3350 240 59 récentes,
2564 3363 47 33 et
2633 3350 101 46 cela

724 3425 30 31 n
777 3413 128 44 est-il
931 3427 86 45 pas
1054 3413 46 45 le
1139 3414 230 46 meilleur
1412 3417 318 60 témoignage
1768 3419 58 45 de
1864 3434 54 31 ce
1959 3436 96 44 que
2093 3437 127 30 nous
2248 3437 219 32 sommes
2512 3439 60 31 en
2603 3425 131 45 droit

725 3485 270 47 d'attendre
1018 3486 26 46 à
1064 3500 125 33 cette
1227 3489 151 46 heure
1422 3490 222 47 d'Albert
1689 3493 232 56 Roussel,
1968 3498 174 43 maître
2177 3495 322 61 aujourd'hui
2539 3499 58 45 de
2641 3513 88 32 son

725 3559 154 58 esprit
913 3573 47 33 et
985 3563 57 43 de
1078 3577 52 30 sa
1172 3563 287 61 technique.

786 3640 133 45 Pour
961 3641 245 47 satisfaire
1246 3659 61 31 au
1338 3645 131 45 désir
1493 3646 59 45 de
1594 3646 269 60 plusieurs,
1921 3648 71 47 les
2385 3653 264 61 figuraient
2706 3653 24 44 à

722 3726 230 33 nouveau
979 3730 61 31 au
1082 3731 320 46 programme
1444 3720 58 45 de
1538 3734 52 31 ce
1629 3734 202 33 concert
1858 3738 10 42 ;
1896 3724 60 44 de
2001 3726 162 45 même
2202 3730 147 56 qu'en
2394 3743 141 46 1907,
2574 3743 53 30 ce
2660 3726 70 46 fut
