2852 4198
1106 418 58 30 LE
1196 417 109 31 MOIS

2199 467 0 0 711

227 547 186 57 Henry
674 543 115 46 Woollett
790 542 185 62 poursuivit
998 557 93 32 son
1133 557 147 32 cours
1319 543 257 48 d'histoire
1616 547 59 43 de
1717 546 46 45 la
1801 546 249 59 musique,
2074 546 132 45 l'une

211 632 81 34 sur
321 616 235 61 l'Epoque
579 616 60 45 de
658 617 48 44 la
739 617 189 44 Sonate
933 652 13 21 ,
990 616 50 45 la
1083 616 215 44 seconde
1341 631 86 30 sur
1463 618 289 47 Beethoven.
1790 622 79 42 Au
1907 632 146 32 cours
2085 619 59 45 de
2160 618 47 47 la

209 689 256 65 première,
490 688 72 47 M.
584 688 246 47 Woollett
853 688 269 61 interpréta
1148 689 129 45 deux
1298 689 271 61 fragments
1590 692 242 44 d'œuvres
1853 693 357 44 extrêmement

208 763 301 51 attachantes
533 777 131 46 pour
678 777 126 32 ceux
820 762 87 61 qui
932 777 61 30 ne
1015 773 210 48 pensent
1247 777 88 46 pas
1360 778 95 45 que
1476 764 47 46 la
1567 764 231 60 musique
1822 779 50 31 se
1904 764 158 46 limite
2100 779 84 32 seu-

208 840 184 46 lement
433 851 93 31 aux
567 851 149 31 noms
755 835 242 57 illustres,
1042 835 16 46 l
1063 835 212 61 'allegro
1309 848 46 34 et
1394 837 221 60 l'adagio
1657 838 59 44 de
1754 837 47 45 la
1845 838 183 47 Sonate
2061 853 56 32 en
2161 839 49 47 la

208 910 191 62 majeur
423 910 59 45 de
504 909 555 60 Philippe-Emmanuel
1079 910 136 46 Bach
1225 944 10 20 ,
1256 922 46 33 et
1324 909 46 46 le
1389 910 179 46 Finale
1592 911 60 45 de
1667 910 47 46 la
1733 911 188 45 Sonate
1947 925 56 31 en
2019 911 42 46 si
2079 927 132 44 pour

203 988 151 59 piano
555 991 49 39 et
641 984 59 46 violon
701 984 167 44 de
1247 985 143 53 Rust,
891 999 26 29 «
957 998 54 30 ce
1049 984 301 58 précurseur
1383 985 59 45 de
1491 984 287 46 Beethoven
1818 998 94 46 que
1952 984 100 46 l'on
2093 997 117 34 veut

206 1070 109 48 trop
349 1056 269 61 ignorer»,
655 1070 198 32 comme
870 1055 72 47 dit
966 1055 41 46 si
1027 1055 271 60 justement
1312 1056 236 46 Joachim
1566 1056 101 46 Nin
1686 1056 122 46 dans
1830 1070 52 32 sa
1904 1070 302 46 courageuse

207 1130 244 48 brochure
473 1131 139 43 Pour
631 1130 135 46 l'art.

265 1204 92 45 Les
390 1202 207 60 progrès
622 1212 113 35 sont
758 1201 147 61 longs
929 1202 124 46 dans
1070 1201 303 47 l'éducation
1392 1215 47 33 et
1462 1202 295 46 l'extension
1783 1202 66 46 du
1893 1202 171 60 public
2084 1202 103 46 vrai-

206 1289 132 36 ment
362 1275 261 54 musicien,
641 1276 300 46 c'est-à-dire
971 1276 130 44 celui
1139 1276 84 60 qui
1270 1291 61 29 ne
1371 1290 51 30 se
1454 1275 215 47 satisfait
1708 1290 88 46 pas
1835 1275 277 47 seulement
2150 1276 60 44 de

206 1351 146 62 jouir,
378 1350 127 45 mais
536 1350 86 61 qui
639 1361 116 34 veut
774 1364 180 31 encore
975 1351 257 43 ordonner
1262 1361 46 34 et
1343 1348 211 61 justifier
1592 1365 77 30 ses
1710 1348 327 61 jouissances.
2075 1348 137 46 Pour

203 1425 143 59 longs
371 1439 95 45 que
491 1423 165 46 soient
677 1423 25 45 à
741 1439 50 29 se
811 1423 122 46 faire
968 1422 156 47 sentir
1154 1439 80 29 ces
1269 1423 223 60 progrès,
1516 1423 60 46 ils
1600 1435 116 34 sont
1738 1422 108 61 déjà
1881 1422 257 55 sensibles,
2166 1432 46 34 et

203 1497 98 47 l'on
322 1496 299 62 parviendra
641 1511 97 44 peu
752 1496 26 45 à
797 1511 98 46 peu
921 1502 25 41 à
970 1494 213 47 coaliser
1204 1511 98 30 une
1323 1496 239 45 minorité
1608 1496 255 59 puissante
1895 1510 129 45 pour
2056 1494 154 45 lutter

206 1583 166 36 contre
392 1572 45 44 le
458 1571 280 45 fétichisme
763 1572 65 44 du
853 1571 240 55 virtuose,
1114 1586 128 44 pour
1263 1572 242 60 répandre
1545 1571 47 44 le
1633 1573 121 57 goût
1790 1571 59 44 de
1884 1569 47 46 la
1975 1568 232 61 musique

206 1647 186 46 sincère
418 1657 45 33 et
482 1646 176 59 probe,
680 1644 46 46 le
750 1647 122 57 goût
909 1646 85 44 des
1030 1647 174 43 études
1241 1644 307 61 historiques
1586 1643 282 57 musicales,
1907 1654 46 33 et
1975 1642 92 61 j'en
2111 1640 97 47 sais

206 1720 361 61 quelques-uns
587 1718 66 46 ici
678 1718 85 60 qui
791 1719 243 45 verraient
1079 1733 117 31 avec
1220 1718 313 46 satisfaction
1554 1717 176 45 établir
1750 1718 84 44 des
1858 1715 216 47 sections
2093 1729 87 46 pro-

204 1793 235 48 vinciales
463 1794 60 43 de
543 1792 47 47 la
616 1793 54 44 5.
705 1792 45 48 I.
773 1792 95 55 M.,
913 1807 197 30 comme
1129 1792 34 44 il
1187 1807 61 29 en
1271 1803 71 33 est
1380 1807 60 30 en
1473 1792 292 59 Angleterre
1794 1792 59 44 de
1876 1790 302 57 Vlncorpora-

207 1868 81 45 ted
316 1865 212 62 Society
556 1865 64 61 of
640 1865 283 46 musicians.
954 1865 71 45 La
1045 1863 314 45 Normandie
1380 1875 200 49 compte
1605 1863 203 45 ailleurs
1837 1861 143 61 qu'en
2008 1875 50 31 sa
2081 1859 105 61 capi-

204 1940 94 47 tale
324 1941 86 45 des
453 1938 414 62 musicographes
889 1955 12 40 ;
929 1952 130 31 nous
1100 1936 207 46 aurions
1345 1949 113 34 tous
1489 1936 196 55 intérêt,
1721 1948 45 33 et
1798 1934 244 47 l'histoire
2071 1934 60 46 de
2160 1933 48 45 la

204 2015 231 60 musique
449 2015 265 60 peut-être,
738 2016 25 41 à
787 2027 220 45 grouper
1030 2027 92 30 nos
1149 2011 188 54 efforts,
1371 2011 27 46 à
1439 2011 177 46 établir
1658 2011 124 45 dans
1808 2020 125 34 cette
1950 2006 254 62 province,

207 2103 113 33 avec
345 2089 179 45 Rouen
546 2101 197 32 comme
768 2096 184 47 centre,
979 2100 69 31 un
1073 2085 140 61 foyer
1234 2085 224 46 d'études
1476 2084 264 47 musicales
1763 2098 92 45 que
1879 2096 92 31 nos
2005 2082 203 45 ardeurs

206 2161 289 62 pourraient
519 2162 261 45 accroître.

1545 2230 64 49 G.
1633 2230 330 46 Jean-Aubry.
