2852 4198
680 413 92 46 686

1227 427 229 31 BULLETIN
1492 425 221 31 FRANÇAIS
1746 425 58 29 DE
1838 425 54 29 LA
1926 426 38 29 S.
2005 425 30 30 I.
2075 425 47 30 M.

1622 460 11 10 >

681 554 243 58 Garden,
968 552 131 50 voici
1150 552 164 66 qu'on
1347 567 243 34 annonce
1623 551 46 48 le
1721 547 238 67 mariage
1992 548 63 50 de
2088 548 48 50 la
2182 550 201 64 grande
2426 548 259 51 vocaliste

766 646 17 19 e
808 639 180 50 Selma
1025 639 164 48 Kurz.
1228 636 181 52 Chose
1442 637 120 66 plus
1595 651 157 52 grave
1785 650 139 51 pour
1957 635 75 49 les
2078 634 363 50 admirateurs
2483 636 65 48 de
2585 651 99 35 son

681 725 180 58 talent,
897 725 99 49 elle
1029 724 433 50 abandonnerait
1490 725 43 47 le
1566 724 230 61 théâtre,
1824 733 51 38 et
1913 721 76 50 les
2023 721 211 50 raisons
2276 722 65 49 de
2373 734 136 38 cette
2543 722 117 50 déci-

681 810 118 50 sion
832 823 123 37 sont
987 827 178 34 asssez
1195 810 268 67 logiques.
1489 810 119 48 Elle
1642 809 74 49 les
1748 808 190 59 confia,
1968 823 66 33 en
2056 824 86 33 ces
2175 819 215 51 termes,
2420 810 28 47 à
2484 808 111 50 l'un
2620 809 69 48 de

680 914 99 33 nos
806 898 273 50 confrères
1105 896 253 51 viennois
1383 913 12 34 :

742 997 79 45 On
845 1012 58 30 ne
927 1012 77 30 me
1029 1001 205 41 connaît
1258 998 146 58 qu'au
1430 997 205 45 théâtre.
1661 995 55 46 Je
1743 1009 59 31 ne
1824 994 98 46 sais
1946 1009 105 46 pas,
2078 1009 60 30 en
2158 994 184 46 dehors
2368 995 59 45 de
2450 995 47 45 la
2521 994 164 55 scène,

679 1086 52 30 ce
757 1086 94 44 que
882 1074 117 42 c'est
1021 1086 96 45 que
1152 1072 45 44 la
1220 1070 92 47 vie.
1341 1070 301 46 Savez-vous
1668 1084 53 31 ce
1747 1084 96 45 que
1867 1070 116 44 c'est
2008 1083 97 45 que
2142 1069 57 43 de
2224 1083 50 29 se
2300 1070 234 58 ménager
2568 1069 101 45 éter-

681 1144 267 45 nellement
969 1155 45 34 et
1038 1144 58 45 de
1118 1143 137 46 vivre
1279 1144 192 58 d'après
1493 1143 71 44 les
1588 1143 113 58 plus
1728 1142 191 45 sévères
1941 1143 350 44 ordonnances
2317 1142 109 44 ?La
2449 1140 146 45 veille
2620 1142 66 43 du

679 1218 110 58 jour
814 1219 64 43 où
906 1216 40 58 je
972 1216 110 45 dois
1117 1218 223 53 chanter,
1368 1216 42 59 je
1437 1232 59 28 ne
1518 1230 127 45 peux
1669 1230 88 45 pas
1782 1215 170 59 sortir,
1974 1215 44 60 je
2042 1214 111 46 dois
2181 1227 152 33 rester
2366 1214 122 46 chez
2514 1214 103 46 moi
2642 1228 46 32 et

679 1307 93 44 peu
814 1291 179 59 parler.
1024 1291 66 45 Le
1140 1290 113 60 jour
1296 1291 63 44 où
1386 1290 42 59 je
1466 1290 198 55 chante,
1691 1290 118 45 c'est
1848 1289 75 60 pis
1969 1304 199 32 encore.
2199 1289 68 46 La
2294 1289 394 60 représentation

679 1364 133 57 finie,
853 1364 41 59 je
940 1376 164 33 rentre
1146 1364 121 44 chez
1302 1363 102 45 moi
1447 1374 46 33 et
1527 1363 42 57 je
1615 1378 78 29 me
1730 1374 123 34 mets
1880 1378 60 29 au
1966 1363 73 44 lit.
2077 1364 65 45 Le
2166 1363 304 54 lendemain,
2497 1363 45 59 je
2580 1364 109 44 suis

682 1437 211 60 fatiguée
917 1449 46 33 et
999 1436 232 46 affaiblie.
1264 1436 164 55 Ainsi,
1454 1436 131 45 voilà
1621 1436 123 45 trois
1785 1436 137 59 jours
1949 1437 58 44 de
2044 1439 184 57 perdus
2251 1451 129 45 pour
2401 1451 97 31 une
2526 1439 140 58 repré-

679 1510 265 46 sentation.
971 1510 209 44 Comme
1204 1509 43 59 je
1265 1509 178 45 chante
1465 1524 61 30 au
1548 1509 167 45 moins
1730 1510 128 44 deux
1877 1509 96 45 fois
1988 1523 88 45 par
2095 1509 237 54 semaine,
2356 1524 52 30 ce
2426 1523 114 31 sont
2556 1511 132 43 donc

679 1585 73 43 six
772 1583 136 59 jours
930 1583 58 44 de
1013 1582 47 46 la
1081 1581 221 46 semaine
1319 1582 327 46 entièrement
1672 1585 265 43 consacrés
1962 1597 60 31 au
2051 1582 245 61 Hofoper.
2322 1583 56 45 Je
2399 1597 129 46 peux
2553 1597 107 31 rare-

681 1667 135 35 ment
833 1656 121 46 aller
977 1656 27 44 à
1024 1671 69 29 un
1118 1667 137 33 autre
1279 1656 205 46 théâtre.
1507 1656 251 46 Combien
1785 1657 58 45 de
1869 1656 96 46 fois
1992 1671 103 31 mes
2119 1656 127 46 amis
2265 1657 242 46 m'ont-ils
2533 1656 152 60 priée,

680 1732 194 58 pressée
899 1731 59 44 de
976 1730 141 45 venir
1133 1730 111 44 voir
1264 1745 65 29 un
1348 1731 194 44 cabaret
1561 1735 10 40 !
1592 1731 104 44 J'en
1716 1730 45 45 ai
1780 1745 212 45 presque
2008 1730 170 58 honte,
2199 1731 122 44 mais
2338 1731 44 59 je
2404 1746 60 31 ne
2478 1731 210 46 connais

677 1820 88 45 pas
799 1820 66 29 un
886 1804 105 45 seul
1018 1806 196 44 cabaret
1239 1804 249 46 viennois.
1512 1806 376 44 Etonnez-vous
1919 1806 130 44 donc
2074 1806 141 59 après
2239 1806 103 45 cela
2366 1821 96 44 que
2490 1806 198 59 j'aspire

677 1881 60 43 de
762 1891 136 33 toute
921 1893 79 31 ma
1019 1878 133 46 force
1178 1893 61 31 au
1267 1879 231 45 bonheur
1521 1879 236 59 conjugal
1780 1891 45 33 et
1848 1879 26 45 à
1898 1878 251 46 l'intimité
2171 1881 66 43 du
2261 1879 141 60 foyer
2426 1881 9 42 !

745 1978 91 50 Ma
865 1977 75 51 foi
968 1980 10 48 1
1002 1978 58 49 M
1066 1978 42 30 lle
1142 1976 182 53 Selma
1358 1980 146 48 Kurz
1536 1995 28 32 a
1617 1981 267 65 peut-être
1937 1978 202 51 raison.
2177 1980 71 49 Et
2280 1982 28 47 à
2360 1984 218 45 écouter
2601 1996 87 33 ses

679 2065 285 49 doléances
1013 2065 125 49 bien
1189 2064 332 61 viennoises,
1568 2083 71 33 on
1684 2066 207 67 préfère
1945 2083 75 34 un
2067 2066 226 52 fauteuil
2354 2066 331 51 d'orchestre

679 2152 198 49 obscur
907 2169 103 33 aux
1039 2152 226 51 lauriers
1297 2152 65 50 de
1395 2152 47 50 la
1475 2155 175 48 scène.

1672 2255 18 17 ★

1651 2300 18 18 *
1694 2300 17 19 *

743 2340 49 47 A
836 2339 47 48 la
917 2337 153 53 Scala
1120 2339 64 50 de
1236 2339 189 60 Milan,
1462 2340 240 66 pendant
1729 2342 48 48 la
1810 2340 187 50 saison
2025 2340 264 60 dernière,
2622 2343 64 48 de

677 2422 259 67 Spontini
968 2424 173 50 arrive
1180 2441 66 33 en
1280 2424 237 68 premier
1568 2442 212 33 comme
1813 2427 227 49 nombre
2074 2428 64 48 de
2181 2427 462 67 représentations
2671 2442 12 36 :

676 2509 99 51 elle
800 2527 28 33 a
855 2513 80 47 été
960 2509 154 66 jouée
1147 2511 137 52 seize
1316 2512 122 52 fois.

742 2598 88 50 Ah
858 2601 10 45 !
898 2598 45 51 si
964 2598 74 52 M.
1073 2601 64 48 de
1167 2598 261 54 Stendhal
1456 2601 127 51 était
1621 2602 65 50 de
1731 2619 57 33 ce
1838 2602 222 64 monde,
2102 2617 212 36 comme
2351 2602 36 51 il
2436 2602 250 51 aimerait

676 2685 147 50 vivre
847 2702 193 33 encore
1066 2687 28 48 à
1127 2686 169 51 Milan
1320 2693 10 45 !

1667 2791 19 17 *

1646 2835 19 18 +
1688 2836 19 18 *

742 2873 146 48 Dans
913 2873 49 50 la
1000 2874 218 51 Tribune
1246 2874 57 51 de
1333 2875 378 52 Saint-Gervais
1738 2876 165 66 (mars
1926 2888 50 38 et
2008 2875 131 52 avril
2181 2880 174 64 1909),
2382 2878 48 50 la
2453 2878 230 66 Logique

673 2959 66 49 du
771 2960 198 62 rythme
999 2961 213 50 musical
1217 3000 13 24 ,
1254 2977 95 50 par
1374 2961 172 51 l'abbé
1573 2960 62 54 C.
1663 2963 358 51 Marcetteau.

1667 3064 18 17 ★

1647 3113 17 17 *
1688 3111 18 19 *

743 3148 146 47 Dans
922 3147 272 51 l'Occident
1226 3149 63 50 de
1316 3148 197 51 février
1543 3167 149 50 1909,
1720 3151 75 49 les
1820 3151 195 50 débuts
2035 3151 65 49 de
2131 3151 56 50 M
2192 3151 44 26 lle
2263 3151 237 50 Blanche
2521 3149 155 54 Selva

675 3248 211 33 comme
917 3234 418 68 musicographe
1386 3254 123 33 avec
1562 3254 107 34 une
1719 3238 158 50 étude
1924 3255 94 34 sur
2056 3238 50 50 la
2156 3255 25 33 2
2189 3250 17 21 e
2246 3237 329 69 symphonie
2610 3240 67 48 de

673 3318 74 51 M.
783 3320 202 49 Marcel
1020 3321 200 66 Labey.

1667 3426 17 17 ★

1646 3475 18 17 *
1688 3471 17 19 *

743 3509 102 48 Les
893 3509 310 67 catalogues
1236 3511 419 68 d'autographes
1682 3524 124 38 sont
1837 3513 251 64 toujours
2130 3511 202 52 fertiles
2379 3529 65 34 en
2478 3514 176 49 révéla-

672 3595 145 50 tions
863 3594 364 53 inattendues.
1259 3599 74 48 Le
1381 3598 216 51 dernier
1630 3617 104 48 que
1759 3599 148 51 vient
1931 3600 65 50 de
2029 3599 215 69 publier
2267 3602 75 48 M.
2393 3599 282 69 Charavay

671 3698 138 34 nous
832 3698 65 33 en
922 3697 226 53 apporte
1180 3701 107 34 une
1311 3701 201 51 preuve
1538 3703 97 49 par
1660 3703 104 34 une
1796 3687 154 50 lettre
1975 3687 273 50 inconnue
2275 3687 63 49 de
2365 3685 193 52 Gluck.
2584 3687 91 50 Un
