2852 4198
976 346 82 31 LES
1091 347 105 30 AMIS
1230 347 61 30 DE
1324 347 57 30 LA
1413 347 206 38 MUSIQUE

2229 354 67 29 VII

308 472 242 55 atteindre
846 491 51 31 ce
1022 472 105 60 but,
1273 491 133 47 pour
1573 472 209 66 remplir
2032 491 51 32 ce
2186 491 111 47 prog

281 562 29 45 à
347 556 212 48 certains
580 556 254 62 principes
862 553 264 51 essentiels.
1157 555 77 49 La
1269 553 187 51 Société
1498 572 61 32 ne
1592 553 98 65 fait
1729 559 105 47 rien
1867 574 99 47 par
1999 555 293 63 elle-même,

280 633 121 69 qu'il
421 632 198 66 s'agisse
639 632 60 51 dé
723 633 354 64 l'instruction,
1116 632 59 52 de
1213 633 50 50 la
1301 637 218 46 création
1549 633 148 51 d'une
1737 635 214 58 chorale,
1983 635 58 51 de
2077 639 220 48 soutenir

280 735 94 32 une
420 734 158 39 revue,
611 715 311 66 d'organiser
953 734 95 32 une
1095 713 253 63 audition,
1373 715 49 49 la
1457 715 188 51 Société
1677 734 60 32 ne
1772 715 106 51 doit
1908 720 268 47 intervenir
2204 736 91 46 que

276 814 128 49 pour
431 795 192 49 donner
653 814 68 32 un
740 801 285 60 patronage
1044 799 279 61 artistique,
1344 814 67 30 un
1442 799 157 62 appui
1624 795 163 51 moral
1814 802 46 44 et
1898 796 242 65 financier
2158 813 21 45 ;
2206 797 89 51 elle

276 898 58 30 ne
355 880 199 47 saurait
595 880 96 47 être
735 876 316 66 responsable
1089 876 86 51 des
1223 895 188 32 œuvres
1466 876 291 66 auxquelles
1795 876 88 51 elle
1905 884 120 58 peut
2063 879 232 52 accorder

295 976 93 32 une
543 956 316 51 subvention.
1237 956 115 51 Elle
1565 956 107 51 doit
1866 956 179 66 planer
2292 975 5 32 a

298 1041 153 48 même
661 1036 259 52 au-dessus
1225 1037 58 50 de
1380 1037 141 50 celles
1718 1036 302 66 auxquelles

282 1119 113 67 plus
564 1119 195 64 grande
995 1117 334 68 impartialité
1704 1117 107 51 doit
1951 1122 98 46 être
2198 1121 99 62 rigo

277 1197 253 66 rappelais
558 1218 67 30 au
648 1204 422 44 commencement
1091 1218 16 30 :
1122 1216 95 47 pas
1239 1197 58 50 de
1323 1201 190 60 coterie,
1541 1216 96 46 pas
1667 1197 350 50 d'orientation
2036 1197 257 65 favorable

289 1285 29 46 à
397 1277 105 52 telle
653 1298 65 30 ou
818 1277 108 51 telle
1070 1279 141 50 école.
1430 1279 78 49 La
1634 1279 188 49 Société
2053 1277 48 51 n'
2109 1285 137 43 entre

275 1362 157 49 nisme
460 1362 239 60 existant,
722 1357 292 68 puisqu'elle
1058 1366 70 42 est
1179 1359 295 66 susceptible
1509 1359 59 49 de
1592 1361 138 47 venir
1778 1378 59 31 en
1890 1357 113 51 aide
2034 1364 30 44 à
2097 1359 193 50 chacun

275 1440 165 49 d'eux.

347 1520 128 52 Vous
506 1526 250 43 trouverez
787 1521 199 50 naturel
1013 1539 95 47 que
1129 1520 41 49 le
1193 1524 340 61 représentant
1554 1519 147 49 d'une
1725 1519 309 64 Compagnie
2062 1522 89 61 qui
2185 1519 107 50 doit

290 1619 250 32 conserver
849 1609 159 42 avant
1217 1608 104 43 tout
1476 1601 188 65 l'esprit
1899 1599 353 58 traditionnel,

282 1686 168 60 essayé
668 1688 227 57 souvent,
1190 1688 147 58 après
1542 1700 95 32 une
1796 1681 238 50 audition

274 1765 332 62 impressions.
653 1761 102 51 J'ai
801 1761 268 51 volontiers
1107 1764 108 63 pris
1258 1779 131 47 pour
1425 1760 152 66 guide
1603 1779 121 30 mon
1749 1760 188 48 illustre
1985 1759 219 64 confrère
2245 1766 44 43 et

284 1845 105 46 ami
552 1841 348 62 Saint-Saëns,
1303 1845 91 62 qui
1540 1862 30 30 a
1673 1845 121 46 écrit
1988 1840 309 51 excellemme

287 1923 144 50 Dans
634 1923 66 50 les
813 1923 145 50 livres
1164 1924 59 49 de
1340 1942 49 31 ce
1509 1923 175 66 grand
1919 1925 261 55 musicien,

274 2001 45 51 la
354 2003 240 50 tradition
635 2022 91 47 que
780 2022 127 31 nous
943 2010 89 43 ont
1075 2003 170 49 laissée
1297 2001 69 50 les
1403 2005 204 46 maîtres
1646 2006 46 44 et
1728 2019 119 31 sans
1895 1999 209 66 laquelle
2144 1999 37 51 il
2227 2019 59 31 ne

279 2088 198 47 saurait
731 2103 30 46 y
839 2088 144 47 avoir
1187 2084 442 65 d'enseignement.
2118 2084 92 49 Les

279 2164 105 49 leur
557 2168 169 47 raison
980 2164 165 58 d'être,
1399 2164 109 49 c'est
1718 2163 114 50 leur
2016 2161 187 51 devoir.

270 2251 157 44 senter
448 2251 179 59 auprès
656 2244 59 49 de
741 2263 118 30 vous
884 2243 306 50 l'Académie
1220 2241 82 51 des
1329 2241 328 51 Beaux-Arts
1677 2248 70 43 est
1776 2246 105 45 tout
1902 2239 383 52 naturellement

267 2343 94 47 par
390 2324 168 52 devoir
595 2344 67 31 un
693 2329 343 61 représentant
1066 2330 94 43 très
1183 2323 141 66 fidèle
1352 2321 58 51 de
1434 2321 50 50 la
1516 2321 260 51 tradition.

334 2405 75 50 La
440 2405 185 51 Société
649 2404 253 65 française
933 2403 83 50 des
1052 2403 149 50 Amis
1229 2403 59 49 de
1330 2401 48 50 la
1415 2401 229 65 Musique
1691 2419 108 32 sera
1834 2397 369 53 traditionnelle
2238 2405 46 43 et

272 2484 216 60 libérale,
512 2485 89 51 elle
629 2504 108 31 sera
768 2491 157 44 avant
956 2491 106 44 tout
1083 2503 93 32 une
1207 2484 184 51 Société
1413 2483 58 49 de
1510 2483 111 49 bien
1643 2481 172 66 public
1846 2499 129 47 pour
1997 2480 286 65 développer

281 2564 212 52 l'amour
760 2565 60 50 de
938 2584 51 31 ce
1088 2564 168 66 grand
1460 2571 81 44 art
1649 2604 9 9 .

475 2891 94 55 La
625 2885 262 60 Société
947 2889 118 56 des
1119 2885 517 57 Musikfreunde
1679 2885 80 56 de
1817 2881 254 60 Vienne

535 3024 201 50 (Lecture
756 3024 104 40 faite
873 3026 24 38 à
919 3022 42 42 la
986 3025 152 39 séance
1160 3021 61 42 du
1250 3022 53 41 24
1320 3021 98 53 juin
1439 3036 79 38 par
1535 3020 58 42 M.
1618 3020 40 40 J.
1683 3018 325 51 Ecorcheville.)

431 3139 180 51 Vienne
846 3158 31 31 a
954 3143 224 61 toujours
1450 3143 69 44 été
1644 3138 56 49 la
1791 3140 163 63 patrie
2159 3138 83 49 des

274 3217 119 50 XIX
394 3227 18 19 e
439 3219 156 59 siècle,
616 3238 60 31 en
699 3218 166 66 pleine
921 3223 183 60 époque
1143 3217 408 66 napoléonienne,
1582 3234 54 32 sa
1669 3217 205 63 passion
1898 3232 131 47 pour
2058 3212 48 49 la
2154 3231 90 45 pra-

282 3299 126 61 tique
613 3298 67 49 du
826 3299 118 65 plus
1156 3298 219 49 sociable
1695 3298 83 49 des
1946 3304 106 42 arts
2210 3298 66 48 n'a

271 3375 179 51 Société
483 3377 58 50 de
575 3378 339 65 bienfaisance
943 3382 129 44 créée
1098 3396 96 45 par
1231 3377 65 49 les
1335 3375 172 50 dames
1545 3374 59 50 de
1648 3373 339 49 l'aristocratie
2026 3373 249 47 viennoise

271 3457 168 49 voulut
473 3458 189 49 donner
685 3477 67 30 un
784 3464 194 43 concert
1015 3464 234 51 monstre,
1269 3476 66 30 au
1354 3457 156 64 profit
1532 3454 81 51 des
1629 3457 221 47 sinistrés
1872 3452 58 49 de
1954 3452 47 49 la
2029 3450 241 57 banlieue,

268 3542 44 42 et
334 3556 131 44 pour
503 3543 163 60 prêter
690 3544 31 43 à
759 3546 118 41 cette
929 3537 380 64 manifestation
1354 3554 68 31 un
1462 3540 244 45 caractère
1739 3532 466 66 philanthropique,
2234 3529 37 50 il

268 3613 79 63 fut
365 3615 164 52 décidé
557 3618 58 49 de
651 3626 216 41 recruter
896 3617 66 50 les
999 3617 191 50 choeurs
1220 3624 44 41 et
1311 3614 274 52 l'orchestre
1626 3617 321 61 uniquement
1983 3614 174 64 parmi
2208 3610 64 50 les
