<?xml version="1.0" encoding="UTF-8"?>
<alto xmlns:xsi="http://www.w3.org/2001/XMLSchema-instance" xmlns="http://www.loc.gov/standards/alto/ns-v2#" xsi:schemaLocation="http://www.loc.gov/standards/alto/ns-v2# http://www.loc.gov/standards/alto/alto-v2.0.xsd" xmlns:xlink="http://www.w3.org/1999/xlink">
	<Description>
		<MeasurementUnit>mm10</MeasurementUnit>
		<sourceImageInformation>
			<fileName>//fileserver7/IN2/Princeton/Batch3/bmtnabh/1909/07/15_01/00000333.tif</fileName>
		</sourceImageInformation>
		<OCRProcessing ID="OCRPROCESSING_1">
			<preProcessingStep>
				<processingSoftware>
					<softwareCreator>CCS Content Conversion Specialists GmbH, Germany</softwareCreator>
					<softwareName>CCS docWORKS</softwareName>
					<softwareVersion>6.6-1.18</softwareVersion>
				</processingSoftware>
			</preProcessingStep>
			<ocrProcessingStep>
				<processingSoftware>
					<softwareCreator>ABBYY (BIT Software), Russia</softwareCreator>
					<softwareName>FineReader</softwareName>
					<softwareVersion>10.0</softwareVersion>
				</processingSoftware>
			</ocrProcessingStep>
		</OCRProcessing>
	</Description>
	<Styles>
		<TextStyle ID="TXT_0" FONTSIZE="11" FONTFAMILY="Times New Roman" FONTSTYLE="bold"/>
		<TextStyle ID="TXT_1" FONTSIZE="18" FONTFAMILY="Times New Roman"/>
		<TextStyle ID="TXT_2" FONTSIZE="16" FONTFAMILY="Times New Roman"/>
		<TextStyle ID="TXT_3" FONTSIZE="17" FONTFAMILY="Times New Roman" FONTSTYLE="italics"/>
		<TextStyle ID="TXT_4" FONTSIZE="82" FONTFAMILY="Fraktur"/>
		<ParagraphStyle ID="PAR_LEFT" ALIGN="Left"/>
		<ParagraphStyle ID="PAR_RIGHT" ALIGN="Right"/>
		<ParagraphStyle ID="PAR_BLOCK" ALIGN="Block"/>
	</Styles>
	<Layout>
		<Page ID="P93" PHYSICAL_IMG_NR="93" HEIGHT="4198" WIDTH="2852" PC="0.946">
			<TopMargin ID="P93_TM00001" HPOS="0" VPOS="0" WIDTH="2852" HEIGHT="495">
				<TextBlock ID="P93_TB00001" HPOS="1114" VPOS="441" WIDTH="201" HEIGHT="32" STYLEREFS="TXT_0 PAR_LEFT">
					<TextLine ID="P93_TL00001" HPOS="1114" VPOS="442" WIDTH="201" HEIGHT="31">
						<String ID="P93_ST00001" HPOS="1114" VPOS="442" WIDTH="58" HEIGHT="31" CONTENT="LE" WC="0.44" CC="55"/>
						<SP ID="P93_SP00001" HPOS="1172" VPOS="473" WIDTH="34"/>
						<String ID="P93_ST00002" HPOS="1206" VPOS="443" WIDTH="109" HEIGHT="30" CONTENT="MOIS" WC="0.99" CC="0060"/>
					</TextLine>
				</TextBlock>
				<TextBlock ID="P93_TB00002" HPOS="2134" VPOS="448" WIDTH="87" HEIGHT="47" STYLEREFS="TXT_1 PAR_RIGHT">
					<TextLine ID="P93_TL00002" HPOS="2221" VPOS="495" WIDTH="0" HEIGHT="0">
						<String ID="P93_ST00003" HPOS="2221" VPOS="495" WIDTH="0" HEIGHT="0" CONTENT="701" WC="1.00" CC="000"/>
					</TextLine>
				</TextBlock>
			</TopMargin>
			<LeftMargin ID="P93_LM00001" HPOS="0" VPOS="476" WIDTH="204" HEIGHT="3294"/>
			<RightMargin ID="P93_RM00001" HPOS="2226" VPOS="476" WIDTH="626" HEIGHT="3294"/>
			<BottomMargin ID="P93_BM00001" HPOS="0" VPOS="3770" WIDTH="2852" HEIGHT="428"/>
			<PrintSpace ID="P93_PS00001" HPOS="204" VPOS="476" WIDTH="2022" HEIGHT="3294">
				<TextBlock ID="P93_TB00003" HPOS="210" VPOS="561" WIDTH="2016" HEIGHT="941" STYLEREFS="TXT_2 PAR_BLOCK">
					<TextLine ID="P93_TL00003" HPOS="217" VPOS="562" WIDTH="2009" HEIGHT="73">
						<String ID="P93_ST00004" HPOS="217" VPOS="562" WIDTH="193" HEIGHT="49" CONTENT="résister" WC="0.99" CC="04040003"/>
						<SP ID="P93_SP00002" HPOS="410" VPOS="611" WIDTH="24"/>
						<String ID="P93_ST00005" HPOS="434" VPOS="562" WIDTH="24" HEIGHT="45" CONTENT="à" WC="1.00" CC="0"/>
						<SP ID="P93_SP00003" HPOS="458" VPOS="611" WIDTH="26"/>
						<String ID="P93_ST00006" HPOS="484" VPOS="562" WIDTH="48" HEIGHT="46" CONTENT="la" WC="0.94" CC="10"/>
						<SP ID="P93_SP00004" HPOS="532" VPOS="611" WIDTH="23"/>
						<String ID="P93_ST00007" HPOS="555" VPOS="562" WIDTH="247" HEIGHT="47" CONTENT="tentation" WC="0.99" CC="008340507"/>
						<SP ID="P93_SP00005" HPOS="802" VPOS="611" WIDTH="24"/>
						<String ID="P93_ST00008" HPOS="826" VPOS="564" WIDTH="221" HEIGHT="47" CONTENT="d'imiter" WC="0.99" CC="03007402"/>
						<SP ID="P93_SP00006" HPOS="1047" VPOS="611" WIDTH="18"/>
						<String ID="P93_ST00009" HPOS="1065" VPOS="580" WIDTH="80" HEIGHT="31" CONTENT="ces" WC="1.00" CC="000"/>
						<SP ID="P93_SP00007" HPOS="1145" VPOS="611" WIDTH="26"/>
						<String ID="P93_ST00010" HPOS="1171" VPOS="569" WIDTH="217" HEIGHT="44" CONTENT="maîtres." WC="1.00" CC="00202000"/>
						<SP ID="P93_SP00008" HPOS="1388" VPOS="613" WIDTH="30"/>
						<String ID="P93_ST00011" HPOS="1418" VPOS="569" WIDTH="64" HEIGHT="46" CONTENT="Et" WC="0.56" CC="35"/>
						<SP ID="P93_SP00009" HPOS="1482" VPOS="615" WIDTH="25"/>
						<String ID="P93_ST00012" HPOS="1507" VPOS="569" WIDTH="40" HEIGHT="46" CONTENT="si" WC="0.93" CC="00"/>
						<SP ID="P93_SP00010" HPOS="1547" VPOS="615" WIDTH="24"/>
						<String ID="P93_ST00013" HPOS="1571" VPOS="570" WIDTH="101" HEIGHT="46" CONTENT="l'on" WC="1.00" CC="1000"/>
						<SP ID="P93_SP00011" HPOS="1672" VPOS="616" WIDTH="28"/>
						<String ID="P93_ST00014" HPOS="1700" VPOS="584" WIDTH="70" HEIGHT="33" CONTENT="est" WC="1.00" CC="000"/>
						<SP ID="P93_SP00012" HPOS="1770" VPOS="617" WIDTH="25"/>
						<String ID="P93_ST00015" HPOS="1795" VPOS="573" WIDTH="149" HEIGHT="45" CONTENT="hanté" WC="0.98" CC="06004"/>
						<SP ID="P93_SP00013" HPOS="1944" VPOS="618" WIDTH="27"/>
						<String ID="P93_ST00016" HPOS="1971" VPOS="588" WIDTH="89" HEIGHT="46" CONTENT="par" WC="0.99" CC="003"/>
						<SP ID="P93_SP00014" HPOS="2060" VPOS="634" WIDTH="21"/>
						<String ID="P93_ST00017" HPOS="2081" VPOS="576" WIDTH="116" HEIGHT="59" CONTENT="quel" SUBS_TYPE="HypPart1" SUBS_CONTENT="quelques" WC="0.99" CC="0003"/>
						<HYP HPOS="2197" VPOS="576" WIDTH="29" CONTENT="-"/>
					</TextLine>
					<TextLine ID="P93_TL00004" HPOS="213" VPOS="635" WIDTH="2009" HEIGHT="73">
						<String ID="P93_ST00018" HPOS="213" VPOS="651" WIDTH="118" HEIGHT="47" CONTENT="ques" SUBS_TYPE="HypPart2" SUBS_CONTENT="quelques" WC="0.97" CC="6503"/>
						<SP ID="P93_SP00015" HPOS="331" VPOS="698" WIDTH="19"/>
						<String ID="P93_ST00019" HPOS="350" VPOS="635" WIDTH="388" HEIGHT="47" CONTENT="réminiscences" WC="1.00" CC="0044000007020"/>
						<SP ID="P93_SP00016" HPOS="738" VPOS="698" WIDTH="22"/>
						<String ID="P93_ST00020" HPOS="760" VPOS="649" WIDTH="46" HEIGHT="34" CONTENT="et" WC="0.81" CC="03"/>
						<SP ID="P93_SP00017" HPOS="806" VPOS="698" WIDTH="20"/>
						<String ID="P93_ST00021" HPOS="826" VPOS="639" WIDTH="60" HEIGHT="44" CONTENT="de" WC="1.00" CC="00"/>
						<SP ID="P93_SP00018" HPOS="886" VPOS="698" WIDTH="20"/>
						<String ID="P93_ST00022" HPOS="906" VPOS="639" WIDTH="224" HEIGHT="59" CONTENT="Wagner" WC="0.99" CC="400600"/>
						<SP ID="P93_SP00019" HPOS="1130" VPOS="698" WIDTH="18"/>
						<String ID="P93_ST00023" HPOS="1148" VPOS="651" WIDTH="45" HEIGHT="35" CONTENT="et" WC="1.00" CC="00"/>
						<SP ID="P93_SP00020" HPOS="1193" VPOS="698" WIDTH="18"/>
						<String ID="P93_ST00024" HPOS="1211" VPOS="640" WIDTH="59" HEIGHT="46" CONTENT="de" WC="1.00" CC="00"/>
						<SP ID="P93_SP00021" HPOS="1270" VPOS="698" WIDTH="21"/>
						<String ID="P93_ST00025" HPOS="1291" VPOS="640" WIDTH="169" HEIGHT="56" CONTENT="Verdi," WC="0.99" CC="001063"/>
						<SP ID="P93_SP00022" HPOS="1460" VPOS="698" WIDTH="22"/>
						<String ID="P93_ST00026" HPOS="1482" VPOS="644" WIDTH="117" HEIGHT="44" CONTENT="c'est" WC="1.00" CC="01000"/>
						<SP ID="P93_SP00023" HPOS="1599" VPOS="698" WIDTH="19"/>
						<String ID="P93_ST00027" HPOS="1618" VPOS="659" WIDTH="59" HEIGHT="30" CONTENT="en" WC="0.77" CC="04"/>
						<SP ID="P93_SP00024" HPOS="1677" VPOS="698" WIDTH="18"/>
						<String ID="P93_ST00028" HPOS="1695" VPOS="645" WIDTH="211" HEIGHT="61" CONTENT="dépitdu" WC="0.80" CC="0006006"/>
						<SP ID="P93_SP00025" HPOS="1906" VPOS="706" WIDTH="24"/>
						<String ID="P93_ST00029" HPOS="1930" VPOS="649" WIDTH="41" HEIGHT="44" CONTENT="D" WC="0.88" CC="1"/>
						<String ID="P93_ST00030" HPOS="1978" VPOS="655" WIDTH="18" HEIGHT="19" CONTENT="r" STYLE="superscript" WC="0.24" CC="7"/>
						<SP ID="P93_SP00026" HPOS="1996" VPOS="706" WIDTH="19"/>
						<String ID="P93_ST00031" HPOS="2015" VPOS="648" WIDTH="207" HEIGHT="60" CONTENT="Naylor." WC="0.93" CC="0000200"/>
					</TextLine>
					<TextLine ID="P93_TL00005" HPOS="216" VPOS="710" WIDTH="2010" HEIGHT="65">
						<String ID="P93_ST00032" HPOS="216" VPOS="712" WIDTH="67" HEIGHT="46" CONTENT="Ce" WC="0.68" CC="60"/>
						<SP ID="P93_SP00027" HPOS="283" VPOS="758" WIDTH="24"/>
						<String ID="P93_ST00033" HPOS="307" VPOS="710" WIDTH="343" HEIGHT="59" CONTENT="compositeur" WC="1.00" CC="01000030050"/>
						<SP ID="P93_SP00028" HPOS="650" VPOS="769" WIDTH="33"/>
						<String ID="P93_ST00034" HPOS="683" VPOS="726" WIDTH="151" HEIGHT="45" CONTENT="pense" WC="1.00" CC="00002"/>
						<SP ID="P93_SP00029" HPOS="834" VPOS="771" WIDTH="36"/>
						<String ID="P93_ST00035" HPOS="870" VPOS="712" WIDTH="340" HEIGHT="47" CONTENT="évidemment" WC="0.99" CC="0070210044"/>
						<SP ID="P93_SP00030" HPOS="1210" VPOS="771" WIDTH="32"/>
						<String ID="P93_ST00036" HPOS="1242" VPOS="729" WIDTH="96" HEIGHT="44" CONTENT="que" WC="0.98" CC="060"/>
						<SP ID="P93_SP00031" HPOS="1338" VPOS="773" WIDTH="24"/>
						<String ID="P93_ST00037" HPOS="1362" VPOS="715" WIDTH="47" HEIGHT="44" CONTENT="la" WC="0.55" CC="26"/>
						<SP ID="P93_SP00032" HPOS="1409" VPOS="773" WIDTH="33"/>
						<String ID="P93_ST00038" HPOS="1442" VPOS="717" WIDTH="252" HEIGHT="58" CONTENT="grandeur" WC="0.99" CC="90500000"/>
						<SP ID="P93_SP00033" HPOS="1694" VPOS="775" WIDTH="23"/>
						<String ID="P93_ST00039" HPOS="1717" VPOS="720" WIDTH="65" HEIGHT="43" CONTENT="du" WC="0.76" CC="04"/>
						<SP ID="P93_SP00034" HPOS="1782" VPOS="775" WIDTH="25"/>
						<String ID="P93_ST00040" HPOS="1807" VPOS="721" WIDTH="170" HEIGHT="45" CONTENT="succès" WC="0.99" CC="050050"/>
						<SP ID="P93_SP00035" HPOS="1977" VPOS="775" WIDTH="34"/>
						<String ID="P93_ST00041" HPOS="2011" VPOS="725" WIDTH="126" HEIGHT="42" CONTENT="croît" WC="0.99" CC="03020"/>
						<SP ID="P93_SP00036" HPOS="2137" VPOS="775" WIDTH="27"/>
						<String ID="P93_ST00042" HPOS="2164" VPOS="738" WIDTH="62" HEIGHT="30" CONTENT="en" WC="0.47" CC="28"/>
					</TextLine>
					<TextLine ID="P93_TL00006" HPOS="213" VPOS="785" WIDTH="2010" HEIGHT="70">
						<String ID="P93_ST00043" HPOS="213" VPOS="785" WIDTH="163" HEIGHT="45" CONTENT="raison" WC="0.98" CC="065050"/>
						<SP ID="P93_SP00037" HPOS="376" VPOS="830" WIDTH="26"/>
						<String ID="P93_ST00044" HPOS="402" VPOS="785" WIDTH="186" HEIGHT="45" CONTENT="directe" WC="1.00" CC="0220000"/>
						<SP ID="P93_SP00038" HPOS="588" VPOS="830" WIDTH="21"/>
						<String ID="P93_ST00045" HPOS="609" VPOS="786" WIDTH="59" HEIGHT="44" CONTENT="de" WC="1.00" CC="00"/>
						<SP ID="P93_SP00039" HPOS="668" VPOS="830" WIDTH="28"/>
						<String ID="P93_ST00046" HPOS="696" VPOS="786" WIDTH="48" HEIGHT="44" CONTENT="la" WC="0.58" CC="43"/>
						<SP ID="P93_SP00040" HPOS="744" VPOS="830" WIDTH="20"/>
						<String ID="P93_ST00047" HPOS="764" VPOS="786" WIDTH="271" HEIGHT="61" CONTENT="simplicité" WC="0.99" CC="0040560113"/>
						<SP ID="P93_SP00041" HPOS="1035" VPOS="847" WIDTH="29"/>
						<String ID="P93_ST00048" HPOS="1064" VPOS="788" WIDTH="85" HEIGHT="45" CONTENT="des" WC="1.00" CC="000"/>
						<SP ID="P93_SP00042" HPOS="1149" VPOS="847" WIDTH="27"/>
						<String ID="P93_ST00049" HPOS="1176" VPOS="802" WIDTH="212" HEIGHT="46" CONTENT="moyens" WC="1.00" CC="000050"/>
						<SP ID="P93_SP00043" HPOS="1388" VPOS="848" WIDTH="30"/>
						<String ID="P93_ST00050" HPOS="1418" VPOS="790" WIDTH="257" HEIGHT="61" CONTENT="employés" WC="1.00" CC="00000000"/>
						<SP ID="P93_SP00044" HPOS="1675" VPOS="851" WIDTH="30"/>
						<String ID="P93_ST00051" HPOS="1705" VPOS="809" WIDTH="10" HEIGHT="29" CONTENT=":" WC="1.00" CC="0"/>
						<SP ID="P93_SP00045" HPOS="1715" VPOS="851" WIDTH="28"/>
						<String ID="P93_ST00052" HPOS="1743" VPOS="794" WIDTH="127" HEIGHT="45" CONTENT="ainsi" WC="0.99" CC="30005"/>
						<SP ID="P93_SP00046" HPOS="1870" VPOS="851" WIDTH="31"/>
						<String ID="P93_ST00053" HPOS="1901" VPOS="796" WIDTH="322" HEIGHT="59" CONTENT="renonça-t-il" WC="0.75" CC="005000033366"/>
					</TextLine>
					<TextLine ID="P93_TL00007" HPOS="212" VPOS="860" WIDTH="2013" HEIGHT="66">
						<String ID="P93_ST00054" HPOS="212" VPOS="875" WIDTH="58" HEIGHT="32" CONTENT="au" WC="0.73" CC="05"/>
						<SP ID="P93_SP00047" HPOS="270" VPOS="907" WIDTH="24"/>
						<String ID="P93_ST00055" HPOS="294" VPOS="861" WIDTH="214" HEIGHT="60" CONTENT="système" WC="0.99" CC="0005210"/>
						<SP ID="P93_SP00048" HPOS="508" VPOS="921" WIDTH="29"/>
						<String ID="P93_ST00056" HPOS="537" VPOS="860" WIDTH="288" HEIGHT="59" CONTENT="wagnérien" WC="0.84" CC="040170000"/>
						<SP ID="P93_SP00049" HPOS="825" VPOS="921" WIDTH="27"/>
						<String ID="P93_ST00057" HPOS="852" VPOS="862" WIDTH="85" HEIGHT="45" CONTENT="des" WC="1.00" CC="000"/>
						<SP ID="P93_SP00050" HPOS="937" VPOS="921" WIDTH="25"/>
						<String ID="P93_ST00058" HPOS="962" VPOS="862" WIDTH="444" HEIGHT="61" CONTENT="développements" WC="1.00" CC="03000000050000"/>
						<SP ID="P93_SP00051" HPOS="1406" VPOS="923" WIDTH="29"/>
						<String ID="P93_ST00059" HPOS="1435" VPOS="863" WIDTH="353" HEIGHT="63" CONTENT="thématiques," WC="1.00" CC="030000104103"/>
						<SP ID="P93_SP00052" HPOS="1788" VPOS="926" WIDTH="28"/>
						<String ID="P93_ST00060" HPOS="1816" VPOS="882" WIDTH="95" HEIGHT="32" CONTENT="aux" WC="0.98" CC="500"/>
						<SP ID="P93_SP00053" HPOS="1911" VPOS="926" WIDTH="24"/>
						<String ID="P93_ST00061" HPOS="1935" VPOS="870" WIDTH="290" HEIGHT="45" CONTENT="harmonies" WC="1.00" CC="003000500"/>
					</TextLine>
					<TextLine ID="P93_TL00008" HPOS="213" VPOS="932" WIDTH="2010" HEIGHT="69">
						<String ID="P93_ST00062" HPOS="213" VPOS="946" WIDTH="42" HEIGHT="34" CONTENT="et" WC="0.96" CC="00"/>
						<SP ID="P93_SP00054" HPOS="255" VPOS="980" WIDTH="24"/>
						<String ID="P93_ST00063" HPOS="279" VPOS="949" WIDTH="93" HEIGHT="30" CONTENT="aux" WC="0.98" CC="040"/>
						<SP ID="P93_SP00055" HPOS="372" VPOS="980" WIDTH="34"/>
						<String ID="P93_ST00064" HPOS="406" VPOS="932" WIDTH="139" HEIGHT="47" CONTENT="effets" WC="0.99" CC="066000"/>
						<SP ID="P93_SP00056" HPOS="545" VPOS="980" WIDTH="31"/>
						<String ID="P93_ST00065" HPOS="576" VPOS="935" WIDTH="59" HEIGHT="45" CONTENT="de" WC="1.00" CC="00"/>
						<SP ID="P93_SP00057" HPOS="635" VPOS="980" WIDTH="31"/>
						<String ID="P93_ST00066" HPOS="666" VPOS="935" WIDTH="211" HEIGHT="47" CONTENT="couleur" WC="0.99" CC="0301005"/>
						<SP ID="P93_SP00058" HPOS="877" VPOS="982" WIDTH="24"/>
						<String ID="P93_ST00067" HPOS="901" VPOS="936" WIDTH="27" HEIGHT="46" CONTENT="à" WC="0.68" CC="3"/>
						<SP ID="P93_SP00059" HPOS="928" VPOS="982" WIDTH="33"/>
						<String ID="P93_ST00068" HPOS="961" VPOS="937" WIDTH="46" HEIGHT="46" CONTENT="la" WC="1.00" CC="00"/>
						<SP ID="P93_SP00060" HPOS="1007" VPOS="983" WIDTH="28"/>
						<String ID="P93_ST00069" HPOS="1035" VPOS="937" WIDTH="251" HEIGHT="61" CONTENT="Debussy," WC="0.99" CC="00050094"/>
						<SP ID="P93_SP00061" HPOS="1286" VPOS="998" WIDTH="31"/>
						<String ID="P93_ST00070" HPOS="1317" VPOS="952" WIDTH="94" HEIGHT="31" CONTENT="aux" WC="0.95" CC="355"/>
						<SP ID="P93_SP00062" HPOS="1411" VPOS="998" WIDTH="42"/>
						<String ID="P93_ST00071" HPOS="1453" VPOS="938" WIDTH="478" HEIGHT="63" CONTENT="mélodramatiques" WC="1.00" CC="000000200450000"/>
						<SP ID="P93_SP00063" HPOS="1931" VPOS="1001" WIDTH="35"/>
						<String ID="P93_ST00072" HPOS="1966" VPOS="943" WIDTH="257" HEIGHT="47" CONTENT="brutalités" WC="1.00" CC="0000011080"/>
					</TextLine>
					<TextLine ID="P93_TL00009" HPOS="213" VPOS="1007" WIDTH="2012" HEIGHT="63">
						<String ID="P93_ST00073" HPOS="213" VPOS="1008" WIDTH="114" HEIGHT="46" CONTENT="d'un" WC="0.97" CC="5060"/>
						<SP ID="P93_SP00064" HPOS="327" VPOS="1054" WIDTH="28"/>
						<String ID="P93_ST00074" HPOS="355" VPOS="1007" WIDTH="280" HEIGHT="61" CONTENT="Mascagni," WC="0.89" CC="060000030"/>
						<SP ID="P93_SP00065" HPOS="635" VPOS="1068" WIDTH="24"/>
						<String ID="P93_ST00075" HPOS="659" VPOS="1023" WIDTH="61" HEIGHT="31" CONTENT="au" WC="0.80" CC="30"/>
						<SP ID="P93_SP00066" HPOS="720" VPOS="1068" WIDTH="23"/>
						<String ID="P93_ST00076" HPOS="743" VPOS="1008" WIDTH="202" HEIGHT="46" CONTENT="charme" WC="0.99" CC="053000"/>
						<SP ID="P93_SP00067" HPOS="945" VPOS="1068" WIDTH="31"/>
						<String ID="P93_ST00077" HPOS="976" VPOS="1009" WIDTH="145" HEIGHT="46" CONTENT="facile" WC="0.99" CC="500600"/>
						<SP ID="P93_SP00068" HPOS="1121" VPOS="1068" WIDTH="28"/>
						<String ID="P93_ST00078" HPOS="1149" VPOS="1011" WIDTH="119" HEIGHT="44" CONTENT="d'un" WC="0.98" CC="0322"/>
						<SP ID="P93_SP00069" HPOS="1268" VPOS="1068" WIDTH="30"/>
						<String ID="P93_ST00079" HPOS="1298" VPOS="1012" WIDTH="227" HEIGHT="47" CONTENT="Puccini." WC="0.70" CC="53001263"/>
						<SP ID="P93_SP00070" HPOS="1525" VPOS="1068" WIDTH="30"/>
						<String ID="P93_ST00080" HPOS="1555" VPOS="1013" WIDTH="171" HEIGHT="45" CONTENT="Mieux" WC="0.99" CC="05000"/>
						<SP ID="P93_SP00071" HPOS="1726" VPOS="1068" WIDTH="31"/>
						<String ID="P93_ST00081" HPOS="1757" VPOS="1029" WIDTH="197" HEIGHT="41" CONTENT="encore," WC="1.00" CC="0000000"/>
						<SP ID="P93_SP00072" HPOS="1954" VPOS="1070" WIDTH="23"/>
						<String ID="P93_ST00082" HPOS="1977" VPOS="1016" WIDTH="34" HEIGHT="44" CONTENT="il" WC="1.00" CC="00"/>
						<SP ID="P93_SP00073" HPOS="2011" VPOS="1070" WIDTH="26"/>
						<String ID="P93_ST00083" HPOS="2037" VPOS="1017" WIDTH="188" HEIGHT="46" CONTENT="semble" WC="1.00" CC="000050"/>
					</TextLine>
					<TextLine ID="P93_TL00010" HPOS="212" VPOS="1081" WIDTH="2011" HEIGHT="67">
						<String ID="P93_ST00084" HPOS="212" VPOS="1097" WIDTH="91" HEIGHT="47" CONTENT="que" WC="1.00" CC="000"/>
						<SP ID="P93_SP00074" HPOS="303" VPOS="1144" WIDTH="23"/>
						<String ID="P93_ST00085" HPOS="326" VPOS="1081" WIDTH="405" HEIGHT="48" CONTENT="l'orchestration" WC="1.00" CC="504044001000704"/>
						<SP ID="P93_SP00075" HPOS="731" VPOS="1144" WIDTH="37"/>
						<String ID="P93_ST00086" HPOS="768" VPOS="1083" WIDTH="67" HEIGHT="46" CONTENT="ait" WC="0.98" CC="400"/>
						<SP ID="P93_SP00076" HPOS="835" VPOS="1144" WIDTH="33"/>
						<String ID="P93_ST00087" HPOS="868" VPOS="1086" WIDTH="74" HEIGHT="43" CONTENT="été" WC="0.99" CC="100"/>
						<SP ID="P93_SP00077" HPOS="942" VPOS="1144" WIDTH="36"/>
						<String ID="P93_ST00088" HPOS="978" VPOS="1084" WIDTH="25" HEIGHT="45" CONTENT="à" WC="1.00" CC="0"/>
						<SP ID="P93_SP00078" HPOS="1003" VPOS="1144" WIDTH="34"/>
						<String ID="P93_ST00089" HPOS="1037" VPOS="1086" WIDTH="198" HEIGHT="44" CONTENT="dessein" WC="1.00" CC="0000023"/>
						<SP ID="P93_SP00079" HPOS="1235" VPOS="1144" WIDTH="36"/>
						<String ID="P93_ST00090" HPOS="1271" VPOS="1088" WIDTH="237" HEIGHT="60" CONTENT="arrangée" WC="0.99" CC="60200080"/>
						<SP ID="P93_SP00080" HPOS="1508" VPOS="1148" WIDTH="32"/>
						<String ID="P93_ST00091" HPOS="1540" VPOS="1102" WIDTH="60" HEIGHT="31" CONTENT="en" WC="0.83" CC="03"/>
						<SP ID="P93_SP00081" HPOS="1600" VPOS="1148" WIDTH="38"/>
						<String ID="P93_ST00092" HPOS="1638" VPOS="1103" WIDTH="94" HEIGHT="30" CONTENT="vue" WC="0.99" CC="030"/>
						<SP ID="P93_SP00082" HPOS="1732" VPOS="1148" WIDTH="47"/>
						<String ID="P93_ST00093" HPOS="1779" VPOS="1089" WIDTH="147" HEIGHT="45" CONTENT="d'une" WC="0.99" CC="00070"/>
						<SP ID="P93_SP00083" HPOS="1926" VPOS="1148" WIDTH="38"/>
						<String ID="P93_ST00094" HPOS="1964" VPOS="1092" WIDTH="259" HEIGHT="44" CONTENT="réduction" WC="0.99" CC="030303425"/>
					</TextLine>
					<TextLine ID="P93_TL00011" HPOS="211" VPOS="1156" WIDTH="2012" HEIGHT="68">
						<String ID="P93_ST00095" HPOS="211" VPOS="1156" WIDTH="219" HEIGHT="60" CONTENT="possible" WC="1.00" CC="00001100"/>
						<SP ID="P93_SP00084" HPOS="430" VPOS="1216" WIDTH="23"/>
						<String ID="P93_ST00096" HPOS="453" VPOS="1171" WIDTH="130" HEIGHT="45" CONTENT="pour" WC="0.99" CC="0130"/>
						<SP ID="P93_SP00085" HPOS="583" VPOS="1216" WIDTH="17"/>
						<String ID="P93_ST00097" HPOS="600" VPOS="1157" WIDTH="257" HEIGHT="46" CONTENT="orchestre" WC="1.00" CC="030000500"/>
						<SP ID="P93_SP00086" HPOS="857" VPOS="1216" WIDTH="23"/>
						<String ID="P93_ST00098" HPOS="880" VPOS="1158" WIDTH="249" HEIGHT="56" CONTENT="restreint," WC="0.99" CC="0004200540"/>
						<SP ID="P93_SP00087" HPOS="1129" VPOS="1216" WIDTH="25"/>
						<String ID="P93_ST00099" HPOS="1154" VPOS="1173" WIDTH="53" HEIGHT="31" CONTENT="ce" WC="0.96" CC="00"/>
						<SP ID="P93_SP00088" HPOS="1207" VPOS="1216" WIDTH="20"/>
						<String ID="P93_ST00100" HPOS="1227" VPOS="1159" WIDTH="86" HEIGHT="60" CONTENT="qui" WC="0.97" CC="230"/>
						<SP ID="P93_SP00089" HPOS="1313" VPOS="1219" WIDTH="21"/>
						<String ID="P93_ST00101" HPOS="1334" VPOS="1176" WIDTH="188" HEIGHT="44" CONTENT="prouve" WC="0.99" CC="004400"/>
						<SP ID="P93_SP00090" HPOS="1522" VPOS="1220" WIDTH="26"/>
						<String ID="P93_ST00102" HPOS="1548" VPOS="1176" WIDTH="95" HEIGHT="46" CONTENT="que" WC="1.00" CC="000"/>
						<SP ID="P93_SP00091" HPOS="1643" VPOS="1222" WIDTH="22"/>
						<String ID="P93_ST00103" HPOS="1665" VPOS="1162" WIDTH="45" HEIGHT="44" CONTENT="le" WC="0.80" CC="30"/>
						<SP ID="P93_SP00092" HPOS="1710" VPOS="1222" WIDTH="27"/>
						<String ID="P93_ST00104" HPOS="1737" VPOS="1163" WIDTH="38" HEIGHT="43" CONTENT="D" WC="0.35" CC="6"/>
						<String ID="P93_ST00105" HPOS="1784" VPOS="1169" WIDTH="19" HEIGHT="21" CONTENT="r" STYLE="superscript" WC="0.43" CC="5"/>
						<SP ID="P93_SP00093" HPOS="1803" VPOS="1222" WIDTH="24"/>
						<String ID="P93_ST00106" HPOS="1827" VPOS="1163" WIDTH="192" HEIGHT="60" CONTENT="Naylor" WC="0.95" CC="000200"/>
						<SP ID="P93_SP00094" HPOS="2019" VPOS="1223" WIDTH="19"/>
						<String ID="P93_ST00107" HPOS="2038" VPOS="1178" WIDTH="60" HEIGHT="31" CONTENT="ne" WC="0.77" CC="40"/>
						<SP ID="P93_SP00095" HPOS="2098" VPOS="1223" WIDTH="20"/>
						<String ID="P93_ST00108" HPOS="2118" VPOS="1180" WIDTH="79" HEIGHT="44" CONTENT="par" SUBS_TYPE="HypPart1" SUBS_CONTENT="partage" WC="0.98" CC="004"/>
						<HYP HPOS="2197" VPOS="1180" WIDTH="26" CONTENT="-"/>
					</TextLine>
					<TextLine ID="P93_TL00012" HPOS="216" VPOS="1230" WIDTH="1402" HEIGHT="60">
						<String ID="P93_ST00109" HPOS="216" VPOS="1243" WIDTH="105" HEIGHT="47" CONTENT="tage" SUBS_TYPE="HypPart2" SUBS_CONTENT="partage" WC="0.99" CC="0500"/>
						<SP ID="P93_SP00096" HPOS="321" VPOS="1290" WIDTH="24"/>
						<String ID="P93_ST00110" HPOS="345" VPOS="1244" WIDTH="85" HEIGHT="46" CONTENT="pas" WC="0.97" CC="070"/>
						<SP ID="P93_SP00097" HPOS="430" VPOS="1290" WIDTH="27"/>
						<String ID="P93_ST00111" HPOS="457" VPOS="1244" WIDTH="101" HEIGHT="31" CONTENT="non" WC="0.97" CC="510"/>
						<SP ID="P93_SP00098" HPOS="558" VPOS="1290" WIDTH="28"/>
						<String ID="P93_ST00112" HPOS="586" VPOS="1230" WIDTH="112" HEIGHT="60" CONTENT="plus" WC="0.98" CC="0700"/>
						<SP ID="P93_SP00099" HPOS="698" VPOS="1290" WIDTH="29"/>
						<String ID="P93_ST00113" HPOS="727" VPOS="1230" WIDTH="72" HEIGHT="46" CONTENT="les" WC="0.98" CC="500"/>
						<SP ID="P93_SP00100" HPOS="799" VPOS="1290" WIDTH="22"/>
						<String ID="P93_ST00114" HPOS="821" VPOS="1232" WIDTH="221" HEIGHT="45" CONTENT="théories" WC="0.99" CC="30050200"/>
						<SP ID="P93_SP00101" HPOS="1042" VPOS="1290" WIDTH="26"/>
						<String ID="P93_ST00115" HPOS="1068" VPOS="1233" WIDTH="59" HEIGHT="44" CONTENT="de" WC="0.97" CC="00"/>
						<SP ID="P93_SP00102" HPOS="1127" VPOS="1290" WIDTH="25"/>
						<String ID="P93_ST00116" HPOS="1152" VPOS="1233" WIDTH="221" HEIGHT="47" CONTENT="Richard" WC="0.99" CC="0360000"/>
						<SP ID="P93_SP00103" HPOS="1373" VPOS="1290" WIDTH="26"/>
						<String ID="P93_ST00117" HPOS="1399" VPOS="1236" WIDTH="219" HEIGHT="44" CONTENT="Strauss." WC="0.99" CC="03164002"/>
					</TextLine>
					<TextLine ID="P93_TL00013" HPOS="274" VPOS="1304" WIDTH="1952" HEIGHT="66">
						<String ID="P93_ST00118" HPOS="274" VPOS="1304" WIDTH="39" HEIGHT="45" CONTENT="Il" WC="1.00" CC="00"/>
						<SP ID="P93_SP00104" HPOS="313" VPOS="1349" WIDTH="27"/>
						<String ID="P93_ST00119" HPOS="340" VPOS="1307" WIDTH="227" HEIGHT="58" CONTENT="apparaît" WC="1.00" CC="00000630"/>
						<SP ID="P93_SP00105" HPOS="567" VPOS="1365" WIDTH="25"/>
						<String ID="P93_ST00120" HPOS="592" VPOS="1305" WIDTH="193" HEIGHT="60" CONTENT="chaque" WC="1.00" CC="000040"/>
						<SP ID="P93_SP00106" HPOS="785" VPOS="1365" WIDTH="25"/>
						<String ID="P93_ST00121" HPOS="810" VPOS="1305" WIDTH="113" HEIGHT="59" CONTENT="jour" WC="0.99" CC="6000"/>
						<SP ID="P93_SP00107" HPOS="923" VPOS="1365" WIDTH="25"/>
						<String ID="P93_ST00122" HPOS="948" VPOS="1307" WIDTH="113" HEIGHT="59" CONTENT="plus" WC="0.98" CC="0180"/>
						<SP ID="P93_SP00108" HPOS="1061" VPOS="1366" WIDTH="25"/>
						<String ID="P93_ST00123" HPOS="1086" VPOS="1307" WIDTH="200" HEIGHT="45" CONTENT="évident" WC="0.99" CC="3030013"/>
						<SP ID="P93_SP00109" HPOS="1286" VPOS="1366" WIDTH="24"/>
						<String ID="P93_ST00124" HPOS="1310" VPOS="1323" WIDTH="97" HEIGHT="45" CONTENT="que" WC="1.00" CC="000"/>
						<SP ID="P93_SP00110" HPOS="1407" VPOS="1368" WIDTH="25"/>
						<String ID="P93_ST00125" HPOS="1432" VPOS="1308" WIDTH="70" HEIGHT="46" CONTENT="les" WC="0.99" CC="010"/>
						<SP ID="P93_SP00111" HPOS="1502" VPOS="1368" WIDTH="24"/>
						<String ID="P93_ST00126" HPOS="1526" VPOS="1309" WIDTH="372" HEIGHT="61" CONTENT="compositeurs" WC="1.00" CC="003000600400"/>
						<SP ID="P93_SP00112" HPOS="1898" VPOS="1370" WIDTH="26"/>
						<String ID="P93_ST00127" HPOS="1924" VPOS="1310" WIDTH="190" HEIGHT="60" CONTENT="anglais" WC="0.99" CC="4206000"/>
						<SP ID="P93_SP00113" HPOS="2114" VPOS="1370" WIDTH="23"/>
						<String ID="P93_ST00128" HPOS="2137" VPOS="1323" WIDTH="89" HEIGHT="33" CONTENT="ont" WC="0.97" CC="043"/>
					</TextLine>
					<TextLine ID="P93_TL00014" HPOS="210" VPOS="1378" WIDTH="2012" HEIGHT="62">
						<String ID="P93_ST00129" HPOS="210" VPOS="1379" WIDTH="69" HEIGHT="44" CONTENT="été" WC="0.94" CC="924"/>
						<SP ID="P93_SP00114" HPOS="279" VPOS="1423" WIDTH="25"/>
						<String ID="P93_ST00130" HPOS="304" VPOS="1392" WIDTH="129" HEIGHT="45" CONTENT="pour" WC="1.00" CC="0200"/>
						<SP ID="P93_SP00115" HPOS="433" VPOS="1437" WIDTH="23"/>
						<String ID="P93_ST00131" HPOS="456" VPOS="1378" WIDTH="179" HEIGHT="61" CONTENT="jamais" WC="0.99" CC="407030"/>
						<SP ID="P93_SP00116" HPOS="635" VPOS="1439" WIDTH="31"/>
						<String ID="P93_ST00132" HPOS="666" VPOS="1379" WIDTH="362" HEIGHT="61" CONTENT="empoisonnés" WC="1.00" CC="00010000220"/>
						<SP ID="P93_SP00117" HPOS="1028" VPOS="1440" WIDTH="21"/>
						<String ID="P93_ST00133" HPOS="1049" VPOS="1394" WIDTH="90" HEIGHT="46" CONTENT="par" WC="1.00" CC="000"/>
						<SP ID="P93_SP00118" HPOS="1139" VPOS="1440" WIDTH="25"/>
						<String ID="P93_ST00134" HPOS="1164" VPOS="1382" WIDTH="130" HEIGHT="44" CONTENT="deux" WC="0.97" CC="0059"/>
						<SP ID="P93_SP00119" HPOS="1294" VPOS="1440" WIDTH="23"/>
						<String ID="P93_ST00135" HPOS="1317" VPOS="1382" WIDTH="278" HEIGHT="47" CONTENT="influences" WC="1.00" CC="7411200010"/>
						<SP ID="P93_SP00120" HPOS="1595" VPOS="1440" WIDTH="21"/>
						<String ID="P93_ST00136" HPOS="1616" VPOS="1383" WIDTH="215" HEIGHT="47" CONTENT="néfastes" WC="0.99" CC="04000600"/>
						<SP ID="P93_SP00121" HPOS="1831" VPOS="1440" WIDTH="18"/>
						<String ID="P93_ST00137" HPOS="1849" VPOS="1399" WIDTH="10" HEIGHT="31" CONTENT=":" WC="0.44" CC="5"/>
						<SP ID="P93_SP00122" HPOS="1859" VPOS="1440" WIDTH="22"/>
						<String ID="P93_ST00138" HPOS="1881" VPOS="1384" WIDTH="69" HEIGHT="46" CONTENT="les" WC="0.98" CC="310"/>
						<SP ID="P93_SP00123" HPOS="1950" VPOS="1440" WIDTH="26"/>
						<String ID="P93_ST00139" HPOS="1976" VPOS="1385" WIDTH="246" HEIGHT="46" CONTENT="oratorios" WC="0.99" CC="000414600"/>
					</TextLine>
					<TextLine ID="P93_TL00015" HPOS="212" VPOS="1453" WIDTH="1021" HEIGHT="49">
						<String ID="P93_ST00140" HPOS="212" VPOS="1454" WIDTH="56" HEIGHT="44" CONTENT="de" WC="0.60" CC="70"/>
						<SP ID="P93_SP00124" HPOS="268" VPOS="1498" WIDTH="29"/>
						<String ID="P93_ST00141" HPOS="297" VPOS="1453" WIDTH="231" HEIGHT="45" CONTENT="Haendel" WC="0.73" CC="6500023"/>
						<SP ID="P93_SP00125" HPOS="528" VPOS="1498" WIDTH="24"/>
						<String ID="P93_ST00142" HPOS="552" VPOS="1465" WIDTH="46" HEIGHT="35" CONTENT="et" WC="1.00" CC="00"/>
						<SP ID="P93_SP00126" HPOS="598" VPOS="1500" WIDTH="23"/>
						<String ID="P93_ST00143" HPOS="621" VPOS="1454" WIDTH="72" HEIGHT="46" CONTENT="les" WC="1.00" CC="000"/>
						<SP ID="P93_SP00127" HPOS="693" VPOS="1500" WIDTH="26"/>
						<String ID="P93_ST00144" HPOS="719" VPOS="1454" WIDTH="243" HEIGHT="46" CONTENT="mélodies" WC="1.00" CC="05020000"/>
						<SP ID="P93_SP00128" HPOS="962" VPOS="1500" WIDTH="24"/>
						<String ID="P93_ST00145" HPOS="986" VPOS="1455" WIDTH="60" HEIGHT="45" CONTENT="de" WC="1.00" CC="00"/>
						<SP ID="P93_SP00129" HPOS="1046" VPOS="1500" WIDTH="24"/>
						<String ID="P93_ST00146" HPOS="1070" VPOS="1455" WIDTH="163" HEIGHT="47" CONTENT="Tosti." WC="0.77" CC="250024"/>
					</TextLine>
				</TextBlock>
				<TextBlock ID="P93_TB00004" HPOS="215" VPOS="1764" WIDTH="593" HEIGHT="48" STYLEREFS="TXT_2 PAR_LEFT">
					<TextLine ID="P93_TL00016" HPOS="215" VPOS="1764" WIDTH="593" HEIGHT="48">
						<String ID="P93_ST00147" HPOS="215" VPOS="1764" WIDTH="137" HEIGHT="48" CONTENT="UNE" WC="1.00" CC="000"/>
						<SP ID="P93_SP00130" HPOS="352" VPOS="1812" WIDTH="39"/>
						<String ID="P93_ST00148" HPOS="391" VPOS="1764" WIDTH="417" HEIGHT="48" CONTENT="SYMPHONIE" WC="0.99" CC="000663050"/>
					</TextLine>
				</TextBlock>
				<TextBlock ID="P93_TB00005" HPOS="204" VPOS="1864" WIDTH="2020" HEIGHT="1906" STYLEREFS="TXT_2 PAR_BLOCK">
					<TextLine ID="P93_TL00017" HPOS="273" VPOS="1864" WIDTH="1949" HEIGHT="62">
						<String ID="P93_ST00149" HPOS="273" VPOS="1865" WIDTH="120" HEIGHT="46" CONTENT="L'on" WC="0.98" CC="0250"/>
						<SP ID="P93_SP00131" HPOS="393" VPOS="1911" WIDTH="28"/>
						<String ID="P93_ST00150" HPOS="421" VPOS="1881" WIDTH="26" HEIGHT="30" CONTENT="a" WC="0.51" CC="4"/>
						<SP ID="P93_SP00132" HPOS="447" VPOS="1911" WIDTH="25"/>
						<String ID="P93_ST00151" HPOS="472" VPOS="1864" WIDTH="86" HEIGHT="48" CONTENT="fait" WC="0.98" CC="4050"/>
						<SP ID="P93_SP00133" HPOS="558" VPOS="1912" WIDTH="21"/>
						<String ID="P93_ST00152" HPOS="579" VPOS="1877" WIDTH="44" HEIGHT="34" CONTENT="et" WC="1.00" CC="00"/>
						<SP ID="P93_SP00134" HPOS="623" VPOS="1912" WIDTH="21"/>
						<String ID="P93_ST00153" HPOS="644" VPOS="1865" WIDTH="102" HEIGHT="46" CONTENT="l'on" WC="0.97" CC="2206"/>
						<SP ID="P93_SP00135" HPOS="746" VPOS="1912" WIDTH="27"/>
						<String ID="P93_ST00154" HPOS="773" VPOS="1865" WIDTH="88" HEIGHT="46" CONTENT="fait" WC="0.98" CC="5030"/>
						<SP ID="P93_SP00136" HPOS="861" VPOS="1912" WIDTH="25"/>
						<String ID="P93_ST00155" HPOS="886" VPOS="1881" WIDTH="180" HEIGHT="31" CONTENT="encore" WC="0.99" CC="060100"/>
						<SP ID="P93_SP00137" HPOS="1066" VPOS="1912" WIDTH="30"/>
						<String ID="P93_ST00156" HPOS="1096" VPOS="1867" WIDTH="261" HEIGHT="59" CONTENT="beaucoup" WC="0.99" CC="60100300"/>
						<SP ID="P93_SP00138" HPOS="1357" VPOS="1926" WIDTH="26"/>
						<String ID="P93_ST00157" HPOS="1383" VPOS="1867" WIDTH="58" HEIGHT="44" CONTENT="de" WC="1.00" CC="00"/>
						<SP ID="P93_SP00139" HPOS="1441" VPOS="1926" WIDTH="27"/>
						<String ID="P93_ST00158" HPOS="1468" VPOS="1867" WIDTH="131" HEIGHT="45" CONTENT="bruit" WC="0.99" CC="20031"/>
						<SP ID="P93_SP00140" HPOS="1599" VPOS="1926" WIDTH="26"/>
						<String ID="P93_ST00159" HPOS="1625" VPOS="1878" WIDTH="182" HEIGHT="36" CONTENT="autour" WC="0.99" CC="532002"/>
						<SP ID="P93_SP00141" HPOS="1807" VPOS="1926" WIDTH="24"/>
						<String ID="P93_ST00160" HPOS="1831" VPOS="1868" WIDTH="58" HEIGHT="44" CONTENT="de" WC="1.00" CC="00"/>
						<SP ID="P93_SP00142" HPOS="1889" VPOS="1926" WIDTH="31"/>
						<String ID="P93_ST00161" HPOS="1920" VPOS="1868" WIDTH="47" HEIGHT="44" CONTENT="la" WC="0.63" CC="70"/>
						<SP ID="P93_SP00143" HPOS="1967" VPOS="1926" WIDTH="25"/>
						<String ID="P93_ST00162" HPOS="1992" VPOS="1868" WIDTH="230" HEIGHT="44" CONTENT="nouvelle" WC="0.99" CC="00020360"/>
					</TextLine>
					<TextLine ID="P93_TL00018" HPOS="214" VPOS="1939" WIDTH="2008" HEIGHT="61">
						<String ID="P93_ST00163" HPOS="214" VPOS="1939" WIDTH="300" HEIGHT="61" CONTENT="symphonie" WC="0.98" CC="275105561"/>
						<SP ID="P93_SP00144" HPOS="514" VPOS="2000" WIDTH="25"/>
						<String ID="P93_ST00164" HPOS="539" VPOS="1940" WIDTH="60" HEIGHT="45" CONTENT="de" WC="0.88" CC="02"/>
						<SP ID="P93_SP00145" HPOS="599" VPOS="2000" WIDTH="42"/>
						<String ID="P93_ST00165" HPOS="641" VPOS="1939" WIDTH="79" HEIGHT="46" CONTENT="Sir" WC="0.98" CC="012"/>
						<SP ID="P93_SP00146" HPOS="720" VPOS="2000" WIDTH="25"/>
						<String ID="P93_ST00166" HPOS="745" VPOS="1940" WIDTH="217" HEIGHT="46" CONTENT="Edward" WC="0.99" CC="004605"/>
						<SP ID="P93_SP00147" HPOS="962" VPOS="2000" WIDTH="37"/>
						<String ID="P93_ST00167" HPOS="999" VPOS="1939" WIDTH="168" HEIGHT="60" CONTENT="Elgar," WC="0.80" CC="040007"/>
						<SP ID="P93_SP00148" HPOS="1167" VPOS="2000" WIDTH="35"/>
						<String ID="P93_ST00168" HPOS="1202" VPOS="1942" WIDTH="125" HEIGHT="43" CONTENT="dont" WC="0.99" CC="0004"/>
						<SP ID="P93_SP00149" HPOS="1327" VPOS="2000" WIDTH="37"/>
						<String ID="P93_ST00169" HPOS="1364" VPOS="1939" WIDTH="73" HEIGHT="46" CONTENT="six" WC="0.99" CC="030"/>
						<SP ID="P93_SP00150" HPOS="1437" VPOS="2000" WIDTH="40"/>
						<String ID="P93_ST00170" HPOS="1477" VPOS="1940" WIDTH="254" HEIGHT="46" CONTENT="auditions" WC="1.00" CC="000302010"/>
						<SP ID="P93_SP00151" HPOS="1731" VPOS="2000" WIDTH="25"/>
						<String ID="P93_ST00171" HPOS="1756" VPOS="1953" WIDTH="88" HEIGHT="33" CONTENT="ont" WC="0.99" CC="030"/>
						<SP ID="P93_SP00152" HPOS="1844" VPOS="2000" WIDTH="38"/>
						<String ID="P93_ST00172" HPOS="1882" VPOS="1940" WIDTH="239" HEIGHT="46" CONTENT="déchaîné" WC="0.99" CC="05020503"/>
						<SP ID="P93_SP00153" HPOS="2121" VPOS="2000" WIDTH="34"/>
						<String ID="P93_ST00173" HPOS="2155" VPOS="1956" WIDTH="67" HEIGHT="30" CONTENT="un" WC="0.89" CC="02"/>
					</TextLine>
					<TextLine ID="P93_TL00019" HPOS="211" VPOS="2013" WIDTH="2011" HEIGHT="61">
						<String ID="P93_ST00174" HPOS="211" VPOS="2014" WIDTH="267" HEIGHT="43" CONTENT="crescendo" WC="0.99" CC="050000650"/>
						<SP ID="P93_SP00154" HPOS="478" VPOS="2057" WIDTH="45"/>
						<String ID="P93_ST00175" HPOS="523" VPOS="2013" WIDTH="430" HEIGHT="45" CONTENT="d'enthousiasme" WC="1.00" CC="00000613014020"/>
						<SP ID="P93_SP00155" HPOS="953" VPOS="2058" WIDTH="129"/>
						<String ID="P93_ST00176" HPOS="1082" VPOS="2014" WIDTH="409" HEIGHT="58" CONTENT="soigneusement" WC="1.00" CC="0080600000000"/>
						<SP ID="P93_SP00156" HPOS="1491" VPOS="2072" WIDTH="35"/>
						<String ID="P93_ST00177" HPOS="1526" VPOS="2015" WIDTH="224" HEIGHT="59" CONTENT="préparé," WC="0.99" CC="00902002"/>
						<SP ID="P93_SP00157" HPOS="1750" VPOS="2074" WIDTH="42"/>
						<String ID="P93_ST00178" HPOS="1792" VPOS="2014" WIDTH="162" HEIGHT="44" CONTENT="disent" WC="1.00" CC="000002"/>
						<SP ID="P93_SP00158" HPOS="1954" VPOS="2074" WIDTH="37"/>
						<String ID="P93_ST00179" HPOS="1991" VPOS="2014" WIDTH="231" HEIGHT="57" CONTENT="certains," WC="0.99" CC="305124004"/>
					</TextLine>
					<TextLine ID="P93_TL00020" HPOS="209" VPOS="2086" WIDTH="2015" HEIGHT="63">
						<String ID="P93_ST00180" HPOS="209" VPOS="2102" WIDTH="85" HEIGHT="45" CONTENT="par" WC="0.93" CC="845"/>
						<SP ID="P93_SP00159" HPOS="294" VPOS="2147" WIDTH="44"/>
						<String ID="P93_ST00181" HPOS="338" VPOS="2089" WIDTH="83" HEIGHT="44" CONTENT="des" WC="1.00" CC="010"/>
						<SP ID="P93_SP00160" HPOS="421" VPOS="2147" WIDTH="41"/>
						<String ID="P93_ST00182" HPOS="462" VPOS="2086" WIDTH="349" HEIGHT="61" CONTENT="intelligences" WC="0.99" CC="6640436204200"/>
						<SP ID="P93_SP00161" HPOS="811" VPOS="2147" WIDTH="36"/>
						<String ID="P93_ST00183" HPOS="847" VPOS="2089" WIDTH="118" HEIGHT="43" CONTENT="d'un" WC="0.98" CC="0043"/>
						<SP ID="P93_SP00162" HPOS="965" VPOS="2147" WIDTH="32"/>
						<String ID="P93_ST00184" HPOS="997" VPOS="2089" WIDTH="147" HEIGHT="43" CONTENT="ordre" WC="1.00" CC="00000"/>
						<SP ID="P93_SP00163" HPOS="1144" VPOS="2147" WIDTH="36"/>
						<String ID="P93_ST00185" HPOS="1180" VPOS="2099" WIDTH="171" HEIGHT="33" CONTENT="autant" WC="0.98" CC="430603"/>
						<SP ID="P93_SP00164" HPOS="1351" VPOS="2147" WIDTH="41"/>
						<String ID="P93_ST00186" HPOS="1392" VPOS="2088" WIDTH="323" HEIGHT="45" CONTENT="commercial" WC="0.99" CC="0007052205"/>
						<SP ID="P93_SP00165" HPOS="1715" VPOS="2147" WIDTH="32"/>
						<String ID="P93_ST00187" HPOS="1747" VPOS="2089" WIDTH="362" HEIGHT="60" CONTENT="qu'artistique." WC="1.00" CC="03051000050400"/>
						<SP ID="P93_SP00166" HPOS="2109" VPOS="2149" WIDTH="50"/>
						<String ID="P93_ST00188" HPOS="2159" VPOS="2089" WIDTH="65" HEIGHT="44" CONTENT="Le" WC="1.00" CC="00"/>
					</TextLine>
					<TextLine ID="P93_TL00021" HPOS="211" VPOS="2161" WIDTH="2012" HEIGHT="61">
						<String ID="P93_ST00189" HPOS="211" VPOS="2161" WIDTH="182" HEIGHT="58" CONTENT="public," WC="0.99" CC="3706000"/>
						<SP ID="P93_SP00167" HPOS="393" VPOS="2219" WIDTH="30"/>
						<String ID="P93_ST00190" HPOS="423" VPOS="2161" WIDTH="147" HEIGHT="60" CONTENT="guidé" WC="0.98" CC="83100"/>
						<SP ID="P93_SP00168" HPOS="570" VPOS="2221" WIDTH="28"/>
						<String ID="P93_ST00191" HPOS="598" VPOS="2161" WIDTH="190" HEIGHT="60" CONTENT="malgré" WC="0.98" CC="035046"/>
						<SP ID="P93_SP00169" HPOS="788" VPOS="2221" WIDTH="23"/>
						<String ID="P93_ST00192" HPOS="811" VPOS="2161" WIDTH="90" HEIGHT="56" CONTENT="lui," WC="0.97" CC="0830"/>
						<SP ID="P93_SP00170" HPOS="901" VPOS="2221" WIDTH="33"/>
						<String ID="P93_ST00193" HPOS="934" VPOS="2161" WIDTH="261" HEIGHT="60" CONTENT="applaudit" WC="1.00" CC="000001000"/>
						<SP ID="P93_SP00171" HPOS="1195" VPOS="2221" WIDTH="26"/>
						<String ID="P93_ST00194" HPOS="1221" VPOS="2175" WIDTH="116" HEIGHT="31" CONTENT="avec" WC="0.99" CC="3000"/>
						<SP ID="P93_SP00172" HPOS="1337" VPOS="2221" WIDTH="25"/>
						<String ID="P93_ST00195" HPOS="1362" VPOS="2161" WIDTH="141" HEIGHT="46" CONTENT="excès" WC="0.99" CC="04050"/>
						<SP ID="P93_SP00173" HPOS="1503" VPOS="2221" WIDTH="26"/>
						<String ID="P93_ST00196" HPOS="1529" VPOS="2177" WIDTH="96" HEIGHT="30" CONTENT="une" WC="0.97" CC="160"/>
						<SP ID="P93_SP00174" HPOS="1625" VPOS="2221" WIDTH="26"/>
						<String ID="P93_ST00197" HPOS="1651" VPOS="2177" WIDTH="169" HEIGHT="33" CONTENT="œuvre" WC="0.99" CC="40050"/>
						<SP ID="P93_SP00175" HPOS="1820" VPOS="2221" WIDTH="26"/>
						<String ID="P93_ST00198" HPOS="1846" VPOS="2163" WIDTH="103" HEIGHT="59" CONTENT="qui," WC="0.99" CC="4020"/>
						<SP ID="P93_SP00176" HPOS="1949" VPOS="2222" WIDTH="27"/>
						<String ID="P93_ST00199" HPOS="1976" VPOS="2178" WIDTH="114" HEIGHT="29" CONTENT="sans" WC="0.99" CC="0600"/>
						<SP ID="P93_SP00177" HPOS="2090" VPOS="2222" WIDTH="24"/>
						<String ID="P93_ST00200" HPOS="2114" VPOS="2173" WIDTH="109" HEIGHT="34" CONTENT="tout" WC="1.00" CC="0002"/>
					</TextLine>
					<TextLine ID="P93_TL00022" HPOS="209" VPOS="2234" WIDTH="2013" HEIGHT="62">
						<String ID="P93_ST00201" HPOS="209" VPOS="2250" WIDTH="52" HEIGHT="29" CONTENT="ce" WC="0.84" CC="20"/>
						<SP ID="P93_SP00178" HPOS="261" VPOS="2279" WIDTH="33"/>
						<String ID="P93_ST00202" HPOS="294" VPOS="2235" WIDTH="221" HEIGHT="61" CONTENT="lançage," WC="0.77" CC="03005701"/>
						<SP ID="P93_SP00179" HPOS="515" VPOS="2296" WIDTH="30"/>
						<String ID="P93_ST00203" HPOS="545" VPOS="2235" WIDTH="194" HEIGHT="46" CONTENT="l'aurait" WC="0.99" CC="30235040"/>
						<SP ID="P93_SP00180" HPOS="739" VPOS="2296" WIDTH="25"/>
						<String ID="P93_ST00204" HPOS="764" VPOS="2250" WIDTH="115" HEIGHT="31" CONTENT="sans" WC="1.00" CC="0020"/>
						<SP ID="P93_SP00181" HPOS="879" VPOS="2296" WIDTH="31"/>
						<String ID="P93_ST00205" HPOS="910" VPOS="2235" WIDTH="151" HEIGHT="46" CONTENT="doute" WC="1.00" CC="03000"/>
						<SP ID="P93_SP00182" HPOS="1061" VPOS="2296" WIDTH="30"/>
						<String ID="P93_ST00206" HPOS="1091" VPOS="2235" WIDTH="146" HEIGHT="44" CONTENT="laissé" WC="0.99" CC="511000"/>
						<SP ID="P93_SP00183" HPOS="1237" VPOS="2296" WIDTH="26"/>
						<String ID="P93_ST00207" HPOS="1263" VPOS="2235" WIDTH="97" HEIGHT="46" CONTENT="fort" WC="0.99" CC="2001"/>
						<SP ID="P93_SP00184" HPOS="1360" VPOS="2296" WIDTH="30"/>
						<String ID="P93_ST00208" HPOS="1390" VPOS="2234" WIDTH="303" HEIGHT="47" CONTENT="indifférent." WC="0.99" CC="540188000400"/>
						<SP ID="P93_SP00185" HPOS="1693" VPOS="2296" WIDTH="31"/>
						<String ID="P93_ST00209" HPOS="1724" VPOS="2236" WIDTH="127" HEIGHT="46" CONTENT="Mais" WC="0.96" CC="4850"/>
						<SP ID="P93_SP00186" HPOS="1851" VPOS="2296" WIDTH="24"/>
						<String ID="P93_ST00210" HPOS="1875" VPOS="2252" WIDTH="98" HEIGHT="29" CONTENT="une" WC="0.96" CC="900"/>
						<SP ID="P93_SP00187" HPOS="1973" VPOS="2296" WIDTH="27"/>
						<String ID="P93_ST00211" HPOS="2000" VPOS="2235" WIDTH="222" HEIGHT="46" CONTENT="émotion" WC="0.99" CC="0020615"/>
					</TextLine>
					<TextLine ID="P93_TL00023" HPOS="205" VPOS="2310" WIDTH="2017" HEIGHT="61">
						<String ID="P93_ST00212" HPOS="205" VPOS="2310" WIDTH="303" HEIGHT="60" CONTENT="patriotique" WC="0.99" CC="04356200862"/>
						<SP ID="P93_SP00188" HPOS="508" VPOS="2370" WIDTH="29"/>
						<String ID="P93_ST00213" HPOS="537" VPOS="2325" WIDTH="133" HEIGHT="31" CONTENT="serra" WC="0.99" CC="00500"/>
						<SP ID="P93_SP00189" HPOS="670" VPOS="2370" WIDTH="33"/>
						<String ID="P93_ST00214" HPOS="703" VPOS="2311" WIDTH="69" HEIGHT="43" CONTENT="les" WC="0.98" CC="600"/>
						<SP ID="P93_SP00190" HPOS="772" VPOS="2370" WIDTH="27"/>
						<String ID="P93_ST00215" HPOS="799" VPOS="2324" WIDTH="195" HEIGHT="46" CONTENT="gorges," WC="0.99" CC="0110163"/>
						<SP ID="P93_SP00191" HPOS="994" VPOS="2370" WIDTH="24"/>
						<String ID="P93_ST00216" HPOS="1018" VPOS="2321" WIDTH="46" HEIGHT="33" CONTENT="et" WC="1.00" CC="00"/>
						<SP ID="P93_SP00192" HPOS="1064" VPOS="2370" WIDTH="29"/>
						<String ID="P93_ST00217" HPOS="1093" VPOS="2310" WIDTH="71" HEIGHT="46" CONTENT="les" WC="0.98" CC="400"/>
						<SP ID="P93_SP00193" HPOS="1164" VPOS="2370" WIDTH="26"/>
						<String ID="P93_ST00218" HPOS="1190" VPOS="2310" WIDTH="257" HEIGHT="60" CONTENT="critiques," WC="0.99" CC="0930422000"/>
						<SP ID="P93_SP00194" HPOS="1447" VPOS="2370" WIDTH="28"/>
						<String ID="P93_ST00219" HPOS="1475" VPOS="2310" WIDTH="101" HEIGHT="60" CONTENT="pris" WC="1.00" CC="0000"/>
						<SP ID="P93_SP00195" HPOS="1576" VPOS="2370" WIDTH="40"/>
						<String ID="P93_ST00220" HPOS="1616" VPOS="2311" WIDTH="120" HEIGHT="45" CONTENT="d'un" WC="0.97" CC="0447"/>
						<SP ID="P93_SP00196" HPOS="1736" VPOS="2370" WIDTH="26"/>
						<String ID="P93_ST00221" HPOS="1762" VPOS="2312" WIDTH="126" HEIGHT="44" CONTENT="beau" WC="0.98" CC="4031"/>
						<SP ID="P93_SP00197" HPOS="1888" VPOS="2370" WIDTH="27"/>
						<String ID="P93_ST00222" HPOS="1915" VPOS="2310" WIDTH="119" HEIGHT="58" CONTENT="zèle," WC="0.98" CC="06004"/>
						<SP ID="P93_SP00198" HPOS="2034" VPOS="2370" WIDTH="27"/>
						<String ID="P93_ST00223" HPOS="2061" VPOS="2325" WIDTH="129" HEIGHT="46" CONTENT="oppo" SUBS_TYPE="HypPart1" SUBS_CONTENT="opposèrent" WC="1.00" CC="0000"/>
						<HYP HPOS="2190" VPOS="2325" WIDTH="32" CONTENT="-"/>
					</TextLine>
					<TextLine ID="P93_TL00024" HPOS="205" VPOS="2382" WIDTH="2016" HEIGHT="64">
						<String ID="P93_ST00224" HPOS="205" VPOS="2385" WIDTH="162" HEIGHT="44" CONTENT="sèrent" SUBS_TYPE="HypPart2" SUBS_CONTENT="opposèrent" WC="0.99" CC="064100"/>
						<SP ID="P93_SP00199" HPOS="367" VPOS="2429" WIDTH="24"/>
						<String ID="P93_ST00225" HPOS="391" VPOS="2396" WIDTH="123" HEIGHT="33" CONTENT="cette" WC="0.98" CC="32550"/>
						<SP ID="P93_SP00200" HPOS="514" VPOS="2429" WIDTH="29"/>
						<String ID="P93_ST00226" HPOS="543" VPOS="2384" WIDTH="305" HEIGHT="62" CONTENT="symphonie" WC="0.99" CC="042003130"/>
						<SP ID="P93_SP00201" HPOS="848" VPOS="2446" WIDTH="20"/>
						<String ID="P93_ST00227" HPOS="868" VPOS="2384" WIDTH="221" HEIGHT="61" CONTENT="anglaise" WC="1.00" CC="00010100"/>
						<SP ID="P93_SP00202" HPOS="1089" VPOS="2446" WIDTH="22"/>
						<String ID="P93_ST00228" HPOS="1111" VPOS="2384" WIDTH="136" HEIGHT="45" CONTENT="enfin" WC="0.99" CC="03005"/>
						<SP ID="P93_SP00203" HPOS="1247" VPOS="2446" WIDTH="25"/>
						<String ID="P93_ST00229" HPOS="1272" VPOS="2382" WIDTH="117" HEIGHT="46" CONTENT="finie" WC="1.00" CC="00040"/>
						<SP ID="P93_SP00204" HPOS="1389" VPOS="2446" WIDTH="42"/>
						<String ID="P93_ST00230" HPOS="1431" VPOS="2396" WIDTH="47" HEIGHT="33" CONTENT="et" WC="1.00" CC="00"/>
						<SP ID="P93_SP00205" HPOS="1478" VPOS="2446" WIDTH="27"/>
						<String ID="P93_ST00231" HPOS="1505" VPOS="2385" WIDTH="189" HEIGHT="44" CONTENT="révélée" WC="0.98" CC="0080490"/>
						<SP ID="P93_SP00206" HPOS="1694" VPOS="2446" WIDTH="27"/>
						<String ID="P93_ST00232" HPOS="1721" VPOS="2385" WIDTH="24" HEIGHT="44" CONTENT="à" WC="1.00" CC="0"/>
						<SP ID="P93_SP00207" HPOS="1745" VPOS="2446" WIDTH="25"/>
						<String ID="P93_ST00233" HPOS="1770" VPOS="2396" WIDTH="164" HEIGHT="35" CONTENT="toutes" WC="0.99" CC="003120"/>
						<SP ID="P93_SP00208" HPOS="1934" VPOS="2446" WIDTH="27"/>
						<String ID="P93_ST00234" HPOS="1961" VPOS="2385" WIDTH="68" HEIGHT="44" CONTENT="les" WC="0.99" CC="200"/>
						<SP ID="P93_SP00209" HPOS="2029" VPOS="2446" WIDTH="29"/>
						<String ID="P93_ST00235" HPOS="2058" VPOS="2398" WIDTH="163" HEIGHT="31" CONTENT="autres" WC="0.99" CC="347000"/>
					</TextLine>
					<TextLine ID="P93_TL00025" HPOS="204" VPOS="2456" WIDTH="2014" HEIGHT="62">
						<String ID="P93_ST00236" HPOS="204" VPOS="2457" WIDTH="328" HEIGHT="61" CONTENT="symphonies" WC="0.99" CC="0090306200"/>
						<SP ID="P93_SP00210" HPOS="532" VPOS="2518" WIDTH="21"/>
						<String ID="P93_ST00237" HPOS="553" VPOS="2457" WIDTH="306" HEIGHT="46" CONTENT="allemandes" WC="0.99" CC="4452405000"/>
						<SP ID="P93_SP00211" HPOS="859" VPOS="2518" WIDTH="26"/>
						<String ID="P93_ST00238" HPOS="885" VPOS="2473" WIDTH="66" HEIGHT="30" CONTENT="ou" WC="1.00" CC="00"/>
						<SP ID="P93_SP00212" HPOS="951" VPOS="2518" WIDTH="22"/>
						<String ID="P93_ST00239" HPOS="973" VPOS="2457" WIDTH="285" HEIGHT="59" CONTENT="françaises," WC="1.00" CC="30053030003"/>
						<SP ID="P93_SP00213" HPOS="1258" VPOS="2518" WIDTH="24"/>
						<String ID="P93_ST00240" HPOS="1282" VPOS="2456" WIDTH="70" HEIGHT="46" CONTENT="lui" WC="0.97" CC="313"/>
						<SP ID="P93_SP00214" HPOS="1352" VPOS="2518" WIDTH="23"/>
						<String ID="P93_ST00241" HPOS="1375" VPOS="2457" WIDTH="306" HEIGHT="47" CONTENT="découvrant" WC="1.00" CC="0020401040"/>
						<SP ID="P93_SP00215" HPOS="1681" VPOS="2518" WIDTH="23"/>
						<String ID="P93_ST00242" HPOS="1704" VPOS="2459" WIDTH="84" HEIGHT="44" CONTENT="des" WC="1.00" CC="000"/>
						<SP ID="P93_SP00216" HPOS="1788" VPOS="2518" WIDTH="21"/>
						<String ID="P93_ST00243" HPOS="1809" VPOS="2473" WIDTH="113" HEIGHT="30" CONTENT="sens" WC="1.00" CC="0000"/>
						<SP ID="P93_SP00217" HPOS="1922" VPOS="2518" WIDTH="27"/>
						<String ID="P93_ST00244" HPOS="1949" VPOS="2457" WIDTH="269" HEIGHT="55" CONTENT="différents," WC="0.99" CC="03770304304"/>
					</TextLine>
					<TextLine ID="P93_TL00026" HPOS="208" VPOS="2531" WIDTH="2014" HEIGHT="62">
						<String ID="P93_ST00245" HPOS="208" VPOS="2547" WIDTH="66" HEIGHT="30" CONTENT="un" WC="0.34" CC="57"/>
						<SP ID="P93_SP00218" HPOS="274" VPOS="2577" WIDTH="25"/>
						<String ID="P93_ST00246" HPOS="299" VPOS="2547" WIDTH="223" HEIGHT="46" CONTENT="message" WC="0.98" CC="8304600"/>
						<SP ID="P93_SP00219" HPOS="522" VPOS="2593" WIDTH="36"/>
						<String ID="P93_ST00247" HPOS="558" VPOS="2547" WIDTH="129" HEIGHT="45" CONTENT="pour" WC="0.97" CC="0049"/>
						<SP ID="P93_SP00220" HPOS="687" VPOS="2593" WIDTH="32"/>
						<String ID="P93_ST00248" HPOS="719" VPOS="2533" WIDTH="69" HEIGHT="44" CONTENT="les" WC="1.00" CC="000"/>
						<SP ID="P93_SP00221" HPOS="788" VPOS="2593" WIDTH="36"/>
						<String ID="P93_ST00249" HPOS="824" VPOS="2533" WIDTH="230" HEIGHT="45" CONTENT="hommes" WC="0.99" CC="307000"/>
						<SP ID="P93_SP00222" HPOS="1054" VPOS="2593" WIDTH="24"/>
						<String ID="P93_ST00250" HPOS="1078" VPOS="2533" WIDTH="58" HEIGHT="45" CONTENT="de" WC="1.00" CC="00"/>
						<SP ID="P93_SP00223" HPOS="1136" VPOS="2593" WIDTH="23"/>
						<String ID="P93_ST00251" HPOS="1159" VPOS="2532" WIDTH="167" HEIGHT="45" CONTENT="bonne" WC="0.98" CC="63030"/>
						<SP ID="P93_SP00224" HPOS="1326" VPOS="2593" WIDTH="20"/>
						<String ID="P93_ST00252" HPOS="1346" VPOS="2532" WIDTH="206" HEIGHT="45" CONTENT="volonté" WC="0.99" CC="0060160"/>
						<SP ID="P93_SP00225" HPOS="1552" VPOS="2593" WIDTH="25"/>
						<String ID="P93_ST00253" HPOS="1577" VPOS="2545" WIDTH="46" HEIGHT="33" CONTENT="et" WC="1.00" CC="00"/>
						<SP ID="P93_SP00226" HPOS="1623" VPOS="2593" WIDTH="30"/>
						<String ID="P93_ST00254" HPOS="1653" VPOS="2532" WIDTH="117" HEIGHT="46" CONTENT="bien" WC="0.98" CC="0107"/>
						<SP ID="P93_SP00227" HPOS="1770" VPOS="2593" WIDTH="36"/>
						<String ID="P93_ST00255" HPOS="1806" VPOS="2533" WIDTH="212" HEIGHT="45" CONTENT="d'autres" WC="0.99" CC="00544000"/>
						<SP ID="P93_SP00228" HPOS="2018" VPOS="2593" WIDTH="28"/>
						<String ID="P93_ST00256" HPOS="2046" VPOS="2531" WIDTH="176" HEIGHT="47" CONTENT="choses" WC="0.99" CC="003030"/>
					</TextLine>
					<TextLine ID="P93_TL00027" HPOS="208" VPOS="2603" WIDTH="2014" HEIGHT="63">
						<String ID="P93_ST00257" HPOS="208" VPOS="2620" WIDTH="194" HEIGHT="32" CONTENT="encore." WC="0.99" CC="0400903"/>
						<SP ID="P93_SP00229" HPOS="402" VPOS="2652" WIDTH="22"/>
						<String ID="P93_ST00258" HPOS="424" VPOS="2607" WIDTH="82" HEIGHT="46" CONTENT="Un" WC="0.82" CC="03"/>
						<SP ID="P93_SP00230" HPOS="506" VPOS="2653" WIDTH="22"/>
						<String ID="P93_ST00259" HPOS="528" VPOS="2606" WIDTH="98" HEIGHT="44" CONTENT="très" WC="0.99" CC="0030"/>
						<SP ID="P93_SP00231" HPOS="626" VPOS="2653" WIDTH="21"/>
						<String ID="P93_ST00260" HPOS="647" VPOS="2605" WIDTH="299" HEIGHT="45" CONTENT="intéressant" WC="0.99" CC="20525000504"/>
						<SP ID="P93_SP00232" HPOS="946" VPOS="2653" WIDTH="25"/>
						<String ID="P93_ST00261" HPOS="971" VPOS="2605" WIDTH="169" HEIGHT="45" CONTENT="article" WC="0.99" CC="5060040"/>
						<SP ID="P93_SP00233" HPOS="1140" VPOS="2653" WIDTH="22"/>
						<String ID="P93_ST00262" HPOS="1162" VPOS="2620" WIDTH="122" HEIGHT="44" CONTENT="paru" WC="0.98" CC="0008"/>
						<SP ID="P93_SP00234" HPOS="1284" VPOS="2664" WIDTH="21"/>
						<String ID="P93_ST00263" HPOS="1305" VPOS="2606" WIDTH="123" HEIGHT="44" CONTENT="dans" WC="0.99" CC="0040"/>
						<SP ID="P93_SP00235" HPOS="1428" VPOS="2664" WIDTH="425"/>
						<String ID="P93_ST00264" HPOS="1853" VPOS="2607" WIDTH="113" HEIGHT="59" CONTENT="(que" WC="0.98" CC="6000"/>
						<SP ID="P93_SP00236" HPOS="1966" VPOS="2666" WIDTH="19"/>
						<String ID="P93_ST00265" HPOS="1985" VPOS="2605" WIDTH="43" HEIGHT="61" CONTENT="je" WC="0.65" CC="60"/>
						<SP ID="P93_SP00237" HPOS="2028" VPOS="2666" WIDTH="24"/>
						<String ID="P93_ST00266" HPOS="2052" VPOS="2603" WIDTH="170" HEIGHT="49" CONTENT="citerai" WC="0.99" CC="0500042"/>
					</TextLine>
					<TextLine ID="P93_TL00028" HPOS="211" VPOS="2680" WIDTH="2010" HEIGHT="60">
						<String ID="P93_ST00267" HPOS="211" VPOS="2681" WIDTH="109" HEIGHT="58" CONTENT="plus" WC="0.97" CC="6500"/>
						<SP ID="P93_SP00238" HPOS="320" VPOS="2739" WIDTH="24"/>
						<String ID="P93_ST00268" HPOS="344" VPOS="2681" WIDTH="126" HEIGHT="59" CONTENT="loin)" WC="0.97" CC="51085"/>
						<SP ID="P93_SP00239" HPOS="470" VPOS="2740" WIDTH="43"/>
						<String ID="P93_ST00269" HPOS="513" VPOS="2681" WIDTH="54" HEIGHT="44" CONTENT="fit" WC="0.97" CC="440"/>
						<SP ID="P93_SP00240" HPOS="567" VPOS="2740" WIDTH="36"/>
						<String ID="P93_ST00270" HPOS="603" VPOS="2681" WIDTH="232" HEIGHT="46" CONTENT="scandale" WC="0.98" CC="02960952"/>
						<SP ID="P93_SP00241" HPOS="835" VPOS="2740" WIDTH="36"/>
						<String ID="P93_ST00271" HPOS="871" VPOS="2695" WIDTH="128" HEIGHT="44" CONTENT="pour" WC="1.00" CC="0000"/>
						<SP ID="P93_SP00242" HPOS="999" VPOS="2740" WIDTH="34"/>
						<String ID="P93_ST00272" HPOS="1033" VPOS="2695" WIDTH="53" HEIGHT="30" CONTENT="ce" WC="0.96" CC="00"/>
						<SP ID="P93_SP00243" HPOS="1086" VPOS="2740" WIDTH="47"/>
						<String ID="P93_ST00273" HPOS="1133" VPOS="2680" WIDTH="120" HEIGHT="59" CONTENT="qu'il" WC="0.98" CC="03316"/>
						<SP ID="P93_SP00244" HPOS="1253" VPOS="2740" WIDTH="37"/>
						<String ID="P93_ST00274" HPOS="1290" VPOS="2693" WIDTH="58" HEIGHT="31" CONTENT="ne" WC="0.91" CC="10"/>
						<SP ID="P93_SP00245" HPOS="1348" VPOS="2740" WIDTH="26"/>
						<String ID="P93_ST00275" HPOS="1374" VPOS="2680" WIDTH="185" HEIGHT="58" CONTENT="portait" WC="0.99" CC="0302003"/>
						<SP ID="P93_SP00246" HPOS="1559" VPOS="2740" WIDTH="41"/>
						<String ID="P93_ST00276" HPOS="1600" VPOS="2695" WIDTH="86" HEIGHT="45" CONTENT="pas" WC="0.99" CC="010"/>
						<SP ID="P93_SP00247" HPOS="1686" VPOS="2740" WIDTH="46"/>
						<String ID="P93_ST00277" HPOS="1732" VPOS="2696" WIDTH="95" HEIGHT="29" CONTENT="aux" WC="0.93" CC="619"/>
						<SP ID="P93_SP00248" HPOS="1827" VPOS="2740" WIDTH="43"/>
						<String ID="P93_ST00278" HPOS="1870" VPOS="2695" WIDTH="122" HEIGHT="30" CONTENT="nues" WC="1.00" CC="0000"/>
						<SP ID="P93_SP00249" HPOS="1992" VPOS="2740" WIDTH="21"/>
						<String ID="P93_ST00279" HPOS="2013" VPOS="2680" WIDTH="45" HEIGHT="44" CONTENT="la" WC="0.52" CC="44"/>
						<SP ID="P93_SP00250" HPOS="2058" VPOS="2740" WIDTH="38"/>
						<String ID="P93_ST00280" HPOS="2096" VPOS="2693" WIDTH="94" HEIGHT="31" CONTENT="nou" SUBS_TYPE="HypPart1" SUBS_CONTENT="nouvelle" WC="0.98" CC="504"/>
						<HYP HPOS="2190" VPOS="2693" WIDTH="31" CONTENT="-"/>
					</TextLine>
					<TextLine ID="P93_TL00029" HPOS="208" VPOS="2753" WIDTH="2013" HEIGHT="61">
						<String ID="P93_ST00281" HPOS="208" VPOS="2754" WIDTH="122" HEIGHT="45" CONTENT="velle" SUBS_TYPE="HypPart2" SUBS_CONTENT="nouvelle" WC="0.99" CC="00500"/>
						<SP ID="P93_SP00251" HPOS="330" VPOS="2799" WIDTH="39"/>
						<String ID="P93_ST00282" HPOS="369" VPOS="2768" WIDTH="170" HEIGHT="32" CONTENT="œuvre" WC="0.98" CC="55800"/>
						<SP ID="P93_SP00252" HPOS="539" VPOS="2800" WIDTH="25"/>
						<String ID="P93_ST00283" HPOS="564" VPOS="2756" WIDTH="59" HEIGHT="44" CONTENT="de" WC="1.00" CC="00"/>
						<SP ID="P93_SP00253" HPOS="623" VPOS="2800" WIDTH="41"/>
						<String ID="P93_ST00284" HPOS="664" VPOS="2753" WIDTH="213" HEIGHT="46" CONTENT="l'auteur" WC="0.99" CC="24300004"/>
						<SP ID="P93_SP00254" HPOS="877" VPOS="2800" WIDTH="24"/>
						<String ID="P93_ST00285" HPOS="901" VPOS="2756" WIDTH="66" HEIGHT="43" CONTENT="du" WC="0.69" CC="06"/>
						<SP ID="P93_SP00255" HPOS="967" VPOS="2800" WIDTH="657"/>
						<String ID="P93_ST00286" HPOS="1624" VPOS="2756" WIDTH="201" HEIGHT="43" CONTENT="Dream" WC="0.58" CC="46063" STYLEREFS="TXT_3"/>
						<SP ID="P93_SP00256" HPOS="1825" VPOS="2800" WIDTH="1"/>
						<String ID="P93_ST00287" HPOS="1826" VPOS="2753" WIDTH="120" HEIGHT="46" CONTENT="d'ailleurs" WC="0.99" CC="0444200340"/>
						<SP ID="P93_SP00257" HPOS="1946" VPOS="2800" WIDTH="1"/>
						<String ID="P93_ST00288" HPOS="1947" VPOS="2753" WIDTH="216" HEIGHT="61" CONTENT="supérieur" WC="1.00" CC="004000000"/>
						<SP ID="P93_SP00258" HPOS="2163" VPOS="2814" WIDTH="34"/>
						<String ID="P93_ST00289" HPOS="2197" VPOS="2754" WIDTH="24" HEIGHT="42" CONTENT="à" WC="1.00" CC="0"/>
					</TextLine>
					<TextLine ID="P93_TL00030" HPOS="208" VPOS="2827" WIDTH="500" HEIGHT="62">
						<String ID="P93_ST00290" HPOS="208" VPOS="2827" WIDTH="150" HEIGHT="47" CONTENT="ladite" WC="0.98" CC="460410"/>
						<SP ID="P93_SP00259" HPOS="358" VPOS="2874" WIDTH="28"/>
						<String ID="P93_ST00291" HPOS="386" VPOS="2827" WIDTH="322" HEIGHT="62" CONTENT="symphonie." WC="1.00" CC="0000000304"/>
					</TextLine>
					<TextLine ID="P93_TL00031" HPOS="269" VPOS="2899" WIDTH="1951" HEIGHT="62">
						<String ID="P93_ST00292" HPOS="269" VPOS="2901" WIDTH="314" HEIGHT="60" CONTENT="Symphonie" WC="1.00" CC="000000630"/>
						<SP ID="P93_SP00260" HPOS="583" VPOS="2961" WIDTH="34"/>
						<String ID="P93_ST00293" HPOS="617" VPOS="2916" WIDTH="114" HEIGHT="31" CONTENT="sans" WC="0.99" CC="0030"/>
						<SP ID="P93_SP00261" HPOS="731" VPOS="2961" WIDTH="45"/>
						<String ID="P93_ST00294" HPOS="776" VPOS="2901" WIDTH="113" HEIGHT="45" CONTENT="titre" WC="0.99" CC="06000"/>
						<SP ID="P93_SP00262" HPOS="889" VPOS="2961" WIDTH="28"/>
						<String ID="P93_ST00295" HPOS="917" VPOS="2901" WIDTH="125" HEIGHT="45" CONTENT="mais" WC="0.99" CC="0050"/>
						<SP ID="P93_SP00263" HPOS="1042" VPOS="2961" WIDTH="47"/>
						<String ID="P93_ST00296" HPOS="1089" VPOS="2903" WIDTH="24" HEIGHT="43" CONTENT="à" WC="1.00" CC="0"/>
						<SP ID="P93_SP00264" HPOS="1113" VPOS="2961" WIDTH="42"/>
						<String ID="P93_ST00297" HPOS="1155" VPOS="2916" WIDTH="336" HEIGHT="44" CONTENT="programme," WC="1.00" CC="0006020200"/>
						<SP ID="P93_SP00265" HPOS="1491" VPOS="2961" WIDTH="40"/>
						<String ID="P93_ST00298" HPOS="1531" VPOS="2914" WIDTH="198" HEIGHT="32" CONTENT="comme" WC="1.00" CC="00030"/>
						<SP ID="P93_SP00266" HPOS="1729" VPOS="2961" WIDTH="44"/>
						<String ID="P93_ST00299" HPOS="1773" VPOS="2899" WIDTH="45" HEIGHT="46" CONTENT="le" WC="0.73" CC="50"/>
						<SP ID="P93_SP00267" HPOS="1818" VPOS="2961" WIDTH="26"/>
						<String ID="P93_ST00300" HPOS="1844" VPOS="2911" WIDTH="221" HEIGHT="34" CONTENT="constate" WC="1.00" CC="30500200"/>
						<SP ID="P93_SP00268" HPOS="2065" VPOS="2961" WIDTH="40"/>
						<String ID="P93_ST00301" HPOS="2105" VPOS="2913" WIDTH="115" HEIGHT="31" CONTENT="avec" WC="0.95" CC="6953"/>
					</TextLine>
					<TextLine ID="P93_TL00032" HPOS="211" VPOS="2972" WIDTH="2006" HEIGHT="62">
						<String ID="P93_ST00302" HPOS="211" VPOS="2975" WIDTH="298" HEIGHT="46" CONTENT="admiration" WC="0.98" CC="7763090651"/>
						<SP ID="P93_SP00269" HPOS="509" VPOS="3021" WIDTH="48"/>
						<String ID="P93_ST00303" HPOS="557" VPOS="2974" WIDTH="188" HEIGHT="47" CONTENT="certain" WC="0.99" CC="0252036"/>
						<SP ID="P93_SP00270" HPOS="745" VPOS="3021" WIDTH="42"/>
						<String ID="P93_ST00304" HPOS="787" VPOS="2974" WIDTH="213" HEIGHT="60" CONTENT="critique" WC="0.99" CC="00207060"/>
						<SP ID="P93_SP00271" HPOS="1000" VPOS="3034" WIDTH="42"/>
						<String ID="P93_ST00305" HPOS="1042" VPOS="2974" WIDTH="411" HEIGHT="56" CONTENT="hebdomadaire," WC="1.00" CC="2059000004002"/>
						<SP ID="P93_SP00272" HPOS="1453" VPOS="3034" WIDTH="39"/>
						<String ID="P93_ST00306" HPOS="1492" VPOS="2991" WIDTH="22" HEIGHT="28" CONTENT="«" WC="1.00" CC="0"/>
						<SP ID="P93_SP00273" HPOS="1514" VPOS="3034" WIDTH="39"/>
						<String ID="P93_ST00307" HPOS="1553" VPOS="2975" WIDTH="117" HEIGHT="44" CONTENT="c'est" WC="1.00" CC="03000"/>
						<SP ID="P93_SP00274" HPOS="1670" VPOS="3034" WIDTH="42"/>
						<String ID="P93_ST00308" HPOS="1712" VPOS="2974" WIDTH="143" HEIGHT="60" CONTENT="Opus" WC="0.86" CC="0050"/>
						<SP ID="P93_SP00275" HPOS="1855" VPOS="3034" WIDTH="51"/>
						<String ID="P93_ST00309" HPOS="1906" VPOS="2975" WIDTH="76" HEIGHT="53" CONTENT="55," WC="0.79" CC="320"/>
						<SP ID="P93_SP00276" HPOS="1982" VPOS="3034" WIDTH="36"/>
						<String ID="P93_ST00310" HPOS="2018" VPOS="2972" WIDTH="171" HEIGHT="59" CONTENT="simple" SUBS_TYPE="HypPart1" SUBS_CONTENT="simplement" WC="0.99" CC="058000"/>
						<HYP HPOS="2189" VPOS="2972" WIDTH="28" CONTENT="-"/>
					</TextLine>
					<TextLine ID="P93_TL00033" HPOS="209" VPOS="3045" WIDTH="2008" HEIGHT="65">
						<String ID="P93_ST00311" HPOS="209" VPOS="3062" WIDTH="134" HEIGHT="33" CONTENT="ment" SUBS_TYPE="HypPart2" SUBS_CONTENT="simplement" WC="0.98" CC="6010"/>
						<SP ID="P93_SP00277" HPOS="343" VPOS="3095" WIDTH="25"/>
						<String ID="P93_ST00312" HPOS="368" VPOS="3066" WIDTH="22" HEIGHT="26" CONTENT="»" WC="1.00" CC="0"/>
						<SP ID="P93_SP00278" HPOS="390" VPOS="3095" WIDTH="26"/>
						<String ID="P93_ST00313" HPOS="416" VPOS="3053" WIDTH="9" HEIGHT="41" CONTENT="!" WC="1.00" CC="0"/>
						<SP ID="P93_SP00279" HPOS="425" VPOS="3095" WIDTH="33"/>
						<String ID="P93_ST00314" HPOS="458" VPOS="3049" WIDTH="130" HEIGHT="46" CONTENT="Mais" WC="0.98" CC="0450"/>
						<SP ID="P93_SP00280" HPOS="588" VPOS="3095" WIDTH="24"/>
						<String ID="P93_ST00315" HPOS="612" VPOS="3049" WIDTH="101" HEIGHT="46" CONTENT="l'on" WC="0.98" CC="1306"/>
						<SP ID="P93_SP00281" HPOS="713" VPOS="3095" WIDTH="32"/>
						<String ID="P93_ST00316" HPOS="745" VPOS="3066" WIDTH="33" HEIGHT="44" CONTENT="y" WC="1.00" CC="0"/>
						<SP ID="P93_SP00282" HPOS="778" VPOS="3110" WIDTH="34"/>
						<String ID="P93_ST00317" HPOS="812" VPOS="3064" WIDTH="27" HEIGHT="31" CONTENT="a" WC="1.00" CC="0"/>
						<SP ID="P93_SP00283" HPOS="839" VPOS="3110" WIDTH="41"/>
						<String ID="P93_ST00318" HPOS="880" VPOS="3064" WIDTH="67" HEIGHT="46" CONTENT="pu" WC="0.83" CC="03"/>
						<SP ID="P93_SP00284" HPOS="947" VPOS="3110" WIDTH="43"/>
						<String ID="P93_ST00319" HPOS="990" VPOS="3048" WIDTH="111" HEIGHT="46" CONTENT="voir" WC="0.98" CC="5040"/>
						<SP ID="P93_SP00285" HPOS="1101" VPOS="3110" WIDTH="40"/>
						<String ID="P93_ST00320" HPOS="1141" VPOS="3064" WIDTH="22" HEIGHT="28" CONTENT="«" WC="1.00" CC="0"/>
						<SP ID="P93_SP00286" HPOS="1163" VPOS="3110" WIDTH="24"/>
						<String ID="P93_ST00321" HPOS="1187" VPOS="3048" WIDTH="343" HEIGHT="46" CONTENT="l'illustration" WC="1.00" CC="00402403000033"/>
						<SP ID="P93_SP00287" HPOS="1530" VPOS="3110" WIDTH="39"/>
						<String ID="P93_ST00322" HPOS="1569" VPOS="3048" WIDTH="59" HEIGHT="43" CONTENT="de" WC="1.00" CC="00"/>
						<SP ID="P93_SP00288" HPOS="1628" VPOS="3110" WIDTH="27"/>
						<String ID="P93_ST00323" HPOS="1655" VPOS="3047" WIDTH="46" HEIGHT="45" CONTENT="la" WC="0.92" CC="10"/>
						<SP ID="P93_SP00289" HPOS="1701" VPOS="3110" WIDTH="34"/>
						<String ID="P93_ST00324" HPOS="1735" VPOS="3048" WIDTH="77" HEIGHT="43" CONTENT="vie" WC="0.97" CC="520"/>
						<SP ID="P93_SP00290" HPOS="1812" VPOS="3110" WIDTH="43"/>
						<String ID="P93_ST00325" HPOS="1855" VPOS="3058" WIDTH="45" HEIGHT="33" CONTENT="et" WC="0.79" CC="04"/>
						<SP ID="P93_SP00291" HPOS="1900" VPOS="3110" WIDTH="35"/>
						<String ID="P93_ST00326" HPOS="1935" VPOS="3048" WIDTH="59" HEIGHT="42" CONTENT="de" WC="1.00" CC="00"/>
						<SP ID="P93_SP00292" HPOS="1994" VPOS="3110" WIDTH="20"/>
						<String ID="P93_ST00327" HPOS="2014" VPOS="3045" WIDTH="203" HEIGHT="45" CONTENT="l'œuvre" WC="1.00" CC="3200000"/>
					</TextLine>
					<TextLine ID="P93_TL00034" HPOS="211" VPOS="3115" WIDTH="2005" HEIGHT="66">
						<String ID="P93_ST00328" HPOS="211" VPOS="3121" WIDTH="62" HEIGHT="45" CONTENT="du" WC="0.62" CC="07"/>
						<SP ID="P93_SP00293" HPOS="273" VPOS="3166" WIDTH="26"/>
						<String ID="P93_ST00329" HPOS="299" VPOS="3121" WIDTH="199" HEIGHT="60" CONTENT="général" WC="0.99" CC="0065004"/>
						<SP ID="P93_SP00294" HPOS="498" VPOS="3181" WIDTH="39"/>
						<String ID="P93_ST00330" HPOS="537" VPOS="3121" WIDTH="209" HEIGHT="46" CONTENT="Gordon" WC="0.99" CC="000006"/>
						<SP ID="P93_SP00295" HPOS="746" VPOS="3181" WIDTH="25"/>
						<String ID="P93_ST00331" HPOS="771" VPOS="3115" WIDTH="55" HEIGHT="66" CONTENT="»," WC="0.80" CC="04"/>
						<SP ID="P93_SP00296" HPOS="826" VPOS="3181" WIDTH="83"/>
						<String ID="P93_ST00332" HPOS="909" VPOS="3115" WIDTH="28" HEIGHT="66" CONTENT="«" WC="1.00" CC="0"/>
						<SP ID="P93_SP00297" HPOS="937" VPOS="3181" WIDTH="28"/>
						<String ID="P93_ST00333" HPOS="965" VPOS="3115" WIDTH="331" HEIGHT="66" CONTENT="l'expression" WC="1.00" CC="121000000300"/>
						<SP ID="P93_SP00298" HPOS="1296" VPOS="3181" WIDTH="27"/>
						<String ID="P93_ST00334" HPOS="1323" VPOS="3120" WIDTH="58" HEIGHT="43" CONTENT="de" WC="1.00" CC="00"/>
						<SP ID="P93_SP00299" HPOS="1381" VPOS="3181" WIDTH="21"/>
						<String ID="P93_ST00335" HPOS="1402" VPOS="3119" WIDTH="232" HEIGHT="44" CONTENT="l'Amour" WC="0.99" CC="3200020"/>
						<SP ID="P93_SP00300" HPOS="1634" VPOS="3181" WIDTH="22"/>
						<String ID="P93_ST00336" HPOS="1656" VPOS="3118" WIDTH="137" HEIGHT="44" CONTENT="divin" WC="0.97" CC="05264"/>
						<SP ID="P93_SP00301" HPOS="1793" VPOS="3181" WIDTH="44"/>
						<String ID="P93_ST00337" HPOS="1837" VPOS="3129" WIDTH="44" HEIGHT="33" CONTENT="et" WC="0.96" CC="00"/>
						<SP ID="P93_SP00302" HPOS="1881" VPOS="3181" WIDTH="25"/>
						<String ID="P93_ST00338" HPOS="1906" VPOS="3118" WIDTH="60" HEIGHT="44" CONTENT="de" WC="1.00" CC="00"/>
						<SP ID="P93_SP00303" HPOS="1966" VPOS="3181" WIDTH="43"/>
						<String ID="P93_ST00339" HPOS="2009" VPOS="3118" WIDTH="44" HEIGHT="43" CONTENT="la" WC="0.26" CC="58"/>
						<SP ID="P93_SP00304" HPOS="2053" VPOS="3181" WIDTH="45"/>
						<String ID="P93_ST00340" HPOS="2098" VPOS="3115" WIDTH="118" HEIGHT="61" CONTENT="pitié" WC="0.99" CC="00060"/>
					</TextLine>
					<TextLine ID="P93_TL00035" HPOS="211" VPOS="3189" WIDTH="2006" HEIGHT="66">
						<String ID="P93_ST00341" HPOS="211" VPOS="3194" WIDTH="167" HEIGHT="47" CONTENT="infinie" WC="0.98" CC="2044640"/>
						<SP ID="P93_SP00305" HPOS="378" VPOS="3241" WIDTH="28"/>
						<String ID="P93_ST00342" HPOS="406" VPOS="3189" WIDTH="54" HEIGHT="66" CONTENT="»," WC="0.62" CC="70"/>
						<SP ID="P93_SP00306" HPOS="460" VPOS="3255" WIDTH="81"/>
						<String ID="P93_ST00343" HPOS="541" VPOS="3189" WIDTH="27" HEIGHT="66" CONTENT="«" WC="1.00" CC="0"/>
						<SP ID="P93_SP00307" HPOS="568" VPOS="3255" WIDTH="27"/>
						<String ID="P93_ST00344" HPOS="595" VPOS="3189" WIDTH="80" HEIGHT="66" CONTENT="les" WC="0.98" CC="600"/>
						<SP ID="P93_SP00308" HPOS="675" VPOS="3255" WIDTH="26"/>
						<String ID="P93_ST00345" HPOS="701" VPOS="3196" WIDTH="207" HEIGHT="59" CONTENT="pensées" WC="1.00" CC="0000100"/>
						<SP ID="P93_SP00309" HPOS="908" VPOS="3255" WIDTH="25"/>
						<String ID="P93_ST00346" HPOS="933" VPOS="3194" WIDTH="117" HEIGHT="44" CONTENT="d'un" WC="0.99" CC="0003"/>
						<SP ID="P93_SP00310" HPOS="1050" VPOS="3255" WIDTH="42"/>
						<String ID="P93_ST00347" HPOS="1092" VPOS="3193" WIDTH="303" HEIGHT="61" CONTENT="philosophe" WC="1.00" CC="0006100040"/>
						<SP ID="P93_SP00311" HPOS="1395" VPOS="3255" WIDTH="28"/>
						<String ID="P93_ST00348" HPOS="1423" VPOS="3191" WIDTH="211" HEIGHT="46" CONTENT="stoïcien" WC="1.00" CC="00301000"/>
						<SP ID="P93_SP00312" HPOS="1634" VPOS="3255" WIDTH="46"/>
						<String ID="P93_ST00349" HPOS="1680" VPOS="3190" WIDTH="164" HEIGHT="61" CONTENT="plutôt" WC="0.99" CC="021044"/>
						<SP ID="P93_SP00313" HPOS="1844" VPOS="3255" WIDTH="24"/>
						<String ID="P93_ST00350" HPOS="1868" VPOS="3205" WIDTH="94" HEIGHT="45" CONTENT="que" WC="0.99" CC="030"/>
						<SP ID="P93_SP00314" HPOS="1962" VPOS="3255" WIDTH="27"/>
						<String ID="P93_ST00351" HPOS="1989" VPOS="3190" WIDTH="113" HEIGHT="45" CONTENT="d'un" WC="0.97" CC="0046"/>
						<SP ID="P93_SP00315" HPOS="2102" VPOS="3255" WIDTH="39"/>
						<String ID="P93_ST00352" HPOS="2141" VPOS="3189" WIDTH="76" HEIGHT="46" CONTENT="fils" WC="0.99" CC="2200"/>
					</TextLine>
					<TextLine ID="P93_TL00036" HPOS="209" VPOS="3254" WIDTH="2009" HEIGHT="73">
						<String ID="P93_ST00353" HPOS="209" VPOS="3268" WIDTH="139" HEIGHT="47" CONTENT="fidèle" WC="1.00" CC="000200"/>
						<SP ID="P93_SP00316" HPOS="348" VPOS="3315" WIDTH="42"/>
						<String ID="P93_ST00354" HPOS="390" VPOS="3270" WIDTH="57" HEIGHT="45" CONTENT="de" WC="0.86" CC="02"/>
						<SP ID="P93_SP00317" HPOS="447" VPOS="3315" WIDTH="26"/>
						<String ID="P93_ST00355" HPOS="473" VPOS="3280" WIDTH="143" HEIGHT="35" CONTENT="notre" WC="0.99" CC="03001"/>
						<SP ID="P93_SP00318" HPOS="616" VPOS="3315" WIDTH="28"/>
						<String ID="P93_ST00356" HPOS="644" VPOS="3269" WIDTH="135" HEIGHT="44" CONTENT="Mère" WC="0.99" CC="0101"/>
						<SP ID="P93_SP00319" HPOS="779" VPOS="3315" WIDTH="26"/>
						<String ID="P93_ST00357" HPOS="805" VPOS="3254" WIDTH="204" HEIGHT="73" CONTENT="l'Église" WC="0.99" CC="41500100"/>
						<SP ID="P93_SP00320" HPOS="1009" VPOS="3327" WIDTH="24"/>
						<String ID="P93_ST00358" HPOS="1033" VPOS="3254" WIDTH="54" HEIGHT="73" CONTENT="»," WC="0.78" CC="04"/>
						<SP ID="P93_SP00321" HPOS="1087" VPOS="3327" WIDTH="81"/>
						<String ID="P93_ST00359" HPOS="1168" VPOS="3254" WIDTH="28" HEIGHT="73" CONTENT="«" WC="1.00" CC="0"/>
						<SP ID="P93_SP00322" HPOS="1196" VPOS="3327" WIDTH="27"/>
						<String ID="P93_ST00360" HPOS="1223" VPOS="3254" WIDTH="81" HEIGHT="73" CONTENT="les" WC="0.99" CC="020"/>
						<SP ID="P93_SP00323" HPOS="1304" VPOS="3327" WIDTH="20"/>
						<String ID="P93_ST00361" HPOS="1324" VPOS="3265" WIDTH="383" HEIGHT="47" CONTENT="innombrables" WC="1.00" CC="341000000000"/>
						<SP ID="P93_SP00324" HPOS="1707" VPOS="3327" WIDTH="34"/>
						<String ID="P93_ST00362" HPOS="1741" VPOS="3264" WIDTH="179" HEIGHT="61" CONTENT="phases" WC="1.00" CC="030010"/>
						<SP ID="P93_SP00325" HPOS="1920" VPOS="3327" WIDTH="22"/>
						<String ID="P93_ST00363" HPOS="1942" VPOS="3264" WIDTH="57" HEIGHT="44" CONTENT="de" WC="1.00" CC="00"/>
						<SP ID="P93_SP00326" HPOS="1999" VPOS="3327" WIDTH="43"/>
						<String ID="P93_ST00364" HPOS="2042" VPOS="3262" WIDTH="96" HEIGHT="60" CONTENT="joie" WC="0.99" CC="5000"/>
						<SP ID="P93_SP00327" HPOS="2138" VPOS="3327" WIDTH="23"/>
						<String ID="P93_ST00365" HPOS="2161" VPOS="3276" WIDTH="57" HEIGHT="39" CONTENT=".et" WC="0.95" CC="245"/>
					</TextLine>
					<TextLine ID="P93_TL00037" HPOS="211" VPOS="3337" WIDTH="2011" HEIGHT="65">
						<String ID="P93_ST00366" HPOS="211" VPOS="3344" WIDTH="57" HEIGHT="43" CONTENT="de" WC="0.62" CC="70"/>
						<SP ID="P93_SP00328" HPOS="268" VPOS="3387" WIDTH="34"/>
						<String ID="P93_ST00367" HPOS="302" VPOS="3344" WIDTH="230" HEIGHT="54" CONTENT="douleur," WC="0.99" CC="01430304"/>
						<SP ID="P93_SP00329" HPOS="532" VPOS="3398" WIDTH="29"/>
						<String ID="P93_ST00368" HPOS="561" VPOS="3342" WIDTH="199" HEIGHT="46" CONTENT="bataille" WC="0.99" CC="47000500"/>
						<SP ID="P93_SP00330" HPOS="760" VPOS="3398" WIDTH="23"/>
						<String ID="P93_ST00369" HPOS="783" VPOS="3354" WIDTH="46" HEIGHT="34" CONTENT="et" WC="1.00" CC="00"/>
						<SP ID="P93_SP00331" HPOS="829" VPOS="3398" WIDTH="23"/>
						<String ID="P93_ST00370" HPOS="852" VPOS="3345" WIDTH="268" HEIGHT="57" CONTENT="conquête," WC="1.00" CC="000040403"/>
						<SP ID="P93_SP00332" HPOS="1120" VPOS="3402" WIDTH="40"/>
						<String ID="P93_ST00371" HPOS="1160" VPOS="3353" WIDTH="46" HEIGHT="34" CONTENT="et" WC="1.00" CC="00"/>
						<SP ID="P93_SP00333" HPOS="1206" VPOS="3402" WIDTH="45"/>
						<String ID="P93_ST00372" HPOS="1251" VPOS="3351" WIDTH="198" HEIGHT="35" CONTENT="surtout" WC="0.99" CC="0150041"/>
						<SP ID="P93_SP00334" HPOS="1449" VPOS="3402" WIDTH="38"/>
						<String ID="P93_ST00373" HPOS="1487" VPOS="3340" WIDTH="43" HEIGHT="44" CONTENT="le" WC="0.76" CC="40"/>
						<SP ID="P93_SP00335" HPOS="1530" VPOS="3402" WIDTH="42"/>
						<String ID="P93_ST00374" HPOS="1572" VPOS="3350" WIDTH="250" HEIGHT="34" CONTENT="contraste" WC="1.00" CC="003040040"/>
						<SP ID="P93_SP00336" HPOS="1822" VPOS="3402" WIDTH="29"/>
						<String ID="P93_ST00375" HPOS="1851" VPOS="3350" WIDTH="138" HEIGHT="33" CONTENT="entre" WC="1.00" CC="00200"/>
						<SP ID="P93_SP00337" HPOS="1989" VPOS="3402" WIDTH="20"/>
						<String ID="P93_ST00376" HPOS="2009" VPOS="3337" WIDTH="141" HEIGHT="45" CONTENT="l'idée" WC="1.00" CC="005000"/>
						<SP ID="P93_SP00338" HPOS="2150" VPOS="3402" WIDTH="25"/>
						<String ID="P93_ST00377" HPOS="2175" VPOS="3349" WIDTH="47" HEIGHT="33" CONTENT="et" WC="0.69" CC="05"/>
					</TextLine>
					<TextLine ID="P93_TL00038" HPOS="211" VPOS="3412" WIDTH="2011" HEIGHT="60">
						<String ID="P93_ST00378" HPOS="211" VPOS="3415" WIDTH="44" HEIGHT="46" CONTENT="la" WC="0.44" CC="19"/>
						<SP ID="P93_SP00339" HPOS="255" VPOS="3461" WIDTH="27"/>
						<String ID="P93_ST00379" HPOS="282" VPOS="3417" WIDTH="219" HEIGHT="55" CONTENT="matière," WC="1.00" CC="00014000"/>
						<SP ID="P93_SP00340" HPOS="501" VPOS="3472" WIDTH="26"/>
						<String ID="P93_ST00380" HPOS="527" VPOS="3416" WIDTH="122" HEIGHT="46" CONTENT="dans" WC="0.99" CC="0040"/>
						<SP ID="P93_SP00341" HPOS="649" VPOS="3472" WIDTH="21"/>
						<String ID="P93_ST00381" HPOS="670" VPOS="3416" WIDTH="47" HEIGHT="45" CONTENT="la" WC="0.74" CC="05"/>
						<SP ID="P93_SP00342" HPOS="717" VPOS="3472" WIDTH="26"/>
						<String ID="P93_ST00382" HPOS="743" VPOS="3415" WIDTH="76" HEIGHT="46" CONTENT="vie" WC="1.00" CC="000"/>
						<SP ID="P93_SP00343" HPOS="819" VPOS="3472" WIDTH="23"/>
						<String ID="P93_ST00383" HPOS="842" VPOS="3415" WIDTH="238" HEIGHT="46" CONTENT="humaine" WC="1.00" CC="5000100"/>
						<SP ID="P93_SP00344" HPOS="1080" VPOS="3472" WIDTH="27"/>
						<String ID="P93_ST00384" HPOS="1107" VPOS="3431" WIDTH="43" HEIGHT="30" CONTENT="»." WC="0.81" CC="03"/>
						<SP ID="P93_SP00345" HPOS="1150" VPOS="3472" WIDTH="35"/>
						<String ID="P93_ST00385" HPOS="1185" VPOS="3415" WIDTH="80" HEIGHT="56" CONTENT="Et," WC="0.99" CC="300"/>
						<SP ID="P93_SP00346" HPOS="1265" VPOS="3472" WIDTH="29"/>
						<String ID="P93_ST00386" HPOS="1294" VPOS="3429" WIDTH="119" HEIGHT="30" CONTENT="mon" WC="0.98" CC="023"/>
						<SP ID="P93_SP00347" HPOS="1413" VPOS="3472" WIDTH="42"/>
						<String ID="P93_ST00387" HPOS="1455" VPOS="3412" WIDTH="128" HEIGHT="46" CONTENT="Dieu" WC="0.98" CC="0604"/>
						<SP ID="P93_SP00348" HPOS="1583" VPOS="3472" WIDTH="28"/>
						<String ID="P93_ST00388" HPOS="1611" VPOS="3419" WIDTH="9" HEIGHT="40" CONTENT="!" WC="1.00" CC="0"/>
						<SP ID="P93_SP00349" HPOS="1620" VPOS="3472" WIDTH="48"/>
						<String ID="P93_ST00389" HPOS="1668" VPOS="3414" WIDTH="249" HEIGHT="58" CONTENT="peut-être" WC="0.99" CC="010024500"/>
						<SP ID="P93_SP00350" HPOS="1917" VPOS="3472" WIDTH="26"/>
						<String ID="P93_ST00390" HPOS="1943" VPOS="3422" WIDTH="148" HEIGHT="32" CONTENT="est-ce" WC="1.00" CC="000110"/>
						<SP ID="P93_SP00351" HPOS="2091" VPOS="3472" WIDTH="25"/>
						<String ID="P93_ST00391" HPOS="2116" VPOS="3421" WIDTH="106" HEIGHT="34" CONTENT="tout" WC="1.00" CC="0000"/>
					</TextLine>
					<TextLine ID="P93_TL00039" HPOS="212" VPOS="3483" WIDTH="2010" HEIGHT="68">
						<String ID="P93_ST00392" HPOS="212" VPOS="3490" WIDTH="321" HEIGHT="61" CONTENT="simplement" WC="1.00" CC="3000000412"/>
						<SP ID="P93_SP00352" HPOS="533" VPOS="3551" WIDTH="38"/>
						<String ID="P93_ST00393" HPOS="571" VPOS="3505" WIDTH="97" HEIGHT="31" CONTENT="une" WC="0.99" CC="030"/>
						<SP ID="P93_SP00353" HPOS="668" VPOS="3551" WIDTH="47"/>
						<String ID="P93_ST00394" HPOS="715" VPOS="3490" WIDTH="303" HEIGHT="61" CONTENT="symphonie" WC="0.99" CC="008060030"/>
						<SP ID="P93_SP00354" HPOS="1018" VPOS="3551" WIDTH="59"/>
						<String ID="P93_ST00395" HPOS="1077" VPOS="3499" WIDTH="365" HEIGHT="35" CONTENT="correctement" WC="1.00" CC="010300000080"/>
						<SP ID="P93_SP00355" HPOS="1442" VPOS="3551" WIDTH="52"/>
						<String ID="P93_ST00396" HPOS="1494" VPOS="3486" WIDTH="147" HEIGHT="55" CONTENT="bâtie," WC="0.99" CC="506300"/>
						<SP ID="P93_SP00356" HPOS="1641" VPOS="3551" WIDTH="62"/>
						<String ID="P93_ST00397" HPOS="1703" VPOS="3496" WIDTH="320" HEIGHT="50" CONTENT="proprement" WC="0.99" CC="0500450022"/>
						<SP ID="P93_SP00357" HPOS="2023" VPOS="3551" WIDTH="66"/>
						<String ID="P93_ST00398" HPOS="2089" VPOS="3483" WIDTH="133" HEIGHT="56" CONTENT="laite," WC="0.99" CC="701600"/>
					</TextLine>
					<TextLine ID="P93_TL00040" HPOS="211" VPOS="3557" WIDTH="2010" HEIGHT="65">
						<String ID="P93_ST00399" HPOS="211" VPOS="3561" WIDTH="293" HEIGHT="60" CONTENT="honorable," WC="0.99" CC="2075045420"/>
						<SP ID="P93_SP00358" HPOS="504" VPOS="3621" WIDTH="25"/>
						<String ID="P93_ST00400" HPOS="529" VPOS="3565" WIDTH="276" HEIGHT="57" CONTENT="studieuse," WC="1.00" CC="0030200004"/>
						<SP ID="P93_SP00359" HPOS="805" VPOS="3622" WIDTH="37"/>
						<String ID="P93_ST00401" HPOS="842" VPOS="3577" WIDTH="114" HEIGHT="32" CONTENT="sans" WC="1.00" CC="0000"/>
						<SP ID="P93_SP00360" HPOS="956" VPOS="3622" WIDTH="27"/>
						<String ID="P93_ST00402" HPOS="983" VPOS="3562" WIDTH="303" HEIGHT="60" CONTENT="originalité," WC="1.00" CC="000050002120"/>
						<SP ID="P93_SP00361" HPOS="1286" VPOS="3622" WIDTH="29"/>
						<String ID="P93_ST00403" HPOS="1315" VPOS="3562" WIDTH="149" HEIGHT="43" CONTENT="d'une" WC="1.00" CC="00000"/>
						<SP ID="P93_SP00362" HPOS="1464" VPOS="3622" WIDTH="24"/>
						<String ID="P93_ST00404" HPOS="1488" VPOS="3560" WIDTH="235" HEIGHT="45" CONTENT="austérité" WC="0.99" CC="400154220"/>
						<SP ID="P93_SP00363" HPOS="1723" VPOS="3622" WIDTH="36"/>
						<String ID="P93_ST00405" HPOS="1759" VPOS="3574" WIDTH="94" HEIGHT="44" CONTENT="que" WC="0.98" CC="130"/>
						<SP ID="P93_SP00364" HPOS="1853" VPOS="3622" WIDTH="21"/>
						<String ID="P93_ST00406" HPOS="1874" VPOS="3558" WIDTH="101" HEIGHT="45" CONTENT="l'on" WC="0.97" CC="2054"/>
						<SP ID="P93_SP00365" HPOS="1975" VPOS="3622" WIDTH="22"/>
						<String ID="P93_ST00407" HPOS="1997" VPOS="3557" WIDTH="224" HEIGHT="61" CONTENT="pourrait" WC="0.99" CC="00600353"/>
					</TextLine>
					<TextLine ID="P93_TL00041" HPOS="212" VPOS="3632" WIDTH="2011" HEIGHT="64">
						<String ID="P93_ST00408" HPOS="212" VPOS="3637" WIDTH="226" HEIGHT="57" CONTENT="qualifier" WC="0.99" CC="079650000"/>
						<SP ID="P93_SP00366" HPOS="438" VPOS="3694" WIDTH="43"/>
						<String ID="P93_ST00409" HPOS="481" VPOS="3638" WIDTH="60" HEIGHT="45" CONTENT="de" WC="0.98" CC="00"/>
						<SP ID="P93_SP00367" HPOS="541" VPOS="3694" WIDTH="28"/>
						<String ID="P93_ST00410" HPOS="569" VPOS="3654" WIDTH="21" HEIGHT="28" CONTENT="«" WC="1.00" CC="0"/>
						<SP ID="P93_SP00368" HPOS="590" VPOS="3694" WIDTH="31"/>
						<String ID="P93_ST00411" HPOS="621" VPOS="3637" WIDTH="139" HEIGHT="46" CONTENT="souci" WC="0.99" CC="00404"/>
						<SP ID="P93_SP00369" HPOS="760" VPOS="3694" WIDTH="42"/>
						<String ID="P93_ST00412" HPOS="802" VPOS="3637" WIDTH="59" HEIGHT="45" CONTENT="de" WC="0.94" CC="01"/>
						<SP ID="P93_SP00370" HPOS="861" VPOS="3694" WIDTH="43"/>
						<String ID="P93_ST00413" HPOS="904" VPOS="3637" WIDTH="47" HEIGHT="45" CONTENT="la" WC="1.00" CC="00"/>
						<SP ID="P93_SP00371" HPOS="951" VPOS="3694" WIDTH="43"/>
						<String ID="P93_ST00414" HPOS="994" VPOS="3633" WIDTH="362" HEIGHT="63" CONTENT="respectabilité" WC="1.00" CC="10000000004340"/>
						<SP ID="P93_SP00372" HPOS="1356" VPOS="3696" WIDTH="27"/>
						<String ID="P93_ST00415" HPOS="1383" VPOS="3650" WIDTH="23" HEIGHT="28" CONTENT="»" WC="1.00" CC="0"/>
						<SP ID="P93_SP00373" HPOS="1406" VPOS="3696" WIDTH="47"/>
						<String ID="P93_ST00416" HPOS="1453" VPOS="3645" WIDTH="63" HEIGHT="45" CONTENT="et," WC="0.96" CC="064"/>
						<SP ID="P93_SP00374" HPOS="1516" VPOS="3696" WIDTH="37"/>
						<String ID="P93_ST00417" HPOS="1553" VPOS="3632" WIDTH="508" HEIGHT="56" CONTENT="malheureusement," WC="1.00" CC="0031020030000142"/>
						<SP ID="P93_SP00375" HPOS="2061" VPOS="3696" WIDTH="48"/>
						<String ID="P93_ST00418" HPOS="2109" VPOS="3645" WIDTH="114" HEIGHT="30" CONTENT="sans" WC="0.97" CC="1460"/>
					</TextLine>
					<TextLine ID="P93_TL00042" HPOS="211" VPOS="3704" WIDTH="2007" HEIGHT="65">
						<String ID="P93_ST00419" HPOS="211" VPOS="3709" WIDTH="201" HEIGHT="46" CONTENT="envolée" WC="0.98" CC="7650051"/>
						<SP ID="P93_SP00376" HPOS="412" VPOS="3755" WIDTH="27"/>
						<String ID="P93_ST00420" HPOS="439" VPOS="3709" WIDTH="50" HEIGHT="46" CONTENT="ni" WC="0.94" CC="01"/>
						<SP ID="P93_SP00377" HPOS="489" VPOS="3755" WIDTH="26"/>
						<String ID="P93_ST00421" HPOS="515" VPOS="3711" WIDTH="223" HEIGHT="45" CONTENT="émotion" WC="0.98" CC="0034544"/>
						<SP ID="P93_SP00378" HPOS="738" VPOS="3756" WIDTH="28"/>
						<String ID="P93_ST00422" HPOS="766" VPOS="3725" WIDTH="8" HEIGHT="40" CONTENT=";" WC="0.80" CC="1"/>
						<SP ID="P93_SP00379" HPOS="774" VPOS="3765" WIDTH="36"/>
						<String ID="P93_ST00423" HPOS="810" VPOS="3721" WIDTH="163" HEIGHT="34" CONTENT="toutes" WC="1.00" CC="013000"/>
						<SP ID="P93_SP00380" HPOS="973" VPOS="3765" WIDTH="40"/>
						<String ID="P93_ST00424" HPOS="1013" VPOS="3708" WIDTH="210" HEIGHT="61" CONTENT="qualités" WC="0.99" CC="03007400"/>
						<SP ID="P93_SP00381" HPOS="1223" VPOS="3769" WIDTH="33"/>
						<String ID="P93_ST00425" HPOS="1256" VPOS="3708" WIDTH="152" HEIGHT="59" CONTENT="qu'un" WC="0.99" CC="03140"/>
						<SP ID="P93_SP00382" HPOS="1408" VPOS="3769" WIDTH="43"/>
						<String ID="P93_ST00426" HPOS="1451" VPOS="3704" WIDTH="212" HEIGHT="60" CONTENT="critique" WC="0.99" CC="00244040"/>
						<SP ID="P93_SP00383" HPOS="1663" VPOS="3769" WIDTH="42"/>
						<String ID="P93_ST00427" HPOS="1705" VPOS="3718" WIDTH="178" HEIGHT="31" CONTENT="encore" WC="0.99" CC="040300"/>
						<SP ID="P93_SP00384" HPOS="1883" VPOS="3769" WIDTH="37"/>
						<String ID="P93_ST00428" HPOS="1920" VPOS="3706" WIDTH="194" HEIGHT="43" CONTENT="résume" WC="0.99" CC="440400"/>
						<SP ID="P93_SP00385" HPOS="2114" VPOS="3769" WIDTH="45"/>
						<String ID="P93_ST00429" HPOS="2159" VPOS="3717" WIDTH="59" HEIGHT="29" CONTENT="en" WC="0.67" CC="06"/>
					</TextLine>
				</TextBlock>
				<ComposedBlock ID="P93_CB00001" HPOS="1176" VPOS="1584" WIDTH="91" HEIGHT="97" STYLEREFS="TXT_4 PAR_LEFT" TYPE="Illustration">
					<GraphicalElement ID="P93_CB00001_SUB" HPOS="1176" VPOS="1584" WIDTH="91" HEIGHT="97"/>
				</ComposedBlock>
			</PrintSpace>
		</Page>
	</Layout>
</alto>
