2852 4198
2129 392 87 45 685

1111 405 55 31 LE
1200 405 110 31 MOIS

208 535 135 60 tard,
385 532 222 69 lorsque
629 543 180 40 toutes
826 532 76 50 les
930 532 268 67 dépenses
1230 542 195 40 auront
1450 532 83 50 été
1565 532 213 66 payées,
1806 528 65 52 ils
1898 545 66 35 ne
1985 531 231 51 devront

208 620 220 69 profiter
457 621 28 48 à
513 634 271 52 personne
817 631 52 38 et
912 630 187 39 seront
1132 621 240 47 réservés
1415 620 29 47 à
1484 616 416 52 l'amélioration
1942 617 93 50 des
2070 634 119 50 spec-

207 709 179 50 tacles.
422 705 124 54 S'ils
572 706 322 51 devenaient
917 705 426 64 considérables,
1362 721 72 34 on
1458 721 67 34 en
1543 703 300 69 profiterait
1877 721 139 51 pour
2047 705 127 52 dimi-

207 810 135 37 nuer
379 794 48 50 le
454 791 119 69 prix
621 794 95 50 des
749 794 201 67 places.

1202 887 19 18 ★

1183 933 19 18 *
1224 931 18 21 ¥

354 982 103 52 The
605 982 214 52 musical
1069 980 265 54 Standard
1637 999 12 33 :
1711 980 94 52 Les
1895 979 80 52 Œuvres
1976 994 93 51 par
2070 978 145 53 Edwin

210 1072 180 49 Evans
415 1067 293 63 (avril-mai
741 1069 176 67 1909).

1202 1162 19 19 ★

1183 1208 19 19 *
1223 1210 19 19 *

272 1260 86 49 Au
391 1257 271 69 Carnegie
690 1258 128 52 Hall
851 1258 66 50 de
965 1256 336 65 New-York,
1329 1256 75 51 M.
1431 1256 219 51 Walter
1673 1255 321 61 Damrosch,
2019 1253 47 51 le
2097 1255 126 49 chef

208 1346 323 53 d'orchestre
564 1344 314 60 américain,
912 1363 29 33 a
973 1344 96 52 fait
1090 1349 250 47 exécuter
1364 1359 98 52 par
1485 1342 76 51 les
1609 1340 215 53 artistes
1849 1342 65 50 de
1960 1342 48 50 la
2061 1340 120 68 Sym-

207 1431 436 71 phony-Society
667 1434 141 49 deux
836 1431 103 52 fois
970 1432 68 51 de
1069 1431 141 52 suite
1236 1432 49 50 la
1317 1429 342 69 Symphonie
1685 1445 125 36 avec
1856 1429 236 64 chœurs,
2122 1426 96 70 qui

210 1519 278 54 terminait
509 1519 50 52 la
584 1519 249 52 dernière
866 1523 191 47 séance
1096 1519 132 51 d'un
1257 1517 144 69 cycle
1429 1516 330 52 Beethoven.
1786 1516 175 68 Après
2002 1515 52 49 la
2101 1530 92 52 pre-

207 1608 167 52 mière
407 1605 269 66 audition,
710 1623 76 35 un
818 1609 255 48 entr'acte
1106 1624 30 33 a
1167 1609 82 48 été
1274 1606 248 66 ménagé,
1544 1604 107 49 afin
1689 1604 65 51 de
1787 1614 296 57 permettre
2117 1619 104 34 aux

210 1712 299 53 personnes
542 1712 106 51 peu
681 1694 307 52 désireuses
1014 1694 122 51 d'en
1167 1693 257 51 affronter
1454 1708 107 36 une
1580 1691 232 50 seconde
1843 1691 65 50 de
1942 1708 53 32 se
2028 1690 193 51 retirer

211 1783 401 53 discrètement.
643 1783 138 49 Très
835 1798 104 51 peu
967 1780 298 69 quittèrent
1303 1780 145 51 leurs
1487 1779 198 67 places,
1729 1791 50 38 et
1816 1796 56 31 ce
1918 1778 101 63 fut,
2049 1777 174 68 parmi

211 1871 156 50 celles
394 1869 94 69 qui
523 1869 202 51 étaient
756 1872 221 57 restées,
1002 1883 108 36 une
1143 1879 145 39 sorte
1321 1864 358 54 d'émulation
1710 1865 135 50 dans
1891 1864 76 50 les
2000 1864 192 68 applau-

210 1958 350 61 dissements,
597 1957 95 68 qui
715 1956 230 52 allèrent
977 1972 67 34 en
1076 1965 358 58 augmentant
1457 1953 254 69 jusqu'au
1734 1952 218 53 dernier
1994 1953 218 50 accord.

211 2045 337 52 L'orchestre
573 2043 267 70 comptait
862 2055 125 39 cent
1010 2041 300 52 musiciens
1330 2053 52 39 et
1406 2041 76 51 les
1504 2041 216 51 chœurs
1743 2039 134 51 trois
1899 2052 151 37 cents
2075 2037 144 52 voix.

214 2135 101 49 Les
348 2132 102 52 soli
489 2132 215 52 avaient
729 2135 83 47 été
845 2130 301 67 remplacés
1170 2145 99 52 par
1306 2145 73 34 un
1407 2127 134 69 petit
1577 2128 188 51 chœur
1801 2127 65 50 de
1890 2126 164 51 treize
2077 2125 141 50 voix.

281 2222 156 50 Hans
462 2221 66 51 de
556 2220 196 52 Bulow
775 2219 161 64 avait,
972 2219 77 52 lui
1076 2219 167 59 aussi,
1275 2216 97 52 fait
1396 2217 260 51 entendre
1688 2216 140 51 deux
1849 2213 103 51 fois
1984 2215 65 48 de
2080 2211 139 53 suite

212 2307 47 51 la
285 2306 339 70 Symphonie
644 2324 127 34 avec
802 2306 215 52 chœurs
1048 2306 137 51 dans
1222 2321 77 36 un
1320 2315 218 39 concert
1562 2304 181 50 donné
1776 2305 28 47 à
1848 2300 202 60 Berlin,
2075 2299 36 50 il
2134 2316 34 50 y
2193 2316 27 32 a

212 2413 104 35 une
351 2394 278 68 vingtaine
666 2394 271 52 d'années.

1207 2488 20 19 ★

1188 2535 19 19 *
1228 2535 17 18 ¥

282 2583 328 52 L'ancienne
628 2583 215 51 maison
868 2580 264 54 d'édition
1152 2580 262 53 musicale
1440 2578 188 69 Spina,
1652 2579 65 50 de
1735 2578 484 61 Vienne,annonce

216 2669 47 51 la
292 2669 338 69 publication
653 2669 316 68 prochaine,
1003 2672 30 48 à
1062 2685 76 34 un
1169 2667 232 51 nombre
1433 2666 172 50 limité
1637 2663 427 69 d'exemplaires,
2091 2663 129 51 d'un

216 2756 133 67 petit
382 2761 166 63 opéra
586 2756 171 52 inédit
779 2757 64 51 de
873 2756 205 67 Joseph
1118 2754 223 68 Hadyn,
1373 2754 79 51 die
1476 2757 151 47 wiiste
1655 2752 132 51 Insel
1810 2751 135 66 (l'lle
1971 2751 250 63 déserte),

216 2843 131 52 écrit
368 2845 162 67 parle
556 2845 160 50 vieux
739 2847 196 48 maître
962 2860 94 34 sur
1071 2860 76 34 un
1176 2855 141 38 texte
1355 2843 66 50 de
1445 2842 312 62 Métastase,
1777 2852 52 38 et
1851 2840 133 49 dont
2002 2838 194 51 l'arran-

219 2944 218 53 gement
459 2945 81 37 est
564 2934 227 64 préparé
817 2946 139 52 pour
986 2928 223 69 l'Opéra
1240 2930 64 49 de
1331 2928 50 50 la
1401 2927 170 52 Cour.

1213 3030 18 20 ★

1193 3076 19 19 *
1235 3079 18 18 ¥•

286 3120 151 50 Dans
761 3120 49 51 la
965 3120 83 54 Vie
991 3119 259 52 musicale
1251 3118 170 67 (Lausanne)
1422 3116 26 51 du
1495 3118 56 49 15
1590 3114 151 66 avril,
1768 3130 75 36 un
1887 3113 186 52 article
2107 3113 108 50 très

219 3205 344 52 raisonnable
596 3219 52 37 et
695 3205 240 52 honnête
973 3222 93 34 sur
1089 3205 74 50 les
1189 3219 377 54 programmes
1598 3204 65 50 de
1694 3214 218 38 concert
1950 3213 49 39 et
2042 3200 142 51 l'édu-

219 3292 177 50 cation
428 3295 73 49 du
541 3293 202 67 public,
766 3309 91 51 par
882 3293 73 49 M.
982 3293 104 49 Ed.
1114 3288 550 66 Platzhoff-Lejeune.

1211 3395 19 17 ★

1193 3442 16 17 ¥■
1232 3438 20 19 *

386 3485 103 52 The
648 3486 217 51 Musical
1152 3486 164 51 Times
882 3486 41 65 (i
935 3494 37 20 er
991 3486 131 65 mai)
1151 3499 11 37 :
1420 3486 141 51 Hin
1562 3482 662 67 England.

1215 3587 19 20 ★

1194 3632 20 19 *
1237 3630 20 21 *

290 3679 175 67 Après
497 3679 139 52 celui
686 3680 65 51 de
775 3680 58 51 M
836 3679 43 31 lle
916 3679 138 51 Lina
1085 3676 288 65 Cavalieri,
1406 3680 156 65 après
1608 3674 137 53 celui
1793 3674 65 51 de
1891 3674 132 52 miss
2068 3674 156 66 Mary
