2852 4198
2122 395 25 43 6
2157 395 21 45 3
2188 410 25 44 7

631 408 61 38 QU
710 408 167 30 EST-CE
913 408 95 38 QUE
1041 408 57 29 LA
1132 407 332 39 GYMNASTIQUE
1496 407 278 36 RYTHMIQUE

210 534 244 52 dination
506 535 66 50 de
617 546 385 39 mouvements
1040 546 52 37 et
1149 550 76 35 un
1276 534 312 49 affinement
1640 531 301 69 organique
1990 534 134 48 dont
2180 534 36 48 il

209 620 292 71 profiterait
541 633 151 39 toute
735 621 49 51 la
831 621 102 64 vie,
962 620 56 51 ni
1063 637 141 52 pour
1230 619 306 52 introduire
1562 620 134 51 dans
1723 635 100 35 son
1858 635 227 36 cerveau
2122 620 94 51 des

209 708 285 52 habitudes
547 709 65 51 de
651 708 272 68 précision
962 708 135 49 dans
1129 708 48 49 la
1221 723 216 34 mesure
1475 708 73 48 du
1582 719 179 55 temps
1793 719 51 37 et
1886 708 64 49 de
1994 705 223 69 l'espace

210 798 127 49 dont
368 794 441 52 bénéficieraient
829 808 179 38 toutes
1033 812 85 33 ses
1145 795 241 63 facultés,
1414 805 117 39 tant
1557 793 315 68 artistiques
1900 811 104 50 que
2042 793 149 68 philo-

210 880 291 70 sophiques
533 894 51 38 et
616 882 309 52 littéraires.
961 884 86 48 Au
1073 880 284 61 contraire,
1393 897 128 34 sous
1548 884 237 64 prétexte
1811 882 63 49 de
1898 880 319 52 bienséance

210 985 49 36 et
301 972 63 49 de
395 969 181 51 bonne
602 969 308 60 éducation,
948 986 74 34 on
1044 969 257 61 s'efforce,
1334 971 94 49 dès
1454 985 104 50 que
1591 968 46 51 le
1670 968 133 69 petit
1841 985 200 52 garçon
2071 982 52 37 et
2170 971 47 49 la

210 1056 159 71 petite
423 1057 106 51 fille
562 1073 66 35 ne
661 1071 126 37 sont
824 1057 124 69 plus
990 1058 95 50 des
1131 1056 183 63 bébés,
1359 1056 306 50 d'entraver
1715 1067 181 38 toutes
1940 1056 76 49 les
2061 1061 128 62 expé-

213 1142 201 51 riences
444 1145 380 62 musculaires,
866 1157 175 47 sauts,
1080 1160 211 44 course,
1333 1143 220 51 marche
1595 1147 29 46 à
1656 1153 190 56 quatre
1879 1153 195 55 pattes,
2117 1142 79 51 cul-

212 1232 169 56 butes,
433 1245 179 53 gestes
652 1232 232 68 amples,
934 1244 126 52 etc.,
1094 1230 96 68 qui
1233 1230 338 52 affineraient
1615 1230 131 49 chez
1775 1246 103 34 eux
1916 1230 47 49 le
1995 1245 124 34 sens
2155 1230 65 49 de

212 1317 301 69 l'équilibre
556 1333 52 38 et
637 1320 65 51 de
735 1320 49 49 la
815 1319 273 52 motricité
1115 1331 52 38 et
1190 1316 574 71 perfectionneraient,
1812 1334 95 51 par
1941 1317 49 50 là
2020 1322 197 56 même,

212 1407 113 50 leur
355 1424 125 32 sens
505 1406 224 69 optique
762 1407 64 50 de
853 1407 271 51 l'étendue
1155 1419 52 38 et
1233 1407 118 50 leur
1375 1423 124 33 sens
1526 1404 319 68 acoustique
1872 1404 63 50 de
1960 1404 50 50 la
2034 1405 184 52 durée.

214 1494 74 51 De
315 1494 118 51 leur
454 1498 135 56 côté,
623 1495 76 51 les
731 1498 224 48 maîtres
988 1496 64 50 de
1078 1493 256 68 musique
1366 1504 52 39 et
1452 1494 65 49 de
1543 1491 184 51 dessin
1757 1503 383 38 commencent
2170 1504 51 37 et

217 1581 355 68 poursuivent
597 1583 48 49 la
670 1583 212 51 culture
909 1583 65 49 de
999 1581 160 53 l'ouïe
1188 1594 51 38 et
1265 1583 63 49 de
1362 1580 49 51 la
1436 1598 102 33 vue
1571 1595 66 35 en
1662 1578 334 68 spécialistes
2028 1579 166 49 totale-

218 1681 147 38 ment
415 1668 395 52 désintéressés
858 1670 95 50 des
1003 1667 441 52 manifestations
1491 1665 278 70 générales
1813 1665 65 50 de
1910 1665 49 50 la
1990 1664 100 51 vie.
2147 1665 73 50 Ils

212 1755 191 51 isolent
428 1757 77 49 les
533 1773 124 35 sens
683 1758 65 51 de
771 1757 180 49 l'élève
978 1757 76 49 les
1085 1773 105 35 uns
1221 1755 96 51 des
1348 1768 202 50 autres,
1578 1766 52 38 et
1660 1769 67 35 ne
1753 1766 270 54 prennent
2043 1768 179 34 aucun

216 1842 115 52 soin
362 1844 66 50 de
453 1843 76 52 lui
556 1843 131 52 faire
712 1843 286 69 percevoir
1023 1855 281 39 comment
1329 1842 77 51 les
1439 1842 374 68 phénomènes
1860 1838 281 52 musicaux
2173 1851 49 37 et

216 1929 295 69 plastiques
537 1948 56 34 se
614 1931 305 52 rattachent
947 1948 66 34 au
1037 1948 125 34 sens
1183 1928 350 65 musculaire,
1560 1941 70 51 et,
1660 1942 97 53 par
1781 1926 96 63 lui,
1903 1928 30 48 à
1971 1924 251 51 l'activité

214 2020 256 52 humaine
503 2032 120 40 tout
668 2018 221 52 entière.
925 2018 228 68 Chaque
1201 2034 202 52 organe
1446 2028 80 39 est
1552 2016 138 49 ainsi
1715 2015 199 52 cultivé
2156 2028 67 34 en

217 2122 138 35 serre
396 2107 227 51 chaude.
680 2106 157 51 L'œil
880 2122 66 33 ne
989 2106 192 67 profite
1224 2121 95 51 pas
1371 2103 94 50 des
1512 2101 328 52 indications
1893 2100 327 68 précieuses,

214 2194 329 52 essentielles
569 2199 198 54 même,
787 2210 107 51 que
917 2191 223 52 l'oreille
1160 2204 51 38 et
1233 2192 44 50 le
1296 2190 229 51 toucher
1548 2187 320 69 pourraient
1888 2186 75 51 lui
1982 2186 239 58 fournir;

213 2298 56 33 sa
313 2299 102 34 vue
461 2294 53 38 et
563 2281 47 51 le
664 2281 231 51 toucher
942 2296 66 33 ne
1063 2279 308 50 contrôlent
1416 2289 368 39 aucunement
1827 2275 76 49 les
1935 2272 288 52 habitudes

217 2368 339 68 rythmiques
589 2385 105 51 que
727 2368 223 50 l'oreille
983 2378 275 39 contracte
1289 2382 70 33 en
1398 2382 54 33 se
1494 2364 195 49 basant
1722 2378 95 34 sur
1859 2361 77 50 les
1982 2361 241 50 données

216 2455 236 51 fournies
478 2472 97 52 par
604 2455 268 68 quelques
904 2454 264 51 exercices
1187 2450 358 52 musculaires
1578 2451 468 66 prématurément
2067 2446 125 50 aban-

217 2543 222 52 donnés.
494 2544 166 51 Enfin
718 2556 157 38 notre
927 2558 160 52 corps
1125 2558 66 33 ne
1242 2540 166 51 tirant
1442 2556 178 33 aucun
1675 2536 161 68 profit
1891 2536 94 49 des
2037 2535 186 50 études

217 2629 311 69 artistiques
583 2628 348 70 poursuivies
981 2629 195 50 durant
1223 2641 155 36 notre
1418 2625 370 61 adolescence,
1842 2623 186 66 quand
2086 2637 139 33 nous

217 2717 244 51 arrivons
492 2721 30 47 à
544 2718 130 67 l'âge
701 2717 202 60 adulte,
927 2732 138 34 nous
1098 2731 241 34 sommes
1385 2712 252 52 habitués
1667 2714 28 47 à
1726 2727 142 33 nous
1919 2721 303 49 contenter,

217 2803 131 51 dans
373 2804 48 50 la
443 2804 84 51 vie
553 2804 291 68 physique,
871 2803 127 51 d'un
1023 2802 297 49 minimum
1346 2801 63 49 de
1436 2799 142 50 force
1605 2811 51 37 et
1677 2797 271 51 d'adresse
1973 2794 94 68 qui
2086 2810 139 33 nous

219 2892 395 64 déconcertent,
650 2891 44 51 si
726 2892 76 50 les
834 2891 401 52 circonstances
1254 2905 140 33 nous
1421 2887 118 50 font
1563 2896 276 39 constater
1868 2896 155 37 notre
2054 2881 138 48 mala-

219 2978 178 51 dresse
429 2992 51 37 et
510 2978 267 51 l'absence
809 2978 270 66 complète
1111 2975 292 52 d'autorité
1436 2973 65 51 de
1543 2984 157 39 notre
1731 2985 226 35 cerveau
1995 2984 92 34 sur
2121 2984 100 31 nos

218 3065 254 53 attitudes
497 3080 51 38 et
579 3084 100 33 nos
711 3078 404 39 mouvements.

283 3154 150 51 Tous
464 3155 77 50 les
566 3165 221 57 parents
820 3165 124 38 sont
965 3150 330 52 convaincus
1331 3165 102 52 que
1466 3147 119 51 leur
1623 3145 184 49 enfant
1837 3142 103 51 sait
1974 3141 252 51 marcher

218 3250 52 38 et
292 3241 198 64 courir,
527 3243 183 66 quand
743 3239 36 51 il
806 3257 66 33 ne
904 3239 187 51 tombe
1122 3239 123 67 plus
1279 3253 96 52 par
1406 3249 140 37 terre
1583 3250 68 35 au
1682 3231 252 51 moindre
1963 3230 258 57 obstacle,

219 3342 70 34 ou
313 3328 127 64 qu'il
472 3344 202 51 pousse
712 3339 118 38 tant
873 3325 129 51 bien
1054 3342 106 50 que
1196 3324 108 49 mal
1348 3339 99 34 son
1488 3335 222 36 cerceau
1751 3318 197 50 devant
2001 3315 93 52 lui.
2151 3315 75 50 La

223 3413 213 67 plupart
477 3417 73 49 du
583 3427 179 54 temps
795 3414 64 50 ils
899 3429 66 33 ne
1011 3410 351 52 connaissent
1403 3412 179 48 même
1623 3406 122 68 plus
1790 3405 47 48 le
1863 3419 157 50 corps
2047 3403 63 48 de
2143 3415 83 37 cet

221 3499 200 62 enfant,
449 3503 94 48 dès
569 3518 105 51 que
706 3499 212 53 celui-ci
939 3498 196 52 atteint
1167 3498 128 67 l'âge
1320 3497 72 50 où
1433 3495 35 50 il
1497 3512 55 33 se
1585 3495 114 49 lave
1732 3503 52 38 et
1814 3489 244 51 s'habille
2087 3490 136 50 seul.

224 3583 140 53 C'est
395 3602 122 55 trop
542 3601 230 40 souvent
795 3605 125 34 avec
944 3605 75 33 un
1052 3584 296 52 sentiment
1371 3584 64 49 de
1461 3578 408 55 consternation
1893 3594 106 51 que
2032 3579 44 48 le
2100 3579 126 65 père

222 3671 300 69 s'aperçoit,
558 3674 45 52 si
635 3692 72 33 on
732 3676 46 49 le
805 3674 76 52 lui
913 3686 214 38 montre
1160 3688 65 35 en
1253 3669 227 61 maillot,
1501 3666 252 52 combien
1776 3666 46 48 le
1842 3681 157 51 corps
2033 3666 65 49 de
2127 3679 99 35 son

2317 3142 71 35 La
2432 3144 99 33 mal
2552 3153 18 24 a-

2270 3189 131 35 ciresse
2446 3199 116 33 corpo-

2270 3238 93 34 relle
2380 3236 143 35 résulte
2538 3235 34 35 fa-

2270 3286 186 33 talement
2474 3282 115 35 d'une

2272 3329 213 37 éducation
2536 3331 48 32 où

2271 3380 55 33 les
2346 3384 128 36 sports
2498 3386 67 24 eux-

2272 3427 143 33 mêmes
2440 3432 46 25 ne
2521 3422 44 35 dé-

2271 3473 210 40 veloppent
2550 3468 38 35 ni

2272 3521 34 31 le
2353 3527 89 24 sens
2482 3519 87 41 ryth-

2274 3564 131 44 mique
2467 3562 38 34 ni
2554 3565 34 32 la

2270 3615 118 42 grâce
2437 3608 114 44 plasti
2572 3628 17 5 -

2272 3667 76 35 que
2376 3657 67 34 des
2477 3666 84 24 mou-

2270 3711 190 29 vements.
