2852 4198
606 369 95 44 628

1158 381 231 31 BULLETIN
1424 378 221 31 FRANÇAIS
1678 377 59 29 DE
1772 378 54 28 LA
1860 376 38 29 S.
1938 376 30 30 I.
2006 377 47 28 M.

1555 414 12 9 *

673 508 166 44 Même
866 520 58 30 en
970 505 188 58 jenvier
1187 505 138 58 1906,
1352 515 108 33 tout
1485 501 167 45 n'était
1677 515 85 45 pas
1784 501 175 58 perdu,
1997 510 46 33 et
2072 498 239 45 Fiirstner
2329 498 176 46 n'avait
2529 516 82 44 pas

610 595 179 30 encore
815 579 43 45 le
905 577 273 57 monopole
1203 578 58 42 de
1979 577 224 46 Salomé.
1553 576 68 44 La
1648 573 244 61 première
1920 573 209 57 réponse
2152 572 57 43 de
2240 571 195 44 Russell
2463 572 69 46 fut
2557 577 54 43 de

610 653 305 46 m'accorder
948 649 365 46 l'autorisation
1360 651 275 43 demandée
1662 657 309 49 moyennant
2012 659 97 31 une
2134 656 107 48 part
2265 644 85 43 des
2376 644 170 50 droits,
2567 662 44 32 et

608 725 43 45 le
676 736 279 34 versement
980 724 146 43 d'une
1150 742 18 22 «
1200 737 181 30 avance
1403 724 58 42 de
1487 720 331 46 commission
1849 737 16 22 »
1894 733 136 29 assez
2053 718 179 44 élevée.
2258 715 49 47 Si
2341 717 148 54 donc,
2512 718 22 44 à
2559 733 52 32 ce

608 809 240 43 moment,
868 812 64 29 au
958 797 101 44 lieu
1085 797 149 44 d'être
1261 811 64 30 un
1351 793 369 62 professionnel
1741 794 310 57 désargenté,
2072 790 168 59 j'avais
2264 792 72 43 été
2359 790 252 47 l'amateur

607 886 94 45 que
726 884 124 32 vous
891 870 175 45 voulez
1094 869 112 44 bien
1234 884 77 29 me
1346 882 263 47 supposer,
1625 868 41 57 je
1694 866 216 45 n'aurais
1932 880 60 30 eu
2021 864 113 61 qu'à
2175 864 344 58 m'empresser
2555 866 54 44 de

605 959 165 45 payer,
797 955 45 33 et
1162 945 39 43 il
1249 958 52 46 y
1400 943 171 44 aurait
1786 958 58 30 en
1950 944 131 43 deux
2255 943 199 43 Salomé
2471 941 147 59 légale
1870 938 496 47 Malheureusement
2383 936 41 59 je
2449 938 164 47 n'étais

605 1019 149 60 guère
773 1033 58 29 en
857 1019 96 43 état
979 1019 58 43 de
1063 1032 165 30 verser
1272 1030 85 32 sur
1383 1015 188 45 l'heure
1598 1014 46 46 la
1670 1014 127 44 forte
1842 1026 211 32 somme.
2081 1013 156 59 Après
2269 1010 257 57 réflexion,
2574 1013 40 57 je

607 1091 232 60 répondis
861 1094 20 40 à
911 1090 196 47 Russell
1134 1105 94 43 que
1254 1105 90 29 son
1371 1105 22 28 «
1433 1103 183 31 avance
1658 1089 60 43 de
1742 1085 331 47 commission
2113 1104 19 23 »
2164 1099 76 32 me
2263 1085 259 60 paraissait
2546 1100 63 31 un

604 1178 94 45 peu
741 1164 250 57 exagérée,
1017 1174 44 32 et
1080 1176 96 45 que
1197 1160 309 61 j'attendrais
1527 1175 131 46 pour
1690 1160 218 44 discuter
1932 1157 103 46 cela
2073 1171 97 46 que
2204 1171 118 31 mon
2360 1159 149 57 opéra
2545 1157 71 46 fût

604 1237 178 43 achevé
800 1246 45 33 et
866 1236 195 58 accepté
1085 1236 122 43 dans
1229 1250 66 29 un
1315 1235 203 45 théâtre.
1546 1235 54 43 Je
1621 1247 60 31 ne
1704 1247 77 31 me
1797 1232 218 45 souciais
2038 1246 85 46 pas
2142 1231 182 44 eneffet
2344 1231 58 44 de
2423 1231 189 58 risquer

604 1324 97 30 une
723 1320 133 49 perte
885 1308 161 55 sèche,
1080 1322 82 33 car
1203 1307 105 46 loin
1332 1308 331 59 d'escompter
1686 1321 130 46 pour
1841 1305 102 45 moi
1969 1320 97 29 une
2091 1305 210 45 réclame
2327 1303 178 46 fondée
2531 1319 81 30 sur

602 1383 45 44 le
671 1382 171 46 succès
867 1382 58 45 de
946 1382 209 53 Strauss,
1174 1381 167 60 j'avais
1360 1396 120 45 peur
1502 1395 96 46 que
1623 1381 104 44 cela
1755 1394 57 30 ne
1840 1394 77 30 me
1943 1378 161 46 rendît
2124 1377 297 61 impossible
2443 1376 169 47 l'accès

603 1456 117 44 d'un
748 1454 204 46 théâtre.
981 1456 131 45 C'est
1139 1458 161 42 même
1327 1470 128 44 pour
1480 1465 125 34 cette
1630 1453 169 45 raison
1825 1467 110 46 que,
1971 1452 205 58 lorsque
2217 1466 79 30 ma
2319 1452 203 43 Salomé
2545 1451 69 44 fut

602 1528 227 56 achevée,
856 1528 43 57 je
930 1527 235 61 n'essayai
1192 1542 86 45 pas
1305 1538 108 35 tout
1438 1528 59 43 de
1518 1526 127 47 suite
1667 1527 58 43 de
1751 1526 44 45 la
1825 1524 118 46 faire
1968 1523 159 61 jouer,
2153 1536 46 33 et
2225 1523 41 60 je
2284 1522 247 61 l'envoyai
2554 1538 58 30 au

602 1614 248 32 concours
876 1601 116 45 dela
992 1601 145 45 Ville
1159 1602 58 43 de
1244 1601 139 44 Paris
1411 1601 59 44 de
1503 1602 139 58 1906.
1670 1601 59 58 [A
1747 1614 53 31 ce
1825 1613 266 41 concours,
2119 1598 123 46 dont
2265 1612 125 32 vous
2405 1612 206 46 pourrez

600 1674 90 45 lire
712 1674 42 45 le
778 1686 202 48 rapport
1005 1673 198 56 officiel,
1230 1688 81 32 ma
2061 1674 219 59 Salomé,
1572 1673 186 61 malgré
1778 1673 348 44 d'excellentes
2146 1683 159 45 notes,
2329 1670 73 46 fut
2425 1670 189 46 refusée

602 1747 209 54 d'office,
849 1747 327 59 précisément
1212 1748 25 44 à
1276 1762 143 30 cause
1452 1748 59 44 de
1557 1748 120 44 celle
1717 1748 59 43 de
1799 1745 236 61 Strauss.]

661 1823 137 43 Dans
819 1822 308 58 l'intervalle,
1148 1822 67 44 les
1240 1822 266 45 situations
1527 1822 299 60 respectives
1849 1823 83 43 des
1953 1819 228 46 héritiers
2200 1820 58 43 de
2269 1818 170 45 Wilde
2454 1818 135 45 subis-

600 1894 159 44 saient
807 1895 217 45 diverses
1070 1895 464 47 transformations.
1592 1896 70 45 La
1703 1894 252 62 propriété
1987 1895 85 43 des
2120 1907 196 31 œuvres
2358 1893 188 58 passait
2589 1893 25 44 à

604 1968 258 54 Methuen,
889 1969 86 58 qui
1014 1969 197 44 vendait
1237 1970 25 43 à
1305 1969 239 46 Fiirstner
1568 1970 44 45 le
1644 1969 239 60 privilège
1926 1970 59 43 de
2269 1968 154 58 (Leur
2473 1966 140 46 traité

600 2040 104 46 doit
729 2044 99 42 être
854 2042 59 44 de
937 2041 161 59 juillet
1117 2042 139 59 1906,
1284 2056 63 31 ou
1379 2042 183 60 plutôt,
1595 2042 38 45 si
1659 2042 44 60 je
1729 2058 60 30 ne
1821 2056 78 31 me
1919 2054 214 47 trompe,
2157 2041 291 57 d'octobre.)
2479 2040 133 55 Bref,

600 2115 167 58 quand
793 2115 42 60 je
862 2115 162 46 revins
1049 2115 26 46 à
1112 2116 43 45 la
1197 2122 197 54 charge,
1421 2116 40 56 je
1482 2130 77 31 me
1583 2117 198 46 trouvai
1807 2115 169 47 acculé
2014 2119 23 40 à
2081 2114 252 62 l'impasse
2359 2129 94 46 que
2489 2129 127 32 vous

602 2204 161 30 savez.

662 2263 111 55 Que
792 2262 119 46 faire
930 2266 18 43 ?
971 2263 144 45 Ainsi
1137 2279 96 44 que
1259 2279 78 30 me
1358 2263 237 47 l'écrivait
1619 2266 128 46 Rob.
1772 2266 147 55 Ross,
1946 2266 124 43 dont
2091 2263 42 60 je
2150 2279 76 30 me
2247 2263 125 61 plais
2396 2263 25 45 à
2442 2277 145 31 recon-

600 2338 155 42 naître
776 2335 62 45 ici
856 2336 44 44 la
937 2349 259 31 constante
1242 2336 290 58 courtoisie,
1560 2352 120 31 mon
1704 2350 103 33 sort
1831 2336 268 61 dépendait
2119 2336 277 46 désormais
2421 2337 66 45 du
2507 2336 109 44 seul

600 2422 46 33 et
670 2410 188 59 unique
883 2411 216 46 Strauss.
1117 2411 56 44 Je
1201 2426 76 29 me
1297 2411 215 59 résignai
1539 2413 131 45 donc
1689 2412 25 46 à
1741 2412 321 53 l'inévitable,
2085 2423 44 34 et
2153 2412 102 60 pris
2277 2411 44 44 le
2340 2411 126 59 parti
2489 2412 100 43 d'ex-

602 2498 146 45 poser
768 2483 321 59 simplement
1131 2500 78 29 ma
1235 2484 238 47 situation
1499 2486 25 45 à
1564 2486 220 45 Richard
1822 2487 220 55 Strauss,
2077 2486 71 45 lui
2192 2488 304 43 demandant
2522 2501 90 30 son

602 2557 350 56 autorisation,
979 2570 45 33 et
1056 2558 127 46 m'en
1209 2571 284 42 remettant,
1518 2575 129 43 pour
1671 2561 71 44 les
1765 2572 181 33 termes
1972 2561 60 44 de
2054 2572 122 33 cette
2213 2559 352 58 autorisation,
2589 2561 25 43 à

605 2644 51 31 sa
683 2630 301 59 générosité.

664 2704 157 43 Notez
848 2703 112 46 bien
980 2718 96 45 que
1117 2704 43 60 je
1187 2705 91 45 n'ai
1313 2704 174 61 jamais
1511 2707 136 58 parlé
1682 2718 45 33 et
1752 2721 60 30 ne
1837 2707 212 59 pouvais
2073 2719 88 46 pas
2180 2707 163 58 parler
2367 2708 58 43 de
2451 2708 140 60 repré-

607 2777 274 45 sentations
899 2779 200 57 privées
1104 2816 11 20 ,
1139 2794 129 45 pour
1289 2779 287 60 lesquelles,
1604 2782 67 44 du
1695 2793 146 43 reste,
1864 2796 194 30 aucune
2098 2782 332 44 autorisation
2451 2782 167 44 n'était

604 2849 277 46 nécessaire
906 2864 13 42 ;
941 2862 144 34 notez
1130 2853 132 44 aussi
1289 2867 95 45 que
1416 2853 75 44 s'il
1516 2853 72 45 fut
1610 2854 232 60 question
1865 2855 207 45 d'abord
2092 2855 59 43 de
2194 2855 422 59 représentations

622 2923 212 44 limitées
842 2928 24 38 à
905 2923 46 44 la
979 2923 238 58 province
1243 2937 46 33 et
1308 2930 22 38 à
1375 2940 66 28 un
1465 2925 188 46 certain
1691 2928 211 44 nombre
1925 2928 60 44 de
2019 2926 159 58 villes,
2207 2928 113 58 puis
2345 2928 191 44 ensuite
2556 2929 58 43 de

603 2996 418 59 représentations
1047 2998 214 45 limitées
1289 3003 22 39 à
1337 2999 47 44 la
1408 3000 137 45 seule
1571 2999 116 47 ville
1711 3003 59 43 de
1800 3003 165 58 Lyon,
1990 3004 118 43 c'est
2139 3001 152 60 qu'on
2319 3015 58 31 ne
2404 3017 77 30 me
2503 3017 84 45 per-

602 3069 191 44 mettait
828 3083 87 45 pas
939 3069 245 61 d'espérer
1209 3072 290 60 davantage.
1530 3074 61 45 Et
1614 3074 132 59 puis,
1772 3089 61 32 au
1874 3074 107 56 fait,
2023 3075 105 44 cela
2153 3088 78 31 me
2277 3074 227 54 suffisait,
2532 3090 82 31 car

603 3141 152 60 j'étais
796 3142 77 45 las
895 3144 58 43 de
988 3155 163 34 toutes
1179 3160 80 29 ces
1297 3145 234 46 histoires
1557 3159 45 33 et
1639 3163 59 29 ne
1739 3149 296 44 demandais
2080 3150 184 58 qu'une
2305 3149 149 44 chose
2477 3164 10 30 :
2515 3151 99 43 être

600 3215 134 58 joué.
758 3216 54 43 Je
857 3217 159 43 savais
1041 3229 129 49 trop,
1215 3234 60 29 en
1313 3219 127 55 effet,
1479 3235 94 44 que
1596 3220 206 47 l'œuvre
1841 3224 58 43 de
1935 3224 152 44 début
2112 3222 116 46 d'un
2270 3224 343 58 compositeur

602 3288 331 60 dramatique,
962 3290 131 45 fût-il
1115 3292 221 59 Wagner
1353 3307 65 31 ou
1442 3296 160 43 même
1630 3295 217 47 Richard
1870 3296 219 55 Strauss,
2109 3309 72 33 est
2198 3297 43 45 le
2270 3297 111 60 plus
2406 3310 207 32 souvent

602 3375 67 30 un
698 3361 128 57 four,
867 3376 129 46 pour
1032 3366 196 58 espérer
1266 3380 67 30 un
1369 3367 155 59 grand
1562 3368 189 54 succès,
1770 3380 46 34 et
1840 3370 42 58 je
1922 3368 187 46 n'avais
2139 3384 195 30 aucune
2367 3370 244 47 ambition

600 3447 130 46 pour
764 3448 119 31 mon
909 3450 187 31 œuvre.
1122 3438 132 45 D'un
1277 3451 136 33 autre
1451 3441 127 53 côté,
1619 3441 167 58 j'avais
1832 3442 26 44 à
1883 3457 138 31 cœur
2044 3443 60 43 de
2139 3457 60 31 ne
2242 3457 87 46 pas
2350 3445 177 58 perdre
2569 3443 43 46 le

599 3507 116 44 fruit
737 3507 59 44 de
840 3508 214 61 longues
1078 3513 181 43 années
1286 3512 57 44 de
1370 3513 174 46 travail
1569 3528 10 32 :
1609 3513 42 60 je
1673 3514 197 47 voulais
1896 3527 198 34 surtout
2120 3532 23 28 «
2184 3517 307 44 m'entendre
2518 3533 22 27 »
2567 3530 46 31 et

600 3580 205 59 profiter
821 3582 57 44 de
901 3594 75 33 cet
1007 3584 374 60 enseignement
1427 3587 189 61 unique
1642 3601 45 33 et
1709 3589 231 61 précieux
1964 3605 94 45 que
2076 3592 165 44 donne
2263 3598 24 40 à
2313 3606 68 30 un
2404 3606 178 46 compo-

598 3652 156 45 siteur
776 3653 260 47 l'audition
1064 3658 58 43 de
1148 3672 89 30 son
1262 3659 216 59 premier
1503 3674 233 47 ouvrage.
