3507 4391
1641 136 70 52 79

120 272 313 60 Vieuxtemps,
470 268 226 57 Joachim,
737 271 132 49 Laub
900 290 41 31 u.
972 290 33 32 s.
1036 290 74 40 w.,
1155 273 197 49 konnten
1383 274 143 48 daher
1555 294 85 30 nur

116 349 129 47 einen
277 363 111 46 ganz
421 346 353 64 rhapsodischen
809 350 231 47 Eindruck
1072 351 205 47 machen.
1317 353 98 46 Der
1444 353 196 64 Vortrag

118 439 182 34 unseres
344 430 147 39 ersten
539 423 362 51 Violoncellisten
947 429 198 63 Knoop
1186 428 198 48 erfreute
1426 430 90 46 sich
1562 431 79 47 der

118 499 340 66 allgemeinsten
491 500 88 46 und
611 502 313 63 gerechtesten
957 504 358 66 Anerkennung.
1373 507 63 46 Er
1466 506 150 49 verbin-

116 578 77 48 det
221 577 78 47 mit
330 577 124 45 einer
497 579 173 46 nahezu
715 581 279 47 vollendeten
1026 582 201 47 Technik
1279 583 128 48 einen
1456 601 184 46 grossen

118 657 99 45 Ton
249 654 88 46 und
370 653 99 47 eine
498 662 107 39 stets
645 657 268 55 natürliche,
957 659 187 47 niemals
1188 660 454 64 hypersentimentale

116 731 376 64 Vortragsweise.
626 732 50 45 ln
720 732 261 50 demselben
1027 736 222 48 Concerte
1302 737 227 49 debutirte
1572 739 68 47 die

116 807 388 66 grossherzoglich
550 808 224 49 hessische
804 811 491 65 Hof-Opernsängerin
1334 816 152 47 Fräul.
1517 816 93 47 Kri-

115 887 201 54 stinus,
349 885 170 47 welche
550 885 142 49 durch
726 888 99 47 eine
855 904 165 33 sonore
1051 891 88 46 und
1174 893 339 62 umfangreiche
1542 895 73 46 Alt-

114 963 180 47 stimme
338 961 92 48 und
473 962 229 49 treffliche
732 965 399 66 Gesangsbildung
1174 969 232 47 Aufsehen
1447 978 192 57 erregte.

114 1040 75 47 Sie
220 1038 159 48 wurde
423 1038 269 50 wiederholt
736 1042 89 47 und
865 1045 241 46 stürmisch
1150 1046 188 62 gerufen
1371 1047 88 47 und
1491 1047 149 48 dürfte

116 1119 77 44 für
224 1133 161 31 unsere
415 1117 145 63 Oper,
590 1118 148 47 zumal
768 1118 79 48 das
877 1120 123 48 Fach
1045 1122 124 47 einer
1199 1124 176 47 Altistin
1407 1124 231 48 dermalen

113 1193 200 64 gänzlich
357 1193 223 47 verwais't
621 1193 70 56 ist,
734 1195 99 49 eine
870 1198 227 49 treffliche
1129 1200 279 65 Acquisition
1440 1202 198 47 werden.

113 1271 275 46 Interessant
418 1285 96 32 war
543 1270 41 47 in
617 1269 261 53 demselben
906 1275 221 50 Concerte
1156 1278 116 47 auch
1298 1278 69 47 die
1390 1287 108 57 gute
1521 1281 87 46 Aus-

117 1347 207 62 führung
355 1347 77 46 des
468 1347 237 49 reizenden
737 1350 195 50 Finale's
961 1353 78 48 des
1069 1362 147 40 ersten
1241 1357 135 46 Actes
1406 1374 83 30 von
1519 1357 79 47 Mo-

113 1424 162 47 zart's
308 1422 97 49 Cosi
427 1424 99 62 fan
568 1424 114 50 iutie
684 1465 9 8 .
825 1431 113 46 Zum
971 1430 164 49 dritten
1168 1432 219 48 Concerte
1418 1449 121 32 muss
1569 1434 67 46 ich

114 1500 116 50 noch
263 1501 299 64 nachtragen,
605 1502 101 49 dass
738 1505 223 51 Cherub
976 1508 47 48 in
1037 1510 53 46 Ts
1133 1510 232 48 lieblicher
1397 1511 122 47 Chor
1557 1527 80 31 aus

128 1578 240 56 „Blanche
394 1578 56 48 de
477 1579 239 50 Provence
724 1589 17 18 u
783 1585 98 47 eine
925 1585 247 49 besonders
1218 1588 277 48 freundliche
1524 1589 84 47 Auf-

115 1656 168 48 nahme
315 1655 122 57 land,
479 1673 48 31 so
560 1659 84 46 wie
688 1660 260 67 überhaupt
979 1672 132 40 unter
1139 1664 81 48 der
1250 1666 194 64 Leitung
1475 1666 76 47 des
1580 1683 56 30 an

115 1734 139 47 Stelle
283 1732 78 48 des
390 1733 361 66 abgegangenen
771 1739 408 51 Musik-Directors
1204 1743 158 47 Weidt
1390 1744 247 47 berufenen

111 1810 414 49 Musik-Directors
556 1814 231 65 llempel
831 1818 71 47 die
944 1819 278 65 Leistungen
1266 1837 185 32 unseres
1494 1821 145 47 Chors

111 1905 58 31 an
192 1888 227 48 Präcision
452 1889 84 48 wie
565 1906 55 31 an
658 1892 299 67 Nuancirung
990 1898 243 64 ungemein
1262 1915 255 46 gewonnen
1557 1899 53 47 ha-

110 1965 106 58 ben,
256 1981 93 32 was
391 1967 115 47 auch
553 1983 84 32 von
677 1969 101 49 dem
818 1972 239 50 Publicum
1104 1974 70 49 bei
1220 1975 125 65 jeder
1387 1976 248 65 passenden

111 2043 300 63 Gelegenheit
440 2046 255 48 anerkannt
724 2049 127 48 wird.
901 2051 49 47 In
983 2051 263 49 demselben
1280 2054 221 47 Concerte
1532 2061 105 56 trug

111 2120 82 47 der
221 2121 430 49 Hoftheater-Chor
687 2127 114 46 auch
831 2129 112 46 zwei
974 2145 84 31 von
1089 2131 376 48 Schumann's
1506 2133 102 54 „Lie-

109 2198 111 47 dern
251 2198 59 46 im
659 2216 91 33 vor.

224 2274 155 48 Ueber
402 2274 71 48 die
503 2277 703 66 Orchester-Leistungen
1238 2282 58 47 im
1322 2284 312 63 Allgemeinen

112 2350 121 49 kann
263 2351 69 47 ich
363 2369 87 30 nur
478 2367 159 49 sagen,
673 2354 101 48 dass
798 2357 68 47 sie
896 2357 269 67 denjenigen
1197 2360 79 47 der
1305 2362 160 46 letzten
1495 2362 140 48 Jahre

112 2430 43 45 in
186 2428 157 48 keiner
374 2430 157 47 Weise
561 2432 309 50 nachstanden
910 2437 91 46 und
1034 2437 339 66 Vorbereitung
1405 2439 83 47 wie
1518 2441 87 46 Aus-

112 2506 205 65 führung
346 2507 238 48 derselben
616 2510 143 63 gleich
791 2514 241 64 sorgfältig
1063 2531 169 33 waren.
1276 2517 122 47 Herr
1430 2517 173 49 Hof-Ca-

109 2585 272 63 pellmeister
409 2586 135 47 Karl
583 2587 161 49 Reiss
788 2588 77 49 hat
890 2591 91 48 sich
1016 2609 75 30 um
1122 2592 80 48 das
1235 2594 399 48 Concert-Institut

107 2677 157 48 grosse
297 2663 265 48 Verdienste
591 2667 260 58 erworben,
881 2668 71 49 die
984 2686 74 31 um
1090 2686 48 32 so
1171 2670 145 49 höher
1345 2689 50 30 zu
1426 2672 205 48 schätzen

106 2739 94 48 sein
231 2738 198 59 dürften,
473 2741 63 47 als
578 2758 45 31 es
665 2743 282 67 keineswegs
979 2747 174 48 überall
1183 2748 81 47 der
1294 2750 94 47 Fall
1420 2750 68 56 ist,
1532 2750 100 47 dass

106 2816 71 47 die
208 2816 455 66 Opern-Dirigenten
701 2822 115 47 eben
846 2841 48 29 so
924 2823 80 49 viel
1035 2825 140 48 Mühe
1208 2826 87 47 und
1327 2827 200 63 Sorgfalt
1555 2828 82 47 auf

105 2893 72 49 die
209 2894 222 48 Concerte
461 2897 287 58 verwenden,
792 2902 63 45 als
898 2902 81 46 auf
1011 2902 78 48 das
1120 2904 210 48 Theater.
1386 2905 110 47 Wie
1524 2907 104 45 sehr

103 2971 123 48 seine
256 2972 151 65 Oper:
447 2974 161 55 „Otto
640 2975 95 48 der
1056 2981 96 47 hier
1193 2982 193 62 gefallen
1432 2982 90 47 und
1562 2983 67 47 bei

97 3049 132 65 jeder
256 3050 306 66 Aufführung
593 3057 252 46 wärmeren
877 3058 204 64 Applaus
1124 3058 247 64 gefunden,
1414 3060 117 47 habe
1561 3061 67 47 ich

103 3128 141 47 Ihnen
273 3128 139 47 schon
446 3129 156 47 früher
632 3131 235 51 berichtet.

219 3205 143 48 Unter
392 3206 85 48 den
508 3208 357 50 Ouvertüren
898 3209 142 66 („Die
1364 3230 81 32 von
1477 3215 114 47 Men-

102 3281 293 57 delssohn,
449 3302 101 30 zum
910 3306 85 32 von
1039 3291 351 54 Marschner,
1446 3309 50 29 zu
1543 3292 84 48 den

111 3359 416 66 „Abencerragen*
568 3380 83 31 von
685 3366 329 66 Cherubini)
1048 3369 102 47 fand
1191 3368 99 48 eine
1330 3387 115 29 neue
1482 3370 40 46 in
1552 3370 38 48 D-

99 3436 93 48 dur
220 3453 83 31 von
328 3439 222 64 August
581 3442 226 48 Walter
847 3462 155 46 grosse
1032 3446 358 64 Anerkennung.
1528 3448 98 47 Von

102 3514 338 50 Sinfonieen
471 3517 162 49 hörten
666 3521 82 47 wir
778 3521 70 48 die
878 3539 83 31 von
995 3525 47 46 F.
1074 3525 286 47 Schubert
1389 3525 41 46 in
1463 3524 163 57 C-dur,

101 3606 85 33 von
217 3594 322 49 Beethoven
570 3597 80 48 Nr.
683 3597 49 57 8,
776 3615 83 32 von
890 3600 150 49 Niels
1075 3602 78 48 W.
1186 3602 147 48 Gade
1362 3603 78 47 Nr.
1472 3603 32 47 4
1536 3603 89 62 (B~

97 3667 108 66 dur)
237 3670 91 47 und
353 3688 84 32 von
470 3674 132 47 Bob.
633 3675 320 51 Schumann
984 3680 80 48 Nr.
1098 3679 29 49 2
1160 3679 197 65 (C-dur).
1392 3682 81 45 Die
1503 3681 104 47 letzt-

98 3756 229 54 genannte
357 3752 161 61 sprach
550 3769 74 38 an,
668 3754 210 49 wiewohl
922 3756 71 48 die
1024 3757 247 65 wenigsten
1303 3775 80 29 von
1416 3757 85 48 den
1532 3760 60 45 Zu-

100 3825 168 47 hörern
312 3828 113 47 nach
471 3830 289 66 einmaligem
807 3834 157 47 Hören
1007 3836 137 47 volles
1189 3834 316 49 Verständniss
1548 3836 77 48 des

101 3901 201 49 Werkes
330 3919 255 48 gewonnen
616 3908 151 50 haben
796 3910 197 51 dürften.

216 3981 66 47 Im
306 3981 213 49 nächsten
546 3985 223 51 Concerte
794 3989 184 49 werden
1004 3991 83 47 wir
1118 3989 322 50 Ferdinand
1472 3990 151 49 Laub

96 4073 101 32 zum
230 4067 148 40 ersten
409 4060 119 48 Male
558 4062 98 50 hier
686 4064 161 61 hören,
880 4067 89 49 und
997 4068 116 49 freut
1139 4086 104 31 man
1266 4068 91 48 sich
1381 4069 242 64 allgemein

1715 278 81 48 auf
1819 278 70 48 die
1919 280 165 50 nähere
2115 284 352 51 Bekanntschaft
2507 288 141 51 dieses
2685 294 98 47 Irefl
2798 294 144 50 lichen
2973 297 249 49 Künstlers.

1715 356 129 46 Auch
1889 355 71 48 die
1999 358 167 64 hiesige
2194 363 270 48 Liedertafel
2510 365 75 49 hat
2625 368 141 49 durch
2804 373 303 63 Aufführung
3146 375 80 47 der

1716 431 70 49 bei
1830 431 101 49 dem
1976 435 282 67 vorjährigen
2303 440 245 50 deutschen
2578 444 285 65 Sängerfeste
2902 449 43 48 in
2976 450 249 66 Nürnberg

1715 510 278 47 execulirten
2027 511 149 49 Chöre
2205 515 67 46 ein
2312 516 275 50 rühmliches
2613 520 218 65 Zeugniss
2859 541 81 31 von
2971 527 100 48 dem
3099 529 101 48 Stre-

1716 585 86 48 ben
1834 588 89 45 und
1954 588 81 48 der
2064 590 288 66 Tüchtigkeit
2389 595 118 48 ihres
2538 596 283 66 Dirigenten,
2850 600 76 49 des
2957 604 238 67 Hof-Orga-

1713 664 143 47 nisten
1886 665 342 65 Schuppert,
2258 670 225 66 abgelegt.

1824 740 50 47 In
1904 740 80 48 der
2008 745 127 61 Oper
2163 751 89 41 trat
2280 748 62 45 als
2366 749 108 48 Gast
2497 749 71 48 die
2592 749 308 53 schwedische
2925 754 300 67 Hofsängerin

1715 816 119 47 Frau
1865 817 66 47 Mi
1946 834 21 33 c
1981 819 25 47 h
2020 820 154 49 aI-Mi
2190 821 58 48 ch
2265 839 24 33 a
2303 824 44 49 el
2361 824 10 48 i
2401 826 105 49 zwei
2531 828 89 47 Mal
2653 826 80 64 (als
2757 831 196 65 Königin
2977 833 81 47 der
3081 835 146 47 Nacht

1715 894 87 45 und
1837 895 62 46 als
1923 896 43 46 1V1
1983 913 24 30 a
2025 914 92 47 rga
2135 899 113 45 reib
2266 916 23 30 e
2318 900 42 47 in
2392 901 85 49 den
2917 910 78 47 mit
3023 927 202 48 grossem

1713 971 186 48 ßeil'alle
1928 974 90 47 auf.
2073 975 88 48 Die
2188 976 192 50 Stimme
2422 980 53 47 ist
2519 998 120 30 zwar
2677 984 121 48 nicht
2840 986 130 49 mehr
3006 989 41 47 in
3084 998 142 39 erster

1710 1049 348 62 Jugendfrische
2088 1051 89 47 und
2211 1052 245 50 besonders
2493 1057 42 46 in
2566 1057 80 47 der
2674 1060 246 65 Mittellage
2948 1064 104 48 sehr
3084 1065 140 57 dünn,

1712 1125 183 59 Schule,
1929 1127 240 50 Coloratur
2201 1131 88 47 und
2321 1132 162 49 Triller
2511 1134 94 47 sind
2630 1135 164 63 jedoch
2827 1139 198 49 tadellos.

2001 1359 181 72 Tages-
2223 1364 100 53 und
2352 1359 579 72 Unterhaltungs-Blatt.

1793 1468 171 40 üiöln.
1996 1473 80 35 Das
2094 1473 143 37 Comite
2256 1477 60 36 für
2338 1477 67 37 das
2428 1491 47 23 an
2494 1480 71 35 den
2582 1481 262 48 Pfingsttagen
2875 1485 80 37 hier
2982 1498 47 24 zu
3058 1489 165 35 feiernde

1709 1529 466 41 niederrheinische
2203 1537 268 38 Musikfest
2508 1541 66 34 hat
2602 1542 173 46 folgende
2804 1545 137 36 Werke
2970 1558 67 25 zur
3064 1550 138 34 Auffüh-

1708 1602 99 35 rung
1835 1592 213 36 bestimmt:

1787 1652 73 34 Am
1901 1658 169 31 ersten
2112 1657 142 46 Tage:
2306 1686 16 20 r
2329 1659 225 36 Salomon
2561 1660 16 18 a
2585 1687 9 19 ,
2641 1662 217 38 Oratorium
2898 1678 75 23 von
3016 1668 206 45 Händel,

1710 1712 96 33 nach
1835 1712 66 36 der
1928 1713 495 47 Original-Partitur
2451 1722 77 33 und
2555 1723 67 34 mit
2651 1723 65 35 der
2735 1724 31 35 O
2781 1727 442 50 rgel-Begleitung,

1711 1772 141 36 welcbe
1879 1775 342 38 Mendelssohn
2249 1781 61 33 für
2339 1780 58 35 die
2416 1782 244 47 Aufführung
2688 1786 50 33 im
2755 1786 117 36 Jahre
2897 1786 107 46 1835,
3034 1790 59 35 die
3115 1792 88 35 eben-

1712 1833 85 34 falls
1827 1835 36 33 in
1893 1835 102 35 Köln
2021 1837 100 35 Statt
2148 1839 104 46 fand,
2281 1842 247 44 geschrieben
2559 1843 75 35 bat.

1787 1894 70 34 Am
1899 1898 197 33 zweiten
2141 1900 146 45 Tage:
2340 1901 214 36 Ouvertüre
2599 1903 76 35 und
2717 1906 143 36 Scenen
2913 1920 68 24 aus
3031 1911 155 36 Gluck
3191 1913 7 13 1
3210 1926 16 22 »

1714 1952 280 48 „Iphigenie
2021 1957 46 34 in
2094 1957 158 36 Aulis*
2253 1960 8 16 4
2270 1985 7 8 .
2385 1960 166 37 Sanctus
2580 1964 76 34 und
2691 1967 158 35 Osanna
2875 1980 69 23 aus
2975 1970 62 35 der
3065 1971 162 37 H-moll-

1709 2013 158 36 Messe
1897 2027 72 24 von
1995 2016 103 37 Job.
2128 2018 99 35 Seb.
2257 2019 138 37 Bach.
2502 2023 222 38 Sinfonie
2751 2028 68 35 Nr.
2850 2028 54 35 IX
2932 2031 67 33 mit
3027 2032 99 36 Chor
3154 2046 72 24 von

1710 2075 296 38 Beethoven.

1783 2138 73 33 Am
1895 2137 189 37 dritten
2126 2141 144 45 Tage:
2314 2142 221 36 Sinfonie
2575 2157 72 23 von
2694 2146 36 38 J.
2759 2148 172 47 Haydn
3053 2153 171 46 ..Hymne

1707 2208 47 24 an
1783 2197 58 36 die
2047 2202 60 33 für
2133 2201 91 45 Soli,
2251 2202 102 35 Chor
2381 2204 76 35 und
2488 2205 205 37 Orchester
2721 2220 72 23 von
2822 2211 276 37 Ferdinand
3119 2214 79 36 Hil-

1708 2256 84 37 ler.
1898 2259 277 35 Ouvertüre
2213 2273 47 21 zu
2293 2263 109 44 „lluy
2578 2277 71 23 von
2678 2267 352 41 Mendelssohn.
3135 2275 69 35 Ver-

1709 2316 199 36 schiedene
1936 2319 608 50 Sologesang-Vorträge.

1785 2378 71 35 Die
1898 2379 280 36 Solo-Partieen
2222 2381 122 35 haben
2388 2383 286 40 übernommen:
2719 2387 101 36 Frau
2864 2391 172 36 Louise
3076 2393 120 39 Dust-

1708 2439 329 47 mann-Meyer
2064 2453 69 23 aus
2163 2442 107 35 Wien
2291 2442 197 48 (Sopran);
2516 2446 179 35 Fräulein
2724 2448 264 39 Francisca
3017 2454 208 38 Schreck

1709 2510 69 24 aus
1802 2500 103 34 Bonn
1930 2501 121 47 (Alt);
2080 2502 58 34 die
2166 2503 141 35 Herren
2338 2504 220 37 Schnorr
2584 2519 88 23 von
2702 2509 283 38 Karolsfeld
3014 2526 69 23 aus
3111 2516 90 35 Dres-

1707 2560 71 35 den
1807 2562 155 44 (Tenor)
1990 2563 76 34 und
2096 2564 178 35 Becker
2302 2576 67 23 aus
2400 2566 223 35 Darmstadt
2653 2569 141 47 (Bass).

1784 2622 175 46 Dirigent
1987 2623 65 35 der
2079 2625 398 47 Fest-Aufführungen
2495 2640 8 22 :
2546 2628 287 47 Capellmeister
2872 2634 134 36 Ferd.
3050 2637 173 38 Hiller.

1706 2681 190 36 Anführer
1924 2684 63 34 des
2016 2684 246 36 Orchesters:
2307 2687 60 34 die
2408 2686 318 40 Concertmeister
2764 2692 37 36 J.
2837 2694 266 39 Grunwald
3147 2701 76 34 und

1705 2741 43 37 O.
1779 2755 88 23 von
1896 2745 305 46 Königslöw.

1780 2848 102 35 Frau
1912 2848 266 36 Schumann
2218 2851 49 35 ist
2307 2852 65 34 der
2400 2853 229 48 Einladung,
2672 2857 96 35 nach
2799 2858 138 37 Paris
2975 2874 47 23 zu
3051 2864 171 39 kommen

1704 2908 75 34 und
1804 2908 83 36 dort
1914 2909 181 36 Concerte
2123 2922 48 22 zu
2199 2912 132 45 geben,
2359 2914 146 45 gefolgt
2547 2915 76 34 und
2652 2917 51 35 ist
2731 2918 112 36 dahin
2871 2921 211 46 abgereist.
3142 2928 75 33 Das

1703 2968 292 36 Etablissement
2022 2971 153 34 Erard
2216 2972 65 34 hat
2309 2973 57 34 die
2395 2976 289 44 Arrangements
2715 2978 279 49 übernommen;
3041 2983 63 37 der
3131 2987 89 35 Saal

1700 3029 50 33 ist
1780 3030 135 35 bereits
1944 3032 61 34 für
2032 3032 101 34 vier
2161 3031 184 37 Concerte
2373 3034 187 39 abonnirt.

1781 3133 368 49 Wiesbaden,
2181 3136 32 36 5.
2244 3136 115 37 März.
2389 3138 56 33 Zu
2469 3138 82 35 dem
2575 3142 173 43 grössten
2770 3143 194 39 Bedauern
2989 3148 64 36 der
3078 3150 120 35 Kunst-

1701 3194 159 34 freunde
1896 3196 39 33 in
1976 3206 155 25 unserer
2159 3196 109 35 Stadt
2309 3198 76 34 und
2425 3199 38 34 in
2511 3199 69 35 den
2623 3201 331 41 Naehbarstädten
2982 3209 125 35 Mainz
3144 3211 77 35 und

1701 3255 209 34 Frankfurt
1938 3255 65 34 hat
2030 3255 59 35 die
2115 3257 293 47 Wiederholung
2437 3258 64 35 der
2530 3261 69 33 mit
2627 3273 42 23 so
2697 3275 168 33 grossem
2890 3266 130 48 Erfolg
3043 3269 80 35 hier
3142 3272 60 33 auf-

1700 3316 198 45 geführten
1940 3316 99 46 Oper
2082 3316 110 47 „Die
2632 3333 71 24 von
2747 3324 135 39 Ferd.
2924 3327 158 37 Hiller
3122 3331 98 35 noch

1698 3376 107 34 nicht
1833 3376 100 34 Statt
1960 3377 123 34 finden
2114 3378 159 43 können,
2315 3378 47 35 da
2390 3380 96 35 Herr
2514 3381 153 45 Schulz,
2712 3385 160 35 welcher
2909 3386 58 36 die
2995 3389 125 35 Partie
3156 3390 64 36 de«

1698 3438 212 34 römischen
1937 3438 201 35 Präfecten
2167 3441 114 45 singt,
2310 3441 118 35 durch
2451 3443 215 36 Krankheit
2693 3458 59 23 am
2780 3448 200 36 Auftreten
3008 3451 214 37 verhindert

1700 3500 59 34 ist.
1808 3500 48 34 So
1885 3504 142 30 musste
2055 3499 59 36 die
2142 3504 131 32 zweite
2301 3503 246 47 Aufführung
2587 3506 119 35 schon
2748 3519 66 24 vor
2856 3510 88 33 acht
2984 3512 129 45 Tagen
3154 3515 70 33 auf

1700 3571 150 35 morgen
1881 3561 238 47 Donnerstag
2147 3562 69 34 den
2248 3564 36 35 (>.
2312 3563 36 38 d.
2376 3564 77 34 Mts
2484 3566 231 35 verschoben
2743 3568 159 45 werden,
2944 3571 101 35 kann
3081 3573 136 45 jedoch

1699 3622 105 33 nicht
1834 3625 99 33 Statt
1961 3622 137 42 finden,
2138 3623 48 34 da
2216 3624 65 34 der
2314 3629 189 40 genannte
2533 3628 143 44 Sänger
2702 3629 95 35 noch
2827 3630 105 35 nicht
2959 3644 94 33 ganz
3084 3634 133 35 wieder

1700 3681 219 46 hergestellt
1945 3682 60 35 ist.
2062 3682 50 34 Es
2148 3694 108 23 muss
2298 3684 82 35 sich
2418 3685 96 34 denn
2557 3686 66 35 das
2654 3688 199 36 Publicum
2883 3690 57 35 bis
2969 3692 248 36 Mittwoch

1700 3743 87 34 den
1819 3741 55 38 12.
1904 3743 204 45 gedulden,
2140 3756 56 23 wo
2226 3745 59 35 die
2314 3745 101 47 Oper
2441 3747 169 46 gegeben
2641 3749 148 35 werden
2819 3752 104 37 wird.
2951 3752 69 35 Die
3051 3753 141 36 Wieder-

1698 3804 143 46 holung
1877 3803 92 36 wird
2011 3806 60 33 für
2110 3805 226 47 diejenigen,
2380 3807 143 35 welche
2564 3808 66 35 der
2670 3815 124 30 ersten
2823 3812 240 46 Aufführung
3094 3815 102 45 beige-

1698 3865 127 35 wohnt
1853 3863 135 45 haben,
2016 3866 96 35 noch
2140 3869 60 33 ein
2229 3866 221 36 besonderes
2474 3871 189 33 Interesse
2691 3871 167 34 dadurch
2887 3874 209 45 gewinnen,
3128 3876 87 35 das*

1697 3926 67 34 der
1792 3924 219 47 Componist
2039 3926 83 35 dem
2155 3926 230 37 Vernehmen
2411 3928 98 35 nach
2538 3930 122 45 einige
2677 3931 229 46 Kürzungen
2927 3944 289 36 vorgenommen

1695 3987 76 35 und
1801 3988 50 33 im
1880 3987 141 35 letzten
2050 3990 95 33 Acte
2181 3991 79 33 eine
2289 4001 97 23 neue
2415 3990 118 35 Scene
2563 3991 134 43 (Duett
2725 3992 186 35 zwischen
2939 3993 101 36 Frau
3071 3996 142 36 Deels

1698 4046 183 49 [Clythia]
1908 4048 78 35 und
2018 4049 121 36 Herrn
2167 4050 265 35 Schneider
2461 4050 187 47 [Luciua];
2677 4051 187 47 eingelegt
2891 4053 78 38 hat.
