3144 4363
2920 28 57 69 17

97 1409 133 60 AN
278 1409 201 63 OLD
531 1411 482 61 PROBLEM

296 1510 524 59 SOLVED

112 1654 262 46 WHAT
437 1656 103 45 TO
605 1658 114 45 DO
790 1657 232 46 WITH

225 1739 670 48 SHAKESPEARE

95 1821 85 38 BY
232 1822 50 43 J.
343 1823 310 40 SOMERS
714 1824 299 41 BACON.

92 1969 178 102 THE
322 1974 184 53 question
558 1972 109 45 what
723 1984 40 33 to
815 1973 54 45 do
916 1975 97 43 with

183 2032 277 57 Shakespeare
490 2033 75 45 still
607 2035 168 44 remains
805 2035 208 51 unsolved,

92 2093 82 45 and
207 2093 15 45 1
256 2112 172 39 propose
459 2106 42 33 to
533 2095 57 44 do
622 2114 67 38 my
712 2096 85 44 best
831 2109 41 32 to
903 2096 110 46 solve

92 2157 28 42 it
153 2173 111 27 now.

152 2216 85 44 We
273 2217 46 45 of
359 2217 68 44 the
470 2217 15 25 n
510 2217 108 45 New
650 2217 241 46 Movement
912 2219 16 27 9
972 2222 41 43 in

90 2277 178 45 Theatre
320 2278 127 50 work,
501 2279 215 57 especially
762 2280 68 45 the
882 2284 131 45 scenic

90 2357 107 33 men,
228 2358 67 26 are
326 2340 69 44 the
426 2339 183 58 culprets,
642 2359 44 26 so
718 2341 96 57 they
844 2360 83 39 say.

153 2401 80 44 But
264 2403 30 42 it
325 2403 32 42 is
389 2413 70 32 not
490 2404 150 53 against
671 2420 79 39 any
781 2403 45 45 of
858 2421 47 27 us
927 2403 86 45 that

90 2462 69 44 the
190 2464 102 54 prim
313 2462 82 45 and
416 2462 198 56 righteous
634 2464 82 44 and
739 2464 101 45 their
863 2465 150 45 friends

88 2523 145 45 should
256 2523 102 45 level
381 2524 101 44 their
501 2527 259 43 accusations.
811 2526 84 51 No,
918 2526 95 57 they

87 2584 145 45 should
253 2603 143 26 accuse
418 2585 277 58 Shakespeare
715 2587 82 45 and
826 2587 84 46 find
931 2588 82 45 and

87 2645 192 57 proclaim
311 2647 60 44 his
404 2646 129 46 faults.

150 2707 125 51 Well,
307 2726 112 27 some
450 2709 56 44 do
537 2709 93 45 this.
699 2710 121 56 They
851 2728 69 39 say
960 2711 53 45 he

87 2770 31 43 is
151 2780 69 33 too
259 2769 251 46 Theatrical.

150 2831 65 43 As
264 2830 61 45 for
371 2831 100 51 that,
518 2850 77 32 we,
640 2832 118 57 being
808 2833 205 45 theatrical

85 2892 214 51 ourselves,
322 2911 67 26 are
419 2893 139 56 happy
579 2905 42 32 to
654 2894 84 45 find
762 2894 71 45 old
856 2895 131 45 Shake-

85 2971 140 39 speare
256 2972 26 25 a
313 2954 60 44 bit
403 2954 135 57 gaudy
569 2965 83 41 too,
696 2956 83 45 and
811 2968 42 33 to
896 2956 117 46 make

86 3034 44 25 as
162 3015 120 45 much
312 3015 46 44 of
388 3016 28 44 it
450 3034 43 26 as
524 3034 65 26 we
620 3017 177 57 possibly
828 3036 89 28 can.

149 3076 105 45 And
304 3077 131 57 surely
480 3077 122 46 when
654 3078 280 58 Shakespeare
980 3081 31 44 is

87 3138 121 45 made
241 3139 119 44 much
393 3139 44 44 of
468 3141 80 44 and
579 3141 157 55 spoiled
775 3160 24 26 a
830 3141 98 45 little
959 3142 52 44 he

85 3201 45 49 is,
163 3200 186 57 perhaps,
369 3219 25 25 a
414 3200 98 45 little
534 3219 109 27 more
663 3202 123 58 easily
814 3205 196 55 managed

85 3261 98 44 than
225 3261 32 45 if
304 3261 169 57 brought
515 3281 56 38 up
607 3264 82 44 and
727 3264 169 56 brought
939 3276 70 33 out

85 3322 287 57 puritanically.
436 3323 84 45 Yet
556 3324 121 46 when
719 3327 28 43 it
789 3344 135 27 comes
966 3338 43 32 to

84 3386 156 54 putting
272 3403 24 25 a
328 3384 95 57 play
454 3384 56 56 by
543 3386 278 57 Shakespeare
853 3406 54 27 on
941 3388 68 45 the

82 3457 110 45 stage
224 3445 68 45 the
325 3446 164 44 difficult
521 3459 88 43 part
630 3448 68 45 lies
728 3451 41 43 in
801 3451 208 55 managing

84 3508 70 43 the
201 3507 95 57 play
428 3508 61 43 for
531 3511 29 41 it
605 3511 32 43 is
683 3528 45 26 so
776 3511 155 57 unruly,
964 3530 45 26 so

82 3569 108 55 huge
220 3570 83 45 and
333 3569 227 57 sprawling.

145 3630 131 46 What
307 3642 43 33 to
371 3631 55 44 do
448 3650 53 25 no
522 3650 79 27 one
632 3632 71 46 has
725 3645 69 44 yet
814 3633 193 47 decided.

81 3692 119 45 Who
249 3694 33 43 is
335 3693 86 44 best
468 3693 113 46 fitted
633 3706 42 33 to
728 3695 145 46 decide
890 3701 19 39 ?
962 3697 47 44 A

83 3772 159 37 parson,
266 3772 24 26 a
310 3755 233 57 shipwright
559 3774 45 26 or
625 3775 24 25 a
665 3763 344 50 stage-manager?

148 3815 43 45 In
222 3818 102 54 spite
355 3817 45 44 of
431 3817 68 44 the
537 3817 147 44 letter's
724 3818 285 58 shortcomings

85 3876 14 44 I
132 3877 124 57 really
287 3878 113 44 think
442 3880 87 43 that
559 3879 69 44 the
670 3892 101 33 most
805 3882 204 44 theatrical

82 3950 317 45 stage-manager
430 3941 32 43 is
499 3941 68 45 the
597 3960 80 26 one
707 3942 97 44 who
846 3961 76 27 can
953 3943 56 45 do

81 4000 70 44 the
198 4000 98 45 trick
343 4002 99 50 best,
569 4022 24 25 a
641 4003 98 45 trick
771 4003 136 46 which
954 4023 54 27 no

77 4080 83 26 one
191 4061 80 46 else
317 4081 78 27 can
425 4063 85 48 do:
651 4065 85 45 that
767 4067 33 43 is
847 4078 41 33 to
917 4085 87 40 say,

77 4141 189 37 preserve
282 4124 311 58 Shakespeare's
608 4126 112 58 plays
737 4127 62 44 for
807 4127 200 57 England.

143 4184 142 47 While
316 4188 29 43 it
378 4189 31 42 is
451 4190 112 52 quite
595 4201 87 33 true
719 4190 85 43 that
847 4190 133 45 Shake-

1055 148 140 37 speare
1225 132 32 42 is
1277 142 68 34 not
1378 150 23 26 a
1423 132 108 55 good
1565 132 249 57 play-maker
1846 136 41 44 in
1909 135 68 45 the

1054 193 164 42 strictest
1265 211 111 26 sense
1421 193 45 44 of
1496 194 68 45 the
1611 194 127 51 word,
1787 195 62 45 it's
1891 196 87 45 odd

1054 252 98 44 how
1183 270 94 39 very
1310 254 204 46 theatrical
1545 255 52 45 he
1628 257 44 50 is,
1698 290 55 11 ....
1778 256 177 46 Poetical-

1056 313 218 46 theatrical.

1115 374 118 46 Take
1254 376 69 44 the
1355 376 78 44 first
1454 395 119 27 scene
1602 379 40 43 in
1678 379 17 25 n
1720 378 200 46 Macbeth
1943 380 16 25 n
1966 416 10 9 .

1117 435 115 45 Here
1254 454 63 27 v/e
1340 437 104 45 have
1466 439 111 43 three
1599 439 68 45 old
1690 439 107 57 hags,
1825 441 151 45 Scotch

1057 498 178 50 witches,
1284 500 209 55 imagining
1539 500 84 45 that
1656 501 98 56 they
1801 520 75 27 can
1908 520 72 27 run

1057 559 102 43 their
1200 559 333 55 neighbourhood
1579 561 55 56 by
1665 563 130 55 giving
1842 581 56 38 up
1929 563 52 45 all

1059 619 117 44 that's
1207 620 127 57 bright
1367 621 82 44 and
1481 640 75 37 gay
1587 625 41 42 in
1658 623 69 44 life
1769 624 80 44 and
1882 643 74 27 con-

1057 682 218 55 centrating
1321 682 99 45 with
1453 682 89 57 fury
1585 683 176 46 towards
1802 686 179 45 mischief

1060 776 58 11 ....
1151 742 75 56 dry
1257 741 70 46 old
1359 743 108 56 hags.

1118 802 121 58 They
1270 816 104 33 meet
1406 823 97 26 over
1550 824 111 26 some
1692 819 71 44 pot
1806 807 45 44 of
1882 820 100 33 stew

1058 863 135 45 which
1225 865 95 56 they
1341 865 106 45 can't
1479 878 64 33 eat
1575 868 81 44 and
1678 886 110 26 some
1821 868 161 57 bootleg

1058 924 154 57 whisky
1243 927 135 44 which
1409 928 96 56 they
1536 928 105 51 love,
1675 931 80 44 and
1798 929 116 46 make
1959 951 24 24 a

1057 986 96 45 little
1174 988 122 55 quiet,
1321 1006 97 38 very
1440 990 284 45 concentrated
1741 990 81 45 and
1840 992 143 58 utterly

1060 1048 262 46 mischievous
1354 1068 156 39 prayer.

1120 1109 165 58 Having
1317 1110 108 45 done
1458 1113 87 50 this,
1581 1114 94 56 they
1706 1128 180 43 separate

1058 1171 82 44 and
1170 1173 41 43 in
1242 1175 221 55 separating
1505 1175 94 56 they
1632 1176 69 45 ask
1733 1177 122 45 when
1888 1177 96 57 they

1058 1232 98 44 shall
1188 1246 105 32 meet
1324 1236 127 54 again,
1485 1238 81 44 and
1599 1255 43 26 so
1675 1255 66 28 on.

1122 1294 111 46 Now
1255 1314 79 38 any
1354 1298 168 44 sensible
1544 1300 167 45 modern
1733 1299 252 57 play-writer

1060 1356 139 45 would
1240 1357 105 46 have
1378 1359 119 45 made
1545 1361 107 45 them
1684 1361 82 44 talk
1813 1374 42 32 at
1886 1363 97 44 least

1061 1418 261 55 reasonably.
1427 1421 198 47 Whereas
1668 1422 100 45 their
1820 1423 82 46 talk
1953 1426 32 43 is

1061 1481 301 51 unreasonable,
1409 1482 136 57 highly
1576 1483 204 51 coloured,
1823 1503 42 26 as
1898 1503 58 38 my-

1061 1542 158 56 stifying
1240 1561 42 26 as
1300 1561 71 27 our
1388 1545 126 44 critics
1531 1545 82 45 find
1630 1545 151 56 Craig's
1799 1548 183 55 writings,

1062 1604 293 51 semi-musical,
1378 1606 94 49 and,
1502 1624 43 26 as
1568 1607 13 43 I
1607 1606 104 45 have
1733 1607 148 57 always
1902 1608 83 45 had

1064 1676 42 33 to
1138 1665 137 51 admit,
1309 1684 97 38 very
1438 1667 218 47 theatrical.

1124 1726 94 45 The
1251 1727 163 57 English
1442 1729 312 56 unprofessional
1787 1731 198 57 producer

1064 1789 121 44 when
1231 1789 52 44 he
1329 1808 134 26 comes
1496 1802 41 33 to
1583 1794 29 42 it
1659 1792 238 45 determines
1944 1805 42 33 to

1063 1850 172 56 simplify
1267 1852 41 49 it,
1434 1863 42 32 to
1514 1852 205 58 discipline
1750 1856 30 42 it
1905 1856 81 43 and

1063 1923 43 32 to
1137 1913 182 53 organize
1349 1912 83 45 and
1458 1912 113 58 bring
1602 1933 54 37 up
1680 1914 163 57 politely
1875 1916 111 45 what

1061 1974 31 41 is
1123 1973 144 56 utterly
1296 1973 113 45 wild.
1472 1975 15 43 I
1521 1975 114 45 don't
1656 1975 78 45 like
1767 1977 67 45 the
1854 1978 131 45 result.

1060 2033 101 45 This
1194 2034 80 45 first
1293 2053 118 26 scene
1435 2036 94 45 then
1562 2038 186 44 becomes
1770 2038 97 52 dull,
1901 2039 81 51 flat,

1061 2095 124 56 bony.

1123 2156 70 45 Mr
1225 2156 181 46 William
1453 2158 102 45 Poel
1601 2161 31 43 is
1681 2173 68 32 not
1798 2161 68 45 the
1909 2162 77 45 first

1060 2217 257 57 Englishman
1349 2221 96 44 who
1493 2220 69 44 felt
1611 2223 82 42 and
1740 2223 168 56 thought
1945 2227 42 42 in

1059 2279 76 44 this
1166 2298 93 38 way
1385 2300 72 26 nor
1491 2282 70 44 Mr
1591 2284 154 44 Archer
1794 2285 67 44 the
1909 2285 77 46 first

1060 2340 163 56 English
1254 2343 121 44 critic.
1440 2344 136 43 There
1608 2344 104 45 have
1746 2345 103 46 been
1867 2345 96 47 thou-

1060 2403 119 43 sands
1210 2403 97 44 who
1340 2404 69 44 felt
1441 2423 42 25 as
1515 2405 96 57 they
1643 2408 71 49 do,
1746 2425 86 27 saw
1876 2408 111 45 what

1060 2464 96 56 they
1187 2483 96 31 saw,
1409 2466 84 44 that
1526 2486 23 25 a
1582 2467 277 58 Shakespeare
1895 2469 93 58 play

1060 2528 31 41 is
1122 2544 25 25 a
1177 2526 220 58 disorderly
1428 2529 115 55 piece
1581 2528 46 45 of
1672 2530 315 59 workmanship,

1060 2587 81 44 and
1173 2587 124 46 needs
1327 2589 178 56 bringing
1534 2601 41 33 to
1597 2591 127 51 earth,
1746 2593 124 44 needs
1890 2612 98 38 soap

1060 2648 82 44 and
1164 2660 124 33 water
1308 2650 81 44 and
1420 2651 210 56 scrubbing
1661 2652 120 45 brush
1812 2665 43 33 to
1877 2656 111 44 wash

1060 2728 118 38 away
1199 2710 51 44 all
1272 2713 48 43 its
1335 2711 128 51 faults,
1481 2713 214 57 especially
1711 2714 276 47 theatricalism

1152 2770 31 45 if
1224 2773 29 44 it
1284 2773 32 44 is
1352 2773 277 46 theatricalism
1661 2775 135 46 which
1838 2779 32 43 is
1917 2790 71 33 not

1061 2833 164 45 wanted
1256 2834 41 44 in
1331 2834 66 44 the
1428 2835 193 46 Theatre.

1120 2894 138 45 These
1289 2896 223 54 gentlemen
1544 2916 68 26 are
1644 2909 69 33 not
1747 2900 163 58 entirely
1943 2913 41 33 to

1061 2956 51 44 be
1144 2956 163 45 blamed
1348 2958 61 44 for
1439 2957 122 57 doing
1602 2978 43 26 as
1677 2960 95 57 they
1804 2961 72 55 do,
1922 2963 63 45 for

1060 3017 141 56 calling
1218 3030 68 32 out
1308 3020 148 55 against
1474 3020 257 57 overloading
1746 3022 69 45 the
1831 3022 153 47 Drama

1059 3080 100 43 with
1189 3098 165 38 scenery
1375 3083 81 43 and
1489 3084 123 43 music
1635 3085 80 43 and
1752 3084 16 25 11
1790 3084 137 46 effects
1950 3087 17 25 n
1971 3121 10 16 ,

1060 3140 61 44 for
1151 3142 29 43 it
1201 3143 43 48 is,
1280 3142 15 44 I
1319 3142 168 51 believe,
1521 3143 101 46 their
1642 3146 153 43 natural
1826 3148 156 45 instinct

1058 3214 42 32 to
1132 3203 101 44 wish
1254 3214 43 33 to
1318 3222 183 38 preserve
1533 3223 42 27 as
1597 3207 120 43 much
1748 3207 45 43 of
1823 3208 132 46 Shake-

1056 3264 173 56 speare's
1276 3266 135 44 words
1458 3267 80 44 and
1586 3268 121 44 noble
1754 3271 228 44 sentiments

1056 3325 83 45 and
1187 3344 101 26 even
1336 3345 110 27 more
1493 3327 97 47 than
1632 3329 124 51 these,
1806 3349 42 26 as
1895 3332 86 46 best

1058 3388 94 55 they
1183 3406 89 27 can.

1119 3448 83 45 Yet
1233 3449 110 46 what
1376 3450 99 45 with
1506 3463 166 45 protests
1703 3452 108 52 here,
1844 3455 113 44 scrub-

1056 3510 93 57 bing
1166 3511 125 52 there,
1319 3513 80 45 and
1417 3515 269 53 organization
1708 3517 272 55 everywhere,

1057 3572 67 45 the
1156 3572 112 57 plays
1299 3591 68 26 are
1397 3574 141 56 slowly
1571 3575 118 56 being
1719 3595 115 27 worn
1865 3596 118 39 away

1056 3633 80 45 and
1169 3653 101 26 soon
1301 3634 82 45 will
1416 3636 52 44 be
1500 3636 73 45 lost
1607 3649 42 32 to
1681 3656 60 27 us.

1117 3695 96 46 The
1242 3697 135 44 words
1423 3715 67 27 are
1522 3698 164 58 already
1733 3700 118 57 being
1891 3701 89 50 lost,

1058 3758 193 45 ...rtheir
1272 3777 112 26 sense
1415 3777 84 27 was
1520 3760 75 45 lost
1616 3760 92 57 long
1740 3781 76 37 ago
1834 3781 11 32 ;
1879 3764 103 44 their

1056 3820 124 44 music
1211 3821 144 55 going;
1482 3821 68 44 the
1595 3824 153 55 picture
1784 3824 81 45 and
1915 3826 68 43 the

1055 3883 187 44 situation
1263 3900 54 26 no
1338 3882 135 57 longer
1494 3883 96 45 held
1613 3886 157 56 worthy
1802 3897 40 33 to
1865 3886 117 45 stand

1055 3943 131 51 alone,
1211 3944 170 58 ....(and
1402 3944 44 45 of
1467 3963 138 27 course
1626 3946 96 57 they
1745 3948 144 45 should
1911 3960 71 33 not

1055 4005 116 44 stand
1202 4005 135 59 alone)
1359 4025 11 26 :
1504 4007 68 45 the
1604 4007 116 57 place
1762 4010 133 44 rather
1941 4012 41 43 in

1055 4069 119 43 ruins.

1120 4129 13 42 I
1168 4127 111 45 think
1301 4129 86 45 that
1418 4148 110 27 some
1551 4132 145 44 serious
1728 4144 106 45 steps
1856 4133 123 57 might

1056 4190 51 45 be
1129 4190 120 45 taken
1270 4202 42 33 to
1335 4191 146 45 decide
1502 4192 29 44 if
1552 4195 109 42 what
1685 4194 15 44 I
1722 4214 69 35 say
1824 4195 51 44 be
1896 4207 86 33 true

2023 154 44 27 or
2099 148 84 40 not,
2216 137 241 46 ....whether
2488 139 310 58 Shakespeare's
2839 143 112 57 plays

2024 216 67 26 are
2121 199 42 44 in
2184 200 117 49 ruins,
2333 200 82 45 and
2444 200 59 44 his
2537 201 153 45 theatre
2721 214 97 35 too:
2853 204 96 51 and,

2024 258 31 44 if
2086 258 75 45 this
2194 260 51 44 be
2278 271 98 39 true,
2411 272 42 33 to
2485 279 149 33 secure,
2658 263 192 57 (without
2884 265 67 45 the

2026 320 119 56 delay
2176 320 44 45 of
2253 338 108 27 more
2382 321 96 45 than
2510 324 167 44 another
2701 326 253 56 twenty-five

2026 384 132 55 years)
2189 400 109 27 some
2330 400 93 27 new
2455 383 124 45 house
2608 385 81 44 and
2723 385 146 59 keeper
2891 388 65 44 for

2028 442 75 45 this
2135 442 140 56 unruly
2323 443 71 45 but
2427 444 176 57 possibly
2650 447 126 45 useful
2819 449 135 44 article

2027 503 150 45 known
2208 522 41 26 as
2292 504 288 57 Shakespeare,
2727 526 46 26 or
2811 510 145 45 what's

2027 564 69 45 left
2129 565 44 44 of
2204 566 94 43 him.
2364 566 16 43 I
2413 566 115 46 don't
2561 567 122 46 know
2721 569 31 44 if
2783 588 65 27 we
2879 588 77 28 can

2027 626 130 46 afford
2201 637 41 33 to
2290 626 104 56 keep
2422 627 68 44 the
2523 646 104 33 man,
2679 629 72 45 but
2791 632 15 43 I
2840 631 115 46 don't

2027 687 114 44 think
2162 688 52 43 he
2234 688 144 45 should
2403 688 52 44 be
2486 688 16 26 n
2521 691 198 55 scrapped
2738 691 16 26 n
2777 693 184 56 together

2028 748 98 45 with
2179 748 142 45 useless
2372 748 161 46 officials
2586 750 44 45 of
2683 752 139 47 Home
2876 755 84 44 and

2029 809 170 57 Foreign
2230 809 148 46 Office.

2162 870 46 51 If,
2241 889 54 27 on
2329 872 67 44 the
2417 872 113 45 other
2560 874 124 50 hand,
2708 893 65 28 we
2804 889 150 33 cannot

2029 932 124 44 house
2184 932 83 45 him
2298 934 42 44 in
2359 950 73 28 our
2462 952 97 27 own
2590 935 112 51 land,
2733 937 54 45 let
2811 955 44 27 us
2889 938 70 45 sell

2029 993 95 50 him,
2163 1028 55 11 ....
2252 994 52 45 let
2336 1011 46 27 us
2414 995 16 25 ,f
2455 996 141 44 realize
2621 996 16 26 n
2671 1015 109 38 upon
2811 999 97 46 him.

2092 1055 128 45 What
2268 1056 15 44 I
2324 1074 117 26 mean
2486 1058 31 43 is
2560 1057 88 46 this.
2726 1060 14 43 I
2785 1059 56 45 do
2890 1074 71 32 not

2029 1117 187 56 seriously
2249 1115 112 46 think
2404 1117 83 45 that
2519 1136 65 26 we
2629 1136 42 26 as
2703 1120 258 55 Englishmen

2030 1180 123 54 ought
2185 1190 42 32 to
2249 1187 125 36 waste
2405 1178 98 45 him.
2570 1180 14 44 I
2618 1180 56 44 do
2697 1181 123 58 really
2847 1183 113 46 think

2032 1240 85 46 that
2150 1241 109 45 there
2290 1241 33 43 is
2354 1257 78 27 one
2465 1240 153 46 market
2648 1242 61 44 for
2730 1242 82 46 him
2916 1263 45 27 or

2031 1302 178 45 another.

2094 1364 34 45 If
2159 1364 52 45 he
2243 1365 30 43 is
2321 1377 70 32 not
2423 1378 106 43 neat,
2583 1366 125 59 funny
2740 1387 44 26 or
2832 1369 129 59 polite

2031 1426 170 55 enough,
2236 1443 44 27 or
2311 1445 104 27 even
2444 1429 232 57 sufficiently
2723 1431 235 53 handsome,

2031 1486 62 45 for
2124 1505 79 38 any
2234 1487 178 46 Theatre
2443 1490 137 55 public
2611 1492 40 43 in
2683 1491 200 57 England,
2906 1495 54 45 he

2031 1547 76 45 still
2126 1548 72 45 has
2218 1549 60 45 his
2298 1549 268 57 indisputable
2584 1552 115 45 value
2716 1573 41 24 as
2775 1573 51 26 an
2855 1557 16 25 n
2889 1556 70 45 old

2032 1610 168 45 Master.
2210 1611 16 26 R
2306 1610 79 45 His
2418 1612 261 57 thirty-seven
2711 1615 113 57 plays
2856 1617 102 46 after

2032 1670 52 44 all
2115 1689 67 27 are
2223 1672 68 44 the
2322 1673 96 55 only
2460 1677 168 52 genuine
2660 1676 298 58 Shakespeares

2032 1750 65 28 we
2128 1751 151 38 possess
2310 1752 46 25 or
2388 1753 94 26 ever
2514 1754 76 26 can
2622 1755 163 37 possess.
2850 1740 106 45 And

2034 1794 14 43 I
2098 1794 155 45 believe
2300 1796 85 43 that
2432 1814 65 27 we
2545 1799 121 54 might
2714 1810 89 34 turn
2851 1801 109 46 these

2033 1856 262 56 thirty-seven
2326 1857 113 56 plays
2471 1869 41 33 to
2545 1860 129 54 profit.
2731 1860 165 52 France,
2919 1882 44 26 or

2033 1917 220 56 Germany,
2286 1919 82 45 and
2401 1919 194 45 America
2627 1921 138 44 would
2787 1924 176 57 possibly

2034 1979 50 44 be
2117 1978 148 57 willing
2296 1991 43 33 to
2371 1980 192 56 purchase
2594 1982 149 45 twelve
2773 1985 154 55 apiece.

2094 2039 85 46 We
2220 2058 90 28 owe
2354 2043 191 43 A.merica
2588 2061 159 38 money.
2822 2047 137 45 Could

2033 2119 64 27 we
2144 2113 71 33 not
2262 2101 68 46 sell
2359 2102 67 45 the
2473 2105 124 42 entire
2645 2105 118 56 rights
2810 2106 45 45 of
2893 2109 67 45 the

2033 2163 204 56 following
2270 2165 167 43 thirteen
2473 2168 59 54 (as
2563 2166 166 56 twelve)
2772 2167 113 57 plays
2917 2182 43 32 to

2034 2227 193 42 America
2279 2225 61 44 for
2495 2226 319 53 856,000,000,
2869 2231 90 45 thus

2034 2286 219 56 cancelling
2286 2288 68 44 the
2386 2288 100 44 debt
2507 2293 17 39 ?

2097 2348 111 57 King
2243 2349 114 45 Lear.

2100 2410 109 56 King
2241 2410 120 55 John.

2098 2471 110 57 King
2241 2471 177 47 Richard
2453 2472 50 46 11.

2098 2532 110 57 King
2239 2532 145 58 Henry
2417 2533 114 46 VIII.

2098 2594 109 56 King
2239 2594 180 45 Richard
2453 2595 69 46 111.

2098 2657 173 55 Antony
2303 2661 40 39 &
2376 2656 233 58 Cleopatra.

2098 2717 124 55 Julius
2254 2719 161 44 Caesar.

2096 2779 257 55 Cymbeline.

2096 2840 94 45 The
2221 2841 172 55 Taming
2423 2840 46 45 of
2498 2840 68 47 the
2598 2841 159 47 Shrew.

2096 2901 108 45 Ail's
2236 2902 119 45 Well
2385 2903 86 44 that
2501 2902 100 45 ends
2632 2904 135 47 Well.

2095 2963 217 45 Merchant
2342 2963 44 45 of
2417 2964 172 45 Venice.

2095 3024 213 46 Macbeth.

2094 3087 130 45 Much
2256 3086 104 45 Ado
2392 3087 125 45 about
2549 3086 194 60 Nothing.

2091 3149 63 56 By
2185 3150 124 43 entire
2352 3149 118 56 rights
2511 3147 15 46 I
2568 3167 116 28 mean
2726 3152 226 57 publishing

2027 3210 82 45 and
2140 3212 130 54 acting
2292 3210 131 56 rights,
2458 3209 80 45 and
2561 3210 68 44 the
2659 3213 119 55 rights
2811 3225 42 34 to
2876 3215 76 45 call

2027 3271 276 57 Shakespeare
2336 3290 51 26 an
2419 3272 238 46 American.

2159 3334 121 45 Then
2314 3351 63 28 we
2410 3333 121 56 might
2563 3333 69 45 sell
2664 3346 67 34 ten
2766 3347 42 34 to
2842 3338 80 45 Ger-

2030 3413 119 37 many
2180 3395 100 45 with
2312 3412 186 28 reserves.

2090 3452 111 50 Two
2232 3456 243 46 Gentlemen
2506 3455 44 45 of
2582 3456 180 48 Verona.

2091 3518 185 45 Othello.

2093 3579 193 45 Winter's
2317 3579 119 46 Tale.

2093 3641 182 46 Hamlet.

2091 3702 117 46 Titus
2241 3704 275 45 Andronicus.

2091 3764 153 45 Timon
2276 3765 43 44 of
2352 3765 175 47 Athens.

2091 3826 95 45 The
2216 3826 209 56 Tempest.

2092 3887 182 47 Twelfth
2307 3888 139 56 Night.

2091 3949 190 57 Comedy
2312 3949 45 46 of
2387 3949 153 47 Errors.

2092 4012 141 55 Merry
2264 4012 145 45 Wives
2440 4012 44 45 of
2516 4014 211 46 Windsor.

2146 4073 69 44 To
2232 4073 167 45 Eastern
2414 4075 164 56 peoples
2595 4094 65 28 we
2683 4077 121 57 might
2826 4077 130 45 barter

2029 4135 106 55 eight
2168 4135 45 44 of
2244 4135 67 44 the
2344 4135 111 56 plays
2487 4136 62 45 for
2582 4138 55 45 oil
2669 4150 43 33 to
2746 4139 68 45 the
2835 4139 118 44 value

2030 4198 44 44 of
2187 4198 323 57 600,000,000.
