3144 4363
2889 70 62 48 29

95 150 209 45 execrable
338 150 157 45 French
527 150 16 45 I
576 151 124 44 asked
750 151 96 51 him,
882 151 121 45 could
1050 151 52 45 he
1134 152 68 44 tell
1251 171 63 26 me
1347 153 44 44 of
1423 172 78 38 any

94 213 166 49 theatre,
264 229 147 38 —any
442 212 166 50 theatre,
642 213 15 43 I
701 212 465 56 emphasized—within
1199 214 176 56 walking
1406 214 76 55 [dis-

94 285 117 32 tance
242 271 44 45 of
317 273 60 44 his
409 272 102 45 caf£.
582 274 16 25 n
627 273 138 45 There
797 291 67 26 are
897 292 106 26 none
1031 275 17 26 n
1087 275 52 43 he
1171 275 224 51 answered,
1419 275 81 45 and

95 344 109 35 went
236 333 143 45 inside.

194 395 17 25 n
239 395 59 43 So
328 396 69 42 the
429 394 139 44 Vieux
601 393 235 45 Colombier
869 397 32 41 is
934 407 68 32 not
1036 396 109 44 what
1180 414 22 25 a
1244 398 141 43 waiter
1406 397 96 44 calls

96 473 24 26 a
150 455 193 51 Theatre,
373 458 16 24 n
428 456 16 44 I
489 455 167 55 thought
677 473 11 32 ;
736 455 82 44 and
866 456 60 43 his
969 455 180 45 decision
1197 456 176 46 decided
1407 476 91 27 me:

94 516 16 44 I
142 515 139 45 would
313 528 70 32 not
416 534 49 38 go
467 518 90 42 —it
588 518 33 42 is
653 515 95 57 only
781 535 23 25 a
835 515 148 46 stone's
1005 517 130 46 throw
1158 517 102 45 from
1281 518 68 44 the
1372 518 127 57 place,

96 576 71 45 but
200 578 109 43 since
340 578 69 43 the
442 579 139 43 waiter
625 576 160 45 doesn't
832 590 122 32 count
986 580 29 42 it
1048 597 41 24 as
1122 597 23 25 a
1175 579 191 51 Theatre,
1418 580 82 44 and

94 656 43 26 as
169 637 61 44 his
262 638 178 44 decision
474 637 137 46 would
644 638 127 44 haunt
804 656 66 27 me
902 638 31 44 if
964 638 15 45 I
1011 652 123 38 went,
1168 640 15 44 I
1220 640 85 44 will
1337 642 89 53 give
1458 642 42 42 in

96 717 44 25 as
171 717 24 25 a
228 699 216 56 Foreigner
476 699 233 51 would,—l
741 699 84 46 will
872 699 125 45 admit
1039 701 85 44 that
1174 718 53 25 no
1258 701 179 44 Theatre
1469 703 32 42 is

96 777 96 27 near
197 760 75 44 —I
303 760 82 45 will
416 760 139 44 smoke
588 760 167 45 another
785 762 119 54 cigar,
938 760 82 44 and
1053 779 50 37 go
1124 762 120 43 home
1266 774 43 31 to
1331 781 66 38 my
1419 762 79 45 flat.

187 820 122 45 Once
355 821 120 44 home
507 821 15 45 I
554 833 114 44 spent
717 822 68 43 the
834 823 170 54 evening
1056 823 183 55 thinking
1287 841 97 27 over
1433 842 68 38 my

94 881 159 45 travels.

256 943 136 45 Roma
421 942 83 46 had
520 942 82 46 had
626 942 193 45 dramatic
839 945 189 54 surprises
1048 945 42 41 in
1111 944 69 44 the
1202 955 149 35 streets.
1354 945 147 44 —Mi-

95 1002 94 45 !ano
238 1004 194 45 dramatic
480 1004 276 56 performance
804 1006 41 41 in
893 1004 69 44 the
1015 1006 15 24 R
1060 1004 131 46 Scala.
1220 1006 17 26 n
1246 1005 252 51 —London,

96 1082 94 26 ever
212 1064 216 57 charming,
462 1065 82 44 had
576 1065 239 56 thoroughly
847 1064 145 45 roused
1025 1065 81 45 and
1128 1066 164 56 pleased
1316 1085 77 32 me,
1418 1067 80 44 and

97 1143 94 27 now
225 1127 14 44 I
270 1144 84 27 was
385 1127 135 49 home,
554 1126 81 45 and
668 1127 65 44 M.
769 1126 206 56 Copeau's
1006 1126 180 45 Theatre
1217 1145 54 26 no
1303 1124 164 49 theatre.

189 1187 81 45 For
316 1187 69 44 the
432 1187 78 45 first
553 1189 96 42 time
697 1190 41 41 in
787 1206 66 37 my
886 1186 69 45 life
987 1186 15 45 I
1049 1186 129 57 began
1227 1201 42 31 to
1316 1189 184 44 consider

100 1247 65 45 Mo
199 1249 172 56 Copeau
390 1267 10 32 ;
449 1248 72 44 but
552 1249 109 44 what
709 1247 231 46 conclusion
971 1248 16 43 I
1019 1266 112 27 came
1178 1261 43 32 to
1253 1249 121 45 about
1416 1251 83 43 him

100 1308 81 45 and
215 1309 61 44 his
307 1309 227 44 no-theatre
566 1309 15 43 I
613 1320 101 33 must
747 1308 69 45 tell
847 1327 81 39 you
959 1311 42 42 in
1034 1327 66 39 my
1133 1322 93 32 next
1249 1311 147 44 article.

188 1369 192 52 London,
416 1371 148 50 Roma,
599 1370 82 44 and
714 1371 175 45 Milano.
952 1370 94 44 The
1068 1371 77 43 first
1168 1383 83 33 two
1273 1390 67 25 are
1361 1371 141 45 homes

98 1430 76 45 —I
195 1430 80 45 had
298 1431 141 44 almost
461 1430 157 57 slipped
642 1432 82 44 and
757 1433 158 43 written
948 1432 190 44 hot-beds
1147 1432 98 44 —of
1275 1433 68 44 the
1366 1435 116 42 aristo-

96 1510 132 40 cracy.
296 1493 161 43 Milano
489 1494 32 43 is
554 1493 67 44 the
654 1493 210 43 merchant
890 1505 125 33 town.
1020 1493 75 45 —I
1128 1511 83 27 was
1242 1494 87 44 told
1352 1495 42 43 in
1417 1494 56 44 Mi-

96 1553 94 44 lano
221 1554 84 44 that
338 1554 69 44 the
439 1571 94 28 new
566 1553 120 45 Scala
717 1556 32 41 is
781 1566 132 45 pretty
946 1554 93 45 well
1072 1555 219 56 supported
1314 1555 54 57 by
1390 1555 111 44 these

98 1614 239 56 gentlemen.
402 1614 30 45 It
466 1615 169 45 showed
669 1615 94 45 well
786 1615 121 45 when
929 1615 15 45 I
966 1633 84 27 was
1070 1616 127 44 there.
1251 1616 144 55 Signor
1417 1616 57 44 To-

96 1677 153 43 scanini
282 1678 31 42 is
346 1675 241 58 admittedly
621 1695 23 25 a
679 1695 96 38 very
808 1688 107 44 great
949 1679 121 49 artist,
1105 1677 81 44 and
1221 1677 51 44 he
1305 1679 71 42 has
1397 1676 105 46 been

1550 156 143 56 placed
1716 169 39 33 at
1777 158 67 44 the
1866 158 105 44 head
1994 158 44 44 of
2058 177 25 25 a
2105 177 95 40 very
2231 161 167 44 efficient
2431 179 213 40 company.
2709 162 127 52 Well,
2862 164 82 44 that

1549 230 189 32 accounts
1770 218 61 45 for
1863 219 174 46 Milano.

1641 279 42 43 In
1717 280 134 44 Roma
1883 280 14 44 I
1929 299 84 26 was
2043 280 87 45 told
2162 282 83 44 that
2278 283 68 43 the
2378 284 235 56 aristocracy
2645 284 55 44 do
2733 302 96 39 very
2850 285 99 44 little

1549 351 41 32 to
1622 353 165 43 support
1820 341 334 57 anything—and
2186 343 85 44 that
2305 341 164 47 Politics
2499 344 102 45 have
2624 363 93 26 now
2739 345 120 44 taken
2881 347 68 43 the

1549 400 115 56 place
1695 401 44 43 of
1769 402 114 43 other
1915 406 337 48 entertainments,
2286 405 82 43 and
2401 416 41 31 to
2474 405 83 44 talk
2578 405 156 56 politics
2765 407 182 44 involves

1548 461 147 56 having
1726 474 42 32 to
1799 463 112 43 dress
1944 464 80 44 and
2058 482 50 38 go
2138 477 70 32 out
2240 477 41 32 to
2304 465 96 45 dine
2423 466 98 44 with
2553 484 78 26 one
2653 468 179 49 another,
2866 468 82 43 and

1549 522 83 44 that
1664 523 77 43 this
1773 541 32 26 is
1836 524 68 43 the
1936 536 100 32 most
2069 525 211 57 enjoyable
2312 527 44 43 of
2386 526 53 44 all
2471 527 194 44 dramatic
2686 529 263 54 pastimes,—

1548 584 76 43 this
1657 583 82 45 and
1771 584 289 58 card-playing.

1639 645 65 44 As
1735 645 15 44 I
1782 645 56 44 do
1871 658 68 32 not
1971 647 94 56 play
2096 647 128 51 cards,
2259 647 82 45 and
2374 647 142 45 dislike
2549 661 42 31 to
2622 649 96 43 hear
2740 650 68 43 the
2833 649 114 45 word

1549 705 273 45 Politics—or
1852 718 43 32 to
1927 719 102 33 utter
2060 709 107 43 it—I
2199 708 70 44 left
2302 709 135 44 Roma
2469 709 100 44 after
2601 712 59 42 six
2692 710 111 57 days,
2840 723 107 32 went

1547 778 42 31 to
1622 766 172 52 Milano,
1829 767 82 45 and
1960 769 187 43 returned
2179 781 42 32 to
2269 769 134 44 Roma
2449 769 62 45 for
2542 771 69 43 the
2658 771 289 55 unforgettable

1549 828 190 55 marriage
1771 828 262 45 celebrations
2065 830 44 43 of
2139 831 67 43 the
2239 831 185 44 Princess
2455 830 204 47 Yolande.

1639 1065 104 45 And
1776 1084 94 27 now
1903 1067 31 43 if
1964 1085 80 38 you
2077 1068 70 44 ask
2180 1086 76 33 me,
2298 1070 17 24 n
2337 1070 32 42 is
2401 1068 111 44 there
2535 1087 22 24 a
2578 1068 152 44 theatre
2752 1085 95 26 near
2868 1067 56 45 Eu-

1548 1145 97 38 rope
1663 1132 19 39 ?
1706 1127 15 25 R
1757 1129 14 43 I
1802 1140 101 32 must
1936 1128 80 45 like
2047 1129 67 44 the
2147 1131 141 42 waiter
2321 1131 40 42 in
2394 1129 69 44 the
2494 1129 89 44 cafe
2604 1131 42 42 in
2668 1129 67 45 the
2757 1128 124 45 Place
2902 1129 48 44 St

1548 1189 197 44 Germain
1777 1188 112 57 reply
1928 1190 16 26 R
1973 1201 68 33 not
2075 1208 91 26 one.
2197 1191 16 25 11
2271 1190 79 56 My
2371 1192 78 54 trip
2469 1190 72 44 has
2562 1189 105 45 been
2688 1190 52 44 all
2763 1190 167 44 enchant-

1548 1261 109 32 ment
1661 1276 46 5 —
1720 1250 258 56 everywhere
2011 1250 15 45 I
2058 1250 129 45 found
2237 1251 105 55 good
2387 1251 163 50 friends,
2585 1251 153 56 perfect
2784 1251 165 56 railway

1548 1310 320 51 accomodation,
1904 1311 105 55 good
2034 1310 97 46 food
2154 1312 82 44 and
2269 1330 24 25 a
2324 1313 145 56 cheery
2504 1312 106 56 good
2634 1323 137 34 nature
2794 1312 154 43 around

1549 1373 165 55 Europe
1733 1391 10 25 :
1748 1371 130 45 —but
1912 1390 24 25 a
1967 1372 312 45 Theatre—not
2311 1391 93 27 one.

1641 1433 15 44 I
1688 1433 125 44 admit
1845 1433 15 43 I
1891 1432 82 45 had
2007 1451 53 26 no
2093 1436 96 42 time
2220 1446 43 31 to
2295 1453 68 25 see
2395 1434 67 45 the
2484 1434 210 57 Kamerny
2716 1435 232 54 Company.

1548 1494 31 43 It
1612 1512 84 27 was
1743 1496 158 54 visiting
1948 1495 136 44 Berlin
2120 1514 45 25 or
2199 1495 167 45 Madrid
2402 1501 47 37 at'
2472 1496 68 43 the
2587 1507 191 33 moment.
2841 1494 111 45 That

1550 1555 228 56 Company,
1815 1555 102 44 from
1951 1555 51 44 all
2035 1555 14 44 I
2081 1557 108 49 hear,
2225 1558 31 42 is
2288 1575 24 24 a
2352 1557 111 44 1923
2496 1556 194 45 Theatre.

1641 1617 33 43 Is
1707 1635 24 24 a
1771 1616 112 44 1923
1916 1616 179 44 Theatre
2129 1636 23 24 a
2183 1617 180 45 Theatre
2380 1622 20 40 ?
2462 1617 102 45 This
2596 1616 15 46 I
2632 1616 84 46 will
2738 1616 151 44 discuss
2911 1617 42 43 in

1550 1695 66 40 my
1650 1689 108 39 next,
1791 1678 70 44 but
1895 1695 92 33 one,
2022 1679 149 44 article.

96 2664 1327 103 INCORRECT.

223 2830 141 57 BY
468 2829 253 58 THE
829 2827 503 60 EDITOR.

93 3031 266 102 THERE
390 3051 68 27 are
508 3053 23 25 a
565 3033 154 57 mighty
765 3032 171 46 number
982 3032 45 44 of
1073 3031 167 46 careless
1287 3043 229 33 statements

221 3095 120 56 being
379 3096 121 45 made
533 3095 140 56 today.
739 3094 102 45 This
874 3096 31 42 is
936 3093 166 56 nothing
1151 3092 176 59 peculiar
1357 3105 43 32 to
1450 3093 66 44 the

95 3168 181 45 century.
341 3157 82 44 But
455 3156 111 45 what
600 3158 30 42 is
663 3155 176 56 peculiar
870 3167 42 32 to
945 3158 28 42 it
996 3158 44 48 is,
1065 3155 84 44 that
1173 3156 111 43 there
1305 3173 68 26 are
1396 3172 120 38 many

94 3236 111 26 more
237 3217 129 48 books
398 3219 82 45 and
513 3217 174 56 journals
719 3217 126 57 today
876 3217 97 45 than
1007 3216 185 56 formerly
1224 3216 135 46 which
1382 3215 82 45 find
1486 3218 28 42 it

93 3279 94 46 well
222 3291 43 33 to
296 3282 105 55 print
435 3280 110 44 these
594 3291 229 33 statements
872 3298 42 25 as
963 3277 151 58 though
1147 3278 96 57 they
1291 3296 108 27 were
1449 3278 67 45 the

95 3341 253 45 truth—and
381 3341 131 44 worth
546 3340 67 45 the
646 3340 269 58 type-setter's
945 3342 128 54 pains.

185 3402 205 45 Whether
421 3403 80 45 this
533 3402 219 45 wholesale
792 3402 155 45 chatter
997 3400 193 58 dignified
1225 3413 42 33 to
1300 3401 69 45 the
1402 3403 113 55 point

93 3463 45 45 of
170 3463 120 56 being
344 3464 131 45 called
531 3465 16 26 n
572 3464 82 45 fact
677 3465 17 26 n
733 3465 99 44 does
880 3464 82 44 real
1009 3464 113 44 harm
1157 3474 42 33 to
1231 3480 73 27 our
1345 3464 170 45 modern

91 3525 132 45 world
256 3527 40 43 in
329 3525 160 57 general
521 3526 31 44 is
585 3537 69 33 not
688 3544 73 25 our
794 3544 173 26 concern
987 3544 10 31 ;
1030 3525 138 45 where
1201 3526 28 42 it
1272 3523 141 45 affects
1446 3524 68 45 the

92 3586 180 45 Theatre
304 3589 30 42 it
367 3589 59 44 is:
479 3606 45 25 so
556 3605 65 27 we
665 3606 174 38 propose
887 3598 42 33 to
978 3586 56 45 do
1064 3586 225 56 something
1338 3586 176 45 towards

91 3648 236 58 remedying
358 3650 58 50 it;
463 3649 82 46 and
593 3667 65 26 we
706 3660 109 33 want
856 3666 96 39 you,
1001 3666 72 26 our
1122 3647 171 51 readers,
1343 3659 42 33 to
1418 3647 96 57 help

89 3711 43 44 in
166 3710 92 45 this.

183 3772 87 45 We
301 3782 144 47 expect
493 3782 103 34 most
628 3771 45 45 of
722 3789 73 27 our
825 3772 159 45 readers
1032 3789 66 26 are
1140 3770 93 45 able
1281 3782 42 33 to
1356 3769 156 46 discern

91 3833 114 45 these
236 3852 139 33 errors,
407 3833 83 46 and
523 3835 29 43 it
584 3834 32 44 is
662 3851 53 27 on
748 3833 111 45 these
907 3850 65 27 we
1004 3844 151 39 count;
1187 3832 82 45 and
1302 3832 97 56 they
1430 3831 80 46 will

91 3894 108 46 have
230 3914 96 26 seen
358 3895 97 45 how
488 3906 103 34 most
623 3895 45 44 of
700 3894 68 45 the
816 3906 231 33 statements
1095 3893 120 46 made
1263 3893 100 45 with
1411 3893 99 46 such

89 3975 122 38 grave
252 3975 210 28 assurance
510 3957 125 44 about
667 3975 74 26 our
771 3956 136 45 New*
932 3955 243 46 Movement
1222 3973 69 27 are
1322 3954 51 46 all
1407 3973 78 27 non-

87 4037 127 27 sense.

183 4080 115 46 Here
338 4099 68 26 are
452 4099 112 26 some
613 4079 203 58 examples
858 4078 46 45 of
934 4080 110 45 what
1093 4096 65 27 we
1190 4095 131 28 mean.
1387 4078 121 56 They

87 4160 70 27 are
192 4142 119 45 taken
345 4142 102 46 from
480 4142 89 45 four
601 4160 186 27 sources:
821 4141 152 46 Books.
1039 4140 205 47 Lectures.
1309 4140 196 56 Journals.

89 4203 87 46 Idle
205 4203 121 47 Talk.

1933 1876 77 60 I.
2100 1876 56 60 A
2241 1876 348 59 BOOK

1554 2037 76 101 IN
1670 2039 16 24 n
1713 2035 94 46 The
1841 2035 121 45 Little
1992 2035 197 45 Theatres
2209 2037 41 42 in
2272 2035 68 44 the
2361 2035 155 45 United
2539 2035 132 45 States
2699 2036 15 26 n
2753 2035 55 56 by
2829 2035 105 44 Cons-

1620 2110 115 33 tance
1768 2097 176 56 D'Arcy
1975 2096 183 56 Mackay
2191 2097 67 44 the
2290 2096 144 45 author
2464 2109 118 32 states
2606 2097 65 57 (1)
2694 2116 10 25 :

1652 2161 17 26 n
1695 2159 96 45 The
1822 2158 124 46 initial
1977 2159 92 45 idea
2101 2159 44 43 of
2176 2159 69 43 the
2278 2168 10 15 4
2312 2157 126 45 Little
2458 2157 178 45 Theatre
2659 2157 11 13 '
2703 2175 114 27 came
2848 2169 42 32 to
2911 2175 45 26 us

1553 2222 104 44 from
1690 2220 182 58 Europe.
1940 2221 52 44 Its
2022 2222 203 54 inception
2257 2238 94 38 goes
2382 2219 104 45 back
2518 2231 42 32 to
2600 2219 111 44 1887
2746 2220 121 43 when
2887 2218 70 44 the

1555 2284 79 44 first
1665 2282 112 45 small
1809 2282 284 57 experimental
2126 2282 149 44 theatre
2307 2300 83 26 was
2421 2280 241 46 established
2693 2282 42 42 in
2766 2281 113 43 Paris
2899 2280 58 56 by

1558 2343 146 49 Andre
1735 2344 200 45 Antoine.
1966 2344 16 26 n

1648 2406 102 44 This
1789 2408 34 41 is
1869 2409 211 41 incorrect.
2147 2404 117 45 Even
2312 2404 30 44 if
2374 2404 67 43 the
2489 2404 79 44 first
2615 2403 121 45 Little
2781 2402 180 46 Theatre

1557 2467 126 45 heard
1715 2467 42 45 of
1789 2467 56 56 by
1891 2468 195 44 America
2131 2484 86 26 was
2248 2465 218 45 Antoine's
2511 2465 165 49 theatre,
2720 2465 28 43 it
2780 2482 84 26 was
2893 2476 68 44 yet

1559 2541 70 33 not
1662 2529 68 44 the
1763 2530 91 43 first.
1919 2528 46 44 In
1997 2528 222 56 Europe,...
2253 2530 40 41 in
2337 2527 111 44 Paris
2488 2545 42 26 as
2563 2526 94 45 well
2700 2543 43 27 as
2773 2526 42 43 in
2862 2524 101 57 Italy

1560 2591 81 44 and
1674 2590 222 56 Germany,
1929 2590 242 54 experiment
2193 2589 71 45 has
2286 2589 103 44 been
2411 2589 224 54 unceasing.
2699 2587 27 44 7
2741 2587 95 44 here
2856 2604 108 27 were

1561 2652 149 45 dozens
1759 2651 44 44 of
1832 2651 98 45 little
1977 2651 196 44 Theatres
2205 2652 40 43 in
2292 2650 114 45 Paris
2436 2669 24 24 a
2508 2661 166 44 century
2721 2667 45 25 or
2798 2665 45 28 so
2890 2648 49 43 be-

1562 2714 85 44 fore
1687 2714 128 44 1887.

1653 2776 151 55 Again,
1842 2775 119 55 (page
1994 2773 46 59 4)
2082 2774 16 25 n
2121 2773 48 44 A
2199 2774 109 43 critic
2339 2773 72 44 has
2441 2771 175 57 recently
2649 2770 100 52 said,
2778 2771 17 26 n
2832 2773 133 42 writes

1562 2837 103 45 Miss
1714 2836 194 56 Mackay,
1942 2835 85 44 that
2101 2835 69 43 the
2203 2834 120 45 Little
2354 2833 178 46 Theatre
2573 2836 31 42 is
2636 2832 68 46 the
2735 2850 78 27 one
2852 2832 110 56 thing

1563 2899 85 45 that
1679 2898 72 45 has
1782 2898 217 56 happened
2031 2898 41 43 in
2104 2897 69 43 the
2218 2897 150 54 history
2399 2895 44 45 of
2472 2895 72 45 the
2574 2907 108 45 stage
2712 2896 41 42 in
2786 2893 68 45 the
2896 2893 72 44 last

1563 2961 58 45 35
1654 2978 133 39 years;
1817 2961 16 26 15
1871 2959 83 44 and
2000 2958 71 46 she
2103 2957 103 46 adds
2236 2970 43 32 to
2328 2957 89 51 this,
2457 2957 16 27 n
2502 2957 166 49 Indeed,
2711 2956 69 44 the
2830 2955 136 44 whole

1563 3032 8 14 *
1597 3040 93 27 new
1721 3032 59 34 art
1803 3020 11 14 *
1847 3020 45 45 of
1923 3020 68 45 the
2039 3021 168 43 modern
2253 3031 122 44 stage,
2408 3018 176 58 lighting,
2626 3017 150 50 colour,
2809 3017 137 55 siyliza-

1563 3085 97 49 tion,
1693 3083 358 56 synchronization,
2100 3081 72 45 has
2204 3081 105 45 been
2340 3081 120 44 made
2492 3080 172 57 possible
2697 3077 170 56 through
2898 3079 69 43 the

1561 3145 98 45 little
1690 3145 187 49 Theatre,
1925 3143 169 45 without
2143 3142 68 45 the
2249 3145 170 54 impetus
2448 3142 45 44 of
2525 3142 67 44 the
2638 3140 121 47 Little
2789 3139 179 45 Theatre

1564 3207 112 45 there
1723 3206 138 46 would
1909 3205 199 57 probably
2149 3204 106 45 have
2302 3205 104 43 been
2438 3222 53 26 no
2525 3202 173 48 Gordon
2744 3203 134 54 Craig,
2912 3219 53 26 no

1564 3267 300 58 Stanislawsky,
1898 3285 54 26 no
1984 3265 238 53 Reinhardt,
2255 3266 17 26 n
2309 3277 80 34 etc.

1655 3329 102 45 This
1789 3332 30 41 is
1850 3331 207 42 incorrect.

1655 3391 95 45 The
1796 3390 123 45 Little
1965 3389 181 45 Theatre
2178 3391 32 41 is
2241 3396 71 36 not
2344 3396 11 17 4
2379 3388 67 44 the
2478 3405 78 27 one
2604 3387 110 56 thing
2735 3384 13 15 '
2780 3385 86 46 that
2897 3385 73 45 has

1563 3453 217 58 happened
1811 3454 41 43 in
1884 3452 69 43 the
1985 3452 148 55 history
2166 3450 44 44 of
2242 3450 67 45 the
2341 3450 217 56 European
2588 3461 109 43 stage
2726 3449 40 43 in
2799 3447 67 44 the
2897 3447 73 44 last

1562 3516 59 44 35
1654 3533 128 39 years.
1817 3513 170 45 Neither
2018 3513 55 43 do
2105 3531 65 26 we
2203 3511 113 45 think
2347 3513 29 42 it
2408 3511 68 45 the
2509 3530 78 25 one
2609 3510 111 56 thing
2741 3508 135 46 which
2897 3509 72 44 has

1561 3577 217 57 happened
1811 3579 41 41 in
1886 3577 211 43 America.

1652 3638 95 45 The
1778 3636 135 47 whole
1946 3655 92 26 new
2070 3648 73 40 art,
2150 3635 238 56 —lighting,
2431 3633 151 50 colour,
2615 3631 239 58 stylization,
2888 3643 78 38 etc,

1560 3718 84 28 was
1676 3708 72 36 not
1779 3699 120 45 made
1931 3698 173 57 possible
2134 3700 42 42 in
2208 3696 166 58 Europe
2412 3695 55 58 by
2500 3695 68 45 the
2601 3694 122 45 Little
2770 3693 197 46 Theatre.

1651 3761 96 45 The
1799 3762 199 44 existence
2051 3759 44 45 of
2142 3758 176 46 Gordon
2370 3758 133 55 Craig,
2548 3754 288 57 Stanislawsky
2886 3754 83 45 and

1559 3823 226 46 Reinhardt
1833 3825 31 42 is
1896 3834 70 33 not
1998 3822 79 44 due
2121 3833 42 33 to
2210 3820 70 45 the
2311 3819 123 45 Little
2480 3819 254 46 Theatre:...
2796 3817 114 43 True
2940 3817 30 43 it

1558 3904 93 38 may
1683 3885 52 45 be
1769 3884 83 46 that
1885 3882 287 57 Stanislawsky
2202 3883 81 44 and
2317 3881 225 45 Reinhardt
2574 3880 129 56 began
2737 3878 99 45 their
2857 3877 114 46 work

1557 3949 39 42 in
1629 3947 83 44 and
1745 3947 60 44 for
1839 3946 121 45 Little
1991 3945 210 49 Theatres,
2236 3944 71 45 but
2340 3955 70 33 not
2441 3962 45 25 so
2519 3942 176 46 Gordon
2726 3942 138 54 Craig.

1650 4010 96 44 One
1778 4008 44 46 of
1855 4008 68 45 the
1956 4007 99 45 facts
2085 4007 72 45 she
2189 4006 99 45 does
2309 4017 70 33 not
2400 4017 100 33 state
2521 4007 32 42 is
2576 4003 83 46 that
2681 4000 287 57 Stanislawsky

1556 4089 84 27 was
1672 4090 25 25 a
1727 4069 178 57 wealthy
1937 4087 93 27 man
2062 4069 122 45 when
2216 4067 52 45 he
2299 4066 161 59 opened
2492 4066 61 45 his
2584 4065 122 46 Little
2725 4064 242 45 Theatre....

1644 4214 42 39 (i)
1721 4212 137 41 Henry
1882 4210 98 33 Holt
2008 4209 68 35 Co,
2101 4209 104 34 New
2237 4208 114 41 York,
2380 4216 105 34 igij.
