3144 4363
2874 56 64 48 27

82 138 45 43 of
158 137 111 44 these
301 155 94 26 men
416 136 120 44 could
570 136 56 45 do
650 136 59 44 far
740 136 128 45 better
902 155 108 26 were

83 200 94 55 they
210 209 40 33 to
282 209 90 45 stop
403 198 348 55 over-decorating
774 216 73 26 our
868 210 138 43 stages,

83 276 97 29 over
227 260 18 26 11
274 257 224 58 producing
525 260 16 26 n
590 257 83 46 and
711 258 129 46 under
883 271 105 44 stage-

84 322 212 54 managing
316 337 54 26 on
403 320 110 43 them
536 320 81 44 and
639 332 90 32 turn
762 338 103 27 once
898 338 111 26 more

83 395 42 31 to
156 382 103 44 their
291 380 195 56 drawing.

145 442 34 45 If
210 442 111 44 there
353 442 52 44 be
436 460 81 26 one
548 459 45 27 or
625 454 84 33 two
742 442 109 52 who,
890 441 120 56 being

85 504 124 56 really
240 503 168 57 entirely
440 503 179 45 devoted
663 515 40 31 to
735 503 69 44 the
842 504 165 49 theatre,

86 577 102 33 must
221 564 115 45 work
369 582 95 27 near
492 566 42 48 it,
569 564 31 44 if
633 582 123 27 never
777 571 41 37 in
842 566 42 49 it,
907 565 102 44 their

85 627 87 44 task
203 628 32 42 is
258 626 117 51 clear,
401 625 82 44 and
515 627 177 49 consists,
718 638 41 31 to
792 644 67 38 my
882 625 124 52 mind,

86 691 41 41 in
158 687 206 55 depicting
395 686 160 57 clearly,
589 687 169 57 exactly,
797 687 211 57 curiously,

86 748 180 57 grandly,
320 766 45 26 or
412 748 191 45 however
656 749 94 55 they
797 748 97 50 will,
943 749 68 43 the

87 809 200 56 buildings
336 809 135 45 which
518 827 65 26 we
630 810 76 43 call
743 810 184 50 theatres,
953 844 56 11 ....

87 873 160 54 making
278 870 162 45 records
476 870 44 43 of
551 871 68 44 the
651 870 135 45 whole
829 870 82 45 and
943 871 69 44 the

87 945 107 45 parts
224 931 45 45 of
301 932 114 44 those
463 931 212 57 buildings,
710 932 67 44 the
825 934 184 49 exterior,

85 995 70 43 the
188 995 174 48 interior,
387 993 119 50 front,
541 992 99 52 side,
675 993 115 51 back,
826 993 103 44 from
952 993 59 44 far

87 1056 55 43 off
163 1073 43 26 as
228 1066 87 46 part
348 1054 45 44 of
413 1054 69 44 the
514 1065 117 33 street
654 1073 46 25 or
722 1056 153 55 piazza,
910 1054 102 45 from

89 1134 96 27 near
216 1116 55 56 by
303 1116 182 55 showing
532 1134 111 25 some
675 1116 212 56 particular
931 1116 81 44 and

89 1177 177 58 peculiar
297 1176 137 45 detail.
497 1176 110 44 That
641 1178 139 44 would
808 1177 52 45 be
892 1178 123 57 really

89 1239 130 45 useful
250 1251 41 31 to
324 1255 201 40 everyone
569 1239 82 43 and
684 1239 96 44 such
813 1239 202 56 drawings

90 1300 138 46 would
250 1299 53 44 be
325 1298 186 46 valuable
541 1317 42 26 as
615 1299 237 46 documents
884 1303 41 42 in
946 1301 69 44 the

90 1362 144 51 future,
285 1360 96 51 and,
430 1359 31 45 if
501 1360 69 44 the
618 1379 93 26 man
758 1362 72 44 has
877 1362 137 51 talent,

91 1423 185 45 valuable
307 1440 44 26 as
382 1421 133 47 works
546 1421 44 44 of
622 1435 57 31 art
713 1440 94 28 now
840 1423 82 45 and
955 1423 60 44 for

92 1502 110 27 ever.

217 1640 617 59 MARTIAL

96 1800 173 101 WE
301 1800 82 45 had
416 1802 42 43 in
487 1799 115 46 Paris
623 1802 250 44 somewhere
894 1802 124 47 about

269 1863 113 44 1863
415 1881 25 25 a
471 1864 151 42 certain
655 1863 63 45 M.
754 1863 179 45 Martial.

155 1924 120 44 With
308 1942 115 36 grace
456 1923 81 45 and
571 1924 100 45 with
718 1926 197 55 precision
952 1926 68 57 (he

96 2004 84 26 was
212 2003 54 26 no
297 1996 109 45 great
439 1986 111 56 man)
585 1987 52 43 he
674 1986 145 45 etched
869 1986 52 45 all
952 1987 69 45 the

95 2050 216 53 important
345 2046 135 56 places
511 2046 45 44 of
587 2048 69 43 the
687 2047 155 45 several
863 2050 133 42 Arron-

97 2109 237 44 dissements
353 2126 10 27 :
398 2110 28 42 it
460 2108 123 56 might
627 2109 53 44 be
713 2128 24 25 a
767 2109 180 45 Theatre
978 2110 45 44 of

105 2170 114 44 1789
250 2188 45 25 or
328 2188 23 25 a
372 2170 125 43 house
520 2171 137 44 where
680 2189 111 26 some
814 2172 209 44 Dramatic

97 2231 105 45 Poet
254 2229 83 46 had
386 2230 109 46 lived
545 2233 43 43 in
628 2231 113 45 1670
753 2251 20 42 \
809 2232 53 45 he
894 2232 127 56 jotted

96 2291 127 46 down
256 2292 99 45 with
407 2310 93 26 care
547 2293 69 44 the
649 2293 99 45 facts
800 2293 122 46 about
954 2295 69 43 the

97 2354 134 56 places
278 2372 44 25 as
367 2354 343 56 conscienciously
759 2374 43 25 as
849 2356 53 44 he
950 2355 73 45 did

96 2415 115 44 those
242 2414 45 44 of
318 2432 112 27 some
463 2418 159 42 ancient
654 2417 130 44 Hotel
816 2418 41 43 in
890 2417 135 46 which

99 2494 112 26 some
243 2476 200 56 Emperor
476 2477 81 44 had
592 2477 125 46 dwelt
750 2480 43 43 in
833 2479 128 46 1564.

159 2537 65 46 M.
259 2537 166 45 Martial
458 2556 85 28 was
581 2550 70 32 not
703 2540 168 46 another
904 2540 92 58 Mey-

99 2617 86 33 ron,
227 2598 70 46 but
329 2599 54 44 he
430 2617 85 27 was
548 2619 24 26 a
605 2618 98 40 very
749 2601 107 57 good
889 2602 136 45 etcher

97 2660 82 44 and
213 2678 53 26 an
297 2672 115 33 exact
436 2660 298 57 draughtsman,
758 2664 96 44 who
875 2662 150 47 looked

99 2722 207 53 carefully
336 2733 40 33 at
409 2723 198 45 Theatres
654 2725 82 44 and
784 2743 84 27 saw
917 2726 110 44 what

97 2785 113 42 there
258 2801 85 27 was
390 2797 41 31 to
478 2785 157 46 record.
701 2787 156 56 Except
908 2787 61 44 for
1002 2806 24 25 a

98 2844 83 46 few
213 2847 182 43 interiors
428 2846 52 44 he
527 2865 129 26 seems
687 2860 42 32 to
767 2848 104 45 have
903 2849 102 44 confi-

98 2906 82 44 ned
214 2906 158 45 himself
403 2918 43 33 to
494 2907 184 59 drawing
718 2911 68 43 the
833 2911 190 45 outsides.

99 2968 80 44 His
210 2967 109 57 plate
366 2968 45 45 of
451 2970 111 45 1863
613 2972 183 55 showing
843 2990 45 26 us
936 2972 90 45 four

96 3029 212 52 Theatres,
342 3031 69 43 the
443 3031 180 45 Theatre
666 3033 237 57 Historique
926 3034 99 45 built

96 3090 56 57 by
184 3091 157 45 Dumas
395 3107 107 37 pere,
555 3093 69 45 the
671 3095 180 45 Theatre
897 3096 130 56 Imp-

99 3152 109 51 riale,
243 3153 68 44 the
361 3154 180 45 Theatre
573 3155 74 45 des
680 3156 134 45 Folies
854 3158 145 45 Drama-

95 3215 133 54 tiques
259 3214 84 45 and
377 3215 63 44 La
471 3215 82 53 Gait
553 3215 103 53 6,...
690 3219 110 43 what
831 3219 121 45 could
976 3219 52 43 be

99 3275 130 44 better
247 3280 20 40 ?
350 3277 81 44 His
483 3277 109 56 plate
649 3280 160 59 (1839)
863 3280 45 44 of
960 3281 69 44 the

96 3337 180 44 Theatre
325 3338 47 44 St
425 3338 219 53 Marcel,...
692 3342 110 44 what
850 3361 110 26 more
998 3344 31 43 is

98 3399 165 44 wanted
280 3403 21 40 ?
364 3399 15 45 I
411 3400 123 46 know
566 3401 44 45 of
643 3420 53 27 no
728 3421 80 27 one
830 3404 81 44 else
933 3404 96 45 who

97 3460 72 44 has
201 3460 188 46 troubled
421 3473 43 33 to
497 3463 114 46 show
633 3483 46 26 us
701 3466 195 57 precisely
918 3466 109 45 what

97 3521 86 45 that
216 3522 179 45 Theatre
426 3542 104 26 once
562 3525 149 45 looked
747 3527 139 47 like....
936 3545 93 39 may

97 3582 53 45 be
182 3601 82 38 you
294 3584 83 45 had
411 3603 123 28 never
565 3587 127 45 heard
724 3589 49 44 its
807 3607 131 27 name.

265 3739 541 64 HAVELL.

101 3897 79 101 IN
213 3900 191 56 England
438 3922 24 25 a
495 3902 100 46 little
628 3904 153 54 earlier,
816 3908 42 43 in
899 3909 126 52 1826,

157 3960 71 45 Mr
245 3962 151 45 Daniel
413 3964 154 46 Havell
584 3984 84 27 was
685 3971 217 55 engraving
917 3988 112 27 some

101 4022 186 46 fourteen
336 4025 45 44 of
428 4027 68 44 the
545 4028 180 45 London
773 4030 254 59 playhouses,

98 4085 100 44 with
229 4103 27 25 a
286 4104 92 26 care
410 4088 82 45 and
525 4108 25 24 a
581 4090 137 45 charm
755 4092 135 45 which
923 4095 32 43 is
986 4114 43 25 as

99 4164 25 25 a
156 4146 85 45 rule
274 4149 41 42 in
364 4149 189 56 England
602 4153 188 45 reserved
838 4155 98 59 only
967 4156 62 46 for

97 4207 209 58 depicting
357 4210 196 47 churches
599 4214 83 45 and
732 4215 129 57 lordly
915 4235 85 28 man-

1057 139 119 45 sions.
1240 139 153 45 Others
1426 140 159 44 besides
1609 142 151 44 Havell
1783 160 94 27 now
1900 143 81 45 and

1057 202 115 53 again
1221 218 100 38 gave
1353 203 98 42 time
1497 214 42 31 to
1571 220 73 27 our
1694 203 98 46 little
1842 204 138 50 house,

1056 261 72 44 but
1158 261 97 57 only
1287 279 94 28 now
1414 263 82 43 and
1529 266 129 53 again.

1118 322 58 44 So
1207 341 82 38 you
1321 341 66 26 see
1420 324 84 43 that
1537 325 113 44 there
1682 325 105 45 have
1820 325 106 44 been
1958 344 25 26 a

1058 382 80 46 few
1172 401 93 27 men
1298 384 94 44 who
1425 386 166 54 thought
1614 388 29 42 it
1666 386 211 56 delightful
1900 387 81 44 and

1057 445 131 44 worth
1221 445 122 44 while
1376 464 103 26 even
1511 448 42 42 in
1586 448 83 44 that
1693 459 156 45 strange
1872 448 111 56 early

1057 517 88 43 part
1178 506 43 43 of
1252 506 70 44 the
1355 508 234 43 nineteenth
1637 521 167 44 century
1836 522 41 31 to
1910 509 48 44 de-

1059 578 93 33 vote
1183 567 240 45 themselves
1472 581 41 31 to
1546 570 68 43 the
1663 570 150 44 careful
1851 588 110 26 recor-

1058 628 96 55 ding
1185 628 45 43 of
1261 630 68 42 the
1362 629 142 44 details
1535 630 45 44 of
1611 631 68 44 the
1717 633 190 42 exteriors
1939 631 44 44 of

1057 690 209 49 Theatres,
1318 691 168 44 without
1524 691 120 57 being
1676 692 164 57 swayed
1873 692 55 57 by
1961 711 22 25 a

1058 752 158 55 passing
1246 751 41 44 fit
1319 751 45 44 of
1395 754 186 55 curiosity
1628 753 82 44 and
1743 772 24 25 a
1799 753 108 45 burst
1940 753 43 44 of

1058 813 147 53 egoism
1238 824 42 31 to
1313 813 102 55 push
1467 813 170 56 through
1684 815 82 44 and
1815 834 67 25 see
1914 816 68 44 the

1058 891 189 37 manager
1278 874 82 43 and
1395 887 63 43 get
1492 893 23 25 a
1546 875 69 55 job
1647 895 53 25 on
1743 877 68 43 the
1844 889 108 43 stage
1972 896 10 31 ;

1058 934 83 44 and
1173 936 29 42 it
1236 935 138 44 would
1423 935 52 44 be
1506 955 25 24 a
1562 937 204 56 charming
1797 938 113 55 thing
1941 949 42 32 to

1059 994 84 45 find
1174 1014 26 25 a
1232 995 80 45 few
1361 1014 93 26 men
1500 997 46 44 of
1592 998 126 57 today
1766 998 216 45 interested

1061 1056 98 45 with
1192 1058 96 43 such
1320 1076 25 25 a
1376 1059 97 50 task,
1479 1059 144 44 and
1656 1079 44 25 as
1749 1059 83 45 free
1880 1059 102 45 from

1061 1119 68 43 the
1162 1117 130 45 desire
1325 1131 42 33 to
1400 1132 166 33 venture
1599 1120 163 46 further.

1235 1275 570 63 CALLOT.

1074 1435 79 74 ;\J
1159 1435 106 45 OW
1298 1437 61 44 for
1381 1456 25 26 a
1426 1449 155 41 master,
1592 1440 139 46 and
1753 1440 64 46 it's
1839 1460 24 26 a
1884 1460 103 26 mas-

1068 1489 21 47 I
1108 1489 40 47 N
1190 1510 58 32 ier
1280 1499 96 44 who
1408 1512 201 34 counts....
1640 1501 172 58 Jacques
1835 1503 151 45 Callot.

1124 1559 96 44 You
1242 1578 67 26 see
1331 1562 236 55 engravings
1583 1561 45 45 of
1644 1562 60 46 his
1720 1575 110 45 stage
1846 1564 114 45 work
1969 1569 21 39 ?

1063 1620 114 47 Tut!
1211 1620 52 45 he
1297 1639 123 28 never
1453 1622 73 46 did
1559 1636 108 44 stage
1700 1627 126 44 work.

1126 1683 168 45 Besides
1327 1683 124 57 doing
1482 1686 238 45 marvellous
1742 1687 130 56 things
1894 1687 100 45 with

1066 1745 164 50 Battles,
1264 1745 177 51 Armies,
1477 1747 142 51 Cities,
1643 1749 149 55 people
1813 1748 45 45 cif
1879 1750 113 49 rank,

1065 1806 53 43 he
1150 1806 83 44 flies
1280 1824 97 27 over
1414 1807 84 44 and
1548 1827 96 26 over
1689 1813 115 52 again
1852 1823 42 31 to
1927 1811 69 43 the

1066 1868 192 44 Theatre.
1267 1868 139 45 But
1439 1881 69 32 not
1540 1882 43 32 to
1616 1871 165 45 meddle
1804 1871 99 46 with
1926 1872 68 44 the

1067 1940 121 44 stage,
1223 1948 123 26 never
1378 1931 114 50 that;
1542 1932 51 44 he
1627 1950 84 27 was
1759 1945 69 33 too
1878 1933 119 45 much

1067 1989 44 45 of
1143 2008 24 26 a
1198 2009 178 38 swagger
1409 1992 136 45 fellow
1579 2004 40 33 to
1653 1994 187 52 meddle;
1864 1995 70 44 but
1957 2006 42 33 to

1068 2052 143 44 record
1245 2053 109 44 what
1387 2053 60 44 his
1492 2054 133 44 friend
1673 2056 144 45 Giulio
1866 2056 134 56 Parigi

1068 2114 69 43 the
1169 2115 134 44 scenic
1352 2132 94 27 man
1478 2117 32 42 is
1543 2116 136 56 doing,
1730 2136 45 26 or
1807 2130 41 32 to
1887 2118 113 45 show

1070 2175 109 45 what
1212 2194 25 26 a
1268 2175 221 57 playhouse
1522 2177 148 46 looked
1703 2179 79 44 like
1814 2181 42 43 in
1887 2180 115 43 those

1070 2236 113 57 days,
1239 2237 82 44 and
1376 2238 108 44 what
1538 2239 69 44 the
1660 2253 128 33 actors
1850 2241 150 45 looked

1071 2298 93 52 like,
1260 2298 85 44 that
1362 2298 53 45 he
1433 2299 70 45 felt
1521 2301 52 44 he
1595 2302 124 56 might
1743 2315 166 33 venture
1931 2321 68 28 on.

1072 2360 72 44 He
1176 2362 32 42 is
1240 2361 254 57 particularly
1526 2362 228 53 well-bred,
1779 2364 82 45 and
1883 2383 45 26 so
1950 2365 52 44 he

1071 2421 152 57 always
1256 2422 177 45 avoided
1458 2423 188 58 fancying
1668 2425 51 45 he
1740 2427 121 43 could
1884 2427 118 43 teach

1073 2493 128 35 actors
1218 2483 95 45 how
1331 2495 41 33 to
1389 2486 118 43 stand
1525 2486 129 45 better
1671 2488 97 43 than
1786 2488 215 58 Parigi(l)

1073 2543 82 46 and
1188 2545 69 44 the
1289 2556 108 45 stage
1432 2565 187 38 manager
1652 2548 82 46 and
1759 2552 241 54 experience

1073 2623 109 28 were
1214 2607 187 55 teaching
1431 2609 140 51 them;
1621 2610 52 45 he
1721 2611 132 51 sticks,
1905 2630 97 37 very

1073 2668 316 55 sportsmanlike,
1424 2681 42 33 to
1509 2671 60 43 his
1617 2672 146 45 needle
1811 2673 82 45 and
1941 2674 61 43 his

1073 2747 152 38 copper
1258 2730 121 56 plate,
1414 2731 82 45 and
1530 2733 98 46 with
1666 2735 76 43 this
1785 2734 90 46 dart
1919 2735 82 44 and

1073 2790 165 45 buckler
1284 2792 52 43 he
1385 2794 152 43 attacks
1584 2794 83 45 and
1717 2796 162 45 records
1933 2797 69 44 the

1075 2853 99 44 facts
1237 2853 83 44 and
1354 2854 262 59 incidentally
1647 2857 98 45 lives
1785 2857 62 45 for
1889 2876 109 27 ever.

1135 2913 82 46 For
1249 2916 123 43 while
1404 2917 236 56 everything
1672 2919 52 44 he
1757 2938 95 26 ever
1874 2920 73 44 did
1969 2921 33 43 is

1071 2975 178 45 touched
1282 2977 97 45 with
1412 2980 149 53 genius,
1597 2980 166 56 nothing
1809 2982 52 45 he
1909 3001 95 27 ever

1073 3037 73 45 did
1179 3036 120 46 holds
1331 3057 111 27 more
1473 3040 45 44 of
1548 3041 85 44 that
1666 3044 137 53 genius
1824 3044 98 45 than
1943 3044 61 45 his

1075 3098 140 57 dearly
1233 3099 135 45 doved
1401 3102 155 43 theatre
1588 3103 175 46 records.

1145 3161 110 45 Now
1288 3180 81 38 you
1402 3163 95 45 who
1529 3164 98 45 read
1659 3166 78 44 this
1770 3184 93 39 may
1894 3166 53 45 be
1979 3186 25 25 a

1077 3222 166 45 Martial
1295 3241 46 26 or
1372 3242 25 25 a
1445 3224 166 53 Havel!,
1646 3244 57 34 or,
1740 3227 171 45 wonder
1957 3229 47 44 of

1077 3284 202 51 wonders,
1330 3304 25 24 a
1402 3286 151 44 second
1602 3288 151 52 Callot;
1760 3288 129 47 but
1921 3308 82 39 you

1077 3345 82 44 will
1192 3345 52 45 be
1277 3346 75 45 less
1384 3347 97 45 than
1513 3349 69 44 the
1615 3349 97 45 least
1734 3351 44 43 of
1799 3351 69 44 the
1889 3352 113 44 three

1077 3406 43 51 if,
1155 3406 102 46 born
1299 3420 42 32 to
1373 3410 116 45 draw
1536 3411 83 44 and
1653 3412 102 44 born
1804 3413 98 45 with
1934 3413 69 45 the

1076 3469 112 43 usual
1222 3470 128 44 man's
1383 3471 91 45 love
1506 3472 44 43 of
1581 3473 68 44 the
1680 3474 192 52 Theatre,
1897 3475 109 57 (and

1077 3531 130 44 that's
1237 3533 114 44 other
1372 3533 100 44 than
1494 3551 28 25 a
1545 3536 129 42 talent
1687 3537 75 51 for
1782 3537 65 43 the
1868 3542 135 52 stage)

1075 3610 80 38 you
1188 3591 140 47 follow
1360 3594 70 45 the
1461 3598 160 54 passing
1664 3596 169 54 fashion,
1869 3598 132 45 desert

1075 3671 101 38 your
1206 3653 79 47 fine
1317 3655 144 46 talents
1493 3657 81 45 and
1608 3658 173 45 blunder
1813 3662 85 43 into
1929 3677 74 28 our

1075 3715 165 55 garden.

1137 3778 33 44 If
1199 3796 82 39 you
1313 3779 93 46 love
1454 3798 72 26 our
1574 3781 151 55 garden
1773 3784 158 55 enough
1962 3794 42 34 to

1153 3959 42 40 (i)
1222 3958 38 33 It
1284 3967 83 24 was
1406 3960 129 33 tinder
1572 3961 150 42 Parigi
1757 3962 49 34 he
1843 3965 162 35 studied

1076 4004 84 32 and
1169 4005 48 32 he
1230 4004 83 34 had
1333 4015 116 32 every
1462 4016 161 31 excuse,
1636 4008 84 34 had
1739 4009 47 33 he
1799 4014 211 32 consented

1078 4052 38 31 to
1140 4050 114 34 avail
1275 4050 161 42 himself
1457 4052 55 41 of
1527 4053 42 39 it,
1595 4055 39 31 to
1661 4056 70 32 tell
1743 4055 170 43 himself
1919 4059 88 34 that

1077 4097 49 32 he
1148 4097 120 33 could
1327 4099 107 33 raise
1459 4099 66 33 the
1556 4101 169 34 Theatre
1749 4103 105 33 until
1875 4104 33 34 it
1922 4116 85 24 was

1068 4142 91 41 full
1179 4143 53 41 of
1247 4144 142 42 beauty
1411 4146 83 33 and
1513 4148 185 40 strength
1713 4149 84 33 and
1810 4150 161 36 wisdom

1077 4199 45 24 as
1146 4199 25 24 a
1186 4200 144 33 young
1352 4192 290 42 draughtsman
1677 4198 124 31 wrote
1825 4207 59 24 me
1917 4200 92 42 only

1077 4236 76 33 last
1178 4237 106 34 week
1306 4237 50 34 he
1379 4248 84 24 was
1484 4240 190 41 studying
1696 4243 38 32 to
1760 4242 61 35 do,

2032 143 115 45 make
2180 163 111 26 some
2324 146 160 45 records
2517 146 43 45 of
2593 149 41 49 it,
2675 166 64 26 we
2771 148 100 45 shall
2903 149 54 44 be

2030 206 189 51 touched,
2254 207 82 44 and
2361 220 75 32 rest
2459 226 100 37 your
2580 221 87 31 true
2689 209 82 45 and
2796 209 161 45 faithful

2032 265 162 53 friends,
2246 268 83 45 and
2372 268 100 45 shall
2519 269 83 44 find
2642 272 28 41 it
2704 289 24 24 a
2776 270 181 56 pleasant

2030 328 112 55 thing
2173 340 42 32 to
2248 329 142 45 record
2425 331 42 42 in
2515 348 72 26 cur
2618 349 97 27 own
2749 350 88 38 way
2872 332 86 44 that

2030 406 80 39 you
2143 390 207 55 possessed
2385 409 128 36 grace.

2091 450 102 45 This
2225 463 108 43 stage
2364 452 44 44 of
2440 470 91 26 ours
2565 454 32 43 is
2629 452 168 46 without
2832 452 128 46 doubt

2031 530 23 25 a
2087 511 115 56 place
2235 513 130 44 worth
2415 513 210 56 recording
2658 514 82 44 and
2773 532 64 26 we
2871 514 84 45 will

2029 591 108 38 open
2169 591 73 25 our
2290 586 90 43 gate
2411 586 42 31 to
2502 593 81 38 you
2626 575 83 44 and
2758 576 90 55 give
2880 594 81 37 you

2030 635 68 43 the
2130 652 74 25 run
2235 635 44 43 of
2311 635 69 44 the
2412 635 126 56 place,
2574 636 262 46 Gentlemen.

2091 694 117 52 And,
2244 698 41 41 in
2317 714 113 39 years
2462 709 41 32 to
2536 715 129 33 come,
2698 716 101 38 your
2833 715 119 26 name

2031 755 83 46 will
2146 774 43 26 so
2222 757 52 44 be
2307 757 111 44 often
2456 776 54 25 on
2542 758 69 44 the
2660 758 75 56 lips
2768 758 45 44 of
2843 759 114 44 those

2032 818 94 44 who
2158 818 91 44 love
2281 819 78 44 fine
2392 818 200 57 drawings
2626 820 81 43 and
2729 821 114 44 those
2865 821 96 44 who

2032 878 125 44 adore
2188 880 69 44 the
2301 880 167 45 Theatre
2491 882 82 56 (I).

2037 1463 255 101 TRULY
2357 1465 306 47 UNHAPPY
2719 1466 49 43 IS
2837 1463 131 46 THE

2157 1527 146 46 MAN
2352 1527 156 46 WHO
2556 1526 244 45 LEAVES
2857 1527 74 46 UN-

2039 1588 175 47 DONE
2275 1589 200 46 WHAT
2536 1589 87 44 HE
2676 1589 130 44 CAN
2861 1588 108 51 DO,

2041 1650 138 44 AND
2211 1649 425 47 UNDERTAKES
2658 1649 199 45 WHAT
2881 1649 88 45 HE

2043 1711 161 47 DOES
2237 1712 159 51 NOT;
2432 1712 89 46 NO
2551 1711 282 47 WONDER
2881 1711 88 46 HE

2217 1774 213 46 COMES
2463 1773 88 46 TO
2584 1773 196 47 GRIEF.

2383 1871 242 42 GOETHE.

2488 2009 45 46 O

2049 2133 120 115 A'
2201 2147 209 47 TRULY
2471 2148 215 47 GREAT
2749 2149 227 48 GENIUS

2201 2208 157 47 WILL
2390 2210 76 45 BE
2496 2210 131 46 THE
2664 2210 172 46 FIRST
2883 2211 90 46 TO

2048 2271 333 46 PRESCRIBE
2438 2272 204 46 LIMITS
2702 2274 123 45 FOR
2883 2274 92 47 ITS

2234 2332 152 46 OWN
2418 2333 368 47 EXERTIONS.

2349 2432 329 41 BROUGHAM.

2489 2566 44 44 O

2048 2703 104 103 A
2185 2704 146 46 MAN
2353 2704 208 47 HEARS
2578 2705 172 47 ONLY
2773 2705 202 49 WHAT

2221 2766 87 46 HE
2340 2766 479 49 UNDERSTANDS.

2390 2867 239 39 GOETHE.

2146 3971 49 41 (r)
2228 3970 187 40 Whether
2435 3973 58 33 all
2512 3975 132 32 actors
2667 3974 54 40 of
2736 3975 116 43 today
2869 3975 114 35 know

2055 4014 53 42 of
2140 4015 63 34 the
2242 4017 204 35 existence
2485 4017 54 42 of
2573 4021 127 33 Callot
2739 4021 34 34 is
2809 4026 69 30 not
2917 4023 65 34 the

2054 4064 178 40 question
2328 4064 58 33 all
2406 4064 87 35 who
2536 4067 105 41 truly
2674 4068 84 33 love
2783 4068 65 34 the
2872 4069 85 35 thea-

2056 4111 61 30 tre
2141 4109 47 33 do
2212 4109 114 34 know
2366 4109 80 36 him
2451 4137 7 16 y
2493 4111 79 41 for
2593 4114 59 32 all
2688 4116 37 31 to
2750 4115 126 34 whom
2918 4116 65 33 the

2062 4154 168 35 Theatre
2270 4166 134 24 means
2444 4168 108 24 more
2583 4160 96 33 than
2704 4160 107 35 what
2835 4171 75 24 can
2936 4162 46 34 be

2051 4203 75 40 got
2148 4205 70 30 out
2241 4201 54 41 of
2310 4203 31 33 it
2366 4203 89 34 take
2481 4205 64 33 the
2569 4206 152 34 trouble
2747 4210 36 30 to
2809 4209 87 34 look
2904 4207 79 42 for

2057 4249 53 32 its
2124 4247 174 41 friends.
