2423 4277
355 299 86 43 532

1060 305 57 28 LE
1151 305 239 31 MERCURE
1426 307 217 31 MUSICAL

361 511 358 49 résonateurs
762 509 305 52 trahissent
1103 511 183 50 même
1334 510 49 51 la
1415 515 266 65 présence
1722 513 332 66 éventuelle,
2091 514 137 51 dans
2261 514 76 52 les

360 584 284 51 différents
952 585 64 61 timbres,
1017 586 79 50 de
1097 602 128 34 sons
1226 586 325 52 accessoires
1574 588 245 63 fortuits,
1849 588 489 69 inharmoniques,

356 660 129 51 faux
507 679 13 45 ;
558 674 51 37 et
643 661 43 51 si
738 661 248 64 l'oreille,
1029 666 184 47 armée
1258 664 132 51 d'un
1433 663 343 53 instrument
1835 665 150 52 aussi
2018 664 220 67 délicat,
2274 684 67 34 ne

360 735 255 70 parvient
642 736 204 69 jamais
884 741 28 47 à
954 737 287 69 percevoir
1284 760 22 26 «
1344 739 74 51 les
1453 757 131 34 sons
1632 739 295 53 inférieurs
1970 763 23 25 »
2031 741 136 51 dont
2200 758 141 35 nous

364 829 172 33 avons
562 818 249 45 constaté
845 814 294 66 l'absence,
1183 815 35 49 il
1253 815 118 51 faut
1402 815 129 51 bien
1565 834 56 32 se
1655 816 222 52 décider
1910 820 28 48 à
1973 834 68 34 en
2082 818 259 52 conclure

362 905 106 51 que
506 910 23 26 «
704 906 118 35 ces
823 906 57 35 sons
881 890 293 52 inférieurs
1218 913 23 28 »
1272 891 295 54 n'existent
1589 910 99 51 pas
1720 894 126 67 plus
1879 894 138 52 dans
2050 894 47 51 le
2131 894 180 68 phéno-

360 966 162 50 mène
557 966 237 70 objectif\
836 966 163 69 qu'ils
1043 966 296 53 n'existent
1366 988 24 28 «
1421 969 324 50 réellement
1786 970 138 51 dans
1970 983 160 38 notre
2164 986 152 35 sensa-

362 1040 118 51 tion
513 1040 379 52 inconsciente
934 1064 45 28 ».
1020 1044 304 67 L'épreuve
1358 1045 95 49 des
1499 1065 23 26 «
1579 1044 235 52 timbres
1849 1066 45 41 »,
1940 1049 265 64 suggérée
2247 1061 99 52 par

361 1116 76 52 M.
465 1116 299 67 Riemann,
794 1135 144 34 nous
960 1120 186 49 accule
1180 1118 144 53 ainsi
1350 1124 28 47 à
1400 1121 51 50 la
1487 1125 183 46 même
1706 1132 51 39 et
1788 1120 290 70 identique
2119 1121 194 51 conclu-

364 1191 121 52 sion
512 1211 107 50 que
651 1211 83 33 ses
776 1207 187 38 autres
999 1195 370 68 expériences.

430 1270 82 50 M.
559 1270 281 52 Riemann
877 1289 66 33 ne
983 1273 177 68 paraît
1207 1290 98 51 pas
1331 1271 155 52 avoir
1510 1277 171 65 songé
1726 1275 28 48 à
1788 1286 122 38 tout
1946 1273 131 64 cela,
2110 1287 71 50 et,
2219 1273 44 51 si
2296 1273 47 53 le

362 1360 485 38 commencement
874 1348 65 51 de
968 1366 56 32 sa
1053 1366 24 32 «
1114 1352 236 65 réponse
1380 1369 47 44 »,
1463 1353 370 59 assurément,
1865 1367 54 32 se
1947 1350 179 50 révèle
2161 1350 185 68 plutôt

364 1422 161 51 d'une
569 1428 242 47 extrême
850 1442 25 32 «
912 1423 301 69 simplicité
1270 1446 45 38 »,
1350 1425 131 50 c'est
1532 1427 28 47 à
1606 1425 162 68 peine
1810 1425 44 49 si
1908 1442 73 35 on
2027 1426 245 68 échappe
2317 1430 28 45 à

362 1497 452 52 l'ahurissement
864 1501 188 67 quand
1100 1516 74 34 on
1223 1498 63 52 lit
1319 1499 48 53 la
1411 1499 179 53 suite:
1644 1522 94 31 «...
1776 1499 235 54 Ceux-ci
2065 1501 97 67 (les
2213 1519 130 33 sons

362 1573 319 70 inférieurs)
718 1590 128 36 sont
879 1576 305 52 constitués
1207 1593 100 51 par
1331 1577 31 49 Y
1368 1576 246 53 addition
1642 1578 96 51 des
1761 1580 174 49 ondes
1961 1593 231 36 sonores
2211 1578 127 69 plus

365 1651 198 68 petites
592 1670 70 34 ou
687 1651 338 69 impulsions
1044 1652 330 52 vibratoires
1399 1653 124 69 plus
1545 1653 240 69 rapides.
1820 1654 149 51 Leur

364 1727 341 52 déterminée
739 1746 101 51 par
885 1729 152 60 elles,
1087 1742 72 52 et,
1206 1728 445 52 conformément
1689 1733 30 47 à
1753 1731 119 49 leur
1922 1729 330 69 amplitude,
2313 1733 29 47 à

364 1820 220 34 mesure
618 1802 165 68 qu'ils
818 1803 328 69 s'éloignent
1180 1804 74 50 du
1293 1821 100 33 son
1428 1803 178 69 prime
1640 1804 382 51 fondamental
2056 1804 127 69 aigu
2216 1822 124 33 vers

362 1879 50 51 le
445 1896 184 51 grave,
677 1879 120 51 leur
823 1879 266 52 intensité
1122 1893 84 37 est
1244 1880 430 51 naturellement
1706 1880 282 61 moindre,
2017 1898 163 51 parce
2214 1898 127 51 que,

365 1954 126 70 plus
515 1971 109 34 une
654 1957 145 49 onde
827 1972 201 34 sonore
1054 1969 82 38 est
1162 1955 224 69 longue,
1421 1957 126 67 plus
1581 1974 101 33 son
1708 1955 310 70 amplitude
2070 1957 119 50 doit
2229 1963 113 44 être

364 2032 205 68 grande
604 2048 143 51 pour
775 2032 264 67 produire
1067 2049 75 35 un
1166 2049 102 35 son
1300 2032 320 52 d'intensité
1654 2033 197 68 égale»
1881 2034 71 66 (p.
1989 2033 103 68 11).

432 2108 76 51 Le
541 2119 143 40 texte
711 2107 239 69 original
978 2121 80 38 est
1085 2109 203 51 obscur
1311 2122 13 53 ;
1360 2121 70 53 et,
1461 2108 303 65 d'ailleurs,
1799 2108 364 68 l'expression
2195 2109 67 51 de
2296 2109 51 52 la

364 2188 195 61 pensée
592 2185 66 50 de
681 2184 77 51 M.
805 2184 280 52 Riemann
1118 2198 82 38 est
1239 2184 462 53 habituellement
1734 2185 165 50 d'une
1940 2185 127 51 telle
2103 2199 52 37 et
2187 2202 128 34 cons-

364 2273 151 38 tante
541 2259 327 69 ambiguïté,
894 2277 107 51 que
1025 2260 50 51 la
1100 2259 316 52 traduction
1437 2277 68 34 en
1524 2259 219 52 devient
1766 2273 236 39 souvent
2022 2260 316 52 scabreuse.

365 2334 94 54 On
510 2348 82 39 est
638 2349 267 56 pourtant
958 2357 24 26 «
1024 2336 193 69 frappé
1260 2358 22 25 »
1334 2336 230 51 d'abord
1618 2353 99 52 par
1749 2335 51 52 la
1846 2336 241 51 relation
2140 2335 202 52 établie

362 2425 156 37 entre
571 2411 297 52 l'intensité
943 2427 52 38 et
1056 2414 49 49 la
1157 2411 325 70 perception
1543 2413 94 50 des
1687 2433 23 27 «
1759 2429 131 34 sons
1951 2411 298 52 inférieurs
2295 2433 47 30 ».

364 2489 78 51 M.
480 2488 281 52 Riemann
794 2488 140 52 croit
976 2507 108 49 que
1117 2489 229 52 l'oreille
1381 2507 67 33 ne
1481 2488 211 69 perçoit
1726 2505 97 52 pas
1860 2489 77 51 les
1980 2508 24 29 «
2042 2507 131 33 sons
2206 2488 113 52 infé-

364 2565 181 51 rieurs
581 2587 24 25 »
642 2569 28 47 à
695 2583 163 33 cause
885 2566 65 50 de
979 2566 120 51 leur
1124 2564 167 53 faible
1325 2564 263 53 intensité
1627 2578 51 38 et
1703 2576 251 40 constate
1988 2583 108 51 que
2133 2564 212 52 celle-ci

365 2640 251 52 diminue
644 2660 27 31 «
699 2645 28 46 à
760 2658 222 34 mesure
1015 2641 164 68 qu'ils
1207 2641 327 69 s'éloignent
1559 2658 123 34 vers
1715 2640 47 51 le
1788 2658 166 52 grave
1978 2662 45 30 ».
2063 2641 44 51 Il
2135 2640 211 52 semble

366 2717 144 51 donc
549 2715 244 65 évident,
830 2733 68 34 en
941 2729 122 38 tout
1101 2734 106 44 cas,
1249 2735 128 50 que,
1413 2716 44 51 si
1496 2734 78 33 un
1616 2738 23 25 «
1677 2734 101 32 son
1811 2715 268 53 inférieur
2112 2738 24 28 »
2181 2717 165 51 d'une

367 2791 209 71 gravité
604 2794 217 49 donnée
849 2805 82 38 est
957 2809 186 52 perçu,
1176 2792 78 51 les
1283 2814 23 25 «
1344 2810 132 33 sons
1501 2791 300 52 inférieurs
1837 2813 23 26 »
1898 2792 124 66 plus
2048 2791 157 70 aigus
2239 2810 108 50 que

365 2888 58 33 ce
452 2886 101 35 son
587 2886 163 52 grave
785 2881 70 54 et,
887 2886 99 52 par
1010 2875 364 63 conséquent,
1401 2867 320 54 d'intensité
1752 2869 123 68 plus
1900 2869 163 63 forte,
2111 2870 238 51 devront

366 2951 113 46 être
503 2963 200 50 perçus
729 2946 169 62 aussi,
929 2959 53 38 et
1020 2950 184 47 même
1231 2946 126 69 plus
1382 2945 337 52 facilement.
1757 2943 305 54 Comment
2093 2945 79 52 M.
2218 2943 99 53 Rie-

366 3039 173 34 mann
582 3021 376 69 explique-t-il
1004 3023 147 50 alors
1206 3040 125 51 que,
1368 3039 145 52 pour
1545 3021 49 51 la
1627 3020 167 52 tierce
1833 3023 43 61 112,
1921 3021 184 52 tandis
2147 3039 105 51 que
2300 3021 47 51 le

370 3116 25 32 «
431 3115 101 33 son
579 3097 271 52 inférieur
939 3100 489 58 {»
1000 3100 73 50 du
1109 3116 103 34 son
1236 3115 37 49 4
1315 3111 81 38 est
1446 3114 167 53 perçu
1647 3114 101 52 par
1783 3097 248 66 l'oreille,
2082 3097 47 51 le
2177 3116 27 32 «
2246 3112 104 36 son

367 3172 268 52 inférieur
709 3195 47 43 »,
792 3173 127 69 plus
946 3173 148 70 aigu,
1131 3191 67 34 ne
1225 3176 47 49 le
1300 3173 109 52 soit
1421 3172 224 71 jamais,
1670 3172 247 70 quoique
1945 3172 47 51 le
2021 3194 23 26 «
2082 3190 104 34 son
2213 3171 110 52 infé-

367 3250 149 52 rieur
548 3252 21 56 |
601 3271 23 26 »
672 3266 198 34 encore
916 3251 123 67 plus
1084 3250 124 69 aigu
1261 3251 188 68 puisse
1484 3255 111 45 être
1631 3250 244 50 entendu
1895 3251 19 48 ?
1954 3248 306 54 Comment
2293 3266 56 33 se

369 3326 167 51 fait-il
564 3344 123 50 que,
722 3344 146 50 pour
903 3326 327 52 l'intervalle
1255 3328 43 60 112,
1329 3324 227 53 l'oreille
1603 3323 254 71 perçoive
1886 3326 76 51 les
1993 3347 23 26 «
2051 3342 132 33 sons
2214 3324 111 51 infé-

371 3403 178 52 rieurs
584 3416 96 53 3et
722 3406 21 57 §
788 3424 24 27 »
842 3403 74 51 du
955 3421 102 33 son
1091 3422 52 50 9,
1194 3417 53 37 et
1280 3403 108 51 soit
1428 3402 289 69 incapable
1762 3403 124 50 d'en
1942 3401 287 71 percevoir
2271 3402 79 51 les

370 3498 27 31 «
446 3496 131 34 sons
634 3478 300 52 inférieurs
972 3482 43 62 j,
1049 3482 45 58 j.
1218 3483 732 59 i,'
1277 3492 52 38 et
1364 3518 18 24 s
1376 3507 20 5 -
1440 3501 23 25 »
1514 3479 65 51 de
1627 3479 240 51 hauteur
1921 3492 52 37 et
2031 3478 318 52 d'intensité

372 3554 437 52 intermédiaires
833 3557 19 49 ?
905 3557 78 49 La
1026 3561 239 64 réponse
1306 3570 81 36 est
1427 3553 378 53 évidemment
1841 3575 26 30 «
1909 3554 163 52 d'une
2106 3561 244 45 extrême

374 3631 301 69 simplicité
718 3650 27 31 »
772 3648 149 52 pour
963 3633 96 67 qui
1112 3646 127 39 veut
1272 3632 129 52 bien
1428 3648 327 51 remarquer
1787 3648 107 51 que
1928 3631 78 50 les
2035 3631 143 52 seuls
2220 3648 131 35 sons

374 3707 294 52 soi-disant
714 3730 23 25 «
775 3707 296 53 inférieurs
1105 3727 27 32 »
1170 3726 203 51 perçus
1402 3721 126 38 sont
1576 3708 96 51 des
1711 3728 23 26 «
1780 3725 130 33 sons
1952 3708 306 51 résultants
2299 3726 51 49 »,

371 3783 254 66 produits
667 3801 99 52 par
808 3784 309 52 l'émission
1166 3784 332 52 simultanée
1532 3785 95 50 des
1661 3783 144 51 deux
1844 3799 132 35 sons
2013 3785 136 50 d'un
2182 3783 143 52 inter-

374 3860 158 65 valle,
572 3873 52 38 et
667 3860 258 66 existant,
972 3883 23 26 «
1030 3862 139 50 dans
1203 3862 179 52 l'onde
1427 3877 200 35 sonore
1669 3859 95 70 qui
1797 3860 154 52 vient
1995 3860 229 69 frapper
2253 3862 100 52 l'o-
