2423 4277
296 257 87 54 516

999 271 59 29 LE
1094 271 240 31 MERCURE
1369 271 219 31 MUSICAL

829 504 47 48 A
917 501 368 55 ANTONIA
1329 504 439 52 BRENTANO

360 629 106 50 Ma
489 628 157 51 chère
669 626 156 66 amie,
858 633 170 46 toutes
1061 626 75 53 les
1167 625 402 52 circonstances
1611 625 159 65 [dans
1815 625 278 69 lesquelles
2104 625 66 70 je
2208 642 81 34 me

294 708 209 61 trouve]
527 705 92 69 qui
655 703 282 53 d'ailleurs
967 709 129 46 vont
1145 703 202 52 bientôt
1392 700 340 55 s'améliorer
1755 719 65 33 ne
1851 701 164 51 m'ont
2047 719 109 51 pas
2192 701 103 51 mis

308 798 61 34 en
498 780 261 53 situation
1108 781 304 68 d'accepter
1762 780 54 52 la
1907 781 84 52 lettre
1992 783 85 66 [a;q]
2085 784 48 46 et

293 874 194 53 mave\
511 859 232 68 envoyée
773 858 142 69 —je
966 856 92 54 l'ai
1082 874 156 51 reçue
1271 874 118 51 par
1418 852 469 73 [l'intermédiaire
1907 854 71 65 d']
2005 873 70 33 un
2114 855 152 51 étran-

289 952 127 52 ger,
443 936 33 49 à
529 952 57 34 ce
616 934 129 71 qu'il
771 952 81 34 me
896 934 214 66 semble,
1153 933 170 69 lequel
1374 950 63 35 ne
1469 934 100 49 m'a
1594 950 109 51 pas
1759 949 148 52 paru
1953 931 253 69 prendre
2244 933 53 50 la

293 1011 156 52 chose
466 1013 119 50 bien
616 1015 33 48 à
675 1030 171 47 cœur,
871 1029 99 34 car
1003 1030 65 33 ne
1092 1030 48 33 m
1159 1020 174 57 ayant
1354 1028 105 51 pas
1483 1010 191 52 trouvé
1696 1010 122 69 che\
1867 1009 127 66 moi,
2024 1026 102 35 une
2162 1028 102 51 pre-

293 1087 169 53 mière
471 1089 143 70 fois,
645 1087 42 54 il
715 1089 177 52 revint
919 1087 40 53 8
1002 1089 161 68 jours
1202 1089 183 67 après,
1414 1104 83 34 me
1540 1087 65 64 fit
1637 1093 255 44 remettre
1935 1086 52 52 la
2030 1085 157 53 lettre
2235 1085 63 53 de

308 1164 209 71 change
539 1183 131 34 sans
1097 1165 166 52 même
1502 1165 216 53 vouloir
2008 1164 158 52 venir
2180 1165 119 70 jusq

308 1241 141 52 suite
641 1242 56 70 je
840 1259 83 34 me
1106 1241 188 52 rendis
1571 1242 122 68 che\
1074 1241 233 66 Pacher,

294 1317 317 54 avant-hier
651 1336 177 35 aucun
870 1319 139 66 avis,
1039 1317 67 52 ils
1158 1335 65 34 ne
1271 1316 345 53 connaissent
1658 1317 167 50 même
1860 1334 106 51 pas
2019 1316 47 51 le
2121 1315 177 52 tireur

294 1414 201 34 comme
517 1414 130 35 vous
687 1395 139 53 dites
867 1396 201 71 —j'en
1093 1396 57 52 ai
1173 1395 189 53 conclu
1380 1394 134 71 qu'il
1541 1394 131 52 était
1709 1392 301 54 nécessaire
2051 1391 66 53 de
2166 1410 131 34 vous

293 1472 212 52 avertir
532 1472 454 54 immédiatement
1016 1480 52 46 et
1091 1472 269 71 j'attends
1402 1489 95 35 vos
1520 1470 269 53 décisions
1822 1472 33 50 à
1901 1487 57 35 ce
1980 1470 147 70 sujet
2154 1470 144 70 —je

293 1566 133 35 vous
458 1548 194 53 aurais
684 1550 118 52 bien
821 1550 239 67 renvoyé
1091 1548 54 53 la
1171 1550 158 52 lettre
1342 1548 65 53 de
1431 1547 227 70 change,
1677 1547 295 51 seulement
1987 1546 57 70 je
2070 1565 63 33 ne
2160 1564 102 33 com-

285 1625 214 71 prends
538 1626 120 53 rien
691 1628 34 51 à
759 1644 83 35 ces
873 1627 206 65 choses,
1107 1644 202 34 comme
1355 1642 133 36 vous
1530 1641 174 52 save\,
1740 1631 49 44 et
1832 1623 196 51 aurais
2063 1641 83 51 pu
2180 1641 117 51 par

293 1702 140 52 suite
463 1710 311 44 commettre
810 1702 312 67 facilement
1153 1719 101 35 une
1268 1719 199 35 erreur
1492 1703 121 50 —à
1634 1700 52 53 la
1719 1700 143 64 hâte,
1903 1706 157 47 votre
2104 1716 160 36 recon-

307 1778 253 52 naissant
843 1778 315 54 Beethoven.

351 1903 86 54 (De
462 1902 240 54 l'adresse,
725 1902 32 43 il
777 1917 58 29 ne
863 1903 205 42 subsiste
1094 1915 91 44 que
1213 1902 43 43 le
1282 1909 99 34 mot
1413 1915 22 27 «
1461 1899 256 44 Frankfurt
1755 1915 75 28 am
1856 1900 130 43 Main
2011 1918 44 33 »,
2080 1908 46 35 et
2149 1899 43 43 le
2217 1913 52 28 ca-

299 1965 107 43 chet
431 1966 112 43 bleu
565 1966 58 43 de
649 1966 292 50 Beethoven,
964 1974 194 49 portant
1181 1965 67 43 les
1275 1965 160 43 lettres
1464 1965 57 43 L.
1549 1965 56 43 V.
1634 1965 69 55 B.)

369 2214 182 67 [Mon]
576 2214 141 53 amie
738 2213 215 53 estimée
974 2216 21 50 !

368 2296 192 59 Ayant
589 2290 194 70 appris
814 2308 99 53 que
943 2308 132 35 vous
1107 2289 107 53 êtes
1239 2305 61 35 en
1333 2286 236 54 relation
1602 2303 127 35 avec
1768 2284 314 54 Geimuller
2118 2285 43 67 (i
2176 2285 36 66 ),
2234 2302 63 53 je

294 2388 132 34 vous
452 2369 183 52 envoie
668 2368 348 52 l'attestation
1040 2369 33 48 à
1100 2384 54 33 ce
1174 2383 214 52 propos
1507 2364 73 52 les
1602 2363 226 52 cochons
1854 2363 255 50 méritent
2127 2369 142 61 juste-

297 2454 145 44 ment
461 2446 118 52 leur
603 2463 121 33 nom
824 2445 53 69 je
891 2443 113 52 suis
1031 2443 117 52 bien
1172 2441 160 66 fâché
1342 2443 65 50 de
1427 2459 56 33 ce
1503 2458 98 53 que
1624 2446 154 46 votre
1797 2439 312 70 générosité
2129 2440 168 48 àmon

296 2521 180 71 égard
492 2539 134 36 vous
645 2521 114 69 fait
790 2526 294 63 supporter
1202 2520 273 51 vraiment
1512 2524 158 46 notre
1699 2515 264 53 situation
1977 2533 117 51 par
2126 2531 54 35 ce
2215 2514 56 52 la-

296 2600 264 52 mentable
590 2600 111 50 état
729 2597 92 53 des
853 2599 272 68 finances,
1158 2603 80 45 est
1277 2595 231 53 devenue
1541 2592 65 54 de
1644 2610 245 36 nouveau
1948 2592 117 51 bien
2079 2590 220 70 pénible

297 2683 51 44 et
369 2694 66 33 on
461 2693 118 34 nen
618 2676 184 66 espère
852 2691 107 51 pas
992 2672 52 52 la
1083 2674 93 68 fin
1287 2672 141 52 voici
1451 2689 73 33 un
1563 2677 160 45 autre
1755 2670 142 70 objet
1940 2667 132 54 dont
2084 2685 62 50 je
2176 2667 121 51 dois

313 2771 132 35 vous
468 2751 317 53 entretenir.
1320 2751 145 52 C'est
1482 2754 32 49 à
1526 2768 209 52 propos
2229 2749 70 52 d'u

288 2830 136 68 pipe
597 2848 15 31 :
849 2827 195 70 parmi
1300 2826 75 53 les
1524 2825 278 54 individus
2133 2825 154 70 [dont

296 2906 288 70 souffrent,
613 2923 55 34 se
688 2912 189 45 trouve
909 2921 122 35 mon
1054 2905 178 68 frère,
1270 2901 91 71 qui
1385 2904 31 49 à
1442 2918 159 35 cause
1633 2900 63 52 de
1741 2918 62 33 sa
1837 2898 279 53 mauvaise
2146 2897 152 52 santé

311 3001 34 33 a
428 2982 73 52 dû
640 3000 56 34 se
740 2982 132 71 faire
873 2981 229 70 pensionner,
2015 2981 55 51 la
2198 2980 101 52 situ

315 3060 156 66 dure,
485 3061 66 69 je
859 3058 127 72 fais
1209 3065 118 46 tout
1347 3076 56 35 ce
1434 3057 91 70 qui
1906 3058 152 51 m'est
2273 3075 26 50 p

302 3155 123 50 pas.
604 3136 56 52 Il
672 3135 233 68 possède
1268 3152 102 35 une
1561 3136 100 51 tête
1680 3135 65 50 de
1766 3133 153 70 pipe,

312 3216 34 48 à
430 3212 343 73 Frankfurt,
1180 3212 40 52 il
1320 3219 80 45 est
1416 3210 219 71 difficile
2009 3211 66 51 de
2204 3208 78 54 lui

312 3290 65 50 de
490 3306 98 34 son
739 3290 109 50 état
997 3288 64 52 de
1167 3290 171 64 santé,
1554 3295 51 44 et
1700 3288 122 51 c'est
1991 3285 279 71 pourquoi

284 3366 183 70 prier,
491 3363 66 54 de
583 3366 78 51 lui
672 3371 322 63 permettre,
1021 3363 65 54 de
1107 3380 132 35 vous
1271 3377 235 51 envoyer
1543 3366 131 44 cette
1698 3359 101 51 tête
1839 3357 63 52 de
1912 3358 148 68 pipe,
2091 3357 41 52 il
2152 3356 145 53 vient

600 3460 132 34 vous
918 3448 119 45 tant
1213 3441 64 52 de
1282 3457 306 52 personnes
2010 3455 98 54 que
2291 3456 8 34 v

313 3536 132 34 vous
619 3536 64 34 en
795 3518 216 68 défaire
1484 3535 124 34 mon
1770 3517 158 65 frère
2143 3521 156 62 [comp

327 3613 75 37 10
572 3594 329 54 Louis-d'or
1501 3597 65 69 je
1693 3611 133 34 men
2056 3598 243 64 rapporte

353 3757 63 55 (1)
444 3757 275 56 Geymùller
743 3756 113 43 était
889 3770 64 28 un
976 3756 233 56 banquier
1235 3756 59 42 de
1326 3755 43 42 la
1397 3752 199 57 capitale
1628 3753 329 42 autrichienne
2002 3753 115 42 chez
2138 3751 156 58 lequel

299 3818 275 43 Beethoven
597 3828 254 33 rencontra
876 3820 41 40 le
942 3818 140 56 poète
1107 3818 305 55 Grillparzer.
1522 3817 89 41 Les
1633 3825 122 33 mots
1795 3816 246 57 soulignés
2082 3816 61 43 ici
2170 3825 122 42 sont,

298 3880 93 42 soit
415 3882 257 54 soulignés,
699 3882 93 42 soit
809 3882 139 42 écrits
975 3896 60 28 en
1060 3879 263 45 caractères
1346 3879 138 42 latins
1519 3893 83 42 par
1632 3879 294 43 Beethoven.
