2423 4277
1068 209 58 29 LE
1161 207 239 31 MERCURE
1434 203 218 33 MUSICAL

356 214 87 45 520

353 413 458 70 soigneusement
823 425 183 48 revue,
1023 423 99 33 car
1136 404 73 52 les
1223 403 240 53 éditeurs
1475 400 115 53 n'en
1603 399 250 61 finissent
1855 414 109 52 pas
1979 413 124 36 avec
2117 413 110 33 mes
2242 414 67 36 ma-

374 488 238 55 nuscrits
887 487 122 70 —je
1154 486 44 52 le
1272 483 113 52 sais
1388 480 618 73 parexpérience,pour
2011 493 214 53 graver
2233 492 99 34 une

374 572 115 47 tout
505 563 115 52 doit
635 563 113 51 être
1164 577 130 34 revu
1468 566 122 45 note
1736 576 154 52 pour
2083 563 141 56 note,
2232 555 65 71 je

353 658 122 35 mon
506 640 112 51 état
635 637 254 71 maladif,
926 635 253 52 d'autant
1213 633 126 70 plus
1371 634 158 67 [que],
1566 644 202 37 comme
1777 628 56 70 je
1881 624 187 53 devais
2096 624 249 55 terminer

353 717 218 70 malgré
607 722 117 45 tout
761 732 64 34 en
856 729 98 36 vue
978 710 65 54 de
1085 729 89 35 ma
1199 726 212 53 propre
1443 707 337 53 subsistance
1801 703 288 71 plusieurs
2140 719 172 52 gagne-

366 793 135 70 pain
516 793 99 68 (1),
983 789 75 70 {je
1187 789 142 66 dois,
1527 788 171 65 hélas,
1932 787 74 52 les
2133 802 231 35 nommer

350 870 155 70 faire
535 884 192 37 encore
760 867 51 52 la
847 864 257 55 tentative
1133 863 51 53 si
1212 860 260 56 Simrock
1496 878 65 36 ne
1598 856 227 73 pouvait
1853 873 80 35 me
1975 860 244 64 compter
2276 855 66 53 les

358 945 340 52 Louis-dors
1127 947 32 48 à
1237 961 70 34 un
1443 959 163 36 cours
1635 940 129 70 plus
2139 939 155 63 élevé,

371 1023 281 70 plusieurs
677 1019 292 53 demandes
1628 1023 332 48 concernant
1980 1016 52 51 la
2058 1015 185 51 Messe

371 1098 271 71 pourrais
658 1096 179 52 écrire
1354 1094 358 65 maintenant,
2116 1096 221 49 surtout

374 1178 58 70 je
549 1194 65 34 ne
762 1192 172 53 pense
953 1175 176 69 guère
1576 1175 33 48 à
1728 1171 119 52 rien
1866 1170 133 70 plus
2336 1187 28 52 q

383 1269 130 36 vous
726 1249 408 54 rembourserai
1616 1265 70 35 au
1800 1246 127 70 plus
1946 1246 76 52 tôt
2304 1251 50 46 et

360 1338 51 44 et
428 1329 273 53 serviteur
712 1326 321 54 Beethoven.

416 1448 224 56 (Adresse
682 1461 9 28 :
719 1460 24 29 «
773 1447 40 41 A
853 1446 68 43 M.
968 1443 74 57 [le]
1849 1442 24 44 Sénateur
1874 1438 207 42 à
2265 1434 84 56 (am

365 1510 161 56 Main).
780 1514 42 51 »)

1394 1626 21 20 *

1214 1670 59 30 v
1419 1669 22 24 *
1475 1671 7 5 *

1363 1834 205 52 Vienne,
1593 1837 43 40 le
1663 1848 57 29 20
1747 1834 252 43 décembre
2031 1834 130 43 1821.

955 1959 177 52 Noble
1378 1959 210 52 homme
1842 1959 20 51 !

436 2074 268 54 J'attends
729 2093 192 35 encore
952 2092 102 34 une
1080 2073 157 53 lettre
1268 2092 100 34 sur
1387 2092 56 34 ce
1471 2076 91 68 qui
1593 2091 262 35 concerne
1886 2074 52 54 la
1976 2074 185 52 Messe
2183 2092 98 51 que
2308 2076 47 66 je

364 2171 130 35 vous
520 2152 467 70 communiquerai
1019 2150 232 53 aussitôt
1270 2168 149 54 pour
1439 2168 225 35 examen
1697 2150 65 53 de
1795 2157 143 46 toute
1970 2157 131 46 cette
2136 2150 214 70 affaire,

367 2248 61 35 en
463 2236 114 45 tout
606 2246 92 34 cas
723 2228 337 52 l'honoraire
1081 2246 132 35 vous
1237 2244 127 35 sera
1387 2228 225 69 compté,
1640 2227 155 53 alors
1824 2244 132 35 vous
1978 2225 237 73 voudre\
2248 2227 107 52 bien

366 2324 132 36 vous
545 2307 349 51 rembourser
930 2305 235 53 aussitôt
1202 2304 63 52 de
1305 2321 89 35 ma
1425 2304 159 65 dette,
1621 2322 89 34 ma
1744 2303 292 71 gratitude
2055 2322 154 51 pour
2236 2322 121 34 vous

367 2401 127 34 sera
536 2401 129 33 sans
718 2383 182 52 borne.
1035 2382 68 50 Je
1148 2382 99 69 fus
1293 2380 264 52 indiscret
1595 2397 61 34 en
1700 2379 227 53 dédiant
1955 2382 33 49 à
2026 2387 155 45 votre
2224 2380 135 52 nièce

366 2459 161 51 Maxe
555 2459 93 67 (2),
676 2476 130 33 sans
833 2458 78 52 lui
934 2476 65 33 en
1025 2457 301 52 demander
1352 2457 53 52 la
1428 2455 357 70 permission,
1810 2473 102 36 une
1937 2473 184 36 œuvre
2142 2455 64 54 de
2228 2455 103 52 moi
2345 2473 15 42 ;

367 2534 310 70 considère%
701 2534 115 52 cela
842 2552 202 34 comme
1068 2552 72 34 un
1165 2534 159 70 signe
1364 2533 65 53 de
1453 2552 123 34 mon
1612 2535 112 50 très
1747 2533 92 70 vif
1860 2533 349 52 dévouement
2218 2551 143 52 pour

399 2629 132 35 vous
553 2618 49 46 et
846 2618 155 46 votre
1014 2610 180 73 famille.
1195 2612 65 52 Ne
2142 2610 204 70 donner
2360 2610 4 73 p

356 2686 239 72 fication
628 2686 288 54 intéressée
948 2693 49 44 et
1023 2703 64 34 ne
1113 2686 53 53 la
1195 2685 313 71 considère%
1526 2702 110 53 pas
1669 2703 202 34 comme
1904 2702 100 35 une
2040 2685 319 52 rétribution

475 2763 113 53 cela
634 2780 81 35 me
753 2763 343 67 froisserait,
1134 2763 41 52 il
1195 2780 55 54 y
1293 2763 195 52 aurait
1532 2779 193 36 encore
1757 2763 118 52 bien
1909 2763 240 52 d'autres
2191 2763 170 52 nobles

370 2840 185 70 motifs
585 2839 49 51 si
671 2839 119 53 Ton
837 2839 212 52 voulait
1084 2857 54 34 se
1171 2845 257 46 remettre
1474 2841 33 50 à
1546 2839 179 52 écrire
1768 2846 51 45 et
1853 2839 50 53 si
1954 2840 106 52 Von
2100 2838 263 54 cherchait

370 2916 383 51 sérieusement
794 2914 93 53 des
920 2915 303 52 occasions.
1357 2915 86 51 La
1468 2914 246 54 nouvelle
1749 2916 169 52 année
1941 2934 68 34 va
2041 2932 323 36 commencer

370 3010 98 35 son
489 3010 181 46 cours,
701 2991 366 69 puisse-t-elle
1098 2991 235 52 combler
1359 2999 121 44 tous
1504 3010 94 35 vos
1622 3009 163 36 vœux
1815 2999 51 46 et
1896 2999 323 63 augmenter
2250 2993 86 52 cha-

370 3085 99 51 que
497 3069 133 66 jour
668 3067 54 53 la
738 3067 122 72 joie
896 3069 150 68 qu'en
1079 3069 102 51 bon
1209 3070 140 66 père
1390 3067 64 53 de
1475 3066 228 74 famille
1736 3085 134 36 vous
1919 3075 217 64 trouve\
2182 3085 61 36 en
2280 3083 84 37 vos

374 3145 237 66 enfants,
649 3145 68 70 je
757 3161 131 35 vous
927 3144 275 52 embrasse
1232 3144 66 52 de
1347 3150 115 46 tout
1490 3161 151 36 cœur
1675 3153 50 45 et
1754 3163 131 35 vous
1907 3145 132 70 prie
2077 3145 66 52 de
2175 3163 78 34 me
2288 3160 51 36 re-

414 3221 353 52 commander
1180 3222 33 50 à
1293 3227 154 46 votre
1655 3221 290 52 excellente
2297 3229 49 44 et
2189 3224 90 68 (3).

562 3296 158 53 Celui
924 3296 94 70 qui
1034 3314 132 35 vous
1470 3297 204 52 honore
1921 3296 66 55 de
2114 3297 56 52 la
2274 3297 90 70 plu

1715 3423 442 43 BEETHOVEN.

435 3594 61 56 (Ï)
522 3594 341 43 Brodarbeiten
872 3626 9 19 ,
906 3594 68 42 dit
997 3594 292 44 Beethoven.

436 3659 59 54 (2)
522 3657 358 43 Maximilienne
908 3658 253 53 Brentano,
1185 3656 96 43 fille
1308 3666 46 34 et
1377 3671 97 28 non
1500 3656 134 45 nièce
1686 3659 55 42 de
1787 3660 151 41 Franz
1959 3673 11 38 ;
2017 3659 268 43 Beethoven
2310 3652 58 44 lui

379 3720 139 43 dédia
538 3720 45 42 la
604 3729 160 33 sonate
785 3733 57 28 en
877 3719 65 42 mi
965 3720 183 56 majeur
1169 3720 95 55 (op.
1298 3722 118 55 109).

433 3784 63 55 (3)
522 3783 144 53 Toni,
687 3782 209 43 Antonia
918 3782 253 52 Brentano,
1200 3782 169 43 femme
1396 3782 57 43 de
1476 3784 165 42 Franz.
