2423 4277
443 241 215 31 LETTRES
696 241 62 31 DE
795 241 294 32 BEETHOVEN
1127 244 27 29 A
1190 242 59 31 LA
1285 242 208 31 FAMILLE
1534 242 269 31 BRENTANO

2030 243 80 43 523

204 444 155 50 Pour
386 442 141 51 aller
564 441 127 69 plus
716 442 123 67 vite,
881 442 366 71 demandez-le
1279 444 118 69 che\
1443 461 64 35 sa
1538 445 162 65 mère,
1746 442 262 53 l'adresse
2041 449 79 47 est

141 518 255 70 ci-jointe.

1117 648 19 19 *

1093 694 17 17 *
1141 691 20 20 *

205 831 286 51 Etes-vous
534 827 353 66 aujourd'hui
940 845 224 34 repentis
1211 829 71 50 du
1315 845 265 50 royaume
1618 827 64 52 de
1719 829 252 60 Vamour,
2015 826 105 69 fai

142 905 137 56 écrit
471 907 32 49 à
595 921 131 35 vous
924 911 49 43 et
611 902 287 70 Breuning
923 906 95 63 (1),
1977 902 143 52 sinon

145 990 143 48 votre
319 981 204 51 bureau
556 997 126 36 avec
717 980 54 52 la
804 980 155 52 lettre
989 981 33 49 à
1050 981 191 49 Breun
1279 1010 67 6 —
1352 978 313 71 fûtes-vous
1788 978 127 69 quel
1942 977 147 52 résul-

146 1072 73 38 tat
238 1058 74 68 (2)
534 1055 31 53 ?
821 1056 52 66 je
971 1072 65 35 ne
1049 1055 133 68 puis
1440 1055 118 50 rien
1733 1053 123 54 dire
2034 1053 65 52 de

148 1135 225 69 j'espère
669 1149 131 34 vous
1007 1131 124 52 voir
1300 1130 356 71 aujourd'hui
2051 1149 69 49 ap

145 1227 66 33 un
237 1208 196 69 fiacre,
480 1207 268 70 toujouns,
782 1204 183 70 quand
993 1222 129 35 vous
1383 1204 47 51 le
1445 1203 183 73 faine,
1665 1220 199 34 comme
1900 1202 40 52 il
1970 1203 150 51 m'est

142 1284 206 70 pénible
371 1283 64 52 de
452 1282 188 52 devoin
664 1300 129 34 vous
819 1283 112 51 étne
951 1281 265 53 tellement
1238 1283 33 48 à
1293 1282 221 67 charge.
1536 1281 143 49 Avec
1696 1278 163 52 l'aide
1881 1278 69 53 du
1983 1278 134 65 Ciel,

143 1361 150 52 Karl
315 1359 86 52 n'a
414 1359 129 68 plus
567 1376 98 52 que
693 1361 42 49 5
767 1375 66 34 ou
853 1371 42 52 4
905 1357 168 71 jours
1116 1359 32 49 à
1174 1363 178 46 rester
1384 1358 52 62 [à
1464 1353 285 71 l'hôpital].

209 1437 88 52 En
514 1442 142 46 toute
847 1436 122 50 hâte
1136 1442 154 44 votre
818 1433 130 66 ami,

1299 1570 154 55 J.-G.
1492 1571 384 53 PROD'HOMME.

200 1833 58 53 (1)
285 1831 34 40 Il
343 1830 131 55 s'agit
495 1830 62 41 du
578 1829 109 42 vieil
720 1829 91 42 ami
833 1829 55 42 de
917 1829 287 50 Beethoven,
1239 1829 209 54 Stephen
1484 1842 92 29 von
1622 1829 259 55 Breuning,
1922 1828 80 55 qui
2050 1829 49 42 de-

148 1892 193 43 meurait
364 1893 123 40 alors
513 1905 110 28 avec
647 1890 66 42 lui
738 1892 25 40 à
787 1890 201 54 Vienne,
1023 1890 548 55 Schwarzspanierhaus.

201 1958 58 53 (2)
283 1956 71 40 En
375 1952 203 56 français
605 1954 115 41 dans
746 1952 41 42 le
813 1961 141 35 texte.
