2423 4277
305 216 87 55 546

1022 228 58 30 LE
1113 227 241 31 MERCURE
1388 226 215 32 MUSICAL

427 505 136 48 LES
589 503 395 50 CONCERTS

359 673 38 42 Il
428 671 101 44 faut
559 685 92 43 que
676 672 42 55 je
744 683 278 30 commence
1054 683 84 42 par
1162 682 66 29 un
1277 667 111 43 bien
1419 666 191 57 pénible
1637 678 117 31 aveu
1778 677 9 31 :
1831 664 41 56 je
1898 663 164 43 n'étais
2108 676 84 42 pas
2217 677 85 31 aux

302 743 216 36 concerts
553 736 62 41 du
642 748 54 43 29
719 734 213 43 octobre.
958 733 51 43 Je
1035 731 181 43 m'étais
1243 729 131 45 enfui
1395 730 220 55 jusqu'en
1640 742 76 28 ma
1757 727 229 42 lointaine
2030 739 272 43 campagne,

302 806 269 48 emportant
609 810 112 30 avec
775 796 97 42 moi
920 795 44 43 la
987 795 127 52 Mer,
1150 808 186 29 comme
1380 806 64 29 un
1478 793 156 41 trésor
1657 790 105 44 volé
1802 790 239 56 peut-être
2067 790 80 54 (1),
2190 790 113 43 mais

303 861 185 43 devenu
509 860 127 43 mien
667 873 85 43 par
777 858 125 45 droit
924 859 230 42 d'amour.
1181 856 228 43 Touchée
1442 869 85 42 par
1552 854 67 43 les
1653 852 229 58 premiers
1928 851 167 55 froids,
2119 852 44 41 la
2187 852 117 43 forêt

301 923 216 43 flambait
538 924 57 41 de
614 924 141 54 jaune
776 931 44 34 et
844 924 57 41 de
920 936 133 36 roux,
1072 934 66 30 un
1164 920 67 42 air
1248 920 252 56 pénétrant
1524 917 183 43 courait
1726 929 78 29 sur
1826 916 43 42 la
1886 915 172 56 prairie
2084 914 218 53 inondée,

302 1000 64 28 on
393 985 259 43 discernait
675 1000 58 28 au
759 985 101 42 loin
899 983 295 43 l'insensible
1221 982 136 56 neige
1406 979 205 45 blanche
1649 993 81 28 sur
1760 979 66 42 les
1852 978 222 57 plateaux
2100 977 62 42 du
2196 977 110 43 haut

300 1050 128 52 Jura,
473 1057 46 34 et
544 1057 208 47 partout,
779 1047 169 57 depuis
994 1047 68 42 les
1107 1045 193 43 labours
1348 1058 106 43 gras
1501 1042 280 43 d'humidité
1821 1040 249 56 jusqu'aux
2096 1039 113 43 toits
2251 1041 52 42 de

302 1112 199 42 chaume
525 1111 277 52 assombris,
822 1124 94 29 une
944 1109 203 42 sérénité
1165 1107 132 43 triste
1322 1105 257 57 annonçait
1602 1104 164 44 l'hiver
1785 1106 58 54 (je
1870 1104 134 42 dédie
2027 1111 73 34 cet
2120 1102 158 43 alexan-

301 1174 105 42 drin
454 1174 25 42 à
514 1188 113 29 mon
673 1172 204 44 comtois
919 1172 92 42 ami
1040 1170 458 55 Gauthier-Villars).
1553 1168 126 43 C'est
1714 1167 59 51 là,
1822 1167 118 42 dans
1980 1174 120 34 cette
2144 1174 161 34 nature

298 1237 261 49 recueillie,
587 1235 177 57 repliée
792 1249 79 29 sur
896 1235 289 50 elle-même,
1206 1246 205 44 presque
1430 1239 266 45 mourante,
1722 1244 90 42 que
1832 1229 75 56 j'ai
1922 1228 159 42 mieux
2103 1228 201 57 compris

302 1313 172 29 encore
496 1299 43 42 le
565 1298 346 43 chef-d'œuvre
959 1298 56 42 de
1041 1297 92 53 vie,
1161 1298 57 41 de
1259 1294 200 44 lumière
1485 1303 45 33 et
1555 1294 57 42 de
1637 1293 131 42 force
1813 1305 90 43 que
1931 1291 221 55 Debussy
2182 1291 125 41 vient

301 1363 56 42 de
383 1376 121 28 nous
545 1362 184 43 donner
752 1379 10 34 ;
804 1369 186 35 surtout
1018 1360 76 57 j'ai
1134 1359 159 43 mieux
1334 1358 112 42 saisi
1488 1357 45 42 la
1571 1356 191 56 logique
1810 1354 246 57 puissante
2102 1362 45 34 et
2188 1353 115 42 libre

301 1425 80 57 qui
411 1424 194 44 soulève
650 1433 46 35 et
740 1425 114 42 relie
894 1432 131 34 entre
1058 1423 115 42 elles
1217 1435 78 30 ces
1343 1420 365 44 efflorescences
1755 1418 301 55 mélodiques
2079 1430 9 28 :
2117 1416 188 56 logique

306 1487 112 42 d'un
455 1487 77 42 bel
578 1487 135 42 arbre
760 1501 90 28 aux
891 1485 234 44 branches
1171 1484 365 43 dissemblables
1580 1491 45 33 et
1667 1489 226 48 pourtant
1931 1479 373 53 harmonieuses,

301 1550 191 56 logique
514 1549 311 43 directement
849 1548 211 57 opposée
1087 1549 24 41 à
1127 1556 134 34 toute
1288 1546 306 56 scolastique,
1623 1545 128 41 étant
1772 1543 313 42 directement
2105 1541 202 56 inspirée

305 1613 55 41 de
388 1613 44 41 la
456 1622 166 33 nature
648 1627 9 39 ;
680 1612 193 56 logique
896 1611 244 53 musicale,
1173 1610 70 43 s'il
1270 1624 57 28 en
1354 1609 71 42 fut
1445 1607 182 58 jamais,
1655 1617 44 32 et
1724 1606 80 55 qui
1840 1619 145 29 ouvre
2013 1606 25 41 à
2062 1614 135 33 notre
2223 1614 82 44 art,

305 1675 38 42 si
376 1675 270 57 longtemps
678 1674 270 57 prisonnier
974 1688 58 29 en
1056 1688 88 28 nos
1171 1672 228 51 maisons,
1427 1686 59 27 en
1512 1685 87 27 nos
1634 1670 159 42 salons
1820 1677 44 33 et
1889 1682 59 28 en
1970 1682 88 28 nos
2086 1668 138 42 salles
2251 1669 55 41 de

306 1747 209 45 concert,
542 1752 94 28 une
661 1737 319 56 vertigineuse
1006 1736 240 56 échappée
1267 1749 78 29 sur
1366 1734 240 50 l'univers,
1632 1746 86 29 son
1746 1731 95 43 vrai
1869 1731 202 50 modèle,
2099 1745 86 28 son
2211 1731 96 42 vrai

303 1814 243 42 royaume.
590 1802 52 41 Je
666 1800 219 56 songeais
915 1801 25 41 à
964 1808 103 34 tout
1091 1799 115 53 cela,
1231 1806 44 34 et
1308 1799 25 41 à
1357 1797 238 56 plusieurs
1640 1804 155 33 autres
1822 1793 147 43 belles
1996 1793 170 42 choses
2196 1793 113 42 dont

301 1864 42 54 je
369 1862 202 57 parlerai
593 1863 183 42 bientôt
797 1863 96 54 (car
919 1863 193 42 l'œuvre
1134 1861 57 42 de
1211 1861 179 41 Claude
1418 1859 236 55 Debussy,
1678 1857 167 56 depuis
1867 1857 177 41 Pelléas
2063 1855 246 57 jusqu'aux

301 1933 157 34 toutes
484 1924 248 43 nouvelles
757 1926 188 57 Images
951 1958 11 17 ,
988 1933 71 33 est
1074 1937 132 29 assez
1233 1922 289 56 importante
1543 1920 302 56 aujourd'hui
1866 1933 122 41 pour
2007 1918 187 42 mériter
2217 1931 90 29 une

310 1988 139 42 étude
480 1987 306 53 d'ensemble)
809 2000 9 41 ;
854 1987 117 42 mais
1000 1987 204 41 d'autres
1234 1985 175 42 étaient
1432 1985 108 54 plus
1567 1997 150 42 sages,
1764 1991 44 33 et
1835 1983 39 53 je
1914 1981 106 42 dois
2047 1981 24 42 à
2111 1995 65 28 un
2215 1980 91 42 fort

308 2050 243 56 obligeant
583 2049 93 42 ami
703 2058 120 34 cette
854 2049 145 56 petite
1026 2059 110 32 note
1164 2061 79 30 sur
1267 2049 42 41 le
1341 2056 195 33 concert
1564 2045 289 50 Chevillard,
1882 2058 89 42 que
2004 2045 41 54 je
2083 2043 95 43 suis
2200 2044 83 41 heu-

303 2126 115 29 reux
433 2114 56 41 de
514 2112 203 56 pouvoir
743 2111 131 43 offrir
897 2113 24 41 à
946 2126 100 28 mes
1071 2112 204 42 lecteurs
1295 2124 59 28 en
1380 2109 241 43 diversion
1648 2109 55 41 de
1731 2121 112 29 mon
1869 2106 254 43 indiscrète
2145 2119 162 43 prose:

358 2189 24 28 «
404 2176 129 41 Dans
559 2175 285 41 l'ouverture
870 2174 57 42 de
953 2172 181 44 Phèdre
1143 2208 9 16 ,
1180 2172 343 57 l'impitoyable
1550 2171 193 56 rigueur
1768 2169 230 56 métrique
2025 2171 56 40 de
2105 2171 63 40 M.
2194 2168 89 42 Che-

301 2237 171 43 villard
513 2251 24 28 a
565 2237 186 42 montré
797 2251 94 42 peu
942 2237 56 42 de
1043 2235 353 56 complaisance
1444 2249 91 27 aux
1580 2234 253 55 langueurs
1880 2241 44 33 et
1945 2231 280 56 pâmoisons
2253 2232 56 41 de

306 2301 63 42 M.
400 2301 252 42 Massenet.
679 2300 149 43 Jouée
856 2313 111 28 avec
1011 2313 94 28 une
1130 2298 243 56 précision
1398 2297 225 51 extrême,
1651 2296 43 41 la
1721 2293 262 57 quatrième
2015 2293 294 56 Symphonie

306 2364 56 40 de
394 2363 274 42 Schumann
692 2361 328 43 demanderait
1050 2362 154 42 tantôt
1227 2375 65 28 un
1317 2374 92 42 peu
1451 2359 108 56 plus
1588 2359 56 42 de
1685 2361 153 53 grâce,
1867 2366 44 33 et
1937 2358 155 41 tantôt
2131 2370 65 28 un
2218 2369 92 43 peu

301 2425 106 55 plus
435 2425 56 42 de
515 2425 199 43 vivacité
742 2425 170 56 qu'elle
945 2425 106 42 n'en
1078 2432 78 34 eut
1182 2432 121 34 cette
1329 2423 107 42 fois.
1464 2423 63 40 Le
1545 2421 149 42 talent
1721 2420 36 42 si
1783 2420 142 42 noble
1952 2421 56 40 de
2038 2420 64 42 M.
2132 2419 178 42 Lucien

303 2488 149 55 Capet
477 2502 24 27 a
527 2489 141 41 sauvé
695 2488 81 41 des
804 2486 161 43 sifflets
990 2500 66 28 un
1084 2494 226 34 concerto
1338 2486 56 42 de
1420 2484 197 42 Brahms
1642 2496 124 43 pour
1786 2482 181 50 violon,
1997 2483 117 41 dont
2143 2482 46 42 la
2207 2495 78 43 pre-

301 2549 146 43 mière
472 2550 150 56 partie
670 2550 115 42 dure
813 2549 378 43 éternellement.
1242 2549 77 42 Un
1347 2546 270 57 pot-pourri
1662 2546 252 55 (pourquoi
1957 2545 117 42 taire
2119 2545 42 42 le
2211 2552 99 34 mot

304 2613 403 55 quandonadmet
732 2613 41 41 la
801 2612 189 54 chose?)
1015 2625 65 28 un
1100 2610 276 57 pot-pourri
1389 2611 81 41 des
1493 2609 205 44 Maîtres
1719 2609 264 42 Chanteurs
2007 2607 241 42 terminait
2268 2607 42 42 la

303 2675 187 51 séance,
519 2675 116 42 dont
689 2675 41 42 le
756 2674 233 56 principal
1037 2674 170 42 intérêt
1258 2672 195 43 résidait
1484 2673 118 41 dans
1634 2686 94 28 une
1776 2684 162 30 œuvre
1987 2670 221 44 nouvelle
2253 2670 57 42 de

303 2738 64 42 M.
396 2736 157 43 Pierre
584 2738 136 41 Kunc
746 2746 44 34 et
816 2737 117 41 dans
960 2736 253 43 l'audition
1234 2736 64 42 du
1329 2737 144 41 Tasse
1495 2736 55 41 de
1576 2734 146 44 Liszt.

360 2814 23 28 «
404 2801 144 41 UEté
570 2801 217 55 pastoral
806 2799 331 56 (impressions
1164 2798 453 57 languedociennes)
1645 2799 57 40 de
1747 2798 64 42 M.
1837 2799 138 40 Kunc
1999 2809 49 30 se
2086 2809 223 42 compose

303 2863 57 42 de
387 2863 123 42 deux
532 2871 160 34 courts
727 2876 255 29 morceaux
1007 2863 93 53 (Au
1139 2862 158 42 Matin
1319 2869 44 34 et
1394 2862 160 42 Danse
1578 2875 101 28 aux
1696 2860 253 55 lanternes)
1993 2860 154 53 clairs,
2175 2858 135 43 écrits

303 2938 113 31 avec
441 2926 191 42 aisance
673 2934 44 34 et
755 2939 93 29 une
877 2926 189 41 adresse
1093 2924 81 57 qui
1213 2938 58 28 ne
1295 2938 57 29 va
1379 2938 84 42 pas
1489 2924 188 56 jusqu'à
1701 2922 318 58 l'originalité.
2051 2923 63 41 Le
2140 2921 170 43 coloris

304 2989 277 50 orchestral,
606 3003 107 27 sans
735 2989 95 42 être
858 2988 109 42 bien
996 2987 206 51 brillant,
1230 3001 57 28 ne
1310 3001 203 42 manque
1533 2987 48 41 ni
1607 2987 57 42 de
1688 2985 172 44 finesse
1888 2985 48 42 ni
1963 2985 285 57 d'élégance.
2276 2983 35 42 Il

305 3065 24 27 a
355 3065 117 42 paru
498 3065 91 42 que
615 3051 64 42 M.
710 3053 137 40 Kunc
873 3051 112 42 était
1010 3050 194 57 désigné
1230 3063 122 43 pour
1378 3049 146 43 écrire
1551 3049 57 42 de
1630 3049 271 42 charmants
1928 3048 168 43 ballets
2124 3056 45 34 et
2187 3048 99 41 d'ex-

305 3113 229 43 cellentes
566 3114 338 56 pantomimes.

360 3190 23 28 «
410 3176 160 53 Quant
597 3190 59 28 au
684 3177 144 41 Tasse
832 3211 11 15 ,
871 3176 114 42 c'est
1004 3190 65 28 un
1095 3176 81 42 des
1203 3174 195 58 poèmes
1427 3174 374 57 symphoniques
1844 3175 56 41 de
1948 3173 130 42 Liszt
2112 3173 68 42 les
2206 3172 104 56 plus

303 3239 242 56 frappants
572 3248 44 34 et
637 3239 68 43 les
731 3239 106 55 plus
879 3238 316 57 significatifs.
1227 3240 69 41 La
1334 3238 225 41 noblesse
1592 3238 82 42 des
1721 3237 203 49 thèmes,
1964 3236 44 43 la
2032 3236 194 42 lucidité
2252 3235 60 41 du

301 3302 412 56 développement,
743 3316 50 27 sa
825 3302 193 55 logique
1044 3302 319 55 majestueuse
1390 3300 301 43 aboutissant
1712 3301 24 41 à
1761 3313 94 29 une
1877 3299 282 56 péroraison
2185 3298 100 42 écla-

303 3373 146 42 tante,
472 3373 83 34 ont
574 3364 196 57 produit
797 3366 148 54 grand
978 3363 123 45 effet.
1136 3366 64 40 Le
1223 3373 193 33 menuet
1444 3364 62 42 du
1550 3363 163 43 milieu
1758 3372 71 33 est
1869 3376 94 29 une
1990 3361 241 44 merveille
2258 3361 53 41 de

305 3429 137 54 grâce
466 3441 265 43 pompeuse
770 3436 44 33 et
837 3427 259 43 souriante.
1133 3428 61 42 Sa
1219 3425 335 44 combinaison
1593 3440 112 29 avec
1731 3426 41 42 le
1799 3424 156 44 thème
1982 3426 63 41 du
2076 3424 235 56 triomphe

306 3500 184 31 montre
517 3489 43 42 la
588 3489 210 43 maîtrise
826 3489 286 42 souveraine
1135 3498 44 33 et
1198 3488 200 43 discrète
1427 3490 55 41 de
1510 3490 128 41 Liszt
1663 3488 117 43 dans
1800 3488 102 42 l'art
1921 3488 63 42 du
2010 3486 303 58 contrepoint

305 3552 320 56 symbolique.
656 3552 125 51 Bref,
807 3566 63 28 on
893 3552 100 42 doit
1018 3552 255 42 remercier
1302 3554 64 40 M.
1395 3552 275 43 Chevillard
1692 3551 178 43 d'avoir
1912 3551 89 42 mis
2043 3551 26 41 à
2094 3564 88 28 son
2209 3562 103 44 pro-

357 3719 55 49 (i)
430 3721 102 37 Voir
560 3731 46 28 ce
625 3732 80 36 que
722 3721 58 38 dit
807 3721 49 37 de
887 3721 95 44 moi,
1024 3732 49 26 en
1100 3729 222 30 savourant
1345 3732 78 26 une
1454 3721 117 35 Tasse
1597 3721 44 35 de
1668 3720 75 43 thé,
1768 3723 34 35 le
1837 3720 160 38 célèbre
2036 3720 278 46 compositeur

310 3775 135 46 R.-N.,
491 3787 94 27 avec
606 3777 70 48 qui
696 3779 38 46 je
778 3789 51 26 ne
872 3777 200 38 demande
1096 3778 92 46 qu'à
1234 3777 95 38 faire
1368 3780 92 44 plus
1496 3778 133 45 ample
1653 3775 296 38 connaissance
1972 3787 8 36 ;
2027 3789 67 24 car
2135 3777 92 36 c'est
2262 3785 51 25 un

309 3832 163 35 homme
496 3831 184 47 d'esprit.
