<?xml version="1.0" encoding="UTF-8"?>
<alto xmlns:xsi="http://www.w3.org/2001/XMLSchema-instance" xmlns="http://www.loc.gov/standards/alto/ns-v2#" xsi:schemaLocation="http://www.loc.gov/standards/alto/ns-v2# http://www.loc.gov/standards/alto/alto-v2.0.xsd" xmlns:xlink="http://www.w3.org/1999/xlink">
	<Description>
		<MeasurementUnit>mm10</MeasurementUnit>
		<sourceImageInformation>
			<fileName>//fileserver7/IN2/Princeton/Batch5/bmtnabi/1860/10/20_01/00000352.tif</fileName>
		</sourceImageInformation>
		<OCRProcessing ID="OCRPROCESSING_1">
			<preProcessingStep>
				<processingSoftware>
					<softwareCreator>CCS Content Conversion Specialists GmbH, Germany</softwareCreator>
					<softwareName>CCS docWORKS</softwareName>
					<softwareVersion>6.6-1.18</softwareVersion>
				</processingSoftware>
			</preProcessingStep>
			<ocrProcessingStep>
				<processingSoftware>
					<softwareCreator>ABBYY (BIT Software), Russia</softwareCreator>
					<softwareName>FineReader</softwareName>
					<softwareVersion>10.0</softwareVersion>
				</processingSoftware>
			</ocrProcessingStep>
		</OCRProcessing>
	</Description>
	<Styles>
		<TextStyle ID="TXT_0" FONTSIZE="15" FONTFAMILY="Arial"/>
		<TextStyle ID="TXT_1" FONTSIZE="15" FONTFAMILY="Times New Roman"/>
		<TextStyle ID="TXT_2" FONTSIZE="15" FONTFAMILY="Arial" FONTSTYLE="bold"/>
		<TextStyle ID="TXT_3" FONTSIZE="12" FONTFAMILY="Times New Roman" FONTSTYLE="bold"/>
		<TextStyle ID="TXT_4" FONTSIZE="18" FONTFAMILY="Times New Roman"/>
		<TextStyle ID="TXT_5" FONTSIZE="14" FONTFAMILY="Arial" FONTSTYLE="italics"/>
		<TextStyle ID="TXT_6" FONTSIZE="19" FONTFAMILY="Times New Roman" FONTSTYLE="italics"/>
		<TextStyle ID="TXT_7" FONTSIZE="20" FONTFAMILY="Arial"/>
		<TextStyle ID="TXT_8" FONTSIZE="18" FONTFAMILY="Times New Roman" FONTSTYLE="bold"/>
		<ParagraphStyle ID="PAR_CENTER" ALIGN="Center"/>
		<ParagraphStyle ID="PAR_BLOCK" ALIGN="Block"/>
		<ParagraphStyle ID="PAR_LEFT" ALIGN="Left"/>
		<ParagraphStyle ID="PAR_RIGHT" ALIGN="Right"/>
	</Styles>
	<Layout>
		<Page ID="P6" PHYSICAL_IMG_NR="6" HEIGHT="4348" WIDTH="3510" PRINTED_IMG_NR="342" PC="0.914">
			<TopMargin ID="P6_TM00001" HPOS="0" VPOS="0" WIDTH="3510" HEIGHT="241">
				<TextBlock ID="P6_TB00001" HPOS="1692" VPOS="187" WIDTH="107" HEIGHT="51" STYLEREFS="TXT_0 PAR_CENTER">
					<TextLine ID="P6_TL00001" HPOS="1693" VPOS="188" WIDTH="106" HEIGHT="50">
						<String ID="P6_ST00001" HPOS="1693" VPOS="188" WIDTH="106" HEIGHT="50" CONTENT="342" WC="0.37" CC="647"/>
					</TextLine>
				</TextBlock>
			</TopMargin>
			<LeftMargin ID="P6_LM00001" HPOS="0" VPOS="241" WIDTH="208" HEIGHT="3907"/>
			<RightMargin ID="P6_RM00001" HPOS="3301" VPOS="241" WIDTH="209" HEIGHT="3907"/>
			<BottomMargin ID="P6_BM00001" HPOS="0" VPOS="4148" WIDTH="3510" HEIGHT="200"/>
			<PrintSpace ID="P6_PS00001" HPOS="208" VPOS="241" WIDTH="3093" HEIGHT="3907">
				<TextBlock ID="P6_TB00002" HPOS="213" VPOS="325" WIDTH="1502" HEIGHT="902" STYLEREFS="TXT_1 PAR_BLOCK">
					<TextLine ID="P6_TL00002" HPOS="222" VPOS="325" WIDTH="1490" HEIGHT="66">
						<String ID="P6_ST00002" HPOS="222" VPOS="327" WIDTH="559" HEIGHT="52" CONTENT="Ton-Verhältnisse" WC="0.79" CC="0204601093030000"/>
						<SP ID="P6_SP00001" HPOS="781" VPOS="379" WIDTH="36"/>
						<String ID="P6_ST00003" HPOS="817" VPOS="325" WIDTH="92" HEIGHT="49" CONTENT="und" WC="0.96" CC="460"/>
						<SP ID="P6_SP00002" HPOS="909" VPOS="379" WIDTH="29"/>
						<String ID="P6_ST00004" HPOS="938" VPOS="325" WIDTH="70" HEIGHT="50" CONTENT="die" WC="1.00" CC="000"/>
						<SP ID="P6_SP00003" HPOS="1008" VPOS="379" WIDTH="28"/>
						<String ID="P6_ST00005" HPOS="1036" VPOS="325" WIDTH="268" HEIGHT="66" CONTENT="Bedeutung" WC="0.99" CC="520001059"/>
						<SP ID="P6_SP00004" HPOS="1304" VPOS="391" WIDTH="29"/>
						<String ID="P6_ST00006" HPOS="1333" VPOS="325" WIDTH="76" HEIGHT="50" CONTENT="des" WC="0.97" CC="007"/>
						<SP ID="P6_SP00005" HPOS="1409" VPOS="391" WIDTH="28"/>
						<String ID="P6_ST00007" HPOS="1437" VPOS="325" WIDTH="241" HEIGHT="65" CONTENT="pythago" SUBS_TYPE="HypPart1" SUBS_CONTENT="pythagoräischen" WC="0.55" CC="7050693"/>
						<HYP HPOS="1678" VPOS="325" WIDTH="34" CONTENT="-"/>
					</TextLine>
					<TextLine ID="P6_TL00003" HPOS="221" VPOS="403" WIDTH="1492" HEIGHT="65">
						<String ID="P6_ST00008" HPOS="221" VPOS="405" WIDTH="251" HEIGHT="50" CONTENT="räischen" SUBS_TYPE="HypPart2" SUBS_CONTENT="pythagoräischen" WC="0.83" CC="05020500"/>
						<SP ID="P6_SP00006" HPOS="472" VPOS="455" WIDTH="38"/>
						<String ID="P6_ST00009" HPOS="510" VPOS="404" WIDTH="109" HEIGHT="47" CONTENT="oder" WC="0.99" CC="3000"/>
						<SP ID="P6_SP00007" HPOS="619" VPOS="455" WIDTH="33"/>
						<String ID="P6_ST00010" HPOS="652" VPOS="404" WIDTH="192" HEIGHT="47" CONTENT="reinen" WC="1.00" CC="000004"/>
						<SP ID="P6_SP00008" HPOS="844" VPOS="455" WIDTH="32"/>
						<String ID="P6_ST00011" HPOS="876" VPOS="403" WIDTH="542" HEIGHT="65" CONTENT="Quinten-Systems" WC="0.99" CC="560620034750001"/>
						<SP ID="P6_SP00009" HPOS="1418" VPOS="468" WIDTH="29"/>
						<String ID="P6_ST00012" HPOS="1447" VPOS="403" WIDTH="77" HEIGHT="47" CONTENT="für" WC="0.99" CC="002"/>
						<SP ID="P6_SP00010" HPOS="1524" VPOS="468" WIDTH="29"/>
						<String ID="P6_ST00013" HPOS="1553" VPOS="419" WIDTH="160" HEIGHT="32" CONTENT="unsere" WC="0.99" CC="060000"/>
					</TextLine>
					<TextLine ID="P6_TL00004" HPOS="219" VPOS="478" WIDTH="1494" HEIGHT="67">
						<String ID="P6_ST00014" HPOS="219" VPOS="482" WIDTH="178" HEIGHT="62" CONTENT="heutige" WC="0.99" CC="5064000"/>
						<SP ID="P6_SP00011" HPOS="397" VPOS="544" WIDTH="29"/>
						<String ID="P6_ST00015" HPOS="426" VPOS="479" WIDTH="188" HEIGHT="48" CONTENT='Musik."' WC="1.00" CC="0000007"/>
						<SP ID="P6_SP00012" HPOS="614" VPOS="544" WIDTH="52"/>
						<String ID="P6_ST00016" HPOS="666" VPOS="479" WIDTH="197" HEIGHT="65" CONTENT="Leipzig," WC="1.00" CC="30007000"/>
						<SP ID="P6_SP00013" HPOS="863" VPOS="544" WIDTH="43"/>
						<String ID="P6_ST00017" HPOS="906" VPOS="478" WIDTH="69" HEIGHT="48" CONTENT="bei" WC="0.98" CC="400"/>
						<SP ID="P6_SP00014" HPOS="975" VPOS="544" WIDTH="29"/>
						<String ID="P6_ST00018" HPOS="1004" VPOS="480" WIDTH="236" HEIGHT="65" CONTENT="Breitkopf" WC="0.99" CC="510030294"/>
						<SP ID="P6_SP00015" HPOS="1240" VPOS="545" WIDTH="23"/>
						<String ID="P6_ST00019" HPOS="1263" VPOS="479" WIDTH="40" HEIGHT="48" CONTENT="&amp;" WC="0.84" CC="1"/>
						<SP ID="P6_SP00016" HPOS="1303" VPOS="545" WIDTH="30"/>
						<String ID="P6_ST00020" HPOS="1333" VPOS="479" WIDTH="172" HEIGHT="48" CONTENT="Härtel." WC="0.98" CC="5035044"/>
						<SP ID="P6_SP00017" HPOS="1505" VPOS="545" WIDTH="49"/>
						<String ID="P6_ST00021" HPOS="1554" VPOS="478" WIDTH="159" HEIGHT="49" CONTENT="1858." WC="0.62" CC="04634"/>
					</TextLine>
					<TextLine ID="P6_TL00005" HPOS="222" VPOS="555" WIDTH="312" HEIGHT="64">
						<String ID="P6_ST00022" HPOS="222" VPOS="557" WIDTH="66" HEIGHT="49" CONTENT="52" WC="1.00" CC="00"/>
						<SP ID="P6_SP00018" HPOS="288" VPOS="606" WIDTH="29"/>
						<String ID="P6_ST00023" HPOS="317" VPOS="557" WIDTH="45" HEIGHT="47" CONTENT="S." WC="0.54" CC="44"/>
						<SP ID="P6_SP00019" HPOS="362" VPOS="606" WIDTH="29"/>
						<String ID="P6_ST00024" HPOS="391" VPOS="572" WIDTH="66" HEIGHT="47" CONTENT="Gr." WC="0.51" CC="914"/>
						<SP ID="P6_SP00020" HPOS="457" VPOS="619" WIDTH="30"/>
						<String ID="P6_ST00025" HPOS="487" VPOS="555" WIDTH="47" HEIGHT="47" CONTENT="4." WC="0.81" CC="03"/>
					</TextLine>
					<TextLine ID="P6_TL00006" HPOS="327" VPOS="630" WIDTH="1387" HEIGHT="65">
						<String ID="P6_ST00026" HPOS="327" VPOS="630" WIDTH="285" HEIGHT="65" CONTENT="Neuerdings" WC="0.99" CC="5030000490"/>
						<SP ID="P6_SP00021" HPOS="612" VPOS="695" WIDTH="29"/>
						<String ID="P6_ST00027" HPOS="641" VPOS="630" WIDTH="75" HEIGHT="48" CONTENT="hat" WC="0.95" CC="606"/>
						<SP ID="P6_SP00022" HPOS="716" VPOS="695" WIDTH="29"/>
						<String ID="P6_ST00028" HPOS="745" VPOS="648" WIDTH="89" HEIGHT="29" CONTENT="nun" WC="0.96" CC="730"/>
						<SP ID="P6_SP00023" HPOS="834" VPOS="695" WIDTH="29"/>
						<String ID="P6_ST00029" HPOS="863" VPOS="630" WIDTH="51" HEIGHT="47" CONTENT="F." WC="0.76" CC="04"/>
						<SP ID="P6_SP00024" HPOS="914" VPOS="695" WIDTH="29"/>
						<String ID="P6_ST00030" HPOS="943" VPOS="630" WIDTH="40" HEIGHT="47" CONTENT="J." WC="0.78" CC="04"/>
						<SP ID="P6_SP00025" HPOS="983" VPOS="695" WIDTH="30"/>
						<String ID="P6_ST00031" HPOS="1013" VPOS="630" WIDTH="169" HEIGHT="48" CONTENT="Fetis" WC="0.56" CC="63506"/>
						<SP ID="P6_SP00026" HPOS="1182" VPOS="695" WIDTH="27"/>
						<String ID="P6_ST00032" HPOS="1209" VPOS="630" WIDTH="99" HEIGHT="48" CONTENT="eine" WC="1.00" CC="0010"/>
						<SP ID="P6_SP00027" HPOS="1308" VPOS="695" WIDTH="26"/>
						<String ID="P6_ST00033" HPOS="1334" VPOS="630" WIDTH="167" HEIGHT="48" CONTENT="Schrift" WC="0.99" CC="2022090"/>
						<SP ID="P6_SP00028" HPOS="1501" VPOS="695" WIDTH="28"/>
						<String ID="P6_ST00034" HPOS="1529" VPOS="630" WIDTH="159" HEIGHT="48" CONTENT="heraus" SUBS_TYPE="HypPart1" SUBS_CONTENT="herausgegeben," WC="1.00" CC="303000"/>
						<HYP HPOS="1688" VPOS="630" WIDTH="26" CONTENT="-"/>
					</TextLine>
					<TextLine ID="P6_TL00007" HPOS="217" VPOS="703" WIDTH="1497" HEIGHT="86">
						<String ID="P6_ST00035" HPOS="217" VPOS="708" WIDTH="218" HEIGHT="66" CONTENT="gegeben," SUBS_TYPE="HypPart2" SUBS_CONTENT="herausgegeben," WC="0.99" CC="90016080"/>
						<SP ID="P6_SP00029" HPOS="435" VPOS="774" WIDTH="29"/>
						<String ID="P6_ST00036" HPOS="464" VPOS="708" WIDTH="169" HEIGHT="81" CONTENT="welchg" WC="0.46" CC="094368"/>
						<SP ID="P6_SP00030" HPOS="633" VPOS="789" WIDTH="27"/>
						<String ID="P6_ST00037" HPOS="660" VPOS="723" WIDTH="119" HEIGHT="32" CONTENT="zwar" WC="0.97" CC="6060"/>
						<SP ID="P6_SP00031" HPOS="779" VPOS="789" WIDTH="27"/>
						<String ID="P6_ST00038" HPOS="806" VPOS="706" WIDTH="323" HEIGHT="64" CONTENT="vorzugsweise" WC="0.99" CC="006630300060"/>
						<SP ID="P6_SP00032" HPOS="1129" VPOS="789" WIDTH="29"/>
						<String ID="P6_ST00039" HPOS="1158" VPOS="724" WIDTH="85" HEIGHT="29" CONTENT="nur" WC="0.99" CC="110"/>
						<SP ID="P6_SP00033" HPOS="1243" VPOS="789" WIDTH="28"/>
						<String ID="P6_ST00040" HPOS="1271" VPOS="705" WIDTH="70" HEIGHT="50" CONTENT="die" WC="1.00" CC="000"/>
						<SP ID="P6_SP00034" HPOS="1341" VPOS="789" WIDTH="23"/>
						<String ID="P6_ST00041" HPOS="1364" VPOS="708" WIDTH="163" HEIGHT="63" CONTENT="Frage," WC="0.98" CC="016922"/>
						<SP ID="P6_SP00035" HPOS="1527" VPOS="789" WIDTH="30"/>
						<String ID="P6_ST00042" HPOS="1557" VPOS="706" WIDTH="58" HEIGHT="49" CONTENT="ob" WC="0.86" CC="20"/>
						<SP ID="P6_SP00036" HPOS="1615" VPOS="789" WIDTH="28"/>
						<String ID="P6_ST00043" HPOS="1643" VPOS="703" WIDTH="71" HEIGHT="52" CONTENT="die" WC="0.96" CC="900"/>
					</TextLine>
					<TextLine ID="P6_TL00008" HPOS="217" VPOS="781" WIDTH="1498" HEIGHT="52">
						<String ID="P6_ST00044" HPOS="217" VPOS="784" WIDTH="219" HEIGHT="49" CONTENT="Griechen" WC="0.99" CC="22000704"/>
						<SP ID="P6_SP00037" HPOS="436" VPOS="833" WIDTH="30"/>
						<String ID="P6_ST00045" HPOS="466" VPOS="784" WIDTH="70" HEIGHT="48" CONTENT="die" WC="1.00" CC="000"/>
						<SP ID="P6_SP00038" HPOS="536" VPOS="833" WIDTH="27"/>
						<String ID="P6_ST00046" HPOS="563" VPOS="783" WIDTH="300" HEIGHT="48" CONTENT="Harmonie" WC="0.98" CC="88055100"/>
						<SP ID="P6_SP00039" HPOS="863" VPOS="833" WIDTH="27"/>
						<String ID="P6_ST00047" HPOS="890" VPOS="783" WIDTH="60" HEIGHT="47" CONTENT="im" WC="0.96" CC="00"/>
						<SP ID="P6_SP00040" HPOS="950" VPOS="833" WIDTH="30"/>
						<String ID="P6_ST00048" HPOS="980" VPOS="781" WIDTH="137" HEIGHT="49" CONTENT="Sinne" WC="0.99" CC="00500"/>
						<SP ID="P6_SP00041" HPOS="1117" VPOS="833" WIDTH="27"/>
						<String ID="P6_ST00049" HPOS="1144" VPOS="783" WIDTH="80" HEIGHT="47" CONTENT="der" WC="0.99" CC="002"/>
						<SP ID="P6_SP00042" HPOS="1224" VPOS="833" WIDTH="27"/>
						<String ID="P6_ST00050" HPOS="1251" VPOS="799" WIDTH="196" HEIGHT="32" CONTENT="neueren" WC="1.00" CC="0030100"/>
						<SP ID="P6_SP00043" HPOS="1447" VPOS="833" WIDTH="32"/>
						<String ID="P6_ST00051" HPOS="1479" VPOS="781" WIDTH="236" HEIGHT="50" CONTENT="Tonkunst" WC="0.98" CC="06630628"/>
					</TextLine>
					<TextLine ID="P6_TL00009" HPOS="214" VPOS="856" WIDTH="1499" HEIGHT="69">
						<String ID="P6_ST00052" HPOS="214" VPOS="859" WIDTH="197" HEIGHT="66" CONTENT="gekannt" WC="0.98" CC="9030414"/>
						<SP ID="P6_SP00044" HPOS="411" VPOS="925" WIDTH="27"/>
						<String ID="P6_ST00053" HPOS="438" VPOS="859" WIDTH="147" HEIGHT="49" CONTENT="haben" WC="0.99" CC="31000"/>
						<SP ID="P6_SP00045" HPOS="585" VPOS="925" WIDTH="29"/>
						<String ID="P6_ST00054" HPOS="614" VPOS="858" WIDTH="110" HEIGHT="49" CONTENT="oder" WC="0.99" CC="1004"/>
						<SP ID="P6_SP00046" HPOS="724" VPOS="925" WIDTH="39"/>
						<String ID="P6_ST00055" HPOS="763" VPOS="858" WIDTH="136" HEIGHT="55" CONTENT="nicht," WC="0.98" CC="603253"/>
						<SP ID="P6_SP00047" HPOS="899" VPOS="925" WIDTH="39"/>
						<String ID="P6_ST00056" HPOS="938" VPOS="856" WIDTH="260" HEIGHT="59" CONTENT="behandelt," WC="0.99" CC="6000600253"/>
						<SP ID="P6_SP00048" HPOS="1198" VPOS="925" WIDTH="35"/>
						<String ID="P6_ST00057" HPOS="1233" VPOS="858" WIDTH="164" HEIGHT="64" CONTENT="jedoch" WC="1.00" CC="020003"/>
						<SP ID="P6_SP00049" HPOS="1397" VPOS="925" WIDTH="30"/>
						<String ID="P6_ST00058" HPOS="1427" VPOS="858" WIDTH="70" HEIGHT="48" CONTENT="bei" WC="0.98" CC="310"/>
						<SP ID="P6_SP00050" HPOS="1497" VPOS="925" WIDTH="32"/>
						<String ID="P6_ST00059" HPOS="1529" VPOS="860" WIDTH="158" HEIGHT="47" CONTENT="Erörte" SUBS_TYPE="HypPart1" SUBS_CONTENT="Erörterung" WC="0.99" CC="040440"/>
						<HYP HPOS="1687" VPOS="860" WIDTH="26" CONTENT="-"/>
					</TextLine>
					<TextLine ID="P6_TL00010" HPOS="217" VPOS="934" WIDTH="1498" HEIGHT="67">
						<String ID="P6_ST00060" HPOS="217" VPOS="953" WIDTH="115" HEIGHT="48" CONTENT="rung" SUBS_TYPE="HypPart2" SUBS_CONTENT="Erörterung" WC="0.95" CC="6429"/>
						<SP ID="P6_SP00051" HPOS="332" VPOS="1001" WIDTH="30"/>
						<String ID="P6_ST00061" HPOS="362" VPOS="935" WIDTH="233" HEIGHT="50" CONTENT="derselben" WC="1.00" CC="000000003"/>
						<SP ID="P6_SP00052" HPOS="595" VPOS="1001" WIDTH="31"/>
						<String ID="P6_ST00062" HPOS="626" VPOS="934" WIDTH="114" HEIGHT="49" CONTENT="auch" WC="0.97" CC="6700"/>
						<SP ID="P6_SP00053" HPOS="740" VPOS="1001" WIDTH="31"/>
						<String ID="P6_ST00063" HPOS="771" VPOS="935" WIDTH="80" HEIGHT="48" CONTENT="auf" WC="0.96" CC="360"/>
						<SP ID="P6_SP00054" HPOS="851" VPOS="1001" WIDTH="22"/>
						<String ID="P6_ST00064" HPOS="873" VPOS="934" WIDTH="70" HEIGHT="48" CONTENT="die" WC="0.98" CC="040"/>
						<SP ID="P6_SP00055" HPOS="943" VPOS="1001" WIDTH="33"/>
						<String ID="P6_ST00065" HPOS="976" VPOS="934" WIDTH="276" HEIGHT="65" CONTENT="griechische" WC="1.00" CC="90000305000"/>
						<SP ID="P6_SP00056" HPOS="1252" VPOS="1001" WIDTH="28"/>
						<String ID="P6_ST00066" HPOS="1280" VPOS="935" WIDTH="147" HEIGHT="50" CONTENT="Musik" WC="0.99" CC="15000"/>
						<SP ID="P6_SP00057" HPOS="1427" VPOS="1001" WIDTH="29"/>
						<String ID="P6_ST00067" HPOS="1456" VPOS="935" WIDTH="259" HEIGHT="65" CONTENT="überhaupt" WC="0.99" CC="840220501"/>
					</TextLine>
					<TextLine ID="P6_TL00011" HPOS="217" VPOS="1013" WIDTH="193" HEIGHT="63">
						<String ID="P6_ST00068" HPOS="217" VPOS="1013" WIDTH="193" HEIGHT="63" CONTENT="eingeht." WC="0.99" CC="05290041"/>
					</TextLine>
					<TextLine ID="P6_TL00012" HPOS="330" VPOS="1086" WIDTH="1383" HEIGHT="50">
						<String ID="P6_ST00069" HPOS="330" VPOS="1087" WIDTH="105" HEIGHT="49" CONTENT="Wir" WC="1.00" CC="000"/>
						<SP ID="P6_SP00058" HPOS="435" VPOS="1136" WIDTH="46"/>
						<String ID="P6_ST00070" HPOS="481" VPOS="1086" WIDTH="182" HEIGHT="48" CONTENT="werden" WC="0.98" CC="904005"/>
						<SP ID="P6_SP00059" HPOS="663" VPOS="1136" WIDTH="48"/>
						<String ID="P6_ST00071" HPOS="711" VPOS="1103" WIDTH="84" HEIGHT="30" CONTENT="uns" WC="0.97" CC="430"/>
						<SP ID="P6_SP00060" HPOS="795" VPOS="1136" WIDTH="42"/>
						<String ID="P6_ST00072" HPOS="837" VPOS="1086" WIDTH="81" HEIGHT="48" CONTENT="mit" WC="0.95" CC="804"/>
						<SP ID="P6_SP00061" HPOS="918" VPOS="1136" WIDTH="52"/>
						<String ID="P6_ST00073" HPOS="970" VPOS="1086" WIDTH="165" HEIGHT="48" CONTENT="diesem" WC="0.98" CC="061009"/>
						<SP ID="P6_SP00062" HPOS="1135" VPOS="1136" WIDTH="56"/>
						<String ID="P6_ST00074" HPOS="1191" VPOS="1087" WIDTH="104" HEIGHT="47" CONTENT="sehr" WC="0.99" CC="0070"/>
						<SP ID="P6_SP00063" HPOS="1295" VPOS="1136" WIDTH="51"/>
						<String ID="P6_ST00075" HPOS="1346" VPOS="1086" WIDTH="367" HEIGHT="50" CONTENT="verdienstlichen" WC="1.00" CC="005000036405608"/>
					</TextLine>
					<TextLine ID="P6_TL00013" HPOS="216" VPOS="1161" WIDTH="1229" HEIGHT="66">
						<String ID="P6_ST00076" HPOS="216" VPOS="1162" WIDTH="172" HEIGHT="50" CONTENT="Werke" WC="0.98" CC="30370"/>
						<SP ID="P6_SP00064" HPOS="388" VPOS="1212" WIDTH="28"/>
						<String ID="P6_ST00077" HPOS="416" VPOS="1164" WIDTH="43" HEIGHT="47" CONTENT="in" WC="0.82" CC="03"/>
						<SP ID="P6_SP00065" HPOS="459" VPOS="1212" WIDTH="30"/>
						<String ID="P6_ST00078" HPOS="489" VPOS="1162" WIDTH="144" HEIGHT="49" CONTENT="einem" WC="0.99" CC="00700"/>
						<SP ID="P6_SP00066" HPOS="633" VPOS="1212" WIDTH="32"/>
						<String ID="P6_ST00079" HPOS="665" VPOS="1161" WIDTH="235" HEIGHT="66" CONTENT="folgenden" WC="0.99" CC="020930000"/>
						<SP ID="P6_SP00067" HPOS="900" VPOS="1227" WIDTH="27"/>
						<String ID="P6_ST00080" HPOS="927" VPOS="1162" WIDTH="172" HEIGHT="49" CONTENT="Artikel" WC="0.99" CC="0280000"/>
						<SP ID="P6_SP00068" HPOS="1099" VPOS="1227" WIDTH="30"/>
						<String ID="P6_ST00081" HPOS="1129" VPOS="1162" WIDTH="316" HEIGHT="64" CONTENT="beschäftigen." WC="0.99" CC="7003600809044"/>
					</TextLine>
				</TextBlock>
				<TextBlock ID="P6_TB00003" HPOS="780" VPOS="1408" WIDTH="342" HEIGHT="56" STYLEREFS="TXT_2 PAR_LEFT">
					<TextLine ID="P6_TL00014" HPOS="780" VPOS="1409" WIDTH="342" HEIGHT="54">
						<String ID="P6_ST00082" HPOS="780" VPOS="1409" WIDTH="96" HEIGHT="53" CONTENT="Aus" WC="0.92" CC="877"/>
						<SP ID="P6_SP00069" HPOS="876" VPOS="1462" WIDTH="39"/>
						<String ID="P6_ST00083" HPOS="915" VPOS="1409" WIDTH="207" HEIGHT="54" CONTENT="Aachen." WC="0.97" CC="9377705"/>
					</TextLine>
				</TextBlock>
				<TextBlock ID="P6_TB00004" HPOS="1035" VPOS="1529" WIDTH="599" HEIGHT="40" STYLEREFS="TXT_3 PAR_LEFT">
					<TextLine ID="P6_TL00015" HPOS="1036" VPOS="1531" WIDTH="598" HEIGHT="38">
						<String ID="P6_ST00084" HPOS="1036" VPOS="1532" WIDTH="98" HEIGHT="35" CONTENT="Den" WC="0.95" CC="707"/>
						<SP ID="P6_SP00070" HPOS="1134" VPOS="1567" WIDTH="38"/>
						<String ID="P6_ST00085" HPOS="1172" VPOS="1531" WIDTH="59" HEIGHT="38" CONTENT="12." WC="0.59" CC="362"/>
						<SP ID="P6_SP00071" HPOS="1231" VPOS="1569" WIDTH="37"/>
						<String ID="P6_ST00086" HPOS="1268" VPOS="1532" WIDTH="216" HEIGHT="37" CONTENT="October" WC="0.61" CC="7005805"/>
						<SP ID="P6_SP00072" HPOS="1484" VPOS="1569" WIDTH="40"/>
						<String ID="P6_ST00087" HPOS="1524" VPOS="1531" WIDTH="110" HEIGHT="38" CONTENT="1860." WC="0.44" CC="71674"/>
					</TextLine>
				</TextBlock>
				<TextBlock ID="P6_TB00005" HPOS="208" VPOS="1619" WIDTH="1506" HEIGHT="2514" STYLEREFS="TXT_1 PAR_BLOCK">
					<TextLine ID="P6_TL00016" HPOS="327" VPOS="1620" WIDTH="1385" HEIGHT="61">
						<String ID="P6_ST00088" HPOS="327" VPOS="1621" WIDTH="84" HEIGHT="47" CONTENT="Die" WC="0.97" CC="440"/>
						<SP ID="P6_SP00073" HPOS="411" VPOS="1668" WIDTH="29"/>
						<String ID="P6_ST00089" HPOS="440" VPOS="1620" WIDTH="309" HEIGHT="49" CONTENT="Bade-Saison" WC="0.62" CC="86502545030"/>
						<SP ID="P6_SP00074" HPOS="749" VPOS="1669" WIDTH="29"/>
						<String ID="P6_ST00090" HPOS="778" VPOS="1622" WIDTH="55" HEIGHT="47" CONTENT="ist" WC="0.98" CC="060"/>
						<SP ID="P6_SP00075" HPOS="833" VPOS="1669" WIDTH="26"/>
						<String ID="P6_ST00091" HPOS="859" VPOS="1623" WIDTH="211" HEIGHT="58" CONTENT="vorüber," WC="0.99" CC="33002050"/>
						<SP ID="P6_SP00076" HPOS="1070" VPOS="1681" WIDTH="41"/>
						<String ID="P6_ST00092" HPOS="1111" VPOS="1623" WIDTH="41" HEIGHT="49" CONTENT="d." WC="0.46" CC="64"/>
						<SP ID="P6_SP00077" HPOS="1152" VPOS="1681" WIDTH="31"/>
						<String ID="P6_ST00093" HPOS="1183" VPOS="1623" WIDTH="41" HEIGHT="49" CONTENT="h." WC="0.57" CC="53"/>
						<SP ID="P6_SP00078" HPOS="1224" VPOS="1681" WIDTH="30"/>
						<String ID="P6_ST00094" HPOS="1254" VPOS="1625" WIDTH="70" HEIGHT="48" CONTENT="die" WC="0.99" CC="001"/>
						<SP ID="P6_SP00079" HPOS="1324" VPOS="1681" WIDTH="27"/>
						<String ID="P6_ST00095" HPOS="1351" VPOS="1625" WIDTH="98" HEIGHT="48" CONTENT="Zeit" WC="0.98" CC="0043"/>
						<SP ID="P6_SP00080" HPOS="1449" VPOS="1681" WIDTH="37"/>
						<String ID="P6_ST00096" HPOS="1486" VPOS="1625" WIDTH="80" HEIGHT="48" CONTENT="der" WC="0.98" CC="006"/>
						<SP ID="P6_SP00081" HPOS="1566" VPOS="1681" WIDTH="29"/>
						<String ID="P6_ST00097" HPOS="1595" VPOS="1642" WIDTH="88" HEIGHT="32" CONTENT="war" SUBS_TYPE="HypPart1" SUBS_CONTENT="warmen" WC="0.99" CC="402"/>
						<HYP HPOS="1683" VPOS="1642" WIDTH="29" CONTENT="-"/>
					</TextLine>
					<TextLine ID="P6_TL00017" HPOS="214" VPOS="1697" WIDTH="1500" HEIGHT="60">
						<String ID="P6_ST00098" HPOS="214" VPOS="1715" WIDTH="101" HEIGHT="30" CONTENT="men" SUBS_TYPE="HypPart2" SUBS_CONTENT="warmen" WC="0.96" CC="504"/>
						<SP ID="P6_SP00082" HPOS="315" VPOS="1745" WIDTH="28"/>
						<String ID="P6_ST00099" HPOS="343" VPOS="1697" WIDTH="161" HEIGHT="55" CONTENT="Biider," WC="0.53" CC="7767003"/>
						<SP ID="P6_SP00083" HPOS="504" VPOS="1752" WIDTH="40"/>
						<String ID="P6_ST00100" HPOS="544" VPOS="1715" WIDTH="53" HEIGHT="29" CONTENT="zu" WC="0.94" CC="01"/>
						<SP ID="P6_SP00084" HPOS="597" VPOS="1752" WIDTH="31"/>
						<String ID="P6_ST00101" HPOS="628" VPOS="1697" WIDTH="144" HEIGHT="50" CONTENT="denen" WC="0.99" CC="01601"/>
						<SP ID="P6_SP00085" HPOS="772" VPOS="1752" WIDTH="29"/>
						<String ID="P6_ST00102" HPOS="801" VPOS="1700" WIDTH="237" HEIGHT="48" CONTENT="Tausende" WC="0.99" CC="00222600"/>
						<SP ID="P6_SP00086" HPOS="1038" VPOS="1752" WIDTH="37"/>
						<String ID="P6_ST00103" HPOS="1075" VPOS="1700" WIDTH="394" HEIGHT="57" CONTENT="herbeiströmten," WC="0.99" CC="300400562225542"/>
						<SP ID="P6_SP00087" HPOS="1469" VPOS="1757" WIDTH="43"/>
						<String ID="P6_ST00104" HPOS="1512" VPOS="1720" WIDTH="74" HEIGHT="30" CONTENT="um" WC="0.69" CC="60"/>
						<SP ID="P6_SP00088" HPOS="1586" VPOS="1757" WIDTH="30"/>
						<String ID="P6_ST00105" HPOS="1616" VPOS="1703" WIDTH="98" HEIGHT="49" CONTENT="ihre" WC="0.98" CC="0044"/>
					</TextLine>
					<TextLine ID="P6_TL00018" HPOS="213" VPOS="1772" WIDTH="1499" HEIGHT="67">
						<String ID="P6_ST00106" HPOS="213" VPOS="1782" WIDTH="110" HEIGHT="39" CONTENT="trotz" WC="0.96" CC="09573"/>
						<SP ID="P6_SP00089" HPOS="323" VPOS="1821" WIDTH="30"/>
						<String ID="P6_ST00107" HPOS="353" VPOS="1772" WIDTH="78" HEIGHT="48" CONTENT="der" WC="0.98" CC="040"/>
						<SP ID="P6_SP00090" HPOS="431" VPOS="1821" WIDTH="30"/>
						<String ID="P6_ST00108" HPOS="461" VPOS="1773" WIDTH="160" HEIGHT="48" CONTENT="achten" WC="0.98" CC="854100"/>
						<SP ID="P6_SP00091" HPOS="621" VPOS="1821" WIDTH="29"/>
						<String ID="P6_ST00109" HPOS="650" VPOS="1775" WIDTH="195" HEIGHT="64" CONTENT="Auflage" WC="0.98" CC="1433631"/>
						<SP ID="P6_SP00092" HPOS="845" VPOS="1839" WIDTH="28"/>
						<String ID="P6_ST00110" HPOS="873" VPOS="1792" WIDTH="82" HEIGHT="32" CONTENT="von" WC="0.95" CC="057"/>
						<SP ID="P6_SP00093" HPOS="955" VPOS="1839" WIDTH="29"/>
						<String ID="P6_ST00111" HPOS="984" VPOS="1776" WIDTH="267" HEIGHT="48" CONTENT="Hufeland's" WC="0.76" CC="6160044000"/>
						<SP ID="P6_SP00094" HPOS="1251" VPOS="1839" WIDTH="28"/>
						<String ID="P6_ST00112" HPOS="1279" VPOS="1777" WIDTH="307" HEIGHT="50" CONTENT="Makrobiotik" WC="0.74" CC="09016500500"/>
						<SP ID="P6_SP00095" HPOS="1586" VPOS="1839" WIDTH="28"/>
						<String ID="P6_ST00113" HPOS="1614" VPOS="1796" WIDTH="74" HEIGHT="32" CONTENT="ver" SUBS_TYPE="HypPart1" SUBS_CONTENT="verlorene" WC="1.00" CC="000"/>
						<HYP HPOS="1688" VPOS="1796" WIDTH="24" CONTENT="-"/>
					</TextLine>
					<TextLine ID="P6_TL00019" HPOS="213" VPOS="1849" WIDTH="1499" HEIGHT="68">
						<String ID="P6_ST00114" HPOS="213" VPOS="1852" WIDTH="149" HEIGHT="46" CONTENT="lorene" SUBS_TYPE="HypPart2" SUBS_CONTENT="verlorene" WC="0.98" CC="263460"/>
						<SP ID="P6_SP00096" HPOS="362" VPOS="1898" WIDTH="25"/>
						<String ID="P6_ST00115" HPOS="387" VPOS="1849" WIDTH="278" HEIGHT="49" CONTENT="Gesundheit" WC="0.99" CC="0331697006"/>
						<SP ID="P6_SP00097" HPOS="665" VPOS="1898" WIDTH="28"/>
						<String ID="P6_ST00116" HPOS="693" VPOS="1852" WIDTH="168" HEIGHT="47" CONTENT="wieder" WC="0.99" CC="700000"/>
						<SP ID="P6_SP00098" HPOS="861" VPOS="1899" WIDTH="25"/>
						<String ID="P6_ST00117" HPOS="886" VPOS="1870" WIDTH="51" HEIGHT="30" CONTENT="zu" WC="0.86" CC="02"/>
						<SP ID="P6_SP00099" HPOS="937" VPOS="1900" WIDTH="32"/>
						<String ID="P6_ST00118" HPOS="969" VPOS="1853" WIDTH="227" HEIGHT="64" CONTENT="erlangen." WC="0.99" CC="004306042"/>
						<SP ID="P6_SP00100" HPOS="1196" VPOS="1917" WIDTH="28"/>
						<String ID="P6_ST00119" HPOS="1224" VPOS="1855" WIDTH="85" HEIGHT="47" CONTENT="Die" WC="0.97" CC="600"/>
						<SP ID="P6_SP00101" HPOS="1309" VPOS="1917" WIDTH="22"/>
						<String ID="P6_ST00120" HPOS="1331" VPOS="1855" WIDTH="97" HEIGHT="48" CONTENT="Zeit" WC="0.97" CC="1406"/>
						<SP ID="P6_SP00102" HPOS="1428" VPOS="1917" WIDTH="27"/>
						<String ID="P6_ST00121" HPOS="1455" VPOS="1855" WIDTH="80" HEIGHT="48" CONTENT="der" WC="0.99" CC="003"/>
						<SP ID="P6_SP00103" HPOS="1535" VPOS="1917" WIDTH="29"/>
						<String ID="P6_ST00122" HPOS="1564" VPOS="1855" WIDTH="148" HEIGHT="49" CONTENT="kalten" WC="0.98" CC="305706"/>
					</TextLine>
					<TextLine ID="P6_TL00020" HPOS="216" VPOS="1927" WIDTH="1498" HEIGHT="67">
						<String ID="P6_ST00123" HPOS="216" VPOS="1927" WIDTH="143" HEIGHT="47" CONTENT="Bäder" WC="0.97" CC="87005"/>
						<SP ID="P6_SP00104" HPOS="359" VPOS="1974" WIDTH="41"/>
						<String ID="P6_ST00124" HPOS="400" VPOS="1927" WIDTH="90" HEIGHT="47" CONTENT="und" WC="0.99" CC="030"/>
						<SP ID="P6_SP00105" HPOS="490" VPOS="1974" WIDTH="42"/>
						<String ID="P6_ST00125" HPOS="532" VPOS="1927" WIDTH="80" HEIGHT="48" CONTENT="der" WC="0.98" CC="040"/>
						<SP ID="P6_SP00106" HPOS="612" VPOS="1975" WIDTH="40"/>
						<String ID="P6_ST00126" HPOS="652" VPOS="1945" WIDTH="334" HEIGHT="49" CONTENT="gezwungenen" WC="0.99" CC="90586400507"/>
						<SP ID="P6_SP00107" HPOS="986" VPOS="1994" WIDTH="31"/>
						<String ID="P6_ST00127" HPOS="1017" VPOS="1931" WIDTH="368" HEIGHT="48" CONTENT="Douchetraufen" WC="0.62" CC="1480607053703"/>
						<SP ID="P6_SP00108" HPOS="1385" VPOS="1994" WIDTH="31"/>
						<String ID="P6_ST00128" HPOS="1416" VPOS="1932" WIDTH="160" HEIGHT="47" CONTENT="nimmt" WC="0.99" CC="60000"/>
						<SP ID="P6_SP00109" HPOS="1576" VPOS="1994" WIDTH="28"/>
						<String ID="P6_ST00129" HPOS="1604" VPOS="1933" WIDTH="110" HEIGHT="49" CONTENT="aber" WC="0.97" CC="3605"/>
					</TextLine>
					<TextLine ID="P6_TL00021" HPOS="213" VPOS="2003" WIDTH="1500" HEIGHT="60">
						<String ID="P6_ST00130" HPOS="213" VPOS="2003" WIDTH="99" HEIGHT="47" CONTENT="kein" WC="0.97" CC="9004"/>
						<SP ID="P6_SP00110" HPOS="312" VPOS="2050" WIDTH="29"/>
						<String ID="P6_ST00131" HPOS="341" VPOS="2003" WIDTH="144" HEIGHT="56" CONTENT="Ende," WC="0.99" CC="04003"/>
						<SP ID="P6_SP00111" HPOS="485" VPOS="2059" WIDTH="29"/>
						<String ID="P6_ST00132" HPOS="514" VPOS="2003" WIDTH="91" HEIGHT="48" CONTENT="und" WC="0.96" CC="650"/>
						<SP ID="P6_SP00112" HPOS="605" VPOS="2059" WIDTH="30"/>
						<String ID="P6_ST00133" HPOS="635" VPOS="2021" WIDTH="102" HEIGHT="30" CONTENT="man" WC="0.93" CC="767"/>
						<SP ID="P6_SP00113" HPOS="737" VPOS="2059" WIDTH="31"/>
						<String ID="P6_ST00134" HPOS="768" VPOS="2007" WIDTH="284" HEIGHT="47" CONTENT="verwünscht" WC="1.00" CC="0040014040"/>
						<SP ID="P6_SP00114" HPOS="1052" VPOS="2059" WIDTH="26"/>
						<String ID="P6_ST00135" HPOS="1078" VPOS="2007" WIDTH="71" HEIGHT="48" CONTENT="die" WC="0.99" CC="030"/>
						<SP ID="P6_SP00115" HPOS="1149" VPOS="2059" WIDTH="29"/>
						<String ID="P6_ST00136" HPOS="1178" VPOS="2008" WIDTH="253" HEIGHT="55" CONTENT="Danaiden," WC="0.76" CC="066000071"/>
						<SP ID="P6_SP00116" HPOS="1431" VPOS="2063" WIDTH="41"/>
						<String ID="P6_ST00137" HPOS="1472" VPOS="2009" WIDTH="170" HEIGHT="49" CONTENT="welche" WC="0.99" CC="000230"/>
						<SP ID="P6_SP00117" HPOS="1642" VPOS="2063" WIDTH="29"/>
						<String ID="P6_ST00138" HPOS="1671" VPOS="2011" WIDTH="42" HEIGHT="47" CONTENT="in" WC="1.00" CC="00"/>
					</TextLine>
					<TextLine ID="P6_TL00022" HPOS="212" VPOS="2079" WIDTH="1502" HEIGHT="61">
						<String ID="P6_ST00139" HPOS="212" VPOS="2079" WIDTH="164" HEIGHT="47" CONTENT="diesem" WC="1.00" CC="000220"/>
						<SP ID="P6_SP00118" HPOS="376" VPOS="2126" WIDTH="29"/>
						<String ID="P6_ST00140" HPOS="405" VPOS="2079" WIDTH="138" HEIGHT="47" CONTENT="Jahre" WC="0.98" CC="09340"/>
						<SP ID="P6_SP00119" HPOS="543" VPOS="2126" WIDTH="28"/>
						<String ID="P6_ST00141" HPOS="571" VPOS="2096" WIDTH="48" HEIGHT="32" CONTENT="so" WC="0.83" CC="03"/>
						<SP ID="P6_SP00120" HPOS="619" VPOS="2128" WIDTH="31"/>
						<String ID="P6_ST00142" HPOS="650" VPOS="2081" WIDTH="311" HEIGHT="48" CONTENT="unermüdlich" WC="1.00" CC="07020900000"/>
						<SP ID="P6_SP00121" HPOS="961" VPOS="2129" WIDTH="29"/>
						<String ID="P6_ST00143" HPOS="990" VPOS="2098" WIDTH="56" HEIGHT="32" CONTENT="an" WC="0.82" CC="30"/>
						<SP ID="P6_SP00122" HPOS="1046" VPOS="2130" WIDTH="31"/>
						<String ID="P6_ST00144" HPOS="1077" VPOS="2082" WIDTH="80" HEIGHT="48" CONTENT="der" WC="1.00" CC="000"/>
						<SP ID="P6_SP00123" HPOS="1157" VPOS="2130" WIDTH="28"/>
						<String ID="P6_ST00145" HPOS="1185" VPOS="2083" WIDTH="160" HEIGHT="48" CONTENT="Arbeit" WC="0.98" CC="795002"/>
						<SP ID="P6_SP00124" HPOS="1345" VPOS="2131" WIDTH="27"/>
						<String ID="P6_ST00146" HPOS="1372" VPOS="2083" WIDTH="114" HEIGHT="57" CONTENT="sind," WC="0.99" CC="00302"/>
						<SP ID="P6_SP00125" HPOS="1486" VPOS="2140" WIDTH="36"/>
						<String ID="P6_ST00147" HPOS="1522" VPOS="2084" WIDTH="101" HEIGHT="49" CONTENT="dass" WC="0.87" CC="0500"/>
						<SP ID="P6_SP00126" HPOS="1623" VPOS="2140" WIDTH="29"/>
						<String ID="P6_ST00148" HPOS="1652" VPOS="2087" WIDTH="62" HEIGHT="47" CONTENT="sie" WC="0.99" CC="200"/>
					</TextLine>
					<TextLine ID="P6_TL00023" HPOS="214" VPOS="2156" WIDTH="1500" HEIGHT="64">
						<String ID="P6_ST00149" HPOS="214" VPOS="2172" WIDTH="79" HEIGHT="30" CONTENT="aus" WC="0.96" CC="055"/>
						<SP ID="P6_SP00127" HPOS="293" VPOS="2202" WIDTH="24"/>
						<String ID="P6_ST00150" HPOS="317" VPOS="2171" WIDTH="80" HEIGHT="30" CONTENT="uns" WC="0.96" CC="280"/>
						<SP ID="P6_SP00128" HPOS="397" VPOS="2202" WIDTH="23"/>
						<String ID="P6_ST00151" HPOS="420" VPOS="2156" WIDTH="373" HEIGHT="64" CONTENT="Schwimmvögel" WC="1.00" CC="301000004900"/>
						<SP ID="P6_SP00129" HPOS="793" VPOS="2220" WIDTH="23"/>
						<String ID="P6_ST00152" HPOS="816" VPOS="2158" WIDTH="187" HEIGHT="48" CONTENT="machen" WC="0.98" CC="090704"/>
						<SP ID="P6_SP00130" HPOS="1003" VPOS="2220" WIDTH="24"/>
						<String ID="P6_ST00153" HPOS="1027" VPOS="2159" WIDTH="178" HEIGHT="56" CONTENT="wollen," WC="0.99" CC="0400064"/>
						<SP ID="P6_SP00131" HPOS="1205" VPOS="2220" WIDTH="23"/>
						<String ID="P6_ST00154" HPOS="1228" VPOS="2161" WIDTH="85" HEIGHT="47" CONTENT="wie" WC="1.00" CC="000"/>
						<SP ID="P6_SP00132" HPOS="1313" VPOS="2220" WIDTH="21"/>
						<String ID="P6_ST00155" HPOS="1334" VPOS="2177" WIDTH="46" HEIGHT="31" CONTENT="es" WC="1.00" CC="00"/>
						<SP ID="P6_SP00133" HPOS="1380" VPOS="2220" WIDTH="22"/>
						<String ID="P6_ST00156" HPOS="1402" VPOS="2161" WIDTH="184" HEIGHT="49" CONTENT="scheint." WC="0.99" CC="10540704"/>
						<SP ID="P6_SP00134" HPOS="1586" VPOS="2220" WIDTH="28"/>
						<String ID="P6_ST00157" HPOS="1614" VPOS="2163" WIDTH="100" HEIGHT="47" CONTENT="Alle" WC="0.99" CC="0300"/>
					</TextLine>
					<TextLine ID="P6_TL00024" HPOS="213" VPOS="2232" WIDTH="1497" HEIGHT="70">
						<String ID="P6_ST00158" HPOS="213" VPOS="2232" WIDTH="128" HEIGHT="47" CONTENT="Welt" WC="0.97" CC="3036"/>
						<SP ID="P6_SP00135" HPOS="341" VPOS="2279" WIDTH="27"/>
						<String ID="P6_ST00159" HPOS="368" VPOS="2232" WIDTH="231" HEIGHT="48" CONTENT="schmähet" WC="0.99" CC="00620500"/>
						<SP ID="P6_SP00136" HPOS="599" VPOS="2280" WIDTH="37"/>
						<String ID="P6_ST00160" HPOS="636" VPOS="2233" WIDTH="77" HEIGHT="55" CONTENT="sie," WC="0.99" CC="0003"/>
						<SP ID="P6_SP00137" HPOS="713" VPOS="2288" WIDTH="44"/>
						<String ID="P6_ST00161" HPOS="757" VPOS="2249" WIDTH="86" HEIGHT="31" CONTENT="nur" WC="0.96" CC="430"/>
						<SP ID="P6_SP00138" HPOS="843" VPOS="2288" WIDTH="29"/>
						<String ID="P6_ST00162" HPOS="872" VPOS="2234" WIDTH="70" HEIGHT="47" CONTENT="die" WC="0.97" CC="070"/>
						<SP ID="P6_SP00139" HPOS="942" VPOS="2288" WIDTH="27"/>
						<String ID="P6_ST00163" HPOS="969" VPOS="2234" WIDTH="303" HEIGHT="50" CONTENT="Fabrikanten" WC="0.99" CC="74814801800"/>
						<SP ID="P6_SP00140" HPOS="1272" VPOS="2288" WIDTH="29"/>
						<String ID="P6_ST00164" HPOS="1301" VPOS="2253" WIDTH="83" HEIGHT="31" CONTENT="von" WC="0.96" CC="045"/>
						<SP ID="P6_SP00141" HPOS="1384" VPOS="2288" WIDTH="29"/>
						<String ID="P6_ST00165" HPOS="1413" VPOS="2239" WIDTH="270" HEIGHT="63" CONTENT="Regenschir" SUBS_TYPE="HypPart1" SUBS_CONTENT="Regenschirmen" WC="0.99" CC="7000700709"/>
						<HYP HPOS="1683" VPOS="2239" WIDTH="27" CONTENT="-"/>
					</TextLine>
					<TextLine ID="P6_TL00025" HPOS="213" VPOS="2307" WIDTH="1500" HEIGHT="64">
						<String ID="P6_ST00166" HPOS="213" VPOS="2322" WIDTH="102" HEIGHT="33" CONTENT="men" SUBS_TYPE="HypPart2" SUBS_CONTENT="Regenschirmen" WC="0.95" CC="704"/>
						<SP ID="P6_SP00142" HPOS="315" VPOS="2355" WIDTH="17"/>
						<String ID="P6_ST00167" HPOS="332" VPOS="2307" WIDTH="89" HEIGHT="47" CONTENT="und" WC="0.98" CC="060"/>
						<SP ID="P6_SP00143" HPOS="421" VPOS="2355" WIDTH="21"/>
						<String ID="P6_ST00168" HPOS="442" VPOS="2307" WIDTH="350" HEIGHT="49" CONTENT="Ueberschuhen" WC="0.62" CC="407083075720"/>
						<SP ID="P6_SP00144" HPOS="792" VPOS="2356" WIDTH="19"/>
						<String ID="P6_ST00169" HPOS="811" VPOS="2309" WIDTH="89" HEIGHT="48" CONTENT="und" WC="0.96" CC="640"/>
						<SP ID="P6_SP00145" HPOS="900" VPOS="2357" WIDTH="13"/>
						<String ID="P6_ST00170" HPOS="913" VPOS="2327" WIDTH="202" HEIGHT="32" CONTENT="—unser" WC="0.99" CC="805000"/>
						<SP ID="P6_SP00146" HPOS="1115" VPOS="2359" WIDTH="15"/>
						<String ID="P6_ST00171" HPOS="1130" VPOS="2312" WIDTH="432" HEIGHT="49" CONTENT="Theater-Director" WC="0.85" CC="0300601000010504"/>
						<SP ID="P6_SP00147" HPOS="1562" VPOS="2361" WIDTH="15"/>
						<String ID="P6_ST00172" HPOS="1577" VPOS="2314" WIDTH="136" HEIGHT="57" CONTENT="nicht," WC="0.98" CC="716720"/>
					</TextLine>
					<TextLine ID="P6_TL00026" HPOS="212" VPOS="2383" WIDTH="1502" HEIGHT="71">
						<String ID="P6_ST00173" HPOS="212" VPOS="2384" WIDTH="78" HEIGHT="47" CONTENT="der" WC="0.96" CC="045"/>
						<SP ID="P6_SP00148" HPOS="290" VPOS="2431" WIDTH="27"/>
						<String ID="P6_ST00174" HPOS="317" VPOS="2383" WIDTH="89" HEIGHT="47" CONTENT="sich" WC="0.95" CC="4467"/>
						<SP ID="P6_SP00149" HPOS="406" VPOS="2431" WIDTH="38"/>
						<String ID="P6_ST00175" HPOS="444" VPOS="2383" WIDTH="76" HEIGHT="48" CONTENT="das" WC="0.98" CC="006"/>
						<SP ID="P6_SP00150" HPOS="520" VPOS="2431" WIDTH="28"/>
						<String ID="P6_ST00176" HPOS="548" VPOS="2384" WIDTH="305" HEIGHT="48" CONTENT="Ueberlaufen" WC="0.53" CC="64806066804"/>
						<SP ID="P6_SP00151" HPOS="853" VPOS="2432" WIDTH="38"/>
						<String ID="P6_ST00177" HPOS="891" VPOS="2387" WIDTH="178" HEIGHT="48" CONTENT="seines" WC="0.99" CC="000601"/>
						<SP ID="P6_SP00152" HPOS="1069" VPOS="2435" WIDTH="41"/>
						<String ID="P6_ST00178" HPOS="1110" VPOS="2389" WIDTH="302" HEIGHT="65" CONTENT="Regenfangs," WC="0.99" CC="60906757802"/>
						<SP ID="P6_SP00153" HPOS="1412" VPOS="2454" WIDTH="42"/>
						<String ID="P6_ST00179" HPOS="1454" VPOS="2389" WIDTH="80" HEIGHT="50" CONTENT="der" WC="0.98" CC="005"/>
						<SP ID="P6_SP00154" HPOS="1534" VPOS="2454" WIDTH="29"/>
						<String ID="P6_ST00180" HPOS="1563" VPOS="2392" WIDTH="151" HEIGHT="57" CONTENT="Casse," WC="0.84" CC="404000"/>
					</TextLine>
					<TextLine ID="P6_TL00027" HPOS="213" VPOS="2459" WIDTH="1499" HEIGHT="67">
						<String ID="P6_ST00181" HPOS="213" VPOS="2477" WIDTH="83" HEIGHT="30" CONTENT="von" WC="0.95" CC="067"/>
						<SP ID="P6_SP00155" HPOS="296" VPOS="2507" WIDTH="29"/>
						<String ID="P6_ST00182" HPOS="325" VPOS="2459" WIDTH="310" HEIGHT="65" CONTENT="Silberwogen" WC="1.00" CC="40230305000"/>
						<SP ID="P6_SP00156" HPOS="635" VPOS="2524" WIDTH="28"/>
						<String ID="P6_ST00183" HPOS="663" VPOS="2462" WIDTH="105" HEIGHT="47" CONTENT="sehr" WC="0.98" CC="0061"/>
						<SP ID="P6_SP00157" HPOS="768" VPOS="2524" WIDTH="28"/>
						<String ID="P6_ST00184" HPOS="796" VPOS="2478" WIDTH="109" HEIGHT="47" CONTENT="gern" WC="0.97" CC="9060"/>
						<SP ID="P6_SP00158" HPOS="905" VPOS="2525" WIDTH="24"/>
						<String ID="P6_ST00185" HPOS="929" VPOS="2464" WIDTH="189" HEIGHT="62" CONTENT="gefallen" WC="0.98" CC="90730545"/>
						<SP ID="P6_SP00159" HPOS="1118" VPOS="2526" WIDTH="32"/>
						<String ID="P6_ST00186" HPOS="1150" VPOS="2465" WIDTH="111" HEIGHT="47" CONTENT="liess." WC="0.72" CC="500414"/>
						<SP ID="P6_SP00160" HPOS="1261" VPOS="2526" WIDTH="34"/>
						<String ID="P6_ST00187" HPOS="1295" VPOS="2467" WIDTH="257" HEIGHT="56" CONTENT="Wahrlich," WC="0.99" CC="051060020"/>
						<SP ID="P6_SP00161" HPOS="1552" VPOS="2526" WIDTH="30"/>
						<String ID="P6_ST00188" HPOS="1582" VPOS="2484" WIDTH="130" HEIGHT="32" CONTENT="wenn" WC="0.96" CC="9063"/>
					</TextLine>
					<TextLine ID="P6_TL00028" HPOS="214" VPOS="2537" WIDTH="1499" HEIGHT="67">
						<String ID="P6_ST00189" HPOS="214" VPOS="2552" WIDTH="102" HEIGHT="31" CONTENT="man" WC="0.92" CC="955"/>
						<SP ID="P6_SP00162" HPOS="316" VPOS="2583" WIDTH="34"/>
						<String ID="P6_ST00190" HPOS="350" VPOS="2537" WIDTH="249" HEIGHT="63" CONTENT="gewahrte," WC="0.99" CC="900006501"/>
						<SP ID="P6_SP00163" HPOS="599" VPOS="2600" WIDTH="42"/>
						<String ID="P6_ST00191" HPOS="641" VPOS="2538" WIDTH="84" HEIGHT="47" CONTENT="wie" WC="1.00" CC="000"/>
						<SP ID="P6_SP00164" HPOS="725" VPOS="2600" WIDTH="43"/>
						<String ID="P6_ST00192" HPOS="768" VPOS="2538" WIDTH="70" HEIGHT="48" CONTENT="die" WC="1.00" CC="000"/>
						<SP ID="P6_SP00165" HPOS="838" VPOS="2600" WIDTH="28"/>
						<String ID="P6_ST00193" HPOS="866" VPOS="2540" WIDTH="164" HEIGHT="64" CONTENT="Menge" WC="0.99" CC="03600"/>
						<SP ID="P6_SP00166" HPOS="1030" VPOS="2604" WIDTH="39"/>
						<String ID="P6_ST00194" HPOS="1069" VPOS="2542" WIDTH="90" HEIGHT="47" CONTENT="sich" WC="0.99" CC="1003"/>
						<SP ID="P6_SP00167" HPOS="1159" VPOS="2604" WIDTH="42"/>
						<String ID="P6_ST00195" HPOS="1201" VPOS="2559" WIDTH="53" HEIGHT="30" CONTENT="zu" WC="0.73" CC="50"/>
						<SP ID="P6_SP00168" HPOS="1254" VPOS="2604" WIDTH="42"/>
						<String ID="P6_ST00196" HPOS="1296" VPOS="2542" WIDTH="84" HEIGHT="48" CONTENT="den" WC="0.97" CC="007"/>
						<SP ID="P6_SP00169" HPOS="1380" VPOS="2604" WIDTH="31"/>
						<String ID="P6_ST00197" HPOS="1411" VPOS="2543" WIDTH="182" HEIGHT="49" CONTENT="Pforten" WC="1.00" CC="0005002"/>
						<SP ID="P6_SP00170" HPOS="1593" VPOS="2604" WIDTH="45"/>
						<String ID="P6_ST00198" HPOS="1638" VPOS="2544" WIDTH="75" HEIGHT="50" CONTENT="des" WC="0.98" CC="005"/>
					</TextLine>
					<TextLine ID="P6_TL00029" HPOS="213" VPOS="2613" WIDTH="1501" HEIGHT="70">
						<String ID="P6_ST00199" HPOS="213" VPOS="2614" WIDTH="216" HEIGHT="47" CONTENT="Theaters" WC="0.99" CC="00076127"/>
						<SP ID="P6_SP00171" HPOS="429" VPOS="2661" WIDTH="21"/>
						<String ID="P6_ST00200" HPOS="450" VPOS="2613" WIDTH="202" HEIGHT="66" CONTENT="drängte," WC="0.99" CC="04069700"/>
						<SP ID="P6_SP00172" HPOS="652" VPOS="2679" WIDTH="30"/>
						<String ID="P6_ST00201" HPOS="682" VPOS="2632" WIDTH="48" HEIGHT="30" CONTENT="so" WC="0.71" CC="14"/>
						<SP ID="P6_SP00173" HPOS="730" VPOS="2679" WIDTH="23"/>
						<String ID="P6_ST00202" HPOS="753" VPOS="2632" WIDTH="96" HEIGHT="32" CONTENT="war" WC="0.96" CC="504"/>
						<SP ID="P6_SP00174" HPOS="849" VPOS="2679" WIDTH="22"/>
						<String ID="P6_ST00203" HPOS="871" VPOS="2617" WIDTH="79" HEIGHT="47" CONTENT="der" WC="0.96" CC="801"/>
						<SP ID="P6_SP00175" HPOS="950" VPOS="2679" WIDTH="24"/>
						<String ID="P6_ST00204" HPOS="974" VPOS="2617" WIDTH="216" HEIGHT="49" CONTENT="Gedanke" WC="1.00" CC="0006000"/>
						<SP ID="P6_SP00176" HPOS="1190" VPOS="2679" WIDTH="21"/>
						<String ID="P6_ST00205" HPOS="1211" VPOS="2636" WIDTH="111" HEIGHT="47" CONTENT="ganz" WC="0.98" CC="0024"/>
						<SP ID="P6_SP00177" HPOS="1322" VPOS="2683" WIDTH="23"/>
						<String ID="P6_ST00206" HPOS="1345" VPOS="2622" WIDTH="240" HEIGHT="55" CONTENT="natürlich," WC="0.99" CC="0708510460"/>
						<SP ID="P6_SP00178" HPOS="1585" VPOS="2683" WIDTH="29"/>
						<String ID="P6_ST00207" HPOS="1614" VPOS="2622" WIDTH="100" HEIGHT="49" CONTENT="dass" WC="0.71" CC="0830"/>
					</TextLine>
					<TextLine ID="P6_TL00030" HPOS="216" VPOS="2688" WIDTH="1494" HEIGHT="66">
						<String ID="P6_ST00208" HPOS="216" VPOS="2688" WIDTH="69" HEIGHT="49" CONTENT="die" WC="1.00" CC="000"/>
						<SP ID="P6_SP00179" HPOS="285" VPOS="2737" WIDTH="27"/>
						<String ID="P6_ST00209" HPOS="312" VPOS="2690" WIDTH="241" HEIGHT="48" CONTENT="Menschen" WC="0.98" CC="36640505"/>
						<SP ID="P6_SP00180" HPOS="553" VPOS="2738" WIDTH="45"/>
						<String ID="P6_ST00210" HPOS="598" VPOS="2691" WIDTH="75" HEIGHT="47" CONTENT="für" WC="0.97" CC="304"/>
						<SP ID="P6_SP00181" HPOS="673" VPOS="2738" WIDTH="39"/>
						<String ID="P6_ST00211" HPOS="712" VPOS="2691" WIDTH="70" HEIGHT="49" CONTENT="die" WC="0.98" CC="040"/>
						<SP ID="P6_SP00182" HPOS="782" VPOS="2740" WIDTH="29"/>
						<String ID="P6_ST00212" HPOS="811" VPOS="2693" WIDTH="304" HEIGHT="49" CONTENT="Schönheiten" WC="0.99" CC="53003603601"/>
						<SP ID="P6_SP00183" HPOS="1115" VPOS="2742" WIDTH="42"/>
						<String ID="P6_ST00213" HPOS="1157" VPOS="2694" WIDTH="80" HEIGHT="48" CONTENT="der" WC="0.99" CC="030"/>
						<SP ID="P6_SP00184" HPOS="1237" VPOS="2742" WIDTH="26"/>
						<String ID="P6_ST00214" HPOS="1263" VPOS="2698" WIDTH="163" HEIGHT="56" CONTENT="Natur," WC="0.98" CC="613004"/>
						<SP ID="P6_SP00185" HPOS="1426" VPOS="2754" WIDTH="42"/>
						<String ID="P6_ST00215" HPOS="1468" VPOS="2697" WIDTH="70" HEIGHT="49" CONTENT="die" WC="0.99" CC="020"/>
						<SP ID="P6_SP00186" HPOS="1538" VPOS="2754" WIDTH="39"/>
						<String ID="P6_ST00216" HPOS="1577" VPOS="2699" WIDTH="133" HEIGHT="48" CONTENT="ihnen" WC="0.98" CC="04006"/>
					</TextLine>
					<TextLine ID="P6_TL00031" HPOS="213" VPOS="2765" WIDTH="1499" HEIGHT="70">
						<String ID="P6_ST00217" HPOS="213" VPOS="2765" WIDTH="283" HEIGHT="48" CONTENT="verschleiert" WC="0.99" CC="904407040082"/>
						<SP ID="P6_SP00187" HPOS="496" VPOS="2813" WIDTH="28"/>
						<String ID="P6_ST00218" HPOS="524" VPOS="2765" WIDTH="193" HEIGHT="57" CONTENT="blieben," WC="0.99" CC="73045250"/>
						<SP ID="P6_SP00188" HPOS="717" VPOS="2822" WIDTH="34"/>
						<String ID="P6_ST00219" HPOS="751" VPOS="2768" WIDTH="44" HEIGHT="47" CONTENT="in" WC="1.00" CC="00"/>
						<SP ID="P6_SP00189" HPOS="795" VPOS="2822" WIDTH="30"/>
						<String ID="P6_ST00220" HPOS="825" VPOS="2768" WIDTH="85" HEIGHT="48" CONTENT="den" WC="0.99" CC="010"/>
						<SP ID="P6_SP00190" HPOS="910" VPOS="2822" WIDTH="29"/>
						<String ID="P6_ST00221" HPOS="939" VPOS="2770" WIDTH="350" HEIGHT="65" CONTENT="Blumengärten" WC="0.99" CC="630005093506"/>
						<SP ID="P6_SP00191" HPOS="1289" VPOS="2835" WIDTH="39"/>
						<String ID="P6_ST00222" HPOS="1328" VPOS="2771" WIDTH="89" HEIGHT="49" CONTENT="und" WC="0.98" CC="050"/>
						<SP ID="P6_SP00192" HPOS="1417" VPOS="2835" WIDTH="30"/>
						<String ID="P6_ST00223" HPOS="1447" VPOS="2773" WIDTH="101" HEIGHT="49" CONTENT="dem" WC="1.00" CC="000"/>
						<SP ID="P6_SP00193" HPOS="1548" VPOS="2835" WIDTH="33"/>
						<String ID="P6_ST00224" HPOS="1581" VPOS="2777" WIDTH="99" HEIGHT="47" CONTENT="Wal" SUBS_TYPE="HypPart1" SUBS_CONTENT="Waldesgrün" WC="0.99" CC="060"/>
						<HYP HPOS="1680" VPOS="2777" WIDTH="32" CONTENT="-"/>
					</TextLine>
					<TextLine ID="P6_TL00032" HPOS="214" VPOS="2840" WIDTH="1496" HEIGHT="65">
						<String ID="P6_ST00225" HPOS="214" VPOS="2840" WIDTH="196" HEIGHT="65" CONTENT="desgrün" SUBS_TYPE="HypPart2" SUBS_CONTENT="Waldesgrün" WC="1.00" CC="0000006"/>
						<SP ID="P6_SP00194" HPOS="410" VPOS="2905" WIDTH="30"/>
						<String ID="P6_ST00226" HPOS="440" VPOS="2843" WIDTH="80" HEIGHT="47" CONTENT="auf" WC="0.96" CC="450"/>
						<SP ID="P6_SP00195" HPOS="520" VPOS="2905" WIDTH="19"/>
						<String ID="P6_ST00227" HPOS="539" VPOS="2843" WIDTH="249" HEIGHT="49" CONTENT="Leinwand" WC="0.99" CC="60070060"/>
						<SP ID="P6_SP00196" HPOS="788" VPOS="2905" WIDTH="28"/>
						<String ID="P6_ST00228" HPOS="816" VPOS="2845" WIDTH="127" HEIGHT="48" CONTENT="einen" WC="0.98" CC="00508"/>
						<SP ID="P6_SP00197" HPOS="943" VPOS="2905" WIDTH="28"/>
						<String ID="P6_ST00229" HPOS="971" VPOS="2848" WIDTH="156" HEIGHT="47" CONTENT="Ersatz" WC="0.97" CC="452915"/>
						<SP ID="P6_SP00198" HPOS="1127" VPOS="2905" WIDTH="35"/>
						<String ID="P6_ST00230" HPOS="1162" VPOS="2849" WIDTH="185" HEIGHT="48" CONTENT="suchten" WC="0.99" CC="0005005"/>
						<String ID="P6_ST00231" HPOS="1360" VPOS="2854" WIDTH="192" HEIGHT="44" CONTENT="—süsse" WC="0.98" CC="800540"/>
						<SP ID="P6_SP00199" HPOS="1552" VPOS="2905" WIDTH="27"/>
						<String ID="P6_ST00232" HPOS="1579" VPOS="2853" WIDTH="105" HEIGHT="47" CONTENT="Hoff" SUBS_TYPE="HypPart1" SUBS_CONTENT="Hoffnung," WC="0.97" CC="4077"/>
						<HYP HPOS="1684" VPOS="2853" WIDTH="26" CONTENT="-"/>
					</TextLine>
					<TextLine ID="P6_TL00033" HPOS="212" VPOS="2918" WIDTH="1497" HEIGHT="76">
						<String ID="P6_ST00233" HPOS="212" VPOS="2934" WIDTH="139" HEIGHT="47" CONTENT="nung," SUBS_TYPE="HypPart2" SUBS_CONTENT="Hoffnung," WC="0.97" CC="65704"/>
						<SP ID="P6_SP00200" HPOS="351" VPOS="2981" WIDTH="42"/>
						<String ID="P6_ST00234" HPOS="393" VPOS="2918" WIDTH="70" HEIGHT="46" CONTENT="die" WC="0.97" CC="800"/>
						<SP ID="P6_SP00201" HPOS="463" VPOS="2981" WIDTH="29"/>
						<String ID="P6_ST00235" HPOS="492" VPOS="2919" WIDTH="139" HEIGHT="47" CONTENT="leider" WC="0.98" CC="120906"/>
						<SP ID="P6_SP00202" HPOS="631" VPOS="2981" WIDTH="26"/>
						<String ID="P6_ST00236" HPOS="657" VPOS="2938" WIDTH="50" HEIGHT="29" CONTENT="zu" WC="0.69" CC="05"/>
						<SP ID="P6_SP00203" HPOS="707" VPOS="2981" WIDTH="30"/>
						<String ID="P6_ST00237" HPOS="737" VPOS="2920" WIDTH="147" HEIGHT="48" CONTENT="nichte" WC="0.55" CC="707244"/>
						<SP ID="P6_SP00204" HPOS="884" VPOS="2981" WIDTH="30"/>
						<String ID="P6_ST00238" HPOS="914" VPOS="2923" WIDTH="171" HEIGHT="57" CONTENT="wurde," WC="1.00" CC="004000"/>
						<SP ID="P6_SP00205" HPOS="1085" VPOS="2981" WIDTH="37"/>
						<String ID="P6_ST00239" HPOS="1122" VPOS="2924" WIDTH="157" HEIGHT="49" CONTENT="sobald" WC="0.99" CC="005500"/>
						<SP ID="P6_SP00206" HPOS="1279" VPOS="2981" WIDTH="39"/>
						<String ID="P6_ST00240" HPOS="1318" VPOS="2943" WIDTH="160" HEIGHT="32" CONTENT="unsere" WC="0.98" CC="365001"/>
						<SP ID="P6_SP00207" HPOS="1478" VPOS="2981" WIDTH="30"/>
						<String ID="P6_ST00241" HPOS="1508" VPOS="2928" WIDTH="173" HEIGHT="66" CONTENT="Gesang" SUBS_TYPE="HypPart1" SUBS_CONTENT="Gesangkünstler" WC="0.98" CC="201669"/>
						<HYP HPOS="1681" VPOS="2928" WIDTH="28" CONTENT="-"/>
					</TextLine>
					<TextLine ID="P6_TL00034" HPOS="212" VPOS="2994" WIDTH="1497" HEIGHT="68">
						<String ID="P6_ST00242" HPOS="212" VPOS="2994" WIDTH="198" HEIGHT="48" CONTENT="künstler" SUBS_TYPE="HypPart2" SUBS_CONTENT="Gesangkünstler" WC="0.98" CC="00706437"/>
						<SP ID="P6_SP00208" HPOS="410" VPOS="3042" WIDTH="29"/>
						<String ID="P6_ST00243" HPOS="439" VPOS="2994" WIDTH="70" HEIGHT="48" CONTENT="die" WC="0.98" CC="006"/>
						<SP ID="P6_SP00209" HPOS="509" VPOS="3042" WIDTH="29"/>
						<String ID="P6_ST00244" HPOS="538" VPOS="2996" WIDTH="126" HEIGHT="47" CONTENT="Töne" WC="0.99" CC="0060"/>
						<SP ID="P6_SP00210" HPOS="664" VPOS="3043" WIDTH="42"/>
						<String ID="P6_ST00245" HPOS="706" VPOS="2996" WIDTH="80" HEIGHT="49" CONTENT="der" WC="0.97" CC="060"/>
						<SP ID="P6_SP00211" HPOS="786" VPOS="3045" WIDTH="29"/>
						<String ID="P6_ST00246" HPOS="815" VPOS="2999" WIDTH="309" HEIGHT="63" CONTENT="Nachtigallen" WC="0.99" CC="660650020505"/>
						<SP ID="P6_SP00212" HPOS="1124" VPOS="3062" WIDTH="30"/>
						<String ID="P6_ST00247" HPOS="1154" VPOS="3001" WIDTH="89" HEIGHT="47" CONTENT="und" WC="0.97" CC="070"/>
						<SP ID="P6_SP00213" HPOS="1243" VPOS="3062" WIDTH="28"/>
						<String ID="P6_ST00248" HPOS="1271" VPOS="3003" WIDTH="206" HEIGHT="48" CONTENT="Lerchen" WC="0.99" CC="4050105"/>
						<SP ID="P6_SP00214" HPOS="1477" VPOS="3062" WIDTH="30"/>
						<String ID="P6_ST00249" HPOS="1507" VPOS="3004" WIDTH="81" HEIGHT="48" CONTENT="auf" WC="0.97" CC="052"/>
						<SP ID="P6_SP00215" HPOS="1588" VPOS="3062" WIDTH="23"/>
						<String ID="P6_ST00250" HPOS="1611" VPOS="3006" WIDTH="98" HEIGHT="47" CONTENT="eine" WC="0.98" CC="0080"/>
					</TextLine>
					<TextLine ID="P6_TL00035" HPOS="209" VPOS="3071" WIDTH="1134" HEIGHT="66">
						<String ID="P6_ST00251" HPOS="209" VPOS="3071" WIDTH="158" HEIGHT="48" CONTENT="Weise" WC="0.99" CC="50000"/>
						<SP ID="P6_SP00216" HPOS="367" VPOS="3119" WIDTH="28"/>
						<String ID="P6_ST00252" HPOS="395" VPOS="3071" WIDTH="215" HEIGHT="64" CONTENT="copirten," WC="0.70" CC="005072360"/>
						<SP ID="P6_SP00217" HPOS="610" VPOS="3135" WIDTH="37"/>
						<String ID="P6_ST00253" HPOS="647" VPOS="3071" WIDTH="99" HEIGHT="50" CONTENT="dass" WC="0.56" CC="0690"/>
						<SP ID="P6_SP00218" HPOS="746" VPOS="3135" WIDTH="22"/>
						<String ID="P6_ST00254" HPOS="768" VPOS="3074" WIDTH="104" HEIGHT="63" CONTENT="jede" WC="0.98" CC="0106"/>
						<SP ID="P6_SP00219" HPOS="872" VPOS="3137" WIDTH="28"/>
						<String ID="P6_ST00255" HPOS="900" VPOS="3076" WIDTH="180" HEIGHT="47" CONTENT="Illusion" WC="0.99" CC="60570007"/>
						<SP ID="P6_SP00220" HPOS="1080" VPOS="3137" WIDTH="28"/>
						<String ID="P6_ST00256" HPOS="1108" VPOS="3078" WIDTH="235" HEIGHT="48" CONTENT="schwand!" WC="0.99" CC="21006503"/>
					</TextLine>
					<TextLine ID="P6_TL00036" HPOS="325" VPOS="3149" WIDTH="1384" HEIGHT="57">
						<String ID="P6_ST00257" HPOS="325" VPOS="3149" WIDTH="282" HEIGHT="47" CONTENT="Glücklicher" WC="0.99" CC="02836615420"/>
						<SP ID="P6_SP00221" HPOS="607" VPOS="3196" WIDTH="21"/>
						<String ID="P6_ST00258" HPOS="628" VPOS="3150" WIDTH="158" HEIGHT="48" CONTENT="Weise" WC="0.98" CC="46014"/>
						<SP ID="P6_SP00222" HPOS="786" VPOS="3198" WIDTH="25"/>
						<String ID="P6_ST00259" HPOS="811" VPOS="3151" WIDTH="214" HEIGHT="50" CONTENT="brachten" WC="0.98" CC="36046626"/>
						<SP ID="P6_SP00223" HPOS="1025" VPOS="3201" WIDTH="25"/>
						<String ID="P6_ST00260" HPOS="1050" VPOS="3152" WIDTH="70" HEIGHT="50" CONTENT="die" WC="0.97" CC="900"/>
						<SP ID="P6_SP00224" HPOS="1120" VPOS="3202" WIDTH="32"/>
						<String ID="P6_ST00261" HPOS="1152" VPOS="3155" WIDTH="267" HEIGHT="48" CONTENT="Concerte" WC="0.68" CC="76700004"/>
						<SP ID="P6_SP00225" HPOS="1419" VPOS="3203" WIDTH="28"/>
						<String ID="P6_ST00262" HPOS="1447" VPOS="3158" WIDTH="98" HEIGHT="48" CONTENT="eine" WC="0.98" CC="0080"/>
						<SP ID="P6_SP00226" HPOS="1545" VPOS="3206" WIDTH="23"/>
						<String ID="P6_ST00263" HPOS="1568" VPOS="3159" WIDTH="113" HEIGHT="47" CONTENT="wohl" SUBS_TYPE="HypPart1" SUBS_CONTENT="wohlthuende" WC="0.78" CC="0330"/>
						<HYP HPOS="1681" VPOS="3159" WIDTH="28" CONTENT="-"/>
					</TextLine>
					<TextLine ID="P6_TL00037" HPOS="210" VPOS="3222" WIDTH="1498" HEIGHT="75">
						<String ID="P6_ST00264" HPOS="210" VPOS="3222" WIDTH="199" HEIGHT="47" CONTENT="thuende" SUBS_TYPE="HypPart2" SUBS_CONTENT="wohlthuende" WC="0.35" CC="9750776"/>
						<SP ID="P6_SP00227" HPOS="409" VPOS="3269" WIDTH="27"/>
						<String ID="P6_ST00265" HPOS="436" VPOS="3224" WIDTH="336" HEIGHT="66" CONTENT="Abwechslung" WC="0.99" CC="56600500860"/>
						<SP ID="P6_SP00228" HPOS="772" VPOS="3290" WIDTH="28"/>
						<String ID="P6_ST00266" HPOS="800" VPOS="3227" WIDTH="42" HEIGHT="47" CONTENT="in" WC="1.00" CC="00"/>
						<SP ID="P6_SP00229" HPOS="842" VPOS="3290" WIDTH="30"/>
						<String ID="P6_ST00267" HPOS="872" VPOS="3227" WIDTH="70" HEIGHT="49" CONTENT="die" WC="1.00" CC="000"/>
						<SP ID="P6_SP00230" HPOS="942" VPOS="3290" WIDTH="29"/>
						<String ID="P6_ST00268" HPOS="971" VPOS="3230" WIDTH="161" HEIGHT="47" CONTENT="trüben" WC="0.98" CC="050607"/>
						<SP ID="P6_SP00231" HPOS="1132" VPOS="3290" WIDTH="32"/>
						<String ID="P6_ST00269" HPOS="1164" VPOS="3231" WIDTH="89" HEIGHT="47" CONTENT="und" WC="0.98" CC="050"/>
						<SP ID="P6_SP00232" HPOS="1253" VPOS="3290" WIDTH="31"/>
						<String ID="P6_ST00270" HPOS="1284" VPOS="3232" WIDTH="232" HEIGHT="65" CONTENT="traurigen" WC="0.98" CC="056483951"/>
						<SP ID="P6_SP00233" HPOS="1516" VPOS="3297" WIDTH="24"/>
						<String ID="P6_ST00271" HPOS="1540" VPOS="3235" WIDTH="168" HEIGHT="47" CONTENT="Natur-" WC="0.38" CC="866590"/>
					</TextLine>
					<TextLine ID="P6_TL00038" HPOS="213" VPOS="3299" WIDTH="1496" HEIGHT="60">
						<String ID="P6_ST00272" HPOS="213" VPOS="3299" WIDTH="89" HEIGHT="46" CONTENT="und" WC="0.80" CC="050"/>
						<SP ID="P6_SP00234" HPOS="302" VPOS="3345" WIDTH="29"/>
						<String ID="P6_ST00273" HPOS="331" VPOS="3300" WIDTH="452" HEIGHT="52" CONTENT="Bühnen-Zustände." WC="0.55" CC="7078003064896700"/>
						<SP ID="P6_SP00235" HPOS="783" VPOS="3352" WIDTH="55"/>
						<String ID="P6_ST00274" HPOS="838" VPOS="3305" WIDTH="84" HEIGHT="47" CONTENT="Die" WC="0.98" CC="041"/>
						<SP ID="P6_SP00236" HPOS="922" VPOS="3352" WIDTH="30"/>
						<String ID="P6_ST00275" HPOS="952" VPOS="3305" WIDTH="353" HEIGHT="51" CONTENT="bedeutendsten" WC="0.99" CC="6300550605501"/>
						<SP ID="P6_SP00237" HPOS="1305" VPOS="3356" WIDTH="29"/>
						<String ID="P6_ST00276" HPOS="1334" VPOS="3326" WIDTH="155" HEIGHT="32" CONTENT="waren" WC="0.98" CC="90005"/>
						<SP ID="P6_SP00238" HPOS="1489" VPOS="3358" WIDTH="31"/>
						<String ID="P6_ST00277" HPOS="1520" VPOS="3310" WIDTH="79" HEIGHT="48" CONTENT="das" WC="0.97" CC="042"/>
						<SP ID="P6_SP00239" HPOS="1599" VPOS="3358" WIDTH="27"/>
						<String ID="P6_ST00278" HPOS="1626" VPOS="3328" WIDTH="83" HEIGHT="31" CONTENT="von" WC="0.96" CC="055"/>
					</TextLine>
					<TextLine ID="P6_TL00039" HPOS="209" VPOS="3375" WIDTH="1500" HEIGHT="68">
						<String ID="P6_ST00279" HPOS="209" VPOS="3375" WIDTH="200" HEIGHT="57" CONTENT="Piatti," WC="0.67" CC="7030730"/>
						<SP ID="P6_SP00240" HPOS="409" VPOS="3432" WIDTH="24"/>
						<String ID="P6_ST00280" HPOS="433" VPOS="3376" WIDTH="100" HEIGHT="47" CONTENT="dem" WC="0.95" CC="760"/>
						<SP ID="P6_SP00241" HPOS="533" VPOS="3432" WIDTH="25"/>
						<String ID="P6_ST00281" HPOS="558" VPOS="3376" WIDTH="268" HEIGHT="51" CONTENT="berühmten" WC="0.98" CC="705917636"/>
						<SP ID="P6_SP00242" HPOS="826" VPOS="3432" WIDTH="18"/>
						<String ID="P6_ST00282" HPOS="844" VPOS="3381" WIDTH="375" HEIGHT="62" CONTENT="Violoncellisten," WC="0.99" CC="3057660360005177"/>
						<SP ID="P6_SP00243" HPOS="1219" VPOS="3443" WIDTH="24"/>
						<String ID="P6_ST00283" HPOS="1243" VPOS="3401" WIDTH="81" HEIGHT="32" CONTENT="von" WC="0.97" CC="026"/>
						<SP ID="P6_SP00244" HPOS="1324" VPOS="3443" WIDTH="24"/>
						<String ID="P6_ST00284" HPOS="1348" VPOS="3386" WIDTH="167" HEIGHT="48" CONTENT="Louis" WC="1.00" CC="00400"/>
						<SP ID="P6_SP00245" HPOS="1515" VPOS="3443" WIDTH="30"/>
						<String ID="P6_ST00285" HPOS="1545" VPOS="3389" WIDTH="132" HEIGHT="47" CONTENT="Bras" SUBS_TYPE="HypPart1" SUBS_CONTENT="Brassin," WC="0.61" CC="6602"/>
						<HYP HPOS="1677" VPOS="3389" WIDTH="32" CONTENT="-"/>
					</TextLine>
					<TextLine ID="P6_TL00040" HPOS="212" VPOS="3451" WIDTH="1497" HEIGHT="65">
						<String ID="P6_ST00286" HPOS="212" VPOS="3451" WIDTH="106" HEIGHT="56" CONTENT="sin," SUBS_TYPE="HypPart2" SUBS_CONTENT="Brassin," WC="0.75" CC="0054"/>
						<SP ID="P6_SP00246" HPOS="318" VPOS="3507" WIDTH="30"/>
						<String ID="P6_ST00287" HPOS="348" VPOS="3451" WIDTH="100" HEIGHT="47" CONTENT="dem" WC="0.96" CC="009"/>
						<SP ID="P6_SP00247" HPOS="448" VPOS="3507" WIDTH="27"/>
						<String ID="P6_ST00288" HPOS="475" VPOS="3453" WIDTH="391" HEIGHT="63" CONTENT="ausgezeichneten" WC="0.99" CC="785030200060517"/>
						<SP ID="P6_SP00248" HPOS="866" VPOS="3516" WIDTH="25"/>
						<String ID="P6_ST00289" HPOS="891" VPOS="3457" WIDTH="241" HEIGHT="57" CONTENT="Pianisten," WC="0.99" CC="7157006000"/>
						<SP ID="P6_SP00249" HPOS="1132" VPOS="3516" WIDTH="23"/>
						<String ID="P6_ST00290" HPOS="1155" VPOS="3476" WIDTH="83" HEIGHT="32" CONTENT="von" WC="0.97" CC="017"/>
						<SP ID="P6_SP00250" HPOS="1238" VPOS="3516" WIDTH="24"/>
						<String ID="P6_ST00291" HPOS="1262" VPOS="3478" WIDTH="208" HEIGHT="31" CONTENT="unserem" WC="0.99" CC="5600034"/>
						<SP ID="P6_SP00251" HPOS="1470" VPOS="3516" WIDTH="26"/>
						<String ID="P6_ST00292" HPOS="1496" VPOS="3464" WIDTH="187" HEIGHT="48" CONTENT="Concert" SUBS_TYPE="HypPart1" SUBS_CONTENT="Concertmcister" WC="0.67" CC="7051066"/>
						<HYP HPOS="1683" VPOS="3464" WIDTH="26" CONTENT="-"/>
					</TextLine>
					<TextLine ID="P6_TL00041" HPOS="210" VPOS="3528" WIDTH="1500" HEIGHT="68">
						<String ID="P6_ST00293" HPOS="210" VPOS="3528" WIDTH="180" HEIGHT="47" CONTENT="mcister" SUBS_TYPE="HypPart2" SUBS_CONTENT="Concertmcister" WC="0.68" CC="8500035"/>
						<SP ID="P6_SP00252" HPOS="390" VPOS="3575" WIDTH="41"/>
						<String ID="P6_ST00294" HPOS="431" VPOS="3530" WIDTH="148" HEIGHT="47" CONTENT="Fritz" WC="0.98" CC="30066"/>
						<SP ID="P6_SP00253" HPOS="579" VPOS="3577" WIDTH="44"/>
						<String ID="P6_ST00295" HPOS="623" VPOS="3530" WIDTH="375" HEIGHT="66" CONTENT="Wenigmann" WC="0.99" CC="105000378"/>
						<SP ID="P6_SP00254" HPOS="998" VPOS="3596" WIDTH="44"/>
						<String ID="P6_ST00296" HPOS="1042" VPOS="3536" WIDTH="90" HEIGHT="48" CONTENT="und" WC="0.96" CC="280"/>
						<SP ID="P6_SP00255" HPOS="1132" VPOS="3596" WIDTH="41"/>
						<String ID="P6_ST00297" HPOS="1173" VPOS="3554" WIDTH="84" HEIGHT="30" CONTENT="von" WC="0.97" CC="600"/>
						<SP ID="P6_SP00256" HPOS="1257" VPOS="3596" WIDTH="44"/>
						<String ID="P6_ST00298" HPOS="1301" VPOS="3555" WIDTH="207" HEIGHT="33" CONTENT="unserem" WC="0.98" CC="3820630"/>
						<SP ID="P6_SP00257" HPOS="1508" VPOS="3596" WIDTH="32"/>
						<String ID="P6_ST00299" HPOS="1540" VPOS="3541" WIDTH="170" HEIGHT="47" CONTENT="Musik-" WC="0.83" CC="052001"/>
					</TextLine>
					<TextLine ID="P6_TL00042" HPOS="213" VPOS="3603" WIDTH="509" HEIGHT="51">
						<String ID="P6_ST00300" HPOS="213" VPOS="3603" WIDTH="207" HEIGHT="47" CONTENT="Director" WC="0.74" CC="00600129"/>
						<SP ID="P6_SP00258" HPOS="420" VPOS="3650" WIDTH="30"/>
						<String ID="P6_ST00301" HPOS="450" VPOS="3605" WIDTH="63" HEIGHT="48" CONTENT="W" WC="0.51" CC="4" STYLEREFS="TXT_4"/>
						<SP ID="P6_SP00259" HPOS="513" VPOS="3653" WIDTH="17"/>
						<String ID="P6_ST00302" HPOS="530" VPOS="3608" WIDTH="23" HEIGHT="44" CONTENT="ü" WC="1.00" CC="0"/>
						<SP ID="P6_SP00260" HPOS="553" VPOS="3653" WIDTH="17"/>
						<String ID="P6_ST00303" HPOS="570" VPOS="3606" WIDTH="152" HEIGHT="48" CONTENT="llner." WC="0.98" CC="507053"/>
					</TextLine>
					<TextLine ID="P6_TL00043" HPOS="327" VPOS="3681" WIDTH="1386" HEIGHT="63">
						<String ID="P6_ST00304" HPOS="327" VPOS="3681" WIDTH="248" HEIGHT="47" CONTENT="Wüllner's" WC="0.72" CC="000362415"/>
						<SP ID="P6_SP00261" HPOS="575" VPOS="3728" WIDTH="30"/>
						<String ID="P6_ST00305" HPOS="605" VPOS="3682" WIDTH="192" HEIGHT="48" CONTENT="Concert" WC="0.68" CC="6060044"/>
						<SP ID="P6_SP00262" HPOS="797" VPOS="3730" WIDTH="34"/>
						<String ID="P6_ST00306" HPOS="831" VPOS="3700" WIDTH="96" HEIGHT="33" CONTENT="war" WC="0.95" CC="094"/>
						<SP ID="P6_SP00263" HPOS="927" VPOS="3733" WIDTH="34"/>
						<String ID="P6_ST00307" HPOS="961" VPOS="3687" WIDTH="211" HEIGHT="57" CONTENT="gewisser" WC="0.99" CC="90003013"/>
						<SP ID="P6_SP00264" HPOS="1172" VPOS="3744" WIDTH="29"/>
						<String ID="P6_ST00308" HPOS="1201" VPOS="3690" WIDTH="205" HEIGHT="48" CONTENT="Maassen" WC="0.74" CC="0054106"/>
						<SP ID="P6_SP00265" HPOS="1406" VPOS="3744" WIDTH="31"/>
						<String ID="P6_ST00309" HPOS="1437" VPOS="3690" WIDTH="80" HEIGHT="48" CONTENT="der" WC="1.00" CC="000"/>
						<SP ID="P6_SP00266" HPOS="1517" VPOS="3744" WIDTH="27"/>
						<String ID="P6_ST00310" HPOS="1544" VPOS="3692" WIDTH="169" HEIGHT="52" CONTENT="Prolog" WC="0.98" CC="422527"/>
					</TextLine>
					<TextLine ID="P6_TL00044" HPOS="218" VPOS="3757" WIDTH="1491" HEIGHT="65">
						<String ID="P6_ST00311" HPOS="218" VPOS="3771" WIDTH="50" HEIGHT="29" CONTENT="zu" WC="0.53" CC="63"/>
						<SP ID="P6_SP00267" HPOS="268" VPOS="3800" WIDTH="29"/>
						<String ID="P6_ST00312" HPOS="297" VPOS="3757" WIDTH="85" HEIGHT="46" CONTENT="den" WC="0.94" CC="807"/>
						<SP ID="P6_SP00268" HPOS="382" VPOS="3803" WIDTH="29"/>
						<String ID="P6_ST00313" HPOS="411" VPOS="3757" WIDTH="295" HEIGHT="65" CONTENT="uiesjährigen" WC="0.49" CC="802759390903"/>
						<SP ID="P6_SP00269" HPOS="706" VPOS="3822" WIDTH="29"/>
						<String ID="P6_ST00314" HPOS="735" VPOS="3760" WIDTH="630" HEIGHT="55" CONTENT="Abonnements-Concerten." WC="0.66" CC="0042604075047630054080"/>
						<SP ID="P6_SP00270" HPOS="1365" VPOS="3822" WIDTH="49"/>
						<String ID="P6_ST00315" HPOS="1414" VPOS="3768" WIDTH="60" HEIGHT="46" CONTENT="Es" WC="0.76" CC="04"/>
						<SP ID="P6_SP00271" HPOS="1474" VPOS="3822" WIDTH="31"/>
						<String ID="P6_ST00316" HPOS="1505" VPOS="3767" WIDTH="104" HEIGHT="48" CONTENT="fand" WC="0.99" CC="0040"/>
						<SP ID="P6_SP00272" HPOS="1609" VPOS="3822" WIDTH="30"/>
						<String ID="P6_ST00317" HPOS="1639" VPOS="3785" WIDTH="70" HEIGHT="32" CONTENT="am" WC="0.78" CC="04"/>
					</TextLine>
					<TextLine ID="P6_TL00045" HPOS="223" VPOS="3829" WIDTH="1490" HEIGHT="70">
						<String ID="P6_ST00318" HPOS="223" VPOS="3829" WIDTH="83" HEIGHT="49" CONTENT="29." WC="0.54" CC="750"/>
						<SP ID="P6_SP00273" HPOS="306" VPOS="3878" WIDTH="30"/>
						<String ID="P6_ST00319" HPOS="336" VPOS="3832" WIDTH="262" HEIGHT="63" CONTENT="September" WC="0.98" CC="057716703"/>
						<SP ID="P6_SP00274" HPOS="598" VPOS="3895" WIDTH="28"/>
						<String ID="P6_ST00320" HPOS="626" VPOS="3836" WIDTH="58" HEIGHT="45" CONTENT="im" WC="1.00" CC="00"/>
						<SP ID="P6_SP00275" HPOS="684" VPOS="3895" WIDTH="32"/>
						<String ID="P6_ST00321" HPOS="716" VPOS="3853" WIDTH="182" HEIGHT="46" CONTENT="grossen" WC="0.99" CC="0003343"/>
						<SP ID="P6_SP00276" HPOS="898" VPOS="3899" WIDTH="31"/>
						<String ID="P6_ST00322" HPOS="929" VPOS="3840" WIDTH="131" HEIGHT="47" CONTENT="Saale" WC="0.98" CC="67000"/>
						<SP ID="P6_SP00277" HPOS="1060" VPOS="3899" WIDTH="34"/>
						<String ID="P6_ST00323" HPOS="1094" VPOS="3840" WIDTH="75" HEIGHT="48" CONTENT="des" WC="0.99" CC="020"/>
						<SP ID="P6_SP00278" HPOS="1169" VPOS="3899" WIDTH="32"/>
						<String ID="P6_ST00324" HPOS="1201" VPOS="3842" WIDTH="254" HEIGHT="50" CONTENT="Curhauses" WC="0.45" CC="769685040"/>
						<SP ID="P6_SP00279" HPOS="1455" VPOS="3899" WIDTH="28"/>
						<String ID="P6_ST00325" HPOS="1483" VPOS="3861" WIDTH="79" HEIGHT="32" CONTENT="vor" WC="0.97" CC="015"/>
						<SP ID="P6_SP00280" HPOS="1562" VPOS="3899" WIDTH="29"/>
						<String ID="P6_ST00326" HPOS="1591" VPOS="3845" WIDTH="122" HEIGHT="48" CONTENT="einer" WC="0.99" CC="00505"/>
					</TextLine>
					<TextLine ID="P6_TL00046" HPOS="219" VPOS="3903" WIDTH="1495" HEIGHT="79">
						<String ID="P6_ST00327" HPOS="219" VPOS="3903" WIDTH="277" HEIGHT="52" CONTENT="zahlreichen" WC="0.99" CC="27607010760"/>
						<SP ID="P6_SP00281" HPOS="496" VPOS="3955" WIDTH="28"/>
						<String ID="P6_ST00328" HPOS="524" VPOS="3909" WIDTH="348" HEIGHT="51" CONTENT="Zuhörerschaft" WC="0.99" CC="0560655070740"/>
						<SP ID="P6_SP00282" HPOS="872" VPOS="3960" WIDTH="28"/>
						<String ID="P6_ST00329" HPOS="900" VPOS="3914" WIDTH="128" HEIGHT="47" CONTENT="Statt." WC="0.98" CC="456600"/>
						<SP ID="P6_SP00283" HPOS="1028" VPOS="3961" WIDTH="52"/>
						<String ID="P6_ST00330" HPOS="1080" VPOS="3916" WIDTH="94" HEIGHT="47" CONTENT="Das" WC="0.97" CC="052"/>
						<SP ID="P6_SP00284" HPOS="1174" VPOS="3963" WIDTH="42"/>
						<String ID="P6_ST00331" HPOS="1216" VPOS="3918" WIDTH="268" HEIGHT="64" CONTENT="Programm" WC="0.98" CC="09106909"/>
						<SP ID="P6_SP00285" HPOS="1484" VPOS="3982" WIDTH="43"/>
						<String ID="P6_ST00332" HPOS="1527" VPOS="3920" WIDTH="187" HEIGHT="49" CONTENT="brachte" WC="0.98" CC="7040704"/>
					</TextLine>
					<TextLine ID="P6_TL00047" HPOS="222" VPOS="3980" WIDTH="1490" HEIGHT="79">
						<String ID="P6_ST00333" HPOS="222" VPOS="3980" WIDTH="98" HEIGHT="47" CONTENT="eine" WC="0.97" CC="7071"/>
						<SP ID="P6_SP00286" HPOS="320" VPOS="4027" WIDTH="29"/>
						<String ID="P6_ST00334" HPOS="349" VPOS="3982" WIDTH="194" HEIGHT="49" CONTENT="Sinfonie" WC="0.98" CC="40693705"/>
						<SP ID="P6_SP00287" HPOS="543" VPOS="4031" WIDTH="41"/>
						<String ID="P6_ST00335" HPOS="584" VPOS="3986" WIDTH="42" HEIGHT="47" CONTENT="in" WC="0.63" CC="07"/>
						<SP ID="P6_SP00288" HPOS="626" VPOS="4033" WIDTH="31"/>
						<String ID="P6_ST00336" HPOS="657" VPOS="3986" WIDTH="169" HEIGHT="49" CONTENT="G-moll" WC="0.68" CC="504530" STYLEREFS="TXT_5"/>
						<SP ID="P6_SP00289" HPOS="826" VPOS="4035" WIDTH="37"/>
						<String ID="P6_ST00337" HPOS="863" VPOS="3989" WIDTH="92" HEIGHT="47" CONTENT="und" WC="0.95" CC="850"/>
						<SP ID="P6_SP00290" HPOS="955" VPOS="4036" WIDTH="42"/>
						<String ID="P6_ST00338" HPOS="997" VPOS="3989" WIDTH="92" HEIGHT="49" CONTENT="drei" WC="0.99" CC="0030"/>
						<SP ID="P6_SP00291" HPOS="1089" VPOS="4038" WIDTH="32"/>
						<String ID="P6_ST00339" HPOS="1121" VPOS="3992" WIDTH="161" HEIGHT="48" CONTENT="Lieder" WC="0.98" CC="107056"/>
						<SP ID="P6_SP00292" HPOS="1282" VPOS="4040" WIDTH="42"/>
						<String ID="P6_ST00340" HPOS="1324" VPOS="3994" WIDTH="74" HEIGHT="49" CONTENT="für" WC="0.97" CC="007"/>
						<SP ID="P6_SP00293" HPOS="1398" VPOS="4043" WIDTH="38"/>
						<String ID="P6_ST00341" HPOS="1436" VPOS="3997" WIDTH="276" HEIGHT="62" CONTENT="gemischten" WC="0.98" CC="9690003777"/>
					</TextLine>
					<TextLine ID="P6_TL00048" HPOS="222" VPOS="4057" WIDTH="1491" HEIGHT="76">
						<String ID="P6_ST00342" HPOS="222" VPOS="4057" WIDTH="122" HEIGHT="48" CONTENT="Chor" WC="0.95" CC="7706"/>
						<SP ID="P6_SP00294" HPOS="344" VPOS="4105" WIDTH="28"/>
						<String ID="P6_ST00343" HPOS="372" VPOS="4074" WIDTH="81" HEIGHT="31" CONTENT="von" WC="0.96" CC="037"/>
						<SP ID="P6_SP00295" HPOS="453" VPOS="4105" WIDTH="32"/>
						<String ID="P6_ST00344" HPOS="485" VPOS="4058" WIDTH="77" HEIGHT="48" CONTENT="der" WC="0.96" CC="900"/>
						<SP ID="P6_SP00296" HPOS="562" VPOS="4106" WIDTH="24"/>
						<String ID="P6_ST00345" HPOS="586" VPOS="4061" WIDTH="304" HEIGHT="66" CONTENT="Composition" WC="0.57" CC="71606505058"/>
						<SP ID="P6_SP00297" HPOS="890" VPOS="4127" WIDTH="24"/>
						<String ID="P6_ST00346" HPOS="914" VPOS="4064" WIDTH="75" HEIGHT="49" CONTENT="des" WC="1.00" CC="000"/>
						<SP ID="P6_SP00298" HPOS="989" VPOS="4127" WIDTH="24"/>
						<String ID="P6_ST00347" HPOS="1013" VPOS="4067" WIDTH="380" HEIGHT="66" CONTENT="Concertgebers;" WC="0.64" CC="70800000776660"/>
						<SP ID="P6_SP00299" HPOS="1393" VPOS="4133" WIDTH="30"/>
						<String ID="P6_ST00348" HPOS="1423" VPOS="4072" WIDTH="148" HEIGHT="48" CONTENT="ferner" WC="0.98" CC="009150"/>
						<SP ID="P6_SP00300" HPOS="1571" VPOS="4133" WIDTH="26"/>
						<String ID="P6_ST00349" HPOS="1597" VPOS="4073" WIDTH="87" HEIGHT="48" CONTENT="Che" SUBS_TYPE="HypPart1" SUBS_CONTENT="Cherubini's" WC="0.61" CC="752"/>
						<HYP HPOS="1684" VPOS="4073" WIDTH="29" CONTENT="-"/>
					</TextLine>
				</TextBlock>
				<TextBlock ID="P6_TB00006" HPOS="1782" VPOS="324" WIDTH="1517" HEIGHT="2573" STYLEREFS="TXT_1 PAR_LEFT">
					<Shape>
						<Polygon POINTS="1782,324 3299,324 3299,2824 1986,2824 1986,2897 1782,2897"/>
					</Shape>
					<TextLine ID="P6_TL00049" HPOS="1784" VPOS="324" WIDTH="1509" HEIGHT="56">
						<String ID="P6_ST00350" HPOS="1784" VPOS="325" WIDTH="184" HEIGHT="50" CONTENT="rubini's" SUBS_TYPE="HypPart2" SUBS_CONTENT="Cherubini's" WC="0.85" CC="20006010"/>
						<SP ID="P6_SP00301" HPOS="1968" VPOS="375" WIDTH="28"/>
						<String ID="P6_ST00351" HPOS="1996" VPOS="324" WIDTH="258" HEIGHT="48" CONTENT="Ouvertüre" WC="0.99" CC="010045530"/>
						<SP ID="P6_SP00302" HPOS="2254" VPOS="375" WIDTH="27"/>
						<String ID="P6_ST00352" HPOS="2281" VPOS="341" WIDTH="53" HEIGHT="31" CONTENT="zu" WC="0.67" CC="50"/>
						<SP ID="P6_SP00303" HPOS="2334" VPOS="375" WIDTH="29"/>
						<String ID="P6_ST00353" HPOS="2363" VPOS="324" WIDTH="264" HEIGHT="56" CONTENT="Anakreon," WC="0.81" CC="204010304"/>
						<SP ID="P6_SP00304" HPOS="2627" VPOS="380" WIDTH="29"/>
						<String ID="P6_ST00354" HPOS="2656" VPOS="325" WIDTH="211" HEIGHT="47" CONTENT="Mozart's" WC="0.58" CC="03774730"/>
						<SP ID="P6_SP00305" HPOS="2867" VPOS="380" WIDTH="31"/>
						<String ID="P6_ST00355" HPOS="2898" VPOS="324" WIDTH="395" HEIGHT="51" CONTENT="Clavier-Concert" WC="0.70" CC="113405047501530"/>
					</TextLine>
					<TextLine ID="P6_TL00050" HPOS="1783" VPOS="399" WIDTH="1508" HEIGHT="60">
						<String ID="P6_ST00356" HPOS="1783" VPOS="404" WIDTH="43" HEIGHT="47" CONTENT="in" WC="0.56" CC="08"/>
						<SP ID="P6_SP00306" HPOS="1826" VPOS="451" WIDTH="28"/>
						<String ID="P6_ST00357" HPOS="1854" VPOS="400" WIDTH="184" HEIGHT="51" CONTENT="Es-dur" WC="0.56" CC="654270" STYLEREFS="TXT_6"/>
						<SP ID="P6_SP00307" HPOS="2038" VPOS="451" WIDTH="36"/>
						<String ID="P6_ST00358" HPOS="2074" VPOS="399" WIDTH="92" HEIGHT="50" CONTENT="und" WC="0.96" CC="045"/>
						<SP ID="P6_SP00308" HPOS="2166" VPOS="451" WIDTH="27"/>
						<String ID="P6_ST00359" HPOS="2193" VPOS="400" WIDTH="297" HEIGHT="49" CONTENT="Beethoven's" WC="0.80" CC="40001400605"/>
						<SP ID="P6_SP00309" HPOS="2490" VPOS="451" WIDTH="28"/>
						<String ID="P6_ST00360" HPOS="2518" VPOS="400" WIDTH="241" HEIGHT="49" CONTENT="Phantasie" WC="0.99" CC="705950100"/>
						<SP ID="P6_SP00310" HPOS="2759" VPOS="451" WIDTH="32"/>
						<String ID="P6_ST00361" HPOS="2791" VPOS="402" WIDTH="76" HEIGHT="47" CONTENT="für" WC="0.97" CC="700"/>
						<SP ID="P6_SP00311" HPOS="2867" VPOS="451" WIDTH="28"/>
						<String ID="P6_ST00362" HPOS="2895" VPOS="400" WIDTH="189" HEIGHT="59" CONTENT="Ciavier," WC="0.99" CC="58100045"/>
						<SP ID="P6_SP00312" HPOS="3084" VPOS="459" WIDTH="31"/>
						<String ID="P6_ST00363" HPOS="3115" VPOS="403" WIDTH="147" HEIGHT="48" CONTENT="Orche" SUBS_TYPE="HypPart1" SUBS_CONTENT="Orchester" WC="0.99" CC="70000"/>
						<HYP HPOS="3262" VPOS="403" WIDTH="29" CONTENT="-"/>
					</TextLine>
					<TextLine ID="P6_TL00051" HPOS="1784" VPOS="477" WIDTH="376" HEIGHT="50">
						<String ID="P6_ST00364" HPOS="1784" VPOS="487" WIDTH="90" HEIGHT="40" CONTENT="ster" SUBS_TYPE="HypPart2" SUBS_CONTENT="Orchester" WC="0.99" CC="3003"/>
						<SP ID="P6_SP00313" HPOS="1874" VPOS="527" WIDTH="28"/>
						<String ID="P6_ST00365" HPOS="1902" VPOS="477" WIDTH="90" HEIGHT="49" CONTENT="und" WC="0.97" CC="051"/>
						<SP ID="P6_SP00314" HPOS="1992" VPOS="527" WIDTH="32"/>
						<String ID="P6_ST00366" HPOS="2024" VPOS="477" WIDTH="136" HEIGHT="48" CONTENT="Chor." WC="0.98" CC="40434"/>
					</TextLine>
					<TextLine ID="P6_TL00052" HPOS="1898" VPOS="551" WIDTH="1400" HEIGHT="67">
						<String ID="P6_ST00367" HPOS="1898" VPOS="554" WIDTH="84" HEIGHT="47" CONTENT="Die" WC="0.99" CC="030"/>
						<SP ID="P6_SP00315" HPOS="1982" VPOS="601" WIDTH="23"/>
						<String ID="P6_ST00368" HPOS="2005" VPOS="551" WIDTH="199" HEIGHT="50" CONTENT="Sinfonie" WC="0.98" CC="60876600"/>
						<SP ID="P6_SP00316" HPOS="2204" VPOS="601" WIDTH="22"/>
						<String ID="P6_ST00369" HPOS="2226" VPOS="551" WIDTH="53" HEIGHT="49" CONTENT="ist" WC="0.98" CC="050"/>
						<SP ID="P6_SP00317" HPOS="2279" VPOS="601" WIDTH="23"/>
						<String ID="P6_ST00370" HPOS="2302" VPOS="551" WIDTH="69" HEIGHT="49" CONTENT="ein" WC="0.98" CC="006"/>
						<SP ID="P6_SP00318" HPOS="2371" VPOS="601" WIDTH="30"/>
						<String ID="P6_ST00371" HPOS="2401" VPOS="551" WIDTH="203" HEIGHT="50" CONTENT="früheres" WC="1.00" CC="02000000"/>
						<SP ID="P6_SP00319" HPOS="2604" VPOS="601" WIDTH="26"/>
						<String ID="P6_ST00372" HPOS="2630" VPOS="551" WIDTH="146" HEIGHT="50" CONTENT="Werk" WC="0.99" CC="0006"/>
						<SP ID="P6_SP00320" HPOS="2776" VPOS="601" WIDTH="28"/>
						<String ID="P6_ST00373" HPOS="2804" VPOS="553" WIDTH="275" HEIGHT="56" CONTENT="Wüllner's;" WC="0.71" CC="0015426125"/>
						<SP ID="P6_SP00321" HPOS="3079" VPOS="609" WIDTH="30"/>
						<String ID="P6_ST00374" HPOS="3109" VPOS="554" WIDTH="62" HEIGHT="47" CONTENT="sie" WC="1.00" CC="100"/>
						<SP ID="P6_SP00322" HPOS="3171" VPOS="609" WIDTH="29"/>
						<String ID="P6_ST00375" HPOS="3200" VPOS="554" WIDTH="98" HEIGHT="64" CONTENT="gibt" WC="0.97" CC="3063"/>
					</TextLine>
					<TextLine ID="P6_TL00053" HPOS="1785" VPOS="628" WIDTH="1510" HEIGHT="63">
						<String ID="P6_ST00376" HPOS="1785" VPOS="629" WIDTH="69" HEIGHT="48" CONTENT="ein" WC="0.97" CC="008"/>
						<SP ID="P6_SP00323" HPOS="1854" VPOS="677" WIDTH="30"/>
						<String ID="P6_ST00377" HPOS="1884" VPOS="628" WIDTH="334" HEIGHT="49" CONTENT="vortheilhaftes" WC="0.89" CC="04050010000300"/>
						<SP ID="P6_SP00324" HPOS="2218" VPOS="677" WIDTH="27"/>
						<String ID="P6_ST00378" HPOS="2245" VPOS="628" WIDTH="217" HEIGHT="63" CONTENT="Zeugniss" WC="0.84" CC="00042023"/>
						<SP ID="P6_SP00325" HPOS="2462" VPOS="691" WIDTH="41"/>
						<String ID="P6_ST00379" HPOS="2503" VPOS="644" WIDTH="84" HEIGHT="32" CONTENT="von" WC="0.96" CC="036"/>
						<SP ID="P6_SP00326" HPOS="2587" VPOS="691" WIDTH="40"/>
						<String ID="P6_ST00380" HPOS="2627" VPOS="628" WIDTH="102" HEIGHT="48" CONTENT="dem" WC="1.00" CC="000"/>
						<SP ID="P6_SP00327" HPOS="2729" VPOS="691" WIDTH="39"/>
						<String ID="P6_ST00381" HPOS="2768" VPOS="628" WIDTH="182" HEIGHT="49" CONTENT="kühnen" WC="0.99" CC="080040"/>
						<SP ID="P6_SP00328" HPOS="2950" VPOS="691" WIDTH="29"/>
						<String ID="P6_ST00382" HPOS="2979" VPOS="628" WIDTH="194" HEIGHT="49" CONTENT="Streben" WC="0.99" CC="4301601"/>
						<SP ID="P6_SP00329" HPOS="3173" VPOS="691" WIDTH="31"/>
						<String ID="P6_ST00383" HPOS="3204" VPOS="629" WIDTH="91" HEIGHT="48" CONTENT="und" WC="0.95" CC="066"/>
					</TextLine>
					<TextLine ID="P6_TL00054" HPOS="1785" VPOS="703" WIDTH="1510" HEIGHT="67">
						<String ID="P6_ST00384" HPOS="1785" VPOS="705" WIDTH="85" HEIGHT="48" CONTENT="den" WC="1.00" CC="000"/>
						<SP ID="P6_SP00330" HPOS="1870" VPOS="753" WIDTH="31"/>
						<String ID="P6_ST00385" HPOS="1901" VPOS="704" WIDTH="280" HEIGHT="65" CONTENT="glücklichen" WC="0.99" CC="95040630600"/>
						<SP ID="P6_SP00331" HPOS="2181" VPOS="769" WIDTH="30"/>
						<String ID="P6_ST00386" HPOS="2211" VPOS="705" WIDTH="205" HEIGHT="62" CONTENT="Anlagen" WC="0.98" CC="3336900"/>
						<SP ID="P6_SP00332" HPOS="2416" VPOS="769" WIDTH="31"/>
						<String ID="P6_ST00387" HPOS="2447" VPOS="703" WIDTH="76" HEIGHT="48" CONTENT="des" WC="1.00" CC="000"/>
						<SP ID="P6_SP00333" HPOS="2523" VPOS="769" WIDTH="31"/>
						<String ID="P6_ST00388" HPOS="2554" VPOS="704" WIDTH="337" HEIGHT="65" CONTENT="Componisten," WC="0.73" CC="530052045103"/>
						<SP ID="P6_SP00334" HPOS="2891" VPOS="769" WIDTH="44"/>
						<String ID="P6_ST00389" HPOS="2935" VPOS="705" WIDTH="90" HEIGHT="47" CONTENT="und" WC="1.00" CC="000"/>
						<SP ID="P6_SP00335" HPOS="3025" VPOS="769" WIDTH="29"/>
						<String ID="P6_ST00390" HPOS="3054" VPOS="713" WIDTH="152" HEIGHT="57" CONTENT="erregt" WC="0.99" CC="024003"/>
						<SP ID="P6_SP00336" HPOS="3206" VPOS="770" WIDTH="21"/>
						<String ID="P6_ST00391" HPOS="3227" VPOS="706" WIDTH="46" HEIGHT="64" CONTENT="je" SUBS_TYPE="HypPart1" SUBS_CONTENT="jedenfalls" WC="0.97" CC="30"/>
						<HYP HPOS="3273" VPOS="706" WIDTH="22" CONTENT="-"/>
					</TextLine>
					<TextLine ID="P6_TL00055" HPOS="1785" VPOS="780" WIDTH="1510" HEIGHT="57">
						<String ID="P6_ST00392" HPOS="1785" VPOS="781" WIDTH="187" HEIGHT="49" CONTENT="denfalls" SUBS_TYPE="HypPart2" SUBS_CONTENT="jedenfalls" WC="0.99" CC="00500600"/>
						<SP ID="P6_SP00337" HPOS="1972" VPOS="830" WIDTH="39"/>
						<String ID="P6_ST00393" HPOS="2011" VPOS="780" WIDTH="82" HEIGHT="50" CONTENT="das" WC="1.00" CC="000"/>
						<SP ID="P6_SP00338" HPOS="2093" VPOS="830" WIDTH="28"/>
						<String ID="P6_ST00394" HPOS="2121" VPOS="783" WIDTH="218" HEIGHT="45" CONTENT="Interesse" WC="0.99" CC="720050952"/>
						<SP ID="P6_SP00339" HPOS="2339" VPOS="830" WIDTH="42"/>
						<String ID="P6_ST00395" HPOS="2381" VPOS="780" WIDTH="80" HEIGHT="48" CONTENT="der" WC="0.98" CC="006"/>
						<SP ID="P6_SP00340" HPOS="2461" VPOS="830" WIDTH="30"/>
						<String ID="P6_ST00396" HPOS="2491" VPOS="783" WIDTH="186" HEIGHT="45" CONTENT="Kenner" WC="0.99" CC="206000"/>
						<SP ID="P6_SP00341" HPOS="2677" VPOS="830" WIDTH="34"/>
						<String ID="P6_ST00397" HPOS="2711" VPOS="781" WIDTH="43" HEIGHT="49" CONTENT="in" WC="0.84" CC="03"/>
						<SP ID="P6_SP00342" HPOS="2754" VPOS="830" WIDTH="43"/>
						<String ID="P6_ST00398" HPOS="2797" VPOS="781" WIDTH="164" HEIGHT="49" CONTENT="hohem" WC="0.98" CC="52003"/>
						<SP ID="P6_SP00343" HPOS="2961" VPOS="830" WIDTH="32"/>
						<String ID="P6_ST00399" HPOS="2993" VPOS="781" WIDTH="175" HEIGHT="56" CONTENT="Grade;" WC="0.99" CC="220006"/>
						<SP ID="P6_SP00344" HPOS="3168" VPOS="837" WIDTH="47"/>
						<String ID="P6_ST00400" HPOS="3215" VPOS="799" WIDTH="54" HEIGHT="32" CONTENT="na" SUBS_TYPE="HypPart1" SUBS_CONTENT="namentlich" WC="0.97" CC="62"/>
						<HYP HPOS="3269" VPOS="799" WIDTH="26" CONTENT="-"/>
					</TextLine>
					<TextLine ID="P6_TL00056" HPOS="1785" VPOS="856" WIDTH="1510" HEIGHT="50">
						<String ID="P6_ST00401" HPOS="1785" VPOS="858" WIDTH="210" HEIGHT="48" CONTENT="mentlich" SUBS_TYPE="HypPart2" SUBS_CONTENT="namentlich" WC="0.99" CC="60231014"/>
						<SP ID="P6_SP00345" HPOS="1995" VPOS="906" WIDTH="29"/>
						<String ID="P6_ST00402" HPOS="2024" VPOS="856" WIDTH="97" HEIGHT="49" CONTENT="sind" WC="1.00" CC="0000"/>
						<SP ID="P6_SP00346" HPOS="2121" VPOS="906" WIDTH="27"/>
						<String ID="P6_ST00403" HPOS="2148" VPOS="856" WIDTH="79" HEIGHT="49" CONTENT="das" WC="0.98" CC="040"/>
						<SP ID="P6_SP00347" HPOS="2227" VPOS="906" WIDTH="28"/>
						<String ID="P6_ST00404" HPOS="2255" VPOS="856" WIDTH="210" HEIGHT="49" CONTENT="Andante" WC="0.99" CC="5705000"/>
						<SP ID="P6_SP00348" HPOS="2465" VPOS="906" WIDTH="37"/>
						<String ID="P6_ST00405" HPOS="2502" VPOS="856" WIDTH="91" HEIGHT="47" CONTENT="und" WC="0.98" CC="060"/>
						<SP ID="P6_SP00349" HPOS="2593" VPOS="906" WIDTH="29"/>
						<String ID="P6_ST00406" HPOS="2622" VPOS="856" WIDTH="79" HEIGHT="47" CONTENT="das" WC="1.00" CC="000"/>
						<SP ID="P6_SP00350" HPOS="2701" VPOS="906" WIDTH="32"/>
						<String ID="P6_ST00407" HPOS="2733" VPOS="858" WIDTH="153" HEIGHT="47" CONTENT="Finale" WC="0.98" CC="705560"/>
						<SP ID="P6_SP00351" HPOS="2886" VPOS="906" WIDTH="38"/>
						<String ID="P6_ST00408" HPOS="2924" VPOS="858" WIDTH="80" HEIGHT="47" CONTENT="mit" WC="1.00" CC="000"/>
						<SP ID="P6_SP00352" HPOS="3004" VPOS="906" WIDTH="27"/>
						<String ID="P6_ST00409" HPOS="3031" VPOS="858" WIDTH="146" HEIGHT="48" CONTENT="einem" WC="0.99" CC="10300"/>
						<SP ID="P6_SP00353" HPOS="3177" VPOS="906" WIDTH="29"/>
						<String ID="P6_ST00410" HPOS="3206" VPOS="859" WIDTH="60" HEIGHT="47" CONTENT="Ta" SUBS_TYPE="HypPart1" SUBS_CONTENT="Talente" WC="0.99" CC="02"/>
						<HYP HPOS="3266" VPOS="859" WIDTH="29" CONTENT="-"/>
					</TextLine>
					<TextLine ID="P6_TL00057" HPOS="1787" VPOS="931" WIDTH="1508" HEIGHT="66">
						<String ID="P6_ST00411" HPOS="1787" VPOS="935" WIDTH="116" HEIGHT="46" CONTENT="lente" SUBS_TYPE="HypPart2" SUBS_CONTENT="Talente" WC="0.99" CC="51000"/>
						<SP ID="P6_SP00354" HPOS="1903" VPOS="981" WIDTH="28"/>
						<String ID="P6_ST00412" HPOS="1931" VPOS="931" WIDTH="313" HEIGHT="66" CONTENT="geschrieben," WC="0.99" CC="000745006004"/>
						<SP ID="P6_SP00355" HPOS="2244" VPOS="997" WIDTH="29"/>
						<String ID="P6_ST00413" HPOS="2273" VPOS="932" WIDTH="84" HEIGHT="47" CONTENT="wie" WC="0.98" CC="400"/>
						<SP ID="P6_SP00356" HPOS="2357" VPOS="997" WIDTH="30"/>
						<String ID="P6_ST00414" HPOS="2387" VPOS="949" WIDTH="101" HEIGHT="30" CONTENT="man" WC="0.95" CC="065"/>
						<SP ID="P6_SP00357" HPOS="2488" VPOS="997" WIDTH="30"/>
						<String ID="P6_ST00415" HPOS="2518" VPOS="949" WIDTH="47" HEIGHT="32" CONTENT="es" WC="0.79" CC="04"/>
						<SP ID="P6_SP00358" HPOS="2565" VPOS="997" WIDTH="27"/>
						<String ID="P6_ST00416" HPOS="2592" VPOS="932" WIDTH="139" HEIGHT="47" CONTENT="selten" WC="0.98" CC="305506"/>
						<SP ID="P6_SP00359" HPOS="2731" VPOS="997" WIDTH="32"/>
						<String ID="P6_ST00417" HPOS="2763" VPOS="934" WIDTH="40" HEIGHT="47" CONTENT="in" WC="0.57" CC="08"/>
						<SP ID="P6_SP00360" HPOS="2803" VPOS="997" WIDTH="25"/>
						<String ID="P6_ST00418" HPOS="2828" VPOS="934" WIDTH="467" HEIGHT="63" CONTENT="Erstlings-Arbeiten" WC="0.99" CC="060460090059600708"/>
					</TextLine>
					<TextLine ID="P6_TL00058" HPOS="1788" VPOS="1009" WIDTH="1507" HEIGHT="64">
						<String ID="P6_ST00419" HPOS="1788" VPOS="1010" WIDTH="151" HEIGHT="47" CONTENT="findet." WC="0.99" CC="8061040"/>
						<SP ID="P6_SP00361" HPOS="1939" VPOS="1057" WIDTH="48"/>
						<String ID="P6_ST00420" HPOS="1987" VPOS="1011" WIDTH="94" HEIGHT="46" CONTENT="Das" WC="0.96" CC="540"/>
						<SP ID="P6_SP00362" HPOS="2081" VPOS="1057" WIDTH="28"/>
						<String ID="P6_ST00421" HPOS="2109" VPOS="1010" WIDTH="156" HEIGHT="47" CONTENT="Finale" WC="0.99" CC="006060"/>
						<SP ID="P6_SP00363" HPOS="2265" VPOS="1057" WIDTH="28"/>
						<String ID="P6_ST00422" HPOS="2293" VPOS="1010" WIDTH="115" HEIGHT="62" CONTENT="zeigt" WC="0.99" CC="60001"/>
						<SP ID="P6_SP00364" HPOS="2408" VPOS="1072" WIDTH="26"/>
						<String ID="P6_ST00423" HPOS="2434" VPOS="1009" WIDTH="71" HEIGHT="47" CONTENT="die" WC="0.99" CC="020"/>
						<SP ID="P6_SP00365" HPOS="2505" VPOS="1072" WIDTH="31"/>
						<String ID="P6_ST00424" HPOS="2536" VPOS="1009" WIDTH="153" HEIGHT="47" CONTENT="meiste" WC="0.98" CC="060670"/>
						<SP ID="P6_SP00366" HPOS="2689" VPOS="1072" WIDTH="28"/>
						<String ID="P6_ST00425" HPOS="2717" VPOS="1009" WIDTH="306" HEIGHT="64" CONTENT="Originalität," WC="0.99" CC="0300258407002"/>
						<SP ID="P6_SP00367" HPOS="3023" VPOS="1073" WIDTH="30"/>
						<String ID="P6_ST00426" HPOS="3053" VPOS="1026" WIDTH="45" HEIGHT="31" CONTENT="es" WC="0.68" CC="60"/>
						<SP ID="P6_SP00368" HPOS="3098" VPOS="1073" WIDTH="31"/>
						<String ID="P6_ST00427" HPOS="3129" VPOS="1011" WIDTH="55" HEIGHT="46" CONTENT="ist" WC="0.95" CC="047"/>
						<SP ID="P6_SP00369" HPOS="3184" VPOS="1073" WIDTH="26"/>
						<String ID="P6_ST00428" HPOS="3210" VPOS="1011" WIDTH="85" HEIGHT="47" CONTENT="voll" WC="1.00" CC="0200"/>
					</TextLine>
					<TextLine ID="P6_TL00059" HPOS="1788" VPOS="1085" WIDTH="1502" HEIGHT="65">
						<String ID="P6_ST00429" HPOS="1788" VPOS="1087" WIDTH="147" HEIGHT="46" CONTENT="Feuer" WC="0.98" CC="30803"/>
						<SP ID="P6_SP00370" HPOS="1935" VPOS="1133" WIDTH="29"/>
						<String ID="P6_ST00430" HPOS="1964" VPOS="1085" WIDTH="90" HEIGHT="48" CONTENT="und" WC="0.97" CC="070"/>
						<SP ID="P6_SP00371" HPOS="2054" VPOS="1133" WIDTH="30"/>
						<String ID="P6_ST00431" HPOS="2084" VPOS="1085" WIDTH="330" HEIGHT="55" CONTENT="Leidenschaft," WC="0.99" CC="0080000967060"/>
						<SP ID="P6_SP00372" HPOS="2414" VPOS="1140" WIDTH="41"/>
						<String ID="P6_ST00432" HPOS="2455" VPOS="1101" WIDTH="219" HEIGHT="49" CONTENT="wogegen" WC="0.98" CC="8301900"/>
						<SP ID="P6_SP00373" HPOS="2674" VPOS="1150" WIDTH="41"/>
						<String ID="P6_ST00433" HPOS="2715" VPOS="1085" WIDTH="79" HEIGHT="48" CONTENT="das" WC="0.96" CC="073"/>
						<SP ID="P6_SP00374" HPOS="2794" VPOS="1150" WIDTH="28"/>
						<String ID="P6_ST00434" HPOS="2822" VPOS="1086" WIDTH="194" HEIGHT="47" CONTENT="Scherzo" WC="0.98" CC="2260865"/>
						<SP ID="P6_SP00375" HPOS="3016" VPOS="1150" WIDTH="43"/>
						<String ID="P6_ST00435" HPOS="3059" VPOS="1086" WIDTH="118" HEIGHT="47" CONTENT="wohl" WC="0.98" CC="0073"/>
						<SP ID="P6_SP00376" HPOS="3177" VPOS="1150" WIDTH="41"/>
						<String ID="P6_ST00436" HPOS="3218" VPOS="1103" WIDTH="72" HEIGHT="31" CONTENT="am" WC="1.00" CC="00"/>
					</TextLine>
					<TextLine ID="P6_TL00060" HPOS="1787" VPOS="1161" WIDTH="1508" HEIGHT="65">
						<String ID="P6_ST00437" HPOS="1787" VPOS="1162" WIDTH="245" HEIGHT="64" CONTENT="wenigsten" WC="0.99" CC="000093810"/>
						<SP ID="P6_SP00377" HPOS="2032" VPOS="1226" WIDTH="30"/>
						<String ID="P6_ST00438" HPOS="2062" VPOS="1161" WIDTH="348" HEIGHT="64" CONTENT="eigentümlich" WC="0.99" CC="039018080092"/>
						<SP ID="P6_SP00378" HPOS="2410" VPOS="1226" WIDTH="38"/>
						<String ID="P6_ST00439" HPOS="2448" VPOS="1161" WIDTH="69" HEIGHT="55" CONTENT="ist," WC="0.97" CC="0750"/>
						<SP ID="P6_SP00379" HPOS="2517" VPOS="1226" WIDTH="42"/>
						<String ID="P6_ST00440" HPOS="2559" VPOS="1161" WIDTH="54" HEIGHT="48" CONTENT="da" WC="0.50" CC="09"/>
						<SP ID="P6_SP00380" HPOS="2613" VPOS="1226" WIDTH="32"/>
						<String ID="P6_ST00441" HPOS="2645" VPOS="1178" WIDTH="44" HEIGHT="31" CONTENT="es" WC="0.73" CC="40"/>
						<SP ID="P6_SP00381" HPOS="2689" VPOS="1226" WIDTH="30"/>
						<String ID="P6_ST00442" HPOS="2719" VPOS="1162" WIDTH="44" HEIGHT="47" CONTENT="in" WC="0.69" CC="60"/>
						<SP ID="P6_SP00382" HPOS="2763" VPOS="1226" WIDTH="24"/>
						<String ID="P6_ST00443" HPOS="2787" VPOS="1162" WIDTH="88" HEIGHT="47" CONTENT="den" WC="0.94" CC="078"/>
						<SP ID="P6_SP00383" HPOS="2875" VPOS="1226" WIDTH="30"/>
						<String ID="P6_ST00444" HPOS="2905" VPOS="1162" WIDTH="195" HEIGHT="47" CONTENT="Motiven" WC="0.98" CC="7650008"/>
						<SP ID="P6_SP00384" HPOS="3100" VPOS="1226" WIDTH="31"/>
						<String ID="P6_ST00445" HPOS="3131" VPOS="1162" WIDTH="91" HEIGHT="49" CONTENT="und" WC="0.96" CC="180"/>
						<SP ID="P6_SP00385" HPOS="3222" VPOS="1226" WIDTH="29"/>
						<String ID="P6_ST00446" HPOS="3251" VPOS="1164" WIDTH="44" HEIGHT="47" CONTENT="in" WC="0.58" CC="08"/>
					</TextLine>
					<TextLine ID="P6_TL00061" HPOS="1787" VPOS="1237" WIDTH="1506" HEIGHT="50">
						<String ID="P6_ST00447" HPOS="1787" VPOS="1239" WIDTH="99" HEIGHT="47" CONTENT="dem" WC="0.97" CC="700"/>
						<SP ID="P6_SP00386" HPOS="1886" VPOS="1286" WIDTH="31"/>
						<String ID="P6_ST00448" HPOS="1917" VPOS="1237" WIDTH="231" HEIGHT="49" CONTENT="Zuschnitt" WC="0.99" CC="050078040"/>
						<SP ID="P6_SP00387" HPOS="2148" VPOS="1286" WIDTH="27"/>
						<String ID="P6_ST00449" HPOS="2175" VPOS="1255" WIDTH="51" HEIGHT="31" CONTENT="zu" WC="0.57" CC="35"/>
						<SP ID="P6_SP00388" HPOS="2226" VPOS="1286" WIDTH="30"/>
						<String ID="P6_ST00450" HPOS="2256" VPOS="1239" WIDTH="105" HEIGHT="45" CONTENT="sehr" WC="0.96" CC="6640"/>
						<SP ID="P6_SP00389" HPOS="2361" VPOS="1286" WIDTH="29"/>
						<String ID="P6_ST00451" HPOS="2390" VPOS="1254" WIDTH="54" HEIGHT="32" CONTENT="an" WC="0.70" CC="50"/>
						<SP ID="P6_SP00390" HPOS="2444" VPOS="1286" WIDTH="33"/>
						<String ID="P6_ST00452" HPOS="2477" VPOS="1239" WIDTH="252" HEIGHT="47" CONTENT="Beethoven" WC="0.98" CC="700672067"/>
						<SP ID="P6_SP00391" HPOS="2729" VPOS="1286" WIDTH="30"/>
						<String ID="P6_ST00453" HPOS="2759" VPOS="1237" WIDTH="90" HEIGHT="49" CONTENT="und" WC="0.95" CC="770"/>
						<SP ID="P6_SP00392" HPOS="2849" VPOS="1286" WIDTH="26"/>
						<String ID="P6_ST00454" HPOS="2875" VPOS="1239" WIDTH="316" HEIGHT="47" CONTENT="Mendelssohn" WC="0.99" CC="14800700035"/>
						<SP ID="P6_SP00393" HPOS="3191" VPOS="1286" WIDTH="31"/>
						<String ID="P6_ST00455" HPOS="3222" VPOS="1256" WIDTH="48" HEIGHT="31" CONTENT="er" SUBS_TYPE="HypPart1" SUBS_CONTENT="erinnert." WC="0.97" CC="03"/>
						<HYP HPOS="3270" VPOS="1256" WIDTH="23" CONTENT="-"/>
					</TextLine>
					<TextLine ID="P6_TL00062" HPOS="1787" VPOS="1315" WIDTH="1503" HEIGHT="63">
						<String ID="P6_ST00456" HPOS="1787" VPOS="1316" WIDTH="158" HEIGHT="47" CONTENT="innert." SUBS_TYPE="HypPart2" SUBS_CONTENT="erinnert." WC="0.98" CC="0423764"/>
						<SP ID="P6_SP00394" HPOS="1945" VPOS="1363" WIDTH="42"/>
						<String ID="P6_ST00457" HPOS="1987" VPOS="1316" WIDTH="95" HEIGHT="46" CONTENT="Der" WC="0.97" CC="070"/>
						<SP ID="P6_SP00395" HPOS="2082" VPOS="1363" WIDTH="28"/>
						<String ID="P6_ST00458" HPOS="2110" VPOS="1322" WIDTH="116" HEIGHT="40" CONTENT="erste" WC="0.97" CC="29260"/>
						<SP ID="P6_SP00396" HPOS="2226" VPOS="1363" WIDTH="28"/>
						<String ID="P6_ST00459" HPOS="2254" VPOS="1316" WIDTH="100" HEIGHT="46" CONTENT="Satz" WC="0.94" CC="6966"/>
						<SP ID="P6_SP00397" HPOS="2354" VPOS="1363" WIDTH="32"/>
						<String ID="P6_ST00460" HPOS="2386" VPOS="1315" WIDTH="76" HEIGHT="47" CONTENT="hat" WC="0.95" CC="770"/>
						<SP ID="P6_SP00398" HPOS="2462" VPOS="1363" WIDTH="29"/>
						<String ID="P6_ST00461" HPOS="2491" VPOS="1322" WIDTH="169" HEIGHT="40" CONTENT="erstens" WC="0.98" CC="0225083"/>
						<SP ID="P6_SP00399" HPOS="2660" VPOS="1363" WIDTH="29"/>
						<String ID="P6_ST00462" HPOS="2689" VPOS="1315" WIDTH="129" HEIGHT="48" CONTENT="einen" WC="0.99" CC="00072"/>
						<SP ID="P6_SP00400" HPOS="2818" VPOS="1363" WIDTH="30"/>
						<String ID="P6_ST00463" HPOS="2848" VPOS="1322" WIDTH="140" HEIGHT="41" CONTENT="etwas" WC="0.97" CC="60064"/>
						<SP ID="P6_SP00401" HPOS="2988" VPOS="1363" WIDTH="28"/>
						<String ID="P6_ST00464" HPOS="3016" VPOS="1333" WIDTH="82" HEIGHT="45" CONTENT="gar" WC="0.96" CC="064"/>
						<SP ID="P6_SP00402" HPOS="3098" VPOS="1378" WIDTH="28"/>
						<String ID="P6_ST00465" HPOS="3126" VPOS="1333" WIDTH="51" HEIGHT="29" CONTENT="zu" WC="0.38" CC="57"/>
						<SP ID="P6_SP00403" HPOS="3177" VPOS="1378" WIDTH="32"/>
						<String ID="P6_ST00466" HPOS="3209" VPOS="1315" WIDTH="54" HEIGHT="48" CONTENT="dü" SUBS_TYPE="HypPart1" SUBS_CONTENT="düstern" WC="0.61" CC="80"/>
						<HYP HPOS="3263" VPOS="1315" WIDTH="27" CONTENT="-"/>
					</TextLine>
					<TextLine ID="P6_TL00063" HPOS="1785" VPOS="1391" WIDTH="1509" HEIGHT="65">
						<String ID="P6_ST00467" HPOS="1785" VPOS="1400" WIDTH="120" HEIGHT="40" CONTENT="stern" SUBS_TYPE="HypPart2" SUBS_CONTENT="düstern" WC="0.48" CC="54428"/>
						<SP ID="P6_SP00404" HPOS="1905" VPOS="1440" WIDTH="30"/>
						<String ID="P6_ST00468" HPOS="1935" VPOS="1391" WIDTH="89" HEIGHT="48" CONTENT="und" WC="0.97" CC="060"/>
						<SP ID="P6_SP00405" HPOS="2024" VPOS="1440" WIDTH="29"/>
						<String ID="P6_ST00469" HPOS="2053" VPOS="1407" WIDTH="84" HEIGHT="47" CONTENT="gar" WC="0.98" CC="005"/>
						<SP ID="P6_SP00406" HPOS="2137" VPOS="1454" WIDTH="36"/>
						<String ID="P6_ST00470" HPOS="2173" VPOS="1409" WIDTH="52" HEIGHT="29" CONTENT="zu" WC="0.88" CC="20"/>
						<SP ID="P6_SP00407" HPOS="2225" VPOS="1454" WIDTH="33"/>
						<String ID="P6_ST00471" HPOS="2258" VPOS="1391" WIDTH="362" HEIGHT="65" CONTENT="phantastischen" WC="0.99" CC="52550356040613"/>
						<SP ID="P6_SP00408" HPOS="2620" VPOS="1456" WIDTH="31"/>
						<String ID="P6_ST00472" HPOS="2651" VPOS="1392" WIDTH="271" HEIGHT="55" CONTENT="Charakter," WC="0.99" CC="3723004202"/>
						<SP ID="P6_SP00409" HPOS="2922" VPOS="1456" WIDTH="39"/>
						<String ID="P6_ST00473" HPOS="2961" VPOS="1394" WIDTH="90" HEIGHT="45" CONTENT="und" WC="0.95" CC="480"/>
						<SP ID="P6_SP00410" HPOS="3051" VPOS="1456" WIDTH="30"/>
						<String ID="P6_ST00474" HPOS="3081" VPOS="1392" WIDTH="54" HEIGHT="47" CONTENT="ist" WC="0.98" CC="005"/>
						<SP ID="P6_SP00411" HPOS="3135" VPOS="1456" WIDTH="26"/>
						<String ID="P6_ST00475" HPOS="3161" VPOS="1392" WIDTH="107" HEIGHT="48" CONTENT="zwei" SUBS_TYPE="HypPart1" SUBS_CONTENT="zweitens" WC="0.99" CC="6000"/>
						<HYP HPOS="3268" VPOS="1392" WIDTH="26" CONTENT="-"/>
					</TextLine>
					<TextLine ID="P6_TL00064" HPOS="1784" VPOS="1467" WIDTH="1511" HEIGHT="65">
						<String ID="P6_ST00476" HPOS="1784" VPOS="1476" WIDTH="98" HEIGHT="39" CONTENT="tens" SUBS_TYPE="HypPart2" SUBS_CONTENT="zweitens" WC="0.96" CC="5813"/>
						<SP ID="P6_SP00412" HPOS="1882" VPOS="1515" WIDTH="21"/>
						<String ID="P6_ST00477" HPOS="1903" VPOS="1485" WIDTH="52" HEIGHT="30" CONTENT="zu" WC="0.38" CC="65"/>
						<SP ID="P6_SP00413" HPOS="1955" VPOS="1515" WIDTH="28"/>
						<String ID="P6_ST00478" HPOS="1983" VPOS="1468" WIDTH="107" HEIGHT="63" CONTENT="lang" WC="0.96" CC="7630"/>
						<SP ID="P6_SP00414" HPOS="2090" VPOS="1531" WIDTH="28"/>
						<String ID="P6_ST00479" HPOS="2118" VPOS="1484" WIDTH="359" HEIGHT="48" CONTENT="ausgesponnen," WC="0.99" CC="7660054003043"/>
						<SP ID="P6_SP00415" HPOS="2477" VPOS="1532" WIDTH="28"/>
						<String ID="P6_ST00480" HPOS="2505" VPOS="1482" WIDTH="49" HEIGHT="32" CONTENT="so" WC="0.91" CC="10"/>
						<SP ID="P6_SP00416" HPOS="2554" VPOS="1532" WIDTH="30"/>
						<String ID="P6_ST00481" HPOS="2584" VPOS="1467" WIDTH="100" HEIGHT="48" CONTENT="dass" WC="0.86" CC="0500"/>
						<SP ID="P6_SP00417" HPOS="2684" VPOS="1532" WIDTH="30"/>
						<String ID="P6_ST00482" HPOS="2714" VPOS="1485" WIDTH="49" HEIGHT="30" CONTENT="er" WC="0.72" CC="05"/>
						<SP ID="P6_SP00418" HPOS="2763" VPOS="1532" WIDTH="29"/>
						<String ID="P6_ST00483" HPOS="2792" VPOS="1476" WIDTH="215" HEIGHT="39" CONTENT="monoton" WC="0.98" CC="9064700"/>
						<SP ID="P6_SP00419" HPOS="3007" VPOS="1532" WIDTH="30"/>
						<String ID="P6_ST00484" HPOS="3037" VPOS="1468" WIDTH="127" HEIGHT="49" CONTENT="wird." WC="0.98" CC="00903"/>
						<SP ID="P6_SP00420" HPOS="3164" VPOS="1532" WIDTH="31"/>
						<String ID="P6_ST00485" HPOS="3195" VPOS="1471" WIDTH="100" HEIGHT="46" CONTENT="Den" WC="0.99" CC="002"/>
					</TextLine>
					<TextLine ID="P6_TL00065" HPOS="1785" VPOS="1542" WIDTH="1505" HEIGHT="66">
						<String ID="P6_ST00486" HPOS="1785" VPOS="1545" WIDTH="210" HEIGHT="47" CONTENT="letzteren" WC="0.99" CC="314650540"/>
						<SP ID="P6_SP00421" HPOS="1995" VPOS="1592" WIDTH="32"/>
						<String ID="P6_ST00487" HPOS="2027" VPOS="1542" WIDTH="139" HEIGHT="50" CONTENT="Tadel" WC="0.99" CC="30004"/>
						<SP ID="P6_SP00422" HPOS="2166" VPOS="1592" WIDTH="31"/>
						<String ID="P6_ST00488" HPOS="2197" VPOS="1543" WIDTH="166" HEIGHT="49" CONTENT="könnte" WC="0.99" CC="005220"/>
						<SP ID="P6_SP00423" HPOS="2363" VPOS="1592" WIDTH="31"/>
						<String ID="P6_ST00489" HPOS="2394" VPOS="1559" WIDTH="101" HEIGHT="33" CONTENT="man" WC="0.96" CC="045"/>
						<SP ID="P6_SP00424" HPOS="2495" VPOS="1592" WIDTH="32"/>
						<String ID="P6_ST00490" HPOS="2527" VPOS="1543" WIDTH="115" HEIGHT="49" CONTENT="auch" WC="0.96" CC="7506"/>
						<SP ID="P6_SP00425" HPOS="2642" VPOS="1592" WIDTH="31"/>
						<String ID="P6_ST00491" HPOS="2673" VPOS="1560" WIDTH="143" HEIGHT="48" CONTENT="gegen" WC="0.98" CC="04046"/>
						<SP ID="P6_SP00426" HPOS="2816" VPOS="1608" WIDTH="32"/>
						<String ID="P6_ST00492" HPOS="2848" VPOS="1545" WIDTH="79" HEIGHT="47" CONTENT="das" WC="0.98" CC="040"/>
						<SP ID="P6_SP00427" HPOS="2927" VPOS="1608" WIDTH="29"/>
						<String ID="P6_ST00493" HPOS="2956" VPOS="1545" WIDTH="211" HEIGHT="48" CONTENT="Andante" WC="0.98" CC="0874600"/>
						<SP ID="P6_SP00428" HPOS="3167" VPOS="1608" WIDTH="30"/>
						<String ID="P6_ST00494" HPOS="3197" VPOS="1546" WIDTH="70" HEIGHT="62" CONTENT="gel" SUBS_TYPE="HypPart1" SUBS_CONTENT="geltend" WC="0.98" CC="007"/>
						<HYP HPOS="3267" VPOS="1546" WIDTH="23" CONTENT="-"/>
					</TextLine>
					<TextLine ID="P6_TL00066" HPOS="1785" VPOS="1620" WIDTH="1513" HEIGHT="64">
						<String ID="P6_ST00495" HPOS="1785" VPOS="1620" WIDTH="104" HEIGHT="48" CONTENT="tend" SUBS_TYPE="HypPart2" SUBS_CONTENT="geltend" WC="0.98" CC="4050"/>
						<SP ID="P6_SP00429" HPOS="1889" VPOS="1668" WIDTH="31"/>
						<String ID="P6_ST00496" HPOS="1920" VPOS="1620" WIDTH="207" HEIGHT="54" CONTENT="machen," WC="0.98" CC="5440380"/>
						<SP ID="P6_SP00430" HPOS="2127" VPOS="1674" WIDTH="48"/>
						<String ID="P6_ST00497" HPOS="2175" VPOS="1636" WIDTH="131" HEIGHT="32" CONTENT="wenn" WC="0.99" CC="0060"/>
						<SP ID="P6_SP00431" HPOS="2306" VPOS="1674" WIDTH="42"/>
						<String ID="P6_ST00498" HPOS="2348" VPOS="1620" WIDTH="123" HEIGHT="47" CONTENT="nicht" WC="0.97" CC="06075"/>
						<SP ID="P6_SP00432" HPOS="2471" VPOS="1674" WIDTH="41"/>
						<String ID="P6_ST00499" HPOS="2512" VPOS="1620" WIDTH="70" HEIGHT="47" CONTENT="die" WC="0.96" CC="801"/>
						<SP ID="P6_SP00433" HPOS="2582" VPOS="1674" WIDTH="44"/>
						<String ID="P6_ST00500" HPOS="2626" VPOS="1620" WIDTH="201" HEIGHT="64" CONTENT="gesunde" WC="0.99" CC="0025600"/>
						<SP ID="P6_SP00434" HPOS="2827" VPOS="1684" WIDTH="28"/>
						<String ID="P6_ST00501" HPOS="2855" VPOS="1620" WIDTH="91" HEIGHT="48" CONTENT="und" WC="0.95" CC="570"/>
						<SP ID="P6_SP00435" HPOS="2946" VPOS="1684" WIDTH="29"/>
						<String ID="P6_ST00502" HPOS="2975" VPOS="1621" WIDTH="98" HEIGHT="47" CONTENT="edle" WC="0.97" CC="0651"/>
						<SP ID="P6_SP00436" HPOS="3073" VPOS="1684" WIDTH="29"/>
						<String ID="P6_ST00503" HPOS="3102" VPOS="1621" WIDTH="196" HEIGHT="48" CONTENT="Melodie" WC="1.00" CC="0001000"/>
					</TextLine>
					<TextLine ID="P6_TL00067" HPOS="1787" VPOS="1696" WIDTH="1506" HEIGHT="66">
						<String ID="P6_ST00504" HPOS="1787" VPOS="1697" WIDTH="105" HEIGHT="47" CONTENT="sehr" WC="0.96" CC="6264"/>
						<SP ID="P6_SP00437" HPOS="1892" VPOS="1744" WIDTH="28"/>
						<String ID="P6_ST00505" HPOS="1920" VPOS="1696" WIDTH="264" HEIGHT="65" CONTENT="anspräche," WC="0.99" CC="0390460100"/>
						<SP ID="P6_SP00438" HPOS="2184" VPOS="1761" WIDTH="41"/>
						<String ID="P6_ST00506" HPOS="2225" VPOS="1696" WIDTH="90" HEIGHT="48" CONTENT="und" WC="0.95" CC="570"/>
						<SP ID="P6_SP00439" HPOS="2315" VPOS="1761" WIDTH="37"/>
						<String ID="P6_ST00507" HPOS="2352" VPOS="1696" WIDTH="80" HEIGHT="48" CONTENT="der" WC="0.98" CC="006"/>
						<SP ID="P6_SP00440" HPOS="2432" VPOS="1761" WIDTH="30"/>
						<String ID="P6_ST00508" HPOS="2462" VPOS="1696" WIDTH="262" HEIGHT="65" CONTENT="Comporiist" WC="0.67" CC="6320388000"/>
						<SP ID="P6_SP00441" HPOS="2724" VPOS="1761" WIDTH="28"/>
						<String ID="P6_ST00509" HPOS="2752" VPOS="1697" WIDTH="141" HEIGHT="47" CONTENT="durch" WC="0.98" CC="00607"/>
						<SP ID="P6_SP00442" HPOS="2893" VPOS="1761" WIDTH="30"/>
						<String ID="P6_ST00510" HPOS="2923" VPOS="1697" WIDTH="70" HEIGHT="47" CONTENT="die" WC="0.97" CC="900"/>
						<SP ID="P6_SP00443" HPOS="2993" VPOS="1761" WIDTH="29"/>
						<String ID="P6_ST00511" HPOS="3022" VPOS="1697" WIDTH="244" HEIGHT="65" CONTENT="Mannigfal" SUBS_TYPE="HypPart1" SUBS_CONTENT="Mannigfaltigkeit" WC="1.00" CC="000000066"/>
						<HYP HPOS="3266" VPOS="1697" WIDTH="27" CONTENT="-"/>
					</TextLine>
					<TextLine ID="P6_TL00068" HPOS="1787" VPOS="1772" WIDTH="1512" HEIGHT="66">
						<String ID="P6_ST00512" HPOS="1787" VPOS="1773" WIDTH="154" HEIGHT="65" CONTENT="tigkeit" SUBS_TYPE="HypPart2" SUBS_CONTENT="Mannigfaltigkeit" WC="0.99" CC="3007203"/>
						<SP ID="P6_SP00444" HPOS="1941" VPOS="1838" WIDTH="23"/>
						<String ID="P6_ST00513" HPOS="1964" VPOS="1773" WIDTH="80" HEIGHT="48" CONTENT="der" WC="1.00" CC="000"/>
						<SP ID="P6_SP00445" HPOS="2044" VPOS="1838" WIDTH="24"/>
						<String ID="P6_ST00514" HPOS="2068" VPOS="1776" WIDTH="214" HEIGHT="53" CONTENT="Formen," WC="0.99" CC="2540410"/>
						<SP ID="P6_SP00446" HPOS="2282" VPOS="1838" WIDTH="30"/>
						<String ID="P6_ST00515" HPOS="2312" VPOS="1781" WIDTH="132" HEIGHT="40" CONTENT="unter" WC="0.97" CC="66705"/>
						<SP ID="P6_SP00447" HPOS="2444" VPOS="1838" WIDTH="21"/>
						<String ID="P6_ST00516" HPOS="2465" VPOS="1772" WIDTH="143" HEIGHT="49" CONTENT="denen" WC="0.99" CC="00400"/>
						<SP ID="P6_SP00448" HPOS="2608" VPOS="1838" WIDTH="29"/>
						<String ID="P6_ST00517" HPOS="2637" VPOS="1775" WIDTH="63" HEIGHT="46" CONTENT="sie" WC="0.99" CC="020"/>
						<SP ID="P6_SP00449" HPOS="2700" VPOS="1838" WIDTH="26"/>
						<String ID="P6_ST00518" HPOS="2726" VPOS="1781" WIDTH="107" HEIGHT="40" CONTENT="stets" WC="0.99" CC="70000"/>
						<SP ID="P6_SP00450" HPOS="2833" VPOS="1838" WIDTH="19"/>
						<String ID="P6_ST00519" HPOS="2852" VPOS="1775" WIDTH="180" HEIGHT="48" CONTENT='"wieder' WC="0.98" CC="7000983"/>
						<SP ID="P6_SP00451" HPOS="3032" VPOS="1838" WIDTH="27"/>
						<String ID="P6_ST00520" HPOS="3059" VPOS="1775" WIDTH="240" HEIGHT="57" CONTENT="erscheint," WC="1.00" CC="6010400003"/>
					</TextLine>
					<TextLine ID="P6_TL00069" HPOS="1787" VPOS="1849" WIDTH="1512" HEIGHT="65">
						<String ID="P6_ST00521" HPOS="1787" VPOS="1851" WIDTH="119" HEIGHT="47" CONTENT="nicht" WC="0.98" CC="50260"/>
						<SP ID="P6_SP00452" HPOS="1906" VPOS="1898" WIDTH="30"/>
						<String ID="P6_ST00522" HPOS="1936" VPOS="1851" WIDTH="75" HEIGHT="47" CONTENT="für" WC="0.97" CC="502"/>
						<SP ID="P6_SP00453" HPOS="2011" VPOS="1898" WIDTH="22"/>
						<String ID="P6_ST00523" HPOS="2033" VPOS="1851" WIDTH="339" HEIGHT="62" CONTENT="Abwechslung" WC="0.99" CC="56030236650"/>
						<SP ID="P6_SP00454" HPOS="2372" VPOS="1913" WIDTH="29"/>
						<String ID="P6_ST00524" HPOS="2401" VPOS="1857" WIDTH="183" HEIGHT="57" CONTENT="gesorgt" WC="0.99" CC="0004292"/>
						<SP ID="P6_SP00455" HPOS="2584" VPOS="1914" WIDTH="31"/>
						<String ID="P6_ST00525" HPOS="2615" VPOS="1849" WIDTH="132" HEIGHT="49" CONTENT="hätte." WC="0.99" CC="405400"/>
						<SP ID="P6_SP00456" HPOS="2747" VPOS="1914" WIDTH="29"/>
						<String ID="P6_ST00526" HPOS="2776" VPOS="1851" WIDTH="65" HEIGHT="47" CONTENT="Im" WC="0.61" CC="70"/>
						<SP ID="P6_SP00457" HPOS="2841" VPOS="1914" WIDTH="25"/>
						<String ID="P6_ST00527" HPOS="2866" VPOS="1851" WIDTH="179" HEIGHT="48" CONTENT="Ganzen" WC="0.99" CC="060330"/>
						<SP ID="P6_SP00458" HPOS="3045" VPOS="1914" WIDTH="25"/>
						<String ID="P6_ST00528" HPOS="3070" VPOS="1851" WIDTH="229" HEIGHT="48" CONTENT="offenbart" WC="0.99" CC="400076625"/>
					</TextLine>
					<TextLine ID="P6_TL00070" HPOS="1785" VPOS="1926" WIDTH="1513" HEIGHT="64">
						<String ID="P6_ST00529" HPOS="1785" VPOS="1926" WIDTH="79" HEIGHT="48" CONTENT="das" WC="0.96" CC="063"/>
						<SP ID="P6_SP00459" HPOS="1864" VPOS="1974" WIDTH="24"/>
						<String ID="P6_ST00530" HPOS="1888" VPOS="1927" WIDTH="147" HEIGHT="47" CONTENT="Werk" WC="0.99" CC="3000"/>
						<SP ID="P6_SP00460" HPOS="2035" VPOS="1974" WIDTH="32"/>
						<String ID="P6_ST00531" HPOS="2067" VPOS="1935" WIDTH="147" HEIGHT="39" CONTENT="ernste" WC="1.00" CC="000300"/>
						<SP ID="P6_SP00461" HPOS="2214" VPOS="1974" WIDTH="31"/>
						<String ID="P6_ST00532" HPOS="2245" VPOS="1927" WIDTH="89" HEIGHT="47" CONTENT="und" WC="0.95" CC="660"/>
						<SP ID="P6_SP00462" HPOS="2334" VPOS="1974" WIDTH="30"/>
						<String ID="P6_ST00533" HPOS="2364" VPOS="1926" WIDTH="266" HEIGHT="64" CONTENT="gründliche" WC="0.99" CC="0502061661"/>
						<SP ID="P6_SP00463" HPOS="2630" VPOS="1990" WIDTH="30"/>
						<String ID="P6_ST00534" HPOS="2660" VPOS="1927" WIDTH="306" HEIGHT="47" CONTENT="musicalische" WC="1.00" CC="000106007060"/>
						<SP ID="P6_SP00464" HPOS="2966" VPOS="1990" WIDTH="22"/>
						<String ID="P6_ST00535" HPOS="2988" VPOS="1927" WIDTH="187" HEIGHT="48" CONTENT="Studien" WC="0.98" CC="3550026"/>
						<SP ID="P6_SP00465" HPOS="3175" VPOS="1990" WIDTH="31"/>
						<String ID="P6_ST00536" HPOS="3206" VPOS="1927" WIDTH="92" HEIGHT="47" CONTENT="und" WC="0.97" CC="510"/>
					</TextLine>
					<TextLine ID="P6_TL00071" HPOS="1788" VPOS="2003" WIDTH="1509" HEIGHT="65">
						<String ID="P6_ST00537" HPOS="1788" VPOS="2003" WIDTH="76" HEIGHT="48" CONTENT="hat" WC="0.98" CC="600"/>
						<SP ID="P6_SP00466" HPOS="1864" VPOS="2051" WIDTH="28"/>
						<String ID="P6_ST00538" HPOS="1892" VPOS="2003" WIDTH="155" HEIGHT="48" CONTENT="Beifall" WC="1.00" CC="5100000"/>
						<SP ID="P6_SP00467" HPOS="2047" VPOS="2051" WIDTH="30"/>
						<String ID="P6_ST00539" HPOS="2077" VPOS="2003" WIDTH="243" HEIGHT="65" CONTENT="gefunden," WC="0.99" CC="900560050"/>
						<SP ID="P6_SP00468" HPOS="2320" VPOS="2068" WIDTH="29"/>
						<String ID="P6_ST00540" HPOS="2349" VPOS="2003" WIDTH="114" HEIGHT="48" CONTENT="eben" WC="0.95" CC="3768"/>
						<SP ID="P6_SP00469" HPOS="2463" VPOS="2068" WIDTH="30"/>
						<String ID="P6_ST00541" HPOS="2493" VPOS="2020" WIDTH="48" HEIGHT="30" CONTENT="so" WC="0.44" CC="46"/>
						<SP ID="P6_SP00470" HPOS="2541" VPOS="2068" WIDTH="30"/>
						<String ID="P6_ST00542" HPOS="2571" VPOS="2003" WIDTH="84" HEIGHT="47" CONTENT="wie" WC="0.98" CC="050"/>
						<SP ID="P6_SP00471" HPOS="2655" VPOS="2068" WIDTH="23"/>
						<String ID="P6_ST00543" HPOS="2678" VPOS="2003" WIDTH="70" HEIGHT="48" CONTENT="die" WC="1.00" CC="010"/>
						<SP ID="P6_SP00472" HPOS="2748" VPOS="2068" WIDTH="24"/>
						<String ID="P6_ST00544" HPOS="2772" VPOS="2003" WIDTH="93" HEIGHT="48" CONTENT="drei" WC="0.99" CC="0300"/>
						<SP ID="P6_SP00473" HPOS="2865" VPOS="2068" WIDTH="24"/>
						<String ID="P6_ST00545" HPOS="2889" VPOS="2004" WIDTH="187" HEIGHT="47" CONTENT="Lieder:" WC="0.99" CC="3000620"/>
						<SP ID="P6_SP00474" HPOS="3076" VPOS="2068" WIDTH="40"/>
						<String ID="P6_ST00546" HPOS="3116" VPOS="2004" WIDTH="145" HEIGHT="56" CONTENT="„Som" SUBS_TYPE="HypPart1" SUBS_CONTENT='„Sommergeister",' WC="0.97" CC="6545"/>
						<HYP HPOS="3261" VPOS="2004" WIDTH="36" CONTENT="-"/>
					</TextLine>
					<TextLine ID="P6_TL00072" HPOS="1789" VPOS="2079" WIDTH="1510" HEIGHT="65">
						<String ID="P6_ST00547" HPOS="1789" VPOS="2081" WIDTH="387" HEIGHT="63" CONTENT='mergeister",' SUBS_TYPE="HypPart2" SUBS_CONTENT='„Sommergeister",' WC="0.99" CC="504660670663"/>
						<SP ID="P6_SP00475" HPOS="2176" VPOS="2144" WIDTH="41"/>
						<String ID="P6_ST00548" HPOS="2217" VPOS="2081" WIDTH="99" HEIGHT="47" CONTENT="eine" WC="0.98" CC="4060"/>
						<SP ID="P6_SP00476" HPOS="2316" VPOS="2144" WIDTH="38"/>
						<String ID="P6_ST00549" HPOS="2354" VPOS="2079" WIDTH="203" HEIGHT="49" CONTENT="reizende" WC="0.99" CC="40050805"/>
						<SP ID="P6_SP00477" HPOS="2557" VPOS="2144" WIDTH="41"/>
						<String ID="P6_ST00550" HPOS="2598" VPOS="2081" WIDTH="306" HEIGHT="63" CONTENT="Composition" WC="0.64" CC="32494108004"/>
						<SP ID="P6_SP00478" HPOS="2904" VPOS="2144" WIDTH="29"/>
						<String ID="P6_ST00551" HPOS="2933" VPOS="2081" WIDTH="42" HEIGHT="47" CONTENT="in" WC="0.67" CC="05"/>
						<SP ID="P6_SP00479" HPOS="2975" VPOS="2144" WIDTH="29"/>
						<String ID="P6_ST00552" HPOS="3004" VPOS="2081" WIDTH="295" HEIGHT="48" CONTENT="canonischer" WC="0.99" CC="05728000205"/>
					</TextLine>
					<TextLine ID="P6_TL00073" HPOS="1787" VPOS="2156" WIDTH="1507" HEIGHT="64">
						<String ID="P6_ST00553" HPOS="1787" VPOS="2158" WIDTH="156" HEIGHT="55" CONTENT="Form," WC="0.97" CC="05583"/>
						<SP ID="P6_SP00480" HPOS="1943" VPOS="2213" WIDTH="29"/>
						<String ID="P6_ST00554" HPOS="1972" VPOS="2157" WIDTH="187" HEIGHT="63" CONTENT="originel" WC="0.76" CC="63000800"/>
						<SP ID="P6_SP00481" HPOS="2159" VPOS="2220" WIDTH="36"/>
						<String ID="P6_ST00555" HPOS="2195" VPOS="2156" WIDTH="143" HEIGHT="48" CONTENT="durch" WC="0.97" CC="02926"/>
						<SP ID="P6_SP00482" HPOS="2338" VPOS="2220" WIDTH="31"/>
						<String ID="P6_ST00556" HPOS="2369" VPOS="2157" WIDTH="98" HEIGHT="48" CONTENT="ihre" WC="0.97" CC="0750"/>
						<SP ID="P6_SP00483" HPOS="2467" VPOS="2220" WIDTH="26"/>
						<String ID="P6_ST00557" HPOS="2493" VPOS="2156" WIDTH="246" HEIGHT="64" CONTENT="Rhythmik" WC="0.98" CC="67660200"/>
						<SP ID="P6_SP00484" HPOS="2739" VPOS="2220" WIDTH="30"/>
						<String ID="P6_ST00558" HPOS="2769" VPOS="2156" WIDTH="91" HEIGHT="48" CONTENT="und" WC="0.98" CC="500"/>
						<SP ID="P6_SP00485" HPOS="2860" VPOS="2220" WIDTH="30"/>
						<String ID="P6_ST00559" HPOS="2890" VPOS="2158" WIDTH="273" HEIGHT="47" CONTENT="romantisch" WC="0.99" CC="0564600406"/>
						<SP ID="P6_SP00486" HPOS="3163" VPOS="2220" WIDTH="32"/>
						<String ID="P6_ST00560" HPOS="3195" VPOS="2157" WIDTH="75" HEIGHT="47" CONTENT="duf" SUBS_TYPE="HypPart1" SUBS_CONTENT="duftig;" WC="1.00" CC="000"/>
						<HYP HPOS="3270" VPOS="2157" WIDTH="24" CONTENT="-"/>
					</TextLine>
					<TextLine ID="P6_TL00074" HPOS="1785" VPOS="2232" WIDTH="1512" HEIGHT="64">
						<String ID="P6_ST00561" HPOS="1785" VPOS="2232" WIDTH="92" HEIGHT="64" CONTENT="tig;" SUBS_TYPE="HypPart2" SUBS_CONTENT="duftig;" WC="0.96" CC="0491"/>
						<SP ID="P6_SP00487" HPOS="1877" VPOS="2296" WIDTH="40"/>
						<String ID="P6_ST00562" HPOS="1917" VPOS="2233" WIDTH="225" HEIGHT="56" CONTENT="„Erster" WC="0.99" CC="6000003"/>
						<SP ID="P6_SP00488" HPOS="2142" VPOS="2296" WIDTH="28"/>
						<String ID="P6_ST00563" HPOS="2170" VPOS="2232" WIDTH="278" HEIGHT="57" CONTENT='Verlust",' WC="0.99" CC="504000460"/>
						<SP ID="P6_SP00489" HPOS="2448" VPOS="2296" WIDTH="29"/>
						<String ID="P6_ST00564" HPOS="2477" VPOS="2232" WIDTH="193" HEIGHT="63" CONTENT="elegisch" WC="0.99" CC="03000907"/>
						<SP ID="P6_SP00490" HPOS="2670" VPOS="2296" WIDTH="33"/>
						<String ID="P6_ST00565" HPOS="2703" VPOS="2232" WIDTH="88" HEIGHT="48" CONTENT="und" WC="0.98" CC="040"/>
						<SP ID="P6_SP00491" HPOS="2791" VPOS="2296" WIDTH="33"/>
						<String ID="P6_ST00566" HPOS="2824" VPOS="2233" WIDTH="194" HEIGHT="63" CONTENT="poetisch" WC="0.99" CC="01040306"/>
						<SP ID="P6_SP00492" HPOS="3018" VPOS="2296" WIDTH="25"/>
						<String ID="P6_ST00567" HPOS="3043" VPOS="2234" WIDTH="43" HEIGHT="46" CONTENT="in" WC="0.42" CC="46"/>
						<SP ID="P6_SP00493" HPOS="3086" VPOS="2296" WIDTH="23"/>
						<String ID="P6_ST00568" HPOS="3109" VPOS="2233" WIDTH="80" HEIGHT="48" CONTENT="der" WC="0.98" CC="004"/>
						<SP ID="P6_SP00494" HPOS="3189" VPOS="2296" WIDTH="22"/>
						<String ID="P6_ST00569" HPOS="3211" VPOS="2234" WIDTH="58" HEIGHT="46" CONTENT="Er" SUBS_TYPE="HypPart1" SUBS_CONTENT="Erfindung" WC="0.98" CC="00"/>
						<HYP HPOS="3269" VPOS="2234" WIDTH="28" CONTENT="-"/>
					</TextLine>
					<TextLine ID="P6_TL00075" HPOS="1788" VPOS="2307" WIDTH="1510" HEIGHT="67">
						<String ID="P6_ST00570" HPOS="1788" VPOS="2308" WIDTH="188" HEIGHT="63" CONTENT="findung" SUBS_TYPE="HypPart2" SUBS_CONTENT="Erfindung" WC="0.99" CC="0080440"/>
						<SP ID="P6_SP00495" HPOS="1976" VPOS="2371" WIDTH="29"/>
						<String ID="P6_ST00571" HPOS="2005" VPOS="2308" WIDTH="89" HEIGHT="48" CONTENT="und" WC="0.98" CC="500"/>
						<SP ID="P6_SP00496" HPOS="2094" VPOS="2371" WIDTH="32"/>
						<String ID="P6_ST00572" HPOS="2126" VPOS="2308" WIDTH="265" HEIGHT="48" CONTENT="interessant" WC="0.99" CC="07605000470"/>
						<SP ID="P6_SP00497" HPOS="2391" VPOS="2371" WIDTH="27"/>
						<String ID="P6_ST00573" HPOS="2418" VPOS="2308" WIDTH="43" HEIGHT="48" CONTENT="in" WC="1.00" CC="00"/>
						<SP ID="P6_SP00498" HPOS="2461" VPOS="2371" WIDTH="29"/>
						<String ID="P6_ST00574" HPOS="2490" VPOS="2308" WIDTH="81" HEIGHT="48" CONTENT="der" WC="0.99" CC="003"/>
						<SP ID="P6_SP00499" HPOS="2571" VPOS="2371" WIDTH="28"/>
						<String ID="P6_ST00575" HPOS="2599" VPOS="2307" WIDTH="182" HEIGHT="57" CONTENT="Arbeit;" WC="1.00" CC="0000000"/>
						<SP ID="P6_SP00500" HPOS="2781" VPOS="2371" WIDTH="49"/>
						<String ID="P6_ST00576" HPOS="2830" VPOS="2309" WIDTH="98" HEIGHT="55" CONTENT="„Im" WC="0.96" CC="640"/>
						<SP ID="P6_SP00501" HPOS="2928" VPOS="2371" WIDTH="31"/>
						<String ID="P6_ST00577" HPOS="2959" VPOS="2309" WIDTH="339" HEIGHT="65" CONTENT='Frühling",' WC="1.00" CC="0500000063"/>
					</TextLine>
					<TextLine ID="P6_TL00076" HPOS="1785" VPOS="2384" WIDTH="1510" HEIGHT="66">
						<String ID="P6_ST00578" HPOS="1785" VPOS="2384" WIDTH="106" HEIGHT="48" CONTENT="sehr" WC="0.98" CC="0056"/>
						<SP ID="P6_SP00502" HPOS="1891" VPOS="2432" WIDTH="40"/>
						<String ID="P6_ST00579" HPOS="1931" VPOS="2384" WIDTH="309" HEIGHT="66" CONTENT="ansprechend" WC="0.99" CC="06405002030"/>
						<SP ID="P6_SP00503" HPOS="2240" VPOS="2450" WIDTH="42"/>
						<String ID="P6_ST00580" HPOS="2282" VPOS="2384" WIDTH="141" HEIGHT="48" CONTENT="durch" WC="0.98" CC="06500"/>
						<SP ID="P6_SP00504" HPOS="2423" VPOS="2450" WIDTH="32"/>
						<String ID="P6_ST00581" HPOS="2455" VPOS="2384" WIDTH="207" HEIGHT="48" CONTENT="Feinheit" WC="0.99" CC="00060005"/>
						<SP ID="P6_SP00505" HPOS="2662" VPOS="2450" WIDTH="36"/>
						<String ID="P6_ST00582" HPOS="2698" VPOS="2384" WIDTH="82" HEIGHT="48" CONTENT="der" WC="1.00" CC="000"/>
						<SP ID="P6_SP00506" HPOS="2780" VPOS="2450" WIDTH="29"/>
						<String ID="P6_ST00583" HPOS="2809" VPOS="2385" WIDTH="170" HEIGHT="47" CONTENT="Details" WC="1.00" CC="0010000"/>
						<SP ID="P6_SP00507" HPOS="2979" VPOS="2450" WIDTH="42"/>
						<String ID="P6_ST00584" HPOS="3021" VPOS="2385" WIDTH="91" HEIGHT="49" CONTENT="und" WC="0.96" CC="360"/>
						<SP ID="P6_SP00508" HPOS="3112" VPOS="2450" WIDTH="31"/>
						<String ID="P6_ST00585" HPOS="3143" VPOS="2385" WIDTH="127" HEIGHT="65" CONTENT="eigen" SUBS_TYPE="HypPart1" SUBS_CONTENT="eigentümliches" WC="1.00" CC="00004"/>
						<HYP HPOS="3270" VPOS="2385" WIDTH="25" CONTENT="-"/>
					</TextLine>
					<TextLine ID="P6_TL00077" HPOS="1785" VPOS="2462" WIDTH="1512" HEIGHT="66">
						<String ID="P6_ST00586" HPOS="1785" VPOS="2462" WIDTH="269" HEIGHT="48" CONTENT="tümliches" SUBS_TYPE="HypPart2" SUBS_CONTENT="eigentümliches" WC="0.99" CC="708220500"/>
						<SP ID="P6_SP00509" HPOS="2054" VPOS="2510" WIDTH="32"/>
						<String ID="P6_ST00587" HPOS="2086" VPOS="2463" WIDTH="184" HEIGHT="47" CONTENT="Colorit." WC="0.67" CC="63350043"/>
						<SP ID="P6_SP00510" HPOS="2270" VPOS="2510" WIDTH="121"/>
						<String ID="P6_ST00588" HPOS="2391" VPOS="2463" WIDTH="85" HEIGHT="47" CONTENT="Die" WC="0.99" CC="300"/>
						<SP ID="P6_SP00511" HPOS="2476" VPOS="2510" WIDTH="28"/>
						<String ID="P6_ST00589" HPOS="2504" VPOS="2462" WIDTH="306" HEIGHT="66" CONTENT="Ausführung" WC="0.99" CC="0538043360"/>
						<SP ID="P6_SP00512" HPOS="2810" VPOS="2528" WIDTH="42"/>
						<String ID="P6_ST00590" HPOS="2852" VPOS="2462" WIDTH="78" HEIGHT="48" CONTENT="des" WC="1.00" CC="000"/>
						<SP ID="P6_SP00513" HPOS="2930" VPOS="2528" WIDTH="41"/>
						<String ID="P6_ST00591" HPOS="2971" VPOS="2479" WIDTH="171" HEIGHT="49" CONTENT="ganzen" WC="0.98" CC="045302"/>
						<SP ID="P6_SP00514" HPOS="3142" VPOS="2528" WIDTH="43"/>
						<String ID="P6_ST00592" HPOS="3185" VPOS="2464" WIDTH="84" HEIGHT="47" CONTENT="Pro" SUBS_TYPE="HypPart1" SUBS_CONTENT="Programms" WC="0.98" CC="043"/>
						<HYP HPOS="3269" VPOS="2464" WIDTH="28" CONTENT="-"/>
					</TextLine>
					<TextLine ID="P6_TL00078" HPOS="1785" VPOS="2538" WIDTH="1514" HEIGHT="63">
						<String ID="P6_ST00593" HPOS="1785" VPOS="2554" WIDTH="201" HEIGHT="47" CONTENT="gramms" SUBS_TYPE="HypPart2" SUBS_CONTENT="Programms" WC="0.97" CC="960961"/>
						<SP ID="P6_SP00515" HPOS="1986" VPOS="2601" WIDTH="29"/>
						<String ID="P6_ST00594" HPOS="2015" VPOS="2554" WIDTH="97" HEIGHT="32" CONTENT="war" WC="1.00" CC="010"/>
						<SP ID="P6_SP00516" HPOS="2112" VPOS="2601" WIDTH="34"/>
						<String ID="P6_ST00595" HPOS="2146" VPOS="2538" WIDTH="269" HEIGHT="63" CONTENT="vorzüglich." WC="0.99" CC="70060902820"/>
						<SP ID="P6_SP00517" HPOS="2415" VPOS="2601" WIDTH="42"/>
						<String ID="P6_ST00596" HPOS="2457" VPOS="2540" WIDTH="48" HEIGHT="46" CONTENT="In" WC="0.38" CC="57"/>
						<SP ID="P6_SP00518" HPOS="2505" VPOS="2601" WIDTH="31"/>
						<String ID="P6_ST00597" HPOS="2536" VPOS="2538" WIDTH="101" HEIGHT="48" CONTENT="dem" WC="1.00" CC="000"/>
						<SP ID="P6_SP00519" HPOS="2637" VPOS="2601" WIDTH="33"/>
						<String ID="P6_ST00598" HPOS="2670" VPOS="2538" WIDTH="193" HEIGHT="48" CONTENT="Concert" WC="0.67" CC="5070026"/>
						<SP ID="P6_SP00520" HPOS="2863" VPOS="2601" WIDTH="28"/>
						<String ID="P6_ST00599" HPOS="2891" VPOS="2554" WIDTH="83" HEIGHT="32" CONTENT="von" WC="1.00" CC="000"/>
						<SP ID="P6_SP00521" HPOS="2974" VPOS="2601" WIDTH="30"/>
						<String ID="P6_ST00600" HPOS="3004" VPOS="2540" WIDTH="174" HEIGHT="47" CONTENT="Mozart" WC="0.99" CC="030015"/>
						<SP ID="P6_SP00522" HPOS="3178" VPOS="2601" WIDTH="28"/>
						<String ID="P6_ST00601" HPOS="3206" VPOS="2538" WIDTH="93" HEIGHT="48" CONTENT="und" WC="1.00" CC="000"/>
					</TextLine>
					<TextLine ID="P6_TL00079" HPOS="1785" VPOS="2615" WIDTH="1514" HEIGHT="65">
						<String ID="P6_ST00602" HPOS="1785" VPOS="2615" WIDTH="80" HEIGHT="49" CONTENT="der" WC="0.98" CC="004"/>
						<SP ID="P6_SP00523" HPOS="1865" VPOS="2664" WIDTH="29"/>
						<String ID="P6_ST00603" HPOS="1894" VPOS="2615" WIDTH="240" HEIGHT="49" CONTENT="Phantasie" WC="0.99" CC="079000600"/>
						<SP ID="P6_SP00524" HPOS="2134" VPOS="2664" WIDTH="41"/>
						<String ID="P6_ST00604" HPOS="2175" VPOS="2632" WIDTH="84" HEIGHT="32" CONTENT="von" WC="0.95" CC="832"/>
						<SP ID="P6_SP00525" HPOS="2259" VPOS="2664" WIDTH="42"/>
						<String ID="P6_ST00605" HPOS="2301" VPOS="2617" WIDTH="258" HEIGHT="48" CONTENT="Beethoven" WC="0.99" CC="620753003"/>
						<SP ID="P6_SP00526" HPOS="2559" VPOS="2665" WIDTH="42"/>
						<String ID="P6_ST00606" HPOS="2601" VPOS="2615" WIDTH="142" HEIGHT="65" CONTENT="zeigte" WC="0.99" CC="303080"/>
						<SP ID="P6_SP00527" HPOS="2743" VPOS="2680" WIDTH="40"/>
						<String ID="P6_ST00607" HPOS="2783" VPOS="2617" WIDTH="91" HEIGHT="47" CONTENT="sich" WC="0.98" CC="2007"/>
						<SP ID="P6_SP00528" HPOS="2874" VPOS="2680" WIDTH="43"/>
						<String ID="P6_ST00608" HPOS="2917" VPOS="2618" WIDTH="124" HEIGHT="47" CONTENT="Herr" WC="0.97" CC="8034"/>
						<SP ID="P6_SP00529" HPOS="3041" VPOS="2680" WIDTH="42"/>
						<String ID="P6_ST00609" HPOS="3083" VPOS="2617" WIDTH="216" HEIGHT="49" CONTENT="Wüllner" WC="0.78" CC="1043203"/>
					</TextLine>
					<TextLine ID="P6_TL00080" HPOS="1785" VPOS="2691" WIDTH="1513" HEIGHT="65">
						<String ID="P6_ST00610" HPOS="1785" VPOS="2707" WIDTH="83" HEIGHT="31" CONTENT="von" WC="0.98" CC="006"/>
						<SP ID="P6_SP00530" HPOS="1868" VPOS="2738" WIDTH="30"/>
						<String ID="P6_ST00611" HPOS="1898" VPOS="2693" WIDTH="174" HEIGHT="47" CONTENT="Neuem" WC="0.98" CC="56000"/>
						<SP ID="P6_SP00531" HPOS="2072" VPOS="2740" WIDTH="32"/>
						<String ID="P6_ST00612" HPOS="2104" VPOS="2691" WIDTH="62" HEIGHT="49" CONTENT="als" WC="0.97" CC="600"/>
						<SP ID="P6_SP00532" HPOS="2166" VPOS="2740" WIDTH="31"/>
						<String ID="P6_ST00613" HPOS="2197" VPOS="2691" WIDTH="251" HEIGHT="49" CONTENT="trefflicher" WC="0.99" CC="06000346704"/>
						<SP ID="P6_SP00533" HPOS="2448" VPOS="2740" WIDTH="31"/>
						<String ID="P6_ST00614" HPOS="2479" VPOS="2691" WIDTH="362" HEIGHT="65" CONTENT="Clavierspieler;" WC="0.75" CC="309003400003163"/>
						<SP ID="P6_SP00534" HPOS="2841" VPOS="2756" WIDTH="42"/>
						<String ID="P6_ST00615" HPOS="2883" VPOS="2691" WIDTH="43" HEIGHT="49" CONTENT="in" WC="0.66" CC="06"/>
						<SP ID="P6_SP00535" HPOS="2926" VPOS="2756" WIDTH="30"/>
						<String ID="P6_ST00616" HPOS="2956" VPOS="2691" WIDTH="102" HEIGHT="50" CONTENT="dem" WC="1.00" CC="000"/>
						<SP ID="P6_SP00536" HPOS="3058" VPOS="2756" WIDTH="39"/>
						<String ID="P6_ST00617" HPOS="3097" VPOS="2700" WIDTH="201" HEIGHT="42" CONTENT="ersteren" WC="0.99" CC="00000000"/>
					</TextLine>
					<TextLine ID="P6_TL00081" HPOS="1784" VPOS="2768" WIDTH="1514" HEIGHT="61">
						<String ID="P6_ST00618" HPOS="1784" VPOS="2768" WIDTH="240" HEIGHT="48" CONTENT="erwarben" WC="0.99" CC="45004200"/>
						<SP ID="P6_SP00537" HPOS="2024" VPOS="2816" WIDTH="48"/>
						<String ID="P6_ST00619" HPOS="2072" VPOS="2769" WIDTH="273" HEIGHT="48" CONTENT="namentlich" WC="0.99" CC="6540600400"/>
						<SP ID="P6_SP00538" HPOS="2345" VPOS="2817" WIDTH="51"/>
						<String ID="P6_ST00620" HPOS="2396" VPOS="2769" WIDTH="114" HEIGHT="48" CONTENT="auch" WC="0.94" CC="9497"/>
						<SP ID="P6_SP00539" HPOS="2510" VPOS="2817" WIDTH="58"/>
						<String ID="P6_ST00621" HPOS="2568" VPOS="2769" WIDTH="71" HEIGHT="47" CONTENT="die" WC="0.96" CC="901"/>
						<SP ID="P6_SP00540" HPOS="2639" VPOS="2817" WIDTH="45"/>
						<String ID="P6_ST00622" HPOS="2684" VPOS="2770" WIDTH="317" HEIGHT="59" CONTENT="vorzüglichen" WC="0.99" CC="931609060700"/>
						<SP ID="P6_SP00541" HPOS="3001" VPOS="2829" WIDTH="59"/>
						<String ID="P6_ST00623" HPOS="3060" VPOS="2770" WIDTH="238" HEIGHT="50" CONTENT="Cadenzen" WC="0.99" CC="66013505"/>
					</TextLine>
					<TextLine ID="P6_TL00082" HPOS="1788" VPOS="2845" WIDTH="169" HEIGHT="48">
						<String ID="P6_ST00624" HPOS="1788" VPOS="2845" WIDTH="169" HEIGHT="48" CONTENT="Beifall." WC="0.98" CC="72006664"/>
					</TextLine>
				</TextBlock>
				<TextBlock ID="P6_TB00007" HPOS="3124" VPOS="2845" WIDTH="57" HEIGHT="51" STYLEREFS="TXT_7 PAR_RIGHT">
					<TextLine ID="P6_TL00083" HPOS="3128" VPOS="2848" WIDTH="53" HEIGHT="47">
						<String ID="P6_ST00625" HPOS="3128" VPOS="2848" WIDTH="53" HEIGHT="47" CONTENT="N." WC="0.72" CC="50"/>
					</TextLine>
				</TextBlock>
				<TextBlock ID="P6_TB00008" HPOS="2379" VPOS="3076" WIDTH="324" HEIGHT="72" STYLEREFS="TXT_8 PAR_RIGHT">
					<TextLine ID="P6_TL00084" HPOS="2380" VPOS="3076" WIDTH="323" HEIGHT="71">
						<String ID="P6_ST00626" HPOS="2380" VPOS="3076" WIDTH="323" HEIGHT="71" CONTENT="Stoppellese." WC="0.98" CC="756977569750"/>
					</TextLine>
				</TextBlock>
				<TextBlock ID="P6_TB00009" HPOS="1779" VPOS="3195" WIDTH="1522" HEIGHT="953" STYLEREFS="TXT_3 PAR_BLOCK">
					<TextLine ID="P6_TL00085" HPOS="1858" VPOS="3196" WIDTH="1440" HEIGHT="47">
						<String ID="P6_ST00627" HPOS="1858" VPOS="3196" WIDTH="33" HEIGHT="36" CONTENT="1." WC="0.49" CC="63"/>
						<SP ID="P6_SP00542" HPOS="1891" VPOS="3232" WIDTH="30"/>
						<String ID="P6_ST00628" HPOS="1921" VPOS="3198" WIDTH="79" HEIGHT="34" CONTENT="Das" WC="0.95" CC="570"/>
						<SP ID="P6_SP00543" HPOS="2000" VPOS="3232" WIDTH="30"/>
						<String ID="P6_ST00629" HPOS="2030" VPOS="3197" WIDTH="112" HEIGHT="46" CONTENT="„Cen" WC="0.50" CC="7606"/>
						<SP ID="P6_SP00544" HPOS="2142" VPOS="3243" WIDTH="12"/>
						<String ID="P6_ST00630" HPOS="2154" VPOS="3198" WIDTH="95" HEIGHT="35" CONTENT="tral" WC="0.57" CC="5235"/>
						<SP ID="P6_SP00545" HPOS="2249" VPOS="3243" WIDTH="13"/>
						<String ID="P6_ST00631" HPOS="2262" VPOS="3198" WIDTH="133" HEIGHT="34" CONTENT="blatt" WC="0.64" CC="65500"/>
						<SP ID="P6_SP00546" HPOS="2395" VPOS="3243" WIDTH="36"/>
						<String ID="P6_ST00632" HPOS="2431" VPOS="3198" WIDTH="79" HEIGHT="34" CONTENT="des" WC="0.98" CC="320"/>
						<SP ID="P6_SP00547" HPOS="2510" VPOS="3243" WIDTH="39"/>
						<String ID="P6_ST00633" HPOS="2549" VPOS="3198" WIDTH="269" HEIGHT="36" CONTENT="deutschen" WC="0.99" CC="616100547"/>
						<SP ID="P6_SP00548" HPOS="2818" VPOS="3243" WIDTH="31"/>
						<String ID="P6_ST00634" HPOS="2849" VPOS="3199" WIDTH="119" HEIGHT="37" CONTENT="Cur-" WC="0.96" CC="7604"/>
						<SP ID="P6_SP00549" HPOS="2968" VPOS="3243" WIDTH="38"/>
						<String ID="P6_ST00635" HPOS="3006" VPOS="3201" WIDTH="101" HEIGHT="36" CONTENT="und" WC="0.95" CC="047"/>
						<SP ID="P6_SP00550" HPOS="3107" VPOS="3243" WIDTH="35"/>
						<String ID="P6_ST00636" HPOS="3142" VPOS="3202" WIDTH="125" HEIGHT="36" CONTENT="Bade" SUBS_TYPE="HypPart1" SUBS_CONTENT="Badelebens" WC="0.96" CC="6392"/>
						<HYP HPOS="3267" VPOS="3202" WIDTH="31" CONTENT="-"/>
					</TextLine>
					<TextLine ID="P6_TL00086" HPOS="1783" VPOS="3256" WIDTH="1516" HEIGHT="46">
						<String ID="P6_ST00637" HPOS="1783" VPOS="3256" WIDTH="180" HEIGHT="36" CONTENT='lebens"' SUBS_TYPE="HypPart2" SUBS_CONTENT="Badelebens" WC="0.99" CC="0660600"/>
						<String ID="P6_ST00638" HPOS="1963" VPOS="3258" WIDTH="8" HEIGHT="16" CONTENT="4" STYLE="superscript" WC="0.27" CC="7"/>
						<SP ID="P6_SP00551" HPOS="1971" VPOS="3292" WIDTH="45"/>
						<String ID="P6_ST00639" HPOS="2016" VPOS="3257" WIDTH="363" HEIGHT="45" CONTENT="(verantwortlicher" WC="0.99" CC="00060016643034807"/>
						<SP ID="P6_SP00552" HPOS="2379" VPOS="3302" WIDTH="27"/>
						<String ID="P6_ST00640" HPOS="2406" VPOS="3257" WIDTH="214" HEIGHT="36" CONTENT="Eedacteur" WC="0.72" CC="700450070"/>
						<SP ID="P6_SP00553" HPOS="2620" VPOS="3302" WIDTH="26"/>
						<String ID="P6_ST00641" HPOS="2646" VPOS="3259" WIDTH="63" HEIGHT="36" CONTENT="Dr." WC="0.95" CC="246"/>
						<SP ID="P6_SP00554" HPOS="2709" VPOS="3302" WIDTH="30"/>
						<String ID="P6_ST00642" HPOS="2739" VPOS="3259" WIDTH="107" HEIGHT="36" CONTENT="Hob." WC="0.95" CC="7663"/>
						<SP ID="P6_SP00555" HPOS="2846" VPOS="3302" WIDTH="31"/>
						<String ID="P6_ST00643" HPOS="2877" VPOS="3260" WIDTH="133" HEIGHT="36" CONTENT="Haas" WC="0.98" CC="7000"/>
						<SP ID="P6_SP00556" HPOS="3010" VPOS="3302" WIDTH="43"/>
						<String ID="P6_ST00644" HPOS="3053" VPOS="3272" WIDTH="49" HEIGHT="24" CONTENT="zu" WC="1.00" CC="00"/>
						<SP ID="P6_SP00557" HPOS="3102" VPOS="3302" WIDTH="40"/>
						<String ID="P6_ST00645" HPOS="3142" VPOS="3262" WIDTH="126" HEIGHT="36" CONTENT="Wies" SUBS_TYPE="HypPart1" SUBS_CONTENT="Wiesbaden)" WC="0.98" CC="5330"/>
						<HYP HPOS="3268" VPOS="3262" WIDTH="31" CONTENT="-"/>
					</TextLine>
					<TextLine ID="P6_TL00087" HPOS="1783" VPOS="3316" WIDTH="1516" HEIGHT="50">
						<String ID="P6_ST00646" HPOS="1783" VPOS="3316" WIDTH="172" HEIGHT="47" CONTENT="baden)" SUBS_TYPE="HypPart2" SUBS_CONTENT="Wiesbaden)" WC="0.97" CC="009097"/>
						<SP ID="P6_SP00558" HPOS="1955" VPOS="3363" WIDTH="42"/>
						<String ID="P6_ST00647" HPOS="1997" VPOS="3317" WIDTH="145" HEIGHT="34" CONTENT="enthält" WC="0.99" CC="0007510"/>
						<SP ID="P6_SP00559" HPOS="2142" VPOS="3363" WIDTH="27"/>
						<String ID="P6_ST00648" HPOS="2169" VPOS="3319" WIDTH="108" HEIGHT="33" CONTENT="einen" WC="0.99" CC="00037"/>
						<SP ID="P6_SP00560" HPOS="2277" VPOS="3363" WIDTH="26"/>
						<String ID="P6_ST00649" HPOS="2303" VPOS="3317" WIDTH="155" HEIGHT="35" CONTENT="Bericht" WC="0.99" CC="4006340"/>
						<SP ID="P6_SP00561" HPOS="2458" VPOS="3363" WIDTH="28"/>
						<String ID="P6_ST00650" HPOS="2486" VPOS="3318" WIDTH="92" HEIGHT="34" CONTENT="über" WC="0.98" CC="0244"/>
						<SP ID="P6_SP00562" HPOS="2578" VPOS="3363" WIDTH="29"/>
						<String ID="P6_ST00651" HPOS="2607" VPOS="3318" WIDTH="66" HEIGHT="34" CONTENT="das" WC="0.96" CC="090"/>
						<SP ID="P6_SP00563" HPOS="2673" VPOS="3363" WIDTH="32"/>
						<String ID="P6_ST00652" HPOS="2705" VPOS="3346" WIDTH="12" HEIGHT="17" CONTENT="r" STYLE="subscript" WC="0.23" CC="7"/>
						<String ID="P6_ST00653" HPOS="2727" VPOS="3319" WIDTH="194" HEIGHT="36" CONTENT="Festival*" WC="0.78" CC="701010017"/>
						<SP ID="P6_SP00564" HPOS="2921" VPOS="3363" WIDTH="26"/>
						<String ID="P6_ST00654" HPOS="2947" VPOS="3322" WIDTH="61" HEIGHT="44" CONTENT="(!)," WC="0.45" CC="7661"/>
						<SP ID="P6_SP00565" HPOS="3008" VPOS="3366" WIDTH="43"/>
						<String ID="P6_ST00655" HPOS="3051" VPOS="3322" WIDTH="68" HEIGHT="35" CONTENT="das" WC="0.96" CC="404"/>
						<SP ID="P6_SP00566" HPOS="3119" VPOS="3366" WIDTH="29"/>
						<String ID="P6_ST00656" HPOS="3148" VPOS="3335" WIDTH="74" HEIGHT="23" CONTENT="von" WC="0.94" CC="635"/>
						<SP ID="P6_SP00567" HPOS="3222" VPOS="3366" WIDTH="27"/>
						<String ID="P6_ST00657" HPOS="3249" VPOS="3324" WIDTH="50" HEIGHT="35" CONTENT="H." WC="0.28" CC="67"/>
					</TextLine>
					<TextLine ID="P6_TL00088" HPOS="1782" VPOS="3377" WIDTH="1519" HEIGHT="48">
						<String ID="P6_ST00658" HPOS="1782" VPOS="3377" WIDTH="188" HEIGHT="35" CONTENT="Litolff" WC="0.79" CC="0320035"/>
						<SP ID="P6_SP00568" HPOS="1970" VPOS="3412" WIDTH="23"/>
						<String ID="P6_ST00659" HPOS="1993" VPOS="3377" WIDTH="105" HEIGHT="35" CONTENT="Ende" WC="0.97" CC="0085"/>
						<SP ID="P6_SP00569" HPOS="2098" VPOS="3412" WIDTH="27"/>
						<String ID="P6_ST00660" HPOS="2125" VPOS="3378" WIDTH="150" HEIGHT="46" CONTENT="August" WC="0.98" CC="044700"/>
						<SP ID="P6_SP00570" HPOS="2275" VPOS="3424" WIDTH="38"/>
						<String ID="P6_ST00661" HPOS="2313" VPOS="3379" WIDTH="39" HEIGHT="33" CONTENT="in" WC="0.38" CC="65"/>
						<SP ID="P6_SP00571" HPOS="2352" VPOS="3424" WIDTH="29"/>
						<String ID="P6_ST00662" HPOS="2381" VPOS="3377" WIDTH="228" HEIGHT="36" CONTENT="Wiesbaden" WC="0.99" CC="400470005"/>
						<SP ID="P6_SP00572" HPOS="2609" VPOS="3424" WIDTH="38"/>
						<String ID="P6_ST00663" HPOS="2647" VPOS="3379" WIDTH="168" HEIGHT="46" CONTENT="gegeben" WC="0.99" CC="5032400"/>
						<SP ID="P6_SP00573" HPOS="2815" VPOS="3425" WIDTH="28"/>
						<String ID="P6_ST00664" HPOS="2843" VPOS="3381" WIDTH="162" HEIGHT="36" CONTENT="worden." WC="0.99" CC="5000172"/>
						<SP ID="P6_SP00574" HPOS="3005" VPOS="3425" WIDTH="49"/>
						<String ID="P6_ST00665" HPOS="3054" VPOS="3384" WIDTH="119" HEIGHT="34" CONTENT="Darin" WC="0.98" CC="00556"/>
						<SP ID="P6_SP00575" HPOS="3173" VPOS="3425" WIDTH="28"/>
						<String ID="P6_ST00666" HPOS="3201" VPOS="3383" WIDTH="100" HEIGHT="36" CONTENT="lies't" WC="0.67" CC="354031"/>
					</TextLine>
					<TextLine ID="P6_TL00089" HPOS="1781" VPOS="3436" WIDTH="249" HEIGHT="36">
						<String ID="P6_ST00667" HPOS="1781" VPOS="3448" WIDTH="87" HEIGHT="23" CONTENT="man" WC="0.95" CC="605"/>
						<SP ID="P6_SP00576" HPOS="1868" VPOS="3471" WIDTH="28"/>
						<String ID="P6_ST00668" HPOS="1896" VPOS="3448" WIDTH="37" HEIGHT="24" CONTENT="u." WC="0.68" CC="60"/>
						<SP ID="P6_SP00577" HPOS="1933" VPOS="3472" WIDTH="28"/>
						<String ID="P6_ST00669" HPOS="1961" VPOS="3436" WIDTH="69" HEIGHT="35" CONTENT="A.:" WC="0.49" CC="761"/>
					</TextLine>
					<TextLine ID="P6_TL00090" HPOS="1862" VPOS="3497" WIDTH="1438" HEIGHT="50">
						<String ID="P6_ST00670" HPOS="1862" VPOS="3499" WIDTH="95" HEIGHT="41" CONTENT="»Die" WC="0.96" CC="7643"/>
						<SP ID="P6_SP00578" HPOS="1957" VPOS="3540" WIDTH="26"/>
						<String ID="P6_ST00671" HPOS="1983" VPOS="3497" WIDTH="236" HEIGHT="36" CONTENT="Litolff'sche" WC="0.69" CC="170502214074"/>
						<SP ID="P6_SP00579" HPOS="2219" VPOS="3540" WIDTH="27"/>
						<String ID="P6_ST00672" HPOS="2246" VPOS="3497" WIDTH="132" HEIGHT="38" CONTENT="Musik" WC="0.98" CC="06025"/>
						<SP ID="P6_SP00580" HPOS="2378" VPOS="3540" WIDTH="41"/>
						<String ID="P6_ST00673" HPOS="2419" VPOS="3499" WIDTH="67" HEIGHT="35" CONTENT="hat" WC="0.97" CC="700"/>
						<SP ID="P6_SP00581" HPOS="2486" VPOS="3540" WIDTH="41"/>
						<String ID="P6_ST00674" HPOS="2527" VPOS="3499" WIDTH="57" HEIGHT="35" CONTENT="die" WC="0.97" CC="032"/>
						<SP ID="P6_SP00582" HPOS="2584" VPOS="3540" WIDTH="32"/>
						<String ID="P6_ST00675" HPOS="2616" VPOS="3500" WIDTH="264" HEIGHT="47" CONTENT="Gediegenheit" WC="0.99" CC="510404367060"/>
						<SP ID="P6_SP00583" HPOS="2880" VPOS="3547" WIDTH="39"/>
						<String ID="P6_ST00676" HPOS="2919" VPOS="3505" WIDTH="102" HEIGHT="34" CONTENT="einer" WC="0.98" CC="04700"/>
						<SP ID="P6_SP00584" HPOS="3021" VPOS="3547" WIDTH="27"/>
						<String ID="P6_ST00677" HPOS="3048" VPOS="3503" WIDTH="252" HEIGHT="37" CONTENT="historischen" WC="0.99" CC="661043603700"/>
					</TextLine>
					<TextLine ID="P6_TL00091" HPOS="1785" VPOS="3557" WIDTH="1516" HEIGHT="44">
						<String ID="P6_ST00678" HPOS="1785" VPOS="3557" WIDTH="137" HEIGHT="35" CONTENT="Schule" WC="0.96" CC="687851"/>
						<SP ID="P6_SP00585" HPOS="1922" VPOS="3592" WIDTH="77"/>
						<String ID="P6_ST00679" HPOS="1999" VPOS="3570" WIDTH="84" HEIGHT="23" CONTENT="man" WC="0.98" CC="600"/>
						<SP ID="P6_SP00586" HPOS="2083" VPOS="3593" WIDTH="29"/>
						<String ID="P6_ST00680" HPOS="2112" VPOS="3560" WIDTH="142" HEIGHT="34" CONTENT="kannte" WC="0.98" CC="606702"/>
						<SP ID="P6_SP00587" HPOS="2254" VPOS="3594" WIDTH="29"/>
						<String ID="P6_ST00681" HPOS="2283" VPOS="3560" WIDTH="107" HEIGHT="34" CONTENT="einen" WC="0.98" CC="06046"/>
						<SP ID="P6_SP00588" HPOS="2390" VPOS="3594" WIDTH="28"/>
						<String ID="P6_ST00682" HPOS="2418" VPOS="3559" WIDTH="153" HEIGHT="36" CONTENT="solchen" WC="0.98" CC="3345705"/>
						<SP ID="P6_SP00589" HPOS="2571" VPOS="3595" WIDTH="28"/>
						<String ID="P6_ST00683" HPOS="2599" VPOS="3561" WIDTH="247" HEIGHT="37" CONTENT="werthvollen" WC="0.99" CC="00067048417"/>
						<SP ID="P6_SP00590" HPOS="2846" VPOS="3598" WIDTH="19"/>
						<String ID="P6_ST00684" HPOS="2865" VPOS="3564" WIDTH="209" HEIGHT="35" CONTENT="Brillanten" WC="0.99" CC="6256406006"/>
						<SP ID="P6_SP00591" HPOS="3074" VPOS="3599" WIDTH="20"/>
						<String ID="P6_ST00685" HPOS="3094" VPOS="3565" WIDTH="64" HEIGHT="35" CONTENT="der" WC="0.99" CC="003"/>
						<SP ID="P6_SP00592" HPOS="3158" VPOS="3600" WIDTH="16"/>
						<String ID="P6_ST00686" HPOS="3174" VPOS="3565" WIDTH="127" HEIGHT="36" CONTENT="Kunst" WC="0.97" CC="60740"/>
					</TextLine>
					<TextLine ID="P6_TL00092" HPOS="1783" VPOS="3618" WIDTH="1036" HEIGHT="50">
						<String ID="P6_ST00687" HPOS="1783" VPOS="3619" WIDTH="38" HEIGHT="33" CONTENT="in" WC="0.70" CC="05"/>
						<SP ID="P6_SP00593" HPOS="1821" VPOS="3652" WIDTH="26"/>
						<String ID="P6_ST00688" HPOS="1847" VPOS="3618" WIDTH="80" HEIGHT="34" CONTENT="dem" WC="0.95" CC="805"/>
						<SP ID="P6_SP00594" HPOS="1927" VPOS="3652" WIDTH="24"/>
						<String ID="P6_ST00689" HPOS="1951" VPOS="3618" WIDTH="227" HEIGHT="45" CONTENT="jetzigen" WC="0.99" CC="20063816"/>
						<SP ID="P6_SP00595" HPOS="2178" VPOS="3663" WIDTH="27"/>
						<String ID="P6_ST00690" HPOS="2205" VPOS="3619" WIDTH="263" HEIGHT="34" CONTENT="Deutschland" WC="0.99" CC="00704364200"/>
						<SP ID="P6_SP00596" HPOS="2468" VPOS="3663" WIDTH="27"/>
						<String ID="P6_ST00691" HPOS="2495" VPOS="3619" WIDTH="99" HEIGHT="35" CONTENT="noch" WC="0.96" CC="7027"/>
						<SP ID="P6_SP00597" HPOS="2594" VPOS="3663" WIDTH="29"/>
						<String ID="P6_ST00692" HPOS="2623" VPOS="3632" WIDTH="47" HEIGHT="23" CONTENT="zu" WC="0.80" CC="30"/>
						<SP ID="P6_SP00598" HPOS="2670" VPOS="3663" WIDTH="26"/>
						<String ID="P6_ST00693" HPOS="2696" VPOS="3623" WIDTH="123" HEIGHT="45" CONTENT="wenig" WC="0.97" CC="00489"/>
					</TextLine>
					<TextLine ID="P6_TL00093" HPOS="1863" VPOS="3678" WIDTH="1438" HEIGHT="47">
						<String ID="P6_ST00694" HPOS="1863" VPOS="3678" WIDTH="132" HEIGHT="42" CONTENT="„Seine" WC="0.98" CC="674051"/>
						<SP ID="P6_SP00599" HPOS="1995" VPOS="3720" WIDTH="26"/>
						<String ID="P6_ST00695" HPOS="2021" VPOS="3679" WIDTH="254" HEIGHT="46" CONTENT="imponirende" WC="0.75" CC="00750360003"/>
						<SP ID="P6_SP00600" HPOS="2275" VPOS="3725" WIDTH="27"/>
						<String ID="P6_ST00696" HPOS="2302" VPOS="3680" WIDTH="126" HEIGHT="43" CONTENT="Kraft," WC="0.99" CC="600501"/>
						<SP ID="P6_SP00601" HPOS="2428" VPOS="3725" WIDTH="40"/>
						<String ID="P6_ST00697" HPOS="2468" VPOS="3681" WIDTH="101" HEIGHT="34" CONTENT="seine" WC="0.98" CC="10625"/>
						<SP ID="P6_SP00602" HPOS="2569" VPOS="3725" WIDTH="34"/>
						<String ID="P6_ST00698" HPOS="2603" VPOS="3680" WIDTH="419" HEIGHT="38" CONTENT="herrschaftliche" WC="0.99" CC="721605702003172"/>
						<SP ID="P6_SP00603" HPOS="3022" VPOS="3725" WIDTH="28"/>
						<String ID="P6_ST00699" HPOS="3050" VPOS="3684" WIDTH="132" HEIGHT="35" CONTENT="Macht" WC="0.98" CC="00670"/>
						<SP ID="P6_SP00604" HPOS="3182" VPOS="3725" WIDTH="26"/>
						<String ID="P6_ST00700" HPOS="3208" VPOS="3685" WIDTH="93" HEIGHT="36" CONTENT="über" WC="0.96" CC="0729"/>
					</TextLine>
					<TextLine ID="P6_TL00094" HPOS="1785" VPOS="3737" WIDTH="1516" HEIGHT="49">
						<String ID="P6_ST00701" HPOS="1785" VPOS="3737" WIDTH="57" HEIGHT="35" CONTENT="die" WC="0.97" CC="043"/>
						<SP ID="P6_SP00605" HPOS="1842" VPOS="3772" WIDTH="28"/>
						<String ID="P6_ST00702" HPOS="1870" VPOS="3738" WIDTH="156" HEIGHT="34" CONTENT="Materie" WC="0.99" CC="0000764"/>
						<SP ID="P6_SP00606" HPOS="2026" VPOS="3772" WIDTH="181"/>
						<String ID="P6_ST00703" HPOS="2207" VPOS="3739" WIDTH="78" HEIGHT="34" CONTENT="sein" WC="0.97" CC="4046"/>
						<SP ID="P6_SP00607" HPOS="2285" VPOS="3773" WIDTH="27"/>
						<String ID="P6_ST00704" HPOS="2312" VPOS="3739" WIDTH="193" HEIGHT="47" CONTENT="Schwung" WC="0.98" CC="9070600"/>
						<SP ID="P6_SP00608" HPOS="2505" VPOS="3786" WIDTH="102"/>
						<String ID="P6_ST00705" HPOS="2607" VPOS="3742" WIDTH="113" HEIGHT="35" CONTENT="treibt" WC="1.00" CC="000010"/>
						<SP ID="P6_SP00609" HPOS="2720" VPOS="3786" WIDTH="29"/>
						<String ID="P6_ST00706" HPOS="2749" VPOS="3742" WIDTH="66" HEIGHT="35" CONTENT="das" WC="1.00" CC="000"/>
						<SP ID="P6_SP00610" HPOS="2815" VPOS="3786" WIDTH="28"/>
						<String ID="P6_ST00707" HPOS="2843" VPOS="3743" WIDTH="203" HEIGHT="35" CONTENT="Publicum" WC="0.98" CC="67767540"/>
						<SP ID="P6_SP00611" HPOS="3046" VPOS="3786" WIDTH="28"/>
						<String ID="P6_ST00708" HPOS="3074" VPOS="3744" WIDTH="79" HEIGHT="35" CONTENT="und" WC="0.95" CC="570"/>
						<SP ID="P6_SP00612" HPOS="3153" VPOS="3786" WIDTH="29"/>
						<String ID="P6_ST00709" HPOS="3182" VPOS="3744" WIDTH="119" HEIGHT="37" CONTENT="selbst" WC="0.98" CC="000738"/>
					</TextLine>
					<TextLine ID="P6_TL00095" HPOS="1785" VPOS="3796" WIDTH="1516" HEIGHT="44">
						<String ID="P6_ST00710" HPOS="1785" VPOS="3796" WIDTH="57" HEIGHT="35" CONTENT="die" WC="0.97" CC="061"/>
						<SP ID="P6_SP00613" HPOS="1842" VPOS="3831" WIDTH="28"/>
						<String ID="P6_ST00711" HPOS="1870" VPOS="3797" WIDTH="287" HEIGHT="35" CONTENT="mitwirkenden" WC="0.99" CC="008029030600"/>
						<SP ID="P6_SP00614" HPOS="2157" VPOS="3832" WIDTH="22"/>
						<String ID="P6_ST00712" HPOS="2179" VPOS="3799" WIDTH="256" HEIGHT="35" CONTENT="Kunstkräfte" WC="0.99" CC="06508006063"/>
						<SP ID="P6_SP00615" HPOS="2435" VPOS="3834" WIDTH="27"/>
						<String ID="P6_ST00713" HPOS="2462" VPOS="3801" WIDTH="131" HEIGHT="35" CONTENT="immer" WC="0.97" CC="40950"/>
						<SP ID="P6_SP00616" HPOS="2593" VPOS="3836" WIDTH="26"/>
						<String ID="P6_ST00714" HPOS="2619" VPOS="3802" WIDTH="121" HEIGHT="36" CONTENT="höher" WC="0.97" CC="77500"/>
						<SP ID="P6_SP00617" HPOS="2740" VPOS="3838" WIDTH="26"/>
						<String ID="P6_ST00715" HPOS="2766" VPOS="3804" WIDTH="38" HEIGHT="34" CONTENT="in" WC="0.35" CC="66"/>
						<SP ID="P6_SP00618" HPOS="2804" VPOS="3838" WIDTH="30"/>
						<String ID="P6_ST00716" HPOS="2834" VPOS="3802" WIDTH="58" HEIGHT="35" CONTENT="die" WC="0.97" CC="006"/>
						<SP ID="P6_SP00619" HPOS="2892" VPOS="3838" WIDTH="27"/>
						<String ID="P6_ST00717" HPOS="2919" VPOS="3803" WIDTH="289" HEIGHT="37" CONTENT="Hochlande" WC="0.99" CC="644730701"/>
						<SP ID="P6_SP00620" HPOS="3208" VPOS="3840" WIDTH="28"/>
						<String ID="P6_ST00718" HPOS="3236" VPOS="3805" WIDTH="65" HEIGHT="35" CONTENT="des" WC="0.98" CC="004"/>
					</TextLine>
					<TextLine ID="P6_TL00096" HPOS="1785" VPOS="3856" WIDTH="1515" HEIGHT="51">
						<String ID="P6_ST00719" HPOS="1785" VPOS="3856" WIDTH="199" HEIGHT="34" CONTENT="Himmels!" WC="0.98" CC="67803125"/>
						<SP ID="P6_SP00621" HPOS="1984" VPOS="3890" WIDTH="107"/>
						<String ID="P6_ST00720" HPOS="2091" VPOS="3857" WIDTH="95" HEIGHT="35" CONTENT="Bald" WC="0.99" CC="5000"/>
						<SP ID="P6_SP00622" HPOS="2186" VPOS="3892" WIDTH="28"/>
						<String ID="P6_ST00721" HPOS="2214" VPOS="3859" WIDTH="68" HEIGHT="34" CONTENT="übt" WC="1.00" CC="000"/>
						<SP ID="P6_SP00623" HPOS="2282" VPOS="3893" WIDTH="26"/>
						<String ID="P6_ST00722" HPOS="2308" VPOS="3871" WIDTH="40" HEIGHT="22" CONTENT="er" WC="0.95" CC="00"/>
						<SP ID="P6_SP00624" HPOS="2348" VPOS="3893" WIDTH="30"/>
						<String ID="P6_ST00723" HPOS="2378" VPOS="3860" WIDTH="302" HEIGHT="47" CONTENT="Gewaltschläge" WC="0.99" CC="5500208364907"/>
						<SP ID="P6_SP00625" HPOS="2680" VPOS="3907" WIDTH="39"/>
						<String ID="P6_ST00724" HPOS="2719" VPOS="3863" WIDTH="38" HEIGHT="33" CONTENT="in" WC="0.28" CC="76"/>
						<SP ID="P6_SP00626" HPOS="2757" VPOS="3907" WIDTH="29"/>
						<String ID="P6_ST00725" HPOS="2786" VPOS="3863" WIDTH="58" HEIGHT="35" CONTENT="die" WC="0.96" CC="073"/>
						<SP ID="P6_SP00627" HPOS="2844" VPOS="3907" WIDTH="29"/>
						<String ID="P6_ST00726" HPOS="2873" VPOS="3863" WIDTH="205" HEIGHT="36" CONTENT="Gemüther" WC="0.98" CC="75308616"/>
						<SP ID="P6_SP00628" HPOS="3078" VPOS="3907" WIDTH="26"/>
						<String ID="P6_ST00727" HPOS="3104" VPOS="3865" WIDTH="69" HEIGHT="34" CONTENT="mit" WC="0.98" CC="050"/>
						<SP ID="P6_SP00629" HPOS="3173" VPOS="3907" WIDTH="26"/>
						<String ID="P6_ST00728" HPOS="3199" VPOS="3865" WIDTH="101" HEIGHT="35" CONTENT="Blitz" WC="0.98" CC="70204"/>
					</TextLine>
					<TextLine ID="P6_TL00097" HPOS="1783" VPOS="3916" WIDTH="1518" HEIGHT="51">
						<String ID="P6_ST00729" HPOS="1783" VPOS="3916" WIDTH="77" HEIGHT="33" CONTENT="und" WC="0.91" CC="888"/>
						<SP ID="P6_SP00630" HPOS="1860" VPOS="3949" WIDTH="27"/>
						<String ID="P6_ST00730" HPOS="1887" VPOS="3917" WIDTH="150" HEIGHT="34" CONTENT="Donner" WC="0.97" CC="619630"/>
						<SP ID="P6_SP00631" HPOS="2037" VPOS="3951" WIDTH="27"/>
						<String ID="P6_ST00731" HPOS="2064" VPOS="3928" WIDTH="80" HEIGHT="33" CONTENT="aus," WC="0.97" CC="2704"/>
						<SP ID="P6_SP00632" HPOS="2144" VPOS="3961" WIDTH="27"/>
						<String ID="P6_ST00732" HPOS="2171" VPOS="3917" WIDTH="90" HEIGHT="36" CONTENT="bald" WC="0.97" CC="7060"/>
						<SP ID="P6_SP00633" HPOS="2261" VPOS="3961" WIDTH="27"/>
						<String ID="P6_ST00733" HPOS="2288" VPOS="3920" WIDTH="202" HEIGHT="34" CONTENT="vernimmt" WC="0.99" CC="04174000"/>
						<SP ID="P6_SP00634" HPOS="2490" VPOS="3961" WIDTH="27"/>
						<String ID="P6_ST00734" HPOS="2517" VPOS="3933" WIDTH="86" HEIGHT="23" CONTENT="man" WC="0.99" CC="001"/>
						<SP ID="P6_SP00635" HPOS="2603" VPOS="3961" WIDTH="29"/>
						<String ID="P6_ST00735" HPOS="2632" VPOS="3922" WIDTH="59" HEIGHT="34" CONTENT="die" WC="0.96" CC="064"/>
						<SP ID="P6_SP00636" HPOS="2691" VPOS="3961" WIDTH="28"/>
						<String ID="P6_ST00736" HPOS="2719" VPOS="3923" WIDTH="173" HEIGHT="44" CONTENT="feinsten," WC="0.99" CC="107420034"/>
						<SP ID="P6_SP00637" HPOS="2892" VPOS="3967" WIDTH="31"/>
						<String ID="P6_ST00737" HPOS="2923" VPOS="3924" WIDTH="167" HEIGHT="36" CONTENT="edelsten" WC="0.99" CC="20044015"/>
						<SP ID="P6_SP00638" HPOS="3090" VPOS="3967" WIDTH="26"/>
						<String ID="P6_ST00738" HPOS="3116" VPOS="3925" WIDTH="77" HEIGHT="35" CONTENT="und" WC="0.92" CC="778"/>
						<SP ID="P6_SP00639" HPOS="3193" VPOS="3967" WIDTH="28"/>
						<String ID="P6_ST00739" HPOS="3221" VPOS="3937" WIDTH="60" HEIGHT="23" CONTENT="zar" SUBS_TYPE="HypPart1" SUBS_CONTENT="zartesten" WC="0.98" CC="202"/>
						<HYP HPOS="3281" VPOS="3937" WIDTH="20" CONTENT="-"/>
					</TextLine>
					<TextLine ID="P6_TL00098" HPOS="1785" VPOS="3976" WIDTH="1516" HEIGHT="54">
						<String ID="P6_ST00740" HPOS="1785" VPOS="3977" WIDTH="118" HEIGHT="33" CONTENT="testen" SUBS_TYPE="HypPart2" SUBS_CONTENT="zartesten" WC="0.99" CC="010308"/>
						<SP ID="P6_SP00640" HPOS="1903" VPOS="4010" WIDTH="28"/>
						<String ID="P6_ST00741" HPOS="1931" VPOS="3976" WIDTH="302" HEIGHT="47" CONTENT="Empfindungen" WC="0.99" CC="107110065802"/>
						<SP ID="P6_SP00641" HPOS="2233" VPOS="4023" WIDTH="28"/>
						<String ID="P6_ST00742" HPOS="2261" VPOS="3979" WIDTH="70" HEIGHT="34" CONTENT="wie" WC="0.99" CC="003"/>
						<SP ID="P6_SP00642" HPOS="2331" VPOS="4023" WIDTH="28"/>
						<String ID="P6_ST00743" HPOS="2359" VPOS="3978" WIDTH="287" HEIGHT="49" CONTENT="Sphärenklang" WC="0.99" CC="707060056000"/>
						<SP ID="P6_SP00643" HPOS="2646" VPOS="4027" WIDTH="26"/>
						<String ID="P6_ST00744" HPOS="2672" VPOS="3993" WIDTH="68" HEIGHT="24" CONTENT="aus" WC="0.98" CC="042"/>
						<SP ID="P6_SP00644" HPOS="2740" VPOS="4027" WIDTH="28"/>
						<String ID="P6_ST00745" HPOS="2768" VPOS="3982" WIDTH="83" HEIGHT="35" CONTENT="dem" WC="1.00" CC="000"/>
						<SP ID="P6_SP00645" HPOS="2851" VPOS="4027" WIDTH="26"/>
						<String ID="P6_ST00746" HPOS="2877" VPOS="3984" WIDTH="187" HEIGHT="46" CONTENT="Elysium." WC="0.48" CC="76841507"/>
						<SP ID="P6_SP00646" HPOS="3064" VPOS="4030" WIDTH="31"/>
						<String ID="P6_ST00747" HPOS="3095" VPOS="3985" WIDTH="111" HEIGHT="35" CONTENT="Auch" WC="0.94" CC="7657"/>
						<SP ID="P6_SP00647" HPOS="3206" VPOS="4030" WIDTH="27"/>
						<String ID="P6_ST00748" HPOS="3233" VPOS="3985" WIDTH="68" HEIGHT="35" CONTENT="das" WC="0.96" CC="405"/>
					</TextLine>
					<TextLine ID="P6_TL00099" HPOS="1786" VPOS="4035" WIDTH="1515" HEIGHT="56">
						<String ID="P6_ST00749" HPOS="1786" VPOS="4038" WIDTH="150" HEIGHT="31" CONTENT="äussere" WC="0.98" CC="8700605"/>
						<SP ID="P6_SP00648" HPOS="1936" VPOS="4069" WIDTH="30"/>
						<String ID="P6_ST00750" HPOS="1966" VPOS="4035" WIDTH="101" HEIGHT="46" CONTENT="Spiel" WC="0.97" CC="90305"/>
						<SP ID="P6_SP00649" HPOS="2067" VPOS="4081" WIDTH="28"/>
						<String ID="P6_ST00751" HPOS="2095" VPOS="4036" WIDTH="63" HEIGHT="35" CONTENT="des" WC="0.94" CC="905"/>
						<SP ID="P6_SP00650" HPOS="2158" VPOS="4081" WIDTH="29"/>
						<String ID="P6_ST00752" HPOS="2187" VPOS="4048" WIDTH="153" HEIGHT="35" CONTENT="grossen" WC="0.99" CC="0040445"/>
						<SP ID="P6_SP00651" HPOS="2340" VPOS="4083" WIDTH="29"/>
						<String ID="P6_ST00753" HPOS="2369" VPOS="4040" WIDTH="202" HEIGHT="36" CONTENT="Künstlers" WC="0.99" CC="801001404"/>
						<SP ID="P6_SP00652" HPOS="2571" VPOS="4083" WIDTH="28"/>
						<String ID="P6_ST00754" HPOS="2599" VPOS="4043" WIDTH="50" HEIGHT="33" CONTENT="ist" WC="0.98" CC="500"/>
						<SP ID="P6_SP00653" HPOS="2649" VPOS="4083" WIDTH="29"/>
						<String ID="P6_ST00755" HPOS="2678" VPOS="4042" WIDTH="187" HEIGHT="36" CONTENT="wahrhaft" WC="0.98" CC="09667010"/>
						<SP ID="P6_SP00654" HPOS="2865" VPOS="4083" WIDTH="34"/>
						<String ID="P6_ST00756" HPOS="2899" VPOS="4044" WIDTH="377" HEIGHT="47" CONTENT="bewunderungswür" SUBS_TYPE="HypPart1" SUBS_CONTENT="bewunderungswürdig." WC="0.99" CC="550730006003057"/>
						<HYP HPOS="3276" VPOS="4044" WIDTH="25" CONTENT="-"/>
					</TextLine>
					<TextLine ID="P6_TL00100" HPOS="1788" VPOS="4094" WIDTH="1513" HEIGHT="54">
						<String ID="P6_ST00757" HPOS="1788" VPOS="4094" WIDTH="73" HEIGHT="46" CONTENT="dig." SUBS_TYPE="HypPart2" SUBS_CONTENT="bewunderungswürdig." WC="0.95" CC="9804"/>
						<SP ID="P6_SP00655" HPOS="1861" VPOS="4140" WIDTH="28"/>
						<String ID="P6_ST00758" HPOS="1889" VPOS="4094" WIDTH="49" HEIGHT="35" CONTENT="Er" WC="0.33" CC="66"/>
						<SP ID="P6_SP00656" HPOS="1938" VPOS="4140" WIDTH="28"/>
						<String ID="P6_ST00759" HPOS="1966" VPOS="4096" WIDTH="113" HEIGHT="45" CONTENT="greift" WC="0.98" CC="004750"/>
						<SP ID="P6_SP00657" HPOS="2079" VPOS="4141" WIDTH="26"/>
						<String ID="P6_ST00760" HPOS="2105" VPOS="4096" WIDTH="78" HEIGHT="35" CONTENT="und" WC="1.00" CC="000"/>
						<SP ID="P6_SP00658" HPOS="2183" VPOS="4141" WIDTH="28"/>
						<String ID="P6_ST00761" HPOS="2211" VPOS="4097" WIDTH="151" HEIGHT="47" CONTENT="schlägt" WC="0.97" CC="1462999"/>
						<SP ID="P6_SP00659" HPOS="2362" VPOS="4144" WIDTH="26"/>
						<String ID="P6_ST00762" HPOS="2388" VPOS="4100" WIDTH="40" HEIGHT="34" CONTENT="in" WC="0.53" CC="35"/>
						<SP ID="P6_SP00660" HPOS="2428" VPOS="4144" WIDTH="27"/>
						<String ID="P6_ST00763" HPOS="2455" VPOS="4100" WIDTH="77" HEIGHT="34" CONTENT="und" WC="0.94" CC="860"/>
						<SP ID="P6_SP00661" HPOS="2532" VPOS="4144" WIDTH="29"/>
						<String ID="P6_ST00764" HPOS="2561" VPOS="4101" WIDTH="70" HEIGHT="34" CONTENT="auf" WC="0.92" CC="767"/>
						<SP ID="P6_SP00662" HPOS="2631" VPOS="4144" WIDTH="24"/>
						<String ID="P6_ST00765" HPOS="2655" VPOS="4101" WIDTH="66" HEIGHT="35" CONTENT="das" WC="0.98" CC="005"/>
						<SP ID="P6_SP00663" HPOS="2721" VPOS="4144" WIDTH="28"/>
						<String ID="P6_ST00766" HPOS="2749" VPOS="4102" WIDTH="125" HEIGHT="35" CONTENT="irdene" WC="0.99" CC="700004"/>
						<SP ID="P6_SP00664" HPOS="2874" VPOS="4144" WIDTH="21"/>
						<String ID="P6_ST00767" HPOS="2895" VPOS="4104" WIDTH="48" HEIGHT="44" CONTENT="(?)" WC="0.92" CC="867"/>
						<SP ID="P6_SP00665" HPOS="2943" VPOS="4148" WIDTH="23"/>
						<String ID="P6_ST00768" HPOS="2966" VPOS="4103" WIDTH="231" HEIGHT="36" CONTENT="Instrument" WC="0.99" CC="0070469200"/>
						<SP ID="P6_SP00666" HPOS="3197" VPOS="4148" WIDTH="26"/>
						<String ID="P6_ST00769" HPOS="3223" VPOS="4104" WIDTH="78" HEIGHT="36" CONTENT="und" WC="0.94" CC="709"/>
					</TextLine>
				</TextBlock>
			</PrintSpace>
		</Page>
	</Layout>
</alto>
