3510 4348
1710 168 107 50 344

229 307 192 48 kräftiger.
472 309 179 44 Dagegen
689 307 100 34 kann
825 316 39 25 er
890 304 39 35 in
956 304 464 46 Melodieen-Reichthum,
1462 304 37 35 in
1528 304 181 45 Klangfär-

230 365 148 47 bung*)
406 366 75 35 und
508 367 37 33 in
574 365 228 35 zündendem
829 366 121 33 Feuer
979 365 64 35 der
1069 364 267 35 Leidenschaft
1371 364 104 34 nicht
1513 364 219 46 verglichen

233 427 145 34 werden
406 427 68 33 mit
500 426 139 35 seinem
667 424 189 36 Vorbilde.

305 485 53 34 Im
385 485 167 45 Vampyr
578 485 50 33 ist
654 484 116 34 vieles
799 482 156 43 Schöne,
1002 481 227 36 namentlich
1264 482 38 33 in
1338 481 70 35 den
1435 482 189 45 lyrischen
1652 483 54 34 Mo-

228 547 143 32 menten
386 555 8 31 ;
423 543 95 34 auch
546 544 50 33 ist
623 543 58 34 die
708 543 151 34 Einheit
886 542 63 34 des
968 542 90 34 Stils
1087 541 296 37 anzuerkennen.
1413 542 102 34 Aber
1542 541 59 35 die
1628 545 84 42 grös-

227 616 104 23 seren
357 604 111 33 Arien
549 602 200 35 besonders
778 601 63 34 des
870 602 187 43 Vampyrs
1155 600 80 35 sind
1263 604 94 31 trotz
1386 601 93 34 aller
1506 601 228 44 Entfaltung

228 665 65 34 der
314 663 307 34 instrumentalen
638 662 133 41 Mittel,
801 661 57 33 die
886 660 212 34 manchmal
1122 672 64 22 zur
1207 661 268 44 Ueberladung
1503 659 106 44 wird,
1637 663 97 31 matt

226 723 77 35 und
330 723 166 42 trocken,
540 722 74 33 und
643 722 57 34 die
741 720 143 35 überall
922 720 326 34 hervortretenden
1279 720 200 45 Anklänge
1508 731 46 23 an
1583 720 148 42 Weber,

227 795 47 23 an
301 781 57 35 die
385 781 218 45 Euryanthe
630 781 37 33 in
696 780 64 34 der
788 779 227 45 Ouvertüre,
1056 790 46 22 an
1133 778 68 34 den
1230 779 219 34 Freischütz
1478 779 60 35 bei
1568 778 80 34 dem
1672 778 38 45 je-

227 841 227 45 desmaligen
483 841 225 35 Erscheinen
738 840 62 34 des
828 840 197 44 Vampyrs,
1065 838 83 33 sind
1176 836 301 48 auffallend**);
1521 837 108 47 doch,
1660 837 69 33 wie

227 904 142 44 gesagt,
399 901 59 35 die
477 901 99 45 Oper
602 901 114 35 bietet
743 899 63 35 des
827 898 172 34 Schönen
1026 898 96 34 noch
1150 899 130 33 immer
1306 910 137 34 genug,
1470 910 65 22 um
1561 898 80 33 ihre
1668 896 44 34 Er-

224 961 161 45 haltung
414 961 69 34 auf
500 960 81 34 dem
602 960 212 45 Repertoire
835 958 56 34 als
909 958 341 34 wünschenswerth
1272 958 217 35 erscheinen
1519 968 47 22 zu
1592 956 139 33 lassen.

303 1021 146 34 Oberon
475 1020 51 34 ist
552 1020 80 34 eine
659 1018 255 34 Musterkarte
943 1016 63 35 der
1034 1016 301 36 Herrlichkeiten
1373 1016 77 34 und
1491 1016 64 34 der
1582 1014 126 35 Schwä-

225 1080 90 34 chen
345 1078 182 35 Weber's.
557 1078 59 34 Da
644 1078 84 34 sind
756 1077 206 35 Melodieen
991 1076 78 34 und
1098 1075 257 35 harmonische
1384 1075 261 44 Wendungen,
1676 1073 57 33 die

226 1138 183 45 geradezu
438 1150 84 22 vom
540 1139 163 33 Himmel
729 1138 185 43 kommen,
942 1136 78 35 und
1049 1136 163 36 daneben
1241 1147 262 34 gezwungene,
1533 1135 198 42 affectirte,

225 1199 177 33 mitunter
429 1210 95 32 ganz
552 1197 136 36 banale
707 1199 178 33 Phrasen.
914 1196 122 34 Dabei
1062 1197 50 33 ist
1140 1196 58 34 die
1218 1196 298 44 Stimmführung
1544 1196 80 32 eine
1654 1193 60 35 der-

227 1258 130 45 artige,
401 1258 86 33 dass
517 1269 38 22 es
583 1258 67 33 den
681 1258 165 43 Sängern
875 1257 74 33 fast
983 1256 105 33 nicht
1116 1255 254 34 zuzumuthen
1398 1256 61 42 ist,
1499 1254 80 35 ihre
1607 1254 126 33 Partie

226 1318 129 32 immer
382 1317 77 33 rein
487 1328 46 22 zu
561 1318 195 36 intoniren.

301 1376 88 34 Was
418 1387 76 22 nun
522 1376 58 33 die
608 1375 240 44 Aufführung
876 1373 63 36 der
965 1373 133 36 beiden
1128 1373 122 46 Opern
1279 1373 153 44 betrifft,
1471 1385 41 23 so
1538 1373 51 34 ist
1615 1371 116 35 leider

225 1435 102 34 nicht
355 1435 73 33 viel
450 1434 116 34 Gutes
594 1445 47 22 zu
668 1433 201 39 berichten.
898 1433 96 35 Herr
1020 1433 150 34 Pichler
1197 1433 148 34 leistete
1371 1434 51 32 im
1450 1433 166 45 Vampyr
1643 1433 68 34 Ver-

224 1494 237 35 dienstliches
474 1506 8 31 ;
511 1494 166 46 dagegen
704 1494 89 34 Hess
824 1494 77 34 sich
932 1505 113 23 unser
1072 1493 237 45 geschätzter
1337 1494 172 34 Tenorist
1537 1493 131 45 Meyer
1692 1493 39 33 in

225 1555 130 34 beiden
382 1556 172 33 Partieen
594 1567 48 22 zu
681 1555 301 35 bedauerlichem
1009 1555 176 35 Forciren
1225 1554 66 34 der
1318 1554 152 34 Stimme
1514 1553 217 42 hinreissen,

222 1615 76 34 und
327 1615 233 34 entwickelte
581 1616 210 33 manchmal
810 1615 98 34 auch
936 1616 51 32 im
1008 1615 115 34 Piano
1147 1614 244 42 Gaumenton,
1419 1613 64 34 der
1505 1613 98 34 auch
1628 1613 104 33 nicht

225 1675 205 44 angenehm
458 1675 121 35 wirkt.
633 1675 96 34 Herr
755 1675 131 45 Meyer
914 1674 64 34 hat
1006 1686 40 22 so
1074 1673 137 35 schöne
1237 1672 125 35 Mittel
1389 1672 76 35 und
1494 1684 40 23 so
1561 1672 171 45 tüchtige

225 1735 181 43 Anlagen,
435 1733 209 36 natürliche
663 1733 254 46 Empfindung
933 1733 76 34 und
1028 1732 128 44 Feuer,
1184 1731 88 35 dass
1299 1731 134 35 Fehler
1459 1732 71 34 wie
1559 1731 59 35 die
1646 1742 63 23 vor-

225 1795 207 44 geführten,
472 1794 94 34 und
609 1794 75 34 die
721 1794 98 33 sich
858 1797 101 31 erst
999 1794 43 32 in
1083 1792 178 35 letzter
1290 1792 106 34 Zeit
1437 1791 292 35 bemerkbar

225 1854 211 42 machen,
467 1866 70 22 von
566 1854 75 32 ihm
670 1853 84 34 sehr
782 1853 114 34 leicht
922 1851 212 35 vermieden
1162 1851 147 34 werden
1338 1851 161 34 können.

300 1913 173 34 Fräulein
503 1913 85 34 Carl
627 1912 127 35 schien
796 1924 45 23 an
878 1912 130 35 beiden
1039 1911 178 34 Abenden
1246 1911 102 34 nicht
1376 1914 68 42 gut
1472 1910 183 46 disponirt
1683 1922 47 23 zu

225 1974 90 34 sein.
343 1973 116 35 Desto
487 1973 126 35 besser
639 1973 89 34 aber
755 1984 75 23 war
858 1984 38 22 es
925 1972 177 34 Fräulein
1131 1971 125 35 Medal
1338 1983 85 22 zum
1452 1971 175 35 Schreien
1655 1971 77 34 und

223 2034 242 37 Tremuliren.
519 2035 71 33 Die
613 2034 117 45 junge
757 2037 117 33 Dame
902 2033 137 35 besitzt
1067 2033 137 34 Talent
1237 2032 75 35 und
1340 2032 213 35 natürliche
1578 2033 129 44 Beweg-

222 2091 158 35 lichkeit
406 2093 65 33 auf
500 2092 63 34 der
581 2093 143 43 Bühne,
752 2093 78 34 und
859 2104 107 23 wenn
995 2093 53 33 sie
1075 2093 59 33 ihr
1149 2093 120 33 Feuer
1296 2093 187 44 mässigen
1510 2091 77 35 und
1615 2091 117 35 durch

225 2152 174 33 Studium
428 2152 57 34 die
504 2153 154 34 Stimme
675 2153 157 46 gehörig
862 2164 47 23 zu
936 2152 221 35 verwenden
1185 2152 129 43 lernte,
1343 2163 41 23 so
1413 2151 126 34 würde
1566 2151 58 34 ihr
1652 2152 81 33 eine

225 2211 226 44 angenehme
479 2211 167 35 Carriere
672 2224 47 22 zu
748 2213 258 45 verkündigen
1035 2213 90 33 sein.
1169 2212 70 34 Die
1267 2211 122 35 Chöre
1417 2222 123 23 waren
1568 2211 69 33 wie
1664 2211 46 32 im-

221 2282 77 23 mer
326 2271 236 36 vortrefflich.

298 2333 79 33 Wir
418 2333 148 34 können
611 2333 100 35 diese
755 2332 268 46 Besprechung
1067 2331 105 35 nicht
1212 2331 215 43 schliessen,
1471 2330 96 35 ohne
1610 2331 121 44 einige

221 2392 129 35 Worte
377 2392 91 35 über
495 2392 69 35 den
593 2393 168 34 Zustand
799 2393 62 35 der
898 2392 167 45 hiesigen
1095 2392 100 45 Oper
1230 2392 51 33 im
1308 2391 257 46 Allgemeinen
1596 2402 45 23 zu
1671 2401 40 24 sa-

221 2463 85 33 gen.
336 2452 47 34 So
411 2463 89 33 gern
529 2453 66 34 wir
623 2452 69 34 den
721 2452 282 34 Verhältnissen
1028 2451 208 45 Rechnung
1263 2453 147 43 tragen,
1441 2450 116 35 durch
1590 2449 140 35 welche

221 2511 74 33 fast
322 2510 57 35 die
406 2515 170 42 grössten
594 2511 278 35 Meisterwerke
902 2522 69 23 von
1001 2522 151 23 unserer
1171 2510 131 34 Bühne
1324 2510 183 35 verbannt
1528 2510 92 43 sind,
1645 2509 86 35 weil

222 2570 58 34 die
306 2571 133 34 Kräfte
467 2572 108 34 dafür
603 2571 144 44 fehlen;
790 2583 41 23 so
868 2582 90 34 gern
997 2572 66 32 wir
1102 2571 66 33 das
1197 2570 157 34 Streben
1391 2571 64 34 der
1483 2570 248 46 Oberleitung

223 2632 245 42 anerkennen,
508 2633 67 32 mit
602 2632 69 33 den
700 2630 261 37 vorhandenen
987 2631 159 34 Kräften
1173 2630 66 35 das
1267 2630 165 46 möglich
1461 2632 110 33 Beste
1599 2643 111 23 vorzu-

221 2690 131 34 führen
451 2702 40 23 so
520 2691 147 34 können
696 2692 66 32 wir
792 2690 92 34 doch
916 2690 104 33 nicht
1047 2689 140 44 umhin,
1224 2690 71 33 auf
1319 2690 252 35 Uebelstände
1599 2689 110 35 hinzu-

223 2752 148 37 weisen,
402 2750 107 35 deren
538 2752 242 45 Beseitigung
809 2750 179 46 dringend
1018 2750 242 46 nothwendig
1298 2751 50 33 ist
1387 2750 78 35 und
1493 2754 111 31 unter
1632 2750 99 35 allen

223 2811 284 36 Verhältnissen
534 2811 185 45 gefordert
747 2811 146 34 werden
922 2811 114 35 kann.
1084 2811 51 34 Es
1164 2811 82 45 gibt
1273 2811 79 33 sich
1383 2813 70 32 seit
1480 2811 140 45 einiger
1650 2811 81 33 Zeit

223 2872 79 34 eine
320 2871 171 43 Lauheit,
511 2871 347 45 Gleichgültigkeit,
875 2872 58 33 ein
955 2871 151 45 Mangel
1126 2883 47 22 an
1199 2871 369 34 Zusammenwirken
1594 2872 38 32 in
1661 2870 70 35 den

223 2931 411 46 Opernvorstellungen
663 2931 104 34 kund
874 2932 57 34 die
960 2931 63 34 der
1288 2931 132 34 wollen
1451 2932 66 33 wir
1545 2930 56 34 als
1629 2931 73 33 Aus-

220 2992 134 35 nahme
381 2992 124 44 gelten
533 2992 121 33 lassen
677 3011 57 25 —,
765 2991 58 34 bei
851 2992 63 33 der
943 2992 84 33 kein
1049 2992 155 33 Institut
1230 2991 68 34 auf
1323 2991 59 34 die
1401 2992 127 33 Dauer
1555 2990 176 35 bestehen

221 3053 115 35 kann.
379 3053 95 33 Dem
514 3064 127 21 muss
678 3051 224 46 abgeholfen
933 3052 147 34 werden
1116 3053 49 31 im
1194 3053 183 33 Interesse
1406 3051 63 35 der
1493 3051 144 46 Sänger
1664 3052 69 33 wie

223 3112 64 35 des
314 3112 232 35 Publieums.
589 3113 85 34 Und
702 3116 108 42 möge
837 3124 86 22 man
954 3112 111 34 rasch
1093 3123 68 24 zur
1188 3112 98 36 That
1314 3112 197 43 schreiten,
1554 3123 40 24 so
1621 3111 112 45 lange

222 3173 97 33 noch
347 3173 58 33 die
431 3172 126 34 Kritik
595 3173 112 33 allein
743 3173 82 33 ihre
853 3173 153 33 Stimme
1034 3171 153 46 geltend
1215 3171 146 42 macht;
1407 3171 96 34 denn
1531 3182 106 23 wenn
1667 3171 67 33 das

222 3232 200 34 Publicum
450 3234 99 31 seine
578 3232 117 34 Sache
723 3232 118 35 selbst
869 3244 45 23 zu
943 3234 185 32 vertreten
1166 3232 167 45 beginnt,
1377 3231 98 34 dann
1517 3231 51 34 ist
1608 3243 38 22 es
1688 3243 46 22 zu

225 3293 84 44 spät
348 3291 80 35 Wir
456 3291 194 46 begnügen
679 3304 69 22 uns
776 3292 112 34 heute
918 3293 67 32 mit
1015 3291 120 35 dieser
1162 3291 240 47 Andeutung.
1460 3290 170 46 (Frankf.
1651 3291 56 46 Z.)

300 3413 50 33 Es
388 3411 128 44 heisst,
555 3413 96 35 Herr
693 3425 84 23 von
818 3413 184 35 Flotow
1042 3415 54 33 sei
1138 3415 68 33 mit
1243 3415 64 34 der
1335 3414 256 46 Composition
1634 3413 101 35 einer

225 3482 118 23 neuen
373 3471 98 46 Oper
576 3473 97 33 Text
701 3485 73 22 von
801 3473 121 34 Emil
951 3472 119 36 Pohl
1174 3473 241 46 beschäftigt.

292 3653 37 49 *)
357 3656 127 36 Hierin
515 3657 65 34 hat
609 3657 136 35 Weber
766 3657 299 45 Unglaubliches
1094 3659 182 45 geleistet.
1312 3659 44 34 In
1385 3658 63 35 der
1474 3657 258 36 Introduction

354 3715 63 34 der
445 3716 380 35 Oberon-Ouverture
851 3717 143 34 kommt
1022 3718 78 33 eine
1129 3718 114 33 Stelle
1271 3729 77 31 vor,
1378 3729 56 23 wo
1463 3717 59 34 die
1550 3716 163 35 Clarinet-

355 3777 62 31 ten
456 3775 87 34 den
573 3776 287 36 Grundbass
901 3778 128 33 einer
1066 3777 210 35 Melodie
1319 3777 187 43 führen,
1549 3776 184 34 welche

354 3846 90 22 von
472 3836 85 34 den
587 3836 125 34 Celli
741 3837 299 44 ausgeführt
1068 3837 126 35 wird.
1222 3838 121 33 Wenn
1372 3848 85 23 man
1486 3837 101 34 diese
1617 3836 117 35 Stelle

359 3894 67 32 auf
450 3893 82 35 dem
560 3895 135 45 Papier
738 3896 108 44 sieht,
888 3907 40 22 so
957 3895 101 35 kann
1083 3907 84 23 man
1197 3896 56 34 die
1282 3896 253 46 wunderbare,
1580 3894 132 36 zauber-

359 3951 101 34 hafte
489 3954 183 45 Wirkung
700 3954 62 35 der
790 3955 247 44 Ausführung
1063 3956 104 33 nicht
1194 3955 129 36 ahnen.

272 4006 63 49 **)
364 4010 115 34 Stirbt
520 4012 91 34 doch
655 4013 62 35 der
743 4015 167 44 Yampyr
950 4014 60 35 bei
1052 4014 214 36 demselben
1293 4015 190 35 Pizzicato
1512 4013 62 35 der
1603 4013 129 47 Bässe,

362 4068 65 36 das
456 4070 94 33 auch
580 4071 170 46 Caspars
780 4073 79 34 Tod
883 4073 198 44 begleitet!

2166 3559 71 51 piß

1805 3619 185 36 erscheint
2020 3619 113 46 jeden
2172 3621 170 45 Samstag
2383 3622 38 31 in
2464 3622 122 33 einem
2627 3633 145 34 ganzen
2806 3622 129 45 Bogen
2978 3621 69 34 mit
3080 3618 240 47 zwanglosen

1806 3670 192 46 Beilagen.
2104 3671 76 33 Der
2203 3671 379 46 Abonnementspreis
2602 3671 147 47 beträgt
2782 3673 59 33 für
2870 3672 64 33 das
2954 3670 186 45 Halbjahr
3167 3667 23 37 2
3206 3670 114 42 Thlr.,

1805 3721 60 35 bei
1892 3721 71 34 den
1984 3721 47 34 K.
2060 3732 139 34 preuss.
2222 3720 306 35 Post-Anstalten
2557 3721 23 35 2
2595 3722 102 34 Thlr.
2723 3722 21 36 5
2764 3722 80 45 Sgr.
2899 3723 94 32 Eine
3022 3719 167 35 einzelne
3208 3720 84 36 Num-

1806 3783 77 23 mer
1909 3770 24 36 4
1962 3772 80 45 Sgr.
2095 3772 487 45 Einrückungs-Gebühren
2610 3784 67 35 per
2702 3772 195 34 Petitzeile
2925 3771 22 36 2
2977 3772 80 45 Sgr.

1907 3823 125 34 Briefe
2058 3822 79 34 und
2155 3822 274 45 Zusendungen
2462 3822 92 35 aller
2572 3824 69 34 Art
2667 3822 151 35 werden
2845 3827 110 30 unter
2983 3822 64 35 der
3069 3820 164 37 Adresse
3261 3820 63 35 der

1806 3874 51 33 M.
1888 3872 535 46 DuMont-Schauberg'schen
2450 3873 301 46 Buchhandlung
2777 3875 39 32 in
2845 3874 101 34 Köln
2975 3874 162 35 erbeten.

1925 3970 355 36 Verantwortlicher
2306 3970 282 47 Herausgeber:
2618 3972 100 34 Prof.
2749 3970 36 35 L
2788 3996 12 12 ♦
2828 3970 173 46 Bischoff
3023 3973 41 33 in
3090 3970 115 38 Köln.

1883 4022 195 47 Verleger:
2109 4020 53 37 Jf.
2192 4020 422 48 DuMont-Schernberg'
2619 4022 88 35 sehe
2733 4022 302 47 Buchhandlung
3062 4024 41 33 in
3130 4021 116 37 Köln.

1843 4073 188 38 Drucker:
2062 4072 54 36 M.
2145 4072 67 34 Du
2214 4070 342 48 Moni-Schauberg
2584 4074 38 34 in
2649 4073 113 44 Köln,
2800 4074 241 36 Breitstrasse
3069 4073 49 38 76
3142 4085 35 24 u.
3209 4072 62 42 78.

2333 328 446 74 ZttkiittMflttttijett.

2188 496 203 43 UEUE
2439 496 488 43 MUSICALIEN

1865 571 68 54 im
1973 568 205 71 Verlage
2217 587 95 36 von
2352 568 273 71 Breitkopf
2658 571 41 52 &
2737 569 169 55 Härtel
2946 571 51 53 in
3038 572 212 72 Leipzig.

1806 665 252 42 Converse,
2105 663 70 33 Ck.
2219 663 196 41 Crozat,
2452 662 25 33 6
2505 662 128 34 Lieder
2665 664 63 42 für
2763 664 77 34 eine
2868 664 167 46 Sopran-
3064 667 83 35 oder
3179 667 136 35 Tenor-

2108 716 137 32 stimme
2272 714 63 33 mit
2363 713 207 45 Begleitung
2598 714 59 33 des
2685 714 221 45 Pianoforle.
2960 717 50 33 25
3035 717 85 47 Ngr.

1805 766 142 43 Fink,
1989 766 111 43 Chr.,
2144 765 63 46 Op.
2238 764 60 42 16,
2337 764 93 34 Zwei
2457 764 151 34 Sonatin
2613 777 43 23 en
2681 766 65 43 für
2773 766 66 34 das
2867 767 117 35 Piano
2984 769 106 43 forte.
3123 768 65 39 Nr.
3218 769 35 37 1.
3281 769 25 34 2

2109 815 100 34 ä2O
2238 815 85 45 Ngr.
2378 815 18 33 1
2433 815 93 34 Thlr.
2558 815 48 34 10
2634 816 83 45 Ngr.

1803 868 98 36 Hill
1910 880 63 31 er,
2003 868 55 42 F.,
2090 867 63 47 Op.
2180 866 64 42 87,
2279 866 164 41 Toccata,
2473 865 141 45 Adagio
2642 867 78 34 und
2748 867 204 47 Capriccio.
2987 868 240 36 Violinstücke
3254 870 64 33 mü

2111 917 381 45 Ciavier-Begleitung.
2547 917 18 33 1
2602 918 93 36 Thlr.
2727 919 45 32 15
2801 918 89 46 Ngr.

2010 970 62 46 Op.
2099 968 64 43 88,
2193 969 188 45 Capriccio
2408 969 63 42 für
2499 968 65 34 das
2594 968 227 45 Pianoforle.
2879 971 48 33 25
2959 971 84 44 Ngr.

1804 1022 179 33 Jansen
1997 1049 9 19 }
2036 1021 41 35 F.
2109 1020 52 42 G.,
2191 1019 62 47 Op.
2281 1019 63 41 25,
2371 1020 24 31 4
2418 1019 127 34 Lieder
2569 1022 65 41 für
2662 1022 77 32 eine
2766 1020 228 47 Singstimme
3021 1023 64 34 mit
3112 1022 206 46 Begleitung

2111 1073 59 32 des
2199 1070 115 33 Piano
2315 1071 103 42 forte.
2476 1070 49 33 18
2552 1070 79 44 Nc/r

1806 1123 152 37 Mende
1969 1124 91 34 lsso
2071 1124 54 34 hn
2138 1121 187 34 -Barlh
2337 1133 18 22 o
2369 1121 11 34 l
2391 1121 22 33 d
2424 1133 34 33 y,
2488 1121 55 42 F.,
2571 1121 25 34 8
2622 1123 248 45 vierstimmige
2892 1124 125 33 Lieder
3031 1125 64 43 für
3109 1124 77 33 eine
3208 1125 110 45 Sing-

2109 1175 136 33 stimme
2285 1173 62 33 mit
2389 1172 202 45 Begleitung
2633 1173 59 35 des
2721 1173 116 35 Piano
2838 1176 106 42 forte,
2985 1175 226 46 eingerichtet
3250 1187 68 22 von

2111 1229 40 31 F.
2184 1224 28 33 G
2255 1224 185 34 Jansen.
2497 1224 47 32 25
2575 1223 90 46 Ngr.

1805 1277 204 42 Mozart,
2046 1276 52 36 W.
2129 1276 59 41 A.,
2219 1274 112 33 Arien
2360 1276 65 32 mit
2455 1275 202 46 Begleitung
2686 1275 59 34 des
2775 1276 216 37 Orchesters.

1958 1329 64 35 Nr.
2049 1328 34 35 3.
2114 1328 86 33 Arie
2224 1327 66 43 für
2323 1325 136 34 Tenor:

2109 1378 156 35 Misero!
2286 1376 27 34 0
2328 1389 122 33 sogno,
2466 1389 18 21 o
2497 1389 64 22 son
2579 1377 93 34 desto
2686 1378 18 33 ?
2728 1378 21 44 (
2763 1377 101 35 Wehe
2878 1380 92 33 mir!
2982 1378 77 35 ist's
3086 1378 178 35 Wahrheit
3277 1377 39 43 ?)

2161 1428 165 34 Partitur
2377 1427 51 34 22
2436 1427 21 45 V
2478 1427 20 45 2
2519 1427 82 45 Ngr.

2163 1479 185 35 Orchester
2351 1479 163 33 stimmen
2570 1479 17 33 1
2625 1479 94 34 Thlr.
2747 1480 23 32 5
2800 1480 92 46 Ngr.

2163 1531 315 43 Ciavier-Auszug
2535 1531 43 33 17
2585 1530 8 19 l
2595 1535 19 35 /
2615 1553 16 24 2
2659 1530 85 45 Ngr.

1958 1583 64 35 Nr.
2051 1583 32 34 4.
2115 1582 119 33 Seena
2261 1594 17 21 e
2307 1579 179 36 Cavatina
2510 1581 64 43 für
2601 1581 165 47 Sopran:

2109 1634 70 41 Ah,
2208 1632 32 34 lo
2265 1632 162 47 preridi!
2453 1631 115 45 (Ach,
2597 1634 113 33 meine
2739 1632 200 47 Ahnung!)

2161 1684 165 34 Partitur
2374 1683 48 33 25
2454 1683 85 45 Ngr.

2163 1735 349 35 Orchesterstimmen
2568 1735 17 33 1
2622 1735 95 35 Thlr.
2746 1735 22 33 5
2799 1735 86 45 Ngr.

2163 1785 311 47 Clavier-Auszug
2527 1786 48 34 25
2605 1786 90 46 N^r.

1960 1839 67 37 Nr.
2054 1838 36 38 9.
2120 1838 88 34 Arie
2231 1838 65 43 für
2322 1836 115 35 Bass:

2109 1890 48 34 Mt
2168 1895 78 28 ntre
2273 1890 27 33 ti
2326 1888 138 34 lascio!
2494 1888 118 44 (Bald
2639 1901 97 22 muss
2764 1888 58 35 ich
2848 1888 82 35 dich
2956 1889 181 35 verlassen
3149 1891 36 45 !)

2163 1940 163 34 Partitur
2380 1940 45 33 15
2456 1938 90 47 Ngr.

2164 1992 350 34 Orchesterstimmen
2570 1991 18 34 1
2625 1992 93 37 Thlr.

2162 2042 313 46 Ciavier-Auszug
2530 2043 46 33 l7
2585 2044 9 15 l
2594 2043 20 44 /
2615 2066 15 24 2
2658 2043 85 46 Ngr.

2006 2095 179 34 Serenade
2210 2095 63 44 für
2300 2094 366 39 Blas-Instrumente.
2695 2095 266 44 Arrangement
2984 2094 64 44 für
3076 2093 66 37 das
3170 2093 146 37 Piano-

2107 2147 94 44 forle
2228 2158 43 21 zu
2298 2145 25 34 4
2351 2145 153 36 Händen
2569 2146 24 32 2
2627 2146 94 35 Thlr.
2751 2145 48 34 10
2827 2146 86 45 Ngr.

1806 2195 87 36 Per
1898 2197 118 45 fall,
2046 2197 58 42 K.,
2138 2198 62 45 Op.
2223 2196 37 42 8,
2295 2197 265 33 Dornröschen.
2592 2198 181 43 Dichtung
2799 2209 70 21 von
2897 2197 153 34 Franz
3080 2197 145 42 Bonn,
3252 2198 64 43 für

2108 2248 88 43 Soli,
2225 2246 94 35 Chor
2346 2248 76 33 und
2452 2247 196 35 Orchester.
2704 2248 163 33 Partitur
2894 2248 22 32 5
2952 2248 92 37 Thlr.

1805 2299 145 34 Reine
1961 2299 100 43 che,
2104 2298 50 45 C.,
2198 2299 60 47 Op.
2288 2298 63 42 66,
2392 2298 221 48 Impromptu
2647 2298 86 34 über
2768 2299 58 33 ein
2854 2298 109 36 Motiv
2991 2311 68 22 aus
3088 2299 34 34 R
3163 2298 57 35 Sc
3231 2299 85 33 hu-

2111 2362 68 22 ma
2190 2362 22 22 n
2225 2362 23 22 n
2271 2362 17 22 s
2325 2349 181 44 Manfred,
2544 2350 64 46 für
2636 2350 23 32 2
2688 2351 221 42 Pianoforle.
2956 2350 265 46 Arrangement
3252 2351 66 43 für

2111 2402 65 34 das
2217 2401 211 44 Pianoforte
2467 2414 45 21 zu
2552 2403 75 33 vier
2667 2401 153 35 Händen
2859 2414 80 22 vom
2977 2401 260 48 Componisten,
3295 2401 18 33 1

2114 2453 95 35 Thlr.
2238 2454 22 32 5
2289 2452 93 46 Ngr.

1808 2503 219 46 Taneeff,
2055 2504 50 43 S.,
2136 2504 164 42 Quatuor
2324 2516 95 35 pour
2446 2504 24 32 2
2508 2503 155 44 Violons,
2701 2504 102 34 Viola
2831 2510 31 28 et
2899 2504 226 38 Violoncelle♦

2110 2556 166 34 Partitur
2330 2556 17 33 1
2384 2555 93 36 Thlr.
2505 2556 20 32 5
2558 2556 86 45 Ngr.

2109 2608 172 33 Stimmen
2338 2607 18 33 1
2392 2607 93 35 Thlr.
2514 2607 51 33 20
2594 2607 85 45 Ngr.

1810 2658 119 43 Veit,
1968 2658 51 36 W.
2050 2659 55 42 H.,
2137 2659 64 47 Op.
2229 2658 62 43 49,
2323 2658 215 46 Symphonie
2563 2659 63 43 für
2658 2658 196 36 Orchester.

2109 2710 167 34 Partitur
2328 2711 21 32 5
2385 2709 94 36 Thlr.

2113 2761 349 34 Orchesterstimmen
2515 2762 22 31 7
2572 2760 95 36 Thlr.
2700 2760 46 34 10
2775 2761 86 45 Ngr.

2110 2812 312 45 Ciavier-Auszug
2450 2824 44 21 zu
2520 2812 74 33 vier
2625 2812 154 35 Händen
2831 2812 24 33 2
2890 2812 92 37 Thlr.
3013 2813 45 34 15
3088 2812 93 47 Ngr.

1804 2929 152 45 Marx,
1997 2929 43 39 A.
2079 2930 56 43 8.,
2192 2930 239 45 Vollständige
2458 2929 232 39 Chorschule.
2718 2930 64 35 Mit
2817 2930 308 47 Uebungsstücken
3153 2933 39 33 in
3219 2931 99 35 Par-

2111 2983 99 34 titur.
2265 2982 23 33 2
2322 2982 93 34 Thlr.
2446 2982 46 33 15
2523 2982 87 44 Ngr.

2008 3031 224 42 Ausqeselzte
2260 3033 171 35 Stimmen
2472 3045 45 22 zu
2557 3033 67 33 den
2659 3032 307 41 Uebunqsstücken
2995 3034 62 34 der
3089 3034 96 35 Chor
3187 3033 133 36 schule.

2110 3085 18 33 1
2166 3085 94 33 Thlr.

1812 3134 276 44 Volckmar,
2124 3136 67 42 W.,
2221 3135 304 35 Harmonielehre.
2559 3134 184 35 Zunächst
2769 3147 81 22 zum
2871 3135 207 37 Gebrauche
3102 3137 65 45 für
3186 3135 134 36 Schul-

2112 3188 75 34 lehr
2190 3188 297 34 er-Seminarien.
2542 3187 24 32 2
2599 3186 95 37 Thlr.
2725 3186 45 34 15
2801 3187 85 45 Ngr.

1911 3301 85 35 Alle
2033 3301 41 35 in
2112 3301 120 35 dieser
2260 3301 304 47 Musik-Zeitung
2602 3301 274 45 besprochenen
2903 3301 83 35 und
3012 3300 306 48 angekündigten

1808 3352 224 36 Musicalien
2061 3358 64 29 etc.
2153 3352 88 34 sind
2283 3364 46 22 zu
2364 3352 170 35 erhalten
2567 3352 41 34 in
2636 3352 69 35 der
2732 3358 85 28 stets
2843 3352 228 46 vollständig
3097 3353 221 34 assortirten

1808 3403 463 46 Musicalien-Handlung
2294 3404 83 34 und
2403 3403 242 36 Leihanstalt
2671 3415 73 24 von
2761 3402 309 36 BERNHARD
3090 3402 228 37 BREUER

1808 3453 41 36 in
1877 3454 115 36 Kölns
2020 3453 248 36 Hochstrasse
2295 3453 73 36 Nr.
2398 3456 60 33 97.
