3576 4447
361 171 1443 208 Niederrheinische
1951 171 1174 269 Musik-Zeitung

729 445 188 87 für
968 448 861 84 Kunstfreunde
1885 448 234 81 und
2172 440 582 92 Hünstier.

185 641 444 85 Herausgegeben
668 660 102 37 von
816 640 270 57 Professor
1127 642 58 52 L.
2253 640 244 73 Bischoff.
1628 637 197 85 Verlag
1866 637 91 57 der
2092 640 735 73 DuMont-Schauberglschen
2864 642 433 88 Buchhandlung.

253 1028 212 39 Inhalt.

509 1026 90 39 Von
627 1025 215 39 weltlicher
870 1024 141 40 Musik.
1041 1025 49 38 IL
1121 1025 91 38 Von
1243 1025 67 38 Dr.
1339 1023 85 40 Ed.
1453 1024 212 49 Krüger.
1769 1023 182 39 Mozart's
1981 1023 90 39 Cosi
2098 1023 63 40 fan
2189 1028 110 35 tutte.
2327 1025 92 39 Yon
2449 1026 43 39 L.
2520 1026 263 47 Nitzsche,
2821 1029 87 50 geb.
2947 1029 304 41 Kindscher.

147 1088 256 40 Beethoven's
432 1086 132 40 Musik
593 1098 88 26 zum
710 1085 125 39 Ballet
864 1085 270 39 Prometheus.
1189 1084 101 39 Eine
1319 1084 294 50 Berichtigung.
1666 1082 92 39 Yon
1787 1084 67 38 Dr.
1883 1085 42 37 L.
1954 1084 381 40 Sonnleithner.
2496 1087 266 40 Walcker's
2806 1088 120 52 Orgel
2966 1091 55 39 im
3061 1091 181 41 Münster
3282 1105 48 26 zu

147 1150 99 39 Ulm.
355 1149 195 37 Deutsche
580 1147 202 39 Tonhalle.
891 1148 178 48 Tages-
1099 1146 98 39 und
1227 1141 564 54 Unterhaltungsblatt
1845 1144 213 51 (Elberfeld
2163 1145 125 40 Essen
2392 1147 135 40 Berlin
2634 1149 190 51 Leipzig).

606 1419 110 58 Von
752 1417 276 61 weltlicher
1065 1417 162 58 Musik.

893 1557 55 46 II.

275 1693 95 52 Soll
399 1710 94 32 nun
522 1690 200 51 wirklich
751 1709 85 33 von
868 1691 142 50 einem
1039 1691 276 51 Fortschritt
1344 1693 43 49 in
1425 1691 80 51 der
1550 1694 142 67 Oper,

153 1776 101 53 dem
285 1793 104 32 man
418 1775 277 65 heutzutage
727 1774 105 48 sehr
863 1774 80 48 auf
967 1774 81 48 der
1076 1775 123 66 Spur
1228 1774 94 51 sein
1352 1774 104 58 will,
1479 1774 71 51 die
1565 1776 127 50 Rede

151 1860 110 57 sein,
290 1876 49 31 so
371 1859 59 47 ist
459 1856 98 50 eine
583 1855 245 51 Rückkehr
860 1873 80 32 aus
971 1855 289 50 fieberhafter
1300 1856 393 69 Ueberspannung

151 1961 56 30 zu
239 1940 207 50 echter
477 1939 299 67 gesunder
818 1938 617 51 Volkstümlichkeit
1471 1940 71 50 die
1573 1949 122 42 erste

149 2024 286 64 Forderung,
460 2020 173 52 welche
662 2039 55 32 zu
743 2020 186 51 erfüllen
957 2022 147 49 indess
1122 2022 147 50 neben
1296 2024 80 48 der
1401 2024 294 65 gesunkenen

149 2104 328 52 Productivität
503 2104 145 48 dieser
677 2103 99 48 Zeit
802 2104 115 48 noch
949 2104 189 50 manche
1166 2105 169 50 andere
1350 2104 225 51 Einflüsse
1597 2107 72 49 hin-

151 2187 166 52 derlich
348 2185 112 52 sind.
604 2185 105 51 Wir
739 2187 178 48 meinen
948 2187 77 49 mit
1049 2185 153 66 jenem
1232 2206 51 33 so
1314 2187 208 67 vielfältig
1564 2188 103 51 miss-

151 2269 331 54 verstandenen
512 2268 172 52 Worte
713 2268 123 51 nicht
868 2268 139 53 flache
1038 2270 281 68 Popularität
1349 2270 92 51 und
1472 2270 197 69 Seichtig-

150 2353 106 58 keit,
285 2352 112 49 oder
427 2350 99 50 eine
555 2352 159 57 Leere,
745 2350 284 67 dergleichen
1061 2352 239 59 Donizetti,
1330 2352 169 59 Bellini,
1521 2352 171 61 Auber,

149 2436 183 49 Flotow
372 2451 47 37 u.
466 2433 59 50 A.
571 2432 198 51 harmlos
807 2450 152 49 genug
1000 2436 70 49 für
1109 2436 455 50 Volkstümlichkeit
1594 2453 74 32 ver-

116 2518 213 55 kaufen,
370 2514 195 51 sondern
597 2514 70 50 die
696 2514 223 51 weltliche
950 2518 179 50 Freude
1160 2519 90 50 und
1274 2518 307 59 Fasslichkeit,
1608 2519 84 50 wie

151 2603 64 47 sie
264 2616 164 33 unsere
469 2598 283 50 Volkslieder
794 2599 85 49 voll
922 2601 196 50 Tiefsinn
1160 2602 287 52 offenbaren:
1505 2602 79 49 mit
1623 2602 69 49 ihr

150 2683 170 50 könnte
372 2681 70 49 die
485 2681 129 66 Oper
657 2681 263 66 hergestellt
949 2683 90 48 und
1071 2682 140 51 selbst
1237 2702 145 49 gegen
1414 2686 176 51 Mozart
1620 2702 46 31 er-

149 2766 113 51 höht
292 2763 200 59 werden,
522 2780 131 31 wenn
685 2763 68 48 ein
781 2763 195 66 gleicher
1005 2766 396 52 Melodieenstrom
1432 2770 43 48 in
1501 2785 190 33 unserer

150 2847 98 50 Zeit
277 2845 197 67 möglich
503 2848 137 55 wäre,
671 2845 90 50 und
792 2845 69 50 die
891 2847 213 65 heutigen
1136 2848 325 51 dramatischen
1494 2850 165 68 Compo-

151 2930 147 49 nisten
329 2927 116 50 eben
474 2930 116 47 Lust
620 2928 169 57 hätten,
822 2947 93 32 was
944 2930 196 50 Rechtes
1173 2950 54 30 zu
1270 2932 169 59 lernen,
1480 2933 93 50 und
1611 2951 80 33 aus

153 3012 100 51 dem
284 3011 247 66 tüchtigen,
548 3010 266 50 saftreichen
844 3012 137 51 Alten
1010 3013 69 50 ihr
1109 3015 156 49 dürres
1288 3016 229 51 Neuthum
1542 3034 55 31 zu
1621 3034 47 33 er-

149 3110 150 37 neuen
324 3092 122 52 nicht
477 3092 356 52 verschmähten.
858 3096 132 50 Denn
1016 3096 275 50 wunderlich
1316 3115 102 32 zum
1443 3099 250 50 mindesten

153 3177 171 51 scheint
352 3194 85 33 uns
461 3176 106 65 jene
595 3176 162 58 Lehre,
789 3195 80 32 zur
898 3179 252 67 Erneuung
1180 3180 80 49 der
1289 3181 129 66 Oper
1447 3189 93 43 erst
1562 3182 133 66 völlig

150 3260 200 49 brechen
381 3276 55 32 zu
469 3262 182 46 müssen
680 3259 80 49 mit
790 3260 101 49 dem
919 3261 284 51 Alterthum!
1261 3262 65 50 als
1359 3280 130 34 wenn
1518 3265 177 49 Mozart

151 3342 101 66 (der
301 3341 145 67 Alte!)
499 3341 117 51 ohne
657 3341 262 51 Alterthum
966 3345 247 65 geworden
1245 3350 137 53 wäre,
1413 3364 92 33 was
1536 3364 51 32 er
1614 3346 79 51 ist!

262 3425 67 48 Zu
353 3424 153 66 jenem
536 3431 151 42 ersten
715 3425 310 51 Erforderniss
1056 3430 172 47 müsste
1256 3429 116 49 dann
1396 3429 299 61 hinzutreten,

151 3523 94 33 was
276 3505 115 51 eben
423 3521 51 33 so
506 3505 236 67 schwierig
772 3506 328 52 beizuschaffen
1132 3507 56 51 ist
1217 3510 63 48 als
1311 3510 71 50 die
1425 3511 267 66 mangelnde

151 3587 362 51 Tonschönheit:
544 3589 192 49 nämlich
769 3596 108 59 gute
907 3590 306 50 Textbücher.
1272 3593 188 49 Neulich
1489 3594 58 49 ist
1575 3593 122 52 nicht

151 3671 285 66 unglücklich
469 3671 80 50 der
578 3673 253 66 Vorschlag
860 3674 211 65 gemacht
1100 3674 200 58 worden,
1317 3675 69 50 die
1416 3676 281 51 altdeutsche

151 3753 261 58 Romantik,
442 3753 71 50 die
541 3753 285 68 Nibelungen
856 3763 85 42 etc.
973 3755 42 50 in
1057 3756 77 50 das
1176 3756 309 51 musicalische
1527 3759 170 49 Drama

154 3835 306 51 einzuführen.
518 3835 133 50 Auch
680 3854 86 33 uns
795 3836 173 52 scheint
1002 3839 80 48 der
1113 3839 108 48 Plan
1251 3839 121 49 nicht
1402 3841 295 60 verwerflich,

153 3937 89 34 nur
270 3919 207 49 fürchten
508 3918 82 50 wir
619 3919 70 49 für
719 3920 69 50 die
813 3921 313 68 Ausführung,
1156 3939 135 32 wenn
1321 3923 83 49 wir
1434 3924 160 51 dessen
1620 3942 51 49 ge-

155 4001 193 59 denken,
379 4019 94 33 was
503 4000 43 51 in
576 4000 87 51 den
694 4001 169 54 letzten
887 4005 200 68 zwanzig
1112 4004 167 51 Jahren
1297 4004 41 51 in
1363 4005 173 52 diesem
1551 4007 148 50 Fache

155 4085 211 52 versucht
395 4085 93 52 und
518 4084 207 68 geleistet
753 4085 72 52 ist.

1910 1364 107 49 Man
2058 1364 138 50 meint
2238 1365 58 51 im
2328 1365 183 51 Ganzen
2542 1368 312 67 gegenwärtig
2883 1366 184 52 bessere
3094 1370 149 50 Texte
3272 1388 58 33 zu

1788 1444 214 61 besitzen,
2032 1446 64 50 als
2125 1446 60 50 im
2216 1464 315 51 vergangenen
2559 1450 336 60 Jahrhundert;
2931 1451 205 68 dagegen
3165 1453 78 49 hat
3269 1454 56 49 E.

1786 1528 52 49 T.
1870 1528 56 49 A.
1959 1528 242 52 Hoffmann
2230 1530 79 50 auf
2335 1530 68 50 die
2445 1531 229 68 poetische
2712 1531 124 50 Tiefe
2876 1533 80 49 der
2994 1534 334 52 Mozartischen

1787 1610 287 67 Operntexte
2097 1611 301 51 aufmerksam
2422 1613 224 67 gemacht.
2677 1615 158 51 Wenn
2857 1633 95 32 nun
2976 1616 114 50 auch
3112 1615 187 52 dieHoff-

1782 1694 257 49 mann'sche
2055 1694 278 67 Auffassung
2363 1696 303 66 phantastisch
2695 1695 291 52 übertrieben
3014 1698 71 58 ist,
3108 1715 52 34 so
3202 1699 101 51 stim-

1783 1792 103 31 men
1917 1775 117 50 doch
2063 1776 84 49 alle
2178 1776 202 68 poetisch
2411 1778 250 49 Gesinnten
2689 1779 44 48 in
2764 1778 103 51 dem
2898 1778 293 67 allgemeinen
3240 1780 58 50 Er-

1783 1856 181 68 gebniss
1994 1858 200 59 überein,
2224 1859 102 50 dass
2356 1859 81 51 der
2464 1859 180 67 Mangel
2674 1878 56 32 an
2760 1860 159 51 Poesie
2940 1860 42 51 in
2999 1862 136 66 jenen
3152 1862 174 52 älteren

1782 1942 180 48 Texten
1993 1940 128 51 mehr
2149 1942 235 50 scheinbar
2407 1942 61 50 sei
2490 1943 62 49 als
2572 1943 216 61 wirklich,
2808 1943 101 51 weil
2934 1962 86 32 nur
3038 1944 78 51 das
3140 1948 186 47 äussere

1783 2024 370 66 Sprachgewand
2182 2024 304 67 nachlässiger
2515 2024 245 51 behandelt
2787 2043 110 34 war.
2926 2027 96 48 Der
3048 2027 157 50 innere
3234 2028 61 49 Ge-

1783 2105 93 50 halt
1907 2105 77 51 des
2015 2107 205 54 heroisch
2252 2107 244 50 sinnlichen
2524 2109 104 48 Don
2657 2109 135 59 Juan,
2829 2108 78 49 des
2948 2108 378 52 humoristischen

1785 2188 177 67 Figaro,
1993 2188 81 51 der
2102 2189 273 69 mystischen
2402 2189 305 60 Zauberflöte,
2738 2190 80 51 der
2839 2190 99 53 naiv
2956 2190 240 51 zärtlichen
3210 2192 87 51 Ent-

1781 2269 199 68 führung
2011 2272 90 49 und
2131 2290 52 31 so
2213 2272 133 49 vieler
2375 2272 168 51 damals
2568 2270 225 53 beliebten
2811 2274 159 66 Opern
2985 2273 56 50 ist
3058 2273 114 51 doch
3192 2291 131 49 gross

1782 2370 167 48 genug,
1979 2371 76 32 um
2086 2353 70 50 die
2183 2354 392 66 Ungelenkheiten
2606 2354 79 50 der
2714 2354 202 68 Sprache
2947 2373 56 31 zu
3031 2354 290 69 übertragen.

1783 2436 200 49 Seitdem
2013 2434 109 51 aber
2152 2437 283 49 Hoffmann's
2476 2438 144 51 Wort
2661 2437 245 66 gefährlich
2945 2438 380 51 missverstanden

1783 2517 70 49 die
1882 2517 191 51 Kleinen
2102 2518 167 66 ergriff,
2296 2518 55 50 da
2379 2519 197 50 meinten
2606 2519 63 50 sie
2698 2518 96 61 alle,
2826 2536 47 33 es
2914 2519 150 50 müsse
3099 2521 226 49 nunmehr

1783 2599 72 50 für
1895 2599 69 51 die
2007 2601 155 49 wahre
2203 2602 129 67 Oper
2375 2610 141 43 etwas
2547 2618 111 50 ganz
2689 2602 335 49 Erstaunliches
3055 2603 91 50 und
3178 2602 116 51 Uner-

1783 2682 155 49 hörtes
1970 2682 66 49 ins
2068 2683 148 50 Werk
2248 2691 174 60 gesetzt
2453 2683 200 59 werden,
2683 2683 91 50 und
2806 2683 194 50 fabelten
3038 2701 87 33 von
3172 2701 152 34 neuen

1782 2763 334 51 romantischen
2145 2765 289 68 Dichtungen
2464 2766 62 49 als
2558 2766 102 51 dem
2690 2766 186 49 wahren
2919 2766 145 51 Stoffe
3104 2767 195 50 musicali-

1782 2847 132 51 scher
1942 2847 259 50 Dramatik:
2232 2848 63 50 als
2327 2865 132 34 wenn
2488 2848 122 50 diese
2636 2848 120 50 nicht
2779 2848 149 66 längst
2951 2866 80 33 vor
3053 2848 157 51 Scribe
3231 2850 94 49 und

1782 2928 243 51 Melesville
2067 2928 263 61 bestanden,
2374 2931 226 66 gedichtet
2643 2930 92 50 und
2778 2947 232 50 gesungen
3052 2935 155 47 wären
3238 2949 86 33 von

1785 3013 177 50 Mozart
1992 3011 66 52 bis
2088 3013 205 51 Weber!
2350 3013 112 51 Bald
2502 3013 209 50 erwuchs
2741 3012 86 51 den
2858 3012 320 67 Componisten
3208 3015 87 49 Ver-

1781 3095 226 66 legenheit
2036 3112 80 34 aus
2149 3093 87 54 den
2263 3096 68 52 ins
2370 3096 117 50 Eitle
2525 3095 417 51 überwachsenden
2985 3095 341 62 Textbüchern,

1785 3177 70 50 die
1899 3195 95 33 nun
2037 3179 115 49 auch
2195 3179 70 50 für
2307 3179 91 52 sich
2443 3177 228 69 poetische
2712 3177 272 66 Bedeutung
3008 3177 45 51 in
3084 3177 245 70 Anspruch

1785 3260 208 49 nahmen.
2049 3261 159 51 Davon
2249 3280 96 32 war
2385 3259 346 68 Euryanthe
2775 3260 79 48 das
2884 3266 122 43 erste
3036 3259 293 52 bedenkliche

1786 3341 206 69 Beispiel,
2022 3341 117 51 denn
2169 3345 80 49 der
2280 3342 344 68 gewissenhafte
2652 3341 277 51 Tondichter
2957 3342 140 50 fühlte
3126 3342 91 50 sich
3249 3359 53 49 ge-

1786 3425 222 65 drungen,
2032 3424 127 66 jedes
2191 3427 142 50 Wort
2363 3426 78 50 des
2470 3425 173 48 Textes
2672 3424 357 61 auszudrücken,
3064 3424 62 66 ja,
3164 3441 138 33 auszu-

1787 3524 210 52 pressen;
2027 3507 97 50 eine
2154 3509 273 58 kränkliche,
2458 3515 228 42 verzerrte
2717 3507 173 49 Gestalt
2918 3524 95 33 war
3043 3506 79 50 das
3151 3506 150 67 Ergeb-

1787 3590 109 58 niss,
1924 3589 44 51 in
1998 3590 196 51 welcher
2222 3591 69 50 die
2321 3593 128 49 Töne
2479 3590 84 51 wie
2594 3589 68 51 die
2694 3589 169 51 Worte
2893 3589 93 49 sich
3018 3589 141 51 selbst
3199 3589 129 51 mehr

1788 3671 340 61 verdunkelten,
2147 3674 62 51 als
2239 3674 294 66 gestalteten;
2563 3671 243 50 höchstens
2824 3670 146 69 gaben
3000 3673 201 49 einzelne
3222 3671 87 50 lich-

1788 3761 98 44 tere
1917 3754 171 51 Stellen
2117 3755 379 66 selbstständigen
2525 3753 366 50 Melodieenfluss
2921 3754 44 49 in
2986 3753 177 50 kleinen
3179 3751 126 52 Gebil-

1790 3838 101 57 den,
1922 3836 70 50 die
2022 3838 187 50 meisten
2234 3838 163 66 jedoch
2427 3853 88 34 nur
2545 3835 259 67 verständig
2844 3835 119 50 kalte
3006 3835 324 51 Declamation.

1915 3918 102 50 Und
2046 3938 93 33 was
2169 3920 56 50 ist
2255 3938 91 33 nun
2378 3920 79 50 das
2487 3918 272 67 Ergebnisss
2789 3918 82 50 der
2891 3918 221 50 erhöhten
3130 3916 174 52 Textbe-

1794 4001 232 68 handlung
2055 4003 151 51 bisher
2236 4003 247 67 gewesen?
2511 4001 206 50 Nehmen
2749 4000 81 51 wir
2860 4000 69 51 ein
2958 4000 249 51 namhaftes
3232 4001 78 50 Bei-

1795 4085 110 69 spiel
1936 4092 108 45 statt
2073 4087 122 59 aller,
2242 4087 86 50 den
2360 4084 329 53 französischen
2718 4083 240 52 Kotzebue
2987 4083 238 63 Scribe,
3257 4084 79 52 der

2679 4163 70 53 47

2869 845 80 56 IV.
2985 845 277 75 Jahrgang.

216 844 83 58 Nr.
336 842 84 63 47.

1360 831 174 81 KÖLN,
1573 840 87 58 22.
1693 838 272 58 November
2003 838 125 60 1856
