2298 3810
419 247 75 26 LES
527 247 193 28 SONATES
754 250 54 25 DE
842 249 129 27 PIANO
1005 251 54 25 DE
1093 252 260 28 BEETHOVEN
1381 252 7 27 !
1428 256 43 25 12
1477 244 15 20 E
1524 256 165 26 SONATE
1724 256 67 26 OP.
1829 245 49 38 20

2052 253 79 40 453

160 337 173 39 valions
356 343 40 32 et
415 335 53 40 de
490 334 101 42 faits
612 338 251 40 accumulés
885 348 129 32 avant
1037 339 132 53 qu'on
1193 344 148 51 puisse
1377 345 197 51 dégager
1599 347 213 52 quelques
1835 347 96 41 lois.
1953 345 98 43 Elle
2072 355 65 33 est

160 405 262 39 néanmoins
459 405 292 40 intéressante
771 419 52 27 en
843 409 149 39 raison
1024 412 143 37 même
1189 411 57 40 du
1276 413 154 40 travail
1464 411 156 54 qu'elle
1654 416 184 51 impose.
1873 414 260 42 L'essentiel

162 479 64 32 est
259 485 83 37 que
366 471 260 49 désormais,
652 474 147 50 quand
825 475 28 39 il
879 489 20 26 a
923 480 103 36 noté
1049 491 83 26 une
1158 479 186 41 mélodie
1363 494 53 26 en
1443 486 202 36 écoutant
1681 498 58 24 un
1763 484 211 40 chanteur
1995 496 112 39 popu-

162 539 121 46 laire,
309 539 38 40 le
364 538 248 42 folkloriste
635 553 52 27 ne
708 544 114 38 croie
842 556 78 38 pas
944 557 44 26 sa
1015 545 123 40 tâche
1163 549 223 39 terminée.
1412 548 84 42 Les
1520 550 211 41 mélodies
1752 559 219 44 voyagent
2005 550 106 41 beau-

162 620 109 39 coup
297 622 9 32 ;
346 607 105 40 elles
472 616 74 31 ont
569 607 76 41 des
669 609 122 40 ailes.
826 609 68 42 En
932 621 249 43 voyageant
1202 614 104 40 elles
1331 614 220 44 s'altèrent
1583 618 52 40 de
1658 619 193 40 diverses
1873 618 167 51 façons,
2063 633 72 25 car

163 675 38 40 le
224 675 174 51 peuple,
422 688 52 27 en
514 678 181 39 matière
715 679 227 46 musicale,
968 688 64 32 est
1055 694 58 26 un
1146 691 132 41 agent
1296 683 53 41 de
1374 684 288 41 déformation
1708 689 121 38 aussi
1870 686 101 41 bien
2000 685 134 53 qu'un

164 751 130 41 agent
333 743 52 39 de
408 745 209 40 création.
641 744 30 40 Il
695 744 91 42 faut
807 755 125 31 noter
956 761 101 27 avec
1079 752 97 38 soin
1198 759 141 33 toutes
1365 752 61 40 les
1448 755 219 39 variantes
1691 753 103 42 d'un
1828 758 142 37 même
2005 763 100 44 type

165 811 146 51 quand
334 823 56 27 on
408 825 105 26 aura
548 818 195 35 constaté
767 828 59 26 un
850 820 86 35 très
960 816 140 49 grand
1129 818 184 40 nombre
1336 819 52 40 de
1404 819 83 42 fois
1592 835 52 26 en
1674 821 202 41 dressant
1898 835 45 27 ce
1967 835 84 38 que
2073 822 61 39 les

165 878 289 53 philosophes
479 880 222 51 appellent
716 881 77 41 des
814 894 18 25 «
853 882 138 41 tables
1014 884 53 40 de
1086 889 206 47 présence
1310 897 81 31 »et
1409 888 75 40 des
1503 901 19 25 «
1544 889 137 40 tables
1698 888 231 41 d'absence
1944 901 19 25 »
2051 903 83 38 que

163 946 62 40 les
249 950 166 37 mêmes
439 953 241 35 caractères
698 950 290 52 rythmiques,
1023 955 254 51 métriques,
1303 955 292 52 mélodiques,
1616 959 304 50 apparaissent
1943 957 109 40 dans
2073 958 61 39 les

163 1018 167 36 mêmes
353 1016 194 49 régions,
572 1029 56 27 on
648 1030 52 26 en
721 1031 158 38 pourra
898 1019 180 41 déduire
1102 1021 213 52 quelques
1338 1022 81 41 lois
1450 1025 205 50 précises,
1767 1025 99 40 àla
1891 1026 241 49 condition,

163 1082 101 40 bien
288 1083 209 48 entendu,
534 1098 54 37 qu
608 1098 56 26 on
688 1086 59 40 ait
767 1087 198 40 travaillé
988 1101 74 28 sur
1080 1089 76 40 des
1178 1089 256 42 documents
1464 1091 101 41 bien
1604 1091 171 48 établis,
1802 1092 129 41 d'une
1954 1093 154 40 authen-

165 1151 115 39 ticité
318 1155 115 42 sûre,
459 1159 40 31 et
526 1149 133 53 qu'on
683 1166 54 26 ne
759 1167 162 38 prenne
944 1169 77 38 pas
1045 1154 176 43 l'erreur
1239 1158 283 41 individuelle
1544 1168 39 31 et
1606 1159 176 41 fortuite
1802 1160 102 40 d'un
1925 1160 210 41 chanteur

165 1230 111 40 pour
298 1232 58 26 un
379 1224 217 36 caractère
621 1232 19 25 «
676 1221 211 52 ethnique
910 1235 38 27 ».

1557 1315 50 41 E.
1630 1316 278 42 ADAïEWSKI.

250 1410 144 39 Venise,
422 1412 40 31 16
484 1412 204 40 septembre
714 1423 101 32 1909.

167 1697 107 41 Les
315 1697 241 41 Sonates
585 1698 67 41 de
686 1698 169 52 piano
889 1700 67 40 de
993 1700 325 42 Beethoven

1357 1701 149 54 (Suite)

1569 1702 69 42 12
1641 1709 15 17 e
1687 1703 211 42 Sonate
1926 1714 86 42 op.
2049 1705 85 42 26.

221 1835 117 41 Avec
369 1844 109 32 cette
494 1844 171 39 sonate,
690 1835 116 41 l'une
822 1835 76 41 des
921 1835 98 52 plus
1057 1835 279 41 séduisantes
1371 1838 130 39 sinon
1533 1837 75 40 des
1641 1837 99 52 plus
1777 1836 237 42 familières
2056 1851 81 27 aux

166 1905 229 51 pianistes,
430 1902 269 49 Beethoven,
734 1916 110 40 pour
867 1903 39 40 la
943 1905 212 50 première
1188 1903 99 48 fois,
1320 1903 168 42 semble
1521 1905 121 39 avoir
1681 1905 134 40 voulu
1851 1904 287 41 abandonner

167 1972 38 39 la
250 1971 209 41 tradition
491 1975 233 39 consacrée
746 1973 75 50 qui
844 1973 204 49 régissait
1071 1971 311 40 l'ordonnance
1413 1972 53 40 de
1486 1985 45 27 ce
1555 1985 136 37 genre
1722 1972 53 40 de
1819 1974 310 50 composition.

171 2038 61 41 Ce
264 2038 110 41 n'est
394 2053 78 38 pas
511 2053 100 38 que,
645 2040 112 39 dans
795 2047 108 32 cette
940 2053 164 32 œuvre,
1130 2039 29 40 il
1181 2041 58 38 ait
1261 2041 216 48 inauguré
1498 2039 113 52 déjà,
1649 2053 55 27 ou
1736 2040 58 40 du
1825 2042 144 39 moins
2007 2040 132 40 laissé

166 2108 242 51 pressentir
428 2107 99 40 telle
550 2120 56 27 ou
630 2107 99 41 telle
750 2107 77 40 des
849 2107 192 50 grandes
1061 2106 164 41 formes
1256 2109 217 39 vraiment
1503 2120 164 28 neuves
1689 2114 56 34 où
1768 2120 80 28 son
1886 2109 129 48 génie
2037 2120 19 27 s
2074 2116 64 31 est

167 2175 208 53 appliqué
397 2176 99 51 plus
519 2175 111 41 tard.
664 2174 115 41 Mais
802 2175 58 40 du
881 2176 144 39 moins
1054 2175 117 40 a-t-il
1194 2179 116 36 tenté
1342 2183 122 32 autre
1486 2175 131 41 chose
1653 2188 84 39 que
1759 2189 46 26 ce
1828 2176 74 51 qui
1926 2188 45 27 se
1993 2174 145 41 faisait

168 2251 176 44 partout
385 2243 53 40 de
475 2256 80 27 son
585 2251 156 44 temps.
773 2241 71 51 Et,
880 2243 331 48 délibérément,
1235 2243 30 40 il
1298 2257 21 26 a
1341 2244 225 51 supprimé
1595 2243 39 40 le
1669 2244 188 51 premier
1877 2240 181 55 Allegro
2067 2272 9 18 ,
2099 2242 39 39 le

168 2319 282 32 mouvement
467 2311 38 40 le
525 2311 98 52 plus
643 2312 355 51 caractéristique
1030 2311 52 39 de
1113 2311 38 39 la
1174 2319 168 38 sonate,
1367 2311 110 40 celui
1497 2317 56 34 où
1573 2310 38 40 le
1643 2310 362 52 développement
2028 2310 88 39 clas-

169 2380 125 50 sique
317 2381 180 50 pouvait
529 2379 38 39 le
592 2379 96 51 plus
712 2378 336 41 naturellement
1070 2378 108 41 faire
1201 2379 206 41 succéder
1428 2392 70 27 ses
1526 2379 271 39 alternances
1828 2392 59 26 un
1909 2391 83 39 peu
2034 2390 78 27 con-

166 2447 336 41 ventionnelles.
527 2446 63 40 La
616 2460 43 26 12
665 2451 14 18 e
710 2455 153 31 sonate
896 2460 54 26 ne
987 2447 238 51 comprend
1256 2461 141 26 aucun
1434 2459 205 27 morceau
1681 2448 125 38 traité
1842 2446 53 40 de
1929 2446 39 39 la
2004 2453 132 32 sorte.

167 2513 95 42 Elle
294 2512 171 44 s'ouvre
492 2528 79 38 par
592 2529 60 26 un
685 2514 201 41 Andante
907 2528 12 25 :
950 2529 59 25 un
1030 2515 144 40 thème
1197 2520 85 35 très
1315 2514 171 52 simple,
1530 2518 86 36 très
1656 2513 267 52 mélodique,
1969 2517 21 35 à
2027 2513 110 40 deux

167 2584 189 50 reprises
379 2596 83 38 que
486 2584 172 39 suivent
677 2584 100 50 cinq
811 2584 256 38 variations.

222 2648 98 53 Que
343 2658 108 33 cette
482 2651 289 51 suppression
797 2650 59 40 du
878 2651 189 51 premier
1089 2663 207 27 morceau
1331 2663 54 27 ne
1405 2651 84 39 soit
1510 2663 78 38 pas
1610 2662 85 28 une
1728 2648 158 52 simple
1916 2647 220 50 fantaisie,

169 2719 111 39 mais
313 2716 157 54 qu'elle
503 2718 294 52 corresponde
832 2717 103 40 bien
974 2721 22 35 à
1032 2730 85 27 une
1139 2718 238 45 évolution,
1404 2731 55 26 au
1479 2718 143 39 moins
1642 2721 323 42 momentanée,
2005 2716 53 40 de
2098 2716 40 39 la

168 2787 258 51 conception
459 2785 210 40 musicale
689 2786 58 39 du
785 2789 171 43 maître,
981 2784 103 41 c'est
1105 2798 47 26 ce
1190 2787 73 49 qui
1286 2785 161 39 résulte
1467 2798 102 26 avec
1608 2785 205 39 évidence
1849 2784 53 40 de
1929 2781 210 43 l'examen

167 2853 191 41 d'autres
381 2855 143 50 pièces
553 2861 270 32 exactement
857 2853 58 40 du
950 2857 141 35 même
1115 2861 155 43 temps.
1296 2851 61 41 La
1387 2866 43 26 12
1437 2860 12 15 e
1484 2862 167 38 sonate,
1675 2850 464 42 vraisemblablement

170 2924 128 37 écrite
322 2935 53 27 en
413 2924 120 44 1801,
564 2922 236 51 paraissait
819 2921 39 39 le
884 2934 16 36 3
926 2933 119 27 mars
1066 2920 53 39 de
1142 2919 169 40 l'année
1348 2921 199 39 suivante
1569 2924 21 35 à
1611 2919 184 48 Vienne,
1818 2919 101 40 chez
1942 2918 197 40 l'éditeur

171 2989 156 52 Cappi.
352 2988 97 41 Elle
473 2987 267 42 n'affrontait
759 3001 80 38 pas
861 2987 119 40 seule
1000 2987 38 40 le
1069 2989 224 50 jugement
1314 2987 58 40 du
1392 2987 162 52 public.
1580 2986 120 41 Deux
1725 2995 159 39 autres,
1910 2987 75 51 qui
2013 2998 101 28 cons-

170 3059 157 38 tituent
350 3055 147 54 YOpus
532 3071 68 38 27,
634 3057 205 50 voyaient
870 3068 54 27 en
955 3059 143 36 même
1120 3064 141 43 temps
1282 3055 38 40 le
1340 3055 97 52 jour
1458 3067 8 26 :
1491 3055 40 40 la
1558 3069 43 36 13
1608 3062 15 20 e
1646 3064 167 38 sonate,
1835 3068 55 27 en
1911 3052 59 41 mi
1989 3053 148 49 bémol,

169 3125 152 40 dédiée
346 3123 84 40 àla
456 3124 224 51 princesse
702 3122 319 48 Lichtenstein,
1045 3130 40 33 et
1107 3123 38 39 la
1184 3137 46 36 14
1233 3127 16 17 e
1253 3154 10 16 ,
1300 3136 52 27 en
1374 3129 44 33 ut
1436 3122 111 40 dièse
1576 3122 163 41 mineur
1743 3154 11 20 ,
1796 3122 99 53 plus
1934 3123 96 40 tard
2051 3123 88 39 dite

168 3205 19 25 «
211 3192 68 40 Au
313 3192 106 40 clair
440 3191 54 40 de
525 3191 102 40 lune
665 3203 38 35 »,
729 3194 21 36 à
785 3191 38 39 la
846 3198 216 33 comtesse
1094 3187 208 44 Giulietta
1327 3189 264 42 Guicciardi.
1610 3189 139 42 L'une
1787 3204 170 28 comme
1988 3188 151 43 l'autre

167 3259 209 41 débutent
400 3260 120 40 aussi
555 3273 79 38 par
671 3273 58 26 un
753 3267 281 32 mouvement
1060 3258 102 41 lent.
1188 3257 70 42 Un
1287 3258 200 40 Andante
1528 3271 120 28 assez
1679 3259 242 52 développé
1951 3271 111 39 pour
2098 3258 39 39 la

165 3330 230 49 première,
418 3326 200 40 Andante
638 3331 138 48 coupé
797 3340 80 38 par
899 3340 58 26 un
980 3325 178 53 épisode
1180 3339 54 27 en
1252 3332 44 33 ut
1322 3326 161 53 majeur
1489 3359 10 16 ,
1521 3332 86 34 très
1630 3327 151 52 rapide
1799 3334 40 32 et
1860 3324 103 42 d'un
1992 3333 147 33 accent

164 3395 87 42 fort
269 3395 216 41 différent.
510 3395 120 41 Pour
665 3395 40 39 la
730 3394 203 48 seconde,
958 3394 37 40 le
1018 3395 189 51 premier
1228 3402 282 33 mouvement
1532 3403 65 31 est
1631 3408 58 26 un
1708 3394 175 51 Adagio
1902 3400 210 34 sostenuto
2129 3410 7 24 :

168 3464 243 40 admirable
442 3464 160 52 phrase
642 3464 73 51 qui
738 3462 244 50 largement
1006 3460 161 49 s'étale,
1192 3464 285 48 gémissante,
1514 3462 237 40 au-dessus
1774 3462 52 40 de
1855 3460 284 42 l'uniformité

169 3532 138 41 calme
339 3530 103 43 d'un
482 3539 422 47 accompagnement
926 3543 189 42 presque
1155 3530 274 56 impassible.
1467 3529 114 43 Mais
1620 3529 101 43 c'est
1745 3543 120 28 assez
1888 3530 52 41 de
1963 3532 104 40 citer
2091 3544 47 30 ce
