2298 3810
157 239 79 47 448

325 250 54 24 DE
413 247 235 33 QUELQUES
682 246 153 27 TRAITS
868 237 438 39 CARACTÉRISTIQUES
1340 243 80 26 DES
1454 233 225 35 MÉLODIES
1713 237 274 29 POPULAIRES

160 402 81 42 De
277 401 278 54 quelques
591 399 173 43 traits
804 396 518 54 caractéristiques
1364 396 101 42 des
1488 393 281 43 mélodies
1806 390 349 55 populaires.

1038 502 160 54 (Suite)
1232 503 55 53 (1)

217 647 65 40 La
302 647 207 52 musique
531 645 111 41 d'art
661 645 226 51 distingue
910 645 63 41 les
990 654 126 32 notes
1140 644 157 42 finales
1314 659 54 28 en
1387 647 208 52 appelant
1611 647 178 40 cadence
1806 645 188 55 parfaite
2016 646 39 41 la
2078 644 77 52 fin,

159 715 145 41 l'arrêt
327 713 107 42 final
458 728 75 27 sur
551 714 40 40 la
626 723 103 32 note
746 712 334 43 fondamentale
1101 725 9 38 ;
1135 715 178 39 cadence
1334 714 246 55 imparfaite
1588 747 9 17 ,
1621 713 147 44 l'arrêt
1787 728 76 28 sur
1886 715 37 40 la
1950 716 131 39 tierce
2102 727 55 26 ou

159 784 39 40 la
217 784 152 53 quinte
388 782 79 53 (2).
494 782 166 41 Toutes
686 783 63 40 les
782 784 107 39 trois
929 796 45 27 se
1011 791 282 33 rencontrent
1324 783 112 41 dans
1468 783 40 40 la
1542 784 200 41 chanson
1764 783 249 54 populaire,
2036 796 120 34 avec,

158 852 112 41 dans
294 852 63 40 les
391 851 181 41 milieux
611 851 348 52 ethnologiques
991 851 162 48 divers,
1192 865 86 27 une
1315 852 214 40 tendance
1571 856 212 49 marquée
1818 866 99 27 vers
1950 852 119 40 l'une
2102 865 56 26 ou

157 933 98 29 vers
275 918 170 42 l'autre.
470 919 163 52 (Toute
659 919 215 41 tendance
898 924 212 48 marquée
1142 921 220 41 constitue
1404 935 59 27 un
1495 923 102 39 trait
1635 922 361 50 caractéristique
2018 921 116 51 parti-

158 989 151 49 culier,
334 997 40 32 et
391 1002 80 38 par
490 992 274 48 conséquent
795 988 52 40 de
872 997 156 31 nature
1049 988 335 42 documentaire
1404 989 136 51 digne
1562 989 54 40 de
1639 988 367 52 considération.)
2031 987 58 53 (3)

211 1056 127 42 Nous
360 1070 139 28 avons
518 1056 114 41 donc
656 1056 123 52 placé
799 1070 53 27 en
887 1060 83 38 tête
990 1056 77 41 des
1090 1056 121 41 traits
1233 1057 361 54 caractéristiques
1618 1058 106 40 dans
1747 1057 155 41 Vordre
1943 1056 119 41 tonal
2095 1056 64 41 les

157 1127 314 40 terminaisons
494 1138 76 27 sur
592 1125 38 40 la
656 1127 198 51 tonique,
872 1125 38 40 la
929 1126 132 39 tierce
1078 1139 56 27 ou
1159 1125 39 41 la
1221 1127 168 51 quinte,
1411 1135 42 32 et
1476 1139 113 28 nous
1609 1139 251 39 proposons
1882 1125 277 53 d'adjoindre

159 1198 22 35 à
205 1191 211 55 l'analyse
431 1193 77 40 des
532 1193 196 53 rythmes
751 1193 277 53 particuliers
1052 1193 53 40 de
1129 1194 39 39 la
1193 1196 218 50 première
1449 1202 41 32 et
1526 1194 201 41 dernière
1762 1207 176 28 mesure
1976 1193 106 40 celle
2105 1193 54 40 de

157 1261 94 41 leur
272 1261 326 42 conformation
621 1261 151 41 vocale
811 1275 57 27 ou
907 1262 163 48 tonale,
1108 1260 270 43 c'est-à-dire
1414 1263 117 40 leurs
1569 1271 204 44 rapports
1804 1267 22 35 à
1863 1261 196 42 l'échelle
2082 1262 76 39 des

158 1343 106 28 sons
287 1344 75 27 sur
382 1330 191 52 laquelle
604 1338 64 32 est
689 1332 243 39 construite
949 1330 39 41 la
1013 1330 208 41 mélodie.

214 1397 103 42 Ceci
341 1412 113 27 nous
479 1404 155 35 amène
666 1413 83 26 aux
782 1399 120 40 traits
934 1402 239 51 généraux.
1212 1398 86 41 Les
1335 1401 125 39 traits
1483 1404 241 47 généraux,
1750 1399 103 41 bien
1890 1413 85 39 que
2014 1400 145 39 moins

159 1476 123 43 aptes
301 1472 20 35 à
349 1469 138 39 servir
518 1468 53 40 de
595 1469 148 51 points
765 1466 54 41 de
842 1467 155 52 départ
1018 1472 22 35 à
1063 1467 39 40 la
1126 1468 234 40 recherche
1383 1468 77 40 des
1486 1470 198 49 origines
1707 1466 131 43 d'une
1874 1468 205 51 mélodie,
2105 1480 54 27 ne

158 1537 225 39 sauraient
415 1540 90 36 être
527 1536 202 50 négligés
750 1548 55 28 ou
834 1540 154 47 passés
1022 1548 105 28 sous
1161 1536 179 40 silence.

212 1602 63 42 Le
294 1603 77 41 fait
405 1618 85 38 que
530 1604 38 40 la
602 1607 144 37 même
776 1617 179 37 gamme
978 1604 53 40 de
1075 1606 99 50 cinq
1207 1613 117 39 tons,
1370 1618 104 28 sans
1498 1605 261 51 demi-tons,
1786 1613 88 33 sert
1898 1619 81 26 aux
2003 1604 156 41 chants

158 1672 253 52 populaires
434 1673 76 40 des
530 1671 209 42 Ecossais
771 1681 41 31 et
834 1676 21 36 à
881 1673 39 39 la
947 1673 207 51 musique
1182 1672 216 51 chinoise,
1437 1672 67 42 n'a
1541 1687 54 27 en
1620 1673 233 41 lui-même
1879 1673 137 53 qu'un
2045 1675 92 38 inté-

158 1745 63 36 rêt
238 1742 232 51 artistique
492 1750 40 31 et
556 1741 249 52 esthétique
830 1755 9 34 ;
872 1754 47 27 ce
941 1743 73 49 qui
1041 1743 189 50 importe
1253 1750 65 32 est
1358 1742 53 39 de
1445 1743 96 39 voir
1563 1751 224 31 comment
1818 1742 38 39 le
1882 1741 280 51 Highlander

158 1819 40 30 et
223 1809 233 41 l'habitant
475 1809 59 40 du
560 1808 175 41 Céleste
749 1808 198 53 Empire,
968 1814 118 35 étant
1109 1809 172 40 donnée
1303 1809 38 40 la
1362 1814 143 36 même
1529 1812 184 38 matière
1737 1810 163 48 tonale,
1923 1809 238 51 façonnent

159 1877 117 41 leurs
309 1878 215 40 mélodies
547 1889 9 38 ;
583 1891 47 27 ce
653 1887 99 31 sont
784 1878 61 39 les
870 1879 124 38 traits
1016 1878 278 51 particuliers
1319 1880 73 50 qui
1411 1878 144 41 feront
1578 1879 251 50 distinguer
1851 1892 86 27 une
1957 1879 198 40 chanson

159 1948 221 39 écossaise
412 1943 129 44 d'une
577 1947 199 39 chanson
809 1945 213 41 chinoise.
1064 1945 63 40 La
1160 1946 191 41 cadence
1397 1945 134 42 finale
1566 1949 359 50 caractéristique
1978 1947 117 51 (saut
2138 1952 21 35 à

159 2013 184 42 l'octave
367 2013 331 52 descendante),
720 2014 129 40 chère
873 2028 53 26 au
951 2012 69 42 fils
1044 2014 53 39 de
1134 2014 38 40 la
1199 2023 259 42 montagne,
1494 2025 65 31 est
1598 2015 107 41 celle
1737 2017 75 51 qui
1849 2024 237 44 permettra
2108 2016 53 40 de

159 2084 109 45 dire,
294 2085 35 38 si
354 2081 87 42 l'on
463 2096 45 27 se
532 2091 153 32 trouve
705 2082 161 41 devant
886 2096 87 26 une
1009 2096 180 37 gamme
1213 2096 104 27 sans
1353 2083 249 41 demi-tons
1630 2095 7 27 :
1665 2085 85 39 ceci
1775 2091 57 33 est
1855 2098 85 26 une
1962 2084 196 40 chanson

160 2153 237 46 écossaise,
421 2165 56 26 ou
498 2153 87 38 ceci
609 2157 101 34 nest
730 2159 75 46 pas
828 2164 86 28 une
937 2151 199 40 chanson
1159 2151 220 41 chinoise.

215 2218 277 42 Néanmoins
518 2220 30 39 il
571 2227 65 33 est
673 2227 160 42 urgent
870 2218 205 41 d'établir
1109 2232 54 27 en
1193 2221 216 51 première
1432 2220 137 50 ligne,
1597 2222 141 50 parmi
1764 2220 61 40 les
1870 2222 124 40 traits
2027 2225 106 47 géné-

162 2302 105 26 raux
291 2288 52 40 de
365 2287 159 41 l'ordre
545 2288 136 49 tonal,
703 2286 199 50 Yéchelle,
929 2287 37 40 la
994 2300 179 37 gamme
1202 2288 113 40 dans
1334 2288 191 52 laquelle
1555 2302 46 27 se
1633 2298 121 31 meut
1780 2289 39 40 le
1846 2289 150 42 dessin
2021 2290 112 41 mélo-

160 2356 154 52 dique.
341 2354 125 43 Nous
491 2368 137 27 avons
661 2354 134 41 établi
819 2356 107 39 trois
950 2355 236 52 rubriques
1211 2369 111 39 pour
1342 2356 62 40 les
1427 2356 155 41 chants
1606 2357 53 40 de
1684 2357 167 40 France
1873 2373 7 24 :

219 2423 38 53 a)
278 2422 204 41 L'échelle
505 2423 140 40 tonale
668 2437 95 28 avec
788 2430 93 33 note
902 2423 180 40 sensible
1098 2435 16 38 ;

217 2491 44 53 b)
283 2491 206 40 L'échelle
512 2490 144 41 tonale
677 2506 99 25 sans
800 2497 96 34 note
914 2491 180 40 smsible
1115 2501 16 41 ,*

218 2560 36 53 c)
278 2558 195 42 Echelles
491 2560 196 49 diverses,
712 2559 242 53 mélangées
960 2592 9 18 ,
995 2560 299 50 irrégulières,
1315 2574 103 27 avec
1442 2561 63 40 les
1528 2561 307 42 subdivisions
1855 2563 77 40 des
1956 2564 207 40 tonalités

163 2630 220 51 majeures
413 2637 41 32 et
477 2630 238 39 mineures.

217 2695 150 50 Enfin,
393 2696 27 40 il
438 2710 114 27 nous
574 2710 21 26 a
616 2711 111 38 paru
750 2695 90 42 bon
862 2695 217 42 d'étudier
1101 2696 40 41 la
1167 2696 191 42 mélodie
1383 2710 54 28 au
1461 2700 122 50 point
1605 2698 53 40 de
1680 2713 84 27 vue
1788 2700 53 40 de
1869 2713 80 27 son
1971 2700 190 40 étendue

162 2779 53 27 en
240 2779 101 27 sens
365 2765 177 41 vertical
565 2774 41 32 et
630 2778 89 28 non
746 2765 266 48 horizontal,
1040 2765 275 41 c'est-à-dire
1340 2766 174 52 d'après
1547 2766 261 42 l'extension
1827 2768 53 40 de
1900 2769 39 39 la
1962 2770 98 39 voix
2083 2769 77 39 des

162 2843 127 32 notes
318 2833 156 41 basses
498 2848 83 26 aux
604 2843 127 31 notes
755 2836 171 48 aiguës,
950 2834 181 52 appelée
1150 2848 79 38 par
1249 2834 61 40 les
1329 2834 178 40 Italiens
1526 2835 192 41 tessitura
1728 2867 7 16 ,
1762 2839 112 37 mais
1897 2836 130 53 qu'ici
2051 2838 28 39 il
2100 2847 63 32 est

162 2903 99 53 plus
278 2916 160 39 propre
470 2902 225 52 d'appeler
732 2901 195 41 ambitus.
951 2901 120 41 Chez
1108 2902 62 40 les
1204 2904 181 39 anciens
1408 2901 152 53 Grecs,
1587 2902 208 41 Yambitus
1832 2907 205 39 restreint
2057 2908 105 39 était

163 2971 230 40 considéré
426 2984 174 27 comme
638 2984 203 39 apanage
878 2971 77 40 des
992 2970 216 41 mélodies
1247 2973 247 51 primitives
1514 2983 8 39 ;
1548 2971 63 41 les
1646 2972 98 52 plus
1778 2972 139 41 belles
1948 2974 215 41 mélodies

162 3037 224 55 d'Orphée
412 3053 55 26 ne
489 3040 285 51 dépassaient
797 3052 78 39 pas
896 3037 210 42 Yambitus
1125 3040 55 39 de
1196 3041 108 39 trois
1319 3053 56 28 ou
1395 3048 155 44 quatre
1574 3049 115 43 tons,
1717 3041 38 40 le
1779 3043 260 40 tétracorde.
2063 3041 100 53 Que

162 3107 228 42 l'émotion
413 3108 213 41 musicale
654 3110 152 49 puisse
837 3111 90 38 être
970 3110 182 39 atteinte
1186 3108 112 41 dans
1340 3109 61 40 les
1435 3109 163 41 limites
1634 3112 255 40 restreintes
1931 3112 58 39 du
2013 3111 149 48 chant,

206 3267 50 42 (1)
282 3267 44 33 V.
351 3269 32 31 la
405 3266 119 32 Revue
548 3265 169 32 musicale
738 3265 47 33 du
814 3276 10 21 i
834 3270 31 17 er
885 3272 92 34 sept.

206 3316 48 43 (2)
287 3317 49 33 La
355 3316 167 42 musique
546 3315 92 34 d'art
665 3314 184 40 moderne,
873 3321 108 35 ayant
995 3314 110 43 rejeté
1127 3314 127 33 l'unité
1274 3317 122 31 tonale
1415 3314 107 34 d'une
1539 3316 241 33 architecture
1806 3316 186 38 musicale,
2014 3316 149 34 connaît

161 3373 34 26 et
219 3377 18 22 a
259 3366 178 35 introduit
462 3376 55 22 ses
543 3373 102 25 notes
671 3364 125 34 finales
835 3367 100 30 telles
973 3373 72 33 que
1066 3366 32 32 le
1125 3376 17 30 7
1148 3371 12 15 e
1192 3365 110 41 degré
1336 3365 100 41 (note
1458 3365 172 40 sensible,
1654 3366 166 40 symbole
1840 3365 46 33 du
1915 3366 247 42 mouvement)

162 3415 471 43 (Bourgault-Ducoudray)
656 3426 46 22 ou
726 3424 71 24 une
819 3422 85 26 note
936 3414 238 33 entièrement
1200 3417 84 29 hors
1310 3414 44 34 de
1379 3417 32 30 la
1435 3416 150 33 tonalité
1621 3415 59 41 (R.
1719 3415 174 43 Strauss).
1920 3416 48 32 Ce
2002 3417 108 33 serait
2134 3419 29 29 le

162 3476 141 31 groupe
329 3467 62 32 des
415 3475 160 23 mesures
603 3464 126 34 finales
750 3465 84 42 plus
851 3463 293 44 qu'imparfaites.

202 3514 50 44 (3)
269 3514 95 34 C'est
391 3516 91 32 ainsi
502 3525 70 32 que
590 3518 51 31 les
667 3518 126 29 chants
817 3514 209 40 populaires
1046 3514 43 33 de
1118 3516 32 29 la
1174 3513 150 34 Vénétie
1343 3525 43 22 en
1420 3516 41 30 do
1493 3515 192 32 terminent
1716 3515 199 33 volontiers
1939 3527 60 22 sur
2024 3519 32 30 la
2077 3523 83 26 note

162 3566 48 29 mi
230 3564 122 41 (tierce
372 3566 171 39 majeure,
562 3565 157 32 cadence
739 3563 236 41 imparfaite).
