2298 3810
444 252 77 26 LES
555 253 191 29 SONATES
780 258 54 25 DE
867 259 129 26 PIANO
1030 261 55 25 DE
1119 261 258 29 BEETHOVEN
1404 260 6 29 !
1453 265 43 25 12
1502 256 15 17 e
1549 265 166 27 SONATE
1749 266 68 27 OP.
1853 257 50 37 20

2071 264 80 45 455

174 337 98 52 plus
294 339 274 53 périodique,
594 355 53 27 en
667 357 46 27 ce
736 358 101 28 sens
870 360 85 38 que
978 361 68 27 ses
1063 350 195 40 diverses
1275 351 215 41 divisions
1521 366 45 27 se
1589 353 243 41 rattachent
1854 354 98 51 plus
1984 358 151 37 étroite-

174 414 120 31 ment
315 406 62 40 les
400 421 110 27 unes
531 423 82 27 aux
634 421 162 31 autres.
825 413 285 44 L'harmonie
1132 418 53 39 de
1208 415 452 57 l'accompagnement
1690 431 224 43 comporte
1953 423 51 40 de
2043 435 85 28 nou-

173 473 134 39 velles
330 474 273 43 recherches.
630 477 199 44 Souvent
851 484 120 39 aussi
994 484 81 40 elle
1107 490 200 46 apparaît
1343 487 98 51 plus
1466 487 308 51 significative.
1799 488 172 42 Encore
2006 503 84 38 que
2114 490 39 39 la

173 539 128 42 chute
317 542 202 41 médiane
543 545 52 40 de
609 555 109 32 cette
738 550 188 40 mélodie
943 550 57 51 (la
1015 552 197 40 dernière
1233 567 173 27 mesure
1421 555 53 40 de
1494 556 39 39 la
1553 557 195 50 citation)
1766 559 84 38 soit
1864 559 289 50 précisément

174 616 92 32 tout
294 612 21 36 à
340 609 76 42 fait
437 615 315 48 mozartienne,
772 629 56 27 on
850 626 103 42 peut
976 619 92 40 dire
1089 633 84 37 que
1195 619 251 43 Beethoven
1481 636 54 27 en
1568 625 179 48 général
1773 624 77 41 fait
1874 639 56 26 un
1955 625 198 40 moindre

173 689 137 37 usage
334 691 83 38 que
438 692 81 27 son
539 680 169 42 illustre
728 684 232 41 devancier
979 687 53 39 de
1045 700 69 27 ces
1132 686 209 43 formules
1358 690 249 53 identiques
1624 700 95 44 trop
1739 701 183 31 souvent
1941 696 210 49 répétées,

173 744 103 39 dont
300 759 168 27 aucune
492 750 222 50 musique,
735 751 39 40 le
795 752 263 41 voulût-elle
1081 760 342 46 expressément,
1446 772 52 26 ne
1524 761 166 39 saurait
1726 759 271 41 s'affranchir
2018 758 111 42 entiè-

173 821 182 38 rement,
374 816 111 38 mais
510 816 107 41 dont
637 818 11 38 1
668 817 109 41 abus
810 832 45 27 se
882 820 132 40 laisse
1034 821 164 52 parfois
1229 826 149 45 sentir,
1404 827 148 50 quand
1580 827 38 39 la
1657 828 126 40 mode
1813 828 91 40 leur
1926 841 53 27 en
2004 842 21 26 a
2049 827 75 41 sub-

173 880 129 40 stitué
334 880 52 40 de
409 884 243 41 nouvelles.
1168 922 15 4 ...
1226 880 4 46 •

226 946 32 40 Il
282 950 132 38 serait
436 951 158 41 inutile
613 960 40 33 et
675 953 211 42 décevant
905 956 52 39 de
980 957 174 40 vouloir
1178 957 232 42 s'attacher
1453 964 21 35 à
1510 963 190 49 préciser
1733 962 38 39 le
1808 976 99 26 sens
1942 961 214 53 expressif

173 1015 52 39 de
246 1028 46 27 ce
315 1016 145 41 thème
479 1026 41 32 et
544 1020 53 39 de
630 1033 70 28 ces
731 1023 259 40 variations.
1030 1023 112 41 Rien
1183 1023 72 54 n'y
1288 1035 168 42 permet
1495 1041 68 26 ces
1603 1030 266 48 inductions,
1911 1030 241 51 superflues

170 1086 229 47 peut-être,
427 1087 112 39 mais
562 1100 85 37 que
671 1088 247 50 légitiment
938 1090 165 52 parfois
1126 1089 74 54 (au
1229 1095 144 38 moins
1410 1095 110 39 dans
1557 1110 84 26 une
1665 1110 120 26 assez
1809 1097 120 49 large
1961 1096 188 52 mesure)

171 1152 215 39 certaines
419 1154 324 49 particularités
765 1157 53 39 de
840 1158 270 40 réalisation.
1149 1157 491 56 L'accompagnement,
1667 1170 56 34 où
1747 1173 198 31 trouvent
1968 1173 184 32 souvent

170 1218 138 51 place,
334 1219 194 48 ailleurs,
555 1221 123 41 telles
707 1236 56 28 ou
787 1225 123 40 telles
947 1224 165 51 figures
1136 1226 333 50 significatives,
1514 1243 53 26 ne
1590 1229 164 41 fournit
1790 1233 53 38 ici
1881 1235 20 35 à
1924 1229 227 44 Tanaivse

169 1286 94 40 rien
294 1295 124 32 autre
442 1287 132 42 chose
613 1304 84 37 que
736 1291 52 40 de
825 1293 181 51 simples
1037 1294 195 49 accords,
1279 1295 162 40 choisis
1484 1310 101 26 avec
1617 1312 57 25 un
1716 1304 108 44 goût
1858 1300 152 50 exquis
2048 1312 103 27 sans

168 1353 149 48 doute,
341 1357 113 39 mais
475 1371 103 27 sans
606 1372 168 27 aucune
800 1361 218 40 intention
1041 1361 101 40 bien
1166 1368 224 46 marquée.
1417 1362 205 54 Quelque
1646 1366 115 39 désir
1799 1380 85 36 que
1907 1364 85 42 l'on
2016 1368 57 38 ait
2096 1367 53 39 de

172 1420 107 41 faire
300 1422 52 41 de
369 1423 40 40 la
433 1427 205 50 musique
653 1426 52 40 de
719 1426 252 42 Beethoven
987 1442 58 26 un
1065 1441 153 28 roman
1236 1430 349 52 psychologique
1604 1433 223 51 perpétuel
1853 1442 39 31 et
1916 1434 50 39 de
1987 1435 94 39 voir
2097 1448 52 26 en

169 1488 193 43 chacune
384 1492 76 40 des
483 1505 135 40 pages
642 1494 105 51 qu'il
769 1508 20 26 a
818 1496 155 39 écrites
996 1510 58 26 un
1074 1500 317 38 commentaire
1416 1500 230 50 quotidien
1667 1500 76 39 des
1766 1500 207 40 douleurs
1996 1514 55 27 ou
2074 1501 74 40 des

168 1559 169 49 espoirs
360 1559 53 40 de
442 1573 46 27 sa
510 1562 68 39 vie
601 1561 211 48 solitaire,
837 1562 29 40 il
890 1562 92 41 faut
1004 1563 102 41 bien
1129 1570 274 36 reconnaître
1426 1566 104 52 qu'il
1554 1565 67 54 n'y
1658 1581 21 25 a
1716 1568 110 39 dans
1861 1576 107 32 cette
1992 1578 153 30 sonate

171 1623 76 50 (un
268 1627 93 39 seul
381 1627 77 40 des
479 1637 153 42 quatre
656 1642 233 28 morceaux
912 1631 194 52 excepté)
1129 1634 90 38 rien
1237 1634 54 38 de
1314 1634 97 50 plus
1433 1647 83 38 que
1536 1635 53 39 de
1610 1635 37 39 la
1674 1648 107 38 pure
1803 1637 217 50 musique.

223 1692 120 41 Dans
360 1708 46 27 ce
425 1698 189 48 premier
630 1710 223 38 morceau,
877 1712 58 26 un
953 1702 332 50 contemporain
1302 1702 152 39 voulut
1476 1703 95 38 voir
1590 1702 38 39 la
1655 1700 125 42 fidèle
1801 1704 198 50 peinture
2018 1701 129 42 d'une

167 1760 133 51 idylle
321 1762 275 51 villageoise.
629 1764 112 42 Rien
764 1778 54 28 ne
849 1766 64 52 s'y
942 1780 179 38 oppose,
1156 1773 291 47 assurément,
1484 1782 170 38 pourvu
1691 1768 130 53 qu'on
1854 1783 44 26 se
1930 1770 134 49 garde
2094 1771 52 39 de

167 1829 173 40 vouloir
362 1838 95 44 trop
481 1832 201 40 détailler
700 1841 109 33 cette
830 1835 347 50 interprétation.
1202 1834 112 41 Mais
1338 1839 92 37 rien
1457 1850 88 26 non
1578 1837 99 51 plus
1709 1849 54 27 ne
1794 1846 165 42 permet
1991 1836 135 41 d'affir-

169 1908 93 27 mer
285 1895 105 53 qu'il
421 1912 28 37 y
481 1900 58 38 ait
571 1899 40 39 là
644 1900 191 52 quelque
857 1900 133 41 chose
1012 1902 52 38 de
1088 1902 99 51 plus
1211 1902 162 52 qu'une
1392 1905 265 49 impression
1680 1903 276 51 personnelle
1980 1903 105 40 dont
2109 1904 38 39 le

169 1962 325 53 subjectivisme
516 1967 175 41 évident
712 1966 242 54 n'apprend
978 1970 92 39 rien
1093 1982 75 27 sur
1190 1970 38 39 le
1252 1975 129 46 passé
1404 1971 57 38 du
1486 1975 168 35 maître.

223 2030 218 53 Ajoutons
483 2048 84 37 que
605 2034 105 41 c'est
748 2049 85 26 une
863 2048 149 28 œuvre
1049 2049 192 39 presque
1272 2046 173 42 partout
1487 2038 340 39 exclusivement
1857 2039 286 50 pianistique.

166 2098 21 53 J
206 2100 183 40 entends
427 2115 80 37 par
538 2102 38 39 là
621 2102 157 52 qu'elle
807 2117 53 26 ne
901 2103 186 52 dépasse
1116 2107 123 49 point
1278 2116 62 28 ce-
1364 2117 82 39 que
1488 2103 85 41 l'on
1609 2113 101 43 peut
1744 2104 405 41 raisonnablement

169 2168 197 39 attendre
385 2168 102 40 d'un
507 2170 265 41 instrument
795 2171 106 40 dont
926 2172 39 39 la
1000 2173 234 50 puissance
1269 2181 40 31 et
1340 2172 62 39 les
1441 2185 265 36 ressources,
1747 2180 170 32 surtout
1950 2185 53 26 en
2028 2175 117 43 1801,

167 2236 162 39 étaient
362 2249 120 27 assez
506 2237 201 40 limitées.
734 2236 37 41 A
793 2237 237 42 l'encontre
1071 2240 52 39 de
1164 2238 229 53 beaucoup
1430 2239 190 40 d'autres
1660 2248 190 41 sonates,
1890 2243 141 36 même
2072 2239 75 40 des

166 2304 240 49 premières
440 2305 144 48 (telles
615 2319 86 37 que
733 2306 61 39 les
829 2307 126 47 deux,
982 2321 78 36 par
1101 2307 213 51 exemple,
1342 2320 83 38 que
1463 2320 112 27 nous
1614 2319 136 27 avons
1796 2307 351 51 précédemment

167 2371 230 49 étudiées),
423 2384 56 27 on
499 2370 64 41 n'a
589 2375 123 48 point
736 2373 344 40 ordinairement
1110 2374 110 39 dans
1254 2375 170 39 celle-ci
1449 2374 295 51 l'impression
1769 2387 84 38 que
1872 2373 185 40 hauteur
2078 2373 71 52 n'y

169 2438 58 39 ait
260 2437 205 52 formulé,
500 2440 53 39 de
576 2453 46 26 sa
657 2446 178 45 pensée,
861 2440 161 52 qu'une
1049 2443 202 49 esquisse
1276 2446 21 35 à
1321 2442 191 50 laquelle
1549 2439 252 42 l'orchestre
1839 2441 92 40 seul
1954 2443 195 48 pourrait

166 2507 198 38 conférer
384 2520 44 26 sa
452 2507 153 40 valeur
627 2506 240 42 définitive.
893 2508 61 40 Ce
978 2510 190 50 premier
1200 2521 205 28 morceau
1427 2517 63 32 est
1510 2508 101 40 bien
1644 2521 136 36 conçu
1820 2517 40 32 et
1898 2510 104 38 écrit
2034 2521 113 38 pour

167 2572 38 39 le
226 2575 133 49 piano
386 2589 7 24 :
416 2575 252 40 l'orchestre
687 2577 71 50 n'y
780 2577 231 50 ajouterait
1032 2578 92 37 rien
1145 2576 270 40 d'essentiel.

223 2640 31 39 Il
282 2643 142 38 aurait
447 2646 142 36 même
626 2643 192 52 quelque
839 2643 87 40 mal
950 2648 21 34 à
990 2644 192 39 traduire
1215 2643 165 52 l'esprit
1401 2651 41 32 et
1462 2644 38 39 la
1523 2643 179 40 couleur
1723 2643 53 40 de
1794 2655 69 27 ces
1882 2644 263 45 variations,

167 2720 103 28 sans
306 2709 61 40 les
389 2709 195 41 alourdir
613 2719 41 31 et
682 2711 63 40 les
774 2711 235 40 dénaturer
1032 2719 92 32 tant
1147 2712 83 39 soit
1248 2724 99 38 peu.
1369 2709 61 40 La
1458 2726 12 24 i
1480 2715 31 17 re
1517 2742 9 14 ,
1549 2711 37 38 la
1609 2724 20 25 2
1635 2715 15 16 e
1655 2743 8 16 ,
1691 2711 39 38 la
1759 2723 14 38 5
1783 2718 14 20 e
1817 2718 172 32 surtout
2012 2707 133 54 (sauf,

168 2777 34 37 si
226 2773 87 43 l'on
349 2785 117 41 veut,
493 2777 37 40 le
554 2778 229 40 charmant
806 2778 180 51 épisode
1004 2777 104 40 final
1132 2780 91 48 qui,
1241 2778 231 51 déplaçant
1496 2775 243 54 l'équilibre
1759 2778 52 39 de
1834 2791 46 26 ce
1903 2790 169 38 groupe
2095 2777 52 38 de

168 2845 187 50 reprises
378 2845 166 49 égales,
582 2858 153 27 assure
773 2848 35 37 si
843 2846 340 40 heureusement
1215 2845 151 40 l'unité
1398 2845 52 39 de
1491 2842 284 53 l'ensemble).
1825 2843 134 40 Est-il
1993 2843 154 40 besoin

166 2909 212 54 d'ajouter
404 2925 84 38 que
512 2926 69 26 ces
609 2914 259 47 variations,
894 2916 268 36 ravissantes
1187 2912 261 51 cependant,
1486 2909 250 42 n'excèdent
1758 2924 78 38 pas
1860 2911 38 40 la
1919 2915 150 47 portée
2091 2911 56 38 de

166 2978 129 40 celles
319 2979 150 51 qu'ont
492 2981 153 38 écrites
668 2982 35 37 si
724 2988 183 32 souvent
932 2979 157 52 Haydn
1110 2993 55 26 ou
1186 2978 170 40 Mozart
1378 2984 15 34 ?

220 3045 67 41 En
313 3049 119 46 ißoï,
458 3046 250 40 Beethoven
733 3060 54 26 ne
816 3048 261 51 pressentait
1118 3049 124 49 point
1264 3055 240 31 nettement
1547 3058 155 27 encore
1745 3046 37 39 la
1815 3045 137 40 forme
1993 3045 52 40 de
2078 3058 68 27 ces

166 3114 192 50 grandes
380 3116 242 38 variations
646 3127 184 37 conçues
853 3123 40 31 et
914 3115 204 38 réalisées
1138 3112 99 53 plus
1262 3114 94 39 tard
1383 3123 9 39 ;
1418 3126 69 26 ces
1510 3114 192 49 grandes
1723 3114 239 39 variations
1985 3114 91 50 qui,
2095 3126 53 25 en

167 3180 317 42 transformant
506 3181 101 39 bien
631 3182 98 50 plus
751 3184 276 37 intimement
1060 3182 38 38 la
1138 3179 142 52 figure
1316 3189 40 31 et
1396 3189 170 31 surtout
1600 3181 284 51 l'expression
1921 3180 230 49 originelle

166 3246 102 43 d'un
292 3250 159 45 thème,
479 3250 305 46 deviendront,
810 3262 52 27 en
890 3262 68 27 ses
982 3252 160 46 mains,
1162 3264 58 24 un
1244 3251 34 37 si
1302 3248 281 40 merveilleux
1607 3249 186 50 procédé
1816 3248 51 39 de
1890 3248 233 51 développe-

168 3325 119 31 ment
319 3317 267 51 mélodique.
630 3316 206 40 Celles-ci
860 3325 163 31 restent
1064 3325 232 42 purement
1335 3316 323 40 ornementales
1692 3324 40 30 et
1772 3316 285 38 décoratives.
2087 3313 62 40 Le

168 3384 132 40 détail
320 3398 53 26 en
395 3393 65 31 est
479 3386 168 50 exquis.
672 3383 115 41 Mais
805 3398 69 26 ces
900 3385 139 39 riches
1063 3393 40 31 et
1128 3384 205 39 délicates
1352 3382 227 40 broderies
1620 3383 181 39 laissent
1836 3386 313 47 transparaître

168 3453 194 51 toujours
382 3453 38 39 le
451 3453 150 39 dessin
625 3451 198 53 primitif,
850 3452 55 40 tel
941 3450 129 56 qu'en
1095 3465 45 26 sa
1162 3454 131 47 grâce
1313 3452 201 48 élégante
1555 3461 40 29 et
1628 3451 165 51 précise
1827 3450 28 39 il
1890 3457 64 32 est
1985 3454 163 46 exposé

166 3520 38 41 la
235 3521 215 53 première
479 3519 98 42 fois.
