3525 4361
1699 169 102 52 381

330 294 97 47 Der.
467 297 151 47 Heim
665 298 120 49 halte
824 300 67 48 ich
927 301 66 47 bei
1025 302 143 50 einem
1200 305 384 66 Operngedichte,
1625 310 92 47 also

211 369 117 47 auch
373 369 69 49 bei
486 373 123 47 einer
640 371 339 71 Übersetzung
1007 378 249 57 desselben,
1300 382 74 47 für
1403 383 314 65 nothwendig;

214 444 98 49 eine
341 448 188 61 gewisse
564 451 283 64 Vollendung
876 453 79 46 der
985 456 154 56 Form,
1181 456 70 48 die
1283 475 101 30 man
1407 460 108 63 jetzt
1545 461 172 48 überall

211 522 62 45 als
302 523 399 62 genie-hemmend
735 527 45 62 (!)
811 543 83 47 gar
921 546 52 30 zu
1003 547 109 47 gern
1150 532 196 56 abwirft,
1388 534 171 49 fordert
1591 537 127 62 jedes

213 598 291 56 Kunstwerk,
533 602 93 45 also
656 603 115 47 auch
801 603 79 47 das
903 606 355 63 Operngedicht,
1288 626 130 32 wenn
1448 627 45 31 es
1523 612 80 47 auf
1625 612 69 48 die-

208 688 78 31 sen
317 674 176 47 Namen
522 678 240 62 Anspruch
794 681 188 47 machen
1013 683 101 47 will.
1161 686 96 45 Der
1285 687 130 46 Reim
1444 687 53 47 ist
1528 688 77 47 mit
1632 688 86 48 den

209 750 315 47 romanischen
562 754 89 46 und
695 758 344 60 germanischen
1067 761 231 62 Sprachen
1337 780 48 30 so
1413 764 305 56 verwachsen,

208 824 102 47 dass
338 842 49 30 er
416 825 72 49 bei
518 829 130 47 allem
673 830 241 65 Lyrischen
940 837 252 45 wesentlich
1218 838 75 55 ist;
1324 838 79 47 das
1429 841 257 48 Volkstüm-

212 900 114 48 liche
355 900 77 48 des
463 903 318 67 Gleichklangs
811 908 117 48 kann
959 910 101 47 dem
1096 913 141 47 Volke
1265 913 142 48 durch
1437 917 98 45 eine
1566 919 126 46 metri-

209 976 106 47 sche
347 976 137 49 I'orin
514 980 130 47 allein
675 982 121 48 nicht
819 992 157 40 ersetzt
1001 987 198 54 werden,
1229 989 81 47 fast
1338 989 115 48 eben
1483 1006 48 33 so
1554 993 164 65 wenig,

211 1054 85 46 wie
338 1054 42 46 in
424 1054 79 48 der
533 1058 148 45 Musik
721 1059 71 47 die
822 1062 191 48 Melodie
1054 1064 140 48 durch
1224 1065 70 49 die
1322 1065 397 52 declamatorische

207 1130 269 48 l'salmodie.
537 1134 151 47 Wenn
720 1136 173 49 Mozart
933 1139 137 47 selbst
1111 1157 145 47 gegen
1295 1142 70 48 die
1396 1144 156 47 Reime
1594 1147 126 47 eifert

207 1205 75 61 (0.
310 1206 137 56 Jahn,
476 1209 94 54 111.,
598 1210 44 47 S.
675 1210 106 65 86),
824 1229 48 31 so
904 1215 137 47 meint
1070 1233 64 39 er,
1185 1218 82 47 wie
1308 1234 49 32 er
1388 1219 49 63 ja
1472 1222 115 47 auch
1618 1238 76 31 aus-

207 1281 230 47 drücklich
488 1293 114 54 sagt,
645 1285 71 48 die
1115 1294 175 55 Reime,
1340 1294 268 66 diejenigen,
1648 1296 71 49 die

218 1357 104 54 „des
353 1359 212 48 Reimens
820 1368 212 61 gemacht
1068 1369 182 48 werden
1294 1371 88 47 und
1422 1371 129 56 „dem
1584 1374 99 47 Com-

206 1434 204 62 ponisten
438 1435 121 48 seine
587 1454 139 46 ganze
757 1439 103 49 Idee
1271 1446 76 47 Ich
1387 1446 118 50 habe
1535 1448 183 64 jedoch,

207 1510 115 46 auch
357 1510 142 48 hierin
528 1512 102 49 dem
662 1514 233 66 Originale
926 1520 68 46 Da
1026 1521 178 47 Ponte's
1233 1523 197 62 folgend,
1471 1524 85 47 den
1587 1525 127 47 Reim

207 1586 79 46 mit
319 1587 196 47 Freiheit
545 1589 259 58 behandelt,
843 1594 88 47 und
978 1613 54 29 an
1065 1597 219 49 manchen
1314 1600 183 55 Stellen,
1540 1603 85 45 wie
1657 1604 56 46 im

207 1662 214 47 Vorwort
441 1665 139 47 schon
604 1669 219 57 erwähnt,
847 1670 72 47 ihn
946 1671 201 48 höheren
1172 1675 302 48 Rücksichten
1498 1677 219 64 geopfert.

204 1737 360 66 Nichtssagende
593 1742 110 48 oder
731 1761 82 47 gar
843 1746 84 47 den
957 1749 108 45 Sinn
1096 1751 307 57 entstellende,
1444 1769 48 32 so
1523 1754 83 47 wie
1638 1755 50 47 wi-

204 1812 272 67 derhaarige
521 1817 87 48 und
651 1820 291 63 pedantische
985 1825 157 48 Reime
1185 1827 112 46 wird
1341 1845 119 39 man,
1518 1830 83 47 wie
1643 1831 70 47 ich

204 1891 188 63 glaube,
421 1893 122 47 nicht
571 1895 165 49 finden.
786 1900 288 63 Spielereien,
1114 1902 85 49 wie
1228 1904 70 47 die
1328 1920 83 32 von
1443 1906 172 64 Kugler
1643 1906 71 48 bei

208 1967 123 48 Viol:
678 1972 89 48 und
814 1975 196 56 „darauf
1031 1978 118 47 sinnt
1335 1981 143 55 „breit
1624 1984 92 48 und

214 2044 159 55 „Kleid
801 2052 89 47 und
924 2053 149 56 „lohn'
1255 2057 97 47 sind
1382 2074 48 31 so
1459 2058 230 50 anti-musi-

202 2121 164 48 calisch
397 2122 84 48 wie
510 2125 210 63 möglich.

320 2198 109 47 Wie
458 2199 106 47 weit
590 2217 46 31 es
665 2202 85 46 mir
780 2221 90 29 nun
899 2206 226 63 gelungen
1154 2208 78 55 sei,
1272 2208 82 47 bei
1391 2226 58 31 so
1481 2210 198 50 binden-

203 2272 100 49 den
340 2276 255 57 Fesseln,
636 2278 100 47 dem
769 2281 143 56 Tone,
941 2281 80 48 der
1049 2283 273 66 Stimmung,
1352 2286 80 48 der
1459 2288 151 47 Farbe
1638 2288 76 49 des

202 2349 282 56 Ausdrucks,
514 2353 170 48 welche
714 2354 77 49 das
822 2358 278 48 Italienische
1130 2361 76 47 hat
1234 2361 90 47 und
1355 2363 169 47 welche
1553 2365 70 47 die
1652 2365 41 63 je-

202 2424 245 68 desmalige
470 2429 222 49 Situation
721 2432 239 58 erfordert,
999 2436 116 48 nahe
1143 2455 52 29 zu
1228 2437 227 57 kommen,
1497 2457 118 31 tnuss
1645 2442 67 47 ich

201 2502 82 48 der
310 2504 329 68 Reurtheilung
681 2508 78 47 der
789 2511 184 48 Kenner
1016 2512 89 48 und
1148 2513 80 48 der
1257 2516 337 49 Kunstfreunde
1636 2535 51 31 an-

203 2579 292 50 heimstellen.

316 2659 71 46 An
418 2658 85 48 den
536 2659 646 55 Bühnen-Directionen
1206 2667 111 48 wird
1349 2686 44 30 es
1416 2669 107 65 jetzt
1552 2672 160 63 liegen,

206 2732 58 48 ob
292 2734 93 48 sich
416 2734 80 48 der
526 2737 330 63 hergebrachte
894 2757 256 48 ungenaue,
1192 2744 155 64 häufig
1383 2763 112 46 ganz
1533 2748 180 57 falsche,

202 2810 128 47 meist
369 2812 106 47 sehr
515 2813 275 63 prosaische,
830 2815 64 49 oft
936 2819 269 64 unwürdige
1236 2822 115 47 Text
1388 2841 51 29 zu
1478 2823 79 48 der
1592 2828 93 60 gött-

201 2887 143 48 lichen
368 2889 145 46 Musik
537 2890 208 47 Mozart's
775 2893 73 46 auf
880 2893 86 47 den
997 2893 245 51 deutschen
1267 2898 226 49 Theatern
1524 2902 159 47 verewi-

199 2979 88 47 gen
315 2964 80 47 soll
425 2964 111 47 oder
565 2965 135 49 nicht.
756 2968 73 46 Ich
871 2969 118 47 habe
1023 2970 80 49 das
1138 2973 197 65 Meinige
1378 2975 86 47 für
1505 2978 208 47 Mozart

199 3040 168 64 gethan
392 3041 89 47 und
507 3043 268 64 wenigstens
796 3045 128 49 einen
950 3048 180 65 Anfang
1150 3067 100 30 zum
1276 3052 187 48 Bessern
1488 3054 223 62 gemacht.

315 3118 95 47 Der
455 3119 383 65 Clavier-Auszug
877 3123 172 47 enthält
1086 3125 164 56 alles,
1291 3143 93 32 was
1421 3129 173 47 Mozart
1637 3130 75 47 für

198 3193 85 47 den
312 3194 104 47 Don
442 3195 120 46 Juan
594 3198 313 62 ursprünglich
947 3200 89 46 und
1078 3201 306 65 nachträglich
1416 3205 293 64 geschrieben

199 3270 98 53 hat;
340 3270 71 47 die
448 3273 141 47 Arien
631 3274 230 48 Masetto's
903 3313 16 18 „
935 3276 71 47 I/o
1223 3316 10 20 ,
1283 3281 217 47 Ottavio's
1539 3321 17 16 „
1566 3283 146 48 Dalla

202 3360 86 33 sua
405 3361 122 51 pace
535 3354 16 16 u
461 3348 132 57 ,das
634 3350 290 65 vollständige
954 3353 156 48 Finale
1150 3354 77 48 des
1267 3358 186 47 zweiten
1488 3359 136 47 Actes
1666 3360 41 47 in

204 3422 171 49 D-dur
392 3425 156 47 stehen
585 3443 55 30 an
681 3428 125 47 ihren
838 3429 180 48 Stellen.
1074 3431 101 47 Nur
1203 3431 77 50 das
1310 3434 229 49 komische
1570 3438 139 45 Duett

195 3500 46 48 in
352 3500 114 49 C-dur
467 3502 198 47 zwischen
695 3505 176 48 Zerline
902 3506 87 47 und
1017 3508 240 63 Leporello

195 3575 187 49 manine
462 3579 53 47 ist
556 3579 59 47 im
646 3580 200 65 Anhang
886 3582 239 63 geblieben
1170 3584 90 48 und
1302 3603 105 48 mag
1448 3588 133 57 auch,
1624 3589 84 48 wie

198 3654 166 57 bisher,
394 3671 82 32 von
508 3655 80 48 der
616 3657 162 47 Bühne
808 3659 218 48 verbannt
1058 3660 190 49 bleiben.
1342 3664 365 63 Aufgenommen

194 3731 98 47 sind
321 3730 70 49 die
414 3732 401 65 Berichtigungen,
847 3735 69 47 die
940 3736 56 47 0.
1020 3737 118 49 Jahn
1167 3755 80 32 aus
1276 3739 80 48 der
1378 3741 199 47 Partitur
1606 3759 76 32 aus-

194 3824 224 47 gezogen;
457 3809 131 47 allein
625 3809 78 48 das
730 3809 24 48 b
783 3811 56 47 im
881 3811 285 51 dreizehnten
1197 3816 138 47 Tacte
1374 3816 76 48 des
1487 3819 221 63 Allegro's

197 3885 81 47 der
306 3885 277 57 Ouvertüre,
631 3903 48 31 so
722 3887 84 47 wie
847 3887 71 49 die
959 3890 92 48 vier
1088 3894 139 45 Tacte
1269 3894 58 47 im
1364 3895 157 48 letzten
1551 3896 158 50 Finale

201 3991 12 31 \
231 3998 17 18 n
259 3960 43 49 A
466 3962 113 47 torto
766 3981 40 31 u.
830 3981 35 32 s.
890 3965 74 65 w.)
994 3985 54 29 zu
1077 3970 240 57 streichen,
1349 3971 116 48 habe
1493 3972 68 47 ich
1592 3975 115 46 nach

195 4037 119 48 wohl
357 4055 270 46 erwogener
664 4041 146 48 Sache
855 4045 293 49 unterlassen.
1205 4047 65 47 Im
1300 4046 286 51 dreizehnten
1618 4050 89 48 und

1789 307 278 50 vierzehnten
2093 311 138 49 Tacte
2255 313 75 47 des
2356 315 240 50 Andante'«
2625 319 79 47 der
2728 322 254 49 Ouverlure
3012 324 137 48 findet
3179 343 99 31 man

1788 381 98 50 hier
1909 386 111 46 auch
2043 404 98 31 zum
2173 395 146 42 ersten
2342 391 118 47 Male
2487 393 40 47 in
2558 394 82 47 den
2671 396 376 69 Clavier-Auszug
3077 402 70 48 die
3176 403 79 47 cha-

1787 460 330 52 rakteristische
2145 466 413 66 Bratschen-Figur
2586 471 359 63 aufgenommen.

3035 554 51 46 L.
3117 554 48 47 B.

2354 762 96 52 Aus
2488 764 230 55 Dresden.

1980 894 437 51 [Nachträgliches
2445 902 116 35 über
2599 904 206 35 Weber's
2842 906 257 50 Denkmal.]

1904 997 87 48 Am
2038 1000 79 48 11.
2147 1001 202 48 October
2387 1004 41 47 d.
2456 1006 39 46 J.
2539 1006 155 48 wurde
2734 1009 69 45 die
2840 1009 157 48 Statue
3039 1010 46 48 C.
3113 1012 59 49 M.
3203 1030 81 33 von

1792 1072 213 48 Weber's
2034 1076 58 47 im
2117 1077 173 48 Beisein
2321 1080 207 47 höchster
2558 1082 86 46 und
2677 1084 141 47 hoher
2845 1086 318 50 Herrschaften
3195 1092 89 46 und

1789 1164 79 31 vor
1895 1150 142 48 einem
2067 1153 223 49 zahlreich
2320 1160 339 45 versammelten
2691 1160 231 48 Publicum
2961 1162 192 50 feierlich
3190 1175 72 41 ent-

1789 1222 126 50 hüllt.
1947 1227 91 47 Das
2059 1230 334 63 Arrangement
2412 1249 78 30 zur
2512 1233 286 49 Festlichkeit
2821 1251 94 32 war
2942 1237 69 47 ein
3040 1240 103 45 sehr
3165 1245 90 44 wür-

1791 1299 139 64 diges,
1959 1302 182 50 obwohl
2170 1306 42 47 in
2240 1308 142 47 seiner
2407 1311 340 65 Totalwirkung
2776 1320 139 40 etwas
2944 1312 341 70 beeinträchtigt

1789 1374 141 49 durch
1954 1388 320 56 consequentes
2296 1385 330 63 Begenwetter.
2658 1387 236 48 Trotzdem
2923 1388 140 64 zeigte
3091 1391 90 48 sich
3205 1395 60 45 all-

1789 1454 203 61 gemeine
2024 1457 295 49 Theilnahme
2353 1459 88 47 und
2470 1462 358 57 Enthusiasmus,
2868 1467 270 47 namentlich
3167 1471 116 47 auch

1789 1545 55 30 an
1874 1529 84 47 den
1990 1531 160 49 beiden
2179 1534 478 68 Fest-Vorstellungen
2686 1541 57 44 im
2775 1541 214 47 Theater:

1791 1604 86 47 und
2246 1612 183 57 welche,
2480 1630 79 30 von
2600 1614 85 47 den
2723 1614 152 50 besten
2904 1618 186 47 Kräften
3130 1628 128 41 unter-

1787 1683 146 53 stützt,
1981 1683 212 62 glänzend
2243 1686 42 47 in
2326 1688 144 47 Scene
2517 1689 178 65 gingen.
2747 1692 86 47 Ein
2880 1693 142 64 längst
3066 1694 218 66 gehegter

1792 1757 204 48 Wunsch
2027 1759 52 47 ist
2107 1778 90 29 nun
2226 1763 92 47 also
2348 1764 178 49 erfüllt:
2565 1766 85 48 den
2681 1783 180 47 grossen
2892 1769 193 58 Meister,
3124 1771 156 50 dessen

1787 1833 145 48 Name
1962 1837 271 48 unsterblich
2262 1840 242 63 geworden
2540 1842 54 47 ist
2638 1843 86 47 und
2767 1843 153 50 dessen
2951 1846 333 52 verdienstvolle

1787 1909 256 65 Ihätigkeit
2080 1913 59 47 im
2169 1915 284 49 Besonderen
2495 1918 80 47 der
2610 1918 242 51 dresdener
2880 1922 125 63 Oper
3040 1923 243 62 gewidmet

1787 2002 112 40 war,
1929 1988 95 47 hier
2051 1989 42 47 in
2122 1990 145 49 einem
2291 1994 222 48 Denkmal
2536 1997 212 63 verewigt
2767 2014 52 31 zu
2841 1998 151 48 sehen.
3020 1999 86 48 Die
3125 2001 158 49 Statue

1785 2063 138 47 selbst
1951 2065 156 49 wurde
2135 2067 58 47 im
2215 2068 138 48 Jahre
2381 2070 140 49 1858
2545 2088 82 31 von
2652 2089 203 32 unserem
2881 2074 268 50 berühmten
3172 2078 84 48 Pro-

1789 2138 139 48 fessor
1970 2141 279 49 Bietschel
2291 2145 223 49 modellirt
2554 2147 90 47 und
2687 2148 140 49 1859
2869 2150 46 47 in
2955 2149 102 48 dem
3099 2153 185 62 grällich

1791 2215 370 50 Finsiedel'schen
2193 2220 327 50 Hüttenwerke
2554 2241 52 29 zu
2635 2224 366 50 Lauchhammer
3036 2243 244 48 gegossen;

1785 2291 63 47 sie
1876 2291 53 49 ist
1957 2294 103 47 acht
2094 2295 249 50 rheinische
2376 2299 108 46 Fuss
2525 2299 141 57 hoch;
2709 2300 113 48 eben
2864 2318 48 32 so
2954 2301 114 49 hoch
3110 2304 53 48 ist
3204 2305 79 49 das

1785 2368 260 49 Postament
2085 2387 79 31 aus
2206 2374 203 62 polirtem
2455 2375 239 48 meissener
2735 2378 169 48 Granit.
2959 2378 198 49 Obwohl
3199 2382 81 48 der

1785 2444 214 48 Standort
2028 2445 80 48 der
2136 2449 157 47 Statue
2321 2450 120 47 nicht
2475 2468 76 30 vor
2579 2451 80 47 der
2686 2453 292 63 eigentlichen
3011 2456 165 49 Fronte
3205 2456 75 50 des

1793 2521 19 45 1
1827 2520 386 65 heatergebäudes
2235 2526 267 63 ermöglicht
2518 2528 179 48 werden
2723 2529 178 57 konnte,
2918 2531 54 47 ist
2992 2548 47 30 er
3061 2531 219 60 dennoch,

1787 2597 81 46 wie
1896 2615 52 29 zu
1979 2608 224 40 erwarten
2229 2618 108 39 war,
2368 2604 41 45 in
2441 2605 315 48 unmittelbare
2776 2606 127 47 Nähe
2926 2608 230 48 desselben
3184 2625 72 32 ver-

1783 2681 107 41 setzt
1918 2675 198 49 worden.
2172 2679 83 45 Die
2285 2679 127 63 Oper
2447 2698 94 30 war
2575 2682 49 63 ja
2661 2682 76 47 das
2767 2684 403 65 Haupt-Element,
3210 2686 72 49 die

1784 2751 153 46 Krone
1966 2751 80 47 der
2076 2752 327 50 Weber'schen
2434 2756 387 66 Tondichtungen.
2865 2761 132 47 Auch
3026 2760 70 48 die
3125 2763 131 63 präch-

1784 2827 120 63 tigen
1934 2829 394 66 Opern-Prologe,
2371 2834 287 48 Ouvertüren
2688 2845 214 55 genannt,
2945 2854 47 32 so
3034 2839 84 47 wie
3156 2839 102 48 herr-

1784 2902 111 47 liche
1916 2903 164 49 Lieder
2111 2906 88 47 und
2222 2907 419 51 charakteristische
2667 2912 362 64 Compositionen
3059 2915 74 46 für
3153 2915 129 48 Solo-

1782 2981 299 48 Instrumente
2109 2982 272 50 schmücken
2419 2986 78 47 das
2536 2989 353 62 unvergessliche
2917 2990 250 48 Andenken
3195 2992 63 47 sei-

1782 3072 80 31 ner
1891 3058 157 47 Kunst.
2103 3061 48 44 In
2192 3060 80 47 der
2300 3061 199 49 Sinfonie
2541 3063 89 47 und
2661 3065 356 56 Quartettmusik
3058 3066 104 48 fand
3203 3067 79 49 der

1782 3131 183 49 Meister
2003 3135 120 47 nicht
2163 3136 119 47 seine
2324 3136 264 65 eigentliche
2626 3140 187 63 Sphäre,
2852 3141 182 48 obwohl
3076 3159 48 30 er
3166 3144 114 46 auch

1782 3208 137 47 dafür
1939 3210 291 50 interessante
2248 3213 184 49 Studien
2459 3216 302 48 hinterlassen.
2790 3218 85 47 Die
2892 3218 198 49 Sinfonie
3113 3220 169 49 verhält

1780 3284 91 47 sich
1912 3302 78 29 zur
2019 3287 141 64 Oper,
2203 3288 84 49 wie
2315 3291 121 63 Epos
2473 3309 99 29 zum
2605 3293 191 55 Drama;
2840 3295 61 47 sie
2932 3296 201 62 verlangt
3171 3296 88 63 logi-

1779 3362 126 47 sches
1928 3364 297 64 Fortspinnen
2255 3366 80 47 der
2357 3368 178 55 Motive,
2563 3385 48 32 so
2638 3387 52 30 zu
2719 3386 135 48 sagen
2883 3371 291 48 thematische
3195 3373 56 47 Be-

1782 3437 273 49 redsamkeit
2099 3441 87 47 und
2226 3442 396 51 Beschaulichkeit.
2682 3446 211 48 Weber's
2923 3448 357 49 Kunst-Naturel

1782 3514 122 64 neigt
1944 3516 111 47 aber
2094 3518 103 46 weit
2238 3519 128 46 mehr
2405 3537 99 31 zum
2544 3526 275 44 Ausstreuen
2860 3523 90 47 und
2978 3523 301 50 Aufleuchten

1782 3591 78 48 der
1891 3592 263 60 Gedanken,
2197 3596 63 45 als
2301 3613 99 31 zum
2438 3598 336 48 ausführlichen
2805 3601 278 62 Besprechen
3113 3601 143 48 dersel-

1783 3667 107 57 ben;
1939 3685 48 30 er
2023 3671 183 47 schiesst
2245 3672 169 48 Effecte
2450 3673 75 55 ab,
2568 3674 82 47 wie
2691 3674 142 47 sicher
2874 3674 217 49 treffende
3128 3676 150 48 Pfeile.

1780 3745 134 46 Seine
1935 3745 327 50 Meisterschaft
2283 3749 113 64 zeigt
2418 3751 90 47 sich
2539 3751 120 47 nicht
2682 3751 116 48 bloss
2821 3752 40 46 in
2887 3752 392 57 Gefühlsmalerei,

1780 3822 192 48 sondern
2004 3824 113 47 auch
2151 3824 41 47 in
2225 3825 654 67 Charakterzeichnung,
2921 3828 87 47 und
3040 3828 242 50 besonders

1780 3899 96 47 sind
1906 3916 45 30 es
1980 3899 147 48 diese
2155 3902 365 63 Eigenschaften,
2549 3904 40 47 in
2615 3906 197 45 weichen
2840 3904 90 48 sein
2960 3904 320 50 dramatisches

1783 3975 138 47 Genie
1953 3978 184 46 wurzelt
2179 3977 88 48 und
2300 3979 141 47 worin
2470 3997 48 30 er
2546 3980 172 49 Mozart
2752 3997 71 32 am
2852 3980 212 49 nächsten
3094 3982 155 63 gekom-

1783 4069 99 31 men
1914 4053 65 48 ist.
2027 4054 223 48 Niemand
2295 4057 76 47 hat
2413 4073 44 32 es
2499 4057 112 48 nach
2641 4057 149 48 diesen
2821 4058 168 47 Beiden
3020 4059 165 46 wieder
3222 4076 57 29 so
