2934 4572
174 792 256 69 wißheit
476 796 223 80 durch,
759 800 126 67 daß
936 802 102 68 die
1085 805 171 68 Welt
1311 809 263 70 diesmal
1628 815 163 67 noch
1849 819 170 67 nicht
2073 833 170 56 unter-

172 886 209 80 ginge.
473 885 191 67 Wohl
711 887 179 80 aber,
939 892 249 69 endlich
1238 898 129 66 und
1414 901 357 88 endgültig,
1825 906 101 67 die
1973 906 137 70 Zeit
2165 912 111 67 der

174 973 580 82 imperialistischen
802 978 358 71 Romantik.
1240 984 121 67 Die
1409 988 581 89 Riesenpyramide,
2038 1023 75 41 zu
2162 999 114 67 der

172 1058 323 67 Millionen
521 1063 129 64 und
676 1064 324 69 Millionen
1027 1068 273 71 Sklaven
1329 1073 103 67 die
1457 1075 218 70 Steine
1700 1079 574 93 herangeschleppt

171 1144 237 80 hatten,
445 1146 383 73 Geschlecht
873 1181 102 39 um
1010 1155 402 84 Geschlecht,
1464 1168 60 61 in
1559 1166 424 71 abertausend
2015 1173 254 83 Jahren,

168 1238 91 62 sie
306 1235 185 66 stand
538 1239 338 79 vollendet,
925 1244 131 66 und
1107 1247 116 66 das
1276 1275 146 40 vom
1479 1252 141 68 Blut
1676 1256 235 80 Isaaks,
1971 1260 121 67 den
2159 1263 114 66 der

168 1322 199 66 uralte
412 1323 329 70 Abraham
805 1329 400 83 schlachtete,
1271 1336 374 72 überflutete
1708 1348 110 74 sie,
1884 1346 92 67 als
2039 1355 230 62 stürzte

167 1435 67 39 es
284 1412 503 86 unerschöpflich
835 1445 112 41 aus
996 1421 114 66 der
1156 1423 237 69 Sonne.

254 1497 293 67 Rußland
612 1501 108 67 hat
782 1510 173 62 seine
1021 1508 777 97 Gesellschaftsordnung,
1866 1521 116 66 das
2045 1524 221 87 übrige

165 1583 263 68 östliche
462 1586 253 86 Europa
764 1591 103 66 die
901 1594 186 68 Form
1135 1604 208 62 seiner
1375 1601 359 89 Regierung
1779 1610 326 83 geändert.
2202 1614 63 66 In

162 1676 236 61 meiner
445 1674 257 69 Heimat
749 1677 109 69 hat
906 1708 115 39 nur
1068 1685 102 66 die
1220 1688 319 69 Garnison
1586 1695 397 81 gewechselt.

248 1759 120 66 Die
417 1760 249 70 Grenze
721 1770 80 62 ist
854 1769 362 84 geblieben,
1266 1780 115 61 wie
1437 1783 90 62 sie
1582 1784 218 65 immer
1855 1785 103 66 die
2014 1785 249 71 Grenze

158 1870 144 52 war,
353 1846 86 66 ob
490 1849 114 67 das
652 1851 190 69 Elsaß
896 1860 83 62 im
1029 1859 254 69 Handel
1342 1864 113 66 der
1501 1865 287 71 Parteien
1844 1870 158 68 nach
2053 1874 208 69 Osten

160 1933 158 66 oder
364 1935 159 67 nach
571 1939 260 69 Westen
885 1945 381 88 geschlagen
1313 1953 193 66 ward.
1601 1955 107 68 Bis
1755 1983 138 42 zum
1940 1968 320 80 gestrigen

158 2019 139 86 Tag
341 2023 219 67 schied
613 2032 91 62 sie
753 2030 115 66 das
924 2035 465 70 autokratische
1437 2041 255 87 Europa
1738 2074 146 39 vom
1932 2049 323 70 liberalen.

157 2108 210 67 Heute
429 2110 199 70 bildet
689 2122 92 61 sie
850 2118 105 69 die
1023 2124 358 69 Brustwehr
1455 2132 309 67 zwischen
1845 2136 145 67 dem
2061 2145 165 62 sozia-

153 2196 316 68 listischen
525 2203 130 65 und
712 2204 145 68 dem
913 2208 538 87 kapitalistischen
1507 2217 274 88 Europa.
1875 2225 134 66 Das
2066 2226 190 69 Elsaß

151 2287 166 80 trägt
372 2292 132 61 sein
553 2289 323 70 Schicksal
930 2297 91 66 als
1079 2300 114 66 das
1249 2307 276 65 innerste
1573 2307 365 70 Grenzland
1995 2340 259 43 unseres

151 2371 307 68 Weltteils
508 2381 138 63 eine
678 2377 136 71 Zeit
845 2389 235 63 weiter:
1131 2394 116 61 wie
1294 2391 130 67 sich
1470 2394 103 66 die
1605 2396 504 92 Verschlingung
2142 2404 114 66 der

156 2458 446 85 Kämpfenden
665 2466 133 69 hier
861 2475 218 63 immer
1132 2474 98 68 bis
1291 2504 139 41 zum
1479 2481 268 88 Krampf
1799 2502 271 68 spannte
2124 2491 129 66 und

153 2547 137 64 also
355 2551 184 66 nackt
600 2580 113 40 ans
775 2556 178 69 Licht
1016 2588 254 61 sprang,
1337 2593 72 39 so
1464 2570 183 67 stehn
1703 2571 186 69 heute
1946 2582 99 61 ein
2101 2578 112 68 Pro-

152 2635 262 80 letariat,
450 2637 116 67 das
600 2641 103 66 die
727 2643 323 71 Arbeiter-
1083 2651 129 65 und
1245 2651 449 74 Soldatenräte
1727 2660 113 66 der
1872 2663 377 71 Revolution

147 2721 281 83 gekannt
490 2725 133 81 hat,
689 2730 130 66 und
882 2738 99 62 ein
1045 2739 377 83 siegreicher
1484 2743 424 72 Militarismus
1972 2752 275 70 blitzhell

147 2810 324 68 verstrickt
533 2815 127 65 und
722 2820 249 68 zutiefst
1031 2825 336 88 verkriegt,
1433 2829 198 70 bevor
1692 2836 164 67 noch
1915 2838 114 67 der
2081 2855 165 56 erste

146 2897 482 90 Donnerschlag
671 2908 262 81 gerufen
981 2909 127 69 hat.

232 2984 363 71 Wiederum
645 2992 260 71 handelt
952 3024 67 40 es
1068 2999 149 79 sich,
1271 3005 128 64 und
1449 3006 264 70 diesmal
1745 3016 115 62 wie
1908 3013 163 69 noch
2120 3022 119 74 nie,

143 3096 100 41 um
309 3074 124 66 den
496 3077 238 88 Kampf
783 3090 221 62 zweier
1050 3088 677 93 Weltanschauungen,
1785 3101 130 66 und
1968 3110 274 81 weniger

143 3158 166 67 denn
356 3165 58 78 je
462 3190 103 39 um
615 3166 124 67 den
788 3171 206 67 Besitz
1041 3180 171 62 eines
1262 3177 456 73 Territoriums.

226 3246 335 70 Anläßlich
612 3253 113 66 des
758 3255 317 71 Zaberner
1106 3261 381 85 Spektakels
1535 3269 245 68 schrieb
1830 3274 116 77 ich,
1997 3278 92 66 als
2137 3284 99 62 ein

139 3333 408 80 preußischer
580 3339 152 68 Pole
781 3349 115 61 mir
941 3347 208 78 zurief,
1186 3350 128 66 daß
1367 3352 143 78 „die
1543 3356 236 69 Reihe“
1833 3387 125 42 nun
1993 3389 78 42 an
2120 3393 115 42 uns

138 3422 323 65 Elsässern
515 3430 197 71 „sei“:

227 3507 161 78 „Die
435 3510 200 69 Reihe
683 3542 79 40 an
810 3520 164 66 uns?

221 3595 205 67 Wann
461 3598 209 69 haben
703 3609 108 61 wir
858 3606 163 68 denn
1055 3610 352 85 aufgehört,
1452 3643 78 41 an
1564 3619 116 67 der
1710 3622 200 70 Reihe
1940 3652 75 41 zu
2048 3633 184 66 sein?

218 3684 136 66 Seit
383 3689 229 84 vierzig
641 3690 232 83 Jahren
906 3697 216 67 wohnt
1155 3698 98 67 bis
1286 3700 156 69 über
1484 3706 103 68 die
1620 3708 230 88 Augen
1893 3713 339 73 bewaffnet

128 3774 99 61 ein
275 3773 391 89 rothaariger
699 3780 216 69 Koloß
962 3789 60 63 in
1071 3787 240 68 diesem
1346 3789 198 83 Land,
1593 3822 68 41 er
1706 3798 192 70 hockt
1930 3803 104 66 auf
2081 3806 145 67 dem

127 3860 185 65 Rand
377 3860 113 69 der
534 3863 318 89 Vogesen,
918 3899 101 40 um
1075 3880 174 63 seine
1300 3880 561 86 grobgestiefelten
1917 3888 195 70 Beine
2166 3899 60 61 in

777 625 150 58 Rene
965 627 273 60 Schickele
1294 663 11 12 •
1366 635 298 58 Nachwort

2172 649 106 53 443
