2934 4572
77 783 351 69 revolution
454 788 130 67 sich
611 794 59 61 in
706 794 499 86 mustergültiger
1230 796 320 91 Ordnung
1571 804 310 81 vollzieht,
1915 814 117 62 wie
2065 812 114 67 das

77 868 231 68 anders
355 879 118 61 seit
520 876 178 68 Ende
731 879 355 69 Dezember
1131 883 171 68 nicht
1347 888 178 65 mehr
1569 915 74 41 zu
1691 908 301 55 erwarten
2031 925 146 42 war.

166 956 158 69 Nur:
373 965 109 63 wir
514 964 140 66 sind
687 967 170 67 nicht
888 968 176 67 mehr
1102 970 103 68 die
1235 974 221 79 vielen,
1509 976 205 69 denen
1766 982 103 67 die
1916 986 259 78 andern,

72 1048 318 82 verspielt,
438 1053 389 81 verzweifelt,
876 1073 426 71 ausgepumpt
1347 1062 131 67 sich
1534 1080 430 59 anvertrauen.
2043 1075 135 67 Wir

73 1157 207 43 waren
322 1162 68 40 es
420 1164 206 58 genau
658 1142 288 67 vierzehn
980 1144 195 87 Tage.
1255 1148 83 66 Im
1389 1151 368 70 November
1803 1157 217 69 hätten
2070 1162 103 68 die

72 1217 267 71 Wahlen
386 1227 527 84 ausgeschrieben
960 1235 279 77 werden,
1305 1241 361 81 spätestens
1713 1249 130 62 vier
1887 1246 286 70 Wochen

71 1311 216 80 später
333 1311 215 70 hätten
595 1321 91 62 sie
733 1320 367 68 stattfinden
1148 1324 220 68 sollen.
1448 1327 85 66 Im
1583 1331 367 70 November
1999 1335 175 70 hätte

72 1395 102 66 die
221 1397 358 90 Regierung
625 1405 116 67 alle
787 1407 244 84 großen
1064 1410 519 88 Kriegsbetriebe
1761 1421 129 68 und
1937 1424 234 68 welche

68 1481 294 71 Betriebe
410 1514 206 41 waren
665 1518 69 39 es
790 1495 214 69 nicht?
1183 1504 61 61 in
1294 1500 385 90 Gemeingut
1738 1508 430 72 übernehmen

66 1570 270 80 können,
387 1574 168 68 ohne
604 1578 127 67 daß
778 1586 99 61 ein
923 1584 316 70 Aktionär
1282 1593 346 81 gemuckst,
1696 1600 100 63 ein
1846 1598 323 86 Ingenieur

63 1656 131 65 sich
240 1665 366 81 verweigert
650 1664 192 70 hätte.
937 1672 85 64 Im
1072 1672 365 71 November
1482 1678 217 68 hätten
1749 1683 102 67 die
1896 1689 270 66 tausend

193 1771 29 39 r
228 1837 13 11 .
266 1771 70 41 ze
341 1746 357 73 hntausend
747 1755 515 84 Intellektuellen,
1329 1764 103 68 die
1481 1765 203 70 bereit
1730 1796 226 55 waren,
2013 1776 152 67 alles

61 1829 96 67 für
188 1837 99 62 ein
321 1861 192 42 neues
546 1839 432 73 Deutschland
1012 1848 130 66 und
1185 1849 103 68 die
1335 1876 158 43 neue
1526 1854 169 69 Welt
1741 1857 420 89 herzugeben,

62 1923 60 60 in
171 1919 123 67 den
329 1922 205 70 Stand
565 1941 242 71 gesetzt
860 1934 251 68 werden
1161 1945 270 76 müssen,
1470 1941 489 86 Gymnasiasten
2009 1948 150 88 (die,

61 2009 84 63 da
192 2012 90 62 sie
326 2023 113 73 gut
484 2040 213 61 genug
741 2017 97 67 für
870 2021 123 67 den
1027 2023 197 89 Krieg
1253 2053 226 54 waren,
1529 2032 167 66 wohl
1737 2035 158 67 auch
1928 2036 96 69 für
2056 2040 105 67 die

58 2096 377 70 Revolution
485 2102 169 66 nicht
698 2131 75 41 zu
821 2107 280 70 schlecht
1145 2139 294 58 gewesen
1478 2121 252 83 wären),
1782 2122 374 85 Studenten,

58 2183 686 90 Handlungsgehilfen,
815 2200 188 82 junge
1063 2199 325 82 Arbeiter,
1462 2206 693 90 Daktylographinnen,

57 2272 494 70 heimkehrende
599 2277 329 84 Soldaten,
987 2285 104 67 die
1152 2287 282 70 draußen
1498 2294 152 67 alles
1713 2295 99 69 bis
1876 2300 105 66 auf
2042 2303 117 67 das

56 2359 221 66 nackte
324 2361 214 70 Leben
589 2369 345 84 eingebüßt
980 2373 243 82 hatten,
1274 2378 146 67 kurz
1468 2381 115 68 das
1638 2411 198 59 ganze
1888 2392 268 85 geistige

56 2446 369 70 Proletariat
463 2456 61 63 in
574 2458 487 69 sozialistischen
1101 2464 535 90 Begeisterungs-,
1670 2472 481 91 Erneuerungs-,

53 2531 747 90 Rettungsausschüssen,
835 2547 159 66 oder
1023 2555 117 61 wie
1173 2552 176 67 diese
1382 2554 500 74 Sammelstellen
1914 2568 237 83 tätigen

53 2620 255 68 Geistes
364 2625 129 66 sich
550 2642 177 54 sonst
772 2648 279 67 genannt
1103 2637 235 82 hätten,
1387 2667 73 41 zu
1509 2648 322 78 sammeln,
1882 2656 91 62 sie
2022 2653 96 66 auf-

48 2710 309 75 zuklären,
406 2737 75 42 zu
529 2714 186 69 leiten
895 2727 99 61 ein
1042 2724 404 89 Kinderspiel
1492 2736 164 63 wäre
1710 2760 69 42 es
1831 2764 315 57 gewesen,

45 2818 74 41 zu
189 2802 535 80 repräsentativen
778 2807 535 88 Körperschaften
1371 2817 113 67 der
1536 2825 230 81 jungen
1830 2825 317 86 Republik

45 2905 74 42 zu
183 2884 277 69 erheben
524 2891 130 66 und
701 2895 250 67 weithin
1016 2898 294 83 sichtbar,
1375 2906 252 67 weithin
1689 2908 322 72 fruchtbar
2071 2942 75 40 zu

45 2971 281 78 machen,
362 3000 128 42 was
524 2978 238 69 überall
796 2987 58 61 in
889 2985 452 84 Deutschland,
1390 2992 240 70 überall
1662 2999 483 71 enthusiastisch

45 3061 103 61 auf
155 3061 189 65 brach
393 3063 129 66 und
569 3067 105 65 auf
735 3072 221 83 eigene
1004 3074 191 68 Faust
1255 3077 251 89 losging
1567 3085 128 65 und
1759 3086 188 69 dabei
2009 3096 133 61 sein

42 3149 227 77 wollte,
319 3175 100 40 wo
467 3152 295 83 plötzlich
810 3159 152 66 alles
1009 3166 149 79 jung
1205 3166 128 65 und
1380 3168 187 67 frisch
1615 3198 153 39 war:
1821 3175 317 80 Nachbar,

44 3235 273 75 Heimat,
367 3236 184 80 Erde,
600 3250 317 79 zwanzig-,
968 3249 513 90 sechzehnjährig
1528 3256 102 68 die
1662 3260 186 80 Welt,
1897 3268 117 62 wie
2046 3264 96 67 für

45 3319 102 63 die
181 3319 408 90 Freiwilligen
626 3328 112 66 der
783 3344 206 55 ersten
1036 3336 244 83 großen
1313 3340 338 85 Republik.
1746 3347 81 67 Es
1860 3376 129 42 war
2034 3353 104 67 die

39 3408 245 64 otunde
333 3408 113 66 der
493 3411 338 72 deutschen
876 3419 268 86 Jugend,
1195 3427 128 64 und
1380 3429 103 66 die
1538 3431 303 72 deutsche
1885 3439 251 84 Jugend

38 3495 110 62 hat
209 3499 90 62 sie
362 3496 170 69 nicht
584 3502 282 69 verfehlt.
957 3508 134 67 Auf
1152 3512 118 68 alle
1314 3503 226 81 Ämter
1601 3519 106 69 lief
1761 3530 109 72 sie,
1928 3528 207 83 jedem

35 3584 583 70 Arbeitersekretär
650 3588 117 70 bot
814 3597 89 62 sie
934 3596 131 67 sich
1098 3625 99 53 an,
1248 3610 259 62 stürmte
1556 3607 102 69 die
1691 3610 442 73 Redaktionen

38 3673 112 61 der
181 3673 456 81 Parteiblätter,
674 3681 528 90 sternschnuppte
1249 3692 130 65 und
1427 3693 123 68 ließ
1601 3697 130 69 sich
1780 3701 169 67 nicht
1995 3730 147 41 aus~

34 3759 257 66 löschen
352 3787 146 41 vom
562 3764 414 73 Flederwisch
1039 3777 61 62 in
1166 3776 431 88 bürgerlichen
1660 3787 468 71 Redaktionen:

33 3850 103 61 die
192 3850 303 67 deutsche
542 3852 250 86 Jugend
848 3860 188 66 nahm
1092 3862 131 69 ihre
1279 3866 245 71 Stunde
1569 3874 192 68 wahr.
1854 3877 276 68 Viermal

689 614 154 57 Rene
873 617 273 58 Schickele
1205 651 11 13 •
1273 624 297 56 Nachwort

2076 636 106 54 435
