3247 4572
930 774 113 66 der
1090 772 240 78 Ebene,
1385 772 104 66 die
1536 770 336 87 Rebhügel
1928 769 220 67 hinauf
2194 768 299 66 kommen
2549 765 132 68 und
2727 764 170 86 gehn
2948 764 104 66 die

926 862 453 85 Jahreszeiten.
1459 859 82 69 Er
1589 859 225 69 drückt
1862 859 104 68 auf
2013 858 117 67 das
2178 858 209 66 kleine
2420 854 180 69 Land
2632 859 117 64 wie
2797 854 105 68 auf
2950 853 105 67 die

927 952 186 66 Mitte
1178 956 172 62 einer
1414 953 274 83 riesigen
1738 947 313 71 Schaukel
2241 952 77 79 ja,
2384 944 131 68 und
2564 944 118 66 das
2745 947 81 63 ist
2883 942 170 67 denn

927 1038 163 69 auch
1139 1040 117 67 das
1305 1038 339 68 berühmte
1701 1033 420 88 europäische
2171 1031 518 87 Gleichgewicht.
2783 1031 152 68 Und
2985 1056 68 41 es

926 1129 332 86 geschieht
1303 1134 206 81 wenig
1557 1134 61 61 in
1668 1127 114 68 der
1826 1126 174 66 Welt
2047 1123 131 68 und
2227 1122 203 69 nichts
2461 1121 373 86 Wichtiges,
2886 1120 170 67 ohne

930 1217 129 69 daß
1108 1245 147 41 man
1303 1217 154 77 hier,
1508 1244 100 39 wo
1659 1216 114 67 des
1821 1215 313 67 Kolosses
2183 1212 223 68 Stiefel
2461 1210 205 79 stehn,
2718 1214 102 62 ein
2867 1210 188 66 leises

930 1306 161 68 oder
1137 1306 215 69 hartes
1404 1304 398 68 Schwanken
1851 1309 237 79 spürte.
2183 1300 116 67 Ein
2355 1297 372 89 politischer
2775 1297 240 68 Seismo-

926 1395 208 87 graph
1181 1398 243 65 könnte
1472 1394 104 67 die
1623 1399 366 80 geringsten
2031 1389 575 86 Erschütterungen
2656 1386 114 66 der
2822 1386 195 79 „Welt-

929 1485 181 84 lage“
1148 1483 433 68 verzeichnen.
1658 1482 176 77 Hier,
1861 1507 101 41 wo
1998 1479 104 67 die
2125 1478 290 67 Absätze
2449 1477 105 67 auf
2586 1480 239 63 seinem
2859 1473 197 68 Leibe

930 1573 298 78 drücken,
1296 1572 246 86 schlägt
1608 1571 117 66 das
1782 1569 169 68 Herz
2006 1567 292 85 Europas
2354 1592 100 42 am
2511 1563 412 86 unruhigsten
2973 1616 14 13 .
3041 1615 14 14 .

929 1662 132 67 und
1109 1661 159 68 auch
1317 1689 103 40 am
1454 1658 623 70 schmerzhaftesten.
2159 1658 88 66 Ist
2280 1682 67 41 es
2397 1661 100 61 ein
2529 1653 308 78 Wunder,
2872 1678 184 41 wenn

930 1751 85 66 da
1061 1751 177 85 jeder
1293 1748 377 70 elsässische
1733 1750 207 64 Bauer
1994 1751 102 63 ein
2154 1744 329 86 Europäer
2529 1747 383 80 wenigstens
2968 1744 60 61 in-

930 1837 215 69 sofern
1194 1844 98 73 ist,
1343 1838 91 67 als
1484 1864 67 39 er
1584 1836 223 67 darauf
1839 1835 292 76 schwört,
2182 1838 113 61 mit
2342 1832 128 66 ihm
2502 1831 241 66 könnte
2774 1827 283 86 zugleich

930 1926 259 86 Europa
1251 1926 304 86 geholfen
1602 1924 307 68 werden?
2002 1922 132 66 Der
2187 1920 324 68 Reisende
2575 1918 167 68 kann
2806 1917 132 68 sich
2995 1921 61 62 in

930 2016 176 87 jeder
1152 2015 401 86 Dorfkneipe
1609 2040 198 60 sagen
1865 2014 231 75 lassen,
2155 2010 130 67 daß
2342 2010 106 67 die
2503 2006 369 69 Deutschen
2928 2005 132 67 und

931 2104 106 67 die
1085 2105 360 66 Franzosen
1501 2129 116 40 nur
1663 2099 583 68 Zusammenhalten
2294 2095 372 79 brauchten,
2726 2095 199 67 damit

931 2221 149 49 nun,
1131 2193 203 67 damit
1379 2190 252 70 endlich
1680 2190 182 66 Ruhe
1912 2195 95 60 ins
2056 2188 181 66 Land
2285 2186 184 68 käme
2526 2185 131 66 und
2705 2183 351 67 außerdem

932 2283 179 66 mehr
1158 2282 356 67 Sicherheit
1567 2286 61 60 in
1687 2279 104 67 die
1847 2277 462 85 europäischen
2356 2274 457 69 Verhältnisse.
2909 2270 147 68 Daß

932 2376 93 62 sie
1072 2371 323 66 nebenbei
1458 2369 97 66 für
1617 2368 105 66 die
1786 2367 376 85 allgemeine
2215 2364 377 84 Abrüstung
2647 2360 409 77 schwärmen,

930 2458 284 69 versteht
1246 2458 131 68 sich
1404 2485 127 39 von
1565 2457 220 66 selbst.
1856 2456 109 67 Sie
1998 2453 297 67 möchten
2323 2451 292 68 Gewicht
2646 2449 130 68 und
2804 2447 254 70 Geruch

932 2553 173 80 jener
1152 2547 222 69 Stiefel
1421 2573 127 41 von
1598 2543 541 69 märchenhaftem
2190 2541 282 85 Umfang
2519 2541 96 65 los
2663 2538 205 68 sein!“

1023 2639 231 66 Davon
1302 2635 170 68 habe
1522 2633 97 69 ich
1669 2635 210 77 heute,
1929 2631 315 69 nachdem
2294 2631 107 66 die
2449 2632 184 65 einen
2675 2627 222 69 Stiefel
2947 2651 115 41 vor

935 2725 127 67 den
1110 2725 244 67 andern
1391 2721 585 70 davonmarschiert
2009 2720 164 77 sind,
2218 2719 204 67 nichts
2454 2715 604 76 zurückzunehmen,

1068 2815 132 66 und
1256 2842 116 38 nur
1426 2813 481 83 hinzuzufügen,
1966 2809 130 67 daß
2153 2809 104 66 die
2313 2806 522 87 Notwendigkeit
2889 2809 173 61 einer

934 2903 524 84 Verständigung
1510 2900 313 68 zwischen
1871 2896 441 69 Deutschland
2370 2896 131 66 und
2549 2893 379 67 Frankreich
2977 2898 84 61 im

936 2992 225 67 selben
1211 2990 191 66 Maße
1452 2988 377 87 gewachsen
1880 2992 98 72 ist,
2027 2992 117 61 wie
2192 2984 156 76 sich,
2407 2989 113 61 mit
2566 2983 208 85 jedem
2823 2980 240 85 Schlag

937 3079 131 68 und
1104 3078 456 86 Gegenschlag
1608 3082 83 61 im
1722 3074 300 69 Verlaufe
2072 3074 115 66 des
2229 3072 268 86 Krieges
2545 3070 131 68 und
2726 3074 115 62 mit
2887 3069 178 85 jeder

936 3167 302 88 Zuckung
1288 3168 114 66 der
1437 3168 321 66 Nationen
1807 3163 131 67 und
1971 3163 272 66 Klassen
2293 3164 83 63 im
2426 3157 637 87 nachkriegerischen

939 3257 260 88 Europa
1233 3257 105 67 die
1363 3257 394 67 Alternative
1788 3257 353 83 zugespitzt
2173 3251 134 67 hat:
2343 3255 464 82 gemeinsamer
2836 3248 191 67 Unter-

937 3374 173 60 gang
1172 3346 162 67 oder
1392 3350 466 81 gemeinsamer
1922 3342 301 78 Neubau,
2286 3340 419 83 Abdankung
2773 3364 115 40 vor
2952 3336 114 66 der

940 3436 324 78 Barbarei,
1302 3440 61 62 in
1397 3435 106 66 die
1532 3435 133 66 Not
1697 3432 132 68 und
1853 3429 464 87 Verzweiflung
2342 3455 117 40 uns
2486 3435 247 60 stürzen
2759 3427 304 73 könnten,

940 3524 161 67 oder
1161 3529 432 79 gemeinsame
1659 3512 413 77 Übernahme
2136 3519 115 66 der
2313 3517 298 86 Führung
2680 3521 61 61 in
2807 3515 260 84 Europa

940 3641 114 39 aus
1119 3613 147 66 dem
1332 3611 220 69 Chaos
1611 3615 61 62 in
1727 3610 105 66 die
1890 3609 339 84 Ordnung.
2326 3606 82 66 Es
2472 3606 141 85 gibt
2674 3604 153 67 aber
2882 3603 184 66 keine

943 3702 340 83 Ordnung,
1358 3702 91 66 als
1522 3700 105 66 die
1698 3703 173 62 einer
1940 3695 547 69 freiwachsenden
2559 3689 506 79 Gemeinschaft,

941 3797 176 62 eines
1195 3789 411 69 Sozialismus
1684 3793 113 62 mit
1873 3785 257 80 hellem,
2216 3784 394 67 friedlichem
2690 3779 336 70 Menschen-

940 3878 265 89 gesicht.

1545 594 153 56 Rene
1735 591 277 59 Schickele
2068 621 12 14 •
2138 590 300 57 Nachwort

925 597 111 54 444
