2934 4572
968 983 172 67 DER
1187 984 237 68 SARG

150 1110 162 67 Dem
359 1124 178 55 toten
581 1113 240 68 Armen
872 1115 230 67 dienen
1150 1117 120 68 alle
1317 1118 249 68 reichen
1613 1120 238 68 Kräfte.

150 1196 185 69 Noch
385 1200 182 67 stehn
616 1206 81 61 im
748 1201 306 86 Sargholz
1102 1204 169 67 Harz
1318 1206 130 66 und
1496 1207 424 70 Fichtensäfte

146 1284 147 67 Voll
341 1287 155 66 Duft
542 1289 130 66 und
719 1289 260 68 herbem
1026 1292 333 86 waldigem
1407 1295 363 85 Terpentin.

147 1372 114 67 Ein
294 1375 246 85 Wagen
587 1381 221 64 nimmt
855 1379 124 77 ihn,
1031 1380 114 67 der
1189 1408 74 41 zu
1310 1383 176 67 Fuße
1534 1384 286 68 mühsam
1868 1385 302 83 schleifte,

146 1460 166 67 Dem
360 1463 313 68 Kutscher
717 1468 233 82 prunkt
995 1493 101 41 am
1145 1469 134 69 Hut
1326 1472 103 67 die
1463 1472 298 86 Krempe,
1798 1474 104 67 die
1933 1477 309 85 gesteifte,

145 1546 149 67 Vier
340 1548 283 81 Männer,
673 1553 104 66 die
825 1553 125 67 den
998 1554 345 70 Lebenden
1390 1558 414 82 verhöhnten,

142 1633 297 70 Erhoben
487 1638 107 66 ihn
644 1639 105 66 auf
794 1640 349 80 Schultern,
1194 1646 128 66 daß
1370 1647 104 66 die
1521 1648 226 67 Dielen
1798 1649 333 83 dröhnten,

142 1720 151 66 Und
341 1750 84 50 er,
477 1724 113 68 der
636 1726 295 87 lebelang
976 1734 112 61 mit
1136 1732 290 67 Mühesal
1472 1736 401 84 geschlagen,

139 1808 180 67 Wird
364 1837 125 41 von
528 1818 150 61 zwei
728 1816 246 66 sanften
1021 1817 272 69 Pferden
1342 1822 268 67 mählich
1660 1823 193 68 durch
1902 1825 104 67 die
2053 1827 189 69 Stadt

1647 1924 325 73 getragen.

136 1983 95 83 Ja,
280 2011 86 54 er,
418 1991 100 61 ein
567 1987 220 81 Elend,
839 1995 239 62 einsam
1126 1995 129 66 und
1304 2000 81 62 im
1435 1996 222 69 Grolle
1704 2001 400 80 unversöhnt,

137 2071 132 67 Hat
315 2075 105 65 auf
466 2075 146 67 dem
661 2076 163 88 Sarg
870 2079 124 67 den
1044 2082 172 68 Blick
1266 2084 113 67 der
1423 2085 286 69 fremden
1757 2089 178 78 Frau,
1980 2090 113 66 der
2122 2098 117 62 wie

1630 2179 100 62 ein
1778 2176 222 84 Epheu
2031 2187 205 78 grünt,

141 2245 150 67 Und
339 2248 113 67 der
498 2255 132 62 sein
679 2253 263 80 Mitleid,
992 2261 204 63 einem
1246 2258 250 68 Herzen
1543 2263 122 65 still
1713 2264 366 81 entflossen,

132 2333 142 67 Wie
321 2340 140 64 eine
508 2336 151 69 Last
702 2367 125 39 von
875 2341 289 70 Kränzen
1213 2345 158 68 über
1417 2348 106 66 ihn
1570 2376 341 59 gegossen.

134 2420 110 82 So,
294 2428 115 62 wie
457 2430 99 61 ein
607 2427 281 80 Mensch,
936 2457 124 41 von
1111 2433 132 67 Not
1289 2435 169 67 nicht
1506 2438 177 65 mehr
1728 2441 294 78 entstellt,

136 2508 238 68 Nimmt
420 2512 106 66 ihn
576 2513 103 66 die
728 2514 182 80 Erde,
960 2519 154 65 wird
1162 2546 67 39 er
1276 2527 285 80 eingesät
1606 2529 96 61 ins
1750 2527 174 66 Feld.

134 2595 153 67 Und
334 2623 85 52 er,
467 2626 147 39 vom
665 2601 160 87 Sarg
872 2606 372 85 umkapselt,
1295 2608 238 69 schnell
1577 2637 339 60 vergessen
1966 2617 128 65 und

1619 2702 300 78 entrückt,

129 2769 179 67 Wird
358 2771 152 67 bald
556 2776 338 67 zerfallend
942 2785 60 61 in
1053 2781 101 67 die
1202 2782 303 69 herrliche
1552 2786 200 67 Natur
1797 2791 306 78 verzückt,

127 2858 94 83 Ja,
274 2858 102 68 die
421 2861 258 80 Atome,
715 2866 105 66 die
853 2866 106 67 ihn
993 2867 254 82 bauten,
1282 2871 262 80 Fleisch,
1582 2874 253 69 Gebein
1869 2879 129 66 und
2032 2880 195 81 Haar,

129 2946 375 69 Umkreisen
552 2951 153 66 bald
753 2957 61 63 in
847 2955 237 81 Blume,
1119 2957 250 83 Wolke,
1404 2960 486 89 Schmetterling
1920 2968 130 66 und
2083 2968 146 68 Kuh

1614 3051 130 66 und
1783 3053 154 78 Aar,

128 3120 183 67 Indes
360 3123 116 66 das
526 3124 172 81 Leid,
750 3128 112 67 der
909 3130 219 80 Gram,
1181 3134 103 66 die
1314 3135 153 66 Wut
1511 3138 130 65 und
1689 3166 127 39 was
1850 3140 106 66 ihn
1992 3143 232 82 quälte,

1437 3222 134 66 hier
1617 3228 82 61 im
1740 3225 221 68 Worte
2009 3229 213 79 kreist,

129 3293 151 66 Und
329 3299 172 64 seine
547 3297 357 90 Läuterung
950 3328 78 41 an
1077 3304 129 80 Dir,
1258 3307 84 66 oh
1392 3309 279 79 Mensch,
1722 3313 239 67 anhebt
2006 3317 130 66 und

1610 3399 269 69 Deinem
1929 3403 203 69 Geist.

932 3565 138 67 DIE
1117 3568 300 69 BOMBE

120 3684 80 67 Er
246 3694 179 76 spürt
471 3694 90 62 sie
608 3695 61 63 in
719 3693 112 66 der
877 3694 244 70 Tasche
1169 3701 91 64 als
1307 3707 100 61 ein
1456 3703 344 71 schwarzes
1848 3707 97 68 Ei:

117 3773 122 79 Du,
290 3775 236 69 kleines
576 3778 204 80 Eisen,
829 3784 210 66 wirkst
1086 3786 103 67 die
1238 3788 189 68 Stadt
1471 3819 146 40 vom
1668 3795 249 68 Knebel
1964 3797 133 69 frei.

120 3861 150 67 Und
317 3864 180 68 kehrt
544 3868 156 66 auch
742 3875 220 64 immer
994 3876 232 66 wieder
1266 3877 689 90 Menschenzwingherr
1984 3887 230 80 Dreist,

801 630 225 59 Arnold
1059 633 189 72 Zweig
1302 668 11 12 •
1379 636 252 58 Gedichte

2149 644 110 54 457
