2756 4264
668 445 82 38 252

1122 442 76 40 LA
1229 442 386 49 CHRONIQUE
1648 442 314 42 MUSICALE

665 588 121 41 Tout
809 593 23 36 à
853 602 128 41 coup,
1018 601 76 42 par
1115 602 61 27 un
1199 597 283 33 mouvement
1503 590 51 41 de
1574 590 119 41 recul
1722 591 286 55 inexplicable
2027 591 102 41 chez
2151 605 62 27 un
2230 591 175 42 homme

665 661 75 54 qui
758 662 67 40 n'a
843 675 75 41 pas
933 662 182 54 dépensé
1134 670 141 32 toutes
1295 662 59 40 les
1374 663 133 41 forces
1524 663 119 41 vives
1660 664 52 40 de
1729 678 77 27 son
1826 664 151 54 talent,
1999 664 111 41 voici
2134 664 62 42 M.
2218 664 186 42 Gounod

663 735 77 53 qui
768 735 72 40 bat
859 748 53 26 en
935 735 172 40 retraite
1129 743 42 33 et
1190 737 242 52 rétrograde
1465 736 205 55 jusqu'au
1693 737 125 55 point
1839 737 51 41 de
1911 738 151 54 départ
2083 739 50 40 de
2155 752 62 27 ses
2239 738 163 41 études.

664 807 89 42 Son
784 809 216 40 orchestre
1022 819 41 31 et
1096 823 77 27 son
1209 810 132 41 chant
1377 824 53 28 ne
1470 811 94 42 font
1601 812 96 54 plus
1730 812 140 56 qu'un
1910 812 211 40 immense
2144 812 196 40 unisson.
2371 811 36 40 Il

662 880 147 42 affecte
832 882 59 40 les
915 883 199 40 tonalités
1136 883 133 54 grises
1300 892 40 33 et
1373 898 53 27 ne
1459 899 43 26 se
1523 885 145 42 donne
1689 886 100 55 plus
1823 886 42 41 la
1884 885 124 55 peine
2030 885 52 40 de
2112 884 212 42 moduler.
2345 883 61 42 La

663 955 122 40 santé
799 955 57 40 du
874 955 227 41 mélodiste
1122 956 97 41 s'est
1237 958 97 40 usée
1347 971 9 40 ;
1375 958 40 40 la
1433 959 95 40 sève
1543 959 50 40 de
1608 958 301 42 l'harmoniste
1924 973 17 25 s
1959 965 61 35 est
2037 958 121 41 tarie.
2181 958 116 40 Pour
2312 958 76 40 l'or-

661 1027 183 48 dinaire,
873 1042 61 26 un
957 1029 182 41 trémolo
1160 1031 222 54 perpétuel
1408 1032 332 41 d'instruments
1757 1037 23 35 à
1801 1033 144 40 cordes
1967 1032 173 40 variant
2158 1032 50 39 de
2230 1044 148 27 mouve-

662 1115 123 28 ment
801 1110 41 34 et
863 1103 52 40 de
936 1103 266 52 d'intensité,
1227 1105 116 41 voilà
1365 1120 44 26 sa
1427 1107 160 51 grande
1608 1106 118 53 ligne
1742 1121 11 33 ;
1778 1106 99 42 c'est
1897 1106 39 41 le
1953 1106 199 42 Paradis
2169 1112 42 35 et
2233 1106 43 41 la
2298 1105 109 41 Péri

661 1177 47 40 ds
735 1177 255 40 Schumann
1013 1181 23 36 à
1058 1177 40 40 la
1119 1179 178 40 seconde
1319 1179 242 54 puissance.
1590 1179 36 40 Il
1648 1193 28 40 y
1696 1194 24 26 a
1740 1181 108 40 dans
1874 1180 325 41 l'introduction
2220 1179 59 42 du
2311 1193 72 42 pre-

662 1250 109 40 mier
799 1258 106 46 acte,
931 1263 86 27 une
1041 1251 212 52 pastorale
1279 1252 52 40 de
1351 1253 114 40 deux
1491 1252 209 42 hautbois
1732 1253 77 54 qui
1831 1267 41 27 se
1901 1253 93 41 font
2015 1253 99 41 écho
2135 1254 53 40 de
2219 1254 40 40 la
2284 1255 120 38 scène

660 1328 23 35 à
701 1323 261 51 l'orchestre,
992 1337 99 26 avec
1113 1337 61 27 un
1195 1325 164 41 certain
1381 1327 174 54 parfum
1582 1327 262 55 champêtre.
1869 1327 61 40 Le
1948 1327 154 41 chœur
2123 1327 71 40 des
2216 1339 186 42 paysans

660 1396 76 53 qui
752 1409 134 28 ouvre
896 1397 38 40 le
945 1397 160 50 drame,
1124 1406 62 32 est
1208 1398 100 40 bien
1325 1412 138 42 conçu
1481 1407 41 32 et
1535 1399 101 40 bien
1654 1399 247 55 développé,
1924 1406 41 34 et
1979 1399 38 41 le
2032 1400 202 53 fréquent
2255 1399 146 55 rappel

658 1468 53 40 de
750 1482 44 27 sa
829 1469 154 55 phrase
1014 1470 169 41 initiale
1203 1484 53 27 en
1294 1471 209 41 mineur:
1538 1473 126 42 Nous
1672 1473 182 53 fuyons
1875 1473 43 40 la
1931 1473 168 54 patrie,
2127 1480 62 33 est
2210 1472 118 55 plein
2351 1473 52 40 de

659 1545 224 38 caractère.
920 1543 60 40 La
1013 1547 122 36 scène
1156 1545 50 39 de
1236 1544 170 40 l'extase
1427 1544 108 41 dans
1561 1545 184 54 laquelle
1764 1545 163 41 Jeanne
1947 1546 157 40 entend
2128 1545 59 41 les
2210 1545 100 41 voix
2330 1545 74 40 des

659 1614 174 50 saintes,
856 1615 151 42 n'était
1028 1617 122 53 point
1169 1619 224 39 commode
1414 1623 23 35 à
1453 1618 150 40 traiter
1623 1633 7 25 :
1655 1618 62 41 M.
1737 1617 187 42 Gounod
1940 1621 75 38 eût
2027 1632 60 40 pu
2109 1618 106 41 tirer
2233 1618 50 41 de
2306 1618 79 40 l'in-

658 1688 243 41 tervention
924 1688 52 40 de
995 1689 165 54 l'orgue
1176 1703 61 27 un
1260 1690 96 41 effet
1375 1691 142 40 moins
1539 1699 251 32 monotone.
1807 1691 60 40 La
1888 1691 164 41 ballade
2074 1692 58 39 du
2149 1705 106 40 page
2270 1691 131 55 Loys_,

658 1773 55 27 au
736 1760 155 40 second
920 1767 106 44 acte,
1050 1768 61 32 est
1134 1760 134 53 triste,
1293 1761 278 55 simplement
1592 1762 134 42 triste.
1752 1761 160 49 Quand
1935 1776 55 26 au
2013 1762 150 40 chœur
2185 1776 18 25 «
2229 1763 116 39 Dieu
2365 1762 39 40 le

657 1836 126 38 veut!
807 1849 18 22 »
846 1833 36 54 je
917 1847 52 26 ne
999 1834 89 39 suis
1119 1848 75 40 pas
1227 1835 100 40 bien
1355 1837 75 38 sûr
1451 1849 85 40 que
1559 1835 112 41 Dieu
1695 1836 38 39 le
1754 1835 173 41 veuille.
1953 1835 257 55 Cependant
2239 1835 32 40 il
2302 1849 22 26 a
2340 1835 64 40 été

660 1907 110 39 bissé
790 1920 86 26 aux
896 1906 305 42 acclamations
1230 1908 130 40 d'une
1381 1908 152 54 claque
1559 1909 198 52 idolâtre,
1781 1923 46 26 ce
1851 1910 77 53 qui
1953 1923 52 27 ne
2026 1910 235 54 l'empêche
2279 1908 125 56 point

656 1979 131 41 d'être
818 1979 141 54 lourd,
974 1979 196 53 vulgaire
1190 1988 41 32 et
1253 1981 85 40 mal
1354 1983 233 52 apparenté
1616 1982 50 41 de
1688 1990 252 47 trompettes
1957 1991 41 32 et
2020 1984 50 39 de
2084 1997 145 39 grosse
2250 1983 148 40 caisse.

660 2052 80 40 Les
759 2053 193 53 couplets
974 2053 58 39 du
1053 2052 82 41 défi
1158 2053 174 41 chantés
1352 2068 76 40 par
1449 2056 41 39 la
1511 2054 181 42 ribaude
1712 2070 9 26 :
1748 2073 18 20 ce
1996 2056 209 54 Anglais,
2227 2062 175 48 rentre%

656 2138 75 28 vos
756 2138 154 28 cornes
935 2141 17 23 »
981 2134 78 32 ont
1084 2139 85 27 une
1192 2126 231 55 singulière
1446 2128 120 41 fierté
1587 2129 191 40 d'allure.
1811 2129 127 52 C'est,
1963 2143 102 27 avec
2091 2131 37 40 le
2150 2129 229 41 divertisse-

657 2206 121 33 ment
799 2204 40 34 et
860 2198 40 41 la
925 2198 189 42 Marche
1117 2199 198 53 funèbre
1335 2204 222 52 composée
1574 2215 117 39 pour
1712 2202 26 41 V
1745 2209 293 35 enterrement
2057 2204 130 40 d'une
2205 2203 169 41 marion-

656 2279 131 46 nette,
810 2272 79 54 qui
911 2281 62 32 est
994 2286 60 26 un
1081 2273 318 41 hors-d'œuvre
1432 2283 217 41 amusant,
1679 2289 45 27 ce
1745 2290 85 40 que
1850 2279 38 38 la
1904 2277 208 54 partition
2131 2277 209 40 renferme
2354 2277 50 39 de

655 2344 331 42 véritablement
1007 2346 187 52 original
1213 2353 40 33 et
1274 2347 216 53 scénique.
1514 2350 71 38 Au
1609 2349 244 53 quatrième
1874 2359 104 43 acte,
2006 2364 57 26 on
2088 2363 230 40 remarque
2341 2364 62 26 un

656 2416 151 41 chœur
828 2417 202 55 dialogué
1058 2418 50 40 de
1129 2418 194 55 femmes,
1347 2420 38 40 la
1408 2421 170 40 marche
1602 2421 59 41 du
1691 2435 113 27 sacre
1827 2423 76 53 qui
1931 2425 67 38 n'a
2020 2423 77 41 fait
2119 2437 85 41 que
2231 2425 174 51 côtoyer

654 2489 38 41 le
722 2491 246 52 grandiose,
1003 2491 39 40 le
1074 2491 132 42 chant
1237 2493 73 39 des
1343 2493 158 41 saintes
1535 2495 193 54 pendant
1764 2496 39 40 le
1841 2496 198 40 sommeil
2067 2497 51 39 de
2150 2496 182 52 Jeanne,
2364 2496 40 40 la

658 2562 172 41 marche
863 2563 179 41 funèbre
1077 2573 40 32 et
1148 2566 39 40 le
1213 2565 143 55 finale,
1385 2580 230 27 morceaux
1641 2569 211 52 d'inégale
1879 2570 164 43 valeur.

713 2635 61 40 La
797 2636 214 41 direction
1032 2638 210 40 musicale
1273 2639 51 40 de
1356 2640 177 40 l'œuvre
1554 2640 51 40 de
1628 2640 187 42 Gounod
1836 2651 62 31 est
1923 2642 160 41 confiée
2105 2647 24 37 à
2152 2643 64 41 M.
2248 2644 155 40 Albert

657 2707 241 55 Vizentini,
922 2724 62 26 un
1003 2710 99 40 chef
1119 2711 258 42 d'orchestre
1404 2714 309 52 expérimenté,
1736 2728 56 27 au
1816 2716 97 39 bras
1935 2716 116 54 plein
2084 2717 51 40 de
2157 2717 187 52 vigueur
2362 2725 41 32 et

656 2781 51 39 de
731 2782 236 53 précision.
1009 2782 136 41 Grâce
1177 2788 24 36 à
1237 2785 80 50 lui,
1341 2786 60 39 les
1430 2787 233 40 musiciens
1682 2795 41 32 et
1743 2787 60 40 les
1823 2788 206 41 choristes
2063 2790 52 39 de
2137 2790 40 40 la
2212 2789 125 41 Gaîté
2359 2804 42 26 se

659 2863 100 30 sont
781 2855 250 40 maintenus
1053 2856 202 54 jusqu'au
1275 2859 108 39 bout
1401 2859 106 40 dans
1529 2860 58 40 les
1611 2868 153 33 termes
1781 2861 58 40 les
1860 2861 97 55 plus
1977 2861 143 42 stricts
2141 2863 52 39 de
2217 2863 94 40 leur
2330 2863 48 40 dé-

661 2924 126 42 licate
826 2929 276 42 association.
1147 2930 323 43 Mademoiselle
1506 2932 159 54 Perret,
1691 2947 86 27 une
1797 2935 220 54 transfuge
2048 2935 50 41 de
2124 2936 255 54 l'Opéra-Co-

658 2999 152 54 mique
840 3002 77 52 qui
941 3001 99 54 joue
1061 3004 38 39 le
1119 3004 87 40 rôle
1227 3004 58 40 du
1308 3018 105 41 page
1438 3006 130 54 Loys,
1592 3007 153 41 chante
1763 3007 101 41 faux
1885 3022 100 27 avec
2008 3009 183 54 dignité.

716 3072 122 40 Dans
872 3081 97 34 tout
1008 3076 104 53 ceci,
1136 3077 60 40 les
1227 3078 272 41 décorateurs
1531 3088 40 32 et
1593 3079 59 41 les
1687 3081 255 41 costumiers
1976 3092 98 32 sont
2096 3083 59 41 les
2178 3085 113 39 seuls
2326 3085 73 55 qui

657 3144 121 41 aient
805 3159 54 26 eu
880 3146 58 41 du
961 3148 139 52 génie.

710 3368 490 43 BOUFFES-PARISIENS.
1339 3387 51 26 LA
1427 3387 267 34 QUENOUILLE
1733 3389 52 26 DE
1830 3389 152 29 VERRE.
2121 3377 220 41 Vendredi
2374 3394 25 26 7

653 3442 327 40 novembre—
1008 3442 64 40 La
1103 3444 268 48 Quenouille
1403 3446 54 40 de
1491 3459 128 29 verre
1646 3447 245 55 appartient
1912 3451 24 38 à
1964 3456 108 34 cette
2092 3450 185 41 seconde
2298 3465 91 26 ma-
