2756 4264
363 467 289 50 MUSIQUE
683 469 340 52 CLASSIQUE
1055 472 78 42 ET
1164 472 320 43 CONCERTS
1518 474 387 41 POPULAIRES

1930 486 93 36 219

284 616 276 54 Melpomène
577 621 8 36 !
607 617 181 55 Chaque
804 619 126 41 chose
951 633 53 28 en
1024 635 77 26 son
1120 630 136 45 temps
1274 635 10 39 ;
1309 629 41 32 et
1369 621 37 54 je
1428 635 52 27 ne
1502 621 77 42 fais
1602 636 73 39 pas
1698 635 61 27 un
1786 621 133 41 crime
1939 636 86 26 aux

284 702 102 40 gens
404 689 76 53 qui
497 693 182 50 goûtent
699 691 41 40 la
763 692 201 54 musique
983 693 212 54 classique
1211 694 50 40 de
1283 694 208 41 s'amuser
1512 695 71 39 des
1598 694 169 41 facéties
1788 694 52 41 de
1863 694 160 54 l'opéra

284 760 162 42 bouffe.
475 761 177 55 L'opéra
676 763 144 40 bouffe
840 774 61 29 est
940 778 60 26 un
1021 765 151 53 plaisir
1207 765 202 53 grossier,
1437 767 109 39 mais
1574 781 54 26 on
1652 781 27 39 y
1713 767 55 40 rit
1795 766 158 55 parfois
1974 767 49 38 de

287 835 85 40 bon
395 847 135 40 cœur,
553 844 40 32 et
608 836 100 40 c'est
728 837 34 40 si
786 837 85 40 bon
892 836 50 40 de
957 837 84 40 rire
1056 840 10 38 !
1088 837 72 40 On
1178 850 52 27 ne
1253 846 102 44 peut
1371 852 74 40 pas
1461 840 139 51 exiger
1623 840 51 39 de
1694 848 96 32 tout
1805 839 37 41 le
1865 838 160 42 monde

282 906 38 40 le
339 908 105 51 goût
473 907 184 41 exclusif
677 908 71 40 des
769 908 167 54 plaisirs
958 908 175 40 délicats
1152 918 40 30 et
1212 910 72 38 des
1305 910 370 41 divertissements
1697 911 182 41 sérieux.

341 979 60 40 Le
419 981 91 39 vrai
526 981 228 49 musicien,
777 994 54 26 au
850 983 105 49 goût
977 979 61 41 fin
1057 988 41 32 et
1118 982 157 49 sévère,
1294 989 61 32 est
1377 995 58 26 un
1463 995 82 40 peu
1567 983 153 39 absolu
1738 996 8 31 ;
1773 983 31 39 il
1825 984 198 40 n'estime

285 1052 108 51 rien,
416 1057 22 35 à
461 1052 252 54 l'exception
735 1052 71 40 des
826 1052 329 41 chefs-d'œuvre
1175 1053 50 40 de
1245 1053 98 40 l'art
1369 1067 57 26 ou
1460 1061 95 33 tout
1576 1068 56 25 au
1658 1054 144 39 moins
1834 1057 72 37 des
1927 1068 64 27 œu-

285 1137 93 27 vres
400 1124 76 56 qui
499 1133 231 45 marquent
753 1139 61 26 un
837 1126 137 40 talent
994 1127 83 38 réel
1099 1134 40 33 et
1160 1126 71 40 des
1253 1127 231 39 tendances
1505 1126 175 40 élevées.
1705 1126 68 39 En
1800 1126 153 40 dehors
1974 1127 52 40 de

285 1197 40 40 la
340 1197 159 52 grande
516 1197 127 53 église
659 1197 108 40 dont
783 1198 182 49 Mozart-,
985 1198 245 40 Beethoven
1247 1207 41 31 et
1306 1198 163 54 Haydn
1487 1205 98 33 sont
1602 1198 58 40 les
1676 1197 143 52 dieux,
1837 1198 125 54 point
1977 1199 50 39 de

289 1270 114 39 salut
421 1285 9 32 ;
454 1270 228 40 anathème
703 1284 72 26 sur
793 1270 58 41 les
873 1270 195 41 infidèles
1084 1275 7 36 !
1117 1271 228 40 anathème
1367 1285 74 26 sur
1460 1271 117 40 leurs
1599 1272 230 52 grossières
1853 1270 134 40 idoles
2014 1275 8 36 !

294 1341 79 40 Cet
400 1345 118 36 excès
540 1342 51 40 de
613 1351 124 32 vertu
769 1351 62 32 est
852 1345 266 38 assurément
1139 1343 82 41 fort
1253 1343 282 55 respectable,
1558 1343 36 54 je
1618 1343 39 40 le
1683 1343 279 55 comprends,
1987 1351 41 32 et

285 1413 37 54 je
341 1414 182 40 l'excuse
541 1415 196 41 d'autant
760 1416 98 53 plus
879 1416 236 40 volontiers
1134 1430 85 40 que
1238 1416 37 54 je
1297 1417 103 50 suis,
1424 1416 37 54 je
1503 1416 181 52 l'avoue,
1714 1430 62 26 un
1809 1417 72 39 des
1909 1416 96 40 fana-

288 1487 142 52 tiques
452 1487 58 39 les
532 1487 94 53 plus
650 1487 267 40 intraitables
939 1487 49 40 de
1009 1497 105 31 cette
1136 1488 182 52 religion
1348 1488 57 40 du
1430 1489 109 39 beau
1571 1488 163 43 absolu.
1759 1488 48 40 Je
1841 1502 53 26 ne
1914 1502 113 27 veux

286 1571 74 41 pas
396 1559 114 40 m'en
543 1559 102 41 faire
668 1573 59 26 un
751 1560 99 40 titre
873 1560 51 40 de
953 1561 152 51 gloire,
1132 1561 98 40 bien
1251 1560 93 41 loin
1365 1561 51 39 de
1436 1561 56 53 là,
1517 1575 71 26 car
1609 1561 37 54 je
1667 1562 229 40 reconnais
1927 1574 100 28 avec

285 1644 107 28 vous
414 1645 83 41 que
516 1632 180 41 l'absolu
718 1646 52 27 en
793 1641 119 32 toute
929 1633 123 40 chose
1074 1642 62 31 est
1164 1647 86 26 une
1271 1647 160 39 erreur,
1456 1642 42 31 et
1520 1634 230 55 j'apprécie
1773 1634 146 41 mieux
1941 1648 85 40 que

287 1717 210 40 personne
519 1713 107 33 cette
646 1705 185 41 maxime
849 1705 33 40 si
906 1706 117 40 vraie
1045 1713 40 33 et
1103 1706 33 39 si
1156 1707 143 39 sensée
1320 1706 58 40 du
1401 1720 97 40 sage
1524 1722 8 25 :

577 1863 37 36 Il
623 1864 97 48 faut
734 1863 138 49 parmi
894 1863 35 36 le
951 1863 139 36 monde
1111 1875 72 24 une
1204 1870 110 29 vertu
1342 1863 185 36 traitable
1544 1878 11 27 ;

577 1930 33 35 A
623 1931 120 48 force
763 1929 47 36 de
830 1941 163 39 sagesse
1012 1941 47 24 on
1074 1936 98 42 peut
1196 1929 83 36 être
1298 1929 206 36 blâmable.

575 1995 61 36 La
652 1995 178 49 parfaite
848 1995 130 36 raison
986 1995 87 49 fuit
1094 2002 103 28 toute
1217 1995 218 37 extrémité

576 2061 57 37 Et
650 2068 87 31 veut
757 2073 73 37 que
851 2061 73 36 l'on
944 2061 76 36 soit
1039 2072 100 40 sage
1158 2073 93 25 avec
1271 2061 177 37 sobriété.

349 2213 126 51 Mais,
501 2213 133 52 enfin,
670 2213 67 53 j'ai
769 2215 108 39 beau
899 2227 69 27 me
1001 2214 237 52 raisonner,
1261 2214 37 54 je
1322 2228 51 26 ne
1396 2216 96 52 puis
1527 2216 92 40 voir
1655 2229 98 27 sans
1777 2216 182 54 chagrin
1987 2217 38 40 le

287 2290 142 37 succès
453 2287 51 40 de
525 2300 45 27 ce
587 2301 151 39 genre,
763 2287 40 53 je
824 2287 204 40 voudrais
1053 2287 97 40 bien
1172 2287 91 40 dire
1291 2288 208 52 honteux,
1527 2296 186 33 mettons
1748 2289 276 54 simplement

289 2359 267 54 déplorable.
594 2359 180 54 L'opéra
805 2359 143 40 bouffe
975 2360 178 52 déprave
1174 2359 38 40 le
1245 2362 125 50 goût;
1399 2359 38 40 le
1477 2361 163 40 théâtre
1672 2361 91 40 doit
1786 2362 84 39 être
1893 2371 133 31 avant

284 2440 98 33 tout
403 2432 138 40 moral
562 2441 41 31 et
624 2432 105 40 utile
747 2445 9 37 ;
787 2435 40 49 je
847 2446 113 26 veux
993 2432 99 40 bien
1118 2432 108 53 qu'il
1249 2432 81 40 soit
1352 2432 83 52 gai,
1473 2433 108 53 qu'il
1604 2434 75 50 rie,
1719 2434 107 53 qu'il
1851 2435 168 51 badine,

287 2505 108 40 mais
415 2512 205 46 pourtant
635 2517 97 26 sans
750 2512 95 45 trop
860 2504 194 39 s'écarter
1062 2504 49 39 de
1128 2518 43 25 sa
1186 2504 139 39 devise
1343 2518 8 26 :
1372 2519 22 24 «
1412 2505 209 54 Castigat
1637 2505 184 40 ridendo
1840 2520 184 28 mores.»

291 2577 178 53 L'opéra
499 2575 144 40 bouffe
675 2576 216 40 constitue
913 2589 61 26 un
997 2585 285 30 monstrueux
1317 2577 106 38 abus
1458 2576 106 40 d'un
1596 2577 180 53 langage
1813 2578 76 52 qui
1913 2578 114 41 n'est

288 2651 109 38 beau
420 2656 41 32 et
479 2648 258 53 respectable
770 2661 84 39 que
885 2648 196 53 lorsqu'il
1103 2656 85 32 sert
1223 2648 289 54 d'expression
1549 2662 85 27 aux
1656 2651 278 51 conceptions
1966 2650 59 39 les

289 2723 97 55 plus
408 2722 162 40 élevées
589 2721 50 40 de
653 2721 39 40 la
708 2724 151 51 pensée
880 2721 223 40 humaine.
1125 2722 61 39 La
1206 2722 201 53 musique
1429 2735 110 26 cesse
1559 2722 130 40 d'être
1711 2736 60 26 un
1792 2731 65 32 art
1879 2724 147 52 quand

288 2809 56 25 on
370 2807 52 27 ne
455 2792 87 40 s'en
564 2801 84 32 sert
666 2806 85 40 que
770 2806 110 41 pour
902 2793 62 41 lui
986 2792 103 41 faire
1118 2794 214 53 exprimer
1353 2794 71 39 des
1451 2794 207 40 banalités
1680 2808 57 26 ou
1756 2794 72 40 des
1844 2795 160 53 grossiè-

284 2867 123 52 retés,
431 2874 41 31 et
488 2865 36 54 je
540 2873 182 44 regrette
739 2865 287 40 sincèrement
1049 2866 132 53 qu'on
1205 2866 105 39 n'ait
1332 2879 72 40 pas
1429 2867 153 38 trouvé
1602 2879 60 26 un
1682 2876 131 30 terme
1830 2868 167 52 particu-

286 2940 78 40 lier
385 2952 112 40 pour
516 2938 197 53 désigner
734 2945 107 33 cette
870 2938 114 40 suite
1005 2939 52 39 de
1080 2952 100 26 sons
1188 2971 7 18 ,
1219 2938 76 54 qui
1320 2952 199 40 compose
1543 2952 60 26 un
1623 2940 127 52 opéra
1774 2940 158 50 bouffe,
1957 2954 68 26 car

288 3012 32 39 il
336 3018 60 33 est
416 3010 218 40 vraiment
650 3010 172 53 pénible
842 3011 49 39 de
914 3025 41 25 se
977 3011 133 40 servir
1132 3010 51 40 de
1204 3011 40 40 la
1269 3012 136 38 même
1428 3011 245 52 expression
1691 3025 112 40 pour
1826 3011 201 55 qualifier

287 3084 38 40 le
341 3084 177 52 langage
539 3082 120 40 divin
682 3083 50 40 de
748 3083 101 40 Don
881 3084 118 39 Juan
1021 3093 39 31 et
1089 3083 50 40 de
1165 3083 256 40 Guillaume
1461 3083 101 40 Tell
1585 3091 40 33 et
1644 3083 151 53 l'argot
1816 3084 52 40 de
1889 3085 137 41 VŒU

288 3157 129 40 crevé
434 3156 17 40 !
492 3155 78 40 Les
608 3156 126 39 écrits
763 3155 51 40 de
849 3156 133 51 Vadé,
1005 3156 59 40 les
1087 3156 129 40 farces
1245 3156 50 39 de
1318 3156 194 40 Tabarin
1543 3164 39 31 et
1604 3156 58 40 les
1686 3157 180 53 parades
1905 3157 51 40 de
1987 3157 39 40 la

285 3229 106 41 foire
423 3227 338 42 Saint-Laurent
788 3228 160 41 étaient
968 3237 184 32 souvent
1175 3229 160 54 pleines
1354 3227 177 54 d'esprit
1553 3237 40 32 et
1623 3229 50 40 de
1705 3230 59 39 sel
1794 3238 40 32 et
1859 3229 84 40 fort
1964 3230 42 39 di-

285 3301 275 42 vertissantes
574 3314 10 36 ;
602 3300 109 39 mais
742 3300 118 41 enfin
879 3301 152 53 jamais
1056 3314 208 41 personne
1287 3302 66 39 n'a
1375 3303 69 38 osé
1466 3302 58 39 les
1546 3300 202 56 qualifier
1771 3302 52 40 de
1846 3302 159 40 littéra-

286 3382 98 34 ture
408 3382 41 33 et
470 3373 59 40 les
550 3373 197 52 désigner
767 3372 58 41 du
849 3375 140 39 même
1016 3387 103 27 nom
1140 3387 84 41 que
1245 3373 59 40 les
1335 3387 170 27 œuvres
1527 3374 51 40 de
1601 3374 163 40 Racine
1786 3380 40 33 et
1849 3374 52 39 de
1926 3374 76 39 Boi-

291 3446 116 43 leau!
428 3445 223 55 Pourquoi
672 3458 52 26 ne
746 3445 286 42 ferions-nous
1049 3460 73 40 pas
1139 3446 49 40 de
1205 3447 137 41 même
1360 3460 51 26 en
1429 3444 230 56 musique?
1680 3446 177 53 L'opéra
1880 3446 142 40 bouffe
