2756 4264
1456 1041 142 50 LES

705 1246 748 74 CANTATRICES
1547 1246 799 86 DRAMATIQUES

1084 2120 94 30 ARIË
1209 2111 224 40 MALIBRAN
1464 2126 24 26 a
1517 2112 132 40 existé
1686 2112 237 55 cinquante
1945 2126 78 27 ans
2056 2113 97 54 plus
2176 2115 63 38 tôt
2261 2115 134 52 qu'on

1085 2197 52 26 ne
1155 2184 36 39 le
1215 2185 123 38 croit.
1361 2185 118 40 Dans
1501 2199 83 26 une
1602 2186 134 40 forme
1754 2186 50 39 de
1820 2186 92 40 l'art
1930 2186 175 54 lyrique
2122 2187 274 39 absolument

1082 2254 239 52 différente,
1338 2270 76 26 son
1430 2259 95 39 âme
1543 2258 255 55 flamboyait
1818 2258 91 54 déjà
1928 2259 100 40 chez
2051 2273 87 26 une
2164 2260 233 39 cantatrice

1083 2328 90 53 qui,
1206 2342 167 27 comme
1399 2329 42 41 la
1462 2330 88 41 fille
1571 2331 51 40 de
1642 2331 169 55 Garcia,
1837 2346 22 26 a
1883 2332 155 40 excellé
2059 2337 23 35 à
2108 2332 41 40 la
2180 2332 82 40 fois
2289 2333 107 39 dans

1082 2401 37 39 le
1147 2402 197 53 tragique
1364 2412 40 31 et
1425 2403 106 41 dans
1562 2404 37 40 le
1634 2405 158 51 bouffe,
1821 2413 40 33 et
1882 2406 76 53 qui
1980 2406 138 41 savait
2140 2407 221 39 communi-

1083 2487 107 40 quer
1213 2489 85 26 aux
1320 2486 261 43 spectateurs
1596 2478 73 41 des
1688 2479 214 40 émotions
1919 2480 129 53 qu'au
2073 2481 98 52 plus
2187 2480 67 40 vif
2271 2480 126 53 degré

1116 1664 821 42 II

1116 1812 13 40 LA
1135 1812 83 40 SAINT-HUBERTI

1353 1939 181 34 Première
1569 1940 126 43 partie.

649 2542 76 40 elle
747 2545 225 40 ressentait
993 2545 263 42 elle-même.
1281 2549 111 39 Mais
1416 2550 137 40 Marie
1577 2550 234 53 Malibran,
1836 2557 23 35 à
1882 2553 123 40 l'abri
2028 2554 50 39 de
2100 2554 38 39 la
2162 2553 232 53 calomnie,

650 2624 153 32 autant
834 2630 84 40 que
941 2626 102 44 peut
1063 2619 116 41 l'être
1202 2635 84 26 une
1310 2621 157 42 femme
1488 2626 177 51 exposée
1686 2630 23 35 à
1733 2632 97 33 tous
1850 2625 58 40 les
1930 2626 167 53 regards
2119 2635 55 44 et,
2198 2641 75 40 par
2294 2641 78 27 con-

648 2690 198 53 séquent,
858 2691 205 42 éveillant
1078 2700 140 33 toutes
1237 2693 59 41 les
1316 2696 244 54 curiosités,
1580 2711 86 26 une
1682 2698 80 40 fois
1782 2698 107 40 libre
1904 2699 105 40 d'un
2028 2700 86 40 lien
2135 2701 165 54 imposé
2320 2716 77 40 par

648 2762 203 54 l'intérêt,
874 2776 22 26 a
919 2762 76 41 fait
1018 2778 59 26 un
1102 2766 189 54 mariage
1315 2767 223 55 d'amour;
1562 2770 98 54 puis
1681 2771 81 40 elle
1782 2780 62 32 est
1869 2780 137 33 morte
2027 2786 53 27 en
2103 2787 41 26 se
2177 2774 219 40 dévouant

646 2837 24 37 à
703 2847 78 27 son
806 2842 79 33 art.
913 2836 61 39 La
997 2836 364 55 Saint-Huberti,
1385 2841 104 41 dont
1509 2842 38 40 la
1571 2843 66 39 vie
1662 2845 68 38 n'a
1752 2844 125 54 point
1905 2846 64 38 été
1992 2845 333 55 irréprochable,

645 2914 97 33 tant
763 2921 86 26 sen
872 2908 107 52 faut,
1078 2912 139 40 s'était
1239 2914 195 52 associée,
1463 2915 91 52 elle,
1579 2920 105 36 àun
1708 2917 249 41 aventurier
1977 2919 107 41 dont
2105 2920 77 40 elle
2204 2934 23 26 a
2259 2922 136 55 expié,

715 2980 174 40 victime
915 2982 246 53 innocente,
1185 2999 55 26 au
1262 2987 142 41 moins
1439 2992 97 37 àce
1568 2990 123 54 point
1712 2990 51 40 de
1791 3004 98 40 vue,
1996 2992 59 40 les
2076 2992 228 56 intrigues,
2328 3006 71 32 err

648 3053 212 55 périssant
877 3055 318 53 tragiquement
1213 3073 99 27 sous
1335 3061 59 39 les
1411 3075 134 40 coups
1561 3063 57 39 du
1634 3065 141 38 même
1795 3065 184 40 assassin
2001 3080 101 27 avec
2116 3067 36 40 le
2173 3071 214 52 coupable

700 3126 422 44 Antoinette-Cécile
1157 3131 146 42 Clavel
1336 3134 103 42 était
1468 3136 76 38 née
1574 3140 23 35 à
1626 3136 117 40 Toul
1770 3150 90 27 vers
1889 3140 133 53 1756;
2055 3140 77 41 elle
2161 3141 103 43 était
2285 3143 52 41 de
2359 3145 38 41 la

648 3201 130 40 classe
804 3201 270 54 bourgeoise,
1100 3202 87 42 fille
1218 3206 105 40 d'un
1345 3208 156 41 ancien
1536 3209 204 40 militaire
1768 3211 76 52 qui
1879 3225 52 26 ne
1965 3213 64 40 lui
2067 3213 124 42 laissa
2233 3216 165 41 d'autre

648 3273 284 55 patrimoine,
957 3275 165 40 d'autre
1147 3278 184 41 carrière
1347 3284 23 36 à
1392 3281 162 40 choisir
1577 3296 85 40 que
1682 3285 102 39 celle
1801 3289 55 35 où
1880 3299 86 26 une
1993 3286 109 41 belle
2128 3289 101 39 voix
2255 3298 41 32 et
2325 3291 71 39 des

641 3347 285 55 dispositions
949 3350 297 54 dramatiques
1264 3354 219 40 évidentes
1499 3355 321 56 l'engageaient.
1839 3357 178 42 Voisine
2036 3359 51 41 de
2103 3361 289 55 l'Allemagne

642 3420 93 54 (des
767 3421 277 55 biographies
1074 3424 140 41 même
1235 3425 39 41 la
1296 3427 94 40 font
1411 3431 138 39 naître
1582 3433 23 36 à
1641 3431 263 55 Manheim),
1928 3432 99 41 c'est
2048 3448 51 26 en
2126 3434 189 54 Pologne
2351 3446 41 32 et
