2756 4264
679 457 85 43 262

1129 461 76 43 LA
1237 461 382 55 CHRONIQUE
1654 468 316 46 MUSICALE

729 605 114 37 Nous
871 617 229 38 apprenons
1133 619 93 27 avec
1251 609 139 49 plaisir
1409 623 79 37 que
1520 624 63 26 ces
1611 615 231 39 conditions
1875 619 227 50 répugnent
2133 633 50 26 au
2212 625 200 49 ministre,

679 666 335 39 non-seulement
1034 671 22 34 à
1083 680 118 26 cause
1223 670 56 37 du
1304 678 95 30 taux
1418 673 312 41 archi-usuraire
1746 678 54 36 du
1822 680 100 48 prêt,
1943 681 101 37 mais
2066 682 107 37 aussi
2194 691 39 29 et
2255 692 163 32 surtout

679 738 52 24 au
752 727 115 47 point
882 728 48 36 de
949 741 76 25 vue
1046 729 47 37 de
1115 730 14 36 1
1143 738 63 29 art
1228 731 71 49 qui
1320 735 181 46 pourrait
1517 746 41 26 se
1578 744 165 31 trouver
1762 740 154 37 sacrifié
1933 749 113 29 entre
2067 743 58 37 les
2146 743 130 38 mains
2295 745 119 38 d'une

680 788 237 49 compagnie
938 799 187 43 exerçant
1143 804 56 24 un
1226 793 191 39 véritable
1446 798 235 49 monopole,
1717 807 39 29 et
1787 800 237 51 échappant,
2048 816 49 24 en
2121 812 116 29 vertu
2265 806 49 36 de
2342 818 76 24 son

680 856 171 41 contrat,
869 853 21 33 à
912 850 36 37 la
969 851 199 38 direction
1190 861 38 30 et
1247 856 22 34 à
1290 855 37 37 la
1349 856 263 40 surveillance
1630 860 48 36 de
1698 860 359 40 l'administration
2079 865 251 48 supérieure.

729 909 119 37 Voilà
879 922 144 26 encore
1049 925 56 24 un
1136 915 182 49 exemple
1341 917 70 37 des
1443 918 179 39 funestes
1649 921 112 38 effets
1782 923 252 48 qu'entraîne
2056 924 187 51 toujours
2263 927 135 37 l'inter-

679 970 166 38 vention
867 971 48 38 de
936 962 126 48 l'État
1080 974 99 38 dans
1200 974 57 39 les
1275 976 156 39 affaires
1453 977 229 43 théâtrales.

805 1119 164 50 D'après
991 1122 37 37 le
1049 1122 157 49 Figaro
1211 1155 9 14 ,
1242 1124 57 38 M.
1325 1125 354 49 Dupressoiroffre
1700 1140 50 25 au
1774 1140 322 38 gouvernement
2117 1145 9 24 :

733 1209 32 24 i°
794 1199 59 36 De
873 1200 96 36 faire
992 1199 56 38 les
1068 1202 198 37 sacrifices
1278 1204 244 37 nécessaires
1534 1217 105 36 pour
1654 1206 96 38 faire
1771 1207 115 48 jouer
1902 1209 151 49 l'opéra
2073 1213 21 35 à
2114 1211 127 49 Paris,
2262 1211 158 50 jusqu'à

678 1258 246 38 l'ouverture
944 1261 53 35 du
1014 1272 187 26 nouveau
1218 1260 155 40 théâtre
1387 1275 10 36 ;

729 1328 39 27 2°
795 1320 183 38 Achever
997 1321 37 37 le
1056 1322 149 37 nouvel
1222 1324 132 47 Opéra
1371 1336 9 37 ;

732 1378 37 37 3°
794 1380 273 38 Administrer
1101 1382 37 37 le
1159 1381 155 39 théâtre
1344 1385 178 47 pendant
1555 1387 145 48 quinze
1728 1401 88 36 ans,
1846 1390 324 49 conjointement
2191 1405 94 27 avec
2307 1393 36 37 le
2362 1394 39 36 di-

680 1446 158 30 recteur
856 1441 117 48 agréé
987 1454 71 37 par
1087 1442 37 37 le
1145 1455 336 40 gouvernement,
1503 1460 92 24 sans
1616 1461 157 26 aucune
1797 1452 245 37 subvention
2058 1454 47 35 de
2127 1444 124 47 l'État
2266 1455 6 36 !

731 1502 63 35 En
817 1501 176 51 échange
1025 1503 48 38 de
1101 1516 65 26 ces
1185 1505 120 38 offres
1327 1510 79 34 très
1431 1508 224 51 brillantes,
1685 1512 58 37 M.
1768 1513 243 49 Dupressoir
2042 1515 197 37 demande
2263 1515 39 37 la
2322 1528 72 25 con-

681 1562 161 37 cession
858 1565 47 36 de
925 1566 100 35 trois
1046 1565 158 37 casinos
1226 1568 242 38 semblables
1503 1573 21 33 à
1566 1571 104 37 celui
1697 1573 48 36 de
1768 1573 120 49 Bade,
1921 1578 21 33 à
1964 1575 98 47 Aix,
2086 1576 183 46 Biarritz,
2293 1578 104 37 Trou-

681 1622 111 50 ville,
812 1637 54 25 ou
886 1633 135 30 autres
1044 1628 170 36 stations
1236 1629 241 40 balnéaires.

725 1764 165 38 Italiens
893 1794 7 9 .
927 1786 47 8 *—
996 1767 303 38 Mademoiselle
1327 1769 48 37 de
1398 1769 175 49 Belloca,
1600 1771 100 37 dont
1724 1771 57 38 les
1804 1775 343 47 représentations
2175 1776 160 39 avaient
2361 1777 61 37 été

672 1825 304 49 interrompues
995 1840 71 35 par
1087 1827 103 38 suite
1209 1830 120 36 d'une
1350 1830 287 49 indisposition
1656 1844 108 26 assez
1785 1846 133 36 grave,
1938 1847 22 24 a
1982 1848 143 36 reparu
2143 1837 99 37 dans
2256 1837 37 36 le
2312 1837 81 37 Bar-

678 1885 97 39 bier.
805 1886 89 37 Elle
921 1900 26 35 y
969 1900 21 24 a
1009 1889 186 36 retrouvé
1217 1889 55 37 les
1296 1894 136 33 succès
1456 1892 48 36 de
1526 1903 75 26 son
1623 1893 137 47 début,
1787 1902 39 29 et
1853 1896 91 36 s'est
1974 1896 71 37 fait
2064 1896 272 38 chaudement
2354 1910 46 36 ap-

677 1946 160 48 plaudir
851 1947 96 37 dans
962 1947 40 38 la
1016 1949 129 50 Leçon
1167 1953 49 34 de
1235 1951 131 36 Chant
1385 1955 52 34 où
1460 1952 76 38 elle
1555 1966 21 24 a
1597 1954 189 39 intercalé
1802 1956 36 36 la
1853 1956 94 49 jolie
1963 1969 189 27 romance
2167 1958 48 38 de
2235 1959 186 37 madame

679 2008 48 36 de
748 2007 240 38 Rothschild
1003 2020 7 26 :
1037 2010 47 36 Si
1104 2022 93 26 vous
1220 2011 36 37 n'
1258 2023 98 39 ave%
1378 2025 83 25 rien
1488 2017 103 33 àme
1613 2014 102 39 dire.

799 2144 58 36 La
878 2143 151 49 reprise
1056 2145 48 36 de
1131 2145 37 37 la
1187 2146 119 37 Perle
1333 2147 50 37 du
1409 2148 133 37 Brésil
1564 2150 151 37 est-elle
1736 2150 178 48 décidée,
1945 2164 159 27 comme
2132 2166 53 25 on
2208 2156 212 36 l'annonce

686 2204 47 37 de
755 2203 131 39 divers
906 2204 109 38 côtés
1028 2205 13 36 ?
1063 2206 360 49 Renseignements
1446 2210 95 47 pris,
1561 2210 27 36 il
1613 2210 86 37 faut
1722 2222 145 27 encore
1883 2213 161 39 douter.

735 2340 364 50 Opéra-Comique.
1212 2342 401 50 L'Opéra-Comique
1646 2345 238 49 reprendra,
1922 2355 63 30 cet
2018 2348 128 50 hiver,
2179 2350 174 38 Jeannot
2386 2358 37 31 et

686 2400 114 37 Colin
807 2431 8 17 ,
835 2402 47 35 de
903 2402 160 38 Nicolo.

734 2464 63 34 En
819 2463 131 35 même
969 2470 131 41 temps
1120 2476 77 36 que
1237 2464 34 36 le
1308 2464 218 45 Florentin,
1554 2466 404 53 -l'Opéra-Gomique
1987 2471 135 48 répète
2146 2472 205 49 l'ouvrage
2373 2484 50 25 en

682 2535 56 25 un
758 2530 86 29 acte
859 2523 189 37 d'Ernest
1070 2525 143 48 Reyer,
1236 2525 156 37 Maître
1421 2526 196 51 Wolfram
1625 2557 7 17 ,
1653 2528 137 38 donné
1810 2530 101 49 jadis
1934 2544 95 26 avec
2051 2536 139 34 succès
2213 2546 51 24 au
2286 2531 109 39 Théâ-

682 2584 275 49 tre-Lyrique,
976 2592 39 29 et
1033 2585 213 47 Marcelin-,
1261 2587 329 49 opéra-comique
1609 2601 187 26 nouveau
1818 2591 47 38 de
1882 2592 105 39 MM.
2004 2593 141 38 Prevel
2166 2601 39 30 et
2225 2595 197 48 Duprato,

684 2645 225 48 également
932 2657 49 25 en
997 2658 56 24 un
1073 2653 104 32 acte.

731 2706 64 36 On
814 2707 167 47 prépare
1008 2707 107 36 aussi
1134 2718 80 26 une
1235 2708 152 49 reprise
1405 2709 48 36 de
1474 2710 184 51 Mignon,
1681 2723 94 25 avec
1797 2714 304 38 mademoiselle
2124 2715 185 51 Chapuy,
2324 2716 99 36 dans

682 2767 37 36 le
747 2766 85 39 rôle
852 2766 197 49 principal
1071 2775 37 29 et
1129 2770 302 36 mademoiselle
1454 2772 124 36 Reine
1599 2772 97 36 dans
1719 2773 103 37 celui
1842 2775 47 35 de
1914 2775 199 39 Frédéric.

791 2902 185 37 Madame
999 2901 254 40 Galli-Marié
1271 2904 112 38 vient
1399 2905 123 37 d'être
1540 2907 219 49 réengagée
1781 2920 105 36 pour
1902 2907 149 51 l'opéra
2065 2911 49 36 de
2131 2911 105 39 MM.
2250 2912 173 37 Meilhac

684 2970 38 29 et
745 2962 168 50 Halévy,
937 2965 100 36 dont
1059 2965 35 37 la
1116 2965 186 50 musique
1325 2978 86 27 sera
1447 2968 49 37 de
1522 2969 56 37 M.
1607 2969 178 50 Georges
1808 2970 123 39 Bizet.
1970 2971 76 37 Cet
2072 2984 176 38 ouvrage
2274 2986 22 24 a
2319 2985 104 37 pour

682 3024 95 36 titre
801 3024 187 40 Carmen.

730 3154 265 37 Renaissance
999 3180 9 11 .
1039 3176 43 6 —■
1120 3156 105 38 Tous
1252 3158 56 36 les
1331 3158 116 49 soirs,
1471 3158 37 37 la
1519 3158 107 38 Jolie
1645 3161 276 50 parfumeuse,
1936 3162 102 38 dont
2077 3163 35 38 la
2140 3163 198 50 première
2362 3175 41 26 re-

683 3215 275 50 présentation
980 3227 20 25 a
1021 3227 49 26 eu
1092 3216 81 38 lieu
1192 3218 37 37 le
1251 3219 152 38 samedi
1426 3232 48 37 29
1496 3222 237 49 septembre.

735 3355 145 37 Casino
885 3384 6 7 .
978 3354 253 39 L'orchestre
1246 3357 47 37 de
1315 3358 136 38 dames
1472 3359 286 49 spécialement
1777 3362 150 48 engagé
1955 3374 70 37 par
2042 3362 38 38 la
2101 3362 198 38 direction
2320 3375 103 37 pour

684 3416 56 37 les
755 3424 183 30 concerts
957 3418 48 36 de
1020 3417 36 37 la
1078 3417 135 38 saison
1233 3417 167 50 d'hiver,
1423 3433 21 24 a
1460 3420 61 38 été
1543 3421 186 49 présenté
1766 3425 21 33 à
1820 3422 38 37 la
1879 3434 133 37 presse
2034 3431 39 29 et
2091 3424 289 36 recommandé
2404 3427 19 34 à

684 3489 75 25 son
776 3478 272 50 appréciation
1078 3480 98 37 dans
1196 3490 79 26 une
1303 3480 141 38 séance
1465 3481 172 51 spéciale
1656 3483 161 37 donnée
1836 3483 153 38 samedi
2016 3497 63 36 29,
2102 3487 21 34 à
2145 3497 20 23 2
2188 3484 158 39 heures.
