2756 4264
376 473 285 52 MUSIQUE
692 473 341 52 CLASSIQUE
1066 474 78 41 ET
1175 473 322 43 CONCERTS
1530 473 389 42 POPULAIRES

1957 485 80 29 221

300 621 298 51 étonnement,
621 635 85 40 que
739 622 60 40 les
836 634 168 30 œuvres
1040 621 51 41 de
1123 621 138 54 génie,
1288 621 77 56 qui
1400 620 173 42 avaient
1595 627 93 34 tant
1716 618 327 42 enthousiasmé

301 706 79 28 nos
559 708 53 28 ne
645 695 218 40 sauraient
883 695 159 41 vieillir
1063 703 40 32 et
1125 694 220 41 n'avaient
1362 694 153 55 jamais
1534 695 65 40 été
1622 694 260 55 surpassées.
1914 692 127 42 Cette

301 766 233 41 éducation
557 767 303 51 individuelle,
885 769 247 52 provoquée
1163 781 75 40 par
1256 769 58 39 les
1336 776 193 32 concerts
1548 767 261 55 populaires,
1832 765 169 42 fournit
2023 769 23 36 à

305 847 111 33 cette
437 839 253 43 institution
713 854 61 27 un
805 841 244 39 nombreux
1069 840 255 52 contingent
1345 840 214 54 d'adeptes
1579 840 173 41 éclairés
1774 848 40 33 et
1851 840 64 40 lui
1952 839 58 41 im-

302 912 140 55 prima
473 927 86 26 une
581 914 200 41 nouvelle
810 920 40 33 et
870 912 223 53 puissante
1124 912 253 54 impulsion.
1414 912 126 41 Voici
1563 912 93 52 déjà
1679 926 84 40 que
1793 913 42 40 la
1857 912 102 41 salle
1980 913 59 39 du

300 985 163 57 Cirque
480 994 62 33 est
562 986 191 40 devenue
787 993 95 46 trop
904 984 129 55 petite
1056 999 9 35 ;
1103 997 85 28 une
1209 983 157 42 société
1406 984 213 41 d'artistes
1641 984 120 41 vient
1801 985 191 40 s'établir
2017 988 24 37 à

296 1059 186 42 rOdéon
501 1073 57 26 au
587 1059 152 40 milieu
761 1058 51 40 de
831 1058 40 40 la
892 1058 145 40 saison
1066 1056 212 49 dernière,
1305 1064 40 32 et
1367 1056 39 40 le
1424 1056 152 54 public
1597 1065 179 31 accourt
1798 1070 53 26 en
1875 1057 119 40 foule
2021 1061 23 36 à

300 1146 66 28 ces
389 1145 230 28 nouveaux
658 1139 192 33 concerts
870 1130 7 42 !
920 1130 49 40 Je
1007 1129 179 42 connais
1212 1143 82 41 peu
1325 1128 256 55 d'exemples
1615 1129 107 40 d'un
1745 1131 145 38 succès
1926 1128 119 41 aussi

301 1213 176 47 prompt
508 1213 42 33 et
570 1205 117 41 aussi
715 1204 75 51 vif,
814 1213 40 32 et
874 1204 37 54 je
934 1217 53 27 ne
1007 1204 131 41 doute
1160 1216 73 42 pas
1255 1215 86 42 que
1362 1209 120 34 toute
1515 1202 202 40 nouvelle
1750 1201 210 41 tentative
1981 1202 44 38 sé-

303 1279 156 54 rieuse,
480 1278 101 41 faite
605 1278 107 41 dans
734 1286 109 32 cette
863 1277 95 40 voie
979 1290 77 41 par
1086 1277 72 40 des
1189 1277 168 40 artistes
1397 1275 196 55 capables
1615 1274 50 41 de
1695 1287 149 28 mener
1863 1273 155 42 l'entre-

306 1352 113 53 prise
459 1356 24 36 à
517 1352 142 40 bonne
678 1350 79 54 fin,
779 1364 54 26 ne
854 1351 82 39 soit
971 1350 247 40 couronnée
1257 1348 106 40 d'un
1402 1348 92 54 égal
1535 1350 158 38 succès.
1727 1347 319 41 Mentionnons

311 1436 152 29 encore
486 1437 112 42 pour
618 1423 208 40 mémoire
847 1423 59 40 les
928 1429 193 34 concerts
1142 1422 57 39 du
1223 1420 210 41 Châtelet.

361 1496 112 41 Mais
496 1510 46 27 ce
564 1496 149 40 n'était
732 1509 74 41 pas
828 1508 116 28 assez
966 1495 52 40 de
1040 1494 205 40 réformer
1265 1494 95 40 l'art
1381 1493 210 52 musical;
1616 1493 30 41 il
1668 1493 102 41 était
1792 1493 143 41 donné
1963 1498 24 36 à
2006 1493 41 42 la

315 1568 244 42 révolution
591 1568 233 53 classique,
864 1567 263 40 déterminée
1156 1580 76 41 par
1253 1566 287 42 l'institution
1569 1567 71 40 des
1673 1564 207 44 Concerts
1913 1581 110 40 popu-

309 1642 127 40 laires
456 1674 10 20 ,
501 1642 52 40 de
589 1641 207 41 s'étendre
817 1640 174 41 au-delà
1011 1640 50 40 de
1084 1653 63 27 ses
1168 1639 225 41 frontières
1415 1639 232 42 naturelles
1672 1649 40 32 et
1732 1640 212 41 d'exercer
1964 1653 86 27 une

314 1715 215 41 influence
549 1714 206 41 salutaire
776 1727 75 28 sur
871 1714 98 40 l'art
988 1712 270 54 dramatique
1284 1712 246 41 lui-même.

1392 1821 61 41 H.
1487 1821 397 41 MARCELLO.

419 1911 61 41 (La
501 1907 50 36 fin
577 1906 312 47 prochainement.
