2756 4264
683 490 82 40 228

1135 491 76 39 LA
1243 488 381 50 CHRONIQUE
1657 488 316 42 MUSICALE

736 635 59 40 Le
822 634 245 41 lendemain
1097 635 50 40 de
1181 635 39 40 la
1258 635 229 40 fermeture
1515 634 59 40 du
1598 634 219 54 spectacle,
1841 633 200 41 madame
2062 634 49 40 de
2137 633 282 55 Pompadour

675 709 227 46 distribua,
929 709 51 40 de
1015 708 39 41 la
1089 717 95 45 part
1218 709 58 40 du
1307 707 80 54 roi,
1411 709 70 39 des
1514 709 191 53 présents
1728 712 23 37 à
1773 708 317 54 quelques-uns
2118 708 50 40 de
2198 721 110 26 ceux
2341 708 78 52 qui

675 781 171 41 avaient
881 781 89 54 pris
1003 790 96 46 part
1128 796 84 26 aux
1243 782 382 40 divertissements.
1660 780 204 52 Moncrif,
1898 780 37 41 le
1966 780 349 41 sous-directeur
2360 780 58 40 du

674 854 177 53 théâtre,
869 855 156 54 —qui,
1051 855 100 40 bien
1166 869 84 41 que
1272 856 162 40 lecteur
1451 855 53 40 de
1524 855 40 40 la
1585 854 136 53 reine,
1736 867 42 27 se
1800 853 173 53 plaisait
1987 857 23 36 à
2033 854 134 39 écrire
2188 853 71 40 des
2278 853 139 54 pièces

673 940 111 40 pour
815 928 40 40 la
888 929 235 54 marquise,
1150 937 40 34 et
1211 929 160 54 auquel
1390 929 138 40 Marie
1552 928 268 41 Leckzinska
1845 927 117 41 avait
1983 926 76 53 dit,
2086 941 61 26 un
2177 926 96 53 jour
2307 926 110 54 qu'il

673 999 289 44 l'entretenait
983 1002 104 41 d'un
1114 1004 50 39 de
1186 1016 63 27 ses
1270 1016 211 40 ouvrages
1512 1004 261 39 récemment
1803 1001 205 55 applaudi
2028 1013 8 28 :
2064 1015 21 24 «
2109 1000 127 41 Voilà
2259 999 76 54 qui
2357 1007 62 33 est

676 1073 114 49 bien,
815 1075 109 41 mais
940 1089 53 27 en
1012 1076 114 40 voilà
1148 1090 129 35 assez,
1292 1093 17 21 »
1392 1076 194 40 Moncrif
1599 1083 74 33 eut
1693 1088 87 28 une
1800 1074 106 41 belle
1928 1081 169 33 montre
2119 1077 22 37 à
2162 1072 229 55 répétition
2407 1087 10 36 ;

674 1147 116 41 MM.
815 1148 50 40 de
885 1149 271 54 Dampierre,
1182 1149 191 40 Ferrand
1396 1156 40 33 et
1460 1149 186 53 Duport,
1680 1161 88 27 une
1791 1147 209 40 tabatière
2036 1160 100 27 avec
2166 1146 39 41 le
2238 1145 182 55 portrait

672 1220 58 40 du
752 1221 86 53 roi;
857 1229 41 32 et
917 1221 58 40 les
996 1229 144 32 autres
1161 1221 237 40 musiciens
1420 1227 230 45 amateurs,
1674 1220 84 40 soit
1774 1233 85 27 une
1878 1227 188 44 montre.,
2088 1218 84 41 soit
2192 1232 88 26 une
2300 1219 96 39 taba-

672 1293 117 40 tière.
832 1294 148 48 Quant
1009 1307 85 26 aux
1114 1294 231 41 musiciens
1378 1293 51 40 de
1462 1292 254 55 profession,
1740 1292 51 40 ils
1812 1292 146 41 furent
1979 1293 128 53 payés
2131 1305 53 26 en
2205 1298 151 46 argent
2377 1298 40 33 et

670 1374 199 46 reçurent
889 1366 169 40 chacun
1077 1368 51 39 25
1155 1380 56 27 ou
1234 1368 52 39 3o
1306 1366 125 42 louis.
1460 1365 113 41 Mais
1596 1366 58 39 les
1676 1373 177 33 auteurs
1878 1366 25 39 d
2064 1364 148 42 furent
2227 1364 168 54 particu-

669 1436 226 42 lièrement
917 1439 99 40 bien
1033 1440 161 40 traités.
1220 1440 72 41 On
1315 1441 91 39 créa
1426 1453 110 40 pour
1556 1439 192 53 Lagarde
1766 1438 40 41 la
1827 1439 117 54 place
1961 1439 51 38 de
2027 1439 151 38 maître
2199 1436 192 41 d'orches-

670 1517 64 33 tre
768 1511 50 40 de
855 1511 265 41 l'Académie
1152 1514 49 40 de
1233 1513 217 53 musique,
1488 1512 195 41 fonction
1718 1512 135 54 qu'on
1887 1511 177 41 détacha
2099 1511 52 41 de
2178 1510 122 41 celles
2337 1509 73 41 des

669 1582 232 43 directeurs
933 1585 134 41 Rebel
1100 1594 40 32 et
1177 1586 256 53 Francœur;
1468 1594 40 33 et
1540 1584 166 55 Laujon
1735 1593 173 32 raconte
1942 1586 108 39 dans
2082 1598 76 27 son
2180 1585 108 40 livre
2311 1595 99 43 que,

668 1655 39 40 le
735 1655 95 53 jour
848 1658 139 39 même
1018 1663 56 35 où
1098 1658 120 42 l'acte
1239 1658 169 55 à'Eglé
1436 1658 63 40 lui
1521 1659 122 39 valut
1677 1658 71 40 des
1770 1658 305 54 compliments
2111 1660 50 38 de
2180 1659 39 39 la
2250 1657 168 41 bouche

670 1729 59 39 du
750 1743 79 28 roi,
854 1731 37 39 le
913 1739 140 32 comte
1074 1731 50 40 de
1146 1731 243 53 Clermont,
1411 1731 108 40 dont
1540 1731 31 39 il
1594 1731 104 41 était
1718 1731 186 54 premier
1928 1731 235 53 secrétaire,
2182 1730 38 40 le
2241 1744 178 27 nomma

675 1803 224 40 secrétaire
931 1805 51 38 de
1013 1817 63 27 ses
1107 1805 416 40 commandements.
1551 1803 106 42 Puis
1686 1817 52 27 en
1784 1806 124 54 1750,
1945 1804 195 40 dernière
2173 1805 137 39 année
2346 1803 73 41 des

678 1876 227 52 spectacles
937 1876 71 40 des
1042 1877 129 54 petits
1206 1878 211 52 cabinets,
1441 1891 76 27 son
1542 1885 247 45 protecteur
1818 1876 156 54 joignit
1995 1879 22 37 à
2041 1884 106 32 cette
2168 1877 121 54 place
2318 1876 102 40 celle

673 1947 51 40 de
753 1948 220 41 secrétaire
992 1950 58 39 du
1073 1958 342 45 gouvernement
1433 1949 51 41 de
1501 1949 281 54 Champagne
1810 1957 41 32 et
1870 1949 51 41 de
1946 1949 114 54 Brie,
2084 1963 84 40 que
2198 1949 37 40 le
2257 1949 63 40 roi
2342 1962 50 27 ve-

673 2020 91 42 nait
785 2021 51 40 de
856 2021 62 41 lui
940 2022 212 40 accorder.

1324 2222 363 42 CHAPITRE
1722 2222 66 42 IV

1339 2356 220 36 TROISIÈME
1586 2352 150 39 ANNÉE.

1026 2483 23 25 2
1058 2483 24 39 7
1423 2482 12 25 1
1669 2479 51 27 22
1752 2466 151 42 sM.ars
1940 2480 125 41 1749.

727 2609 58 40 Le
806 2608 161 42 théâtre
1000 2608 71 40 des
1096 2608 127 54 petits
1249 2608 191 41 cabinets
1468 2606 102 41 était
1586 2615 94 45 trop
1701 2606 108 54 petit
1831 2620 111 40 pour
1963 2605 198 42 contenir
2183 2614 98 33 tous
2303 2619 104 27 ceux

671 2681 135 55 qu'on
823 2684 73 38 eût
915 2681 136 41 voulu
1071 2695 28 39 y
1120 2681 173 51 inviter,
1315 2688 94 33 tant
1430 2680 102 41 était
1554 2679 222 41 vivement
1796 2679 222 40 recherché
2039 2679 231 41 l'honneur
2291 2679 89 41 d'as-

671 2756 126 40 sister
810 2760 23 36 à
852 2768 64 27 ces
932 2754 224 55 spectacles
1174 2754 193 40 intimes.
1393 2754 35 40 Il
1450 2753 136 41 fallait
1608 2753 275 41 absolument
1904 2753 208 40 remédier
2133 2757 22 36 à
2171 2766 45 28 ce
2236 2754 145 40 défaut
2403 2769 8 25 :

668 2830 38 41 le
728 2831 98 54 plus
849 2838 141 43 court,
1015 2829 127 40 sinon
1165 2829 38 40 le
1218 2829 143 40 moins
1387 2830 201 49 coûteux_,
1612 2827 107 41 était
1739 2827 51 40 de
1809 2826 241 41 construire
2071 2839 84 28 une
2177 2827 102 40 salle
2300 2840 83 28 nou-

667 2904 122 40 velle.
811 2902 127 41 Ainsi
960 2902 144 42 fit-on.
1143 2902 58 40 Le
1222 2914 164 42 voyage
1417 2901 51 41 de
1489 2902 40 39 la
1556 2913 106 28 cour
1685 2904 23 36 à
1734 2900 346 40 Fontainebleau
2103 2900 64 41 fut
2201 2901 38 39 le
2270 2909 139 46 temps

675 2975 136 40 choisi
833 2989 110 40 pour
966 2975 113 40 bâtir
1101 2989 60 27 un
1184 2988 199 27 nouveau
1412 2974 165 41 théâtre
1597 2974 106 39 dans
1723 2973 41 40 la
1786 2986 98 40 cage
1917 2973 59 40 du
2007 2973 136 51 grand
2166 2973 174 41 escalier
2358 2974 51 40 de

670 3048 174 40 marbre
862 3062 56 26 ou
941 3048 72 40 des
1045 3048 343 53 ambassadeurs,
1411 3061 52 27 en
1485 3046 244 57 s'efforçant
1749 3046 51 40 de
1832 3060 52 26 ne
1907 3048 118 52 gâter
2048 3046 45 40 ni
2115 3046 39 40 le
2172 3048 174 39 marbre
2367 3046 45 41 ni

669 3123 60 39 les
750 3121 233 54 peintures.
1019 3121 58 41 Ce
1099 3122 167 40 théâtre
1289 3121 104 41 était
1414 3120 162 41 mobile
1596 3129 41 31 et
1658 3119 223 41 s'enlevait
1900 3133 55 27 ou
1981 3133 40 27 se
2044 3120 218 40 remettait
2287 3124 23 36 à
2333 3133 52 27 vo-

668 3196 116 41 lonté
802 3211 9 36 ;
840 3195 30 40 il
892 3195 142 40 devait
1071 3195 146 41 suffire
1238 3195 52 40 de
1312 3202 206 47 quatorze
1548 3194 152 40 heures
1722 3207 113 41 pour
1857 3193 37 41 le
1917 3193 157 41 défaire
2108 3201 40 33 et
2182 3193 50 40 de
2263 3194 125 53 vingt-

666 3277 152 47 quatre
838 3282 111 41 pour
964 3269 38 39 le
1023 3269 193 42 rétablir.

719 3342 79 40 Cet
821 3343 176 39 énorme
1030 3341 156 40 travail
1209 3354 52 27 ne
1283 3356 41 26 se
1359 3340 49 42 fît
1430 3355 74 41 pas
1529 3355 97 27 sans
1648 3353 149 28 causer
1828 3339 52 42 de
1902 3339 182 55 grandes
2126 3340 219 54 dépenses,
2371 3347 41 33 et

663 3416 88 40 l'on
772 3414 129 42 disait
924 3422 96 34 tout
1044 3415 73 40 bas
1140 3415 109 54 qu'il
1281 3415 117 41 avait
1419 3415 129 40 coûté
1570 3414 112 41 deux
1705 3414 208 41 millions.
1948 3414 82 41 Ces
2067 3414 139 41 bruits
2236 3414 150 54 parvin-

663 3498 94 32 rent
779 3488 172 55 jusqu'à
973 3489 40 41 la
1037 3488 233 55 marquise,
1304 3497 39 32 et
1367 3503 61 26 un
1452 3488 103 53 soir,
1587 3494 23 34 à
1633 3502 44 27 sa
1709 3488 179 53 toilette,
1913 3487 80 41 elle
2028 3488 63 40 les
2113 3487 214 41 démentit
2359 3500 52 27 en
