2542 3896
1249 235 67 62 2

350 369 221 59 autant
615 369 79 59 de
739 368 313 76 pelletées
1098 369 79 59 de
1221 369 168 59 terre
1427 368 211 77 jetées
1683 384 116 42 sur
1836 368 61 58 le
1945 366 278 60 cercueil
2259 367 85 58 du

246 463 314 43 commun
604 447 173 59 rêve.

323 724 284 76 Mariage
657 725 317 72 d'amour,
1012 742 248 58 voyage
1310 728 78 57 de
1440 742 182 53 noce,
1665 724 206 60 soirée
1923 725 78 59 de
2050 723 164 60 Noël
2266 739 79 44 en

249 802 173 58 train
493 819 297 60 express.
847 804 426 75 Impression,
1326 822 165 58 pour
1551 805 150 56 tous
1759 803 211 71 deux,
2027 800 198 61 d'exil
2284 802 61 59 et

249 879 367 60 d'abandon
645 882 393 57 surhumain
1068 898 80 42 en
1190 883 64 57 la
1292 884 253 57 nature.

324 958 217 72 Alors,
572 974 255 44 comme
858 976 130 40 aux
1020 959 154 76 âges
1212 960 550 75 préhistoriques,
1792 958 65 58 la
1885 958 268 60 Femme
2195 955 120 60 fris-

245 1054 224 52 sonne,
499 1054 120 42 son
665 1038 280 75 premier
987 1039 62 57 et
1096 1038 261 60 dernier
1406 1039 276 57 instinct
1730 1038 102 58 est
1875 1038 79 57 de
2003 1054 67 41 se
2115 1035 228 60 blottir

243 1115 216 59 contre
487 1115 354 71 l'Homme,
869 1117 63 57 et
962 1132 106 42 ses
1108 1133 178 57 yeux
1315 1117 200 68 levés,
1550 1133 80 41 ne
1661 1114 352 60 cherchant
2045 1131 114 59 pas
2190 1114 153 75 plus

242 1194 162 57 haut
449 1192 278 76 (n'eùt-il
769 1209 125 60 que
940 1193 65 58 la
1046 1194 180 58 taille
1272 1194 157 58 d'un
1476 1193 351 76 fantassin)
1854 1209 125 59 que
2022 1193 60 57 le
2114 1193 231 75 regard

244 1272 86 57 du
366 1272 390 74 Vainqueur
794 1272 114 74 qui
959 1289 36 41 a
1042 1273 311 75 aménagé
1391 1273 65 58 la
1496 1273 171 58 terre
1708 1273 61 57 et
1805 1266 196 63 fondé
2036 1272 60 57 le
2133 1270 207 74 foyer,

242 1366 68 43 se
341 1348 142 59 font
511 1352 307 57 terrestre
830 1353 175 56 ment
1037 1367 383 43 amoureux.
1448 1350 106 71 Et,
1579 1367 255 42 comme
1861 1367 129 40 aux
2020 1348 320 76 premiers

235 1428 189 76 jours
452 1429 206 70 aussi,
691 1429 280 76 dégoûté
1004 1429 77 58 de
1110 1429 65 58 la
1211 1430 265 75 volupté
1509 1430 62 59 et
1602 1429 393 75 repoussant
2036 1444 72 42 sa
2139 1426 203 77 petite

242 1523 354 60 compagne
625 1508 330 71 terrestre,
986 1508 330 59 l'Homme
1359 1509 130 57 tixe
1536 1508 371 58 tristement
1945 1506 96 58 les
2082 1504 223 76 profon-

242 1585 199 59 deurs
485 1585 303 74 toujours
847 1585 474 76 mystérieuses
1369 1586 87 58 du
1507 1586 146 70 ciel,
1705 1586 63 58 et
1823 1584 306 57 voudrait
2185 1583 152 58 bien

239 1664 184 57 aussi
456 1679 69 42 se
557 1663 226 59 blottir
812 1665 221 59 contre
1072 1682 92 39 un
1212 1664 381 76 Vainqueur
1632 1664 116 75 qui
1778 1661 214 60 aurait
2023 1660 314 78 aménagé

235 1741 315 60 l'univers
583 1744 61 57 et
675 1741 193 60 fondé
898 1759 92 42 un
1016 1741 186 77 foyer
1231 1744 366 67 supérieur.
1632 1743 101 59 On
1761 1743 264 57 connaît
2053 1740 59 59 le
2142 1743 190 56 reste.

319 1819 222 61 Certes
581 1820 56 59 si
666 1820 329 60 l'Homme
1025 1838 81 42 ne
1142 1821 211 59 s'était
1383 1821 118 59 fait
1533 1823 114 57 des
1692 1820 338 75 religions,
2063 1835 67 42 ce
2171 1819 167 58 n'est

237 1914 118 60 pas
397 1915 71 41 sa
498 1914 356 61 compagne
892 1899 117 76 qui
1049 1899 214 58 aurait
1293 1917 79 42 eu
1407 1915 152 44 cure
1593 1900 80 57 de
1715 1896 399 61 succédanés
2159 1898 79 58 de
2270 1913 67 42 ce

238 1993 216 60 genre.

353 2056 408 60 Maintenant
786 2056 122 59 elle
940 2073 37 42 a
1004 2056 138 75 pris
1175 2058 165 57 cette
1376 2073 221 42 œuvre
1630 2056 77 59 de
1735 2056 352 69 l'Homme,
2124 2054 62 57 et
2218 2069 119 42 son

235 2134 186 76 génie
463 2135 302 75 pratique
814 2136 64 59 et
917 2135 341 75 quotidien
1300 2152 81 42 en
1420 2152 36 42 a
1499 2135 230 59 chassé
1771 2133 241 59 l'lnfini
2055 2131 290 78 primitif

234 2229 164 60 pour
427 2230 44 58 y
508 2213 301 58 installer
855 2229 91 42 un
987 2213 394 61 laboratoire
1420 2214 262 70 d'idéal,
1712 2214 78 58 de
1828 2213 287 75 mystère
2159 2214 64 56 et
2257 2211 79 57 de

233 2293 322 69 remords,
595 2291 35 59 à
666 2293 65 57 la
769 2291 227 77 gloire,
1026 2293 36 57 à
1095 2293 65 58 la
1200 2293 256 58 culture
1496 2294 61 57 et
1597 2309 129 41 aux
1771 2290 277 61 intérêts
2095 2289 78 59 de
2215 2305 122 42 son

237 2387 175 43 sexe.

311 2448 101 58 En
438 2449 340 58 attendant
808 2465 152 59 que,
997 2465 154 44 avec
1180 2449 354 60 l'anarchie
1567 2450 334 70 moderne,
1932 2464 69 43 ce
2034 2445 265 61 merveil-

233 2526 155 60 leux
418 2526 187 76 génie
634 2526 301 78 pratique
968 2529 56 58 si
1048 2529 202 76 jeune
1287 2529 301 76 comparé
1621 2529 37 58 à
1693 2528 355 71 l'Homme,
2082 2526 57 59 si
2176 2525 128 58 vail-

231 2605 140 58 lant
414 2606 64 57 et
531 2605 56 60 si
635 2605 366 76 également
1048 2608 365 75 quotidien,
1461 2608 231 58 chasse
1743 2606 334 57 l'Homme
2135 2604 79 58 de
2271 2602 64 59 la

231 2684 265 59 Science
526 2686 62 57 et
630 2702 81 41 ne
739 2684 99 59 lui
878 2685 201 78 lajsse
1126 2686 365 59 désormais
1536 2703 124 60 que
1703 2686 60 59 le
1802 2685 133 58 bon
1962 2685 197 57 vieux
2200 2681 133 62 rôle

229 2764 79 58 de
338 2764 235 58 rêveur
612 2763 271 60 lanceur
931 2764 492 76 d'hypothèses,
1449 2765 61 60 le
1557 2765 136 60 rôle
1738 2765 80 60 de
1865 2761 376 61 fantaisiste
2272 2764 61 57 et

231 2841 294 59 d'artiste
554 2840 279 60 intuitif.

304 3129 93 58 La
435 3127 271 74 femme,
739 3130 431 60 merveilleux
1211 3131 241 78 suppôt
1493 3131 91 59 du
1628 3130 301 78 Progrès,
1960 3130 172 59 reste
2166 3129 135 60 déci-

224 3206 266 60 dément
533 3206 244 61 fermée
821 3209 34 58 à
904 3209 63 60 la
1010 3209 388 61 mélancolie
1456 3210 117 60 des
1620 3209 229 60 ruines
1897 3208 433 76 historiques.

226 3286 140 59 Elle
397 3286 104 60 n'a
542 3304 142 59 pas,
721 3286 47 60 il
802 3289 99 58 est
942 3289 164 71 vrai,
1140 3290 185 59 notre
1370 3289 223 60 vieille
1642 3290 63 57 et
1747 3288 194 59 noble
1987 3286 347 63 éducation

226 3365 353 76 classique,
608 3369 65 57 et
709 3366 113 78 n'y
858 3368 395 75 parviendra
1290 3369 246 76 jamais
1577 3385 106 44 car
1729 3385 73 42 sa
1831 3366 319 78 précocité
2186 3384 110 60 pas-

226 3444 320 61 sionnelle
594 3446 65 60 et
700 3445 239 61 sociale
982 3463 80 43 ne
1093 3446 98 60 lui
1236 3464 80 42 en
1360 3448 200 59 laisse
1601 3464 117 60 pas
1760 3448 61 58 le
1851 3450 235 71 temps.
2230 3446 101 60 En

219 3538 248 62 voyage
492 3524 79 60 de
600 3540 181 59 noce,
816 3540 199 62 soyez
1047 3526 137 74 sûr,
1215 3528 63 58 et
1306 3526 244 76 malgré
1578 3526 65 59 la
1671 3525 265 62 louable
1962 3524 250 61 rêverie
2246 3525 78 60 de
