2542 3896
1191 282 102 63 9

193 424 65 58 et
286 421 62 60 le
374 420 326 61 Présent?
731 420 171 61 C'est
932 437 127 59 que
1111 419 61 59 le
1219 418 312 60 souvenir
1561 420 64 58 et
1665 419 61 59 le
1773 419 152 59 rêve
1984 420 149 58 sont
2161 419 145 61 l'art

192 500 420 61 d'enchâsser
636 500 99 60 les
776 500 358 71 moments,
1162 499 80 58 de
1296 499 100 58 les
1425 499 282 76 prendre
1747 515 79 42 en
1860 517 131 41 eux
2025 498 279 62 ébarbés

193 580 90 60 du
314 581 295 59 moment
639 579 266 59 d'avant
946 581 65 56 et
1037 579 91 58 du
1161 581 294 56 moment
1486 578 283 76 d'après,
1803 580 117 58 des
1951 580 250 75 regrets
2245 579 63 59 et

193 659 118 60 des
341 659 520 76 appréhensions
888 658 228 76 qu'eut
1142 656 184 59 aussi
1356 673 70 43 ce
1459 658 314 58 moment.
1799 656 157 60 Aux
1986 674 322 60 paysages

190 736 50 60 il
267 738 228 59 enlève
523 738 61 59 le
612 740 146 74 trop
787 738 174 58 froid
992 738 62 57 et
1096 736 61 59 le
1187 738 145 74 trop
1385 736 219 59 chaud
1637 738 63 57 et
1726 743 152 52 tous
1935 738 101 62 les
2067 735 240 62 ennuis

194 818 89 58 du
315 834 189 60 corps
654 818 194 59 l'âme
875 816 185 60 seule
1121 818 99 57 est
1244 815 179 77 prise
1578 816 83 59 Et
1689 833 82 42 ne
1822 816 183 61 vivre
2036 818 272 74 qu'avec

190 913 121 43 son
343 896 222 60 âme...
599 896 137 60 Ah!
772 913 81 44 ne
884 896 184 60 vivre
1101 900 269 71 qu'avec
1416 912 119 43 son
1566 895 178 58 âme!

259 1207 432 64 L'lnnocence
828 1209 330 78 pourquoi
1200 1209 307 77 toujours
1550 1207 423 79 représentée
2024 1225 122 60 par
2174 1223 133 45 une

179 1289 204 78 jeune
415 1290 158 60 fille.

261 1519 364 59 D'ailleurs
649 1519 66 59 la
744 1520 94 58 fin
895 1519 79 59 de
1009 1519 313 59 l'homme
1368 1517 346 78 approche.
1752 1517 54 59 Il
1838 1519 102 58 est
1984 1517 227 73 vieux,
2262 1517 49 61 il

187 1597 127 59 sait
343 1597 346 71 l'histoire,
724 1597 48 60 il
805 1616 36 41 a
871 1599 332 76 engendré
1233 1600 144 56 tant
1408 1599 80 57 de
1516 1596 302 70 faillites,
1854 1600 65 56 et
1951 1596 64 61 la
2048 1596 259 62 science

184 1676 184 60 vient
390 1677 78 59 de
499 1677 96 59 lui
621 1677 249 59 donner
895 1677 60 60 le
974 1677 267 59 dernier
1258 1694 188 57 coup.
1570 1676 101 57 En
1693 1677 198 58 avant
1915 1676 100 60 les
2043 1679 271 75 troupes

185 1754 309 73 fraîches,
524 1756 65 59 la
620 1756 245 60 femme
896 1757 117 75 qui
1044 1755 105 60 n'a
1204 1771 230 44 encore
1465 1754 69 59 ni
1568 1756 220 75 passé,
1836 1756 70 59 ni
1938 1757 273 78 regrets,
2244 1756 70 59 ni

190 1835 403 76 déceptions.

264 1915 91 60 Le
388 1915 285 77 gynécée
715 1915 209 71 futur,
979 1915 339 71 l'homme,
1352 1915 163 72 arts,
1568 1914 435 78 hypothèses,
2050 1933 264 62 grosses

188 2010 447 55 manœuvres,
668 1994 354 76 musiques
1050 1995 253 60 tristes.

267 2072 334 77 Antigone
627 2090 79 41 va
749 2090 231 60 passer
1013 2072 92 60 du
1133 2074 277 76 ménage
1437 2074 79 59 de
1545 2074 68 59 la
1641 2072 252 61 famille
1926 2091 86 44 au
2038 2076 276 76 ménage

192 2151 78 61 de
296 2151 65 60 la
390 2152 284 76 planète.

267 2394 273 71 Quelles
571 2392 357 63 reflexions
985 2391 334 61 font-elles
1349 2409 80 43 en
1469 2395 248 75 voyant
1761 2395 118 61 des
1923 2413 130 43 nus
2185 2414 134 42 non

190 2490 82 43 en
302 2472 263 61 marbre
597 2490 108 42 car
730 2472 224 60 l'idéal
1007 2472 359 60 sommaire
1399 2474 102 58 est
1550 2474 81 59 de
1662 2475 318 60 tradition
2149 2476 170 60 mais

192 2554 166 59 dans
396 2554 99 59 les
527 2570 129 43 nus
688 2554 92 58 du
829 2552 201 61 Salon
1072 2552 226 77 quand
1324 2552 163 60 elles
1517 2554 223 59 voient
1787 2570 261 46 comme
2104 2573 88 43 on
2221 2556 98 61 les

190 2632 183 61 flatte
405 2651 80 42 en
510 2632 423 78 supprimant
969 2632 117 60 des
1117 2632 257 60 choses.
1403 2632 393 61 N'ont-elles
1843 2651 119 60 pas
2005 2635 201 61 honte
2240 2636 79 61 de

190 2712 150 61 leur
382 2714 229 58 réalité
656 2712 326 78 complète
1031 2712 62 59 et
1140 2711 118 60 des
1290 2712 358 61 méfiances
1702 2731 118 42 sur
1848 2715 316 60 l'homme
2199 2716 119 76 qui

189 2809 161 60 pour
378 2792 61 60 le
470 2792 170 60 beau
673 2791 345 78 supprime
1051 2808 107 42 ces
1189 2791 268 61 réalités
1623 2794 217 59 même
1871 2794 97 58 les
2006 2794 313 78 antiques

197 2871 119 78 (les
347 2872 306 60 hommes
677 2876 114 55 ont
819 2871 61 60 le
908 2870 201 79 pubis
1128 2870 179 74 velu,
1338 2871 99 60 les
1469 2870 283 63 femmes
1782 2872 156 79 non)

269 3182 78 63 Je
380 3185 264 77 croupis
677 3186 165 60 dans
871 3186 98 61 les
996 3185 248 61 Usines
1274 3186 90 60 du
1394 3186 274 77 Négatif

268 3443 96 59 La
394 3444 312 75 douleur,
730 3446 163 61 c'est
915 3449 63 61 le
1022 3452 239 76 plaisir
1285 3453 503 61 éternellement
1832 3454 167 74 déçu
2039 3454 168 62 dans
2254 3473 75 43 sa

195 3520 92 62 foi
308 3540 84 44 au
424 3540 337 59 nouveau,
796 3529 168 61 dans
997 3548 75 43 sa
1112 3533 273 74 passion
1427 3534 379 60 d'inconnu.
