2542 3896
1231 302 77 62 15

220 437 182 63 chefs
436 437 113 76 qui
581 435 270 61 mènent
889 435 37 59 à
968 435 212 60 l'urne
1211 435 181 60 leurs
1430 434 358 61 bataillons
1815 434 37 60 à
1901 437 206 61 solde.
2141 438 196 62 Ainsi

220 517 357 62 s'achètent
604 517 96 58 les
728 515 208 60 droits
978 514 423 60 d'émissions
1433 513 415 72 financières,
1879 514 92 61 les
2003 519 334 74 garanties

220 595 217 61 d'Etat
477 612 114 42 sur
620 594 403 76 entreprises
1049 592 485 73 industrielles,
1570 592 216 61 même
1815 593 65 60 la
1909 609 231 61 guerre
2169 598 134 61 colo-

217 675 177 61 niale
424 675 113 75 qui
553 674 349 78 garantira,
929 691 81 43 en
1042 691 106 42 ses
1160 673 256 76 profits,
1443 672 288 77 quelque
1759 672 179 62 riche
1967 675 371 77 exploiteur

217 755 79 60 de
327 754 64 59 la
418 754 259 59 naïveté
696 753 319 60 orientale
1043 752 292 59 rebiffée.

297 833 291 61 Souvent
617 833 98 60 les
746 833 256 60 leaders
1035 832 79 59 de
1143 832 174 77 parti
1345 848 81 43 ne
1458 848 69 43 se
1559 832 377 59 contentent
1965 851 118 58 pas
2115 835 79 60 de
2227 852 108 43 ces

215 912 350 59 bénéfices.
601 913 175 58 Leur
803 912 331 59 existence
1174 912 78 58 de
1288 910 151 60 luxe
1484 912 64 58 et
1585 912 79 58 de
1708 909 340 62 débauche
2098 914 235 60 dévore

216 993 99 60 les
370 992 326 76 capitanx.
746 992 59 59 A
849 992 63 59 la
955 992 197 59 veille
1212 990 195 61 d'une
1461 989 316 61 échéance
1832 992 344 75 douteuse,
2248 994 85 60 ils

216 1073 163 58 vont
418 1072 271 58 trouver
729 1070 98 60 les
880 1070 300 77 banques
1213 1070 113 77 qui
1371 1070 97 59 les
1518 1069 521 61 commanditent
2092 1088 131 45 eux
2271 1073 62 60 et

216 1152 184 58 leurs
454 1167 303 61 groupes.
819 1150 92 59 Ils
968 1150 387 60 obtiennent
1413 1167 130 42 une
1597 1167 261 42 avance.
1919 1150 268 61 Bientôt
2233 1152 100 61 les

219 1246 280 44 avances
532 1229 497 60 s'accumulent.
1077 1229 196 60 Voilà
1320 1246 122 42 nos
1486 1229 257 60 leaders
1790 1228 125 60 liés
1957 1247 167 60 pour
2153 1230 144 78 long-

216 1312 221 73 temps
474 1309 36 59 à
543 1309 113 76 qui
685 1309 96 60 les
816 1310 251 59 acheta.
1100 1309 90 59 Ils
1221 1327 81 42 ne
1336 1310 148 59 sont
1514 1309 153 76 pins
1697 1322 128 62 que
1867 1308 98 61 les
1993 1293 340 95 employés

220 1388 277 60 salariés
531 1388 343 77 d'agences
902 1388 418 74 financières,
1355 1389 162 59 dont
1546 1389 87 59 ils
1678 1388 226 60 aident
1954 1388 99 61 les
2105 1389 192 79 spécu-

217 1468 249 60 lations
493 1468 324 61 honnêtes
855 1486 86 42 ou
981 1486 152 43 non.

299 1548 162 58 L'on
492 1547 254 61 obtient
778 1548 173 60 alors
972 1548 60 58 le
1058 1548 202 60 krach
1302 1548 80 60 de
1432 1547 268 61 l'Union
1749 1547 325 77 générale,
2114 1547 222 61 acheté

220 1643 121 61 par
372 1627 329 59 certaines
731 1627 302 77 banques
1054 1627 225 77 juives
1310 1628 36 57 à
1378 1625 380 73 Gambetta,
1790 1625 64 59 la
1884 1625 454 77 banqueroute

223 1708 90 58 du
344 1707 320 71 Panama,
699 1707 540 61 l'effondrement
1272 1707 78 58 de
1377 1708 65 57 la
1471 1705 254 61 Société
1757 1705 117 60 des
1904 1705 271 60 Métaux
2204 1722 92 43 ma-

221 1785 286 78 nigancé
535 1787 132 58 afin
699 1787 80 61 de
809 1787 202 59 livrer
1033 1787 61 58 le
1127 1785 340 78 Comptoir
1491 1785 405 77 d'escompte
1923 1785 37 59 à
1989 1802 93 42 un
2112 1785 190 77 syndi-

223 1867 101 57 cat
353 1864 310 78 puissant
715 1865 422 60 d'israëlites.

301 1944 102 60 En
447 1944 206 61 vérité
694 1945 49 59 il
774 1947 101 59 est
907 1944 207 79 grand
1145 1945 219 78 temps
1397 1944 163 78 qu'il
1603 1944 264 74 vienne,
1913 1944 62 61 le
2011 1944 222 61 Christ
2263 1945 80 58 de

221 2023 65 61 la
316 2024 253 60 charité
611 2024 269 73 sociale,
929 2024 161 78 qu'il
1122 2024 240 60 vienne
1393 2024 274 61 chasser
1693 2024 99 60 les
1825 2023 398 61 marchands
2255 2023 88 58 du

224 2103 275 79 Temple
531 2105 64 59 et
624 2121 344 44 renverser
987 2103 179 61 l'étal
1198 2105 118 60 des
1349 2104 373 78 changeurs
1745 2104 12 60 !

1499 2398 184 60 PAUL
1727 2397 218 63 ADAM.
