2542 3896
1222 264 69 60 8

301 391 336 77 Pourquoi
670 390 252 60 est-elle
951 390 323 59 heureuse
1308 390 155 57 d'un
1511 390 107 60 fils
1651 390 202 60 faible
1886 393 63 57 et
1991 393 327 61 heureuse

222 470 158 60 d'un
406 470 165 57 mari
595 469 168 60 fort?
822 469 453 76 (parcequ'elie
1308 469 157 58 était
1497 468 201 59 faible
1727 470 222 75 quand
2003 470 122 59 elle
2174 489 108 57 por-

217 548 122 59 tait
371 564 118 42 son
519 548 108 58 fils
758 549 64 57 et
865 564 320 59 parceque
1216 563 120 42 son
1385 546 165 59 mari
1580 546 156 60 était
1779 546 127 59 fort
1933 550 225 73 quand
2189 549 125 60 elle

218 625 102 60 fat
349 625 309 60 fécondée
832 626 134 59 Elle
1025 626 118 58 fait
1191 642 69 42 ce
1307 625 492 60 raisonnement
1839 644 12 38 :
1886 626 99 58 les
2025 626 289 60 femmes

217 705 249 60 aiment
493 705 97 59 les
622 705 202 60 maris
855 704 162 60 forts
1140 705 164 59 donc
1327 704 56 58 si
1407 720 151 42 mon
1589 704 108 58 fils
1728 708 99 54 est
1845 704 197 60 faible
2061 722 253 43 aucune

214 800 83 42 ne
322 784 273 58 viendra
625 800 105 42 me
755 784 329 58 l'enlever.

214 861 55 59 Il
307 879 45 59 y
390 878 37 42 a
461 863 181 58 aussi
684 879 69 42 ce
806 861 403 59 mécanisme
1244 879 12 41 :
1319 878 117 43 son
1476 860 166 58 mari
1690 863 98 57 est
1826 861 127 60 fort
1992 864 64 57 et
2093 861 217 60 brutal

320 939 394 59 désillusion
744 940 114 75 qui
876 957 332 59 provoque
1239 958 80 40 en
1342 940 121 58 elle
1495 939 383 59 l'adoration
1904 941 78 57 de
2003 941 308 59 l'homme

214 1018 201 58 faible
594 1018 168 57 mais
810 1018 61 57 la
940 1018 235 58 nature
1232 1016 318 60 féminine
1604 1019 275 73 reprend
1949 1019 61 58 le
2070 1019 237 60 dessus

212 1113 255 43 comme
496 1096 294 76 toujours
818 1099 62 54 et
909 1096 412 75 grand-mère
1354 1096 120 59 elle
1507 1096 245 59 aimera
1783 1098 79 57 de
1886 1096 162 60 forts
2079 1099 198 75 petits-

213 1175 131 58 fils.

291 1252 171 77 Qu'y
490 1252 179 60 a-t-il
722 1269 82 42 au
838 1251 154 60 fond
1025 1252 78 59 de
1134 1254 184 58 notre
1347 1251 182 78 dépit
1548 1252 197 60 d'être
1794 1254 256 76 trompé
2079 1272 119 58 par
2239 1254 65 59 la

211 1330 241 60 femme
482 1331 233 59 aimée.

287 1410 335 76 Pourquoi
651 1410 437 58 aiment-elles
1114 1409 97 59 les
1242 1409 302 58 mauvais
1576 1409 259 77 sujets?

286 1733 185 58 Nous
500 1748 206 42 avons
736 1731 37 57 à
804 1731 63 59 la
895 1730 316 77 posséder
1368 1730 144 58 Elle
1545 1730 102 58 n'a
1676 1730 151 75 qu'à
1853 1747 68 41 se
1948 1730 251 58 donner

204 1811 297 60 attendre
631 1810 188 60 subir
954 1811 133 57 être
1116 1810 301 76 toujours
1446 1809 178 76 prête
1652 1810 36 57 à
1718 1825 71 42 se
1840 1825 343 59 composer
2208 1827 92 40 un

200 1890 322 57 maintien
648 1905 245 59 pauvre
923 1887 278 70 esclave,
1246 1905 245 57 pauvre
1521 1887 248 59 vestale
1799 1887 301 77 toujours
2130 1887 34 58 à
2196 1904 71 42 en-

197 1969 277 59 tretenir
500 1968 59 58 le
592 1966 129 60 feu.
753 1968 99 58 Eh
872 1966 155 60 bien
1058 1966 48 59 il
1133 1966 141 60 faut
1305 1966 233 76 qu'elle
1568 1966 319 59 devienne
1919 1968 183 57 notre
2121 1966 178 76 égale

202 2063 115 43 sur
348 2064 68 42 ce
447 2046 184 75 point
659 2061 249 44 encore.

300 2126 81 59 Et
407 2126 173 57 alors
625 2125 212 76 égaux
1002 2124 340 59 l'adultère
1388 2140 145 42 sera
1563 2140 142 42 rare
1874 2140 70 42 ce
1990 2140 146 41 sera
2170 2140 130 42 une

195 2205 305 75 question
526 2204 368 58 d'honneur
927 2204 251 58 mutuel
1204 2202 180 59 —Et
1427 2202 65 59 la
1539 2201 244 60 femme
1806 2202 188 59 tuera
2024 2218 79 43 en
2144 2201 153 61 duel

192 2282 434 75 l'hommequi
668 2281 207 60 l'aura
915 2281 314 76 trompée.

289 2362 102 60 On
420 2379 240 58 pourra
689 2361 334 59 s'aborder
1044 2378 155 40 sans
1228 2360 259 58 baisser
1515 2359 98 59 les
1647 2376 197 46 veux.

293 2441 94 59 La
413 2440 240 58 femme
682 2442 101 56 est
806 2440 233 75 passée
1087 2439 174 58 Dieu
1411 2437 139 59 Elle
1580 2455 35 41 a
1642 2437 90 59 du
1764 2437 218 59 moins
2017 2454 73 42 sa
2114 2436 145 61 théo-

187 2520 193 76 logie.
415 2519 291 59 Halte-là
734 2520 143 75 trop
910 2519 79 58 de
1020 2517 279 59 simonie
1331 2517 165 58 dans
1524 2517 61 59 le
1614 2516 263 76 temple.

259 2834 165 77 Edg.
458 2835 132 58 Poe
742 2832 339 63 Grawford
1223 2835 152 58 tous
1406 2850 108 42 ces
1540 2832 418 59 Américains
1987 2849 92 41 un
2109 2832 175 75 style

180 2914 79 59 de
288 2912 344 60 boniment
667 2933 28 34 «
715 2912 183 60 Vous
929 2914 164 58 allez
1124 2914 143 58 voir
1296 2930 69 42 ce
1399 2929 124 60 que
1550 2929 166 42 vous
1747 2911 162 60 allez
1942 2911 142 60 voir
2107 2931 29 36 »

254 3239 74 59 Je
360 3257 80 42 ne
463 3239 334 60 trouverai
830 3238 166 60 beau
1028 3239 64 57 et
1120 3254 127 60 pur
1291 3254 125 60 que
1450 3254 68 44 ce
1576 3254 125 60 que
1728 3239 342 78 j'imagine
2114 3243 61 57 et
2200 3260 70 41 ce

174 3317 157 59 dont
355 3318 66 76 je
453 3336 103 42 me
588 3318 337 71 souviens,
1054 3333 68 42 ce
1155 3317 113 75 qui
1294 3318 156 75 peut
1475 3317 248 61 arriver
1752 3319 64 59 et
1845 3336 68 42 ce
1944 3319 114 75 qui
2090 3337 36 41 a
2147 3321 122 59 été.

171 3397 77 58 Je
284 3414 100 41 me
417 3414 154 42 sens
602 3414 255 42 comme
887 3413 92 42 un
1007 3394 183 60 Àriel
1234 3413 81 42 au
1348 3397 239 58 dessus
1619 3398 89 57 du
1743 3398 277 60 Présent
2162 3401 82 59 l'o-

170 3474 203 60 dieux
400 3478 62 56 et
492 3477 343 76 quotidien
867 3477 62 57 et
975 3474 340 76 importun
1353 3475 276 60 Présent
1791 3477 173 58 ainsi
2012 3495 166 58 pour
2206 3479 63 60 la

166 3553 245 61 femme
443 3558 62 57 et
533 3557 143 59 tout
807 3555 102 63 Oh
942 3554 114 78 qui
1080 3554 238 78 jettera
1360 3572 91 42 un
1477 3557 157 75 pont
1677 3557 181 59 entre
1898 3573 155 43 mon
2091 3576 180 43 cœur
