2542 3896
1273 271 86 62 24

250 380 216 62 même
510 385 276 78 bureau,
829 394 128 60 soit
997 395 77 60 de
1104 399 340 75 plusieurs
1478 403 580 80 circonscriptions
2105 414 223 63 territo-

247 463 198 57 riales
475 466 148 73 qu'a
652 470 727 70 retréciesenréalitéle
1411 483 544 75 développement
1988 491 117 58 des
2134 498 223 59 routes

247 539 65 58 et
341 540 116 59 des
486 545 180 60 voies
713 548 268 63 ferrées.

327 618 101 58 Un
462 623 77 57 de
569 640 104 42 ces
707 632 286 58 services
1038 635 515 65 administratifs
1596 643 138 58 doit
1792 646 133 57 etre
1974 651 131 58 mis
2145 653 36 57 à
2211 657 146 67 part

243 710 80 43 en
356 714 219 46 raison
604 704 79 58 de
716 723 110 42 son
859 709 430 79 importance,
1322 719 153 60 c'est
1518 722 65 57 la
1609 722 485 76 magistrature.
2150 733 113 70 Là,
2293 733 62 60 la

241 779 312 60 maturité
584 783 181 77 d'âge
811 790 252 60 semble
1098 793 154 60 bien
1295 798 471 62 s'harmoniser
1811 818 155 45 avec
2000 806 65 59 la
2104 811 250 69 gravité

240 856 115 56 des
391 856 327 64 fonctions
753 867 62 55 et
840 865 253 79 l'esprit
1120 874 429 62 traditionnel
1578 879 114 73 qui
1715 898 44 45 y
1780 879 198 73 règne
2002 903 12 38 :
2035 888 315 62 toutefois

236 930 48 58 il
342 949 80 43 ne
472 938 284 62 faudrait
811 961 119 58 pas
977 966 284 57 pousser
1314 955 131 59 ceci
1487 958 35 56 à
1571 958 369 75 l'extrême;
1996 964 47 59 il
2072 968 99 57 est
2221 968 129 60 bon

237 1016 41 51 d
303 1028 184 43 avoir
518 1016 115 60 des
665 1020 302 64 hommes
991 1027 243 76 jeunes
1280 1049 81 42 au
1390 1041 300 71 parquet,
1724 1039 35 57 à
1807 1037 471 82 l'instruction,
2312 1049 37 59 à

232 1100 23 47 l
283 1100 320 55 audience
647 1114 248 60 meme;
955 1110 185 56 notre
1198 1113 464 75 magistrature
1699 1119 100 57 est
1845 1123 183 57 aussi
2061 1127 256 71 satisfai-

232 1184 185 44 sante
443 1189 126 59 que
593 1179 292 72 possible
910 1199 158 43 sous
1097 1187 60 58 le
1188 1195 262 72 rapport
1480 1194 160 60 delà
1671 1201 381 60 conscience
2084 1208 62 55 et
2174 1206 79 58 de
2283 1207 64 58 la

228 1261 278 61 science,
532 1270 167 44 mais
731 1258 123 61 elle
887 1264 214 58 aurait
1134 1265 77 59 de
1243 1270 242 73 grands
1529 1275 268 75 progrès
1831 1278 34 57 à
1901 1278 164 62 faire
2095 1300 79 40 en
2203 1301 92 43 ma-

223 1331 164 55 tière
438 1331 77 57 de
563 1336 314 75 rapidité;
928 1342 65 57 la
1035 1342 176 78 large
1270 1348 298 62 infusion
1619 1354 155 60 d'un
1816 1357 288 62 élément
2150 1362 193 67 jeune

224 1420 82 43 ne
336 1406 97 59 lui
467 1414 199 57 serait
693 1433 116 56 pas
847 1418 237 63 inutile
1117 1424 36 56 à
1174 1427 98 55 cet
1300 1427 218 76 égard.

304 1485 125 60 Jai
443 1489 137 60 rive
604 1494 177 58 enfin
809 1515 35 39 a
872 1515 128 42 une
1033 1502 301 63 dernière
1372 1509 323 76 catégorie
1727 1514 77 59 de
1864 1514 333 65 fonctions
2223 1540 79 49 pu-

223 1565 264 74 bliques
542 1587 166 58 pour
731 1574 381 79 lesquelles,
1153 1587 166 55 cette
1352 1585 241 77 fois-ci,
1637 1590 66 78 je
1741 1594 207 59 serais
1993 1597 265 75 disposé
2303 1602 37 58 à

223 1649 133 52 etre
381 1649 151 70 plus
560 1651 246 60 radical
830 1672 123 58 que
984 1658 98 59 les
1111 1662 156 74 plus
1299 1667 338 73 radicaux,
1671 1672 98 58 les
1800 1673 328 62 fonctions
2167 1679 138 59 mili-

222 1730 218 52 taires.
476 1733 76 53 Je
586 1730 103 59 dis
745 1734 354 76 fonctions,
1137 1742 68 74 je
1238 1761 80 42 ne
1348 1745 102 60 dis
1482 1766 118 58 pas
1633 1753 235 74 grades
1892 1754 103 59 :la
2024 1757 102 58 vie
2166 1759 139 60 mili-

214 1806 164 55 taire
411 1806 179 60 étant
622 1809 296 65 devenue
962 1834 131 43 une
1140 1823 302 73 carrière,
1470 1827 69 76 je
1590 1830 255 70 conçois
1878 1834 160 74 qu'il
2089 1853 70 43 se
2209 1839 129 60 soit

215 1889 242 52 établie
494 1889 63 54 la
594 1904 122 45 une
772 1891 208 61 filière
1013 1895 194 62 basee
1237 1917 115 43 sur
1379 1903 433 66 l'ancienneté
1866 1914 63 56 et
1959 1930 342 58 correspon-

214 1965 159 53 dant
405 1979 35 41 a
468 1980 128 43 une
628 1974 498 71 augmentation
1169 1979 164 60 dans
1372 1982 98 59 les
1518 1985 418 65 traitements
1966 2011 11 38 :
2023 1996 130 57 ceci
2198 1997 138 60 doit

212 2039 331 62 subsister
569 2063 194 57 parce
796 2068 126 58 que
979 2055 157 59 c'est
1182 2058 203 75 juste.
1442 2064 169 60 Mais
1654 2084 70 42 ce
1778 2070 113 75 qui
1943 2088 100 43 me
2085 2076 248 61 semble

207 2124 143 52 tout
382 2138 35 39 a
438 2124 120 57 tait
589 2128 491 77 inadmissible,
1116 2135 157 60 c'est
1304 2157 127 57 que
1463 2142 161 77 l'âge
1668 2145 205 63 influe
1907 2167 116 42 sur
2048 2150 61 60 le
2141 2154 194 60 choix

207 2201 88 52 du
328 2206 600 64 commandement.
972 2215 84 57 Le
1092 2217 235 59 métier
1358 2222 315 61 militaire
1713 2231 100 55 est
1846 2246 90 40 un
1972 2232 236 61 métier
2251 2236 80 59 de

194 2290 359 62 jeunesse,
584 2284 151 60 tous
779 2286 98 60 les
916 2294 247 72 grands
1217 2298 365 75 capitaines
1625 2304 163 60 l'ont
1846 2308 100 58 été
1995 2309 242 76 jeunes
2270 2317 61 57 et

200 2363 113 50 ont
336 2374 183 44 cesse
549 2363 122 58 del
699 2364 135 62 être
867 2385 77 42 en
979 2379 320 65 avançant
1328 2394 79 42 en
1436 2380 149 77 âge;
1619 2383 340 77 Napoléon
1981 2371 348 82 iui-même

203 2450 35 42 a
270 2441 116 54 hni
414 2457 118 57 par
562 2443 116 59 des
718 2446 333 64 désastres
1097 2471 127 58 que
1258 2455 164 78 l'âge
1471 2462 145 58 seul
1645 2465 313 74 explique
1983 2487 16 52 ;
2057 2471 157 59 c'est
2264 2473 65 60 la

194 2530 317 57 jeunesse
547 2523 113 73 qui
706 2540 37 42 a
782 2524 122 61 fait
950 2530 146 60 tout
1149 2533 61 58 le
1245 2535 190 75 génie
1489 2539 80 60 de
1620 2544 288 60 certains
1969 2548 355 75 généraux.

203 2600 219 55 Londe
452 2615 109 59 par
618 2606 326 75 exemple,
979 2612 61 55 et
1069 2628 283 61 presque
1388 2618 144 60 tout
1583 2620 61 60 le
1689 2622 186 76 génie
1907 2625 79 60 de
2043 2631 284 59 certains

196 2680 248 69 autres,
469 2680 402 79 Alexandre,
905 2688 295 63 Gustave
1220 2693 316 80 Adolphe.
1567 2700 426 66 L'étonnante
2020 2708 306 74 jeunesse

194 2758 117 53 des
342 2758 230 59 cadres
605 2763 311 77 explique
947 2768 99 59 les
1074 2770 311 64 victoires
1417 2777 80 59 de
1536 2778 65 60 la
1629 2779 249 64 France
1922 2785 367 65 révolution-

189 2846 183 47 naire
398 2853 116 42 sur
543 2839 99 60 les
674 2838 258 67 vieilles
958 2849 271 77 troupes
1263 2854 79 60 de
1374 2855 63 60 la
1469 2858 334 76 coalition,
1835 2881 256 47 comme
2123 2872 201 61 celles

191 2918 79 53 de
299 2918 64 54 la
395 2918 247 61 Prusse
673 2938 81 42 en
789 2924 153 61 1813
975 2946 115 41 sur
1115 2930 100 60 les
1251 2933 198 61 vieux
1473 2943 364 72 grognards
1872 2946 78 58 de
1974 2946 341 74 l'Empire.

182 2999 168 52 Plus
377 3004 409 56 récemment
811 3020 170 45 nous
1010 3024 205 45 avons
1248 3028 79 43 eu
1355 3031 91 42 un
1479 3020 184 58 autre
1696 3024 325 74 exemple,
2056 3028 265 70 pénible

184 3086 35 42 a
251 3076 304 73 îappeler
581 3080 173 59 mais
797 3083 340 77 salutaire,
1192 3090 117 60 des
1355 3094 336 62 désastres
1737 3104 429 62 occasionnés
2197 3128 120 49 par

184 3165 91 43 un
303 3159 589 63 commandement
925 3165 209 61 sénile
1162 3187 12 38 :
1221 3187 242 60 prenez
1497 3177 145 59 tout
1682 3178 179 62 l'état
1898 3186 214 73 major
2148 3189 139 61 fran-

181 3245 137 54 çais
350 3250 84 42 au
464 3236 206 61 début
694 3240 79 59 de
800 3241 64 59 la
897 3243 300 64 dernière
1229 3267 265 60 guerre;
1530 3273 168 43 vous
1752 3259 111 76 n'y
1889 3264 268 63 trouvez
2190 3287 130 45 nue

181 3314 117 56 des
330 3318 504 76 sexagénaires;
867 3323 157 61 c'est
1045 3327 63 59 là
1140 3330 163 74 qu'il
1336 3332 144 61 faut
1511 3337 444 76 uniquement
1982 3346 312 66 chercher

182 3405 37 41 a
252 3408 151 43 mon
438 3412 176 58 sens,
646 3399 65 60 la
743 3401 223 61 raison
1002 3405 78 60 de
1113 3426 121 41 nos
1289 3410 505 68 inconcevables
1840 3422 282 63 défaites
2150 3448 12 50 ;
2199 3431 118 62 des

182 3476 291 56 officiers
508 3478 115 75 qui
670 3479 304 63 s'étaient
1005 3487 461 64 vaillamment
1494 3499 374 73 comportés
1917 3520 80 43 en
2030 3507 259 65 Crimée

186 3563 80 45 en
288 3553 212 75 Italie,
535 3573 84 43 au
650 3559 335 80 Mexique,
1023 3565 295 64 donnent
1346 3569 350 83 l'exemple
1729 3578 79 60 de
1850 3581 66 59 la
1943 3583 153 77 plus
2127 3589 190 63 triste
