2420 4086
1158 399 118 57 294

313 560 94 59 Ou
472 557 220 58 mieux
752 572 235 43 encore
1041 551 84 60 ils
1182 546 386 65 suivraient,
1602 558 82 40 au
1733 536 355 74 Dahomey,
2121 531 54 59 le

239 647 265 81 général
533 645 295 59 Dodds...

311 739 194 58 Notez
538 752 121 60 que
693 736 95 57 les
825 748 187 44 noms
1045 729 292 60 illustres
1368 725 77 59 de
1484 725 186 56 notre
1703 714 166 62 belle
1903 715 266 66 France,

232 830 94 58 les
357 825 223 60 d'Uzès
625 827 58 56 et
724 828 214 55 autres
976 818 394 80 participent
1403 819 37 55 à
1484 831 102 42 ces
1623 812 180 57 têtes.
1845 807 85 56 La
1971 800 206 82 gloire

233 915 370 72 armoriale,
642 913 47 59 il
733 916 91 57 est
877 911 164 72 vrai,
1086 910 176 59 vient
1324 907 79 59 de
1450 922 69 42 ce
1563 919 121 60 que
1728 899 109 59 des
1881 893 296 62 ancêtres

235 1010 227 57 eurent
490 1005 60 61 le
575 1005 150 60 bras
755 1002 268 59 robuste
1059 1018 165 61 pour
1262 1011 381 51 assommer,
1684 990 85 58 du
1792 987 155 59 haut
1985 982 38 60 d
2050 997 123 43 une

232 1113 277 53 armure,
542 1094 91 59 les
667 1094 187 58 hères
889 1109 77 42 en
1004 1086 438 80 souquenille.

312 1204 34 41 «
395 1186 82 59 Le
512 1184 142 79 plus
687 1180 192 61 noble
922 1181 108 59 des
1074 1178 261 78 plaisirs
1383 1198 57 47 »,
1489 1174 64 58 la
1599 1179 246 60 chasse,
1886 1166 92 59 est
2013 1162 165 59 donc

233 1274 166 61 celui
439 1275 108 78 qui
586 1275 274 77 prépare
901 1272 58 58 le
1002 1286 288 59 manger.
1338 1266 118 59 Car
1498 1282 31 39 c
1558 1264 91 56 est
1693 1278 163 60 pour
1896 1254 283 80 paraître

233 1364 193 63 noble
472 1382 121 60 que
636 1359 455 61 l'aristocratie
1140 1358 75 58 de
1270 1357 63 57 la
1379 1354 253 57 finance
1676 1347 233 63 établit
1952 1344 76 58 de
2076 1358 103 42 ces

235 1453 313 60 abattoirs
603 1458 37 54 à
698 1451 242 58 faisans
997 1449 59 59 et
1120 1454 37 53 à
1214 1446 244 78 lapins.
1525 1439 403 61 Maintenant
1977 1451 84 40 on
2102 1447 78 42 ne

236 1561 193 42 saura
467 1541 236 76 jamais
750 1538 322 80 pourquoi
1110 1537 145 58 l'art
1298 1533 367 61 d'élaborer
1708 1546 123 41 une
1876 1540 193 44 sauce
2103 1520 75 60 de

236 1634 165 59 civet
462 1631 238 61 semble
760 1630 77 59 de
890 1628 297 60 noblesse
1243 1623 320 69 moindre,
1592 1622 233 57 devant
1879 1613 171 64 celui
2104 1611 76 59 de

235 1726 230 56 mettre
490 1721 58 60 le
580 1721 201 59 lièvre
815 1724 34 53 à
882 1721 191 57 mort.
1102 1716 48 60 11
1180 1720 91 56 est
1305 1716 110 58 des
1446 1714 320 77 mystères
1794 1706 270 60 sociaux
2099 1707 79 54 où

236 1818 180 53 notre
454 1811 86 60 foi
569 1809 350 61 chancelle.

317 2265 212 57 Certes
552 2260 92 58 les
667 2257 212 59 riches
907 2256 337 75 mangent;
1275 2252 165 60 mais
1469 2251 90 59 les
1585 2265 277 62 pauvres
1888 2246 287 58 boivent.

319 2354 97 58 Un
494 2349 294 60 médecin
875 2343 350 61 examinait
1293 2363 86 39 un
1444 2342 252 78 peintre
1756 2337 422 76 d'enseignes.

236 2463 34 42 «
319 2445 144 57 Mon
496 2440 151 70 ami,
680 2455 159 42 vous
882 2437 131 58 êtes
1046 2439 141 54 tout
1229 2432 399 60 bonnement
1662 2429 390 78 alcoolique,
2089 2426 93 58 lui

239 2531 200 63 dit-il.
612 2529 333 58 Comment
971 2524 10 57 1
1032 2523 479 78 alcoolique!...
1559 2517 248 63 Jamais
1843 2517 66 78 je
1962 2536 80 41 ne
2085 2534 99 41 me

239 2623 246 61 saoule.
613 2619 158 60 Mais
805 2617 345 59 encore?...
1315 2617 73 57 Je
1426 2630 160 42 vous
1633 2628 298 42 assure...
1982 2610 207 57 Tenez

235 2713 170 61 voici
439 2730 69 41 ce
538 2728 121 60 que
687 2709 65 78 je
785 2707 146 61 bois
974 2704 157 60 dans
1166 2723 86 40 un
1293 2707 151 73 jour
1479 2721 13 39 :
1540 2703 59 58 le
1632 2700 203 60 matin
1879 2719 85 40 un
2005 2716 184 44 verre

236 2803 75 60 de
326 2802 211 71 blanc,
559 2818 82 41 ou
658 2801 190 67 deux,
870 2816 162 58 pour
1045 2815 99 42 me
1162 2794 251 60 donner
1441 2793 87 60 du
1543 2790 214 60 nerf...
1780 2794 37 55 à
1831 2789 111 60 dix
1956 2789 236 60 heures

237 2911 125 42 une
399 2891 326 68 absinthe,
764 2909 122 40 une
927 2891 207 68 seule;
1168 2906 87 41 un
1285 2884 150 59 litre
1464 2887 33 56 à
1530 2882 329 76 déjeuner,
1888 2898 151 42 mon
2057 2881 136 58 calé

239 3000 149 41 avec
424 2982 82 57 du
531 2998 313 54 marc;un
871 2999 183 40 verre
1082 2980 75 58 de
1197 2992 200 59 rouge
1430 2972 251 79 parfois
1714 2970 477 78 l'après-midi;

242 3076 37 56 à
310 3076 144 71 sept
490 3071 231 57 heures
755 3088 152 40 mon
932 3067 342 63 vermouth
1298 3083 12 53 ;
1348 3083 154 40 mon
1533 3062 151 59 litre
1712 3066 35 55 à
1771 3061 220 72 dîner;
2038 3079 154 42 mon

240 3161 134 59 café
402 3177 151 41 avec
585 3159 84 57 du
706 3177 253 41 marc...
999 3161 79 68 et,
1117 3160 292 66 souvent,
1450 3170 88 41 un
1573 3152 192 58 rhum
1799 3168 83 40 ou
1928 3149 169 61 deux
2136 3150 59 60 le

237 3250 134 60 soir
411 3268 78 42 en
520 3248 254 58 fumant
814 3265 103 42 ma
960 3249 226 77 pipe...
1230 3248 65 73 je
1338 3262 79 42 ne
1459 3243 149 59 bois
1643 3240 239 76 jamais
1912 3240 171 78 plus.

235 3342 87 59 La
363 3340 222 60 moitié
623 3339 75 59 de
752 3339 138 60 cela
936 3339 285 78 pendant
1280 3354 88 41 un
1408 3353 81 41 an
1536 3332 282 62 suffirait
1865 3335 37 55 à
1959 3330 236 61 rendre

239 3431 441 77 alcoolique...
731 3452 33 34 »

312 3525 116 57 Les
461 3522 223 58 sobres
717 3519 110 79 qui
863 3519 131 61 s'en
1028 3519 301 60 tiennent
1364 3533 125 42 aux
1533 3514 250 60 rations
1816 3513 79 60 de
1947 3530 70 43 ce
2052 3512 135 61 bon

234 3612 259 61 ouvrier
508 3613 345 76 préparent
867 3611 108 60 des
997 3607 418 81 générations
1439 3607 77 59 de
1540 3605 299 61 terribles
1868 3606 323 76 ivrognes.
