2420 4086
1156 362 119 58 320

214 530 196 60 triers
464 522 353 82 paternels,
1781 517 348 82 Antigone,
1389 534 82 42 au
1524 512 401 82 prodigieux
1972 531 234 44 amour

215 618 273 72 sororal,
529 616 160 60 dont
718 614 68 60 la
816 614 177 77 piété
1028 628 198 44 sauve
1263 609 112 59 des
1423 605 386 61 funérailles
1847 604 356 63 honteuses

214 712 60 58 le
323 727 193 58 corps
574 705 86 60 du
720 704 434 60 malheureux
1212 698 338 81 Polynice,
1717 699 61 60 et
1828 694 371 79 Philoctète,

217 801 275 61 délaissé
538 799 159 59 dans
751 795 132 60 l'île
965 794 77 60 de
1084 794 304 71 Lemnos,
1435 789 421 61 frémissante
1897 788 269 62 incarna-

214 893 140 60 tion
412 891 76 59 de
533 887 296 77 l'injuste
887 884 391 72 souffrance,
1444 883 60 60 et
1551 882 60 60 le
1658 882 121 60 Roi
2122 900 81 43 au

217 1001 179 43 cœur
428 982 252 59 torturé
712 977 267 80 jusqu'à
1005 976 66 61 la
1106 980 175 57 mort
1315 992 120 63 par
1463 972 534 83 l'épouvantable
2032 972 137 62 fata-

214 1074 139 69 lité,
563 1076 60 56 et
682 1075 214 54 toutes
962 1069 95 59 les
1129 1066 424 81 inquiétudes
1625 1066 78 61 de
1761 1065 314 61 l'homme
2139 1085 65 42 se

218 1165 342 61 débattant
621 1163 415 59 inutilement
1099 1159 162 61 dans
1325 1157 68 61 la
1452 1159 106 59 vie
1620 1157 163 61 dont
1860 1156 95 61 les
2009 1157 194 61 dieux

218 1255 213 61 cruels
473 1254 423 61 connaissent
936 1250 175 62 seuls
1159 1250 60 59 le
1259 1250 355 80 pourquoi.
1665 1250 266 70 Beauté,
1971 1248 228 80 gloire,

214 1348 328 70 honneur,
594 1345 345 72 richesses,
972 1359 256 54 amour,
1267 1342 333 78 Sophocle
1647 1340 176 61 avait
1865 1344 149 57 tout
2056 1361 111 61 pos-

217 1438 150 61 sédé
405 1457 11 41 :
455 1441 192 75 poète
692 1437 77 60 de
809 1434 359 63 l'éternelle
1205 1433 299 70 douleur,
1545 1433 47 60 il
1639 1434 177 61 avait
1858 1433 151 61 vidé
2059 1433 105 79 jus-

218 1530 196 77 qu'au
473 1528 160 61 fond
694 1527 66 60 la
821 1544 209 62 coupe
1092 1526 111 61 des
1266 1524 349 61 humaines
1678 1524 271 63 délices.
2015 1526 182 71 Mais,

218 1637 250 44 comme
496 1621 60 60 le
594 1620 188 61 soleil
830 1618 78 60 de
952 1636 102 42 ses
1087 1621 245 58 années
1367 1635 66 43 se
1487 1618 313 79 penchait
1837 1617 365 62 lentement

215 1729 148 43 vers
391 1711 58 61 le
480 1712 156 72 soir,
674 1729 100 42 ses
803 1711 122 71 fils,
963 1710 290 80 inquiets
1297 1709 192 61 d'une
1531 1715 175 56 mort
1734 1716 148 73 trop
1943 1710 254 61 tardive

221 1805 59 57 et
307 1801 307 61 désireux
632 1801 152 61 d'un
809 1801 293 79 héritage
1126 1800 432 80 longuement
1590 1803 325 71 convoité,
1940 1805 233 57 osèren
2186 1806 18 55 t

218 1893 315 61 l'accuser
566 1895 76 60 de
678 1894 331 60 démence.
1049 1895 82 57 Le
1162 1893 351 77 dompteur
1544 1893 86 59 du
1684 1894 204 60 Verbe
1934 1912 224 62 compa-

219 1988 107 55 rut
360 1984 175 61 alors
570 1985 239 60 devant
835 1983 60 61 le
925 1983 407 80 mystérieux
1352 1983 295 61 tribunal
1670 1984 73 60 de
1780 1983 417 81 l'Aréopage,

219 2077 61 58 et
317 2093 150 42 sans
500 2074 326 79 répondre
856 2092 127 43 aux
1013 2074 227 61 vaines
1277 2076 341 77 questions
1651 2078 111 57 des
1794 2076 217 78 juges,
2052 2093 114 42 sou-

217 2166 171 60 riant
443 2168 368 59 tristement
866 2171 35 56 à
951 2185 99 42 ses
1102 2171 449 70 accusateurs,
1586 2167 59 60 le
1698 2167 311 60 vieillard
2071 2185 131 41 aux

215 2275 173 58 yeux
438 2259 324 77 profonds
824 2261 59 57 et
953 2259 176 59 doux
1195 2257 132 79 prit
1391 2257 60 60 le
1513 2260 362 59 manuscrit
1908 2264 38 54 à
2010 2260 193 77 peine

215 2350 246 61 achevé
505 2349 38 58 d
552 2346 278 81 'Œdipe
872 2354 38 53 à
956 2346 234 62 Colone
1238 2350 61 58 et
1346 2365 388 60 commença
1769 2349 76 59 de
1882 2349 59 59 le
1974 2349 146 62 lire.
2156 2349 51 58 Il

218 2445 96 60 dit
348 2441 92 60 les
468 2439 338 60 malheurs
842 2439 87 60 du
957 2439 197 60 vieux
1191 2440 99 60 roi
1327 2441 219 59 errant
1582 2458 112 42 sur
1725 2441 67 59 la
1825 2446 174 54 terre
2037 2458 169 62 pour

218 2534 315 64 chercher
584 2551 87 39 un
729 2530 161 61 asile
938 2549 125 61 que
1102 2530 94 61 lui
1239 2530 297 63 refusent
1577 2537 151 56 tous
1762 2533 92 61 les
1905 2533 298 79 peuples,

219 2631 82 68 et,
339 2626 412 78 pressentant
778 2641 70 42 sa
882 2622 89 59 fin
1004 2622 385 80 prochaine,
1430 2624 450 78 quémandant
1907 2624 65 60 la
1991 2624 211 63 froide

219 2714 390 80 hospitalité
645 2713 155 60 d'un
831 2714 313 60 tombeau
1178 2734 168 59 pour
1375 2734 71 43 sa
1478 2720 308 57 terrestre
1832 2717 368 80 dépouille;

219 2811 49 58 il
298 2810 60 59 le
391 2812 261 55 montra
678 2806 231 75 grandi
962 2824 121 61 par
1125 2806 94 61 les
1263 2811 341 75 épreuves,
1643 2808 316 80 magnifié
1995 2829 119 61 par
2146 2810 60 61 le

217 2900 185 60 triste
455 2896 614 80 accomplissement
1127 2897 78 61 de
1267 2916 72 44 sa
1391 2899 320 72 destinée,
1779 2900 287 62 éclatant
2128 2920 76 43 en

217 2990 419 78 indignation
682 2993 223 54 contre
952 3008 88 39 un
1085 2988 105 60 fils
1233 2991 346 79 coupable,
1628 2996 59 56 et
1720 2993 388 62 n'obtenant
2136 3012 68 43 ce

217 3081 313 60 tombeau
577 3097 122 59 que
746 3079 234 79 frappé
1036 3080 77 60 de
1146 3079 66 61 la
1245 3080 261 74 foudre,
1541 3088 59 56 et
1635 3102 169 61 pour
1849 3084 170 62 ainsi
2066 3085 138 61 dire

221 3170 284 63 enseveli
542 3188 119 60 par
688 3169 94 60 les
820 3170 199 60 dieux
1050 3174 427 76 eux-mêmes,
1517 3177 323 61 attendris
1874 3196 121 61 par
2034 3178 136 60 l'im-

218 3262 278 62 mensité
528 3263 76 59 de
638 3280 71 42 sa
740 3262 307 62 détresse.
1085 3264 50 59 A
1168 3283 258 45 mesure
1459 3286 124 62 que
1629 3269 95 60 les
1765 3287 150 43 vers
1959 3271 205 61 dérou-

218 3353 199 61 laient
475 3352 66 61 la
600 3353 214 79 magie
872 3353 77 60 de
1000 3353 145 62 leur
1195 3356 382 79 splendeur,
1615 3360 94 61 les
1760 3362 263 80 visages
2095 3362 111 61 des

215 3446 190 79 juges
439 3443 434 63 s'éclairaient
903 3445 153 61 d'un
1098 3449 188 60 reflet
1332 3450 77 61 de
1442 3451 263 76 beauté,
1750 3456 59 59 et
1837 3452 272 83 lorsque
2145 3454 58 61 le

217 3542 189 75 poète
439 3555 65 42 se
537 3541 122 68 tut,
697 3541 197 75 ayant
923 3539 218 63 révélé
1177 3540 67 62 la
1277 3542 285 64 sublime
1595 3545 160 61 folie
1797 3546 77 61 de
1921 3567 119 42 son
2080 3549 122 71 art,

218 3629 81 60 ils
370 3629 646 81 l'accompagnèrent
1079 3640 648 74 respectueusement
1794 3639 271 80 jusqu'à
2134 3657 70 43 sa
