2420 4086
1148 376 116 59 323

224 544 381 62 procureur,
634 532 184 58 noire
854 532 212 77 poète,
1096 535 197 56 usant
1327 531 88 61 du
1461 531 174 61 droit
1692 531 76 61 de
1837 534 147 58 tout
2042 535 113 76 pré-

221 618 432 72 venu,voulut
685 623 338 76 présenter
1052 620 439 64 lui-mêmesa
1518 621 387 77 défense,et,
1928 623 267 80 parlant

228 728 78 42 en
333 709 65 60 la
429 710 209 61 forme
672 712 160 60 dont
864 712 48 59 il
948 713 170 61 avait
1147 719 328 71 coutume,
1496 715 300 61 désirant
1829 717 364 62 sansdoute

225 800 262 60 éblouir
513 802 57 61 le
601 802 151 80 jury
789 802 85 59 du
908 803 286 79 prestige
1240 804 77 61 de
1363 823 117 43 son
1524 809 123 73 art,
1693 808 50 58 il
1791 808 242 61 débuta
2074 827 122 61 par

228 908 69 44 ce
338 908 146 44 vers
518 912 12 40 :

478 1072 242 48 Heureux
748 1072 250 51 l'homme
1019 1082 240 59 rampant
1291 1081 49 46 et
1373 1093 164 35 cousu
1565 1081 62 48 de
1658 1082 307 52 bassesse...

230 1255 152 60 Mais
415 1272 70 43 ce
527 1274 149 43 vers
727 1258 157 61 était
936 1259 248 62 destiné
1222 1268 37 54 à
1306 1261 344 64 demeurer
1689 1270 38 55 à
1773 1270 142 59 tout
1950 1268 245 77 jamais

225 1345 314 79 solitaire,
577 1366 110 43 car
719 1349 83 60 M.
838 1350 59 61 le
934 1352 349 61 conseiller
1317 1357 272 76 général
1632 1358 306 75 Grandet,
1979 1363 176 75 prési-

226 1435 154 60 dent
410 1437 64 61 la
506 1439 169 59 Cour
738 1439 325 78 d'assises,
1130 1461 154 43 sans
1345 1444 197 63 doute
1598 1465 126 61 peu
1781 1449 256 61 entiché
2113 1453 78 60 de

229 1527 282 76 lyrisme,
569 1547 212 61 coupa
827 1531 38 58 d
894 1551 125 42 une
1068 1533 242 78 phrase
1364 1537 393 64 tranchante
1801 1557 252 46 comme
2105 1564 87 39 un

228 1618 210 60 rasoir
493 1620 60 59 le
596 1621 382 76 préambule
1053 1625 77 59 de
1175 1626 450 63 l'aventureux
1668 1632 308 62 écrivain.
2039 1656 33 35 «
2119 1637 72 59 Je

226 1725 159 43 vous
440 1710 58 59 ai
542 1711 215 60 donné
789 1712 66 59 la
898 1715 248 77 parole,
1302 1717 93 60 lui
1431 1719 178 59 dit-il
1640 1724 435 61 sévèrement!

225 1816 163 59 pour
427 1805 339 72 présenter
812 1810 180 55 votre
1035 1805 292 75 défense,
1384 1811 60 57 et
1477 1829 131 42 non
1652 1830 168 59 pour
1862 1815 331 62 déclamer

225 1907 123 40 une
372 1889 231 63 frivole
625 1894 182 75 pièce
833 1894 77 60 de
941 1914 146 42 vers
1114 1917 122 59 que
1259 1898 244 80 l'usage
1537 1904 60 57 et
1616 1903 92 61 les
1738 1921 455 48 convenances

224 1997 158 43 vous
414 1980 391 64 interdisent
835 1985 76 61 de
944 1985 122 61 lire
1100 2007 121 60 par
1252 1989 242 62 devant
1522 2012 188 44 nous.
1755 1995 65 60 Si
1844 2015 162 43 vous
2040 2017 117 42 con-

221 2070 216 63 tinuez
471 2078 37 56 à
540 2075 336 79 employer
920 2096 71 43 ce
1038 2079 302 82 langage,
1371 2083 67 79 je
1484 2102 101 43 me
1632 2088 213 60 verrai
1889 2088 180 62 forcé
2119 2091 76 61 de

222 2180 159 43 vous
413 2166 232 59 retirer
676 2166 65 59 la
765 2169 246 77 parole.
1052 2189 34 40 »

302 2253 188 61 Alors
525 2256 204 61 éclate
774 2277 86 41 un
912 2261 76 58 de
1035 2279 104 42 ces
1184 2262 327 64 incidents
1556 2266 389 65 d'audience
1989 2280 84 51 où
2131 2291 65 41 se

221 2350 323 70 prennent
577 2347 76 60 de
685 2349 119 59 bec
832 2350 94 59 les
958 2351 204 78 aigles
1197 2352 76 60 de
1315 2355 263 61 Thémis
1611 2360 59 56 et
1708 2357 159 61 dont
1901 2379 65 41 se
2000 2379 155 60 pour-

225 2432 255 64 léchent
521 2436 93 61 les
667 2440 255 60 assidus
982 2443 110 58 des
1132 2445 256 58 assises.
1430 2448 304 59 L'avocat
1773 2449 86 60 du
1903 2456 290 72 prévenu

225 2524 52 56 M
286 2531 20 25 e
321 2525 263 70 Moulin,
603 2545 162 42 vous
798 2535 188 55 tance
1019 2535 363 57 vertement
1415 2534 776 83 l'audacieuxprésident,

225 2615 60 56 et
318 2614 118 58 fait
470 2618 309 58 observer
814 2638 121 57 que
976 2622 77 57 M.
1091 2623 438 81 Barthélémy,
1569 2646 149 42 sous
1750 2628 65 61 la
1851 2632 306 62 Restaura-

224 2702 161 73 tion,
417 2704 212 60 s'était
682 2707 288 61 défendu
1024 2728 77 41 en
1152 2730 145 43 vers
1350 2714 76 60 de
1438 2721 153 54 vaut
1651 2718 109 60 des
1815 2723 377 78 magistrats

228 2793 174 58 aussi
450 2794 313 61 soucieux
808 2798 74 59 de
929 2798 141 60 leur
1113 2801 255 80 dignité
1414 2808 59 57 et
1517 2806 160 61 celle
1712 2810 76 59 de
1832 2811 63 60 la
1926 2813 262 77 justice.

228 2883 157 61 Mais
429 2888 36 55 à
517 2901 69 43 ce
631 2904 171 59 coup
847 2890 195 72 droit,
1083 2890 59 61 le
1199 2895 343 73 président
1578 2898 284 64 Grandet
1905 2923 81 40 ne
2032 2907 160 77 perd

225 2973 188 78 point
440 2973 64 60 la
539 2981 174 56 carte
757 2982 60 55 et
860 2980 248 78 riposte
1153 2985 284 61 aussitôt
1480 3006 122 60 que
1647 2991 79 60 M.
1773 2992 422 86 Barthélémy

224 3081 29 41 s
278 3065 157 60 était
487 3066 167 60 ainsi
700 3067 286 63 détendu
1021 3089 78 43 en
1128 3072 216 78 police
1383 3081 543 64 correctionnelle
1978 3107 12 40 :
2032 3111 34 34 «
2115 3090 82 60 Or

226 3171 160 42 nous
421 3173 278 44 sommes
732 3178 77 40 en
845 3161 166 59 Cour
1044 3161 337 79 d'Assises,
1402 3168 205 76 dit-il;
1630 3191 78 40 ne
1725 3171 301 67 l'oubliez
2054 3197 142 61 pas,

225 3249 232 56 maître
503 3248 272 76 Moulin,
816 3264 62 46 et
915 3250 94 61 les
1054 3252 230 63 débats
1345 3259 109 76 qui
1501 3278 64 42 se
1612 3262 260 63 suivent
1909 3286 79 40 en
2031 3274 165 58 cette

225 3335 298 60 enceinte
586 3357 78 41 ne
730 3340 287 66 .doivent
1082 3344 189 76 point
1337 3348 201 64 sortir
1598 3353 110 60 des
1769 3356 428 66 bienséances

229 3429 494 60 accoutumées.
769 3451 33 35 »

316 3516 96 56 Un
447 3514 248 63 instant
727 3523 256 76 surpris
1021 3525 76 59 de
1139 3526 267 65 l'astuce
1440 3533 325 77 profonde
1804 3537 86 61 du
1947 3544 209 77 magis-

231 3610 153 64 trat,
422 3606 52 57 M
485 3613 19 26 e
527 3607 273 75 Moulin,
836 3621 221 71 expert
1087 3620 59 58 et
1171 3617 334 82 éloquent,
1543 3624 286 81 invoque
1857 3629 93 62 les
1981 3633 214 63 droits
