2420 4086
1297 425 0 0 306

252 515 278 61 toucher
574 514 94 60 les
728 514 315 78 poignées
1096 515 111 63 des
1233 524 244 74 portes.
1546 519 194 61 Seuls
1800 522 112 61 des
1943 523 284 78 Lapons,

249 606 220 61 noires
506 606 377 59 silhouettes
910 604 255 74 falotes,
1204 614 187 56 osent
1435 611 285 61 aborder
1762 616 164 57 cette
1984 613 203 62 formi-

249 695 191 60 dable
473 701 257 72 steppe;
760 695 83 59 ils
874 702 353 71 apportent
1269 717 129 44 aux
1439 703 479 78 montagnards
1961 706 228 77 prison-

248 786 197 71 niers,
501 785 202 61 isolés
766 786 86 60 du
889 792 168 55 reste
1122 788 87 61 du
1269 791 263 76 monde,
1599 792 111 61 des
1772 797 330 77 quartiers
2147 799 77 62 de

248 894 199 43 renne
479 876 166 80 gelé.
685 876 181 71 Mais,
906 895 78 42 en
1021 882 121 64 été,
1179 900 80 41 on
1307 884 199 61 dirait
1547 904 88 41 un
1691 904 165 62 pays
1913 888 77 62 de
2044 890 175 75 rêve,

243 985 126 42 une
393 968 198 59 féerie
620 966 596 79 shakespearienne
1241 973 278 80 baignée
1551 975 77 61 de
1660 976 343 64 lumineux
2032 982 189 62 soleil

245 1059 111 60 des
386 1058 256 80 jardins
675 1058 224 59 fleuris
925 1060 110 60 des
1067 1062 180 62 haies
1279 1065 324 63 blanches
1642 1070 399 80 d'aubépine
2078 1074 146 62 font

247 1167 87 41 un
370 1149 190 60 cadre
603 1149 361 78 verdoyant
1002 1168 126 43 aux
1161 1154 384 64 clochetons
1595 1177 79 42 en
1701 1162 166 75 bois,
1910 1181 130 42 aux
2077 1169 110 58 tou-

245 1239 216 73 relles,
501 1258 127 42 aux
658 1239 314 79 coupoles
1006 1243 111 60 des
1152 1246 254 62 chalets
1440 1249 360 81 rustiques,
1943 1274 89 42 un
2070 1258 153 60 coin

248 1331 273 62 d'ltalie.
560 1333 76 57 Et
659 1349 82 41 au
785 1331 164 61 bout
983 1333 85 60 du
1104 1335 261 61 chemin
1396 1341 425 77 Trondjhem,
1858 1345 62 59 la
1955 1347 157 61 ville
2144 1349 76 62 de

245 1425 66 58 la
341 1422 274 78 légende
643 1425 60 57 et
737 1422 76 59 de
847 1422 65 60 la
943 1426 247 75 poésie,
1230 1436 85 52 où
1345 1430 253 62 l'herbe
1628 1434 111 78 qui
1773 1454 240 60 pousse
2036 1443 179 59 entre

247 1514 94 61 les
375 1516 218 76 pavés,
639 1512 161 60 dans
849 1512 91 60 les
976 1533 170 54 rues,
1190 1523 332 59 assourdit
1569 1523 94 61 les
1694 1544 140 60 pas,
1873 1547 163 58 pour
2064 1549 112 61 per-

243 1609 231 57 mettre
503 1620 126 42 aux
680 1603 339 61 souvenirs
1049 1606 78 61 de
1170 1611 345 61 continuer
1575 1613 144 62 leur
1767 1622 335 71 sommeil;

245 1694 393 77 Trondjhem
686 1693 582 67 nonchalamment
1296 1704 287 61 couchée
1616 1723 82 43 au
1722 1708 163 61 bord
1919 1711 85 60 du
2037 1714 177 78 fjord

245 1787 430 77 poursuivant
700 1803 88 41 un
818 1803 202 61 songe
1075 1789 320 64 brumeux
1447 1813 81 44 au
1575 1798 182 61 bruit
1799 1801 77 59 de
1910 1802 64 61 la
2003 1822 211 62 vague

247 1876 374 69 inlassable,
657 1874 235 60 durant
926 1877 163 62 «'les
1127 1884 275 75 grandes
1428 1888 179 59 nuits
1654 1893 439 79 magnifiques
2127 1907 84 52 où

247 1966 64 61 la
341 1967 152 60 lune
523 1965 228 62 écaille
775 1965 292 80 d'argent
1101 1971 64 60 la
1198 1976 256 61 surface
1489 1977 76 61 de
1595 1978 65 60 la
1692 2000 140 42 mer
1871 2006 32 35 »
1933 1987 113 79 (1).

325 2058 117 58 Les
473 2057 294 59 hommes
791 2061 146 55 sont
970 2076 70 43 ce
1072 2080 121 60 que
1227 2067 164 59 cette
1414 2072 171 55 terre
1607 2070 91 60 les
1732 2090 37 41 a
1792 2072 154 63 faits
1980 2080 220 75 rudes,

244 2147 427 77 ombrageux,
723 2145 507 80 indépendants.
1277 2159 88 56 La
1412 2158 284 62 solitude
1743 2161 143 63 leur
1918 2185 37 41 a
1989 2169 220 63 donné

239 2239 65 77 je
329 2255 79 42 ne
435 2238 128 58 sais
589 2236 211 79 quelle
819 2240 390 64 inclination
1237 2252 37 53 à
1296 2245 66 60 la
1392 2249 221 76 poésie
1642 2255 57 56 et
1724 2258 31 53 à
1786 2255 63 60 la
1881 2258 315 77 tristesse,

235 2329 395 60 l'éducation
663 2330 410 64 luthérienne
1109 2334 93 61 les
1233 2356 38 39 a
1302 2339 323 75 façonnés
1659 2348 38 55 à
1726 2343 473 72 l'intolérance.

240 2419 374 61 Taciturnes
672 2426 64 55 et
775 2423 306 72 violents,
1142 2427 165 59 mais
1368 2431 154 59 fiers
1581 2437 64 55 et
1696 2434 189 64 d'une
1943 2445 262 78 énergie

238 2509 476 78 indomptable.
756 2514 87 59 En
874 2532 123 42 eux
1024 2516 391 63 bouillonne
1444 2536 88 44 un
1565 2526 203 58 océan
1795 2527 76 60 de
1933 2533 273 75 passion

239 2605 321 55 contenue
610 2603 110 78 qui
763 2605 249 77 parfois
1061 2605 277 63 démolit
1376 2629 100 42 ses
1538 2612 175 62 rives
1755 2621 63 55 et
1859 2619 348 86 s'échappe

240 2707 79 44 en
349 2692 341 78 éruptions
719 2695 415 80 effrayantes.
1175 2697 171 61 Dans
1378 2700 93 61 les
1495 2702 163 63 fêtes
1689 2705 160 63 dans
1868 2710 93 62 les
1983 2733 219 48 noces,

238 2787 268 73 partout
551 2790 84 52 où
677 2785 83 60 ils
813 2805 65 42 se
920 2791 304 57 trouvent
1265 2794 352 72 ensemble,
1656 2795 47 60 il
1739 2803 93 56 est
1865 2820 146 45 rare
2046 2808 159 77 qu'il

240 2892 78 40 ne
352 2873 227 62 s'élève
610 2875 110 61 des
750 2876 175 63 rixes
958 2880 447 78 meurtrières,
1445 2885 111 61 des
1592 2889 247 62 mêlées
1873 2898 326 75 terribles,

239 2968 62 56 et
358 2964 93 60 les
499 2965 296 78 femmes,
852 2969 111 78 qui
1010 2973 335 76 prévoient
1407 2975 60 61 le
1522 2996 129 59 cas,
1719 2993 372 70 emportent
2145 2993 59 60 le

235 3055 207 59 matin
511 3055 76 60 de
643 3074 103 42 ces
802 3059 184 79 jours
1021 3062 75 59 de
1153 3066 447 77 réjouissance
1641 3073 132 61 «la
1801 3077 291 66 chemise
2126 3085 78 61 de

236 3149 171 56 mort
440 3166 33 35 »
508 3146 76 59 de
619 3144 175 65 leurs
817 3151 220 61 maris.

318 3238 87 59 Le
438 3235 207 62 talent
678 3238 77 63 de
790 3241 286 80 Stéphan
1103 3243 392 83 Sindingest
1522 3255 171 76 pétri
1725 3257 76 61 de
1839 3265 163 60 cette
2033 3270 171 58 terre

236 3327 303 73 ardente;
577 3330 227 59 nourri
831 3331 76 61 de
943 3336 163 59 cette
1137 3340 146 57 sève
1317 3341 391 83 énergique;
1750 3349 348 84 imprégné
2125 3359 75 61 de

238 3422 162 59 cette
433 3420 352 65 sensualité
830 3429 342 70 contenue,
1209 3430 229 65 timide
1473 3438 167 61 mais
1689 3440 183 64 saine
1908 3450 63 58 et
1999 3452 206 60 toute-

298 3617 43 48 1.
366 3618 286 62 Bjornson.
