2420 4086
1162 274 125 64 318

220 441 302 66 crucifiée
565 456 83 42 au
693 440 282 57 sommet
1020 435 89 61 du
1153 433 287 64 calvaire
1487 436 61 58 et
1600 432 114 80 qui
1757 449 82 44 ne
1876 450 66 43 se
1985 432 217 81 plaint

216 554 139 62 pas,
405 530 169 62 mais
632 546 172 42 nous
866 527 306 79 enseigne
1242 545 84 42 au
1384 527 337 60 contraire
1794 525 272 81 l'espoir
2138 529 63 58 et

218 625 329 64 comment
579 638 168 42 nous
785 619 252 61 devons
1070 619 285 61 souffrir.

296 719 92 60 La
444 715 101 61 vie
602 713 95 60 est
754 714 402 59 émouvante
1209 715 65 58 et
1324 710 157 61 c'est
1535 728 198 62 parce
1789 709 236 81 qu'elle
2102 714 96 57 est

217 809 396 61 émouvante
648 802 236 80 qu'elle
915 806 96 57 est
1046 803 197 62 belle.
1293 803 293 61 Réaliser
1625 803 63 60 la
1733 803 266 75 beauté,
2039 804 158 60 c'est

214 902 160 61 faire
411 902 225 70 sentir,
678 896 155 63 c'est
861 896 284 59 toucher
1177 913 83 42 au
1279 913 200 42 cœur.

297 994 304 81 Sinding,
658 1009 254 47 comme
979 988 212 61 Rodin
1249 988 332 79 toujours,
1652 987 165 61 n'est
1876 987 170 62 donc
2108 1009 89 40 un

216 1090 189 75 poète
440 1086 78 61 de
551 1087 62 60 la
644 1082 279 65 douleur
951 1099 124 61 que
1103 1098 197 62 parce
1342 1079 159 81 qu'il
1535 1081 97 59 est
1664 1099 88 41 un
1784 1084 196 75 poète
2018 1080 81 62 de
2135 1081 62 61 la

213 1178 268 72 femme,
529 1198 80 41 en
663 1176 105 80 qui
839 1174 153 61 dort
1067 1173 61 61 le
1195 1171 305 80 symbole
1576 1171 301 64 humain.
1948 1174 102 74 Et,
2117 1174 77 62 de

213 1270 214 60 même
460 1288 124 61 que
621 1268 214 62 Rodin
871 1284 119 44 son
1025 1263 236 81 Enfer,
1309 1264 50 60 il
1403 1264 290 80 projette
1735 1286 86 40 un
1859 1264 334 83 Jugement

214 1359 253 61 dernier
509 1368 84 53 où
631 1361 50 59 il
745 1357 440 82 symbolisera
1232 1355 421 82 l'épouvante
1719 1358 367 80 qu'inspire
2132 1359 65 61 la

217 1453 100 60 vie
345 1458 37 55 à
416 1471 165 43 ceux
626 1453 113 79 qui
772 1452 161 61 l'ont
965 1453 361 71 traversée,
1370 1451 112 77 qui
1521 1451 165 59 l'ont
1726 1453 226 71 vécue,
2000 1457 66 56 et
2113 1471 81 42 en

214 1547 152 57 sont
401 1550 229 56 morts.
677 1545 114 59 Ces
838 1547 170 59 deux
1050 1545 269 58 maîtres
1364 1547 150 56 sont
1550 1543 272 79 grands,
1851 1543 86 63 ils
1998 1548 155 58 résu-

214 1636 180 59 ment
424 1640 147 57 tout
603 1636 244 61 l'effort
881 1636 349 78 artistique
1277 1635 79 61 de
1392 1639 191 57 notre
1632 1635 219 75 siècle,
1891 1637 179 79 épris
2113 1639 79 59 de

217 1728 230 72 vérité,
482 1726 511 79 profondément
1025 1726 306 61 humain.
1371 1726 88 60 Ils
1497 1731 114 55 ont
1644 1731 162 75 posé
1840 1729 351 80 beaucoup

220 1816 78 60 de
331 1816 398 79 problèmes,
771 1818 85 61 ils
888 1836 78 43 ne
1001 1818 94 59 les
1128 1824 116 53 ont
1277 1836 117 60 pas
1426 1819 220 60 résolu
1670 1823 171 68 tous,
1890 1820 170 61 mais
2102 1841 86 42 on

218 1914 159 74 peut
409 1909 138 61 dire
584 1910 79 60 de
694 1909 136 61 l'un
867 1927 254 43 comme
1176 1910 81 61 de
1329 1912 230 59 l'autre
1606 1912 193 80 qu'en
1846 1913 343 79 sculpture

217 1999 85 60 ils
341 2006 113 54 ont
479 2004 147 59 créé
661 2021 88 41 un
785 2002 242 61 frisson
1068 2020 315 43 nouveau
1412 2008 65 55 et
1519 2003 221 61 donné
1782 2008 38 55 à
1859 2003 65 61 la
1966 2007 221 77 pierre

220 2109 127 41 une
376 2092 101 60 vie
532 2095 310 59 anxieuse
885 2100 61 56 et
987 2097 412 59 tourmentée
1444 2112 148 63 que,
1641 2096 237 77 depuis
1924 2097 267 61 Michel-

217 2185 198 76 Ange,
456 2183 122 61 elle
616 2185 244 61 n'avait
890 2185 245 79 jamais
1169 2204 140 44 eue.

1415 2361 290 62 MAURICE
1755 2362 261 63 BIGEON.
