2420 4086
1273 446 0 0 329

243 535 233 77 qu'elle
530 536 176 75 était,
745 555 164 60 pour
960 539 165 62 ainsi
1187 543 163 72 dire,
1390 544 159 60 dans
1595 532 57 73 ie
1710 563 159 60 sang
1915 545 110 61 des
2077 546 74 59 in-

243 624 285 79 digènes,
567 644 70 42 ce
683 626 109 80 qui
826 647 64 42 se
943 631 135 59 voit
1141 639 258 55 surtout
1440 653 117 59 par
1612 653 70 42 ce
1726 635 119 60 fait
1902 654 122 61 que
2077 637 112 61 dès

242 715 253 61 l'abord
525 718 120 60 elle
675 723 106 56 eut
812 720 289 63 l'entière
1135 724 317 61 adhésion
1487 727 109 58 des
1629 728 267 60 femmes
1930 725 104 83 (1).
2071 747 36 42 »

435 828 31 35 «
514 809 46 57 Il
593 830 39 57 y
668 827 36 41 a
739 809 157 61 dans
943 814 160 59 cette
1143 817 387 76 conception
1567 818 275 79 quelque
1888 819 193 61 chose
2110 819 77 61 de

245 898 339 76 grandiose
618 903 59 56 et
721 919 77 39 en
835 906 447 75 conséquence
1332 907 396 80 d'attrayant
1765 911 108 76 qui
1910 911 118 60 fait
2063 929 124 61 que

245 1005 162 42 nous
452 1006 77 41 ne
575 990 301 61 saurions
918 1011 162 41 nous
1113 999 275 58 étonner
1437 997 78 60 de
1553 1018 98 40 ses
1689 1005 274 74 progrès
1997 1004 60 58 et
2103 1002 86 60 du

246 1081 221 56 succès
522 1079 156 58 dont
729 1080 120 59 elle
906 1084 309 62 continue
1270 1093 38 54 à
1358 1087 178 78 jouir
1592 1095 75 71 çà
1723 1095 58 56 et
1837 1091 82 60 là.
1968 1091 216 80 Çakya

247 1167 220 60 Mouni
513 1170 91 57 est
655 1188 123 42 une
829 1170 203 79 figure
1094 1176 110 77 qui
1265 1180 381 59 commande
1698 1180 63 60 la
1814 1183 371 78 sympathie

246 1260 58 57 et
345 1258 60 58 le
438 1265 252 70 respect
725 1258 113 80 (2).
882 1283 32 34 »

327 1352 74 58 D.
440 1352 80 55 Le
555 1352 439 62 Bouddhisme
1030 1355 199 60 fait-il
1272 1358 109 60 des
1416 1363 331 75 progrès?.

332 1440 70 58 R.
442 1440 139 59 Oui.
621 1440 48 59 Il
701 1447 386 75 entreprend
1111 1447 63 60 la
1209 1451 320 75 conquête
1564 1451 74 58 de
1680 1452 321 80 l'Europe,
2044 1460 144 55 tout

252 1546 77 41 en
351 1528 276 78 gardant
652 1547 98 42 ses
776 1534 410 75 possessions
1211 1556 78 41 en
1320 1538 169 61 Asie.
1512 1541 330 77 Pourquoi
1866 1543 319 73 Hindous,

252 1618 264 60 Chinois
586 1623 59 56 et
710 1623 309 77 Japonais
1089 1625 807 67 l'abandonneraient-ils?
1971 1658 31 33 «
2058 1639 129 57 Nos

251 1707 314 79 religions
599 1728 76 41 ne
718 1716 279 71 peuvent
1037 1716 278 76 prendre
1353 1720 66 56 ni
1456 1739 79 42 ne
1578 1724 365 75 prendront
1968 1728 222 59 racine

254 1799 157 58 dans
447 1799 17 56 1
494 1799 155 59 Inde
683 1821 13 36 :
727 1800 65 58 la
824 1820 256 60 sagesse
1112 1808 332 74 primitive
1480 1810 75 58 de
1591 1811 63 57 la
1695 1830 147 42 race
1878 1815 310 62 humaine

250 1904 77 42 ne
362 1905 63 40 se
453 1888 264 59 laissera
739 1908 114 60 pas
880 1893 349 62 détourner
1252 1896 76 60 de
1355 1915 115 42 son
1497 1917 190 43 cours
1710 1921 118 58 par
1856 1924 124 41 une
2006 1924 150 41 aven-

249 1982 139 53 ture
421 1978 248 61 arrivée
690 1998 78 41 en
801 1982 265 62 Galilée.
1097 1987 162 71 Non,
1299 1988 166 60 mais
1488 1989 64 60 la
1583 2009 261 60 sagesse
1878 1995 307 64 indienne

247 2065 277 61 refluera
558 2086 232 43 encore
825 2089 109 41 sur
970 2073 298 81 l'Europe
1304 2081 60 57 et
1392 2079 472 64 transformera
1912 2086 76 58 de
2030 2087 158 60 fond

251 2175 78 41 en
367 2157 251 61 comble
661 2164 182 56 notre
884 2166 218 58 savoir
1136 2171 62 54 et
1243 2173 180 55 notre
1452 2175 262 72 pensée.
1767 2192 33 40 »
1837 2176 313 79 (Schopen-

249 2246 251 76 hauer.)

331 2338 71 60 D.
443 2338 508 79 Schopenhauer
985 2346 155 58 était
1171 2346 165 61 donc
1360 2349 433 64 bouddhiste?

335 2429 66 58 R.
442 2430 139 70 (Jui,
621 2430 506 79 Schopenhauer
1162 2436 95 60 fut
1289 2455 85 40 un
1425 2460 31 35 «
1489 2440 355 77 interprète
1879 2444 310 80 éloquent

251 2517 108 58 des
392 2517 174 59 idées
596 2519 427 62 bouddhistes
1059 2523 109 78 (3).
1210 2545 32 35 »
1281 2526 169 59 Dans
1479 2545 116 41 son
1625 2531 254 60 célèbre
1905 2552 284 63 ouvrage

254 2625 33 36 «
325 2609 78 54 Le
421 2606 229 59 Monde
678 2624 246 43 comme
944 2610 261 61 volonté
1221 2617 59 55 et
1304 2630 249 45 comme
1578 2623 515 74 représentation
2127 2648 57 51 »,

252 2694 506 76 Schopenhauer
801 2699 334 75 s'exprime
1186 2721 77 40 en
1310 2722 103 42 ces
1455 2709 238 59 termes
1723 2730 11 40 :
1773 2732 33 38 «
1849 2714 47 56 Il
1941 2718 243 61 semble

254 2799 271 60 presque
552 2783 152 76 qu'il
731 2803 76 41 en
831 2788 125 57 soit
981 2788 107 60 des
1110 2789 313 80 religions
1450 2811 249 47 comme
1731 2801 108 59 des
1861 2802 272 79 langues
2169 2831 11 36 :

254 2871 91 59 les
397 2871 145 77 plus
576 2872 249 61 vieilles
864 2881 148 54 sont
1050 2877 93 61 les
1176 2881 144 77 plus
1351 2883 342 79 parfaites;
1732 2890 52 58 si
1839 2892 63 78 je
1933 2896 251 62 voulais

252 2962 129 58 voii
425 2961 158 61 dans
624 2963 91 59 les
758 2967 307 60 lesultats
1104 2968 77 61 de
1225 2989 104 42 ma
1374 2973 418 82 philosophie
1825 2984 62 58 la
1929 3004 254 44 mesure

256 3052 76 59 de
362 3051 62 60 la
450 3053 223 73 vérité,
703 3052 64 78 je
801 3055 257 62 devrais
1089 3062 230 59 mettre
1355 3062 57 60 le
1446 3065 437 70 Bouddhisme
1917 3079 227 59 au-des-

255 3160 107 41 sus
386 3141 76 61 de
499 3146 209 56 toutes
737 3144 92 61 les
862 3151 218 56 autres
1121 3149 340 81 religions.
1497 3156 91 59 En
1621 3163 148 58 tous
1817 3182 127 57 cas,
1976 3166 66 78 je
2076 3189 102 40 me

315 3351 45 48 1.
400 3350 216 49 Charles
662 3352 267 60 Schœbel,
970 3355 157 51 Actes
1160 3359 63 47 de
1266 3359 52 49 la
1363 3362 212 54 Société
1609 3369 389 66 philologique.
2036 3375 141 52 Avril

262 3419 139 50 1874.

313 3484 44 47 2.
396 3484 61 47 A.
492 3484 240 60 kuenen,
770 3487 296 59 professeur
1097 3491 27 47 à
1155 3492 14 46 1
1193 3498 279 50 université
1496 3500 61 48 de
1586 3503 186 60 Leydo.
1802 3506 243 63 Religion
2083 3526 66 34 na-

255 3554 205 47 tionale
492 3558 49 43 et
572 3557 224 61 religion
829 3560 321 50 universelle
1176 3564 183 64 (1884).

314 3625 47 48 3.
399 3629 46 46 J.
479 3627 297 60 Bourdeau,
1372 3630 90 47 Vie
931 3633 62 46 de
1020 3632 429 63 Schopenhauer.
