3634 4460
1769 121 93 54 388

196 259 119 51 fonie
344 258 45 52 in
419 261 148 51 C-dur
591 277 86 35 von
695 259 183 72 Haydn,
910 262 180 70 zufolge
1106 265 272 66 Programm
1401 262 71 52 die
1496 262 279 69 dreissigste,

198 346 73 49 die
294 343 128 68 jedes
454 343 170 51 andere
656 345 256 52 Orchester
946 347 94 51 sich
1071 347 214 51 schämen
1325 347 164 51 würde
1518 347 123 51 ihrer
1664 347 81 51 Ein-

200 428 194 51 fachheit
435 446 165 50 wegen
640 447 83 33 vor
765 431 70 51 ein
866 431 240 51 Publicum
1147 450 57 30 zu
1237 430 208 68 bringen.
1489 431 81 52 Bei
1600 431 173 53 diesem

200 515 287 51 Scherzando
527 513 123 69 legte
697 515 251 52 Habeneck
988 515 156 51 seinen
1181 515 164 67 Bogen
1386 516 98 51 aufs
1527 516 110 52 Pult
1679 517 96 51 und

198 599 103 49 liess
325 597 71 51 die
421 606 215 45 muntere
658 600 184 67 Jugend
865 600 81 49 auf
970 599 89 50 den
1089 602 177 65 grünen
1289 600 178 52 Matten
1491 600 99 52 ihre
1613 602 134 51 künst-

197 682 224 51 lerischen
437 684 335 50 Schelmereien
795 684 79 49 frei
904 684 223 50 ausüben.
1157 685 73 51 Da
1259 685 164 51 wurde
1454 686 197 69 geneckt
1678 686 96 52 und

195 767 256 69 gescherzt,
497 769 68 51 die
597 769 221 68 Gruppen
859 775 216 45 trennten
1115 769 94 51 sich
1250 770 96 51 und
1376 771 271 51 sammelten
1678 771 94 51 sich

198 853 187 59 wieder,
414 854 126 49 Alles
579 870 370 51 ungezwungen,
992 854 102 58 fein,
1139 855 195 67 graziös,
1376 855 120 51 ohne
1541 855 231 70 obligaten

197 938 262 59 Tactstock,
498 936 105 51 bald
645 938 59 49 im
734 938 144 61 losen,
923 938 107 53 bald
1059 939 61 51 im
1152 940 145 51 festen
1324 941 294 60 Zeitmaasse,
1661 941 112 51 aber

197 1040 158 32 immer
398 1021 61 51 im
503 1020 349 54 harmonischen
897 1024 213 51 Vereine.
1165 1027 94 49 Das
1292 1025 479 70 Schuppanzigh'sche

196 1107 223 59 Quartett
447 1105 45 51 in
522 1107 146 50 Wien
695 1108 218 51 verstand
941 1126 49 33 es
1021 1109 45 50 in
1095 1109 149 51 seiner
1271 1109 260 51 Blüthezeit
1561 1110 132 60 auch,
1726 1110 45 50 in

193 1190 206 69 Haydn's
414 1190 155 52 Musik
592 1192 222 50 zuweilen
838 1193 154 51 solche
1010 1192 259 52 Schwindel
1304 1193 254 67 erregende
1589 1194 148 51 Kunst-

197 1277 163 49 stücke
391 1296 58 32 zu
479 1277 217 58 machen;
734 1277 168 67 jedoch
943 1277 582 70 vierzusechszig!?
1567 1281 74 49 Da
1672 1278 99 69 gibt

195 1380 48 33 es
275 1362 130 51 keine
437 1362 163 58 Feder,
639 1361 71 52 die
741 1361 99 50 eine
870 1362 121 49 That
1026 1361 149 52 dieser
1203 1362 90 51 Art
1325 1381 57 33 zu
1412 1363 228 52 schildern
1669 1381 75 34 ver-

195 1447 198 49 möchte.
441 1447 118 51 Was
589 1444 84 51 wir
704 1444 183 69 gehört,
915 1463 99 33 war
1043 1446 250 61 Tradition,
1325 1447 72 51 die
1426 1449 146 50 Vater
1602 1448 167 69 Haydn

198 1528 154 54 1795
388 1529 90 51 den
504 1529 212 51 Parisern
747 1529 300 54 hinterlassen
1076 1532 95 51 und
1202 1531 254 52 Habeneck
1485 1532 82 51 mit
1597 1533 172 51 seinem

192 1615 255 52 Orchester
490 1615 98 49 aufs
629 1613 347 70 vollständigste
1016 1634 57 31 zu
1104 1615 354 69 verlebendigen
1491 1617 278 52 verstanden

191 1701 92 49 hat.
314 1698 204 69 Wenige
546 1698 143 51 Jahre
719 1707 97 43 erst
845 1700 139 52 datirt
1012 1717 66 42 es,
1109 1701 104 51 dass
1246 1701 83 51 der
1358 1702 411 69 unvergleichliche

191 1783 255 53 Habeneck
489 1801 81 33 aus
619 1783 171 51 diesem
841 1785 375 52 Künstlerkreise
1263 1785 254 53 abberufen
1560 1787 209 57 worden,

189 1869 98 52 und
318 1869 143 50 schon
480 1867 176 51 erfährt
680 1885 122 43 man,
831 1869 105 52 dass
967 1869 141 52 derlei
1129 1870 489 52 Ausserordentliches
1646 1871 126 51 nicht

191 1955 133 51 mehr
353 1954 214 68 gelingen
588 1952 153 59 wolle,
770 1952 264 71 fiberhaupt
1064 1955 97 51 sein
1183 1955 128 51 Geist
1339 1955 126 51 nicht
1494 1956 132 51 mehr
1654 1956 118 51 über

193 2039 89 52 den
311 2039 286 66 Leistungen
626 2037 151 51 seiner
804 2039 225 67 Zöglinge
1058 2039 230 51 schwebe.
1332 2040 65 50 Es
1428 2040 183 51 dürften
1641 2040 96 52 dem-

188 2124 118 49 nach
337 2123 122 49 wohl
488 2121 117 51 auch
635 2121 71 51 die
734 2123 45 49 in
805 2123 304 50 Beethoven's
1138 2124 95 51 und
1256 2123 203 69 Haydn's
1491 2124 281 52 Orchester-

188 2206 154 50 Musik
371 2205 147 52 durch
548 2204 76 52 ihn
654 2223 83 33 zur
760 2205 204 69 Geltung
987 2204 282 70 gebrachten
1284 2206 313 61 Traditionen,
1627 2208 141 52 deren

196 2290 232 69 alleiniger
457 2291 179 68 Träger
666 2290 330 69 (vornehmlich
1026 2291 82 51 der
1138 2291 340 70 Haydn'schen)
1514 2291 255 54 Habeneck

192 2393 234 50 gewesen,
455 2374 107 51 bald
591 2375 266 51 mausetodt
888 2375 110 52 sein.

360 2462 118 48 Zum
502 2459 217 51 Schlüsse
744 2459 148 52 dieser
913 2460 353 69 Mittheilungen
1297 2460 265 61 kommend,
1593 2460 178 54 scheint

189 2544 86 51 mir
302 2544 141 51 Eines
473 2543 120 51 noch
617 2542 441 54 bemerkenswerth.
1087 2544 92 52 Um
1197 2544 252 52 Habeneck
1472 2545 71 53 die
1561 2547 176 51 Gewiss-

188 2628 94 51 heit
313 2647 57 32 zu
402 2627 165 68 geben,
600 2627 104 51 dass
736 2628 44 51 in
810 2628 89 51 den
929 2628 172 51 wiener
1627 2638 141 43 unter

188 2713 208 67 Piringer
427 2712 71 51 die
529 2713 274 69 Bewegung
842 2713 83 51 des
957 2714 248 68 Allegretto
1236 2713 46 51 in
1311 2713 82 51 der
1423 2713 165 52 achten
1617 2714 125 52 Sinfo-

188 2797 71 52 nie
291 2797 83 51 mit
403 2797 105 51 dem
540 2797 419 51 metronomischen
972 2797 199 52 Zeichen
1202 2798 80 50 auf
1306 2797 105 51 dem
1440 2797 160 53 Canon
1630 2798 111 52 über-

191 2882 270 58 einstimme,
502 2881 185 51 wandte
727 2881 72 52 ich
841 2881 121 52 mich
1001 2882 122 51 noch
1161 2881 156 52 1840
1350 2900 59 33 an
1437 2882 147 70 Aloys
1614 2883 154 52 Fuchs

192 2985 79 32 um
301 2967 245 51 Auskunft.
603 2968 98 50 Der
742 2975 215 61 prompte
997 2967 98 52 und
1124 2973 114 45 stets
1269 2967 353 69 gewissenhafte
1652 2967 87 53 Cor-

191 3051 282 67 respondent
501 3051 162 51 sandte
692 3050 173 52 alsbald
897 3051 70 51 die
997 3051 174 51 Zahlen
1212 3051 106 58 „69
1351 3051 115 51 oder
1494 3051 73 51 72
1586 3072 59 22 =
1660 3045 48 76 #^
1724 3061 17 20 tt
1757 3092 12 20 ,

192 3135 88 51 wie
309 3152 52 34 er
389 3136 65 50 sie
483 3136 44 50 in
556 3136 172 51 seinem
761 3136 331 51 Gedächtnisse
1123 3135 293 52 aufbewahrt
1447 3136 139 51 hatte.
1618 3136 151 52 Anbei

191 3220 104 51 liess
327 3236 52 33 er
407 3236 50 33 es
487 3219 123 50 nicht
648 3238 58 33 an
746 3219 202 52 bitteren
974 3220 183 68 Klagen
1199 3219 164 60 fehlen,
1405 3219 104 52 dass
1548 3238 91 33 von
1680 3221 91 52 den

189 3304 300 52 Traditionen
518 3302 45 52 in
593 3304 80 50 der
700 3305 150 51 Musik
892 3305 84 51 der
1005 3305 96 52 drei
1132 3304 336 52 Grossmeister
1499 3305 137 51 kaum
1669 3306 100 51 eine

191 3389 108 51 leise
329 3390 126 69 Spur
485 3387 132 53 mehr
644 3387 46 53 in
720 3390 143 51 Wien
892 3408 57 33 zu
979 3389 157 52 finden
1166 3391 79 50 sei.
1378 3389 114 52 Gott
1522 3389 222 53 besser's!

429 3471 6 10 I

770 3539 103 60 Aus
911 3540 291 61 New-York.

1017 3644 102 42 Den
1161 3647 60 40 18.
1250 3647 295 43 November
1575 3648 117 42 1854.

318 3723 63 52 So
412 3721 118 54 eben
554 3723 184 54 komme
761 3723 72 51 ich
850 3742 91 33 von
965 3723 148 52 einem
1137 3724 225 70 Ausfluge
1386 3727 117 50 nach
1528 3728 240 52 Boston

192 3809 173 52 zurück
394 3808 95 52 und
518 3808 78 52 bin
624 3808 44 51 in
700 3808 84 53 der
813 3809 121 51 That
963 3815 212 45 erstaunt
1216 3809 114 51 über
1368 3812 80 50 das
1487 3829 112 40 rege
1630 3813 112 51 musi-

193 3893 191 52 calische
412 3892 161 52 Leben
602 3893 43 49 in
683 3892 134 68 jener
846 3893 150 51 Stadt.
1054 3892 117 52 Hier
1216 3892 44 52 in
1302 3893 270 53 New-York
1616 3895 152 53 haben

195 3978 82 51 wir
306 3978 242 67 allerdings
578 3977 132 51 mehr
741 3978 242 69 Spectakel
1097 3977 201 52 nehmen
1330 3978 76 51 Sie
1437 3978 80 52 das
1531 3981 162 59 Wort,
1722 3982 46 51 in

195 4061 220 52 welchem
446 4062 140 51 Sinne
616 4061 76 52 Sie
722 4062 184 60 wollen,
946 4080 50 33 es
1031 4062 115 51 trifft
1185 4062 166 51 immer
1381 4080 71 43 zu,
1495 4067 169 63 mögen
1694 4064 75 51 Sie

195 4162 49 34 es
286 4146 81 49 auf
402 4146 88 52 den
518 4146 492 52 Instrumental-Lärm
1054 4146 60 52 im
1144 4144 381 73 Krystallpalaste
1555 4147 96 53 und
1680 4147 89 53 den

1871 265 347 53 musicalischen
2258 306 18 21 ,
2662 267 86 52 wie
2792 287 104 33 man
2935 270 99 52 hier
3063 278 117 61 sagt,
3223 272 220 55 beziehen

1872 348 113 51 oder
2014 353 84 49 auf
2122 352 73 51 die
2224 352 215 59 Theater,
2479 352 71 51 die
2591 352 277 52 italienische
2907 357 95 51 und
3044 357 221 52 deutsche
3297 360 147 68 Oper,

1870 451 57 32 zu
1959 435 207 52 welchen
2191 437 117 68 jetzt
2351 437 118 51 auch
2506 437 121 51 noch
2668 437 101 51 eine
2811 439 232 67 englische
3082 442 218 52 kommen
3342 445 104 49 soll.

1867 517 130 51 Aber
2027 520 45 51 in
2102 522 178 51 Boston
2326 522 58 51 ist
2425 522 129 51 mehr
2582 522 168 59 Musik,
2794 522 43 52 d.
2870 524 44 50 h.
2962 526 131 50 mehr
3136 535 112 60 gute
3277 529 169 59 Musik,

1867 602 132 51 mehr
2022 604 222 53 deutsche
2268 607 167 59 Musik,
2458 607 130 50 mehr
2599 607 415 69 Empfänglichkeit
3036 610 132 51 dafür
3190 612 94 51 und
3316 614 132 51 mehr

1866 685 336 54 künstlerische
2253 691 306 69 Ausführung
2610 691 255 52 derselben.
2925 693 79 50 Ich
3065 693 118 52 habe
3243 696 203 52 daselbst

1867 771 146 51 einem
2045 773 229 50 Concerte
2315 775 82 51 der
2994 779 264 51 Mendelssohn
3259 779 47 70 (des
3316 783 99 49 Men-

1866 855 372 52 delssohn'schen
2299 859 371 71 Sing-Vereins)
2736 861 310 69 beigewohnt,
3117 863 44 50 in
3221 864 226 53 welchem

1868 941 238 51 Gluck's
2152 944 266 49 Ouvertüre
2460 963 83 32 zur
2585 947 249 67 Iphigenie,
2878 948 146 68 einige
3061 949 256 52 Nummern
3361 968 82 34 aus

1866 1027 211 50 llände
2089 1027 60 52 I's
2167 1028 190 51 Messias
2375 1028 94 51 und
2494 1028 498 71 Lindpaintner's
3015 1034 269 52 Oratorium
3328 1035 118 59 „Die

1866 1110 181 51 Witwe
2070 1129 89 33 von
2178 1112 131 50 Naim
2323 1122 18 19 u
2355 1151 11 22 ,
2381 1113 216 60 welches,
2629 1132 52 33 so
2712 1114 82 51 viel
2826 1114 70 51 ich
2925 1117 152 59 weiss,
3108 1126 156 44 zuerst
3291 1119 44 51 in
3363 1119 83 52 der

1866 1194 446 69 philharmonischen
2352 1197 303 52 Gesellschaft
2708 1198 44 51 in
2795 1199 197 52 London
3048 1202 45 51 in
3147 1202 84 52 der
3273 1204 171 52 letzten

1866 1279 176 51 Season
2073 1282 264 67 aufgeführt
2364 1282 208 61 worden,
2605 1281 211 71 gegeben
2845 1284 211 52 wurden.

1992 1366 95 50 Das
2119 1367 270 51 Oraiorium
2430 1367 58 51 ist
2530 1368 61 51 im
2630 1369 253 51 modernen
2925 1369 85 52 Stil
3056 1372 267 69 opernartig
3366 1392 52 50 ge-

1866 1449 255 61 schrieben,
2150 1451 96 52 und
2276 1451 70 52 ich
2375 1451 118 52 lasse
2516 1452 89 52 den
2628 1453 176 52 Werth
2823 1453 113 52 oder
2959 1453 226 55 Unwerth
3209 1456 202 53 derCom-

1866 1535 197 69 position
2107 1533 71 52 bei
2219 1536 150 59 Seite;
2413 1536 132 52 allein
2588 1537 73 51 die
2693 1537 306 70 Ausführung
3043 1540 83 52 der
3166 1540 155 52 Chöre
3364 1542 80 51 hat

1865 1618 119 51 mich
2011 1618 285 60 überrascht,
2326 1637 231 52 wogegen
2586 1621 72 52 die
2688 1622 200 52 Solisten
2921 1623 172 54 freilich
3123 1625 323 71 mittelmässig

1865 1720 172 35 waren.
2082 1705 95 50 Das
2209 1705 155 50 Ganze
2395 1706 150 67 gefiel.

1990 1790 97 51 Der
2126 1790 523 53 Mendelssohn-Verein
2690 1792 72 51 für
2802 1794 187 68 Gesang
3027 1794 61 53 ist
3129 1795 86 53 der
3254 1795 190 70 jüngste

1866 1880 138 44 unter
2047 1874 89 52 den
2176 1875 345 52 musicalischen
2562 1877 230 52 Vereinen
2832 1879 46 50 in
2917 1880 209 60 Boston;
3170 1898 52 33 er
3262 1880 185 52 besteht

1866 1964 98 44 erst
1993 1957 85 51 seit
2107 1965 121 44 etwa
2260 1959 113 50 zwei
2402 1960 188 60 Jahren,
2620 1961 122 51 zählt
2775 1961 117 52 250
2917 1963 261 68 Mitglieder
3206 1965 97 51 und
3333 1965 113 51 viele

1866 2043 173 50 schöne
2069 2043 225 52 Stimmen
2334 2051 138 45 unter
2511 2045 152 52 ihnen.
2705 2048 127 49 Herr
2859 2048 62 52 H.
2949 2048 313 53 Eckhardt
3291 2049 155 70 (wenn

1865 2126 71 51 ich
1965 2126 126 51 nicht
2129 2128 106 59 irre,
2276 2147 105 31 vom
2409 2129 329 52 Niederrheine
2779 2130 159 52 hieher
2978 2133 296 70 gekommen)
3316 2134 128 51 leitet

1865 2209 72 51 die
1967 2210 229 51 Concerte
2223 2211 241 52 desselben
2502 2229 59 34 an
2591 2213 83 50 der
2703 2214 156 69 Spitze
2888 2215 125 51 eines
3043 2217 281 50 Orchesters
3354 2236 89 33 von

1867 2291 76 54 36
1978 2295 254 52 Personen.

1990 2379 87 51 Die
2121 2379 164 51 älteste
2326 2380 313 52 musicalische
2671 2382 300 52 Gesellschaft
3001 2383 126 52 nicht
3155 2402 89 33 nur
3273 2384 44 52 in
3352 2387 61 49 Bo-

1866 2469 120 52 ston,
2018 2464 201 51 sondern
2249 2465 45 50 in
2326 2483 114 50 ganz
2470 2465 215 51 America
2724 2467 59 50 ist
2813 2467 71 52 die

1866 2549 198 66 Society;
2112 2549 64 51 sie
2216 2549 79 50 hat
2336 2551 70 49 für
2446 2549 82 52 das
2569 2553 346 67 gegenwärtige
2954 2553 488 70 neununddreissigste

1865 2632 114 51 Jahr
2008 2633 121 51 ihres
2159 2633 255 52 Bestehens
2445 2634 100 51 eine
2573 2636 146 50 Reihe
2760 2655 88 33 von
2879 2637 104 51 acht
3014 2638 260 52 Concerten
3305 2657 111 50 ange-

1867 2717 205 67 kündigt.
2120 2718 96 50 Seit
2246 2718 204 67 vorigem
2484 2719 140 51 Jahre
2653 2719 186 52 besteht
2867 2730 137 43 unter
3033 2722 130 51 ihren
3192 2722 249 70 Auspicien

1867 2799 95 53 und
2003 2801 145 51 durch
2187 2802 98 50 ihre
2314 2802 147 51 Mittel
2505 2805 259 67 gegründet
2804 2805 101 52 eine
2938 2806 499 68 Solo-Gesangschule,

1865 2885 44 50 in
1936 2886 200 51 welcher
2163 2886 74 51 25
2265 2887 222 69 Zöglinge
2506 2887 264 53 Unterricht
2799 2891 223 52 erhalten.
3053 2892 80 50 Ihr
3163 2891 125 52 Chor
3320 2892 123 51 zählt

1866 2987 54 33 an
1955 2968 117 54 300
2105 2971 273 68 Mitglieder.
2436 2972 307 52 Technischer
2782 2975 212 50 Director
3032 2975 59 52 ist
3129 2977 127 48 Herr
3296 2977 143 50 Karl

1865 3056 146 48 Zerr
2023 3055 126 59 ahn,
2181 3056 221 67 Organist
2425 3057 95 51 und
2538 3057 171 51 Pianist
2728 3060 127 49 Herr
2883 3059 233 53 Müller.
3147 3060 262 52 DieUebun-

1866 3156 89 50 gen
1985 3140 155 51 finden
2171 3140 85 51 alle
2285 3141 237 69 Sonntage
2552 3141 193 52 Abends
2775 3145 139 49 Statt.

1990 3222 178 52 Ferner
2207 3224 78 50 hat
2328 3224 70 52 die
2423 3226 198 51 Musical
2653 3226 258 53 Education
2943 3230 173 66 Society
3157 3227 131 52 sechs
3320 3227 92 52 Con-

1867 3314 123 43 certe
2037 3307 43 51 in
2122 3307 219 53 Aussicht
2385 3310 207 66 gestellt;
2637 3310 68 51 ihr
2745 3311 214 69 Dirigent
3002 3313 58 50 ist
3104 3313 217 52 ebenfalls
3368 3314 74 49 fein

1867 3391 277 61 Deutscher,
2186 3393 239 68 August
2467 3394 410 53 Kreissmann.
2934 3396 88 52 Die

1870 3476 185 68 Society,
2087 3476 72 51 ein
2188 3476 169 51 älterer
2374 3478 183 61 Verein,
2586 3479 79 51 hat
2695 3480 93 51 sich
2817 3499 92 33 neu
2938 3481 258 68 organisirt.
3227 3481 181 68 Vorzüg-

1868 3559 138 51 liches
2036 3561 229 50 Interesse
2295 3569 158 60 erregt
2482 3563 70 51 die
2583 3564 259 69 Gründung
2883 3565 83 51 der

1866 3650 138 45 unter
2033 3644 83 52 der
2144 3645 201 69 Leitung
2383 3647 80 50 des
2493 3648 142 51 schon
2666 3658 263 60 genannten
2953 3650 58 52 K.
3041 3652 149 49 Zerr
3203 3652 135 54 ahn;
3380 3650 63 51 sie

1866 3728 114 52 wird
1995 3729 84 50 alle
2092 3729 268 52 Mittwoche
2373 3732 450 68 Morgen-Concerte
2848 3734 165 69 geben,
3043 3735 95 50 und
3169 3733 71 51 die
3273 3733 169 53 besten

1866 3812 259 68 Mitglieder
2168 3813 80 51 des
2289 3814 252 52 deutschen
2582 3817 371 52 Musik-Vereins

1863 3899 112 50 sical
2006 3898 191 69 Society)
2228 3898 98 52 sind
2357 3918 57 33 zu
2444 3899 134 52 ihnen
2609 3901 372 69 übergegangen.

1990 3982 209 51 Nehmen
2229 3983 84 51 wir
2342 4002 95 33 nun
2467 3984 119 52 noch
2618 3986 86 50 den

1865 4066 133 58 dazu,
2039 4066 199 50 welcher
2267 4068 85 51 seit
2380 4068 174 52 Jahren
2583 4069 72 51 für
2682 4068 242 52 classische
2952 4071 373 53 Kammermusik
3354 4072 53 51 be-

1865 4149 138 60 steht,
2045 4166 51 36 so
2138 4149 152 54 finden
2319 4151 85 52 wir
2445 4152 44 52 in
2517 4153 178 51 Boston
2726 4152 130 52 sechs
2886 4152 68 52 bis
2986 4155 104 52 acht
3119 4156 314 52 musicalische
