3490 4460
376 259 106 209 j\
498 254 1331 214 iederrheinische
1945 249 1189 259 Musik-Zeitung

726 544 191 86 für
973 544 866 84 Kunstfreunde
1895 544 236 81 und
2187 534 589 91 Künstler.

152 756 446 85 Herausgegeben
628 772 101 39 von
764 752 266 56 Professor
1059 750 70 58 L.
1157 746 270 81 Bischoff.
1561 747 194 85 Verlag
1789 746 92 57 der
1925 744 85 59 M.
2046 737 632 82 DuMont-Schauberg
2696 739 159 56 sehen
2907 736 436 85 Buchhandlung.

1415 952 173 83 KÖLN,
1627 963 73 58 16.
1739 963 188 58 Januar
1968 962 141 57 1858.

2882 954 79 60 VI.
2998 954 280 74 Jahrgang.

226 972 82 59 Nr.
346 973 46 58 3.

530 1153 62 37 W.
620 1153 45 37 A.
695 1152 202 36 Mozart.
926 1153 87 35 Von
1043 1152 111 36 Otto
1182 1151 146 35 Jahn.
1370 1150 148 35 Dritter
1546 1146 123 39 Theil.
1697 1146 70 36 111.
1813 1145 85 36 Von
1926 1145 42 35 L.
1998 1145 43 36 B.
2153 1143 139 36 Saul.
2336 1143 217 35 Oratorium
2593 1153 76 24 von
2697 1140 44 36 F.
2775 1139 180 37 Hiller.
2986 1138 49 38 11.
3077 1139 84 35 Von
3198 1138 44 38 L.
3278 1138 72 34 Bi-

260 1154 213 37 Inhalt.

152 1216 85 37 sch
250 1218 85 35 off.
443 1215 84 36 Aus
556 1216 137 35 Bonn
723 1214 290 47 (Musicalische
1045 1214 129 37 Soiree
1281 1213 150 35 Drittes
1460 1207 497 45 Abonnements-Concert).
2068 1205 149 37 Viertes
2248 1205 466 36 Gesellschafts-Concert
2751 1204 40 34 in
2820 1202 116 36 Köln.
3030 1202 180 44 Tages-
3252 1200 95 35 und

149 1278 561 48 Unterhaltungsblatt
740 1278 129 47 (Köln,
900 1277 155 46 Scherz,
1085 1278 89 34 List
1203 1275 80 37 und
1311 1273 144 47 Rache,
1486 1273 183 48 Operette
1697 1283 75 24 von
1802 1271 111 35 Max
1942 1269 167 36 Bruch
2219 1268 238 47 Oldenburg,
2491 1265 280 38 Musicalische
2800 1261 522 49 Abend-Unterhaltungen).

599 1498 73 58 W.
747 1498 54 58 A.
874 1497 390 58 Mozart.

720 1624 84 36 Von
843 1622 116 37 Otto
997 1622 149 38 Jahn.

567 1711 380 39 Dritter
1003 1711 290 37 Theil.

893 1805 78 48 III.

548 1900 46 47 (I.
625 1911 29 23 s.
683 1899 66 36 Nr.
780 1899 47 35 52
859 1911 37 24 Y.
926 1911 38 24 v.
994 1898 51 44 J.,
1085 1898 51 37 11.
1166 1898 66 36 Nr.
1267 1896 50 48 1.)

270 1978 98 48 Das
419 1975 314 66 Componiren
786 1992 101 31 war
929 1975 80 48 für
1050 1975 180 48 Mozart
1268 1973 442 66 verhältnissmässig

153 2055 126 50 nicht
307 2054 283 67 einträglich.
621 2054 99 48 Der
741 2053 442 49 Musicalienhandel
1213 2069 101 33 war
1343 2051 287 66 keineswegs
1661 2068 51 33 so

155 2134 227 67 geordnet
402 2134 97 49 und
520 2133 307 67 ausgedehnt,
849 2133 96 49 und
966 2133 74 48 die
1063 2133 178 49 Rechte
1265 2131 84 50 der
1369 2131 213 50 Autoren
1604 2131 110 49 weit

155 2214 208 66 weniger
385 2213 229 67 gewahrt,
651 2213 65 48 als
747 2210 95 50 dies
870 2211 236 68 späterhin
1128 2210 83 50 der
1233 2211 100 49 Fall
1366 2209 179 51 wurde.
1589 2210 125 50 Wer

155 2294 128 48 einer
306 2293 317 67 Composition
650 2291 198 50 habhaft
880 2290 190 51 werden
1093 2291 189 57 konnte,
1319 2290 84 48 der
1434 2289 182 49 schrieb
1649 2290 65 48 sie

155 2373 77 58 ab,
255 2373 102 49 liess
379 2373 64 48 sie
466 2371 119 50 auch
602 2371 124 50 wohl
749 2371 122 49 ohne
887 2371 238 50 Weiteres
1148 2370 187 50 stechen
1357 2369 96 49 und
1474 2369 240 49 verkaufte

156 2451 297 50 Abschriften
468 2449 98 51 und
580 2449 272 58 Abdrücke,
870 2449 120 49 ohne
1008 2449 89 49 den
1112 2449 330 66 Componisten
1463 2467 56 30 zu
1535 2448 175 66 fragen.

152 2530 126 51 Jahn
311 2530 133 48 führt
473 2529 215 49 mehrere
710 2529 224 66 Beispiele
970 2529 128 48 einer
1133 2529 188 48 solchen
1352 2526 329 51 Räuber-Indu-

155 2610 109 50 strie
296 2628 72 32 an.
411 2609 200 51 Manche
636 2609 394 66 Compositionen,
1051 2608 282 49 namentlich
1359 2608 227 48 Concerte
1615 2605 95 50 und

156 2689 283 58 Sinfonieen,
453 2686 347 68 entschädigten
811 2688 179 48 Mozart
1006 2686 147 50 durch
1169 2685 89 50 den
1276 2685 267 58 Gebrauch,
1556 2685 91 48 den
1661 2702 51 31 er

156 2768 151 52 davon
335 2769 46 48 in
402 2769 159 48 seinen
580 2766 321 51 Akademieen
924 2766 211 57 machte;
1172 2766 79 47 für
1274 2765 172 50 andere
1477 2765 164 50 erhielt
1661 2782 52 31 er

157 2848 121 49 auch
301 2854 110 60 gute
433 2848 267 57 Honorare,
730 2865 36 31 z.
795 2846 53 49 B.
879 2863 104 32 vom
1007 2845 184 66 Könige
1219 2844 243 49 Friedrich
1483 2843 230 50 Wilhelm

156 2928 57 49 11.
244 2928 81 48 für
352 2926 73 50 die
446 2944 96 32 von-
566 2926 95 49 ihm
692 2925 241 50 bestellten
959 2925 263 60 Quartette,
1258 2924 107 49 100
1395 2925 215 48 Ducaten
1634 2924 79 48 für

157 3005 82 50 das
260 3004 229 67 Requiem
493 3044 11 19 ,
534 3004 107 51 100
665 3006 214 47 Ducaten
908 3020 89 33 von
1017 3003 191 49 Artaria
1229 3003 79 48 für
1331 3001 72 50 die
1425 3004 95 48 Jos.
1543 3001 169 68 Haydn

157 3084 313 66 gewidmeten
493 3085 261 60 Quartette.
785 3085 97 48 Das
905 3083 323 66 gewöhnliche
1251 3083 223 48 Honorar
1505 3083 78 47 für
1611 3081 101 49 eine

159 3164 132 66 Oper
317 3180 102 32 war
453 3163 109 49 100
590 3165 229 47 Ducaten.
870 3163 179 49 Mozart
1078 3161 165 50 erhielt
1265 3160 123 50 diese
1412 3163 192 47 Summe
1633 3161 80 47 für

159 3243 73 49 die
261 3243 326 66 Entführung,
609 3243 191 66 Figaro,
833 3239 99 53 Cosl
947 3241 103 66 fan
1072 3244 115 47 tutte
1222 3240 96 50 und
1341 3241 119 49 auch
1488 3258 89 32 von
1606 3240 104 50 dem

157 3321 526 50 Privat-Unternehmer
703 3320 318 50 Schikaneder
1045 3320 79 48 für
1144 3320 74 48 die
1246 3320 323 56 Zauberflöte;
1594 3319 120 49 eben

160 3418 49 32 so
239 3418 88 32 von
348 3400 199 50 Bondini
578 3400 78 47 für
678 3399 89 48 den
788 3401 110 47 Don
926 3401 147 51 Juan;
1097 3399 118 49 auch
1246 3399 163 48 wurde
1432 3399 96 48 ihm
1557 3400 46 47 in
1632 3397 82 50 der

164 3480 143 66 Regel
329 3480 118 48 nach
465 3478 133 67 jeder
626 3495 151 32 neuen
809 3479 131 65 Oper
968 3478 101 49 eine
1091 3476 513 68 Benefiz-Vorstellung
1632 3478 54 48 be-

160 3559 174 66 willigt.
358 3559 131 49 Aber
510 3559 83 48 mit
614 3558 83 48 der
717 3558 206 48 Partitur
945 3573 100 33 war
1065 3558 157 66 wenig
1242 3556 115 50 oder
1385 3575 85 49 gar
1492 3558 146 48 nichts
1658 3575 56 30 zu

161 3636 268 51 verdienen:
465 3654 109 32 man
609 3635 211 51 bezahlte
861 3653 89 30 nur
979 3635 74 48 die
1084 3635 233 66 Copisten,
1360 3635 72 50 die
1474 3636 65 49 oft
1576 3635 140 48 selbst

165 3718 154 49 hinter
355 3716 106 50 dem
498 3716 195 50 Rücken
725 3715 79 48 des
839 3715 466 50 Theater-Directors
1342 3714 187 51 Handel
1572 3714 145 49 damit

161 3796 194 50 trieben.
377 3796 127 57 Nun,
527 3795 85 48 wir
633 3795 183 48 kennen
839 3794 123 49 diese
976 3792 516 51 Diebes-Wirthschaft
1506 3794 50 65 ja
1577 3792 141 50 selbst

162 3875 121 50 noch
313 3892 82 33 aus
424 3890 198 33 unseren
646 3874 231 66 jüngeren
905 3872 201 50 Jahren!
1153 3872 65 49 Es
1260 3872 81 49 hat
1382 3872 137 65 lange
1558 3889 158 50 genug

165 3954 241 66 gedauert,
448 3954 86 48 ehe
571 3952 84 49 der
684 3951 272 66 Componist
993 3951 46 50 in
1073 3951 320 48 Deutschland
1431 3951 72 48 die
1540 3951 178 48 Rechte

164 4034 124 48 eines
317 4034 226 49 Besitzers
571 4050 88 32 von
687 4031 287 66 Eigenthum
1004 4031 182 66 erlangt
1206 4031 93 48 hat.

283 4114 99 48 Der
406 4111 181 59 Grund,
622 4110 231 51 wesshalb
887 4126 47 32 es
973 4111 180 48 Mozart
1194 4110 85 49 fast
1310 4110 167 48 immer
1511 4125 60 33 an
1604 4110 117 49 Geld

166 4189 154 58 fehlte,
344 4191 76 65 lag
442 4191 124 49 wohl
589 4189 345 67 hauptsächlich
966 4205 60 33 an
1055 4187 107 50 dem
1182 4187 188 68 Mangel
1395 4187 126 50 einer
1550 4187 141 68 geord-

165 4275 136 43 neten
331 4270 314 48 Wirthschaft
674 4269 61 49 im
766 4269 194 65 eigenen
990 4269 174 48 Hause.
1209 4269 67 48 Er
1312 4284 100 33 war
1448 4267 158 50 weder
1647 4269 72 48 ein

1783 1494 372 51 Verschwender
2196 1494 119 49 noch
2358 1495 73 47 ein
2474 1492 388 50 Feinschmecker
2904 1490 96 51 und
3041 1490 201 49 Trinker
3276 1491 63 48 im

1782 1575 271 48 schlimmen
2077 1574 163 57 Sinne;
2272 1573 136 50 ailein
2431 1589 82 33 aus
2544 1573 135 48 allem
2707 1573 267 55 Einzelnen,
3005 1570 82 49 das
3107 1570 124 49 Jahn
3256 1588 54 31 an-

1783 1654 148 59 führt,
1962 1654 110 66 geht
2102 1654 182 57 hervor,
2315 1653 104 48 dass
2451 1669 51 32 er
2530 1651 62 50 im
2621 1656 216 44 (äusseren
2859 1650 162 50 Leben
3049 1650 108 50 sehr
3180 1650 156 58 nobel,

1783 1733 100 49 llott
1905 1733 95 48 und
2024 1733 229 66 freigebig
2274 1749 116 41 war,
2424 1730 97 50 und
2544 1730 81 50 das
2649 1730 109 48 alles
2789 1729 123 49 wohl
2942 1727 150 60 mehr,
3123 1730 66 48 als
3212 1730 124 48 seine

1782 1811 313 51 Verhältnisse
2124 1810 260 51 erlaubten.
2432 1811 68 47 Er
2541 1810 93 66 gab
2663 1809 84 49 viel
2785 1825 82 33 aus
2906 1809 81 48 für
3015 1807 199 50 saubere
3243 1809 92 48 und

1780 1893 230 67 gewählte
2030 1891 253 68 Kleidung,
2314 1891 183 66 Spitzen
2519 1890 96 50 und
2638 1889 287 56 Uhrketten;
2972 1889 224 49 Clementi
3227 1889 112 48 hielt

1780 1973 80 48 ihn
1896 1971 74 50 bei
2011 1971 152 50 seiner
2197 1976 152 45 ersten
2390 1971 293 65 Begegnung
2733 1969 80 48 für
2847 1967 135 50 einen
3031 1966 305 51 kaiserlichen

1780 2050 389 58 Kammerherrn,
2184 2068 50 32 so
2258 2051 184 65 elegant
2470 2067 102 31 war
2593 2065 51 33 er
2667 2046 242 69 gekleidet.
2933 2049 100 47 Der
3048 2046 183 51 Besuch
3255 2046 84 51 der

1780 2130 286 51 vornehmen
2085 2129 360 49 Gesellschaften
2466 2129 278 48 veranlasste
2767 2126 150 50 sicher
2939 2126 223 50 ebenfalls
3180 2144 159 48 grosse

1782 2209 275 67 Ausgaben,
2099 2209 97 49 und
2225 2227 137 30 wenn
2398 2208 118 49 auch
2546 2208 73 48 die
2644 2205 488 51 Glace-Handschuhe
3161 2206 178 50 damals

1779 2289 122 49 noch
1931 2289 126 48 nicht
2085 2286 361 51 unvermeidlich
2481 2303 179 42 waren,
2696 2303 51 32 so
2784 2285 184 50 machte
3005 2284 72 49 die
3105 2284 141 51 Mode
3281 2303 58 30 an

1780 2369 337 57 Manschetten,
2141 2369 239 56 Rosetten,
2404 2366 255 68 gestickten
2679 2366 204 50 Westen
2914 2364 97 49 und
3044 2364 293 67 dergleichen

1780 2448 120 49 noch
1933 2448 85 48 viel
2048 2446 428 68 anspruchsvollere
2505 2444 357 67 Forderungen.

1898 2529 51 47 In
1967 2526 145 51 Wien
2130 2526 238 49 herrschte
2398 2525 177 48 damals
2597 2525 103 48 eine
2721 2521 198 52 rasende
2944 2524 274 57 Tanzwuth,
3245 2522 94 50 und

1778 2606 180 49 Mozart
1985 2604 138 49 liebte
2152 2602 97 50 und
2282 2604 119 48 trieb
2439 2602 91 50 den
2554 2605 124 47 Tanz
2707 2601 411 57 leidenschaftlich,
3152 2602 66 67 ja,
3261 2618 79 42 „er

1778 2685 284 66 behauptete
2083 2700 156 50 sogar,
2268 2684 123 48 seine
2413 2682 284 67 Leistungen
2726 2682 63 49 im
2813 2684 187 48 Tanzen
3024 2680 191 67 (Vestris
3238 2696 102 33 war

1780 2764 97 49 sein
1905 2764 180 48 Lehrer
2121 2760 231 70 gewesen)
2396 2761 125 50 seien
2556 2760 338 58 bedeutender,
2937 2761 66 48 als
3052 2759 73 49 die
3167 2760 46 48 in
3256 2759 84 49 der

2027 2840 62 69 (S.
2116 2840 146 67 237.)
2311 2841 90 48 Die
2443 2840 299 51 öffentlichen
2776 2839 320 50 Maskenbälle
3139 2839 89 49 wie
3267 2837 73 50 die

1782 2921 255 51 Hausbälle
2057 2925 259 46 versäumte
2339 2938 51 32 er
2410 2920 95 57 nie;
2530 2938 89 32 von
2639 2919 187 67 Jugend
2856 2919 226 49 aufhatte
3106 2935 51 32 er
3180 2935 157 50 grosse

1779 3003 220 66 Neigung
2027 3001 95 50 und
2147 3001 182 59 Talent,
2365 3000 93 50 sich
2492 3000 44 48 in
2561 2999 480 51 Charakter-Masken
3072 3016 53 31 zu
3160 2999 176 64 zeigen,

1779 3081 97 50 und
1911 3083 83 48 soll
2032 3080 254 50 besonders
2320 3079 88 49 den
2443 3079 228 49 Harlekin
2701 3077 389 66 unvergleichlich
3120 3077 220 66 gemacht

1780 3160 168 50 haben.

1897 3240 118 48 Eine
2038 3237 172 50 andere
2234 3236 416 50 leidenschaftliche
2667 3236 218 66 Neigung
2900 3251 89 33 von
3013 3235 97 48 ihm
3132 3251 101 32 war
3256 3234 81 49 das

1780 3316 301 68 Billardspiel.
2124 3316 160 66 „Kelly
2307 3315 187 57 erzählt,
2518 3314 103 49 dass
2645 3331 51 32 er
2724 3315 66 49 oft
2818 3314 82 48 mit
2921 3315 180 48 Mozart
3129 3312 208 66 gespielt,

1782 3399 94 48 ihm
1907 3396 115 50 aber
2043 3396 75 48 nie
2147 3396 102 48 eine
2272 3395 156 51 Partie
2458 3395 327 66 abgewonnen
2814 3394 123 49 habe
2969 3390 202 54 (Remin.

1782 3475 144 67 226).
1957 3478 67 46 Er
2046 3475 128 49 hatte
2196 3476 72 48 ein
2291 3475 183 66 eigenes
2495 3474 174 49 Billard
2692 3474 45 49 in
2758 3474 151 48 seiner
2932 3472 283 65 Wohnung,
3247 3472 93 49 und

1784 3555 83 51 auf
1883 3555 174 48 diesem
2080 3555 160 66 spielte
2262 3571 50 31 er
2334 3554 61 48 im
2411 3552 235 50 Nothfalle
2669 3552 83 49 mit
2773 3551 149 50 seiner
2936 3552 131 47 Frau
3090 3550 115 51 oder
3222 3550 120 49 auch

1784 3635 125 50 wohl
1945 3651 115 50 ganz
2098 3634 147 49 allein.
2290 3632 264 66 Allerdings
2575 3649 101 32 war
2699 3630 95 49 dies
2817 3631 73 48 ein
2913 3631 182 57 Luxus,
3127 3630 215 67 obgleich

1785 3714 178 49 damals
1986 3714 44 49 in
2044 3714 147 51 Wien
2212 3712 125 50 nicht
2358 3729 48 32 so
2432 3729 85 49 gar
2540 3710 266 58 auffallend,
2823 3710 96 49 und
2942 3711 257 48 veranlasst
3219 3710 126 49 nicht

1787 3794 136 49 allein
1945 3792 146 50 durch
2123 3792 125 49 seine
2276 3791 219 66 Neigung
2528 3808 104 30 zum
2655 3789 309 67 Billardspiel,
3001 3789 202 49 sondern
3226 3789 119 50 auch

1788 3872 147 49 durch
1966 3871 73 50 die
2069 3872 148 65 Sorge
2246 3869 82 50 der
2356 3869 167 49 Aerzte
2554 3869 80 48 für
2654 3869 217 49 Mozart's
2903 3869 300 49 Gesundheit.
3245 3869 65 48 Ba-

1787 3952 194 59 risani,
2018 3951 82 50 der
2136 3951 127 48 Sohn
2292 3949 80 49 des
2400 3949 414 49 erzbischöfliehen
2842 3949 269 49 Leibarztes
3142 3949 43 47 in
3218 3947 99 49 Salz-

1790 4031 140 66 burg,
1953 4030 83 49 mit
2056 4029 223 49 welchem
2302 4027 74 49 die
2395 4027 306 50 Mozart'sche
2725 4029 196 48 Familie
2942 4032 263 44 vertrauten
3234 4026 72 47 Um-

1790 4128 126 49 gang
1944 4110 144 58 hatte,
2116 4125 100 32 war
2244 4109 74 47 ein
2347 4107 120 50 eben
2490 4125 50 32 so
2566 4109 404 66 ausgezeichneter
2992 4106 110 48 Arzt
3132 4105 64 47 als
3219 4120 93 32 war-

1790 4206 101 32 mer
1912 4187 190 50 Freund
2131 4186 95 50 und
2249 4186 237 50 Verehrer
2513 4187 231 50 Mozart's.
2789 4187 67 47 Er
2878 4185 174 56 suchte,
3082 4182 60 50 da
3171 4200 49 31 er
3242 4182 69 49 Mo-

1790 4276 97 41 zart
1915 4285 88 32 von
2027 4267 82 50 der
2133 4266 328 59 Gewohnheit,
2486 4266 69 50 bis
2577 4267 86 49 tief
2682 4266 44 50 in
2751 4265 71 48 die
2846 4264 151 52 Nacht
3019 4262 154 50 hinein
3196 4280 55 31 zu
3276 4278 73 33 ar-

2778 4344 31 50 3
