3137 4323
503 3736 100 55 156

510 422 235 35 samment
767 415 245 50 réfléchie,
1028 426 44 33 et
1095 418 97 41 s'en
1214 421 336 41 accommoder
1574 430 98 35 tant

511 487 110 41 bien
652 504 91 35 que
773 489 93 41 mal
899 490 116 42 dans
1046 491 328 44 l'élaboration
1407 494 265 45 définitive.

512 561 69 41 Le
614 562 132 49 point
782 563 58 41 de
873 579 92 26 vue
1000 565 329 52 urbanistique
1365 577 71 33 est
1472 568 121 43 donc
1628 570 42 42 le

510 634 104 49 plus
639 636 304 51 compromis,
967 638 184 52 jusqu'à
1172 640 207 50 présent.
1402 641 127 44 Tout
1551 644 120 42 n'est

510 717 224 40 pourtant
759 725 83 34 pas
870 711 165 50 perdu,
1065 722 44 33 et
1135 714 113 42 c'est
1275 730 61 26 un
1365 716 167 40 travail
1560 732 82 26 nor-

510 782 92 40 mal
628 798 120 33 pour
773 800 62 25 un
862 785 267 43 technicien
1153 788 150 41 averti
1331 788 235 43 d'utiliser
1592 806 77 25 ces

510 855 264 50 premières
800 857 136 43 bases
960 875 120 34 pour
1103 876 58 26 en
1185 861 116 41 tirer
1324 878 62 25 un
1410 862 110 50 plan
1545 863 99 42 d'en-

511 929 181 42 semble
712 931 340 49 parfaitement
1073 934 226 43 cohérent
1322 944 45 33 et
1390 936 280 43 clairement

510 1003 230 42 ordonné.

512 1076 145 42 Reste
683 1077 42 41 le
751 1078 213 51 chapitre
991 1080 56 42 de
1073 1081 364 44 l'architecture.
1464 1083 72 42 Ce
1562 1083 78 42 cha-

508 1149 122 51 pitre
653 1151 57 41 de
730 1151 349 45 l'architecture
1101 1155 314 50 d'exposition
1434 1166 112 41 peut
1567 1158 101 41 être

508 1224 201 50 regardé
740 1240 186 28 comme
956 1243 138 27 assez
1122 1230 290 49 particulier,
1445 1230 61 43 du
1536 1231 132 51 point

510 1296 57 42 de
613 1314 92 26 vue
752 1299 62 42 du
860 1310 332 34 constructeur
1237 1303 309 43 rationaliste.
1594 1304 72 42 En

510 1371 132 50 effet,
680 1372 116 42 dans
833 1390 63 26 un
932 1376 149 48 grand
1115 1376 202 42 nombre
1353 1377 58 42 de
1447 1393 92 35 cas,
1575 1394 92 26 aux

507 1445 344 51 prescriptions
894 1447 190 43 d'ordre
1126 1450 377 43 exclusivement
1543 1452 103 42 utili-

510 1517 118 43 taire
656 1535 90 35 que
775 1520 92 42 l'on
895 1520 204 44 observe
1127 1523 115 42 dans
1271 1524 42 41 la
1342 1525 324 42 construction

509 1601 241 41 courante,
793 1610 50 25 se
885 1595 118 50 joint
1040 1596 297 44 maintenant
1376 1614 63 26 un
1482 1598 184 43 facteur

507 1665 369 52 psychologique
906 1668 271 51 important,
1208 1686 93 35 que
1330 1671 93 42 l'on
1452 1672 215 50 pourrait

508 1738 193 50 appeler
726 1755 22 26 «
770 1740 220 43 fantaisie
1015 1742 302 50 publicitaire
1336 1761 36 25 ».
1397 1745 93 42 Les
1515 1745 125 42 archi-

508 1819 146 36 tectes
684 1813 57 41 de
770 1813 299 52 l'exposition
1101 1816 57 42 de
1187 1817 273 42 Stockholm
1489 1827 80 34 ont
1598 1835 67 33 su,

507 1900 115 27 avec
644 1885 247 53 beaucoup
917 1887 343 52 d'ingéniosité,
1284 1891 185 43 utiliser
1492 1907 54 26 ce
1571 1891 70 43 fac-

508 1967 118 34 teur.

507 2032 142 43 Cette
679 2033 170 43 liberté
878 2050 91 35 que
998 2036 153 49 prend
1180 2037 289 43 l'architecte
1584 2054 80 25 car

506 2106 101 41 c'en
647 2116 70 33 est
753 2124 92 25 une
972 2117 113 42 peut
1122 2110 273 42 s'admettre
1433 2111 37 42 si
1508 2112 93 41 l'on
1638 2128 25 25 a

507 2179 197 43 d'abord
741 2181 170 51 rempli
951 2183 67 41 les
1061 2182 213 43 diverses
1315 2183 249 51 exigences
1606 2185 57 41 de

502 2252 161 44 l'utile.
696 2254 73 42 En
798 2263 136 35 outre
965 2256 67 42 les
1063 2256 254 44 bâtiments
1350 2258 314 50 d'exposition

503 2343 60 25 ne
594 2337 191 34 servent
812 2329 106 50 qu'à
945 2346 64 25 un
1037 2331 161 50 séjour
1226 2332 289 49 temporaire
1530 2349 9 34 ;
1572 2332 91 42 l'on

503 2402 77 49 n'y
602 2402 66 42 vit
690 2418 98 34 pas.
813 2402 77 42 On
913 2404 214 49 pourrait
1152 2405 121 41 donc
1297 2405 95 42 fort
1414 2405 110 42 bien
1546 2414 87 35 met-

505 2482 71 34 tre
612 2491 53 26 ce
703 2475 185 44 facteur
924 2477 57 42 de
1018 2493 21 26 «
1061 2477 221 43 fantaisie
1319 2479 301 50 publicitaire
1640 2496 21 25 »

506 2564 80 26 sur
614 2548 42 42 le
682 2550 156 41 même
868 2550 109 50 plan
1085 2560 129 34 toute
1243 2552 196 42 réserve
1468 2552 114 42 faite

504 2637 93 36 que
627 2622 67 44 les
727 2623 248 52 exigences
1009 2625 57 43 de
1098 2625 43 43 la
1172 2626 202 51 liturgie,
1407 2627 80 51 qui
1519 2627 118 51 parti-

1752 427 157 51 cipent
1940 446 60 25 au
2030 440 301 42 programme
2361 434 218 44 matériel
2614 437 57 41 de
2702 437 43 42 la
2776 454 106 28 cons-

1754 503 205 42 truction
1987 504 82 42 des
2095 505 183 51 églises»

1754 648 71 42 En
1860 666 196 34 somme,
2089 668 59 26 ne
2181 668 194 28 cessons
2411 654 57 42 de
2502 654 44 43 le
2578 655 204 51 répéter,
2815 675 91 26 une

1750 723 266 49 exposition
2043 734 71 33 est
2138 735 142 33 avant
2305 735 100 35 tout
2430 744 93 26 une
2550 730 355 44 manifestation

1750 796 57 42 de
1835 797 42 41 la
1903 797 78 41 vie
2008 798 362 51 d'aujourd'hui.
2397 802 46 41 A
2472 810 103 34 tous
2604 803 67 42 les
2700 803 148 51 titres,
2876 806 27 41 il

1750 869 204 51 importe
1982 873 107 49 qu'y
2119 873 153 43 soient
2300 875 162 42 réunis
2493 885 104 33 tous
2627 876 68 43 les
2724 878 156 50 perfec-

1748 943 319 45 tionnements
2100 947 198 42 réalisés
2331 948 26 42 à
2387 965 93 26 une
2512 950 183 51 époque
2729 952 150 51 d'orga-

1746 1017 208 43 nisation
2010 1020 274 42 nécessaire
2324 1038 9 26 :
2398 1023 196 50 progrès
2654 1024 252 53 technique

1748 1092 116 43 dans
1893 1093 12 40 1
1929 1093 295 43 élaboration
2254 1095 57 42 de
2341 1096 312 52 l'entreprise,
2682 1099 223 43 conduite

1746 1181 115 26 avec
1882 1183 92 25 une
1994 1167 307 53 méthodique
2322 1170 193 50 rigueur
2530 1188 9 35 ;
2563 1172 195 51 progrès
2780 1174 99 42 tech-

1745 1239 145 53 nique
1914 1241 128 41 aussi
2068 1242 115 42 dans
2208 1242 284 44 l'exécution
2518 1245 62 42 du
2603 1255 301 42 programme

1746 1313 186 51 adopté.

1804 1387 80 50 Ici,
1924 1404 187 27 comme
2152 1390 116 42 dans
2310 1400 104 33 tous
2455 1401 160 34 autres
2658 1393 244 44 domaines

1747 1461 281 50 d'actualité,
2066 1479 93 26 une
2193 1464 131 42 seule
2357 1465 318 45 architecture
2707 1477 113 41 peut
2853 1485 49 25 se

1746 1534 234 52 légitimer
2008 1553 9 25 :
2058 1537 350 44 l'architecture
2444 1539 297 51 rationnelle,
2776 1543 127 41 issue

1751 1609 57 42 de
1833 1617 136 35 notre
1996 1619 166 42 temps.

1743 1865 60 36 Les
1825 1865 202 38 bâtiments
2049 1872 37 31 et
2106 1867 192 46 pavillons
2320 1868 218 46 reproduits
2559 1882 75 24 aux
2663 1883 131 34 pages
2818 1873 64 44 pré-

1742 1913 204 45 cédentes,
1965 1928 46 23 ne
2025 1922 86 30 sont
2124 1929 72 31 pas
2211 1916 53 37 les
2276 1917 100 37 seuls
2390 1922 61 42 qui
2467 1920 212 35 méritaient
2692 1918 211 39 l'attention

1742 1976 74 23 aux
1833 1967 241 42 expositions
2093 1965 185 37 d'Anvers
2295 1965 40 49 et
2355 1965 40 49 de
2415 1967 120 46 Liége.
2554 1966 207 48 Quelques
2775 1974 130 32 autres

1741 2032 12 4 -
1777 2015 91 33 mais
1891 2013 85 36 bien
2001 2026 75 33 peu
2100 2035 11 3 -
2129 2014 173 37 valaient
2322 2016 123 36 d'être
2468 2019 237 43 remarqués.
2726 2017 180 37 Pourtant

1741 2062 32 34 le
1804 2061 185 37 bâtiment
2018 2063 261 46 d'exposition
2311 2070 57 31 est
2397 2078 44 24 un
2478 2064 205 46 problème
2714 2072 192 39 attrayant

1741 2122 99 33 pour
1861 2110 235 38 l'architecte
2124 2113 202 37 moderne.
2349 2113 60 38 Ce
2434 2113 205 45 problème
2661 2128 22 23 a
2709 2115 195 38 d'ailleurs

1741 2160 63 35 été
1833 2162 99 42 posé
1958 2173 72 32 par
2055 2160 239 39 l'architecte
2323 2162 27 43 J.
2376 2162 27 44 J.
2430 2163 186 46 Eggericx
2646 2177 76 23 aux
2752 2164 131 38 élèves-

1740 2208 235 38 architectes
1994 2210 50 36 de
2063 2209 159 38 l'Institut
2246 2211 208 46 Supérieur
2475 2212 72 36 des
2573 2212 83 37 Arts
2675 2212 228 39 Décoratifs.

1743 2257 34 35 Et
1800 2257 53 37 les
1875 2259 143 43 photos
2043 2262 60 43 qui
2130 2263 145 33 suivent
2301 2266 187 32 montrent
2508 2259 194 47 quelques
2733 2262 173 37 résultats

1741 2309 137 44 acquis
1900 2307 100 37 dans
2021 2320 47 25 ce
2086 2321 119 34 genre
2229 2309 173 37 d'étude.

1741 2390 274 49 Ci-dessous
2036 2418 7 21 :
2069 2407 29 35 A
2127 2407 171 46 gauche,
2330 2407 166 38 Pavillon
2528 2408 116 37 d'une
2675 2411 146 35 maison
2853 2409 50 37 de

1740 2459 176 38 couture,
1946 2467 103 25 avec
2085 2456 103 36 Salle
2229 2456 51 37 de
2317 2458 270 45 présentation
2627 2458 51 36 de
2714 2458 188 38 modèles.

1741 2502 32 38 E.
1802 2503 165 44 Delatte,
1997 2503 113 38 élève
2141 2504 51 37 de
2220 2502 24 45 2
2244 2502 25 45 e
2294 2502 122 45 année
2444 2506 18 37 I.
2484 2506 33 37 S.
2540 2507 40 36 A.
2604 2506 38 38 D.
2668 2506 171 38 1929-30.—

1739 2600 207 47 lurgiques.
1962 2603 26 43 J.
2002 2602 81 38 Van
2103 2603 187 44 Laethem,
2308 2604 113 38 élève
2440 2604 51 38 de
2506 2604 22 36 2
2532 2615 14 16 e
2563 2607 130 36 année
2712 2605 18 38 I.
2749 2605 35 37 S.
2803 2605 43 38 A.
2865 2606 39 37 D.

1741 2650 1165 37 1929-30.
