3137 4323
536 3735 100 55 154

520 428 292 57 Exposition
850 428 66 47 de
953 428 152 57 Liège

526 1475 229 49 Pavillon
792 1475 67 47 de
896 1477 45 45 la
977 1474 193 50 Suisse.

530 1548 248 44 Architecte
807 1549 223 43 Hofmann.

530 2038 43 41 le
600 2038 270 51 préoccupe
897 2038 179 50 guère?
1188 2039 107 51 quel
1325 2038 141 41 mode
1497 2038 57 41 de
1583 2037 78 51 pré-

531 2112 250 49 sentation,
816 2112 128 42 aussi
977 2112 118 42 neuf
1130 2128 92 35 que
1256 2111 222 52 possible,
1515 2111 147 41 allons-

528 2201 120 27 nous
674 2185 198 51 adopter
897 2201 120 35 pour
1041 2185 176 43 rendre
1241 2185 117 42 clair
1382 2194 46 33 et
1452 2193 236 42 attrayant

527 2274 53 27 ce
606 2275 93 36 que
720 2275 121 27 nous
868 2260 271 50 exposons?
1168 2259 59 43 Et
1254 2259 119 43 ainsi
1402 2259 57 41 de
1485 2257 135 43 suite.
1649 2257 38 42 Il

525 2335 122 41 n'est
678 2333 240 44 d'ailleurs
948 2349 83 35 pas
1062 2333 219 52 question
1314 2333 56 42 de
1402 2332 191 42 dresser
1624 2347 64 27 un

530 2407 207 52 syllabus
775 2407 26 43 à
838 2408 174 50 l'usage
1050 2408 62 42 du
1148 2408 175 50 parfait
1360 2406 328 50 organisateur

530 2481 327 51 d'exposition.
878 2481 129 43 Mais
1028 2481 31 42 il
1081 2481 180 43 semble
1278 2480 298 49 néanmoins,
1596 2495 92 36 que

530 2556 37 42 si
592 2556 93 42 l'on
706 2572 62 26 ne
791 2564 113 42 peut
926 2556 200 42 émettre
1152 2556 57 42 de
1233 2555 206 43 théories
1464 2554 224 42 relatives

533 2629 25 42 à
593 2629 43 42 la
673 2629 252 51 technique
962 2629 57 42 de
1055 2645 54 27 ce
1143 2638 144 42 genre
1322 2629 57 42 de
1414 2628 247 43 manifesta-

533 2703 138 50 tions,
707 2702 30 42 il
772 2720 29 33 y
834 2720 26 25 a
895 2718 120 35 pour
1049 2702 43 42 le
1128 2702 154 43 moins
1318 2702 230 52 quelques
1584 2702 79 49 pré-

532 2776 308 51 occupations
882 2776 296 43 essentielles
1220 2775 268 52 desquelles
1530 2792 61 26 on
1630 2791 60 26 ne

530 2859 113 41 peut
672 2866 49 26 se
751 2849 235 44 distraire.

533 2998 93 41 Les
662 2996 353 42 circonstances
1050 2996 332 51 particulières
1419 2996 57 42 de
1512 2996 180 41 l'heure

532 3071 224 50 présente
783 3069 455 51 permettront-elles
1268 3069 57 42 de
1352 3069 229 51 préparer
1610 3069 81 42 dès

535 3144 296 42 maintenant
869 3152 45 34 et
951 3159 115 26 avec
1104 3152 101 34 tout
1242 3143 44 43 le
1326 3142 103 43 soin
1465 3142 145 42 voulu
1649 3142 43 42 la

533 3217 258 51 prochaine
822 3217 266 51 exposition
1118 3217 57 42 de
1205 3215 287 43 Bruxelles?
1525 3216 45 43 Si
1600 3215 92 49 oui,

535 3292 237 51 peut-être
803 3292 44 40 le
879 3299 98 34 sort
1008 3290 58 42 de
1098 3290 299 51 l'exposition
1428 3289 123 43 est-il
1587 3290 107 50 déjà

535 3367 107 50 jeté.
671 3365 96 50 Qui
794 3374 114 41 peut
936 3365 116 48 dire,
1082 3364 115 42 dans
1226 3379 54 26 ce
1308 3379 113 35 pays
1451 3363 212 42 démocra-

534 3440 143 50 tique,
732 3439 36 41 si
824 3437 230 52 quelques
1107 3452 305 27 manœuvres
1466 3436 227 42 obscures

530 3515 132 40 n'ont
704 3512 133 51 point
881 3511 107 52 déjà
1032 3511 175 51 engagé
1249 3509 180 53 l'esprit
1473 3509 57 43 de
1572 3518 122 35 cette

532 3586 360 43 manifestation
924 3594 100 35 tout
1056 3584 219 45 entière?

1296 1672 93 40 Très
1421 1687 79 39 peu
1532 1671 213 53 apprécié,
1776 1670 168 40 victime
1974 1665 93 44 d'un
2099 1664 198 45 accident
2326 1664 56 43 de
2411 1666 277 41 construction
2720 1662 47 56 (la
2800 1663 131 41 Suisse

1299 1747 153 40 invitée
1476 1747 20 38 à
1525 1742 32 43 la
1583 1742 193 43 dernière
1802 1745 151 39 minute
1977 1740 75 42 dût
2075 1745 224 37 construire
2325 1756 49 24 en
2399 1744 121 36 toute
2545 1737 110 55 hâte)
2682 1754 50 25 ce
2760 1735 169 57 pavillon

1298 1817 203 43 demeure
1530 1833 101 39 pour
1659 1833 94 24 nous
1783 1813 215 57 l'exemple
2026 1813 35 43 le
2089 1813 82 56 plus
2199 1811 186 56 complet
2411 1811 325 42 d'architecture
2764 1810 144 55 d'expo-

1299 1894 129 44 sition,
1456 1889 145 43 réalisé
1627 1907 49 24 en
1705 1888 195 56 Belgique
1925 1906 49 24 en
2011 1891 112 38 1930.

1780 2036 283 43 Souhaitons
2107 2051 58 26 en
2209 2043 101 34 tout
2351 2050 77 26 cas
2473 2033 112 52 qu'il
2626 2049 29 34 y
2696 2032 64 42 ait
2802 2031 132 51 place

1777 2125 120 35 pour
1945 2125 93 27 une
2088 2109 280 50 expression
2417 2105 366 44 architecturale
2832 2121 77 26 sou-

1779 2185 160 40 cieuse
1962 2184 80 42 des
2064 2182 270 51 problèmes
2355 2181 195 49 actuels,
2562 2208 57 3 —
2637 2189 45 33 et
2703 2196 92 35 que
2816 2187 121 35 cette

1779 2257 136 51 place
1953 2257 91 42 soit
2081 2257 43 42 la
2163 2256 105 50 plus
2307 2264 133 34 vaste
2479 2253 222 52 possible,
2741 2253 101 42 afin
2881 2253 57 41 de

1783 2332 182 41 donner
1996 2347 60 26 au
2084 2330 154 42 moins
2269 2330 43 41 le
2341 2329 178 50 change
2550 2344 80 26 sur
2660 2344 53 25 ce
2742 2327 79 51 qui
2855 2326 84 42 fait

1781 2405 256 42 l'essentiel
2074 2405 81 41 des
2190 2402 395 52 préoccupations
2617 2400 319 43 nationales...

1783 2479 99 42 Car
1907 2479 30 40 il
1961 2487 112 42 peut
2096 2478 184 41 arriver
2305 2493 91 35 que
2419 2493 84 34 par
2526 2492 93 26 une
2643 2474 297 42 affirmation

1783 2553 270 42 extérieure
2090 2568 60 26 on
2188 2551 216 43 entraîne
2441 2551 126 41 l'état
2606 2549 29 42 d
2655 2548 148 51 esprit
2839 2563 75 26 cor-

1783 2626 305 51 respondant.
2124 2626 59 41 Et
2214 2623 160 44 Thabit
2404 2640 59 26 ne
2496 2624 85 42 fait
2610 2639 82 34 pas
2725 2622 215 50 toujours

1786 2700 44 41 le
1861 2700 159 41 moine
2036 2700 8 41 !

1784 2847 37 41 Il
1855 2855 70 33 est
1958 2845 284 52 regrettable
2276 2861 91 34 que
2399 2845 67 41 les
2501 2852 200 33 travaux
2733 2841 182 51 prélimi-

1784 2921 159 41 naires
1984 2921 58 40 de
2080 2918 300 51 l'exposition
2420 2918 57 41 de
2519 2917 107 42 1935
2653 2933 10 25 :
2708 2916 65 42 les
2812 2914 130 42 voies

1786 2994 198 49 d'accès,
2015 2993 393 50 l'aménagement
2438 2991 82 42 des
2550 2990 238 51 quartiers
2818 2988 100 43 avoi-

1784 3069 180 41 sinants
1997 3067 221 51 (n'a-t-on
2242 3081 82 35 pas
2350 3066 73 41 été
2450 3064 183 52 jusqu'à
2659 3064 102 42 dire
2786 3062 150 43 aussi:

1781 3141 381 51 l'emplacement
2192 3139 200 51 même),
2424 3139 127 42 aient
2583 3137 73 43 été
2689 3152 175 38 conçus
2898 3144 44 33 et

1781 3216 165 41 menés
1977 3215 116 42 dans
2123 3231 63 26 un
2217 3229 107 27 sens
2355 3222 105 41 trop
2489 3210 340 52 approximatif
2860 3208 81 44 des

1782 3290 190 41 besoins
2023 3288 123 42 réels
2197 3288 57 42 de
2303 3288 43 41 la
2397 3287 201 50 capitale
2646 3284 202 43 actuelle
2899 3292 42 33 et

1788 3363 56 42 de
1889 3362 299 50 l'exposition
2233 3362 175 42 future.
2455 3361 37 41 Il
2539 3361 101 41 faut
2684 3360 25 42 à
2752 3359 191 50 présent

1786 3436 116 42 tirer
1927 3436 121 50 parti
2075 3452 58 26 au
2158 3435 162 42 mieux
2346 3436 82 42 des
2456 3450 192 26 erreurs
2675 3432 267 43 commises.

1787 3509 131 43 C'est
1942 3509 42 42 le
2011 3518 99 33 sort
2134 3525 223 26 commun
2382 3509 26 42 à
2432 3517 100 34 tout
2556 3523 53 26 ce
2633 3507 80 51 qui
2741 3515 70 34 est
2834 3504 87 45 offi-

1786 3582 103 53 ciel,
1912 3598 57 27 en
1995 3582 227 53 Belgique
2250 3598 9 27 :
2285 3582 150 53 partir
2458 3583 140 45 d'une
2617 3581 116 45 base
2754 3578 165 46 insuffi-
