3137 4323
191 290 309 63 TEK
581 292 56 54 H
716 290 61 58 H
856 282 46 64 Ê

2525 3711 162 58 259

263 438 57 41 Le
351 435 199 47 tribunal
577 447 255 39 commença
860 447 78 38 par
967 429 156 44 écarter
1153 430 39 43 la
1221 428 116 55 prati-

195 513 82 41 que
301 498 208 42 ancienne
543 511 8 25 :

273 575 21 25 «
335 557 204 44 Attendu
577 555 112 56 qu'il
726 554 126 43 serait
889 564 101 34 tout
1026 553 22 42 à
1082 550 84 45 fait
1204 551 130 43 incon-

197 619 134 45 sidéré
367 618 268 55 d'invoquer
673 630 152 29 encore
860 628 171 30 comme
1068 627 142 41 usage,
1250 611 109 43 ainsi

197 698 83 40 que
322 684 35 41 le
397 680 83 43 fait
520 678 185 43 certaine
745 675 344 55 jurisprudence,
1133 674 26 41 F
1169 673 90 43 avis
1301 673 58 41 du

193 742 181 45 Conseil
397 742 71 43 des
489 739 249 44 Bâtiments
758 738 123 43 civils
903 752 50 27 en
976 736 97 42 date
1093 736 59 42 du
1184 750 13 27 1
1214 750 23 28 2
1259 733 77 54 plu-

197 806 118 41 viôse
346 818 54 27 an
433 801 116 43 VIII
579 816 72 27 sur
684 800 56 42 les
769 798 258 44 honoraires
1060 796 297 44 d'architecte;

198 866 132 56 qu'en
362 863 107 43 effet
500 875 62 30 cet
591 862 91 45 avis
713 878 21 26 a
764 860 75 47 été,
873 860 110 42 dans
1014 859 36 42 le
1080 873 109 39 pays
1223 856 139 44 même

190 931 113 40 dont
324 926 29 43 il
377 926 164 46 émane,
565 922 160 54 abrogé
745 934 40 31 et
807 919 212 54 remplacé
1042 934 78 39 par
1143 933 59 29 un
1226 928 133 35 autre,

200 1006 49 26 en
288 989 98 41 date
421 987 60 41 du
522 1001 21 39 3
584 985 86 42 mai
718 984 136 54 1928,
893 982 77 55 qui
1008 981 112 43 élève
1158 981 56 42 les
1253 993 109 30 taux

200 1048 307 45 d'honoraires
569 1061 214 27 reconnus
846 1044 21 42 à
931 1042 281 47 l'architecte;
1279 1055 84 41 que

200 1112 223 43 d'ailleurs
451 1125 51 26 en
534 1108 210 54 Belgique
771 1122 62 26 ces
861 1117 109 31 taux
999 1117 103 31 sont
1129 1104 100 54 plus
1258 1117 78 28 cou-

203 1185 218 31 ramment
459 1170 131 54 réglés
626 1184 79 39 par
740 1169 36 42 le
813 1167 173 42 barème
1020 1164 153 56 publié
1207 1179 79 39 par
1324 1164 38 41 la

202 1234 163 44 Société
391 1232 187 43 centrale
604 1230 332 43 d'architecture
960 1228 91 55 qui,
1080 1242 98 28 sans
1204 1226 75 42 lier
1308 1226 56 42 les

203 1297 260 46 tribunaux,
501 1293 219 42 constitue
757 1301 217 44 pourtant
1010 1289 110 42 dans
1156 1303 43 28 sa
1237 1286 101 55 géné-

202 1357 136 48 ralité,
374 1371 78 39 par
487 1355 35 42 le
558 1355 96 42 soin
692 1365 38 30 et
763 1354 39 41 la
838 1350 279 44 modération
1153 1364 97 26 avec
1286 1349 58 41 les-

202 1420 122 54 quels
359 1419 28 41 il
423 1434 21 26 a
478 1416 62 42 été
573 1415 147 45 établi,
756 1429 84 27 une
873 1411 245 44 indication
1152 1409 211 56 précieuse

202 1495 39 31 et
278 1481 141 41 sûre...
463 1494 22 25 »

271 1540 135 43 Voilà
438 1540 100 41 bien
572 1539 58 41 du
665 1536 118 47 neuf,
818 1550 97 29 sans
947 1533 220 44 contredit
1205 1548 9 25 ;
1253 1532 89 43 l'an-

203 1605 121 54 tique
355 1602 104 44 tarif
489 1613 59 30 est
579 1598 164 44 enterré
774 1609 38 31 et
842 1598 35 41 le
906 1610 202 29 nouveau
1140 1592 170 43 barème
1345 1608 19 26 a

204 1665 132 53 repris
372 1679 61 27 ses
470 1662 191 43 affaires.

1578 428 57 43 Le
1662 427 212 46 tribunal,
1908 426 279 51 néanmoins,
2215 440 154 32 trouve
2394 425 110 55 qu'il
2531 439 52 27 va
2613 437 59 29 un

1510 505 83 38 peu
1629 491 108 41 loin.
1772 489 120 43 Pour
1926 489 10 41 l
1961 487 321 54 avant-projet,
2319 487 34 42 le
2385 485 146 54 projet
2563 484 91 43 défi-

1513 551 119 48 nitif,
1665 552 34 41 le
1725 550 142 43 cahier
1895 550 72 42 des
1991 550 189 53 charges,
2211 550 33 41 le
2271 548 229 54 jugement
2531 546 144 42 alloue

1513 613 20 40 à
1580 612 261 42 l'architecte
1888 612 55 41 les
1988 609 230 45 tantièmes
2264 608 204 55 indiqués
2512 622 78 37 par
2637 606 37 43 la

1513 673 163 42 Société
1701 673 186 42 centrale
1916 672 345 41 d'architecture.

1580 734 118 42 Mais
1724 736 28 42 il
1781 750 39 26 se
1848 734 138 41 refuse
2012 733 21 41 à
2062 733 141 41 suivre
2230 731 160 42 celle-ci
2418 731 152 54 quand
2597 728 78 42 elle

1512 811 189 38 propose
1733 797 50 40 de
1813 810 132 39 payer
1975 795 21 40 à
2029 793 262 42 l'architecte
2324 806 79 27 son
2439 790 236 43 honoraire

1512 858 118 53 plein
1656 873 72 26 sur
1755 858 55 42 les
1837 870 187 30 travaux
2051 853 302 45 abandonnés.
2385 853 35 42 Il
2448 868 25 38 y
2502 870 21 26 a
2549 865 95 29 man-

1513 935 83 39 que
1624 919 20 41 à
1673 919 185 54 gagner?
1886 919 108 40 Sans
2020 917 148 42 doute.
2195 915 56 44 Et
2277 916 28 42 il
2332 930 25 38 y
2386 931 21 25 a
2434 914 111 42 aussi
2575 914 80 41 l'ar-

1514 981 95 41 ticle
1646 995 120 39 1794
1796 981 58 40 du
1882 979 124 42 Code
2032 978 115 42 civil.
2178 977 117 41 Mais
2324 975 262 43 l'architecte
2615 984 61 30 est

1514 1042 130 42 libéré
1667 1043 50 41 de
1743 1042 38 41 la
1806 1040 212 42 direction
2044 1040 71 41 des
2140 1051 188 30 travaux
2356 1049 38 30 et
2423 1037 50 41 de
2501 1037 37 41 la
2565 1034 88 43 véri-

1513 1104 185 42 fication
1736 1104 70 43 des
1842 1102 243 44 mémoires.
2123 1100 73 41 On
2235 1115 51 26 ne
2319 1112 106 40 peut
2458 1108 218 42 pourtant

1514 1181 74 37 pas
1623 1167 34 40 le
1691 1180 131 38 payer
1855 1178 114 38 pour
2001 1178 50 27 ne
2083 1162 88 41 rien
2203 1160 121 43 faire.
2359 1160 58 41 Le
2446 1159 230 54 jugement

1515 1227 143 41 réduit
1681 1226 21 41 à
1729 1241 58 26 un
1814 1225 190 42 dixième
2028 1227 35 40 le
2089 1234 211 31 montant
2325 1221 71 42 des
2419 1217 257 45 honoraires

1514 1287 236 42 demandés
1778 1287 50 42 de
1854 1301 41 26 ce
1920 1285 111 42 chef.

1581 1349 120 43 C'est
1723 1348 173 54 maigre,
1923 1347 152 43 diront
2099 1348 55 40 les
2175 1343 361 56 professionnels.
2564 1342 113 41 Leur

1514 1410 196 42 confrère
1757 1425 50 26 en
1856 1425 21 25 a
1927 1423 48 26 eu
2025 1407 245 53 cependant
2319 1418 113 40 pour
2480 1402 100 54 plus
2627 1402 49 42 de

1525 1487 169 39 13,000
1722 1471 157 43 francs,
1911 1469 119 53 après
2060 1469 38 41 la
2126 1467 282 54 préparation
2438 1476 39 32 et
2507 1466 37 41 la
2571 1478 79 29 con-

1515 1533 162 42 fection
1707 1533 50 40 de
1784 1547 60 26 ses
1873 1531 140 53 plans,
2048 1530 76 54 qui
2155 1530 131 41 n'ont
2314 1542 76 39 pas
2418 1526 124 43 servi.
2571 1524 106 42 Plus

1516 1595 107 41 d'un
1656 1593 211 42 bâtisseur
1895 1607 86 27 sera
2013 1590 139 42 d'avis
2182 1605 83 39 que
2293 1590 100 41 c'est
2422 1587 99 42 bien
2551 1584 124 56 payé.

2372 1648 198 49 (YVES.
2591 1648 15 49 )

206 2197 490 112 ECHOS
759 2233 71 43 -
894 2190 1183 117 INFORMATIONS

210 2399 147 67 Du
421 2396 276 79 Pays
740 2396 42 79 :

202 2551 384 46 BRUXELLES.
638 2549 326 44 INSTITUT
1012 2546 355 46 SUPERIEUR

205 2616 113 42 DES
365 2613 169 46 ARTS
578 2612 420 45 DECORATIFS.
1046 2610 321 43 DIPLOMES

205 2677 327 44 DECERNES
561 2676 84 42 EN
673 2674 273 44 JUILLET
983 2688 136 40 1930.

271 2777 303 41 Architecture
615 2792 8 26 :
663 2789 98 28 avec
797 2773 259 42 distinction
1100 2788 8 25 :
1148 2771 65 42 M.
1253 2770 116 43 René

207 2838 238 45 Michaux;
494 2852 97 28 avec
635 2836 275 43 satisfaction
962 2851 9 25 :
1016 2834 124 42 MM.
1186 2834 184 52 Jacques

208 2901 192 44 Stevens,
431 2901 109 41 Jean
572 2914 85 27 van
688 2899 224 45 Laethem,
943 2897 212 41 Edouard
1186 2895 117 42 Yves
1332 2905 38 30 et

210 2963 175 55 Eugène
420 2963 190 42 Delatte.

276 3025 272 42 Urbanisme
607 3039 8 26 :
673 3038 98 27 avec
822 3023 164 53 grande
1037 3019 259 44 distinction
1359 3034 7 25 :

208 3087 122 42 MM.
365 3086 197 43 Maurice
594 3086 230 53 Heymans
857 3099 39 30 et
927 3085 109 41 Jean
1067 3082 191 42 Canneel
1289 3081 61 43 (ce-

212 3150 120 42 lui-ci
377 3164 115 39 pour
532 3148 318 43 l'architecture
892 3147 72 42 des
1005 3145 223 53 jardins);
1274 3156 96 28 avec

211 3212 260 42 distinction
522 3227 8 25 :
576 3209 124 43 MM.
745 3210 111 42 Paul
894 3208 179 53 Fitschy
1116 3219 39 31 et
1197 3205 174 54 Eugène

211 3273 175 43 Delatte
424 3285 39 31 et
499 3272 112 43 Mlle
645 3272 146 42 Claire
827 3270 245 44 Henrotin;
1115 3283 98 28 avec
1248 3266 103 44 satis-

210 3335 167 45 faction
416 3335 124 42 MM.
580 3334 218 41 Michaux
835 3346 38 31 et
911 3333 192 42 Sfcevens.

275 3398 260 54 Esthétique
581 3396 204 54 pratique
839 3412 8 24 :
898 3410 97 26 avec
1044 3393 259 43 distinction
1360 3406 9 25 ;

212 3459 63 43 M.
308 3476 84 26 van
424 3460 233 44 Laethem;
691 3473 97 28 avec
818 3456 274 44 satisfaction
1121 3469 40 30 et
1188 3453 164 43 félicita-

212 3523 117 41 tions
357 3524 58 40 du
444 3521 102 54 jury
579 3537 9 26 :
619 3520 124 43 MM.
772 3520 180 52 Fitschy
978 3533 40 32 et
1046 3518 198 43 Stevens;
1275 3529 97 30 avec

212 3585 273 43 satisfaction
531 3600 8 26 :
578 3584 66 42 M.
682 3582 232 43 Michaux.

1514 2389 152 73 De
1719 2386 587 81 l'Etranger
2372 2396 31 59 :

1515 2521 385 38 Alltmagne.

1514 2581 420 43 MUHLACKER.
1965 2578 425 44 CHARPENTES
2416 2578 81 42 EN
2524 2578 152 42 BOIS.

1517 2645 73 41 On
1621 2644 82 43 sait
1733 2658 82 39 que
1849 2644 54 40 les
1931 2643 49 40 P.
2014 2642 59 42 T.
2107 2641 57 41 T-
2195 2641 245 42 allemands
2470 2653 81 30 ont
2583 2639 96 53 déjà

1517 2706 128 41 édifié
1692 2704 354 43 d'intéressantes
2089 2704 327 41 constructions
2462 2717 48 27 en
2559 2704 98 40 char-

1517 2781 147 41 pentes
1694 2769 51 40 de
1775 2768 109 45 bois,
1918 2778 284 31 notamment
2232 2766 71 42 des
2335 2765 112 41 mâts
2477 2766 179 40 d'anten-

1520 2846 70 26 nes
1628 2829 478 54 radiotélégraphiques
2142 2828 248 53 atteignant
2430 2828 59 40 80
2530 2826 153 41 mètres

1520 2894 49 40 de
1607 2893 199 41 hauteur.
1849 2892 58 40 Ils
1948 2892 211 40 viennent
2198 2891 50 41 de
2286 2890 204 53 procéder
2528 2888 130 42 récem-

1523 2967 119 29 ment
1679 2956 12 40 l
1714 2954 186 42 érection
1938 2954 51 40 de
2025 2965 238 28 nouveaux
2301 2952 125 43 mâts,
2465 2951 21 41 à

1519 3017 384 52 acker-Stuttgart,
1939 3015 76 54 qui
2048 3025 82 30 ont
2171 3029 87 26 100
2293 3014 153 41 mètres
2478 3013 50 42 de
2558 3013 122 42 haut.

1519 3079 186 53 Chaque
1734 3078 92 41 mât
1856 3077 72 44 fut
1959 3076 173 42 exécuté
2163 3092 50 26 en
2249 3092 57 26 20
2338 3076 145 52 jours;
2517 3076 39 41 la
2587 3075 97 41 bas:

1521 3140 144 42 forme
1697 3155 58 26 un
1789 3139 114 41 carré
1935 3140 48 40 de
2025 3154 10 26 1
2053 3154 21 39 5
2111 3139 153 41 mètres
2297 3139 50 41 de
2376 3137 107 46 côté,
2519 3138 165 53 chaque

1520 3203 127 53 angle
1682 3202 120 42 étant
1836 3201 265 42 solidement
2136 3201 123 44 ancré
2293 3201 110 40 dans
2439 3201 34 41 le
2507 3199 63 42 sol
2608 3214 75 38 par

1520 3279 58 27 un
1625 3265 124 53 pilier
1794 3264 49 41 de
1886 3264 149 43 béton,
2082 3279 50 26 en
2175 3262 144 42 forme
2363 3262 50 42 de
2455 3260 229 54 pyramide

1522 3326 233 54 tronquée;
1788 3326 20 40 à
1849 3341 87 26 100
1969 3326 153 41 mètres
2154 3326 50 40 de
2236 3326 123 43 haut,
2393 3325 34 41 le
2462 3323 90 43 mât
2582 3339 77 36 sup-

1521 3402 124 40 porte
1681 3404 83 26 une
1799 3388 287 53 plate-forme
2122 3389 51 40 de
2214 3402 66 40 1,5
2321 3391 38 38 X
2403 3401 66 40 1,5
2510 3401 80 29 m.;
2629 3387 55 40 les

1521 3452 114 41 deux
1681 3450 113 42 mâts
1836 3464 103 30 sont
1980 3450 189 43 distants
2211 3450 93 41 l'un
2347 3449 50 41 de
2439 3449 154 41 l'autre
2635 3448 49 41 de

1524 3529 90 26 200
1651 3514 167 41 mètres.
1855 3513 80 42 Les
1966 3513 157 41 calculs
2155 3511 153 43 furent
2340 3510 155 43 établis
2526 3525 71 28 sur
2647 3511 36 40 la

1520 3577 98 42 base
1655 3577 109 42 d'un
1803 3575 138 44 effort
1977 3576 58 42 du
2072 3586 104 31 vent
2213 3575 50 42 de
2303 3589 90 27 200
2432 3570 191 55 kgs/m\
2662 3571 21 42 à
