3137 4323
2233 299 313 54 TEK
2623 298 58 54 H
2761 298 60 54 N
2901 291 47 61 É

455 3747 160 56 254

466 447 207 52 toujours
710 446 101 53 plus
849 444 300 54 approfondie
1188 443 59 42 du
1286 441 181 45 confort
1504 455 41 32 et
1581 440 52 41 de

465 509 253 53 l'hygiène,'
751 508 49 40 de
849 508 38 42 la
938 504 285 54 multiplicité
1265 504 70 42 des
1384 502 247 43 matériaux

465 585 251 26 nouveaux.
751 569 150 42 Parmi
931 583 61 26 ces
1025 566 204 51 derniers,
1261 566 37 42 le
1327 565 137 42 béton
1498 563 130 44 armé,

463 647 98 26 avec
594 634 56 41 les
684 630 316 42 merveilleuses
1032 627 285 55 perspectives
1348 642 60 39 qu
1430 626 31 43 il
1494 642 21 26 a
1547 640 56 28 ou-

462 706 137 30 vertes
629 704 39 32 et
699 692 192 42 l'audace
923 691 112 54 qu'il
1065 700 181 43 permet,
1277 703 160 38 occupe
1470 688 36 41 le
1533 702 73 39 pre-

465 756 106 41 mier
604 769 120 38 rang.
761 754 90 41 Son
884 767 141 39 usage,
1058 752 209 51 toujours
1297 750 100 53 plus
1429 748 199 45 intensif,

465 835 20 26 a
521 816 104 54 posé
659 829 39 30 et
735 830 103 38 pose
873 829 151 27 encore
1060 828 61 26 un
1159 811 161 43 certain
1357 811 188 41 nombre
1581 809 51 43 de

464 878 249 53 problèmes
748 892 7 26 :
787 875 267 49 isothermie,
1084 872 261 52 insonorité,
1376 872 257 43 étanchéité,

460 940 79 40 ceci
562 939 306 53 spécialement
891 953 50 26 en
963 953 41 26 ce
1025 936 77 54 qui
1124 950 209 27 concerne
1355 935 57 41 les
1434 946 197 30 terrasses

463 1002 76 53 qui
569 1001 183 43 tendent
777 1000 49 41 de
851 1000 101 52 plus
978 1014 50 27 en
1053 997 102 54 plus
1180 997 20 42 à
1228 996 206 43 détrôner
1458 995 58 43 les
1542 994 67 44 toi-

463 1075 115 29 tures
612 1063 200 40 d'antan.

532 1124 153 42 Toute
709 1134 105 32 cette
839 1119 269 56 complexité
1132 1120 50 42 de
1206 1120 41 42 la
1271 1118 237 56 technique
1533 1132 66 29 mo-

464 1186 129 42 derne
630 1201 21 25 a
691 1185 137 41 rendu
866 1183 264 43 l'architecte
1164 1182 103 53 plus
1302 1179 330 54 indispensable

465 1263 82 38 que
583 1247 158 52 jamais
779 1260 40 29 et
856 1263 21 26 a
915 1244 429 42 considérablement
1381 1242 132 54 élargi
1550 1256 79 26 son

462 1311 161 40 action.
666 1308 314 53 Aujourd'hui
1022 1321 171 27 comme
1231 1304 227 48 autrefois,
1500 1305 30 41 il
1568 1313 63 32 est

464 1371 181 42 l'artiste
685 1370 77 55 qui
803 1369 175 52 conçoit
1018 1381 40 30 et
1097 1367 76 55 qui
1215 1367 137 54 dirige
1391 1366 57 43 les
1488 1378 142 30 autres

462 1447 126 39 corps
612 1432 155 45 d'état;
794 1432 29 41 il
847 1443 61 30 est
930 1432 36 41 le
986 1430 314 52 compositeur,
1330 1430 36 40 le
1388 1427 98 43 chef
1509 1428 97 41 d'or-

460 1496 163 41 chestre
655 1494 114 43 dont
801 1508 59 26 on
894 1508 51 26 ne
976 1491 164 43 saurait
1172 1491 208 43 d'autant
1411 1490 148 41 moins
1589 1502 40 27 se

462 1571 143 38 passer
630 1571 83 38 que
741 1556 36 41 le
800 1554 201 50 nombre,
1028 1555 40 41 la
1091 1553 228 54 puissance
1341 1563 40 30 et
1406 1552 40 41 la
1468 1548 162 45 variété

463 1618 73 41 des
572 1618 293 41 instruments
904 1632 39 26 se
980 1628 103 31 sont
1120 1613 405 55 prodigieusement
1563 1627 45 27 ac-

462 1694 109 28 crus.
601 1679 131 50 Mais,
762 1679 115 43 alors
904 1693 82 38 que
1012 1677 115 52 jadis
1153 1677 37 42 le
1214 1674 173 44 cabinet
1413 1675 36 43 le
1479 1674 151 41 mieux

463 1740 200 55 organisé
692 1756 53 26 ne
772 1740 272 52 comportait
1072 1753 83 39 que
1183 1737 108 43 trois
1319 1735 233 55 catégories
1580 1734 51 43 de

464 1803 277 43 sous-ordres
788 1818 9 24 :
846 1801 292 52 l'inspecteur,
1186 1800 37 41 le
1266 1798 281 43 dessinateur,
1595 1797 35 41 le

462 1864 290 44 vérificateur,
785 1863 281 43 maintenant
1093 1860 276 51 l'architecte,
1397 1874 117 40 pour
1540 1873 60 28 me-

464 1941 74 26 ner
561 1926 20 41 à
606 1926 100 41 bien
731 1941 42 26 sa
799 1924 122 43 tâche
946 1924 97 42 doit
1065 1926 243 40 s'entourer
1332 1921 297 54 d'ingénieurs

463 1999 39 30 et
527 1987 50 42 de
600 1987 259 53 spécialistes
888 1987 48 40 de
962 1995 124 32 toute
1109 1995 114 32 sorte
1246 1997 41 30 et
1311 1983 124 43 avoir
1460 1995 170 30 recours

463 2064 87 26 aux
573 2048 183 41 conseils
779 2048 246 53 juridiques
1050 2046 71 43 des
1144 2056 175 32 avocats
1341 2056 40 31 et
1404 2043 71 43 des
1497 2044 100 42 hom-

463 2126 87 26 mes
574 2110 50 42 de
647 2110 74 41 loi.
746 2110 58 40 Le
826 2124 177 26 cerveau
1031 2108 49 41 de
1103 2106 263 44 l'architecte
1388 2105 216 42 constitue-

463 2171 138 42 rait-il
644 2187 83 26 une
769 2169 306 54 encyclopédie
1116 2169 62 42 lui
1218 2178 270 43 permettant
1530 2175 100 34 tout

458 2232 219 43 ensemble
708 2233 51 41 de
790 2232 181 42 calculer
1004 2233 35 40 le
1069 2230 135 42 béton
1237 2230 129 43 armé,
1403 2230 36 42 le
1470 2228 130 42 chauf-

461 2295 97 54 fage
593 2295 176 48 central,
811 2294 188 53 l'alliage
1036 2294 71 41 des
1143 2292 182 43 métaux
1360 2303 41 31 et
1437 2291 50 42 de
1522 2305 80 28 con-

462 2357 140 41 naître
637 2368 143 30 toutes
818 2359 55 40 les
912 2354 269 43 nouveautés
1216 2353 300 55 scientifiques
1550 2352 76 54 qui

461 2420 193 42 naissent
686 2418 166 53 chaque
886 2416 117 53 jour,
1039 2416 113 55 qu'il
1187 2416 62 42 lui
1282 2414 127 45 serait
1444 2415 109 45 dans
1589 2414 39 42 la

459 2481 183 52 plupart
672 2479 71 41 des
771 2494 65 27 cas
866 2478 257 53 impossible
1152 2477 50 42 de
1232 2476 176 43 vérifier
1436 2491 79 38 par
1543 2475 64 43 lui-

461 2542 139 40 même
635 2552 101 30 tous
769 2542 57 41 les
859 2540 154 42 détails
1049 2540 49 41 de
1132 2538 12 42 1
1166 2538 254 51 immeuble,
1459 2538 168 42 devenu

461 2618 84 26 une
576 2602 210 42 véritable
818 2602 135 48 usine,
988 2601 58 42 où
1083 2603 100 40 l'art
1213 2611 40 32 et
1284 2601 40 42 la
1356 2599 158 43 science
1545 2609 83 31 ont

459 2676 99 41 part
593 2664 129 53 égale.

528 2726 137 45 Jadis,
700 2725 262 41 l'architecte
990 2724 188 53 pouvait
1207 2740 40 26 se
1275 2723 162 42 borner
1470 2723 21 41 à
1521 2736 80 28 con-

461 2787 142 42 cevoir
635 2798 38 31 et
706 2787 21 41 à
760 2787 302 41 commander.
1100 2783 329 56 Aujourd'hui,
1465 2784 30 44 il
1531 2783 97 42 doit

460 2848 273 52 s'adjoindre
778 2848 71 41 des
894 2847 346 42 collaborateurs
1285 2846 115 42 dont
1442 2846 30 42 il
1522 2855 106 32 reste

462 2910 263 41 néanmoins
759 2910 34 40 le
824 2909 110 41 chef.

529 2971 36 42 Il
595 2987 49 26 en
673 2970 176 43 découle
874 2985 115 39 pour
1019 2970 61 42 lui
1108 2985 59 27 un
1196 2969 188 44 surcroît
1413 2968 211 47 d'études,

463 3047 57 27 un
553 3033 187 41 surcroît
772 3032 50 42 de
849 3031 122 50 frais,
1006 3047 59 26 un
1098 3031 189 42 surcroît
1317 3031 50 41 de
1398 3045 204 38 responsa-

461 3094 158 44 bilités.
647 3094 58 41 Le
729 3109 203 26 nouveau
955 3093 105 42 code
1087 3093 129 42 devra
1239 3108 50 26 en
1314 3091 113 45 tenir
1451 3100 176 44 compte

461 3166 285 30 notamment
776 3170 49 26 en
856 3170 40 26 ce
926 3156 76 53 qui
1035 3154 158 43 touche
1224 3155 39 41 la
1296 3152 327 44 rémunération

461 3218 50 40 de
542 3216 276 42 l'architecte.

1021 3302 42 42 II

529 3363 332 52 L'importance
973 3377 112 29 nous
1110 3378 51 27 ne
1189 3363 151 42 disons
1363 3379 75 38 pas
1464 3364 38 41 la
1528 3361 73 54 pré-

460 3424 277 53 pondérance
852 3424 112 52 prise
990 3439 79 38 par
1096 3426 37 40 la
1161 3425 137 53 partie
1326 3424 233 54 technique
1585 3436 40 31 et

460 3485 278 54 scientifique
770 3486 50 40 de
851 3485 179 42 l'œuvre
1060 3506 21 26 a
1114 3485 129 43 incité
1271 3486 184 42 certains
1484 3497 118 31 entre-

459 3562 207 38 preneurs
696 3546 197 53 (surtout
924 3561 106 27 ceux
1062 3546 92 55 qui,
1187 3562 50 27 en
1271 3547 146 42 raison
1451 3547 51 42 de
1534 3546 91 42 leur

459 3608 250 52 profession
751 3608 152 47 même,
943 3608 235 53 possèdent
1216 3609 38 41 la
1295 3608 233 57 technique
1566 3622 58 28 ou

1783 440 54 42 les
1890 440 263 42 techniciens
2201 437 283 54 nécessaires)
2537 439 21 42 à
2611 452 152 40 penser
2814 437 134 54 qu'ils

1781 503 258 52 pourraient
2072 501 211 42 aisément
2315 517 39 29 se
2386 515 143 38 passer
2561 500 58 41 du
2651 513 213 28 concours
2900 498 48 42 de

1782 564 276 45 l'architecte.

1850 626 111 41 Sous
2000 625 178 42 couleur
2218 624 319 41 d'économiser
2577 624 56 41 les
2673 621 272 45 honoraires,

1781 688 51 41 ils
1853 701 246 39 proposent
2122 687 21 41 à
2169 687 91 41 leur
2283 685 195 42 clientèle
2503 685 50 42 de
2578 701 39 25 se
2640 685 177 53 charger
2841 698 80 27 eux-

1782 750 159 41 mêmes
1985 750 49 40 de
2079 748 360 42 l'établissement
2487 747 70 41 des
2600 745 170 55 projets
2814 757 40 30 et
2898 744 50 43 de

1780 826 205 38 procurer
2021 813 35 41 le
2091 810 303 42 financement
2432 809 49 42 de
2519 808 204 43 l'affaire.
2762 808 186 41 D'autre

1780 885 112 41 part,
1926 873 51 42 ils
2007 884 210 34 assurent,
2250 887 57 25 ou
2339 872 167 40 croient
2538 884 178 34 assurer,
2751 869 40 41 la
2822 883 101 27 coor-

1781 935 207 42 dination
2014 949 78 38 par
2118 934 36 42 le
2181 934 278 42 truchement
2486 932 110 41 d'un
2625 930 174 42 marché
2825 931 98 41 d'en-

1781 997 175 53 treprise
1983 995 208 55 générale.

1841 1071 81 41 Ces
1943 1080 234 32 errements
2198 1068 251 54 présentent
2470 1082 88 28 aux
2581 1081 117 39 yeux
2721 1068 57 42 les
2800 1063 148 44 moins

1781 1132 156 44 avertis
1964 1147 59 26 un
2052 1131 164 41 double
2242 1129 316 43 inconvénient
2592 1143 9 27 :

1846 1206 85 41 Par
1970 1218 184 40 rapport
2191 1219 88 27 aux
2317 1204 249 41 architectes
2613 1218 8 25 :
2662 1214 286 28 concurrence

1780 1284 114 37 pour
1919 1269 35 40 le
1977 1267 146 42 moins
2150 1266 228 54 illégitime
2401 1280 39 30 et
2465 1265 207 42 d'autant
2695 1263 100 52 plus
2818 1263 97 42 dom-

1782 1329 222 54 mageable
2037 1343 97 40 que,
2170 1343 114 38 pour
2320 1341 145 27 mener
2500 1326 21 41 à
2556 1325 101 42 bien
2693 1340 60 26 un
2788 1321 157 45 travail

1781 1393 49 40 de
1863 1390 301 54 composition
2201 1402 39 30 et
2277 1390 49 40 de
2360 1387 263 53 conception
2662 1388 160 52 auquel
2857 1384 91 42 leur

1780 1453 250 41 formation
2076 1468 50 26 ne
2171 1455 56 41 les
2270 1466 21 25 a
2336 1449 248 44 nullement
2627 1447 212 54 préparés,
2885 1460 62 26 ces

1780 1526 329 42 entrepreneurs
2143 1513 177 53 puisent
2356 1527 97 26 sans
2486 1521 215 42 compter,
2738 1524 61 26 vu
2836 1507 112 42 leurs

1779 1576 270 54 possibilités
2075 1574 273 48 financières,
2378 1574 110 40 dans
2513 1573 36 41 le
2574 1572 236 53 personnel
2837 1582 83 42 qua-

1781 1638 92 42 lifié
1921 1653 8 26 :
1975 1637 133 42 élèves
2150 1637 71 40 des
2263 1635 133 42 écoles
2438 1632 333 43 d'architecture
2813 1628 134 58 qu'ils

1781 1700 269 42 détournent
2090 1698 110 42 ainsi
2241 1699 50 40 de
2331 1697 38 41 la
2411 1694 266 55 profession,
2722 1691 225 55 employés

1779 1762 298 42 vérificateurs
2112 1774 59 27 ou
2210 1769 142 32 autres
2390 1768 136 42 ayant
2566 1755 147 54 acquis
2749 1769 79 38 par
2865 1767 82 27 nos

1780 1824 120 41 soins
1928 1825 36 41 le
1992 1823 100 52 plus
2121 1820 102 43 clair
2252 1820 50 41 de
2332 1822 91 41 leur
2450 1818 164 54 bagage
2640 1816 225 55 pratique;
2897 1814 50 41 de

1780 1886 98 42 telle
1912 1896 115 30 sorte
2058 1898 84 40 que
2176 1882 35 43 si
2246 1896 114 27 nous
2394 1881 77 52 n'y
2504 1893 194 40 prenons
2730 1877 143 54 garde,
2911 1875 36 42 le

1780 1957 289 31 recrutement
2092 1945 50 41 de
2166 1959 80 27 nos
2270 1941 346 44 collaborateurs
2641 1937 194 44 naturels
2858 1951 88 29 sera

1780 2009 81 41 tari
1889 2023 115 38 pour
2032 2021 114 28 nous
2175 2021 52 26 au
2256 2004 143 54 profit
2428 2003 71 42 des
2529 2013 343 42 entrepreneurs,
2907 2008 40 32 et

1780 2086 113 28 nous
1921 2085 52 25 ne
2000 2083 223 38 pourrons
2251 2067 100 52 plus
2380 2065 196 53 disposer
2603 2063 189 47 bientôt,
2825 2075 90 28 com-

1781 2148 65 25 me
1879 2131 233 54 personnel
2144 2129 262 41 subalterne,
2443 2142 82 38 que
2557 2126 71 40 des
2659 2122 143 44 laissés
2832 2136 115 40 pour

1778 2206 176 40 compte
1990 2192 49 41 de
2077 2190 268 52 l'entreprise
2383 2200 39 30 et
2458 2202 98 40 que,
2595 2200 82 39 peu
2716 2186 22 40 à
2775 2198 97 39 peu,
2913 2182 32 41 si

1779 2270 113 26 nous
1920 2269 51 27 ne
1997 2268 113 27 nous
2138 2251 226 52 efforçons
2393 2249 26 42 d
2443 2265 26 37 y
2497 2258 154 32 mettre
2681 2247 91 41 bon
2801 2244 141 48 ordre,

1779 2319 56 41 ies
1861 2315 248 43 architectes
2134 2312 273 44 eux-mêmes
2432 2309 296 43 deviendront
2753 2308 57 42 les
2834 2305 88 44 sala-

1778 2378 78 45 riés
1889 2378 50 42 de
1972 2375 250 43 l'industrie
2255 2375 59 40 du
2350 2372 234 43 bâtiment.

1845 2440 74 41 Au
1955 2439 132 52 point
2124 2437 50 41 de
2211 2451 82 26 vue
2331 2436 70 41 des
2437 2430 310 56 propriétaires
2791 2445 8 26 :
2840 2444 78 37 sup-

1777 2501 196 54 pression
2011 2500 59 41 du
2108 2497 199 43 contrôle
2343 2496 70 41 des
2450 2494 101 54 prix
2587 2504 40 31 et
2661 2490 282 55 suppression

1778 2565 49 40 de
1860 2564 37 41 la
1929 2561 286 43 surveillance
2246 2559 71 41 des
2347 2571 225 39 ouvrages,
2608 2567 101 30 tous
2740 2552 207 42 éléments

1776 2625 77 55 qui
1877 2623 184 43 rendent
2082 2623 39 41 la
2142 2622 182 53 plupart
2347 2620 56 42 du
2432 2631 142 39 temps
2594 2615 197 43 illusoire
2815 2614 108 44 l'éco-

1778 2686 148 42 nomie
1961 2686 70 44 des
2065 2683 280 44 honoraires;
2381 2679 263 54 conception
2680 2677 51 42 de
2764 2677 181 43 l'œuvre

1777 2762 39 30 et
1841 2747 299 53 composition
2169 2745 60 42 du
2255 2745 107 52 plan
2389 2741 146 43 moins
2563 2741 229 41 heureuses
2817 2736 102 54 géné-

1778 2810 212 42 ralement
2011 2822 123 39 parce
2154 2803 300 58 qu'exécutées
2476 2817 78 39 par
2577 2802 71 41 des
2671 2814 102 41 gens
2798 2796 146 45 moins

1777 2871 158 43 avertis
1974 2885 57 27 ou
2070 2884 77 38 par
2185 2883 59 26 un
2285 2865 233 54 personnel
2557 2861 387 44 insuffisamment

1776 2932 164 46 formé;
1971 2930 346 43 subordination
2343 2926 180 43 absolue
2548 2925 59 41 du
2631 2923 132 43 client
2787 2923 21 40 à
2836 2923 9 40 1
2870 2936 49 27 en-

1777 3008 251 40 trepreneur
2071 2992 76 54 qui
2190 2992 35 40 le
2268 2991 110 41 tient
2418 3003 79 39 par
2541 2988 34 41 le
2617 2986 322 42 financement;

1776 3057 139 45 enfin,
1956 3053 314 44 coordination
2312 3051 71 42 des
2420 3064 127 39 corps
2585 3048 136 42 d'état
2760 3043 161 45 insuffi-

1776 3129 120 31 sante
1933 3128 38 31 et
2005 3115 245 42 forcément
2288 3112 270 42 défectueuse
2592 3105 352 58 puisqu'exercée

1776 3196 51 26 au
1865 3178 144 54 profit
2042 3192 93 26 non
2170 3177 58 40 du
2262 3175 144 43 client,
2445 3173 109 42 mais
2589 3171 49 41 de
2675 3167 267 55 l'entreprise

1775 3241 195 55 générale
1995 3239 77 54 qui
2098 3253 103 26 aura
2227 3236 211 43 tendance
2462 3234 22 41 à
2511 3232 169 43 réaliser
2704 3231 57 41 les
2787 3228 133 44 instal-

1768 3304 164 42 lations
1954 3299 261 55 spécialisées
2237 3314 53 26 au
2313 3296 198 43 meilleur
2530 3295 101 54 prix
2653 3305 39 31 et
2713 3307 91 28 non
2834 3291 108 42 dans

1776 3366 56 40 les
1866 3363 241 44 meilleures
2136 3360 258 42 conditions
2428 3359 49 41 de
2510 3357 269 42 rendement.

1842 3426 37 41 Il
1916 3441 27 37 y
1983 3440 21 25 a
2040 3424 37 42 là
2117 3439 58 25 un
2212 3421 165 42 double
2413 3420 164 52 danger
2611 3429 152 31 contre
2799 3414 139 56 lequel

1766 3502 113 27 nous
1902 3487 167 41 devons
2091 3500 113 26 nous
2227 3481 220 48 défendre,
2474 3494 114 28 nous
2608 3491 40 30 et
2670 3490 81 30 nos
2773 3476 165 52 clients,

1774 3563 39 30 et
1842 3565 72 26 sur
1943 3547 184 55 lesquels
2157 3547 26 41 il
2213 3544 209 43 convient
2451 3544 26 41 d
2501 3542 149 42 attirer
2682 3538 257 44 l'attention

1774 3612 71 41 des
1881 3609 213 55 pouvoirs
2128 3607 188 55 publics.
2352 3606 102 46 Car,
2491 3603 138 47 enfin,
2671 3603 38 42 la
2744 3601 196 55 présence
