3137 4323
2224 355 311 56 TEK
2613 355 59 56 H
2752 354 61 57 N
2893 347 46 64 É

613 3864 0 0 252

461 511 109 30 vant
606 502 38 39 la
682 499 204 41 nouvelle
923 491 74 55 loi,
1035 509 100 33 tout
1173 493 249 58 organisme
1458 493 167 45 officiel

456 562 78 53 qui
573 562 175 42 obtient
790 576 84 26 une
915 561 141 53 prime
1096 576 114 37 pour
1248 560 271 48 habitation,
1564 573 58 26 ou

461 623 77 54 qui
577 623 180 54 possède
798 638 58 27 un
898 623 159 43 terrain
1096 623 108 42 libre
1243 623 50 40 de
1330 623 154 52 charge
1520 632 105 42 peut

461 685 232 42 bénéficier
729 685 110 42 d'un
878 698 211 40 emprunt
1127 686 49 41 de
1218 699 57 26 20
1314 685 21 40 à
1383 699 54 26 10
1474 698 77 29 ans
1587 698 40 26 se

461 760 213 30 montant
705 747 21 41 à
762 748 57 54 67
851 762 83 38 p.c.
971 748 71 41 des
1077 762 22 39 3
1133 746 268 55 cinquièmes
1433 746 58 41 du
1524 746 103 41 coût

460 811 58 40 du
551 812 162 40 terrain
746 821 39 31 et
818 811 50 41 de
899 812 39 41 la
971 810 320 42 construction.

526 884 96 41 Nos
660 884 309 53 propositions
1004 896 103 30 sont
1148 899 8 25 :

527 966 43 33 i°
620 958 213 43 Révision
884 959 71 40 des
999 958 129 53 plans
1176 957 327 54 urbanistiques
1552 956 48 41 dé-

454 1019 166 44 modés,

527 1108 23 26 2
560 1101 15 16 0
623 1093 251 43 Réduction
921 1094 71 41 des
1036 1093 295 43 lotissements
1377 1093 243 41 minimum

454 1155 110 42 dans
616 1157 39 40 la
706 1170 114 27 zone
872 1157 73 40 des
996 1155 194 42 maisons
1242 1155 150 42 isolées
1440 1155 176 54 jusqu'à

457 1232 95 38 400
597 1217 27 54 m
651 1217 27 54 2
705 1217 108 54 dans
856 1218 35 42 le
931 1233 66 27 cas
1037 1219 108 40 d'un
1190 1229 294 42 pourcentage
1527 1217 93 42 bâti

453 1280 50 41 de
534 1295 58 26 20
621 1295 84 38 p.c,

525 1357 22 39 3
558 1350 15 16 0
611 1342 252 43 Réduction
900 1343 49 41 de
983 1344 38 41 la
1057 1344 170 52 largeur
1261 1343 49 41 de
1344 1341 151 53 façade
1526 1341 71 54 jus-

456 1405 103 53 qu'à
603 1406 23 40 6
669 1420 43 26 m
733 1437 8 10 ,
785 1420 52 27 au
875 1420 66 26 cas
980 1404 57 43 où
1077 1420 54 26 au
1173 1405 147 42 moins
1360 1420 22 40 5
1425 1405 195 41 maisons

456 1467 261 41 semblables
762 1480 103 30 sont
909 1467 264 42 construites
1216 1482 49 26 en
1311 1467 166 54 rangée.

524 1537 51 45 4°
635 1529 211 43 Révision
903 1530 71 41 des
1030 1529 172 42 anciens
1258 1529 258 54 règlements
1573 1529 50 41 de

454 1591 306 41 construction
797 1591 122 53 après
951 1592 306 42 consultation
1294 1592 49 41 de
1377 1603 126 31 notre
1538 1606 63 27 sec-

463 1654 96 40 tion
597 1654 71 41 des
704 1653 199 54 Congrès
938 1654 390 42 Internationaux.

529 1728 235 41 ITALIE.
928 1728 57 41 Le
1035 1739 301 34 mouvement,
1387 1743 50 26 en
1488 1728 137 46 Italie,

463 1801 156 31 trouve
650 1790 403 53 particulièrement
1084 1790 261 54 opposition
1385 1807 10 25 :

534 1860 40 34 i°
601 1853 126 41 Dans
754 1855 36 40 le
814 1853 112 54 goût
951 1853 243 54 esthétique
1219 1865 41 30 et
1285 1855 109 40 dans
1422 1855 39 41 la
1488 1853 142 42 fausse

460 1915 340 53 interprétation
848 1916 50 41 de
947 1917 38 41 la
1035 1915 216 42 tradition
1301 1916 329 42 architecturale

462 1979 58 40 du
574 1978 151 52 public
776 1993 51 27 en
879 1977 170 54 général
1103 1990 39 30 et
1195 1978 72 41 des
1317 1978 311 42 commissions

456 2039 233 42 édilitaires
734 2039 301 54 municipales,
1081 2040 198 54 chargées
1321 2041 59 41 du
1423 2041 199 41 contrôle

455 2102 243 54 esthétique
729 2102 71 42 des
829 2102 329 42 constructions
1189 2103 109 42 dans
1329 2103 58 42 les
1415 2103 139 42 villes.

528 2180 23 26 2
559 2173 14 16 0
607 2165 126 41 Dans
766 2167 39 41 la
839 2164 225 44 difficulté
1098 2165 226 43 d'obtenir
1356 2167 71 43 des
1459 2165 141 53 perfec-

457 2228 305 42 tionnements
809 2227 286 43 constructifs
1144 2240 39 30 et
1234 2227 291 55 hygiéniques
1574 2243 51 26 en

460 2302 184 41 rapport
675 2305 98 26 avec
808 2291 57 41 les
899 2291 208 52 systèmes
1142 2305 238 28 nouveaux
1415 2291 50 42 de
1499 2305 101 27 cons-

459 2352 209 52 truction,
703 2368 101 27 sans
833 2352 199 54 dépasser
1061 2353 57 41 les
1148 2352 174 45 limites,
1356 2353 83 43 très
1470 2353 154 45 basses,

460 2415 71 41 des
580 2415 101 53 prix
735 2415 217 55 auxquels
1001 2430 59 26 on
1113 2415 115 41 bâtit
1279 2415 21 41 à
1350 2415 174 54 présent
1576 2430 51 26 en

460 2477 138 44 Italie.

529 2540 131 43 Tout
698 2540 87 43 cela
825 2556 124 38 parce
991 2555 83 40 que
1117 2542 56 40 les
1216 2540 237 43 industries
1496 2542 131 40 n'ont

461 2618 75 37 pas
580 2617 153 27 encore
776 2602 87 42 créé
907 2603 57 41 les
1008 2615 126 40 types
1176 2603 213 41 standard
1432 2603 72 44 des
1547 2602 60 42 élé-

461 2677 143 30 ments
634 2666 50 40 de
716 2665 39 42 la
788 2665 305 42 construction
1126 2664 219 43 nouvelle.

530 2743 22 39 3
561 2735 15 15 0
605 2728 126 41 Dans
761 2729 57 41 les
846 2727 160 43 actuels
1035 2727 260 54 règlements
1324 2728 50 41 de
1402 2738 200 32 construc-

458 2790 111 42 tion.

526 2853 122 41 Pour
676 2867 41 27 ce
746 2853 76 53 qui
852 2867 208 27 concerne
1091 2852 38 42 la
1161 2851 245 42 résolution
1436 2852 59 41 du
1523 2866 78 39 pro-

459 2916 141 41 blème
637 2916 50 40 de
721 2913 292 44 Vhabitation
1048 2913 245 43 minimum
1298 2947 11 14 f
1347 2914 122 53 après
1503 2914 124 42 avoir

459 2977 261 43 mentionné
782 2977 57 41 les
901 2977 206 41 résultats
1166 2977 191 41 obtenus
1418 2977 109 41 dans
1590 2977 35 41 le

456 3041 162 52 champ
649 3039 293 55 économique
971 3054 78 38 par
1081 3039 57 42 les
1170 3039 208 43 Instituts
1411 3039 72 42 des
1515 3038 82 42 mai-

457 3118 102 26 sons
607 3102 267 53 populaires,
924 3102 78 54 qui
1051 3101 216 46 bâtissent,
1311 3102 71 40 des
1429 3102 196 42 maisons

454 3180 115 38 pour
599 3166 57 41 les
684 3164 198 45 ouvriers
912 3178 42 30 et
981 3163 131 54 petits
1143 3163 239 54 employés,
1416 3164 21 41 à
1470 3175 153 43 quatre

458 3243 57 27 ou
547 3228 102 54 cinq
682 3227 153 54 étages,
870 3227 21 40 à
922 3227 72 41 des
1023 3225 101 54 prix
1155 3227 51 40 de
1237 3227 165 41 revient
1433 3226 84 42 très
1547 3227 77 41 bas

458 3305 77 39 par
574 3301 185 42 rapport
797 3290 21 42 à
857 3304 107 27 ceux
1004 3289 191 41 d'autres
1234 3304 122 38 pays,
1398 3303 114 27 nous
1552 3289 48 41 de-

454 3368 117 26 vons
611 3363 224 31 constater
876 3353 168 53 qu'une
1089 3351 199 41 solution
1336 3351 184 42 radicale
1564 3351 59 41 du

454 3415 229 54 problème
711 3429 163 38 pourra
904 3415 86 41 être
1018 3413 181 49 réalisée,
1234 3413 240 44 seulement
1503 3413 122 53 après

456 3493 85 26 une
578 3477 190 42 révision
807 3477 72 42 des
915 3476 163 43 actuels
1114 3476 259 54 règlements
1411 3476 50 41 de
1497 3490 101 27 cons-

458 3540 195 42 truction
698 3551 177 31 surtout
919 3539 50 41 de
1012 3552 107 28 ceux
1162 3539 78 54 qui
1281 3549 262 30 concernent
1585 3537 38 42 la

457 3603 189 42 hauteur
682 3602 244 41 minimum
964 3601 71 42 des
1069 3600 153 54 étages,
1262 3602 38 41 la
1336 3599 167 42 surface
1540 3599 56 42 mi-

459 3666 121 41 nima
623 3666 71 40 des
733 3665 243 46 chambres,
1022 3664 59 42 les
1119 3662 208 53 systèmes
1366 3663 50 41 de
1455 3661 148 44 lotisse-

1771 503 139 38 ment,
1959 510 49 26 en
2058 506 183 42 rapport
2288 509 99 27 avec
2436 494 38 41 la
2523 495 188 41 hauteur
2758 494 183 52 permise

1770 572 115 38 pour
1917 559 56 40 les
2005 557 256 41 bâtiments.

1842 619 221 42 SUISSE.
2198 619 129 41 Nous
2363 634 51 26 ne
2446 619 183 53 parlons
2663 619 52 42 ici
2749 633 85 40 que
2869 619 71 41 des

1773 681 214 42 obstacles
2018 696 183 38 propres
2234 681 21 41 à
2289 682 39 41 la
2363 681 155 50 Suisse,
2556 682 56 42 les
2645 692 141 31 autres
2820 680 120 44 étant

1775 744 261 42 semblables
2075 745 110 41 dans
2221 745 58 41 les
2318 743 142 42 divers
2498 758 109 39 pays
2643 744 50 41 de
2730 743 211 54 l'Europe

1775 806 281 46 occidentale,
2101 805 239 55 puisqu'ils
2383 817 84 30 ont
2509 807 92 41 leur
2646 805 141 43 raeine
2831 805 110 42 dans

1776 869 57 41 les
1872 868 144 45 fautes
2055 868 162 42 mêmes
2259 870 59 39 du
2361 868 159 54 régime
2561 869 139 42 actuel
2748 884 9 26 :
2802 868 138 42 l'Etat

1775 930 135 55 dirigé
1949 946 78 38 par
2066 930 262 42 l'économie
2365 930 144 53 privée
2548 943 39 29 et
2627 932 39 40 la
2703 929 234 55 propriété.

1841 993 81 41 Les
1959 993 310 42 observations
2311 993 183 52 ci-après
2537 1005 83 30 ont
2659 992 62 42 été
2763 992 177 42 établies

1776 1055 173 52 d'après
1994 1054 58 42 les
2098 1055 260 41 conditions
2403 1054 72 42 des
2518 1055 188 53 grandes
2751 1054 125 42 villes
2928 1070 8 25 :

1774 1117 178 47 Zurich,
1991 1116 118 48 Bâle,
2147 1117 175 42 Genève
2353 1131 43 30 et
2431 1117 247 51 Lausanne,
2716 1117 109 45 dans
2860 1119 60 40 les-

1775 1180 164 53 quelles
1976 1180 36 41 le
2049 1179 229 53 problème
2318 1180 71 40 des
2425 1180 133 52 petits
2596 1180 244 53 logements
2880 1190 60 30 est

1773 1242 137 41 rendu
1942 1242 115 52 aigu,
2089 1241 86 42 soit
2206 1256 78 38 par
2316 1240 38 43 la
2384 1241 205 54 question
2621 1242 50 40 de
2703 1241 215 44 l'assainis-

1776 1317 166 29 sement
1987 1303 254 53 important
2285 1304 71 40 des
2401 1303 132 42 vieux
2580 1303 215 54 quartiers
2838 1303 76 52 (Ge-

1775 1366 105 41 nève
1920 1377 40 30 et
2001 1366 234 41 Lausanne
2253 1366 29 52 ),
2327 1366 86 41 soit
2454 1381 78 37 par
2575 1366 364 41 l'accroissement

1773 1430 50 38 de
1858 1430 39 40 la
1931 1427 272 53 population
2238 1428 20 40 à
2294 1428 111 52 petit
2439 1442 173 30 revenu,

1849 1498 42 33 i°
1924 1491 74 40 Au
2029 1489 130 53 point
2192 1490 49 41 de
2272 1505 83 26 vue
2384 1489 50 42 de
2466 1489 225 53 l'opinion
2723 1489 217 54 publique

1773 1552 308 52 (travailleurs,
2151 1552 286 42 associations
2504 1552 49 41 de
2617 1552 320 43 construction,

1773 1615 244 52 journaux,
2057 1614 198 54 banques
2272 1615 15 52 )
2326 1614 199 42 relevons
2560 1614 57 44 les
2653 1628 162 27 erreurs
2852 1613 65 41 sui-

1775 1688 151 31 vantes
1968 1693 8 25 :

1839 1738 58 54 a)
1960 1738 276 42 L'élévation
2300 1738 59 42 du
2422 1738 212 42 standard
2699 1739 59 39 du
2822 1740 94 51 loge-

1772 1812 122 30 ment
1942 1813 60 29 est
2050 1800 345 54 proportionnel
2443 1800 21 41 à
2515 1802 38 40 la
2599 1800 167 41 surface
2812 1800 102 41 habi-

1775 1863 116 42 table
1944 1877 172 27 comme
2168 1863 22 40 à
2242 1863 39 42 la
2333 1863 188 42 hauteur
2574 1863 71 40 des
2699 1862 147 53 pièces,
2902 1874 38 29 et

1773 1926 56 40 les
1863 1926 315 53 changements
2213 1924 205 54 apportés
2453 1926 110 40 dans
2599 1924 339 54 l'organisation

1773 1988 58 40 du
1859 1988 107 52 plan
1993 1987 130 54 (petit
2151 1987 175 45 cuisine,
2359 1987 228 41 chambres
2613 1987 21 40 à
2664 1987 183 41 coucher
2878 1986 41 41 ré-

1775 2049 142 42 duites
1944 2061 40 30 et
2010 2050 164 52 grande
2202 2049 102 41 salle
2331 2049 49 40 de
2406 2048 147 53 séjour
2571 2049 14 53 )
2614 2062 103 30 sont
2744 2048 196 54 regardés

1773 2126 172 27 comme
1988 2109 306 44 défavorables
2335 2125 115 38 pour
2493 2110 304 47 l'habitation,
2841 2125 99 27 sans

1772 2173 114 42 tenir
1912 2185 175 40 compte
2114 2172 136 55 qu'ils
2278 2171 201 43 réalisent
2508 2188 59 26 un
2597 2172 197 42 meilleur
2824 2172 87 43 amé-

1772 2248 236 41 nagement
2037 2246 40 30 et
2106 2249 59 40 qu
2189 2235 51 42 ils
2274 2234 255 43 diminuent
2561 2235 57 41 les
2647 2235 175 53 charges
2855 2234 56 41 mé-

1771 2297 188 53 nagères.

1837 2360 27 41 b
1881 2359 16 54 )
1958 2359 59 42 Le
2077 2358 368 53 développement
2507 2359 50 41 de
2615 2359 39 42 la
2714 2369 201 30 construc-

1773 2422 97 41 tion
1909 2421 327 42 d'habitations
2275 2420 312 42 individuelles
2625 2420 190 45 satisfait
2852 2435 87 27 aux

1773 2484 223 53 exigences
2028 2484 50 40 de
2111 2483 234 53 l'hygiène,
2381 2497 53 27 au
2469 2482 215 42 maintien
2719 2483 51 41 de
2801 2483 39 41 la
2873 2481 44 42 fa-

1775 2545 134 44 mille,
1946 2545 22 41 à
2003 2559 80 28 son
2117 2545 343 47 accroissement,
2497 2545 115 41 alors
2645 2559 84 39 que
2763 2545 56 42 les
2853 2555 65 31 sta-

1773 2608 202 54 tistiques
2005 2619 226 41 prouvent
2263 2622 84 39 que
2380 2606 109 42 dans
2520 2607 58 42 les
2610 2606 129 54 vingt
2770 2606 145 42 derniè-

1772 2684 61 29 res
1881 2669 170 47 années,
2103 2669 39 41 la
2189 2669 172 41 famille
2407 2668 201 42 diminue
2652 2684 51 26 en
2753 2668 187 42 nombre

1776 2732 110 41 dans
1925 2733 57 40 les
2015 2731 126 42 villes
2177 2731 167 46 suisses,
2384 2745 40 30 et
2459 2731 88 42 cela
2585 2730 277 54 rapidement
2900 2742 40 30 et

1775 2794 110 42 dans
1919 2804 144 32 toutes
2100 2794 57 42 les
2192 2793 150 41 classes
2378 2808 93 26 non
2506 2792 297 54 possédantes.

1839 2872 22 26 c
1878 2855 15 53 )
1930 2856 60 42 Le
2025 2870 194 40 manque
2257 2856 50 40 de
2344 2854 229 42 confiance
2612 2855 109 41 dans
2757 2855 57 41 les
2850 2853 59 42 mé-

1773 2918 157 41 thodes
1957 2917 233 42 modernes
2218 2917 52 41 de
2295 2917 306 42 construction
2630 2916 120 54 (sous
2779 2916 36 42 le
2843 2930 72 39 rap-

1773 2994 103 39 port
1902 2981 50 41 de
1976 2982 39 40 la
2039 2979 190 45 solidité,
2260 2980 50 40 de
2336 2978 268 43 Fisolement
2629 2992 40 30 et
2695 2979 50 41 de
2772 2980 38 41 la
2834 2993 78 38 pro-

1775 3042 162 42 tection
1971 3053 152 30 contre
2156 3043 127 50 l'eau,
2320 3041 36 42 le
2391 3040 135 48 froid,
2565 3041 40 42 la
2639 3039 223 54 chaleur),
2900 3051 39 32 et

1772 3119 151 27 encore
1955 3104 109 43 dans
2098 3103 298 53 l'opposition
2428 3114 152 30 contre
2615 3102 177 53 l'aspect
2826 3116 84 27 nou-

1773 3182 107 27 veau
1917 3165 211 43 intérieur
2160 3180 58 26 ou
2255 3165 213 42 extérieur
2500 3164 91 42 créé
2624 3179 78 38 par
2737 3165 39 41 la
2812 3178 100 28 cons-

1770 3229 196 42 truction
1999 3227 223 43 moderne.

1843 3305 22 27 2
1875 3298 15 17 0
1922 3290 229 42 Obstacles
2178 3300 252 42 provenant
2460 3290 71 40 des
2558 3287 210 45 autorités
2802 3304 9 26 :
2843 3287 64 53 Ap-

1771 3352 99 54 puis
1909 3352 252 42 financiers.

1838 3415 63 42 La
1933 3414 305 42 construction
2273 3413 50 42 de
2356 3413 247 54 logements
2634 3424 60 30 est
2726 3423 213 30 soutenue

1772 3479 109 40 dans
1912 3477 56 44 les
1996 3476 127 43 villes
2150 3475 215 54 précitées,
2396 3475 26 41 d
2446 3489 59 27 un
2534 3474 94 42 côté
2657 3489 78 38 par
2763 3474 176 43 l'octroi

1774 3540 48 40 de
1859 3540 161 52 primes
2055 3537 21 42 à
2115 3537 139 43 fonds
2288 3537 174 54 perdus,
2503 3536 171 43 d'autre
2711 3547 111 42 part,
2860 3550 79 39 par

1770 3601 71 42 des
1871 3600 313 54 hypothèques
2215 3615 50 27 en
2298 3598 228 43 deuxième
2557 3612 120 40 rang,
2711 3596 227 43 concédées

1772 3678 86 27 aux
1894 3662 272 53 organismes
2201 3662 52 43 de
2286 3661 322 43 construction.
