3137 4323
239 322 308 61 TEK
623 319 61 56 H
762 317 61 56 N
902 302 47 68 É

2594 3753 154 56 255

243 468 109 40 d'un
388 461 227 45 architecte
651 455 248 44 réellement
935 451 187 59 qualifié
1153 465 40 32 et
1227 463 155 40 respon-

243 527 117 42 sable
390 538 61 30 est
484 531 101 33 tout
618 520 50 40 de
701 517 140 42 même
877 529 83 28 une
993 512 180 43 sécurité
1207 512 51 42 de
1291 511 114 53 plus.

244 588 234 44 L'absence
512 579 276 46 d'architecte
821 590 39 30 et
892 591 79 39 par
1004 573 271 56 conséquent
1311 573 79 43 l'er-

245 665 94 28 reur
362 649 50 41 de
435 643 261 55 conception
722 653 39 31 et
784 640 51 41 de
860 637 234 56 technique
1117 647 62 32 est
1202 637 21 40 à
1249 637 39 42 la
1310 635 99 42 base

245 713 51 42 de
320 712 93 41 l'un
442 709 71 41 des
536 704 215 44 accidents
775 703 56 40 les
855 699 103 56 plus
978 698 163 44 récents
1165 710 39 31 et
1228 696 58 44 les
1308 695 102 56 plus

246 771 311 45 retentissants.

313 858 124 42 Dans
465 865 100 32 tout
592 852 93 49 ceci,
717 863 151 28 encore
894 846 169 44 n'est-il
1090 845 208 56 question
1326 859 85 41 que

246 922 72 40 des
350 919 255 49 dommages
640 927 87 27 aux
762 924 237 40 personnes
1032 923 58 26 ou
1124 922 88 27 aux
1245 907 163 41 choses.

247 982 80 41 Les
351 978 177 43 intérêts
556 976 49 42 de
633 974 101 42 rart
759 986 39 30 et
825 972 51 41 de
901 972 40 41 la
968 969 234 55 technique
1229 984 52 27 ne
1308 977 103 33 sont

247 1059 75 37 pas
352 1041 147 42 mieux
528 1035 217 55 respectés.
778 1034 115 53 Quel
923 1031 180 55 progrès
1129 1045 164 39 pourra
1322 1029 67 42 réa-

248 1106 95 41 liser
374 1103 99 43 l'art
503 1113 101 28 sous
634 1096 198 53 l'empire
862 1091 401 55 d'incompétents?
1296 1090 115 56 Quel

249 1166 386 50 développements
673 1167 224 44 pourront
936 1155 186 54 prendre
1160 1155 58 42 les
1256 1153 130 42 inven-

249 1228 118 41 tions
397 1237 38 30 et
470 1224 55 42 les
557 1219 203 56 procédés
793 1231 239 29 nouveaux
1065 1217 32 41 si
1129 1215 284 41 l'animateur

248 1303 76 38 par
365 1284 247 48 excellence,
657 1280 277 45 l'architecte,
978 1277 83 42 fait
1103 1275 153 45 défaut
1296 1289 116 39 pour

248 1348 244 42 combattre
522 1346 38 40 la
595 1341 199 44 routine?

317 1434 61 41 La
409 1432 111 42 seule
552 1429 189 42 réaction
770 1442 83 39 que
882 1427 11 40 1
916 1440 58 27 on
1005 1425 60 41 ait
1093 1423 201 42 observée
1320 1423 70 52 jus-

249 1495 132 54 qu'ici
422 1504 149 30 contre
611 1502 105 29 cette
758 1486 255 43 main-mise
1051 1483 271 55 progressive
1364 1484 50 40 de

251 1554 265 54 l'entreprise
548 1567 71 27 sur
649 1550 319 43 l'architecture
997 1547 134 42 réside
1254 1546 34 41 si
1319 1545 93 42 l'on

250 1628 172 41 excepte
446 1618 57 40 les
531 1611 318 45 lamentations
875 1624 38 31 et
940 1611 57 42 les
1020 1611 214 51 parlottes
1259 1608 76 54 qui
1364 1620 50 29 ne

251 1677 229 56 signifient
515 1676 89 41 rien
738 1673 109 41 dans
881 1686 41 27 ce
955 1670 84 43 fait
1072 1671 143 53 qu'un
1251 1668 163 42 certain

252 1740 185 42 nombre
466 1736 311 46 d'architectes,
809 1747 39 30 et
877 1748 90 27 non
1000 1733 72 41 des
1103 1730 238 51 moindres,
1376 1743 40 27 se

251 1814 102 30 sont
390 1800 81 42 mis
509 1799 49 42 de
597 1799 90 40 leur
724 1795 96 43 côté
854 1797 21 41 à
912 1794 108 43 faire
1058 1794 51 42 de
1148 1790 269 54 l'entreprise

251 1862 206 55 générale,
498 1860 85 42 soit
619 1873 79 39 par
733 1857 297 52 embauchage
1065 1854 134 42 direct
1235 1865 40 31 et
1311 1852 106 42 mise

251 1940 50 27 en
331 1938 144 28 œuvre
504 1923 71 42 des
605 1919 261 49 matériaux,
898 1917 86 44 soit
1013 1931 50 27 en
1094 1915 185 43 traitant
1309 1928 81 28 eux-

252 1986 159 42 mêmes
442 1985 22 41 à
496 1983 160 44 forfait
689 1994 39 30 et
760 1996 50 27 en
844 1979 316 43 sous-traitant
1193 1975 167 43 ensuite
1395 1975 21 41 à

252 2050 111 40 leurs
395 2046 163 55 risques
586 2056 39 30 et
653 2043 144 54 périls.

319 2133 128 42 Nous
473 2146 113 27 nous
614 2143 221 30 trouvons
859 2143 79 39 par
961 2126 112 43 suite
1096 2142 52 27 en
1174 2124 197 55 présence
1394 2123 24 42 à

250 2196 162 41 l'heure
433 2192 179 44 actuelle
633 2193 51 41 de
705 2192 116 41 deux
841 2187 234 56 catégories
1096 2185 320 44 d'architectes:

254 2257 261 42 l'architecte
545 2252 274 44 mandataire
851 2251 77 56 qui
959 2265 144 28 exerce
1134 2264 85 27 une
1246 2246 148 56 profes-

254 2319 96 42 sion
387 2316 174 44 libérale
597 2327 39 31 et
673 2325 105 31 reste
813 2313 273 44 strictement
1120 2312 37 42 le
1190 2309 230 43 défenseur

254 2381 72 41 des
355 2378 177 44 intérêts
562 2378 52 41 de
642 2391 80 29 son
752 2375 146 51 client,
931 2389 40 29 et
1003 2373 393 42 l'architecte-cons-

255 2453 225 32 tructeurs,
517 2439 76 54 qui
626 2453 143 27 exerce
801 2451 85 28 une
918 2434 251 56 profession
1202 2446 186 30 commer-

254 2504 103 41 ciale
402 2501 275 54 complétant
722 2514 81 27 son
849 2509 66 31 art
960 2498 51 41 de
1056 2495 242 43 technicien
1341 2506 79 40 par

255 2564 107 42 celui
392 2564 357 52 d'entrepreneur
778 2559 188 56 général.

324 2638 153 54 Qu'on
512 2646 179 44 regrette
723 2650 58 26 ou
818 2648 91 28 non
941 2643 108 31 cette
1083 2630 225 46 tendance,
1344 2627 78 44 elle

256 2699 153 46 existe;
442 2711 53 37 et,
529 2709 101 33 tout
661 2708 176 41 compte
865 2694 120 48 faite,
1020 2695 36 40 le
1085 2692 179 43 Conseil
1295 2689 100 42 d'ad-

258 2760 303 43 ministration
594 2759 51 42 de
678 2759 38 41 la
752 2757 41 44 S.
826 2756 49 44 P.
913 2756 55 44 A.
1002 2754 48 43 F.
1083 2752 224 44 considère
1338 2764 84 42 que

258 2824 57 40 les
346 2822 116 42 deux
494 2820 150 44 classes
677 2818 300 43 d'architectes
1011 2828 104 31 sont
1148 2813 271 45 nécessaires;

258 2885 57 41 les
353 2898 82 30 uns
472 2897 114 40 pour
623 2881 207 44 défendre
869 2882 57 41 les
964 2877 179 43 intérêts
1179 2873 134 45 sacrés
1350 2873 72 42 des

257 2946 165 45 clients,
458 2945 56 42 les
544 2954 141 33 autres
718 2957 114 40 pour
866 2957 39 27 se
936 2951 169 34 mettre,
1137 2936 286 56 précisément

257 3022 51 26 en
340 3006 144 42 raison
516 3006 51 42 de
596 3005 112 42 leurs
737 3003 333 43 connaissances
1100 2998 256 56 techniques
1384 3006 40 33 et

259 3069 49 41 de
336 3069 90 41 leur
454 3067 249 42 formation
732 3065 245 54 artistique,
1007 3064 21 42 à
1061 3063 39 42 la
1131 3061 83 43 tête
1241 3060 51 43 de
1321 3058 82 43 l'in-

260 3128 351 44 dustrialisation
645 3141 40 31 et
720 3128 50 42 de
807 3127 40 42 la
880 3123 446 45 commercialisation
1364 3119 59 42 du

261 3191 231 42 bâtiment.
541 3190 81 43 Les
669 3188 152 44 clients
868 3196 267 35 trouveront
1184 3182 238 49 d'ailleurs,

261 3252 151 54 auprès
444 3253 147 46 d'eux,
623 3263 102 33 tout
755 3266 53 27 au
839 3250 149 42 moins
1018 3248 40 43 la
1088 3245 199 57 garantie
1314 3242 88 44 dési-

261 3314 117 43 rable
404 3314 136 42 d'une
560 3313 152 42 bonne
733 3310 281 55 conception,
1044 3309 134 43 d'une
1202 3302 196 58 composi-

261 3376 96 41 tion
385 3375 262 44 rationnelle
670 3387 45 32 et
738 3374 134 42 d'une
898 3370 317 45 coordination
1240 3376 185 34 correcte

261 3437 71 43 des
358 3436 251 54 spécialités.
638 3436 119 43 Avec
783 3450 98 37 eux,
914 3434 102 44 l'art
1040 3448 53 28 ne
1119 3431 141 55 périra
1284 3445 77 39 pas
1385 3441 42 32 et

262 3499 35 41 le
325 3498 177 55 progrès
529 3513 52 27 ne
609 3497 164 46 saurait
798 3497 86 42 être
912 3494 170 55 enrayé.

329 3571 119 43 Pour
478 3572 112 42 tenir
616 3582 177 43 compte
825 3571 50 42 de
904 3571 40 41 la
973 3568 217 44 situation
1221 3563 206 46 nouvelle

252 3632 50 42 de
322 3642 125 33 notre
467 3631 250 54 profession
739 3645 40 32 et
799 3631 72 41 des
892 3631 105 43 faits
1018 3642 85 43 que
1122 3642 115 31 nous
1259 3636 169 33 venons

1558 447 244 54 d'exposer,
1846 445 35 44 le
1919 444 183 45 Conseil
2142 441 415 45 d'administration
2599 442 51 43 de
2687 432 39 50 la

1560 510 40 41 S.
1637 510 48 43 P.
1722 510 55 43 A.
1811 509 46 41 F.
1894 508 224 54 préconise
2156 523 8 26 :

1635 591 44 34 i°
1721 583 66 42 De
1851 593 155 32 mettre
2071 579 566 44 l'architecte-mandataire
2705 578 22 41 à

1560 645 140 42 même
1733 646 49 40 de
1818 643 180 54 remplir
2031 659 44 26 sa
2110 643 185 42 mission
2331 654 101 30 tout
2465 640 172 47 entière,
2675 654 51 28 en

1561 706 247 42 réformant
1850 707 35 41 le
1924 706 106 42 code
2069 705 180 42 Guadet
2289 705 25 41 d
2339 719 84 27 une
2463 702 119 43 main
2622 716 80 39 pru-

1561 769 140 46 dente,
1732 768 109 42 mais
1870 767 187 46 résolue;

1632 851 48 32 2°
1722 842 66 42 De
1826 842 245 41 collaborer
2110 840 282 42 étroitement
2429 854 99 27 avec
2566 839 57 44 les
2662 853 44 27 ar-

1560 905 550 40 chitectes-constructeurs
2122 918 9 30 ;

1632 974 49 46 3°
1722 966 273 42 D'interdire
2040 964 218 43 l'exercice
2301 964 50 42 de
2395 964 40 42 la
2477 961 251 55 profession

1559 1028 277 42 d'architecte
1869 1029 21 40 à
1927 1038 123 32 toute
2083 1041 217 38 personne
2336 1026 187 52 n'ayant
2554 1039 76 38 pas
2664 1023 42 42 ef-

1561 1090 140 43 fectué
1735 1091 56 41 les
1827 1089 148 44 études
2011 1089 249 42 nécessaires
2296 1103 58 26 ou
2389 1103 52 26 ne
2474 1087 256 54 présentant

1561 1167 76 39 pas
1692 1152 56 43 les
1802 1152 217 53 garanties
2076 1150 255 55 techniques
2385 1161 40 31 et
2479 1149 251 55 artistiques

1561 1213 362 54 indispensables.

1629 1275 68 42 En
1734 1291 41 26 ce
1812 1276 76 53 qui
1923 1289 210 27 concerne
2170 1275 57 40 les
2265 1272 440 43 architectes-manda-

1560 1338 138 47 taires,
1729 1352 113 27 nous
1869 1352 111 26 vous
2006 1347 280 31 soumettons
2309 1334 183 52 ci-joint
2520 1336 35 40 le
2582 1333 146 54 projet

1563 1401 109 40 d'un
1702 1414 203 27 nouveau
1933 1399 105 41 code
2067 1398 92 55 qui,
2190 1409 102 31 tout
2316 1413 51 26 en
2394 1395 259 54 s'inspirant
2681 1396 51 41 de

1561 1462 243 42 l'ancien,le
1831 1474 86 29 met
1942 1460 245 54 cependant
2213 1475 50 26 en
2291 1459 232 41 harmonie
2547 1473 98 26 avec
2674 1458 56 40 les

1564 1523 220 43 nécessités
1818 1523 214 42 actuelles.

1633 1586 124 41 Dans
1789 1600 42 27 sa
1866 1584 239 44 rédaction,
2140 1598 114 26 nous
2286 1597 139 28 avons
2457 1581 114 43 suivi
2602 1595 78 40 pas
2711 1580 22 40 à

1564 1662 75 38 pas
1681 1648 34 41 le
1755 1647 105 41 code
1902 1646 190 42 Guadet.
2136 1645 126 42 Cette
2303 1643 191 43 manière
2534 1642 200 54 d'opérer

1565 1724 113 26 nous
1707 1724 21 26 a
1756 1724 109 37 paru
1894 1707 242 54 préférable
2163 1708 21 41 à
2214 1720 101 30 tous
2343 1705 153 54 points
2526 1705 51 42 de
2604 1719 84 28 vue
2721 1719 9 26 :

1566 1771 188 41 d'abord
1790 1784 114 38 pour
1943 1784 51 26 ne
2031 1769 132 52 point
2199 1767 107 42 faire
2340 1766 146 54 figure
2520 1766 51 42 de
2609 1764 100 43 révo-

1567 1832 292 42 lutionnaires
1894 1846 50 27 en
1978 1830 167 42 faisant
2179 1829 117 42 table
2330 1843 88 28 rase
2453 1829 110 40 d'un
2597 1827 110 42 docu-

1566 1907 122 30 ment
1720 1893 401 53 particulièrement
2155 1889 261 54 respectable
2446 1901 40 31 et
2517 1888 194 55 générale-

1567 1969 122 30 ment
1722 1954 202 54 respecté;
1962 1953 181 50 ensuite,
2180 1967 115 39 pour
2328 1952 150 40 mieux
2510 1949 227 55 souligner

1567 2032 81 26 nos
1689 2017 232 41 tendances
1961 2030 77 38 par
2079 2029 83 27 une
2199 2011 337 55 juxtaposition
2578 2010 126 43 immé-

1567 2079 115 42 diate
1717 2079 70 41 des
1822 2077 230 42 anciennes
2088 2074 314 55 prescriptions
2438 2088 40 30 et
2512 2074 73 42 des
2622 2087 85 27 nou-

1567 2141 143 42 velles.

1634 2203 129 40 Nous
1808 2215 192 28 sommes
2044 2198 232 54 persuadés
2319 2212 84 40 que
2449 2198 35 41 le
2531 2210 206 28 nouveau

1568 2276 116 30 texte
1712 2279 83 39 que
1822 2277 113 28 nous
1961 2276 233 28 annexons
2221 2261 21 41 à
2272 2272 126 30 notre
2428 2270 185 41 rapport
2639 2270 73 40 per-

1569 2337 157 31 mettra
1769 2325 21 41 à
1833 2321 566 45 l'architecte-mandataire
2439 2321 216 41 d'exercer
2693 2332 43 27 sa

1568 2387 250 54 profession
1856 2386 134 41 d'une
2026 2384 132 52 façon
2196 2396 103 32 tout
2335 2383 115 41 aussi
2488 2380 250 43 honorable

1569 2465 81 39 que
1687 2464 77 38 par
1801 2451 34 40 le
1868 2447 134 53 passé,
2040 2447 50 41 de
2126 2446 219 52 s'adapter
2380 2444 21 42 à
2438 2443 130 43 l'aide
2604 2442 135 41 d'une

1569 2509 366 56 réglementation
1985 2508 146 42 moins
2180 2506 153 42 étroite
2381 2520 88 27 aux
2518 2502 222 44 nécessités

1571 2572 239 47 nouvelles,
1857 2583 102 31 tout
1999 2585 50 26 en
2095 2568 325 54 sauvegardant
2463 2568 58 41 les
2562 2564 179 45 intérêts

1571 2635 214 54 légitimes
1811 2634 51 41 de
1885 2648 61 28 ses
1969 2632 153 42 clients
2147 2643 40 30 et
2212 2631 51 41 de
2288 2645 61 27 ses
2374 2628 220 43 confrères
2619 2639 40 30 et
2686 2641 54 28 en

1572 2698 60 42 lui
1677 2709 201 31 assurant
1922 2709 84 27 une
2050 2694 114 51 juste
2208 2690 331 43 rémunération
2584 2689 50 42 de
2679 2702 62 31 ses

1571 2759 146 53 peines
1750 2769 40 30 et
1823 2757 51 42 de
1905 2771 79 27 son
2019 2754 159 45 savoir.
2214 2754 121 43 C'est
2366 2752 113 42 ainsi
2509 2766 85 40 que
2627 2763 115 29 nous

1572 2820 253 42 autorisons
1874 2817 263 43 l'architecte
2181 2816 22 41 à
2246 2817 222 50 s'occuper
2514 2814 51 41 de
2608 2812 132 53 façon

1573 2893 236 42 apparente
1834 2892 40 30 et
1901 2879 145 53 loyale
2070 2879 51 40 de
2145 2890 103 29 tous
2274 2877 57 42 les
2357 2875 157 43 détails
2540 2874 71 45 des
2636 2872 80 54 opé-

1573 2944 169 41 rations
1771 2940 337 45 immobilières;
2142 2954 113 27 nous
2286 2937 289 45 l'autorisons
2601 2933 118 55 expli-

1572 3006 207 42 citement
1808 3004 20 41 à
1861 3003 181 42 investir
2072 3003 72 40 des
2173 3001 209 52 capitaux
2413 2999 110 42 dans
2555 2998 72 41 des
2658 2997 56 41 im-

1574 3067 195 44 meubles
1801 3064 241 43 construits
2074 3078 78 39 par
2185 3062 169 42 actions
2387 3076 58 27 ou
2479 3074 51 28 en
2564 3057 157 55 partici-

1573 3130 172 52 pation,
1775 3141 39 30 et
1840 3128 21 40 à
1889 3126 225 43 surveiller
2140 3140 61 28 ses
2224 3123 210 54 capitaux
2458 3136 79 39 par
2564 3120 158 52 l'accep-

1574 3191 145 42 tation
1753 3191 50 41 de
1837 3199 146 44 postes
2016 3186 435 43 d'administrateurs
2483 3198 55 26 au
2570 3182 89 42 sein
2694 3180 51 42 de

1575 3252 175 43 sociétés
1828 3249 331 49 immobilières,
2241 3246 162 43 mêmes
2480 3257 262 40 anonymes.

1574 3315 187 41 D'autre
1790 3323 112 43 part,
1933 3326 115 28 nous
2075 3312 282 50 n'acceptons
2383 3320 167 29 aucune
2578 3303 147 44 restric-

1576 3377 97 43 tion
1698 3375 109 45 dans
1834 3375 36 42 le
1891 3386 110 30 taux
2023 3373 51 42 de
2098 3370 269 44 rétribution
2392 3368 51 42 de
2466 3365 280 45 l'architecte,

1577 3440 114 41 dont
1714 3452 80 27 son
1818 3437 132 43 client
1973 3447 39 30 et
2036 3434 62 44 lui
2121 3445 104 31 sont
2249 3431 111 43 seuls
2383 3431 144 52 juges;
2556 3442 113 27 nous
2693 3440 53 30 ne

1578 3515 113 27 nous
1717 3512 230 40 opposons
1969 3497 22 41 à
2015 3510 142 28 aucun
2185 3493 131 43 mode
2340 3493 50 42 de
2415 3488 330 46 rémunération

1577 3563 102 54 quel
1714 3576 83 39 que
1832 3560 86 41 soit
1952 3560 37 41 le
2023 3572 108 28 nom
2166 3557 139 54 qu'on
2343 3554 62 42 lui
2439 3553 150 41 donne
2622 3562 40 31 et
2697 3549 51 41 de

1577 3624 190 52 quelque
1794 3636 148 28 source
1969 3619 160 55 qu'elle
2156 3617 257 54 provienne,
2443 3614 109 43 mais
2578 3627 102 28 sous
2708 3610 40 42 la
