1511 2286
126 76 43 18 Nos.
179 78 30 16 5-6

337 76 137 21 July-August,
484 78 42 16 1915

651 78 21 16 20
680 81 55 14 cents

127 175 39 16 New
175 175 44 16 York
229 175 25 15 n’a
265 181 27 13 pas
302 181 21 9 vu
334 175 69 18 d’abord,
404 175 46 16 —n’a
461 181 27 13 pas
499 175 47 16 voulu
557 175 33 16 voir
600 182 49 13 apres.
670 175 66 16 Comme

127 201 30 9 une
167 195 46 19 jeune
224 195 30 15 fille
265 195 76 19 prudente
352 201 20 9 ou
383 201 60 9 comme
454 201 30 9 une
495 196 56 15 femme
562 196 56 15 mariee
630 196 105 19 economique,

127 215 28 16 elle
167 221 9 9 a
188 215 31 19 pris
232 220 51 11 routes
296 215 21 16 les
329 215 99 19 precautions
440 215 74 19 possibles
527 222 39 13 pour
578 222 19 9 ne
609 222 27 13 pas
649 216 87 15 s’assimiler

127 235 59 19 Tesprit
195 235 19 15 de
223 235 35 15 Tart
268 235 77 18 moderne,
355 235 67 19 rejetant
431 241 30 9 une
470 241 70 10 semence
548 236 26 19 qui
585 236 50 15 aurait
644 242 20 13 pu
673 240 63 11 trouver

128 262 20 9 un
159 255 57 16 terrain
227 255 26 16 des
265 255 33 19 plus
310 255 67 16 feconds.
399 255 31 16 Car
440 260 53 11 toutes
505 255 20 16 les
536 255 124 16 manifestations
672 256 18 15 de
701 256 27 15 Tac-

127 275 46 15 tivite
181 280 88 10 nettement
279 275 90 15 americaine
378 280 36 10 sont
423 280 35 11 tout
467 281 8 10 a
484 276 30 15 fait
524 276 70 15 d’accord
604 281 37 10 avec
651 276 57 19 Tesprit
717 276 19 15 de

128 295 35 16 Tart
174 295 77 16 moderne.
273 295 42 15 Mais
327 295 127 16 Tintellectualite
467 295 90 16 americaine
568 301 24 10 est
603 302 29 9 une
644 301 54 14 capote
710 296 26 19 qui

128 315 72 20 empeche
205 320 45 11 toute
256 315 91 20 conception
353 316 71 15 nouvelle
428 320 16 11 et
450 316 99 15 autochtone.
567 316 47 15 Cette
619 316 117 16 intellectuality

128 340 23 11 est
160 335 58 19 reflexe,
227 335 77 20 exotique,
313 341 20 10 ou
341 342 39 13 pour
388 335 51 16 mieux
447 335 32 16 dire
487 335 21 16 du
517 336 49 15 “titre
574 336 45 15 fixe.”

159 359 55 15 Mefiez
226 365 44 12 vous,
283 359 79 15 messieurs
375 359 20 15 les
409 359 94 18 americains,
516 360 18 15 de
547 365 27 10 vos
586 360 106 15 intellectuels.
716 360 20 15 Ils

129 384 35 11 sont
177 379 26 16 des
217 379 107 19 contrefafons
338 379 105 19 dangereuses.
468 379 20 16 Ils
501 379 59 16 croient
574 379 43 16 avoir
630 386 30 9 une
674 379 62 16 mission

129 399 89 18 lumineuse,
230 399 39 15 mais
281 399 32 15 leur
324 399 63 15 lumiere
399 399 42 15 brule
453 399 20 15 les
485 405 41 13 yeux
537 405 20 10 au
568 400 30 15 lieu
609 400 84 15 d’eclairer.
715 400 21 15 Ils

128 419 64 16 veulent
200 425 39 10 vous
247 419 73 16 feconder
328 425 16 10 se
353 424 65 14 croyant
427 419 26 16 des
462 419 60 16 etalons
532 419 39 16 alors
580 419 45 20 qu’ils
634 426 19 9 ne
661 424 36 11 sont
706 426 30 13 que

129 439 26 16 des
162 443 62 11 castres.
242 439 21 15 Ils
270 445 19 9 ne
296 443 35 11 sont
339 445 27 13 pas
374 439 12 15 le
394 439 63 20 produit
464 440 21 14 du
493 445 38 14 pays
538 444 16 11 et
561 440 32 15 leur
599 440 40 15 ideal
646 445 19 10 ne
672 440 64 19 depasse

129 465 27 14 pas
165 459 39 16 leurs
213 459 64 16 interets
286 459 92 19 personnels.

159 483 22 15 La
190 482 65 20 critique
265 488 19 10 ne
293 483 71 15 travaille
374 488 27 14 pas
411 488 39 14 pour
460 483 92 19 developper
562 489 23 10 ses
594 483 117 16 connaissances
721 488 15 11 et

129 503 21 15 les
159 502 95 19 disseminer;
269 502 27 16 elle
305 503 71 15 travaille
385 508 38 14 pour
432 508 20 10 un
461 503 58 15 salaire.

159 527 22 15 La
190 532 50 14 presse
250 532 8 9 a
267 532 33 10 cree
310 532 29 10 une
348 527 51 15 fausse
407 526 87 20 expression
504 527 18 15 de
531 527 14 15 la
555 527 24 15 vie
588 527 95 15 americaine.
703 527 33 15 Elle

129 553 9 9 a
146 546 27 16 fini
182 553 27 13 par
218 552 41 10 creer
268 553 29 9 une
307 546 74 16 necessite
388 546 56 16 factice
454 547 49 18 parmi
513 547 13 15 le
534 547 55 20 peuple
597 547 82 15 americain
687 553 18 9 en
716 547 20 15 lui

129 567 70 15 donnant
209 572 21 10 un
240 571 25 11 art
275 567 36 15 faux
320 571 16 11 et
347 572 29 10 une
386 567 51 15 fausse
447 567 92 15 litterature.
560 567 32 15 Elle
602 567 26 15 n’a
638 573 18 9 en
667 573 29 9 vue
707 573 29 13 que

129 587 14 15 la
152 586 100 20 speculation.

159 610 21 16 La
189 610 42 16 vraie
240 610 24 16 vie
273 610 91 16 americaine
373 610 71 16 demeure
453 610 97 20 inexprimee.

158 633 101 20 L’Amerique
268 638 40 11 reste
317 640 8 9 a
334 633 85 16 decouvrir.

159 657 69 19 Stieglitz
237 663 8 10 a
254 657 47 16 voulu
310 657 83 19 accomplir
401 657 13 15 le
424 657 65 16 miracle.

159 681 13 15 II
181 687 9 9 a
199 681 47 15 voulu
255 681 81 15 decouvrir
345 680 99 20 TAmerique;
458 681 10 15 il
479 687 8 9 a
496 682 47 15 voulu
552 687 30 14 que
592 682 20 15 les
622 681 89 16 americains
721 688 15 9 se

129 701 94 15 decouvrent
232 707 97 9 eux-memes.
349 701 41 15 Mais
400 706 39 14 pour
447 701 77 16 atteindre
533 708 27 9 son
569 702 29 15 but
606 702 10 14 il
625 708 9 8 a
642 701 71 19 employe
722 702 14 15 la

129 725 54 16 capote
193 721 18 15 de
221 721 14 15 la
245 721 97 20 psychologie
352 726 15 11 et
377 722 18 14 de
405 720 14 16 la
429 722 123 19 metaphysique.
573 722 12 15 Il
595 728 9 9 a
613 722 62 15 echoue.
696 722 40 15 Pour

129 741 43 15 avoir
180 741 26 15 des
216 741 71 15 resultats
296 741 68 19 vivants,
374 747 39 14 pour
421 747 41 9 creer
471 741 14 15 la
494 741 72 20 vie—pas
575 742 19 15 de
602 742 63 19 capote!

158 765 51 15 Toute
218 765 116 16 manifestation
343 765 26 19 qui
378 771 64 14 marque
451 771 29 10 une
489 765 79 16 evolution
577 765 33 16 doit
619 766 72 19 provenir
699 766 37 15 d’un

129 791 56 13 organe
195 785 25 19 qui
231 791 8 9 a
249 785 78 15 lui-meme
337 785 58 15 evolue.
416 785 52 16 Croire
479 785 36 20 qu’il
524 791 12 13 y
545 791 9 9 a
564 791 30 10 une
603 786 79 16 evolution
693 786 36 16 artis-

128 805 43 19 tique
183 805 78 19 lorsqu’au
273 805 30 15 lieu
315 805 18 15 de
345 805 51 19 copier
408 812 21 9 un
441 805 48 19 arbre,
502 805 65 16 Tartiste
580 806 42 19 copie
634 812 30 10 une
676 806 29 15 fille
717 806 19 15 de

129 825 144 19 Broadway—c’est
282 825 45 16 idiot!

157 849 45 15 Nous
211 854 48 10 avons
269 849 39 15 aussi
318 849 63 19 depasse
391 849 38 19 Tage
438 849 20 15 du
468 849 103 19 symbolisme.
590 849 44 16 Nous
643 856 19 9 ne
671 856 65 13 croyons

128 875 9 9 a
145 868 14 16 la
168 869 38 15 fleur
213 869 81 19 d’oranger
302 869 46 15 d’une
355 869 46 19 jeune
410 869 56 15 mariee
474 875 30 14 que
512 869 14 15 le
534 869 91 16 lendemain.

158 893 43 15 L’art
211 897 23 11 est
245 899 20 9 un
276 899 82 14 mensonge
368 894 26 19 qui
405 899 19 10 ne
434 898 38 15 peut
482 898 31 11 etre
524 894 55 15 vivant
589 900 30 13 que
629 894 52 19 quand
692 894 10 15 il
712 899 24 10 est

128 918 19 11 ne
155 913 19 16 de
183 913 14 16 la
206 913 55 19 verite;
275 918 16 11 et
300 913 9 16 il
319 913 26 19 n’y
354 919 8 10 a
371 913 61 16 d’autre
440 913 49 16 verite
498 920 29 13 que
537 914 14 15 la
559 914 49 15 verite
617 914 83 20 objective;
715 915 20 15 les

129 937 50 11 autres
188 939 19 9 ne
216 937 35 11 sont
259 939 30 14 que
298 934 26 15 des
333 934 74 19 prejuges.

159 953 68 19 Stieglitz
236 959 8 10 a
253 953 47 16 voulu
309 953 80 16 decouvrir
397 953 94 20 TAmerique
500 960 36 9 avec
545 953 26 16 des
580 954 75 20 prejuges.

158 977 13 16 Il
179 984 8 9 a
195 983 25 10 ete
228 978 13 15 le
249 977 65 20 premier
321 983 16 10 et
345 978 13 15 le
366 978 31 15 seul
406 978 26 20 qui
440 979 21 14 ait
470 983 64 15 apporte
543 984 8 9 a
559 978 39 16 New
605 979 43 15 York
656 979 21 16 les
685 979 44 16 differ-

128 1002 34 11 ents
171 998 50 19 points
230 998 64 19 d’appui
303 998 18 16 de
329 998 90 16 Involution
428 998 19 16 de
455 998 36 16 Tart
499 998 77 16 moderne.

157 1021 14 15 Il
180 1028 8 8 a
197 1021 47 16 voulu
253 1028 76 13 suggerer.

157 1046 65 15 Ensuite
237 1046 14 15 la
266 1046 100 20 Speculation
381 1052 9 9 a
405 1052 54 10 amene
473 1052 30 10 une
519 1047 84 15 avalanche
618 1047 19 15 de
652 1047 82 19 peintures.

127 1066 28 16 Les
165 1066 67 19 lepreux,
242 1066 14 16 la
265 1066 77 16 valetaille
352 1066 19 16 de
380 1066 40 19 Tart,
428 1066 21 16 les
459 1067 53 15 sudras
521 1067 20 15 du
552 1073 61 13 progres
614 1067 44 15 —les
670 1067 65 20 copistes

126 1090 50 11 —ont
187 1086 29 15 fait
226 1086 32 15 leur
268 1086 54 15 metier
330 1090 15 11 et
353 1086 18 16 ils
378 1091 28 11 ont
414 1092 26 10 cm
447 1091 33 11 etre
488 1087 38 15 dans
534 1087 90 16 Involution
632 1093 76 13 parceque
716 1094 19 9 au

127 1106 30 16 lieu
165 1106 18 16 de
192 1106 50 19 copier
250 1112 20 10 un
280 1106 47 18 arbre,
336 1106 17 16 ils
362 1106 77 20 copiaient
447 1112 29 10 une
485 1106 77 16 methode.

157 1130 101 20 L’Amerique
268 1136 39 10 reste
317 1137 8 9 a
334 1131 86 15 decouvrir.
440 1131 41 15 Mais
491 1137 38 14 pour
538 1131 14 16 le
561 1131 42 19 faire,
613 1132 10 15 il
632 1132 27 19 n’y
668 1137 9 10 a
686 1132 48 19 qu’un

127 1157 63 13 moyen:
204 1150 127 16 DECOUVRIR
346 1151 138 19 L’AMERIQUE.

157 1175 73 20 Stieglitz,
237 1181 8 10 a
253 1176 14 14 la
274 1180 33 11 tete
314 1176 38 15 d’un
359 1181 57 14 groupe
424 1176 26 19 qui
458 1182 8 9 a
473 1176 71 15 travaille
552 1182 35 9 sous
593 1176 13 15 le
611 1182 37 9 nom
654 1176 18 16 de
678 1176 57 16 Photo-

127 1195 82 19 Secession,
216 1202 7 8 a
234 1201 53 10 amene
293 1195 14 15 la
314 1195 114 20 Photographic
434 1202 29 13 que
470 1202 38 9 nous
514 1202 70 13 pouvons
592 1197 61 19 appeler
661 1197 73 19 statique,

126 1221 8 9 a
151 1221 27 10 son
192 1216 33 19 plus
239 1216 38 15 haut
291 1216 44 19 degre
347 1216 19 15 de
380 1216 88 19 perfection.
487 1216 13 15 Il
512 1216 39 15 etait
564 1216 38 15 dans
611 1216 57 20 Tesprit
682 1217 45 15 ameri-

126 1235 38 15 cain.
183 1235 14 15 Il
205 1241 8 9 a
221 1235 47 15 marie
276 1235 72 16 Thomme
357 1242 36 9 avec
402 1236 14 15 la
424 1236 70 15 machine
502 1240 15 11 et
525 1236 10 15 il
543 1242 9 9 a
559 1236 59 16 obtenu
627 1237 26 15 des
663 1237 71 15 resultats

126 1255 65 20 positifs.

155 1280 56 19 Quand
220 1280 10 16 il
239 1280 55 16 voulut
303 1285 18 11 en
331 1280 37 16 faire
378 1285 55 11 autant
442 1286 37 10 avec
489 1280 39 19 Tart,
538 1280 10 16 il
559 1280 66 20 importa
635 1281 26 15 des
670 1287 64 10 oeuvres

126 1300 26 19 qui
162 1300 70 16 auraient
242 1306 21 14 pu
272 1304 32 12 etre
313 1300 26 16 des
349 1300 100 16 echantillons
460 1301 18 15 de
487 1301 14 15 la
511 1306 55 14 pensee
575 1301 72 16 moderne
659 1301 75 20 exprimee

781 186 28 14 par
816 180 14 16 la
839 180 82 20 plastique.
940 181 12 15 II
961 181 43 15 avait
1012 181 87 16 Fintention
1108 182 18 15 de
1135 181 20 16 les
1164 181 37 16 faire
1209 182 48 16 servir
1265 182 19 16 de
1292 182 44 19 point
1345 182 34 20 d’ap-

781 200 26 19 pui
818 206 38 14 pour
866 205 63 11 trouver
939 201 97 20 Fexpression
1047 201 18 16 de
1076 201 14 16 la
1100 201 91 20 conception
1202 202 19 15 de
1231 202 14 15 la
1255 202 25 15 vie
1291 203 95 15 americaine.

781 221 13 14 II
806 225 56 11 trouva
874 226 53 10 contre
940 221 20 15 lui
973 221 98 19 Fopposition
1083 226 64 11 ouverte
1159 228 21 9 ou
1192 222 89 16 limitation
1293 222 58 16 servile.
1375 223 12 15 II

781 240 25 15 n’a
817 247 27 13 pas
855 241 46 15 reussi
913 247 8 9 a
932 241 37 15 faire
980 241 46 15 sortir
1145 241 115 16 individualiste
1270 242 19 15 de
1300 242 58 20 Fesprit
1369 243 19 15 de

781 261 14 15 la
804 265 114 11 communaute.

810 283 50 19 Ainsi,
868 284 10 15 il
886 290 8 9 a
902 284 29 15 mis
940 290 7 9 a
955 284 79 20 Fepreuve
1042 285 14 15 le
1064 285 51 19 public
1124 285 91 19 s’occupant
1223 285 41 16 d’art
1272 292 18 9 en
1298 286 89 20 Amerique.

781 304 13 15 II
806 310 8 9 a
827 304 40 16 lutte
879 310 38 13 pour
929 304 67 20 changer
1008 304 32 16 leur
1051 305 28 15 bon
1089 309 33 16 gout
1133 311 19 9 en
1162 306 28 14 bon
1201 311 38 13 sens,
1251 306 39 15 mais
1302 306 10 15 il
1322 306 27 15 n’a
1360 312 27 13 pas

781 323 47 16 reussi
839 330 9 9 a
859 328 56 11 mettre
926 330 19 10 en
955 325 62 15 marche
1025 325 73 15 Fenorme
1106 325 41 16 force
1155 325 71 16 d’inertie
1234 325 19 16 de
1261 325 32 16 leur
1301 326 86 16 suffisance.

781 344 102 19 L’Amerique
891 344 26 16 n’a
925 350 27 13 pas
960 350 19 10 eu
988 344 14 16 la
1013 344 70 16 moindre
1094 345 34 15 idee
1139 345 18 15 de
1169 345 14 15 la
1194 345 54 16 valeur
1259 346 18 15 de
1289 346 68 15 I’oeuvre
1368 346 19 15 de

781 363 75 20 Stieglitz.
878 364 60 18 Succes,
948 368 16 12 et
974 370 52 10 succes
1036 370 26 10 sur
1071 370 30 10 une
1108 365 59 19 grande
1176 365 58 16 echelle
1241 370 23 11 est
1272 365 14 16 la
1295 366 41 15 seule
1342 366 45 16 chose

781 384 26 19 qui
822 384 52 19 puisse
888 384 33 19 agir
935 390 25 10 sur
975 384 13 16 la
1003 384 81 16 mentalite
1100 385 96 15 americaine.
1219 385 43 16 Tout
1277 386 51 18 effort,
1342 390 46 11 toute

781 404 82 18 tendance,
872 404 25 19 qui
905 404 26 15 n’a
939 410 27 14 pas
975 404 13 16 le
996 409 112 14 rayonnement
1117 405 19 15 de
1143 405 14 15 la
1166 405 65 16 reclame
1241 410 58 11 restent
1310 405 19 16 ici
1340 406 41 19 prati-

781 428 74 15 quement
861 424 65 19 ignores.
948 424 108 20 L’Amerique,
1063 424 120 16 inflexiblement
1190 426 54 14 attend
1252 431 30 14 que
1288 426 99 19 I’expression

781 444 19 15 de
808 450 16 9 sa
832 450 56 13 propre
895 444 41 16 force
945 444 30 15 soit
982 445 78 19 exprimee
1067 450 19 10 en
1095 449 28 11 art.

811 468 24 15 En
844 468 80 19 politique,
934 468 38 15 dans
981 468 91 19 I’industrie,
1082 468 39 15 dans
1130 468 15 15 la
1154 468 63 19 science,
1227 469 38 15 dans
1275 469 13 16 le
1298 475 89 13 commerce,

781 487 38 15 dans
828 487 14 15 la
851 488 64 18 finance,
924 488 38 15 dans
971 488 14 15 le
993 488 60 16 theatre
1062 488 84 20 populaire,
1153 488 38 16 dans
1200 488 118 20 I’architecture,
1328 490 38 15 dans
1375 490 13 15 le

781 512 47 15 sport,
839 508 38 15 dans
888 508 13 15 le
911 513 69 10 costume
990 508 54 19 depuis
1055 508 13 15 le
1078 508 69 20 chapeau
1156 509 84 19 jusqu’aux
1250 509 67 18 souliers,
1328 509 52 16 I’amer-

781 527 39 15 icain
832 534 9 8 a
853 534 17 8 su
881 528 75 19 exprimer
968 534 27 9 son
1006 532 82 12 caractere.
1110 528 13 16 Il
1135 534 8 10 a
1155 534 18 10 su
1184 534 16 10 se
1211 528 58 16 defaire
1280 529 26 15 des
1317 530 71 19 prejuges

781 553 83 14 europeens
877 552 16 11 et
905 548 10 15 il
928 554 8 9 a
948 554 33 9 cree
994 554 22 9 ses
1029 554 62 14 propres
1104 548 27 15 lois
1144 548 26 20 qui
1183 553 35 11 sont
1230 549 72 15 d’accord
1315 555 37 10 avec
1364 556 23 9 ses

781 574 65 8 moeurs.
866 568 13 14 Il
888 568 35 15 s’est
932 572 55 11 trouve
995 568 93 20 impuissant
1096 574 37 10 aen
1141 568 38 16 faire
1188 573 55 11 autant
1251 575 19 9 en
1280 574 23 10 art
1312 574 16 10 et
1336 575 19 10 en
1364 570 17 15 li-

781 592 73 11 terature.
874 588 12 15 Il
896 592 23 11 est
928 588 33 15 vrai
970 594 29 13 que
1009 594 39 13 pour
1056 588 75 19 exprimer
1140 593 44 10 notre
1193 593 77 11 caractere
1279 595 18 9 en
1307 594 24 11 art
1340 595 20 10 ou
1369 596 19 9 en

781 607 87 15 literature
877 614 38 9 nous
925 608 58 15 devons
992 612 33 11 etre
1034 614 20 9 ou
1063 608 35 16 bien
1108 609 97 15 absolument
1214 609 86 15 conscients
1309 615 20 9 ou
1339 609 41 16 absol-

781 632 54 11 ument
844 628 103 15 inconscients
956 628 19 15 de
984 633 38 10 nous
1032 634 62 9 memes.
1114 628 28 15 Les
1149 628 62 16 artistes
1218 629 90 15 americains
1317 634 28 11 ont
1354 634 26 11 tou-

780 647 42 19 jours
835 648 59 15 devant
905 654 30 9 eux
947 654 29 9 une
988 652 63 11 censure
1063 648 81 16 interieure
1156 649 57 15 formee
1225 655 29 13 par
1265 654 30 10 une
1305 650 82 15 education

781 668 76 19 exotique.
880 668 20 15 Ils
912 673 19 10 ne
943 668 52 15 voient
1008 674 26 13 pas
1046 668 102 16 directement
1159 675 17 9 ce
1188 669 26 19 qui
1226 669 21 15 les
1258 673 69 15 entoure,
1340 669 17 16 ils
1369 676 19 9 ne

781 692 111 15 comprennent
901 694 27 13 pas
937 688 32 15 leur
978 688 56 15 milieu.

811 711 24 16 De
845 716 35 11 tous
890 716 56 14 temps,
957 711 35 16 I’art
1002 711 26 16 n’a
1038 716 24 11 ete
1072 718 30 13 que
1112 712 14 15 la
1136 712 73 19 synthese
1221 713 18 15 de
1251 713 14 15 la
1276 719 75 13 croyance
1361 714 26 15 des

781 731 67 20 peuples.
868 731 23 15 En
900 731 83 20 Amerique
992 736 41 11 cette
1042 732 72 19 synthese
1123 737 23 10 est
1155 738 30 10 une
1194 732 111 20 impossibility,
1315 739 26 10 car
1349 739 19 10 on
1377 739 11 14 y

781 751 63 19 possede
852 756 51 11 toutes
912 751 20 16 les
940 757 87 13 croyances.
1044 751 25 16 On
1076 758 11 12 y
1094 752 23 15 vit
1125 752 38 15 dans
1171 758 21 9 un
1199 753 103 19 changement
1309 753 79 16 continuel

781 771 26 19 qui
823 771 36 15 rend
875 771 87 20 impossible
978 772 14 14 la
1008 772 108 19 perpetuation
1131 777 16 11 et
1162 772 110 16 Funiversalite
1288 773 45 16 d’une
1349 773 38 16 idee.

781 789 86 18 L’Histoire
878 797 29 10 aux
917 791 91 16 Etats-Unis
1018 796 24 11 est
1051 791 88 20 impossible
1149 796 15 11 et
1175 792 66 16 ridicule.
1262 793 24 15 On
1296 799 11 13 y
1316 793 23 16 vit
1349 794 38 15 dans

781 811 13 15 le
806 816 66 15 present,
884 812 38 15 dans
935 817 29 10 une
976 812 40 15 lutte
1027 812 92 15 continuelle
1131 818 38 13 pour
1182 812 78 20 s’adapter
1271 819 8 9 a
1291 819 28 9 son
1331 814 56 15 milieu.

781 831 20 15 Et
812 831 16 18 si,
839 831 10 16 il
859 837 10 13 y
880 838 8 9 a
898 831 26 16 des
935 837 64 14 groupes
1010 831 62 16 sociaux
1082 832 113 16 innombrables
1206 833 26 19 qui
1242 833 90 16 travaillent
1343 840 7 9 a
1361 834 18 15 ob-

780 851 40 15 tenir
830 851 26 15 des
867 851 26 16 lois
903 852 82 19 generates,
996 852 26 15 des
1033 852 91 19 reglements
1134 852 18 16 de
1163 853 57 15 morale
1230 853 91 15 semblables
1331 859 9 9 a
1350 859 38 10 ceux

781 871 18 16 de
811 871 14 15 la
837 871 53 19 police,
903 877 19 10 au
934 871 42 19 fond,
988 878 75 13 personne
1074 878 19 9 ne
1105 872 21 15 les
1138 872 68 19 observe,
1218 877 16 11 et
1246 873 59 19 chaque
1317 873 70 16 individu

780 891 72 15 demeure
862 891 41 18 isole,
914 892 59 15 luttant
983 897 38 14 pour
1032 897 16 10 sa
1058 898 55 13 propre
1123 892 76 16 existence
1209 893 76 19 physique
1295 897 15 11 et
1320 893 61 16 intellec-

780 911 51 16 tuelle.
851 911 35 16 Aux
895 911 92 16 Etats-Unis
997 911 9 16 il
1016 911 64 16 n’existe
1089 912 19 15 de
1117 912 84 16 sentiment
1210 913 60 19 general
1281 913 38 16 dans
1329 919 59 10 aucune

780 931 58 20 sphere.

810 955 100 19 L’Amerique
921 961 8 9 a
938 955 14 15 la
962 961 49 9 meme
1019 955 79 15 mentalite
1106 956 78 19 complexe
1192 962 30 14 que
1229 956 13 16 le
1249 956 75 16 veritable
1333 957 53 16 artiste

781 975 76 22 mqderne.
879 975 43 15 C’est
933 981 29 10 une
974 976 39 15 suite
1025 976 71 15 eternelle
1108 976 96 18 demotions,
1216 976 19 15 de
1246 977 84 16 sensibilite
1341 977 19 16 de
1371 984 16 9 ce

780 995 26 19 qui
820 1000 38 10 nous
871 1000 69 14 entoure,
954 995 40 15 enfin
1008 1001 20 9 un
1042 995 52 16 besoin
1108 996 78 15 continuel
1199 996 19 16 de
1232 996 88 20 s’exprimer
1333 1003 28 14 par
1373 998 15 15 la

780 1019 61 15 present
849 1019 16 11 et
872 1021 39 13 pour
919 1015 12 15 le
940 1020 66 15 present,
1013 1021 36 10 avec
1057 1016 14 15 la
1078 1016 30 19 joie
1115 1016 48 19 d’agir
1171 1021 15 10 et
1194 1016 109 16 Findifference
1309 1017 78 16 d’arriver.

780 1035 31 15 Car
818 1035 37 15 c’est
862 1035 38 15 dans
908 1035 62 15 Faction
978 1042 29 13 que
1014 1035 93 20 FAmerique
1114 1042 59 9 comme
1181 1036 65 16 Fartiste
1253 1037 73 15 moderne
1333 1042 55 11 trouve

780 1061 16 9 sa
802 1055 35 19 joie.
856 1055 21 15 La
884 1055 41 15 seule
932 1056 81 15 difference
1019 1060 43 11 entre
1068 1061 29 10 eux
1104 1060 23 11 est
1134 1062 30 13 que
1170 1056 93 20 FAmerique
1269 1057 25 15 n’a
1300 1063 28 13 pas
1333 1063 55 10 encore

780 1075 52 19 appris
843 1081 8 9 a
863 1075 78 15 s’amuser.

809 1098 21 16 Le
838 1099 56 15 monde
902 1099 81 19 artistique
992 1099 81 16 americain
1081 1105 15 10 se
1105 1105 71 14 compose
1184 1100 89 16 d’animaux
1281 1106 8 10 a
1298 1106 37 14 sang
1343 1101 44 16 froid.

780 1118 21 16 Ils
811 1118 54 16 vivent
875 1119 39 15 dans
924 1125 30 9 une
964 1119 98 20 atmosphere
1072 1119 90 20 imaginaire
1172 1124 15 11 et
1198 1120 69 19 hybride.
1289 1120 20 16 Ils
1320 1125 27 11 ont
1358 1127 30 10 une

780 1138 80 16 mentalite
871 1139 18 15 de
900 1143 99 15 gougnottes.
1021 1139 22 16 Ce
1054 1144 35 11 sont
1100 1140 26 15 des
1138 1140 45 15 fleurs
1194 1140 19 15 de
1223 1140 68 16 creation
1299 1141 88 16 artificielle.

780 1158 101 20 L’Amerique
887 1159 25 15 n’a
919 1165 38 13 pour
964 1165 28 9 eux
999 1165 49 10 meme
1055 1165 27 14 pas
1089 1159 13 15 le
1108 1160 61 19 mepris.

809 1182 25 15 De
842 1186 35 12 tous
887 1188 37 10 ceux
934 1183 26 19 qui
969 1187 35 11 sont
1014 1188 48 10 venus
1072 1183 80 19 conquerir
1161 1183 99 20 FAmerique,
1270 1184 62 16 Picabia
1342 1189 23 11 est
1375 1184 12 16 le

780 1202 31 15 seul
820 1202 26 19 qui
856 1203 21 14 ait
886 1202 29 15 fait
924 1209 59 9 comme
992 1202 61 16 Cortez.
1074 1203 13 15 Il
1096 1209 9 9 a
1114 1203 43 16 brule
1166 1209 23 10 ses
1197 1203 81 16 vaisseaux
1287 1205 65 15 derriere
1361 1205 25 15 lui.

780 1222 12 16 Il
799 1228 19 10 ne
824 1222 36 16 s’est
867 1223 42 15 muni
916 1223 76 15 d’aucune
999 1228 59 14 capote.
1070 1223 13 15 Il
1090 1229 8 9 a
1105 1229 56 13 epouse
1168 1223 93 21 FAmerique
1268 1230 18 10 en
1293 1224 62 16 homme
1361 1225 26 19 qui

780 1242 24 15 n’a
812 1248 27 13 pas
846 1249 38 12 peur
891 1243 25 14 des
924 1249 116 13 consequences.
1058 1243 28 15 Les
1093 1244 73 15 resultats
1173 1249 35 10 sont
1215 1250 53 9 venus.
1286 1244 12 15 Il
1305 1250 38 10 nous
1351 1245 20 15 les
1379 1251 8 9 a

780 1267 72 15 apportes
861 1268 8 9 a
878 1263 54 19 “291”
941 1263 25 19 qui
976 1263 19 15 les
1005 1268 62 14 accepte
1075 1269 60 9 comme
1143 1270 30 9 une
1181 1264 93 19 experience,
1283 1269 15 11 et
1307 1264 20 16 les
1336 1265 51 19 public

780 1288 36 9 avec
823 1282 14 15 la
844 1282 87 15 conviction
938 1283 45 19 qu’ils
989 1287 28 11 ont
1023 1283 14 15 la
1044 1283 53 15 valeur
1103 1284 44 15 reelle
1154 1289 29 14 que
1190 1284 63 19 possede
1260 1289 44 10 toute
1310 1285 77 15 tentative

779 1308 34 9 vers
821 1302 14 15 la
844 1303 92 15 decouverte
945 1303 46 15 d’une
999 1303 49 15 verite
1056 1303 82 19 objective.

1261 1306 23 16 M.
1294 1306 25 16 De
1327 1306 59 16 Zayas.

153 1397 28 11 New
186 1397 35 14 York,
227 1398 12 10 at
244 1397 28 13 first,
277 1397 20 11 did
302 1398 20 9 not
327 1400 21 7 see.
364 1397 63 10 Afterward
432 1397 19 10 she
458 1397 20 11 did
485 1398 20 9 not
510 1398 31 9 want
548 1398 12 10 to
568 1400 21 8 see.
611 1397 28 11 Like
646 1401 7 7 a
660 1397 74 14 circumspect

124 1416 38 10 young
166 1412 20 13 girl
192 1415 12 8 or
209 1415 7 8 a
221 1411 42 12 careful
268 1411 47 11 married
320 1414 47 10 woman,
373 1411 20 11 she
398 1411 20 11 has
423 1411 34 11 taken
463 1411 14 11 all
484 1411 48 14 possible
537 1412 71 13 precautions
613 1412 43 13 against
661 1412 73 14 assimilating

124 1426 19 12 the
148 1426 32 14 spirit
185 1426 12 11 of
202 1426 46 11 modern
253 1428 22 12 art;
283 1426 53 13 rejecting
342 1429 6 8 a
353 1426 27 11 seed
385 1426 25 11 that
415 1426 37 11 would
457 1426 29 11 have
492 1426 35 11 found
532 1430 6 7 a
544 1428 29 9 most
579 1426 36 11 fertile
620 1426 24 11 soil.
661 1426 18 11 All
686 1426 48 14 genuine

124 1441 59 11 American
188 1440 56 12 activities
249 1444 18 7 are
272 1440 47 14 entirely
325 1440 11 11 in
341 1440 40 11 accord
386 1440 27 11 with
419 1440 19 11 the
443 1440 32 14 spirit
480 1440 11 11 of
498 1440 47 12 modem
550 1442 21 10 art.
587 1441 23 11 But
615 1441 59 11 American
680 1441 49 11 intellect-

124 1456 36 14 uality
165 1456 9 11 is
179 1459 7 7 a
191 1456 62 14 protective
261 1455 51 13 covering
317 1454 36 12 which
360 1456 53 12 prevents
421 1455 14 11 all
443 1455 69 14 conception.
529 1455 27 11 This
564 1455 85 15 intellectuality
656 1456 9 11 is
673 1456 60 13 borrowed,

124 1470 39 12 exotic.
178 1470 40 11 Better
222 1470 26 13 still,
254 1470 9 10 it
268 1470 9 11 is
282 1473 7 7 a
293 1471 33 13 paste
331 1469 56 11 diamond.

152 1489 50 12 Beware,
207 1488 58 11 messieurs
271 1488 19 11 the
298 1487 68 14 Americans,
373 1487 12 11 of
392 1491 29 10 your
428 1487 77 12 intellectuals.
522 1488 33 13 They
562 1491 19 8 are
588 1488 63 14 dangerous
658 1489 75 10 counterfeits.

123 1503 32 14 They
161 1503 42 11 believe
209 1503 66 10 themselves
280 1504 13 9 to
298 1502 29 11 have
332 1506 7 7 a
344 1502 55 11 luminous
404 1502 50 14 mission;
463 1503 21 10 but
491 1502 29 11 their
525 1503 28 13 light
560 1503 43 11 dazzles
611 1503 19 11 the
637 1506 26 11 eyes
670 1503 44 11 instead
722 1503 11 11 of

123 1517 78 14 illuminating.
216 1517 33 14 They
254 1517 26 11 wish
289 1518 12 9 to
308 1517 69 14 impregnate
384 1520 27 11 you,
418 1517 55 14 believing
481 1517 66 11 themselves
555 1517 50 11 stallions
612 1518 32 11 when
651 1518 28 13 they
686 1521 19 8 are
712 1518 21 11 but

122 1532 54 14 geldings.
190 1532 33 14 They
230 1535 19 8 are
256 1533 21 10 not
284 1535 7 8 a
298 1531 48 14 product
353 1531 12 11 of
373 1531 28 12 their
409 1533 51 12 country.
475 1531 34 12 Their
517 1532 28 11 ideal
553 1532 27 11 does
587 1534 20 9 not
614 1532 33 11 reach
654 1532 46 14 beyond
705 1532 29 11 their

122 1547 51 13 personal
178 1546 55 12 interests.

152 1566 24 11 The
181 1565 37 12 critics
223 1565 15 12 do
242 1567 21 9 not
268 1565 31 11 work
304 1567 12 9 to
321 1565 47 14 develop
373 1565 29 11 their
407 1565 68 14 knowledge,
480 1569 13 7 or
498 1567 12 9 to
515 1565 40 14 spread
560 1565 68 14 knowledge.
643 1565 32 14 They
681 1566 30 11 work
716 1566 18 11 for

151 1600 25 11 The
180 1603 31 11 press
216 1600 21 11 has
242 1599 67 12 established
315 1602 7 8 a
327 1599 27 11 false
359 1598 39 12 notion
403 1599 12 11 of
420 1599 59 11 American
484 1598 22 12 life.
522 1599 11 11 It
538 1599 21 11 has
564 1599 60 12 succeeded
630 1599 10 12 in
645 1600 49 14 creating
698 1600 11 11 in
714 1600 20 11 the

122 1614 59 12 American
186 1614 40 14 people
231 1618 7 7 a
243 1614 53 11 fictitious
301 1614 28 11 need
335 1614 17 11 for
357 1617 7 8 a
369 1614 28 11 false
402 1615 17 10 art
424 1614 23 11 and
452 1617 7 8 a
464 1614 27 11 false
496 1614 61 11 literature.
571 1614 25 11 The
601 1618 31 10 press
637 1614 20 11 has
662 1614 12 11 in
679 1614 28 11 view
712 1614 21 12 but

122 1633 21 7 one
148 1628 91 15 thing:—profit.

150 1649 26 10 The
181 1648 23 11 real
209 1647 59 12 American
273 1647 19 12 life
297 1647 9 12 is
311 1647 22 12 still
338 1647 77 14 unexpressed.

151 1667 51 11 America
207 1667 49 11 remains
261 1668 12 10 to
278 1667 14 11 be
297 1666 68 12 discovered.

152 1686 50 15 Stieglitz
207 1686 44 12 wanted
257 1688 12 9 to
274 1686 31 11 work
310 1685 23 12 this
338 1685 48 12 miracle.

151 1706 18 11 He
174 1706 45 11 wanted
225 1707 12 10 to
242 1705 50 12 discover
296 1705 54 11 America.
361 1705 30 13 Also,
395 1705 14 11 he
414 1705 44 11 wanted
462 1705 20 11 the
486 1705 64 11 Americans
554 1706 12 10 to
569 1705 51 12 discover
624 1705 70 12 themselves.
705 1706 26 13 But,

122 1720 11 12 in
138 1720 54 14 pursuing
197 1720 17 11 his
218 1720 41 14 object,
265 1720 14 11 he
284 1720 59 14 employed
348 1720 19 11 the
373 1719 34 12 shield
413 1720 12 11 of
429 1720 68 13 psychology
503 1720 22 11 and
530 1720 78 14 metaphysics.
623 1720 19 11 He
647 1720 20 11 has
672 1720 38 11 failed.

150 1740 14 11 In
170 1739 32 11 order
207 1741 12 9 to
225 1739 36 11 attain
266 1739 34 14 living
305 1739 43 13 results,
354 1739 12 11 in
371 1739 32 11 order
408 1740 12 10 to
425 1740 36 10 create
467 1739 48 11 life—no
520 1739 44 11 shields!

151 1758 30 12 Each
187 1758 84 11 manifestation
277 1758 11 11 of
293 1762 7 7 a
305 1758 69 14 progressing
380 1758 56 11 evolution
442 1759 30 10 must
479 1758 38 11 derive
525 1758 29 11 from
560 1761 15 8 an
583 1758 56 14 organism
644 1758 36 11 which
688 1758 24 13 has,
718 1758 10 11 it-

121 1774 24 13 self,
151 1773 50 12 evolved.
216 1773 17 11 To
239 1772 42 12 believe
286 1773 26 11 that
320 1772 42 12 artistic
370 1772 57 11 evolution
435 1772 9 11 is
451 1772 57 11 indicated
515 1772 16 14 by
536 1772 38 12 artists
581 1772 48 14 copying
637 1772 63 14 Broadway
705 1773 26 13 girls

120 1788 44 11 instead
169 1788 12 11 of
186 1788 47 14 copying
239 1787 52 11 trees—is
297 1787 36 11 inane.

150 1807 20 11 We
175 1807 29 11 have
209 1807 24 11 also
238 1807 41 11 moved
284 1810 15 8 on
304 1806 29 12 from
339 1806 19 12 the
364 1810 19 10 age
388 1806 12 12 of
406 1806 68 14 symbolism.
489 1806 12 11 It
507 1806 8 11 is
520 1806 27 14 only
552 1806 20 11 the
577 1806 22 14 day
605 1806 29 12 after
639 1806 26 12 that
670 1810 16 8 we
690 1806 43 12 believe

120 1821 12 12 in
138 1822 19 11 the
162 1825 41 10 orange
208 1821 54 12 blossoms
267 1821 12 11 of
284 1821 20 11 the
308 1821 35 11 bride.

149 1841 22 11 Art
176 1840 9 12 is
190 1844 7 7 a
202 1840 33 12 white
240 1840 14 11 lie
259 1840 27 11 that
291 1840 9 11 is
305 1840 26 14 only
336 1840 35 14 living
376 1840 31 11 when
413 1840 9 11 it
428 1840 9 11 is
442 1840 28 11 bom
473 1840 12 11 of
489 1840 35 11 truth.
535 1840 25 11 And
565 1840 31 11 there
600 1840 9 11 is
613 1843 15 8 no
632 1840 32 11 other
668 1840 32 11 truth
705 1840 26 11 than

120 1856 56 14 objective
181 1856 35 10 truth.
232 1855 24 11 The
261 1855 38 11 others
304 1858 18 8 are
327 1855 21 11 but
353 1854 66 14 prejudices.

149 1875 50 14 Stieglitz
205 1874 28 11 tried
239 1876 12 9 to
256 1874 50 11 discover
312 1873 51 12 America
367 1873 28 12 with
400 1873 66 14 prejudices.

149 1894 18 11 He
173 1894 27 13 first,
206 1893 22 12 and
233 1893 15 12 he
253 1893 36 13 alone,
294 1893 21 11 has
320 1893 39 14 placed
364 1892 38 12 before
409 1893 28 11 New
442 1893 32 11 York
482 1893 19 11 the
507 1892 43 12 various
559 1892 66 12 foundation
633 1894 53 12 supports
693 1893 12 11 of
713 1893 19 11 the

120 1908 56 12 evolution
181 1908 12 11 of
199 1908 45 11 modem
250 1910 21 9 art.

149 1928 18 11 He
172 1927 42 12 wished
219 1929 13 9 to
237 1927 30 11 work
273 1927 47 14 through
326 1927 67 14 suggestion.

150 1947 23 11 But
180 1950 31 10 soon,
219 1946 91 11 commercialism
318 1946 49 14 brought
374 1950 14 7 an
397 1946 61 11 avalanche
465 1946 12 11 of
484 1946 59 14 paintings.
559 1946 36 11 Those
603 1946 38 14 lepers,
647 1946 32 11 those
684 1946 47 14 scullery

120 1961 36 11 maids
161 1961 12 11 of
178 1963 21 11 art,
205 1961 32 11 those
242 1961 42 11 Sudras
289 1961 12 11 of
306 1960 85 15 progress—the
396 1960 53 14 copyists,
454 1962 19 12 got
479 1960 32 14 busy.
522 1960 33 14 They
560 1964 28 7 even
594 1960 50 11 believed
649 1960 66 11 themselves
719 1962 12 9 to

120 1976 14 11 be
139 1978 26 12 part
170 1976 11 10 of
187 1976 19 11 the
212 1976 56 10 evolution
274 1976 50 13 because,
331 1975 43 11 instead
380 1976 11 10 of
396 1975 48 14 copying
449 1977 32 11 trees,
487 1975 27 14 they
520 1975 39 14 copied
564 1979 7 7 a
576 1975 50 11 method.

149 1995 51 11 America
206 1995 48 11 remains
259 1997 12 9 to
275 1995 14 11 be
293 1995 67 11 discovered.
376 1995 26 11 And
406 1996 12 10 to
423 1995 14 11 do
442 1994 9 12 it
454 1995 31 11 there
489 1994 9 12 is
502 1995 22 11 but
527 1998 21 8 one
552 1998 29 10 way:
627 1994 78 12 DISCOVER
710 1994 21 14 IT!

149 2014 54 14 Stieglitz,
209 2016 12 9 at
226 2014 20 11 the
251 2014 29 11 head
286 2014 11 11 of
302 2018 7 7 a
314 2018 35 10 group
355 2014 35 11 which
396 2014 44 11 worked
448 2014 36 11 under
491 2014 20 11 the
519 2017 33 8 name
559 2014 12 11 of
578 2013 103 13 Photo-Secession,
689 2013 41 12 carried

120 2029 19 11 the
145 2029 80 14 Photography
230 2029 35 11 which
271 2032 16 8 we
293 2032 26 10 may
324 2028 21 12 call
350 2028 34 12 static
390 2030 12 10 to
407 2029 20 11 the
432 2028 44 14 highest
481 2028 39 14 degree
526 2028 11 11 of
542 2028 65 14 perfection.
622 2028 18 11 He
644 2028 45 11 worked
694 2028 11 11 in
711 2028 20 11 the

120 2044 59 11 American
184 2044 35 14 spirit.
234 2044 19 11 He
258 2043 47 11 married
310 2044 30 10 Man
345 2045 12 9 to
362 2043 67 14 Machinery
434 2043 23 11 and
462 2043 14 11 he
481 2043 53 11 obtained
540 2043 32 11 issue.

806 1397 37 12 When
848 1397 14 11 he
867 1397 45 11 wanted
917 1398 12 10 to
935 1397 14 12 do
954 1397 20 12 the
978 1401 31 8 same
1014 1397 27 12 with
1046 1399 22 12 art,
1074 1397 14 12 he
1093 1397 55 14 imported
1153 1398 36 11 works
1196 1398 46 14 capable
1247 1398 12 11 of
1264 1398 44 14 serving
1313 1402 12 8 as
1331 1399 56 14 examples

777 1412 11 11 of
794 1412 46 11 modern
846 1412 48 13 thought
898 1412 63 14 plastically
966 1412 61 14 expressed.
1042 1412 21 11 His
1071 1412 55 11 intention
1131 1416 23 7 was
1161 1414 12 10 to
1181 1412 29 12 have
1218 1413 31 11 them
1256 1413 27 11 used
1291 1417 12 7 as
1310 1416 52 12 supports
1370 1414 17 11 for

778 1426 42 14 finding
825 1430 14 7 an
845 1426 62 14 expression
912 1426 12 11 of
929 1426 19 12 the
954 1427 65 13 conception
1024 1427 12 11 of
1041 1427 59 11 American
1106 1427 22 11 life.
1143 1428 18 10 He
1166 1427 35 11 found
1207 1427 44 14 against
1256 1428 23 11 him
1287 1431 29 11 open
1323 1428 63 14 opposition

778 1441 22 11 and
805 1441 39 11 servile
849 1441 60 11 imitation.
924 1442 19 10 He
948 1441 19 11 did
972 1443 20 9 not
999 1442 47 10 succeed
1054 1442 11 10 in
1072 1442 51 14 bringing
1130 1444 20 8 out
1158 1442 19 11 the
1185 1442 86 12 individualistic
1279 1443 63 13 expression
1349 1443 12 11 of
1368 1444 19 10 the

777 1456 32 14 spirit
814 1456 12 10 of
831 1456 19 11 the
855 1456 73 14 community.

806 1475 19 10 He
829 1474 20 11 has
854 1476 21 12 put
881 1474 19 11 the
905 1474 59 11 American
969 1475 18 10 art
991 1474 37 14 public
1034 1476 12 9 to
1051 1474 19 11 the
1076 1476 26 9 test.
1117 1475 18 10 He
1140 1474 21 11 has
1165 1475 39 13 fought
1209 1476 12 9 to
1225 1475 42 14 change
1271 1475 26 14 good
1301 1477 26 10 taste
1331 1475 24 12 into
1359 1480 21 7 com-

777 1492 25 8 mon
808 1492 33 8 sense.
856 1489 24 10 But
885 1489 14 10 he
904 1489 20 10 has
929 1491 20 8 not
954 1489 61 11 succeeded
1020 1489 12 10 in
1036 1489 46 14 putting
1089 1489 11 10 in
1108 1489 43 11 motion
1159 1489 19 11 the
1185 1492 59 9 enormous
1251 1493 30 8 mass
1289 1490 11 11 of
1305 1490 20 11 the
1330 1490 40 11 inertia
1375 1491 12 10 of

777 1503 22 12 this
804 1503 47 14 public’s
856 1503 92 14 self-sufficiency.
963 1503 52 12 America
1020 1503 20 12 has
1045 1505 20 10 not
1070 1503 19 12 the
1095 1503 50 14 slightest
1153 1504 65 13 conception
1226 1504 11 11 of
1245 1504 19 11 the
1270 1504 32 11 value
1310 1504 12 11 of
1329 1505 20 11 the
1356 1505 30 11 work

777 1518 81 14 accomplished
863 1518 16 14 by
884 1518 54 13 Stieglitz.
953 1518 49 13 Success,
1008 1518 22 11 and
1035 1522 43 7 success
1083 1522 15 7 on
1103 1522 7 7 a
1115 1518 30 14 large
1150 1518 32 13 scale,
1189 1518 8 11 is
1202 1518 20 11 the
1227 1518 26 14 only
1259 1518 32 14 thing
1296 1519 25 11 that
1327 1523 21 8 can
1353 1520 33 11 make

777 1536 14 7 an
797 1532 64 14 impression
867 1536 14 7 on
886 1532 59 11 American
950 1532 63 14 mentality.
1028 1533 27 13 Any
1060 1532 36 14 effort,
1102 1536 22 10 any
1129 1533 59 14 tendency,
1192 1533 36 11 which
1232 1533 26 11 does
1262 1536 20 8 not
1286 1537 44 10 possess
1335 1534 19 11 the
1357 1534 24 11 radi-

777 1547 31 11 ation
813 1548 12 10 of
830 1547 68 14 advertising
903 1547 48 11 remains
955 1547 65 14 practically
1027 1547 48 14 ignored.

806 1565 52 12 America
863 1565 35 14 waits,
904 1565 44 14 inertly,
954 1565 17 11 for
976 1565 14 12 its
995 1569 26 7 own
1025 1565 73 14 potentiality
1103 1567 12 10 to
1121 1565 14 12 be
1140 1565 58 14 expressed
1203 1565 12 12 in
1220 1567 21 10 art.

806 1584 14 11 In
825 1583 47 15 politics,
878 1584 11 11 in
895 1584 54 13 industry,
955 1583 11 12 in
971 1584 46 13 science,
1023 1584 11 11 in
1040 1587 65 10 commerce,
1110 1584 12 11 in
1127 1584 46 13 finance,
1180 1584 10 11 in
1197 1584 19 11 the
1223 1584 47 14 popular
1279 1584 47 14 theatre,
1331 1584 12 12 in
1350 1585 30 12 archi-

777 1600 46 12 tecture,
829 1598 12 11 in
846 1600 34 12 sport,
886 1598 11 11 in
902 1598 74 11 dress—from
981 1598 21 11 hat
1008 1600 12 9 to
1025 1598 67 11 shoes—the
1097 1598 58 12 American
1163 1598 20 12 has
1189 1598 41 12 known
1235 1599 25 11 how
1266 1601 11 9 to
1282 1601 20 12 get
1307 1600 17 11 rid
1331 1600 12 11 of
1351 1600 28 11 Euro-

776 1617 30 9 pean
811 1613 62 14 prejudices
878 1613 22 11 and
905 1613 21 11 has
931 1613 44 11 created
981 1613 17 11 his
1003 1616 25 8 own
1035 1613 27 11 laws
1067 1613 11 11 in
1084 1613 68 12 accordance
1157 1613 27 12 with
1192 1613 17 12 his
1216 1617 25 8 own
1249 1616 53 9 customs.
1317 1614 24 11 But
1346 1614 14 11 he
1365 1615 20 11 has

777 1628 35 10 found
817 1628 44 10 himself
868 1628 58 14 powerless
934 1630 12 8 to
951 1628 15 10 do
971 1628 19 10 the
995 1631 31 7 same
1031 1628 11 10 in
1048 1630 18 8 art
1072 1631 12 7 or
1089 1628 11 10 in
1106 1628 60 10 literature.
1182 1628 21 10 For
1208 1628 9 11 it
1223 1628 9 11 is
1237 1630 25 9 true
1267 1628 26 12 that
1299 1630 11 10 to
1316 1632 44 10 express
1365 1633 20 7 our

777 1642 57 12 character
839 1642 11 11 in
856 1644 18 9 art
878 1645 13 8 or
896 1642 11 11 in
912 1642 57 11 literature
975 1646 15 7 we
995 1644 31 9 must
1031 1642 15 11 be
1051 1642 62 14 absolutely
1118 1642 57 12 conscious
1180 1642 12 11 of
1197 1643 56 11 ourselves
1258 1646 12 8 or
1275 1643 63 14 absolutely
1344 1647 35 8 uncon-

776 1657 37 11 scious
821 1657 11 11 of
841 1657 59 11 ourselves.
915 1657 26 11 And
950 1657 59 11 American
1016 1657 39 11 artists
1062 1657 29 11 have
1099 1657 41 14 always
1147 1657 23 11 had
1178 1657 37 11 before
1223 1658 31 10 them
1261 1661 14 7 an
1283 1658 32 11 inner
1322 1658 63 14 censorship

777 1671 43 12 formed
825 1671 16 14 by
846 1675 14 7 an
865 1671 36 11 exotic
907 1671 62 11 education.
984 1671 33 14 They
1022 1671 15 12 do
1042 1673 20 9 not
1067 1675 18 8 see
1090 1671 29 11 their
1124 1671 78 14 surroundings
1208 1673 12 10 at
1228 1672 24 11 first
1259 1672 34 12 hand.
1308 1673 32 13 They
1346 1673 15 11 do
1366 1675 20 9 not

776 1686 70 12 understand
851 1686 28 11 their
884 1686 41 11 milieu.

806 1705 14 10 In
825 1705 14 10 all
845 1705 33 10 times
883 1706 18 9 art
905 1705 21 10 has
931 1705 28 10 been
964 1705 19 10 the
988 1704 56 14 synthesis
1049 1705 12 10 of
1068 1705 20 10 the
1095 1705 38 10 beliefs
1138 1705 12 10 of
1157 1704 48 14 peoples.
1220 1705 14 11 In
1241 1705 52 11 America
1300 1705 22 12 this
1330 1706 56 13 synthesis

776 1719 9 11 is
791 1723 14 7 an
811 1719 81 14 impossibility,
898 1719 47 11 because
950 1719 15 11 all
969 1719 39 11 beliefs
1013 1719 28 11 exist
1046 1719 26 11 here
1077 1719 54 13 together.
1147 1719 24 11 One
1176 1719 28 11 lives
1211 1719 26 12 here
1242 1719 11 12 in
1259 1723 7 8 a
1271 1720 67 11 continuous
1343 1720 42 14 change

776 1734 36 11 which
818 1734 38 11 makes
861 1734 64 13 impossible
931 1734 19 11 the
954 1734 79 14 perpetuation
1039 1734 22 11 and
1067 1734 19 11 the
1091 1733 73 14 universality
1169 1734 11 11 of
1186 1737 14 8 an
1206 1734 28 11 idea.
1249 1734 47 14 History
1302 1734 11 11 in
1319 1734 19 12 the
1343 1735 42 11 United

776 1748 38 12 States
819 1748 9 12 is
834 1748 62 14 impossible
902 1748 22 11 and
929 1748 77 14 meaningless.
1021 1748 25 11 One
1051 1748 27 11 lives
1083 1748 26 11 here
1114 1748 12 11 in
1131 1748 19 11 the
1155 1750 48 12 present.
1219 1748 13 11 In
1237 1752 7 7 a
1248 1749 66 11 continuous
1319 1750 49 13 struggle
1373 1752 12 8 to

776 1763 36 14 adapt
816 1763 42 11 oneself
863 1765 12 9 to
881 1763 19 11 the
908 1763 40 11 milieu.
963 1763 38 11 There
1006 1766 18 8 are
1030 1763 76 11 innumerable
1111 1762 33 12 social
1150 1766 40 10 groups
1195 1763 37 11 which
1237 1764 30 10 work
1275 1765 12 9 to
1295 1764 38 10 obtain
1341 1764 44 14 general

776 1778 77 11 laws—moral
860 1777 68 14 regulations
935 1778 22 10 like
964 1778 35 13 police
1006 1778 71 13 regulations.
1093 1778 23 10 But
1123 1781 15 7 no
1146 1781 21 7 one
1175 1778 51 11 observes
1234 1778 35 11 them.
1284 1778 32 11 Each
1323 1778 62 12 individual

776 1792 48 12 remains
829 1792 50 13 isolated,
886 1792 61 13 struggling
952 1792 17 11 for
973 1792 18 11 his
996 1795 25 8 own
1026 1792 50 13 physical
1082 1792 22 11 and
1110 1792 68 11 intellectual
1183 1792 59 12 existence.
1255 1793 14 11 In
1274 1793 20 11 the
1299 1793 43 11 United
1347 1793 38 12 States

776 1807 32 11 there
813 1807 8 11 is
827 1810 14 8 no
846 1807 44 14 general
895 1807 61 11 sentiment
961 1807 12 11 in
978 1810 23 10 any
1005 1807 39 13 sphere
1049 1807 12 11 of
1066 1807 52 13 thought.

805 1825 51 11 America
863 1825 21 11 has
891 1825 20 11 the
916 1828 31 8 same
954 1825 50 13 complex
1011 1825 61 13 mentality
1077 1828 12 8 as
1097 1825 19 11 the
1122 1826 25 10 true
1152 1825 45 11 modem
1203 1825 36 11 artist.
1255 1825 25 11 The
1285 1829 31 8 same
1321 1826 42 11 eternal
1369 1830 11 7 se-

776 1844 42 10 quence
823 1840 12 11 of
840 1839 58 14 emotions,
904 1840 23 11 and
932 1839 62 14 sensibility
999 1841 12 10 to
1016 1839 83 14 surroundings.
1114 1840 24 11 The
1143 1843 32 8 same
1180 1840 57 11 continual
1241 1840 28 11 need
1273 1840 11 11 of
1289 1840 62 14 expressing
1356 1840 29 12 itself

776 1854 11 11 in
793 1854 20 12 the
817 1856 45 12 present
867 1854 23 11 and
895 1854 17 11 for
917 1854 19 11 the
941 1856 49 12 present;
998 1854 28 11 with
1031 1854 19 14 joy
1056 1854 11 11 in
1072 1854 41 13 action,
1121 1854 22 11 and
1148 1854 28 11 with
1184 1854 71 11 indifference
1262 1856 12 9 to
1280 1855 67 13 “arriving”.
1363 1856 22 10 For

776 1869 9 11 it
790 1869 9 11 is
804 1869 11 11 in
821 1869 37 11 action
863 1869 26 11 that
894 1868 55 14 America,
955 1868 22 12 like
982 1869 20 11 the
1006 1869 45 11 modern
1056 1868 32 12 artist
1092 1868 29 12 finds
1125 1868 15 12 its
1143 1869 23 13 joy.
1182 1869 24 11 The
1210 1869 26 13 only
1241 1869 58 11 difference
1303 1869 9 11 is
1317 1870 25 10 that
1346 1870 32 11 Amer-

776 1884 17 11 ica
797 1884 21 11 has
823 1885 21 10 not
848 1885 20 12 yet
874 1884 44 10 learned
924 1885 11 9 to
941 1887 39 7 amuse
985 1883 32 11 itself.

804 1902 26 11 The
834 1901 70 12 inhabitants
909 1901 12 12 of
926 1901 20 12 the
950 1901 44 12 artistic
999 1901 35 12 world
1039 1901 11 11 in
1055 1901 52 12 America
1112 1905 19 7 are
1136 1901 25 12 cold
1168 1901 47 12 blooded
1223 1901 51 12 animals.
1289 1902 32 14 They
1327 1902 22 11 live
1354 1902 11 11 in
1370 1906 14 7 an

776 1917 62 14 imaginary
843 1916 23 11 and
871 1916 41 14 hybrid
917 1916 74 14 atmosphere.
1006 1917 33 13 They
1044 1916 29 11 have
1079 1916 19 11 the
1103 1916 60 14 mentality
1168 1916 12 11 of
1185 1917 80 11 homosexuals.
1281 1917 32 14 They
1319 1920 18 8 are
1342 1917 43 12 flowers

774 1931 13 12 of
791 1931 48 11 artifical
843 1931 56 14 breeding.

804 1949 52 11 America
861 1949 27 11 does
892 1951 20 9 not
917 1949 21 11 feel
944 1950 17 10 for
966 1949 31 11 them
1003 1953 28 7 even
1036 1950 62 13 contempt.

804 1967 15 12 Of
824 1967 15 12 all
844 1967 32 12 those
881 1967 25 11 who
911 1967 29 11 have
945 1971 32 8 come
982 1969 12 9 to
999 1971 49 10 conquer
1053 1967 54 14 America,
1114 1967 45 11 Picabia
1164 1967 9 12 is
1179 1967 19 11 the
1203 1967 27 14 only
1235 1971 21 8 one
1261 1967 25 12 who
1291 1968 21 11 has
1316 1967 29 12 done
1349 1972 12 7 as
1365 1968 19 11 did

775 1983 44 10 Cortez.
834 1983 19 10 He
860 1983 21 10 has
888 1982 43 11 burned
938 1982 17 11 his
962 1982 25 14 ship
995 1982 42 11 behind
1044 1982 27 11 him.
1086 1982 19 11 He
1112 1982 27 11 does
1147 1984 20 9 not
1174 1983 44 13 protect
1227 1982 45 11 himself
1277 1983 27 10 with
1314 1986 22 10 any
1345 1983 39 11 shield.

774 1998 19 10 He
803 1997 20 11 has
833 1997 48 11 married
891 1997 52 11 America
953 1997 22 11 like
982 2000 7 7 a
996 2000 27 7 man
1028 1997 25 10 who
1063 1997 9 10 is
1082 1999 20 8 not
1112 1997 36 10 afraid
1156 1997 12 10 of
1176 2000 86 11 consequences.
1277 1997 18 11 He
1303 1997 20 11 has
1331 1997 53 12 obtained

775 2012 43 11 results.
834 2012 26 11 And
864 2012 14 11 he
882 2012 20 11 has
907 2011 48 14 brought
959 2012 31 11 these
995 2013 12 9 to
1011 2011 38 14 “291”
1053 2011 36 11 which
1093 2013 45 12 accepts
1142 2011 31 11 them
1178 2015 12 8 as
1194 2011 67 14 experience,
1265 2012 23 11 and
1292 2012 57 13 publishes
1353 2012 30 11 them

775 2026 27 11 with
808 2026 20 11 the
833 2026 63 11 conviction
901 2026 26 11 that
933 2026 27 14 they
966 2026 29 11 have
1000 2026 19 11 the
1027 2026 48 14 positive
1079 2026 34 11 value
1117 2026 37 11 which
1161 2026 15 11 all
1183 2026 47 14 striving
1239 2026 42 11 toward
1289 2026 56 14 objective
1352 2027 32 11 truth

774 2044 59 11 possesses.

1291 2045 18 11 M.
1315 2045 19 11 De
1340 2045 43 12 Zayas.

293 2113 99 16 TWELVE
404 2113 116 16 NUMBERS
534 2113 15 15 A
560 2113 65 15 YEAR
627 2111 154 22 .—Subscription
794 2110 57 23 price,
867 2111 74 21 regular
957 2110 68 17 edition
1041 2112 49 15 ONE
1103 2111 99 16 DOLLAR.
1204 2119 21 4 —
1226 2110 73 22 Special
1314 2111 69 16 edition

123 2136 13 14 •
140 2137 22 27 J
230 2131 21 23 1
293 2138 71 17 limited
376 2139 18 15 to
405 2143 34 12 one
449 2138 83 16 hundred
542 2137 60 22 copies
611 2142 23 12 on
644 2137 68 22 special
718 2141 58 18 paper
778 2145 23 4 —
805 2136 69 17 Twelve
882 2136 85 17 numbers
976 2137 98 15 TWELVE
1082 2137 111 15 DOLLARS.
1195 2145 21 3 —
1219 2136 82 22 Regular
1309 2136 74 21 edition,

239 2154 12 25 I
293 2163 63 22 Single
366 2163 60 22 copies
439 2163 34 17 Ten
483 2162 58 18 Cents.
566 2162 63 22 Single
639 2162 60 23 copies
709 2162 22 17 de
741 2163 46 20 luxe,
794 2162 59 21 prices
863 2167 23 11 on
897 2161 118 22 application.
1039 2162 107 16 ADDRESS
1157 2162 44 16 ALL
1211 2162 172 16 REMITTANCES

121 2181 42 12 ““
177 2179 37 15 V
292 2190 30 16 TO
331 2190 61 16 PAUL
400 2190 20 16 B.
429 2190 130 17 HAVILAND,
568 2190 35 15 291
614 2188 50 17 Fifth
672 2188 79 19 Avenue,
764 2187 43 17 New
818 2187 51 21 York,
879 2187 21 17 N.
912 2187 16 17 Y.
