2552 3949
852 294 668 69 OHAMBRE
1581 294 132 64 19

402 591 216 53 Accablé
640 588 324 60 d'insomnie,
984 587 51 70 je
1060 588 118 53 refis
1202 588 64 53 de
1291 588 49 53 la
1365 588 230 53 lumière.

405 677 142 51 Ainsi
575 675 194 70 surpris
795 690 62 36 en
884 672 170 69 pleine
1082 672 131 64 nuit,
1239 674 70 52 les
1335 674 229 52 meubles
1597 674 63 50 de
1685 677 130 47 cette
1840 671 239 52 chambre
2104 670 188 53 d'hôtel

269 764 251 52 n'avaient
545 762 115 69 plus
687 762 112 50 leur
820 774 273 35 assurance
1114 759 331 68 journalière.

404 848 275 50 L'armoire
716 848 29 48 à
773 844 140 68 glace
951 842 140 51 allait
1122 860 70 33 un
1230 861 99 53 peu
1364 845 63 51 de
1467 845 149 58 hiais,
1648 845 69 51 du
1760 844 112 52 côté
1915 842 132 53 nord
2090 858 113 35 vers
2245 841 48 51 la

265 938 134 47 terre
419 950 13 45 ;
465 933 45 52 le
537 931 364 65 rembourrage
928 928 64 50 de
1016 928 227 68 l'unique
1275 929 212 52 fauteuil
1519 929 235 52 semblait
1788 929 115 70 plus
1929 928 154 62 tassé,
2113 926 157 69 s'apla-

265 1018 167 52 tissait
467 1033 198 37 comme
691 1015 45 51 le
758 1015 94 50 dos
880 1013 122 50 d'un
1040 1013 249 63 vieillard,
1317 1032 87 34 sur
1431 1032 65 34 un
1525 1015 108 51 seul
1666 1015 131 61 côté,
1821 1015 230 64 toujours
2089 1013 68 50 du
2184 1013 112 50 côté

272 1104 128 52 nord
429 1121 116 35 vers
576 1103 49 51 la
656 1108 151 46 terre.

402 1189 124 50 Mais
562 1190 122 49 c'est
721 1193 199 46 surtout
954 1187 49 52 la
1035 1187 202 52 table...
1282 1203 80 34 ses
1402 1185 146 69 pieds
1589 1189 281 48 ressortant
1905 1185 62 51 de
2001 1184 215 52 dessous
2248 1183 48 51 la

270 1289 168 53 nappe
466 1272 164 58 fanée,
656 1272 313 52 montraient
995 1272 89 50 des
1111 1287 204 52 genoux
1340 1269 262 52 invisibles
1634 1286 64 34 au
1722 1269 137 69 jour,
1888 1268 186 68 pareils
2108 1270 29 49 à
2173 1284 125 36 ceux

272 1359 60 51 de
359 1361 226 49 chevaux
613 1357 64 52 de
710 1357 179 51 fiacres
914 1357 235 67 assoupis
1180 1372 121 34 sous
1327 1356 136 50 leurs
1489 1371 150 52 capes
1666 1356 62 49 de
1754 1356 202 49 misère.

409 1443 227 67 Quelque
673 1444 155 49 chose
871 1441 420 61 d'insaisissable,
1323 1439 395 52 s'immobilisait
1761 1441 127 49 dans
1921 1438 381 69 l'atmosphère.

407 1528 127 50 Sans
561 1526 216 68 pouvoir
810 1528 104 48 être
938 1526 195 68 précisé
1159 1541 68 34 un
1260 1527 337 65 changement
1632 1522 406 70 imperceptible,
2067 1538 52 36 se
2146 1522 124 66 déga-

274 1613 133 69 geait
439 1613 69 50 du
538 1611 202 52 velours
772 1612 67 50 du
880 1611 150 67 tapis,
1054 1611 62 49 de
1148 1608 197 52 mailles
1375 1610 64 50 de
1467 1608 231 61 rideaux,
1723 1615 141 44 entre
1884 1608 75 51 les
1983 1607 228 70 rythmes
2237 1607 63 51 de

273 1715 82 33 ma
385 1697 307 69 respiration
720 1712 10 33 :
772 1696 193 51 couché
998 1696 128 51 dans
1161 1710 119 35 mon
1322 1693 75 63 lit,
1422 1695 104 50 moi
1561 1693 137 52 aussi
1728 1693 50 68 je
1817 1692 245 70 penchais
2089 1692 66 51 du
2189 1693 111 50 côté

273 1785 131 49 nord
428 1799 113 34 vers
565 1782 49 50 la
650 1786 152 47 terre.

410 1867 69 51 Le
503 1866 158 61 Nord,
691 1866 147 69 point
861 1870 159 46 terme
1046 1866 62 50 de
1135 1870 111 46 tout
1271 1864 432 52 anéantissement
1727 1865 63 49 de
1813 1864 99 60 vie,
1936 1864 50 49 la
2010 1869 150 53 terre,
2185 1862 87 51 der-

275 1952 111 51 nier
421 1952 176 68 refuge
623 1951 63 51 de
711 1956 110 46 tout
853 1950 365 52 écroulement.

414 2038 258 52 L'insensé
708 2036 69 51 du
813 2035 125 51 Noir
975 2041 249 45 nocturne
1263 2051 82 35 me
1383 2035 198 69 frappa.
1616 2034 40 50 Il
1690 2035 187 49 murait
1912 2050 82 34 ma
2025 2032 193 52 fenêtre
2255 2039 50 47 et

289 2128 90 47 out
404 2139 55 36 ce
484 2121 86 70 qui
600 2121 122 51 était
743 2120 209 62 dehors,
981 2137 53 35 se
1065 2119 300 53 confondait
1387 2120 127 51 dans
1539 2118 403 68 l'impénétrable
1967 2118 218 68 lugubre
2212 2119 90 51 des

273 2208 255 52 ténèbres.
569 2208 104 49 Une
717 2205 342 67 température
1096 2204 268 68 beaucoup
1390 2204 116 68 plus
1549 2204 169 61 basse,
1760 2220 99 52 que
1907 2203 125 52 celle
2065 2203 70 50 du
2163 2205 137 64 jour,

275 2292 164 68 pesait
465 2307 86 35 sur
580 2290 47 51 le
649 2290 208 60 monde,
884 2289 288 69 oppressait
1199 2304 82 36 ma
1300 2288 243 70 poitrine,
1566 2288 207 50 arrêtait
1797 2292 112 46 tout
1934 2286 372 70 épanchement

274 2377 62 50 de
368 2377 79 52 vie
480 2375 87 69 qui
594 2374 239 52 semblait
862 2374 220 69 languir.

412 2463 60 49 Et
498 2460 87 65 j'ai
621 2460 222 68 compris
884 2476 97 52 que
1018 2459 49 51 la
1105 2459 120 51 Nuit
1251 2459 120 51 c'est
1406 2458 47 52 le
1491 2459 110 51 côté
1625 2457 245 53 inachevé
1903 2458 64 51 de
2000 2458 304 52 l'harmonie

274 2546 319 62 universelle,
613 2546 180 49 lacune
828 2546 99 48 due
964 2547 28 47 à
1026 2544 221 69 quelque
1275 2543 331 52 défectuosité
1637 2543 113 67 déjà
1784 2542 332 68 irréparable,
2132 2543 172 52 l'astre

273 2633 198 51 destiné
508 2633 28 48 à
579 2629 282 70 remplacer
900 2629 45 51 le
983 2629 144 51 soleil
1176 2629 198 61 absent,
1409 2629 183 51 s'étant
1628 2628 246 69 éparpillé
1911 2629 128 50 dans
2074 2646 67 33 un
2165 2633 110 47 cata-

274 2718 189 68 clysme
494 2714 241 63 absurde,
766 2731 66 34 un
867 2719 133 46 astre
1026 2731 98 34 aux
1148 2716 184 49 teintes
1359 2713 266 52 salutaires
1655 2714 281 66 dégageant
1970 2730 97 34 une
2097 2713 208 52 chaleur

273 2800 470 71 complémentaire,
771 2800 310 68 réparatrice
1116 2800 62 50 de
1208 2805 134 45 tares
1371 2798 233 69 acquises
1639 2798 225 68 pendant
1892 2798 50 50 la
1975 2798 78 51 vie
2083 2798 221 52 violente

275 2887 68 51 du
368 2887 137 64 jour.

411 2971 130 51 C'est
565 2971 48 49 la
632 2971 245 67 présence
899 2970 61 50 de
980 2975 128 45 cette
1135 2968 179 51 lacune
1340 2967 88 69 qui
1455 2967 90 51 fait
1576 2967 159 51 sentir
1754 2984 96 33 aux
1879 2968 131 50 êtres
2038 2967 197 52 vivants
2257 2968 47 50 la

275 3057 228 52 tristesse
528 3056 108 51 cela
654 3061 118 46 veut
799 3055 109 52 dire
933 3054 391 66 l'imperfection
1354 3054 63 49 de
1442 3052 49 51 la
1516 3052 137 51 Nuit.

414 3142 67 50 Le
515 3142 148 66 poète
696 3140 49 51 la
781 3140 176 68 pleure
995 3155 60 36 en
1088 3155 133 43 vers,
1249 3137 46 51 le
1331 3137 147 51 chien
1512 3136 49 51 la
1587 3136 168 62 hurle,
1778 3136 62 51 ils
1872 3137 310 69 reprochent
2207 3140 28 49 à
2257 3139 48 50 la

279 3229 120 49 lune
425 3226 62 51 de
514 3225 156 51 n'être
692 3227 189 67 qu'une
908 3224 343 68 remplaçante
1277 3224 202 49 oiseuse
1501 3227 49 45 et
1567 3221 229 51 funèbre.

416 3313 69 48 La
519 3311 132 68 gaîté
684 3315 249 46 nocturne
965 3309 138 52 vient
1138 3308 283 52 seulement
1455 3309 28 48 à
1508 3324 126 34 ceux
1662 3306 87 69 qui
1776 3308 127 50 dans
1930 3309 89 51 des
2044 3309 232 52 illumina-

279 3398 137 50 tions
452 3394 307 51 artificielles
795 3394 89 51 des
926 3394 134 49 lieux
1091 3391 210 69 remplis
1336 3390 378 69 d'atmosphère
1746 3391 273 64 surélevée,
2051 3394 256 63 reçoivent

279 3481 229 69 pendant
526 3495 100 36 une
653 3479 219 52 seconde
894 3479 46 51 le
962 3476 144 52 reflet
1131 3478 63 50 de
1221 3480 80 47 cet
1326 3476 101 51 état
1453 3476 430 69 supplémentaire
1905 3480 86 66 qui
2018 3479 153 51 serait
2190 3497 87 51 par-

279 3567 92 50 fait
391 3565 79 51 s'il
490 3564 121 52 était
636 3563 391 53 naturellement
1046 3564 107 50 issu
1180 3563 63 51 de
1262 3562 172 50 l'astre
1453 3562 163 69 perdu
1642 3577 133 53 pour
1798 3563 250 68 toujours.
