2699 4106
1537 406 0 0 408

564 507 176 60 Cette
800 503 387 62 abdication
1248 502 78 61 de
1388 503 65 61 la
1505 503 405 61 démocratie
1976 503 327 80 française
2359 507 112 79 qui

486 601 208 58 certes
723 598 112 59 eût
869 598 193 59 coûté
1095 598 38 56 à
1166 595 112 59 des
1314 596 182 60 âmes
1529 593 500 78 républicaines
2178 597 171 60 mais
2392 616 80 43 en

482 687 354 63 reste-t-il?
976 687 158 60 était
1170 686 169 61 donc
1367 708 88 39 un
1489 692 141 55 acte
1665 689 376 59 nécessaire
2068 687 76 61 de
2175 708 155 59 sage
2352 709 80 60 po-

480 780 257 79 litique.
774 780 65 60 Si
869 777 95 61 les
1001 777 332 80 Français,
1371 797 66 41 se
1476 777 354 80 rappelant
1888 779 76 59 de
2008 779 146 61 leur
2194 781 279 60 histoire

480 871 308 80 l'époque
817 870 319 80 régicide,
1159 869 264 62 avaient
1456 874 277 75 marqué
1769 870 78 60 de
1881 870 64 61 la
1978 869 299 62 froideur
2308 892 164 58 pour

480 964 61 60 le
576 965 181 74 Tzar,
794 965 60 59 et
888 981 125 61 que
1048 963 180 58 leurs
1259 963 410 79 sympathies
1722 963 258 61 fussent
2032 963 202 62 allées
2281 969 38 55 à
2352 983 119 42 son

486 1056 242 80 peuple
781 1054 388 69 seulement,
1217 1054 94 60 les
1367 1053 306 80 Français
1719 1054 301 61 auraient
2072 1057 278 61 commis
2407 1057 66 61 la

486 1148 144 79 pire
690 1148 112 60 des
859 1147 215 60 fautes
1128 1148 61 59 et
1241 1146 163 61 dont
1466 1147 94 60 les
1609 1152 220 55 autres
1883 1147 265 62 nations
2205 1152 267 59 eussent

480 1238 473 79 bruyamment
986 1237 123 61 fait
1141 1255 207 62 gorge
1380 1237 280 61 chaude.
1697 1240 84 58 De
1827 1259 119 60 par
1984 1241 94 60 les
2125 1240 343 80 exigences

486 1332 77 61 de
595 1330 374 81 l'équilibre
1000 1332 336 78 européen
1371 1335 61 57 et
1476 1349 168 61 pour
1695 1332 271 60 mériter
2020 1334 277 59 l'estime
2357 1334 112 61 des

484 1423 428 80 diplomaties
944 1421 293 61 voisines
1268 1421 48 59 il
1352 1440 165 42 nous
1551 1421 211 61 fallait
1795 1424 326 61 acclamer
2148 1424 61 61 le
2241 1426 231 60 maître

486 1517 153 61 d'un
672 1515 239 80 peuple
941 1514 279 76 esclave,
1258 1515 156 60 bien
1446 1514 198 79 qu'un
1676 1517 175 76 jour,
1996 1518 171 58 mais
2190 1517 47 59 il
2270 1528 110 69 yà
2417 1517 55 59 si

480 1607 414 81 longtemps!
1047 1623 166 43 nous
1249 1625 212 61 ayons
1495 1606 263 78 disputé
1794 1612 38 54 à
1860 1607 307 81 l'Europe
2201 1607 59 61 le
2295 1608 177 61 droit

483 1701 77 61 de
596 1700 392 80 guillotiner
1020 1697 60 62 le
1110 1701 212 58 nôtre.
1359 1698 52 60 A
1441 1701 166 57 cette
1656 1700 228 73 heure,
1922 1700 48 58 il
2018 1705 96 55 est
2166 1700 169 74 vrai,
2385 1719 86 43 on

482 1793 242 80 parlait
755 1811 80 42 en
868 1793 260 78 Europe
1164 1792 77 60 de
1272 1791 263 71 liberté,
1589 1810 132 42 non
1769 1792 421 80 d'équilibre,
2241 1795 59 58 et
2356 1811 120 43 nos

483 1887 274 70 soldats,
778 1884 252 62 soldats
1063 1884 192 61 d'une
1289 1884 169 71 idée,
1490 1901 130 42 non
1656 1884 153 61 d'un
1843 1903 187 62 pays,
2053 1885 148 61 n'en
2232 1885 241 61 étaient

484 1997 117 62 pas
630 1978 221 59 moins
883 1975 396 62 victorieux.

569 2073 174 57 Pour
779 2088 123 61 que
940 2087 165 43 nous
1137 2088 166 41 nous
1333 2069 424 66 retrouvions
1791 2074 194 75 après
2013 2074 149 57 cent
2194 2088 117 43 ans
2345 2069 95 62 tel-

487 2163 246 61 lement
765 2161 357 60 inférieurs
1156 2178 130 42 aux
1319 2161 462 77 républicains
1818 2162 78 59 de
1926 2161 176 78 jadis
2138 2164 59 59 et
2229 2168 38 53 à
2304 2164 168 59 cette

487 2253 322 61 nécessité
845 2272 79 41 ne
957 2256 292 76 pouvant
1286 2252 311 62 désobéir
1622 2271 154 43 sans
1801 2253 302 61 déclarer
2135 2254 338 60 mauvaise

479 2346 271 61 l'œuvre
784 2345 77 59 de
897 2362 105 42 ces
1054 2350 149 54 cent
1259 2345 339 61 dernières
1653 2350 269 68 années,
1982 2365 78 42 en
2116 2346 187 80 dépit
2359 2347 113 60 des

483 2439 338 80 principes
854 2454 352 43 nouveaux
1237 2455 126 61 que
1413 2437 296 80 dégagea
1753 2439 367 78 l'agitation
2170 2440 262 77 philoso-

480 2530 251 80 phique
760 2529 89 60 du
879 2528 464 61 dix-huitième
1375 2529 196 60 siècle
1604 2531 60 59 et
1692 2548 123 60 que
1844 2548 317 43 conserva
2184 2531 64 60 la
2274 2531 164 60 Révo-

484 2623 238 73 lution,
756 2639 90 43 un
878 2620 290 60 élément
1201 2620 77 61 de
1333 2622 388 77 corruption
1777 2620 117 62 dut
1941 2622 321 60 subsister
2314 2622 164 60 dans

484 2735 123 43 nos
642 2732 247 42 mœurs
924 2731 254 43 comme
1214 2732 88 42 un
1336 2714 301 78 héritage
1674 2713 111 61 des
1823 2718 363 57 errements
2222 2716 256 78 passés.

571 2809 110 60 Cet
742 2807 310 74 élément,
1114 2825 516 59 croyons-nous,
1695 2808 156 60 c'est
1902 2808 444 79 précisément
2407 2826 72 43 ce

487 2902 185 61 souci
710 2901 77 60 de
823 2900 331 80 politique
1190 2917 84 42 au
1303 2919 157 40 nom
1503 2900 244 77 duquel
1792 2900 68 59 la
1904 2902 245 60 France
2199 2919 279 62 presque

480 3000 148 56 tout
679 2992 248 63 entière
968 2992 186 61 vient
1206 2992 78 61 de
1344 2997 387 60 commettre
1780 3013 90 40 un
1924 2995 200 61 crime
2180 2995 78 61 de
2309 2994 135 61 lèse-

494 3085 369 62 humanité.

569 3180 65 60 Si
672 3185 151 55 tous
867 3198 163 42 ceux
1095 3178 113 80 qui
1248 3178 254 79 prirent
1559 3182 155 76 part
1752 3197 131 43 aux
1938 3183 422 60 événements
2406 3180 78 63 de

492 3273 157 61 1789
686 3269 261 62 avaient
999 3288 78 43 eu
1122 3270 65 60 la
1234 3269 269 62 volonté
1535 3270 207 63 ferme
1787 3270 79 61 de
1907 3290 172 61 pous
2116 3272 376 81 serjusqu'à

482 3366 180 61 leurs
712 3362 339 62 dernières
1105 3364 499 79 conséquences
1650 3363 95 61 les
1799 3364 364 80 principes
2204 3385 82 42 au
2330 3382 157 43 nom

491 3457 311 81 desquels
836 3456 84 61 ils
953 3475 66 43 se
1043 3456 415 74 révoltaient,
1490 3457 142 61 s'ils
1658 3476 78 42 ne
1772 3458 304 61 s'étaient
2106 3478 118 60 pas
2255 3458 232 61 laisser

483 3552 309 63 dominer
827 3556 37 56 à
896 3568 332 56 nouveau,
1268 3552 61 60 et
1357 3550 156 62 bien
1541 3552 201 59 avant
1773 3552 215 61 même
2025 3571 124 61 que
2186 3552 66 61 la
2289 3555 152 58 révo-

484 3646 215 64 lution
733 3663 79 43 ne
845 3644 100 61 fût
977 3643 180 77 finie,
1188 3660 120 64 par
1329 3643 112 62 des
1468 3644 491 80 personnalités
1993 3644 161 63 dont
2187 3645 289 81 l'unique
