2699 4106
1251 243 120 59 425

320 395 261 80 trépied
643 398 61 61 et
746 400 226 59 tenant
1033 417 77 43 en
1176 399 181 62 main
1411 399 60 62 le
1505 399 244 62 trident
1806 398 78 62 de
1917 399 363 66 Paracelse,

308 483 218 67 s'écrie
562 508 18 41 ;

399 711 48 60 0
483 713 306 73 MICHAEL,
1339 713 98 61 roi
1596 713 81 61 du
1061 711 203 64 Soleil
1293 724 60 51 et
1382 713 73 61 de
1489 713 61 61 la
1585 714 280 74 Foudre,

406 802 48 59 0
487 803 274 76 SAMAEL,
792 804 97 61 roi
924 804 72 61 de
1033 804 57 61 la
1122 805 174 61 Lune
1329 816 57 50 et
1422 805 105 64 des
1549 805 351 63 Nocturnes
1937 807 258 75 Lueurs,

402 893 48 60 0
487 894 232 74 ANAEL,
756 916 326 63 empereur
1113 899 104 60 des
1248 897 389 82 Splendeurs
1669 897 302 72 Astrales,

404 982 242 63 Trinité
681 984 75 61 de
781 987 248 80 flamme
1055 1009 116 59 que
1206 988 396 61 contiennent
1637 987 84 61 les
1748 990 150 58 trois
1927 993 244 77 pointes
2205 987 75 61 de

314 1094 64 42 ce
414 1075 258 75 trident,
710 1085 58 52 et
801 1085 36 53 à
862 1078 110 82 qui
1695 1080 105 78 fut
1140 1080 202 61 donné
1378 1100 127 61 par
1533 1078 303 63 Salomon
1871 1078 53 63 le
1958 1101 139 38 nom
2138 1100 108 62 syn-

314 1165 277 82 thétique
633 1167 77 63 de
746 1171 165 71 DJIN,

407 1256 241 64 Trinité
1061 1265 108 76 qui
816 1261 106 80 fus
961 1260 58 62 la
1055 1261 241 63 dualité
1751 1260 525 84 Apollon-Diane,

310 1360 60 52 et
394 1351 381 79 lsis-Osiris,

407 1442 263 82 Dragon
1107 1457 626 65 mouvant,
1075 1447 86 59 toi
1185 1447 111 81 qui
1331 1467 59 41 es
1422 1467 109 39 sur
1582 1445 52 61 le
1667 1444 157 62 seuil
1855 1445 167 61 divin
2062 1444 35 60 V

305 1536 635 75 déchaîné,

399 1627 113 60 Toi
545 1647 117 63 que
698 1627 83 61 les
813 1630 385 80 catholiques
1232 1641 106 51 ont
1376 1628 227 84 appelé
1646 1628 54 61 le
1733 1628 228 74 diable,
2001 1632 31 56 ô
2088 1627 192 83 fluide

309 1717 413 83 multiforme,
770 1721 112 80 qui
914 1732 199 50 tentas
1152 1722 130 60 Eve
1306 1732 60 50 et
1415 1721 267 83 Psyché,
1720 1741 119 61 que
1876 1722 403 80 vainquirent

304 1807 204 77 Jésus,
550 1810 332 80 Bouddha,
922 1811 242 83 Orphée
1192 1820 58 53 et
1274 1812 377 83 Pythagore,

384 1900 231 62 Miroir
647 1901 225 61 ardent
903 1903 103 61 des
1037 1926 319 39 souvenirs
1372 1915 56 50 et
1453 1908 106 56 des
1590 1924 268 52 avenirs,
1898 1906 76 58 où
1991 1913 281 72 passent,

310 2014 129 41 aux
467 1997 236 58 torches
740 1998 76 60 de
850 1995 61 61 la
943 1997 376 75 sorcellerie,
1361 2006 195 52 toutes
1593 1995 85 63 les
1706 2002 235 54 écorces
1977 1995 105 61 des
2114 1999 165 56 âmes

301 2086 251 80 futures
590 2108 80 40 ou
712 2087 322 73 délivrées,

392 2176 273 84 Serpent
696 2187 36 52 à
1235 2185 119 57 tête
917 2180 74 60 de
1019 2180 150 76 lion,
1203 2201 220 62 rampe
1455 2187 35 53 à
1521 2201 123 39 mes
1673 2181 175 81 pieds
1969 2178 151 62 livre
2157 2177 124 62 moi

315 2268 63 61 la
411 2270 409 82 fulguration
853 2272 73 61 de
961 2284 62 49 ta
1052 2273 354 81 puissance.

404 2474 115 74 Ou,
554 2475 52 60 si
639 2484 66 51 tu
759 2486 54 49 te
845 2474 288 75 révoltes,
1162 2479 121 56 sois
1320 2481 347 54 tourmenté
1695 2494 123 61 par
1848 2494 63 40 ce
1940 2477 110 76 feu
2081 2479 194 68 sacré,

331 2572 109 76 qui
484 2564 385 63 matérialise
1557 2564 36 60 1
1602 2566 400 81 impétuosité
1399 2566 75 61 de
1507 2587 101 40 ma
1634 2564 200 61 colère
1865 2576 58 49 et
1956 2564 291 61 évanouis-

328 2657 86 61 toi
444 2677 68 40 en
795 2656 321 79 inoffensives
1117 2654 99 63 volutes
1249 2676 143 41 avec
1430 2676 92 41 ces
1557 2658 228 59 saintes
1841 2656 208 61 herbes
2111 2656 169 61 aussi

303 2757 359 52 suavement
691 2752 364 78 parfumées
1082 2769 116 59 que
1227 2768 122 40 mes
1382 2757 226 54 vertus.

411 2952 128 63 Car
558 2954 74 81 je
661 2962 56 52 te
745 2952 358 62 commande
1146 2973 32 40 o
1236 2953 440 74 Salamandre,
1714 2952 171 62 selon
1921 2952 59 62 la
2041 2952 243 63 volonté

312 3047 78 61 de
425 3046 612 82 Tétragrammaton,

397 3138 137 61 Par
585 3138 122 61 Jod
770 3147 58 52 et
879 3159 127 62 par
1060 3137 316 78 Hevauhé,
1434 3159 132 62 par
1625 3137 51 61 le
1706 3137 163 61 Père
1916 3147 57 52 et
2026 3136 60 61 la
2110 3137 176 64 Mère

332 3229 349 82 ineffables,
736 3250 124 62 par
906 3229 63 60 la
1000 3229 225 62 double
1259 3234 119 58 tête
1415 3250 131 41 aux
1596 3240 219 71 quatre
1869 3230 167 77 faces
2086 3234 108 75 qui
2252 3250 37 39 a

304 3328 221 58 émané
539 3323 85 60 du
646 3343 202 61 rayon
864 3321 399 65 douloureux
1293 3334 61 51 et
1385 3321 447 83 compatissant
1850 3320 149 61 d'un
2021 3319 255 81 regard,

425 3424 133 51 tout
594 3414 35 60 V
648 3414 278 63 Univers.
