2699 4106
1265 367 131 59 394

1089 926 162 43 LEUR
1284 912 156 56 ÉTAT
1469 925 167 43 CIVIL

444 1169 164 56 Tout
637 1165 281 61 d'abord
954 1183 105 43 ces
1091 1183 312 62 masques
1439 1166 354 80 indiquent
1840 1185 89 41 un
1965 1165 341 80 provincia-

359 1258 195 61 lisme
622 1258 290 61 évident.
961 1259 145 58 Non
1158 1277 141 61 pas,
1357 1264 238 66 certes,
1652 1277 128 59 que
1830 1258 60 61 le
1932 1260 240 59 niveau
2235 1256 111 60 des

361 1350 459 82 intelligences
862 1350 128 61 soit
1022 1350 148 79 plus
1214 1350 180 61 élevé
1434 1357 36 54 à
1505 1353 188 58 Paris
1733 1350 403 79 qu'ailleurs,
2177 1349 169 60 mais

363 1462 84 42 on
481 1463 38 59 y
555 1461 38 42 a
627 1443 374 77 davantage
1037 1443 59 61 le
1131 1443 355 60 sentiment
1521 1443 111 60 des
1666 1460 291 41 nuances
2004 1448 63 52 el
2099 1440 217 59 l'intui-

359 1536 141 59 tion
541 1534 87 61 du
659 1541 380 73 grotesque.
1077 1537 86 57 Le
1211 1554 148 41 sens
1390 1534 87 60 du
1528 1533 284 62 ridicule
1848 1533 318 60 s'insinue
2202 1532 146 80 plus

363 1627 286 81 profond
684 1628 163 61 dans
879 1627 96 62 les
1011 1628 227 60 veines
1270 1627 372 62 féminines.
1683 1630 138 58 Une
1857 1626 379 61 Paiisienne
2271 1642 78 42 ne

361 1724 265 77 signera
659 1721 241 79 jamais
940 1720 194 81 Reflet
1172 1720 85 60 du
1312 1719 263 61 Danube
1589 1769 8 22 ,
1636 1720 68 60 ni
1744 1717 342 64 Chevelure
2122 1716 72 61 de
2243 1715 71 62 Vé-

361 1834 147 51 nus-,
548 1814 122 61 elle
724 1813 165 62 n'est
940 1830 118 63 pas
1092 1811 312 82 Toujours
1440 1810 184 79 fidèle
1637 1860 11 25 ,
1688 1813 67 59 ni
1810 1811 36 60 1
1862 1811 260 83 oujours
2151 1808 196 83 petite

355 1927 172 62 pour
568 1927 66 39 sa
675 1908 187 60 mère.
896 1909 120 57 Les
1060 1905 397 61 chefs-lieux
1500 1910 148 56 sont
1707 1923 82 43 au
1825 1904 325 62 contraire
2196 1921 115 61 pro-

362 2001 179 77 pices
576 2003 37 56 à
646 1998 344 61 l'éclosion
1020 1998 111 61 des
1158 2001 183 58 âmes
1373 1998 434 80 bourgeoises
1838 2017 11 42 :
1886 1998 48 58 il
1972 2017 38 58 y
2046 1998 181 58 flotte
2257 2013 85 41 un

363 2097 169 56 reste
569 2093 79 60 de
673 2093 312 73 candeur,
1025 2091 172 62 mêlé
1224 2097 37 56 à
1293 2110 89 40 un
1415 2089 213 63 relent
1655 2088 600 64 d'administration
2285 2092 63 56 et

363 2183 643 79 d'enregistrement.

447 2277 121 59 Les
606 2280 193 74 pères
835 2276 111 60 des
1001 2276 341 60 abonnées
1393 2280 471 56 conserveront
1910 2293 79 42 en
2029 2272 315 79 province

366 2390 33 36 «
430 2368 79 61 de
541 2384 249 61 vagues
828 2368 471 78 hypothèques
1333 2388 59 51 »,
1432 2384 84 43 ou
1571 2368 522 77 enregistreront
2131 2371 38 54 à
2198 2369 149 56 tour

366 2463 78 58 de
475 2460 178 69 bras,
692 2462 37 57 à
768 2459 219 61 moins
1027 2458 197 80 qu'ils
1258 2477 79 43 ne
1373 2459 214 60 soient
1632 2458 358 59 l'honneur
2023 2456 88 60 du
2161 2460 149 55 nota-

363 2554 130 60 riat
532 2570 83 41 ou
644 2571 80 42 ne
757 2550 382 80 perçoivent
1164 2552 112 61 des
1312 2550 493 61 contributions
1835 2549 147 80 plus
2018 2567 84 42 ou
2135 2548 216 60 moins

367 2647 303 60 directes.
730 2646 333 59 Peut-être
1125 2644 213 61 même
1389 2643 353 61 seront-ils
1801 2643 111 60 des
1962 2643 386 60 hobereaux

363 2740 80 59 de
481 2737 338 80 province,
881 2736 377 62 cristallisés
1316 2737 162 60 dans
1537 2736 177 61 leurs
1788 2735 429 81 parchemins
2282 2738 65 56 et

363 2831 145 61 leur
566 2829 311 62 inutilité.
935 2831 83 57 Le
1068 2827 622 75 fonctionnarisme,
1726 2827 65 61 la
1826 2827 100 61 vie
1972 2831 375 65 monotone,

362 2925 39 60 1'
438 2924 278 61 identité
757 2923 80 61 de
895 2923 65 61 la
1020 2921 190 61 tâche
1261 2921 457 80 quotidienne,
1756 2920 66 61 la
1855 2919 499 81 fréquentation

369 3018 111 60 des
510 3018 253 58 mêmes
792 3033 391 62 paperasses
1219 3019 64 57 et
1308 3015 112 60 des
1451 3015 254 59 mêmes
1736 3014 286 79 visages,
2061 3013 65 59 la
2152 3013 160 59 véné-

367 3109 218 60 ration
649 3109 110 59 des
816 3107 407 61 hiérarchies
1280 3112 65 54 et
1404 3105 112 61 des
1566 3105 184 61 idées
1799 3103 345 62 officielles
2205 3105 151 59 sont

368 3207 231 56 autant
660 3199 426 80 d'éteignoirs
1131 3218 113 42 sur
1293 3199 59 60 le
1418 3217 280 42 cerveau
1752 3198 301 69 humain,
2104 3197 253 61 hormis

369 3312 169 63 pour
571 3312 165 44 ceux
767 3293 113 79 qui
913 3297 232 57 savent
1170 3292 199 62 isoler
1402 3291 146 61 leur
1578 3291 102 61 vie
1718 3291 80 61 de
1831 3291 145 60 leur
2009 3290 298 61 fonction
2335 3310 13 38 :

371 3389 83 59 ils
510 3386 475 80 prédisposent
1017 3389 37 56 à
1084 3384 332 61 l'absence
1451 3384 79 61 de
1563 3386 278 78 pensées
1877 3380 477 81 personnelles,

371 3481 470 63 accoutument
882 3485 37 54 à
950 3478 373 81 remplacer
1365 3495 107 44 ces
1525 3476 184 61 idées
1744 3475 454 81 personnelles
2241 3493 120 62 par

369 3573 200 63 celles
615 3572 80 62 de
748 3579 132 54 tout
931 3569 53 62 le
1031 3569 222 62 monde
1265 3619 14 24 ,
1321 3569 403 61 c'est-à-dire
1791 3586 116 60 par
1968 3566 98 63 les
2119 3568 240 61 clichés

373 3667 221 61 usuels
660 3666 239 81 qu'une
947 3664 391 82 génération
1389 3667 325 57 transmet
1765 3660 508 63 bénévolement
2326 3666 39 55 à
