2699 4106
1312 372 122 61 389

353 527 309 64 enlevées
696 529 95 61 les
823 546 164 42 unes
1021 533 195 74 après
1249 529 94 61 les
1378 533 245 67 autres,
1666 526 380 62 finalement
2080 526 49 60 il
2160 526 108 81 n'y
2308 546 37 42 a

355 621 149 80 plus
545 623 165 59 rien.
758 620 466 61 Trouvez-moi
1264 621 169 61 donc
1466 640 89 41 un
1600 620 201 61 héros
1854 620 113 79 qui
2009 620 153 62 aille
2197 625 149 56 tuer

353 715 62 60 et
447 732 66 42 se
546 713 167 61 faire
758 719 150 54 tuer
950 729 169 61 pour
1148 731 70 42 ce
1264 712 263 62 rien-là.
1583 714 75 57 Et
1699 713 145 79 puis
1879 712 387 61 l'humanité
2310 731 37 43 a

353 806 294 71 marché,
686 804 50 59 il
765 825 39 58 y
851 823 39 41 a
922 821 79 42 eu
1034 804 310 79 l'époque
1386 806 324 77 héroïque
1739 823 255 42 comme
2030 804 47 59 il
2111 825 39 59 y
2190 823 38 42 a
2262 823 79 42 eu

351 897 68 61 la
451 897 269 79 période
749 894 319 70 tertiaire,
1108 914 166 43 nous
1320 915 80 42 en
1434 915 290 42 sommes
1755 903 35 54 à
1818 896 306 80 l'époque
2159 896 155 62 utili-

351 988 166 61 taire
556 995 61 56 et
662 987 556 80 psychologique.
1257 990 96 58 Au
1388 988 221 61 diable
1654 992 94 57 les
1801 990 227 59 héros!
2066 990 80 59 Ce
2191 995 152 56 sont

352 1099 456 63 personnages
846 1080 315 61 fabuleux
1195 1081 112 79 qui
1358 1088 164 54 vont
1547 1085 149 56 tout
1740 1100 147 52 nus,
1927 1088 214 55 armés
2188 1082 157 60 d'un

355 1174 208 77 grand
611 1178 306 64 couteau,
963 1178 60 54 et
1059 1171 198 80 qu'on
1307 1192 81 40 ne
1443 1178 232 56 trouve
1716 1173 146 78 plus
1896 1173 191 78 qu'en
2120 1174 221 80 pierre

356 1267 164 61 dans
542 1267 96 59 les
662 1268 286 71 musées,
981 1264 322 80 paraît-il.

438 1361 93 57 Eh
597 1358 175 69 bien,
818 1357 154 61 c'est
1025 1357 62 59 là
1143 1376 126 40 une
1331 1375 225 41 erreur
1614 1376 112 40 sur
1763 1357 291 78 laquelle
2097 1358 47 58 il
2177 1358 164 62 n'est

355 1452 340 79 peut-être
729 1467 118 61 pas
889 1448 296 78 superflu
1241 1447 353 62 d'insister.
1633 1451 75 57 Et
1753 1467 166 42 nous
1975 1469 206 41 avons
2219 1470 121 42 nos

356 1545 202 61 héros
581 1547 143 55 tout
749 1559 256 43 comme
1026 1540 393 78 l'antiquité.
1442 1541 199 60 Notre
1673 1543 255 77 époque
1957 1561 78 41 ne
2058 1560 283 62 manque

358 1655 118 62 pas
507 1636 422 69 d'héroïsme,
954 1636 290 75 quelque
1275 1641 355 70 prosaïque
1675 1634 235 77 qu'elle
1946 1635 387 77 apparaisse

361 1731 162 60 dans
563 1747 100 42 ses
695 1725 260 74 détails,
996 1743 115 61 pas
1144 1725 147 79 plus
1336 1742 127 61 que
1513 1725 92 58 les
1640 1729 214 74 temps
1917 1726 309 78 antiques
2258 1745 80 42 ne

357 1822 434 77 manquaient
824 1816 78 60 de
934 1824 369 71 prosaïsme
1339 1834 132 45 aux:
1498 1833 179 61 yeux
1725 1816 110 60 des
1862 1815 259 61 bonnes
2180 1836 158 60 gens

358 1913 113 80 qui
516 1910 293 60 vivaient
854 1908 198 60 alors.
1094 1909 176 59 Nous
1334 1924 209 44 avons
1584 1907 112 59 des
1749 1907 199 61 héros
2002 1908 137 79 qui,
2177 1927 168 61 pour

355 2007 138 58 être
536 2001 292 62 habillés
875 2017 254 43 comme
1170 2016 189 54 nous,
1397 1999 181 60 vivre
1644 1998 76 60 de
1776 2004 189 56 notre
1997 2001 128 73 vie,
2162 1999 186 63 avoir

356 2115 120 43 nos
532 2095 328 59 manières
885 2096 60 56 et
981 2091 238 61 exister
1255 2091 77 59 de
1382 2110 123 40 nos
1560 2091 217 79 jours,
1819 2096 152 57 n'en
2032 2098 153 56 sont
2226 2111 119 62 pas

353 2191 216 59 moins
601 2189 381 76 héroïques.
1033 2184 385 60 Seulement
1452 2184 84 59 ils
1579 2185 350 61 n'existent
1974 2204 117 60 pas
2143 2185 153 80 long-

352 2288 239 72 temps,
633 2298 113 42 car
780 2279 157 59 sitôt
982 2275 194 80 qu'ils
1212 2294 65 42 se
1331 2281 158 55 sont
1547 2275 292 77 signalés
1903 2295 255 42 comme
2190 2277 122 61 tels

348 2379 189 57 notre
574 2377 286 73 époque,
898 2369 163 60 dont
1095 2368 82 58 ils
1210 2370 246 76 gênent
1489 2368 58 59 le
1586 2378 392 68 prosaïsme,
2016 2369 137 60 s'en
2215 2369 75 61 dé-

355 2468 309 60 barrasse
696 2482 83 41 au
814 2462 148 80 plus
990 2462 158 58 vite.

441 2559 156 59 Mais
638 2572 167 42 nous
845 2553 150 59 n'en
1031 2570 206 40 avons
1282 2568 115 60 pas
1447 2549 218 61 moins
1696 2549 110 60 des
1849 2549 219 63 héros.
2119 2552 121 58 Car
2286 2554 54 59 si

357 2651 97 61 les
503 2647 380 62 conditions
918 2643 112 78 qui
1075 2642 144 60 font
1251 2641 95 61 les
1379 2642 199 60 héros
1612 2642 366 60 consistent
2009 2648 37 55 à
2106 2648 141 56 tuer
2282 2646 61 59 et

360 2749 38 53 à
457 2737 253 62 mourir
761 2752 170 61 pour
1000 2752 125 40 une
1183 2732 171 74 idée,
1421 2739 37 53 à
1525 2732 367 79 s'attaquer
1957 2737 163 70 seul,
2182 2755 152 42 sans

357 2832 220 79 espoir
614 2830 77 58 de
727 2827 196 66 salut,
962 2829 38 56 à
1034 2843 127 42 une
1197 2825 180 60 force
1416 2825 423 62 formidable,
1877 2844 155 43 avec
2060 2827 65 60 la
2163 2829 178 61 seule

357 2924 271 61 volonté
675 2920 76 60 de
793 2935 246 63 venger
1086 2934 127 42 une
1256 2916 210 61 classe
1503 2934 81 43 ou
1619 2937 88 40 un
1757 2919 236 77 peuple
2039 2923 304 77 opprimé

358 3022 61 57 et
455 3017 76 59 de
564 3014 60 60 le
659 3028 277 64 pousser
958 3028 119 61 par
1101 3006 342 80 l'exemple
1477 3008 79 61 de
1588 3009 378 61 l'héroïsme
1998 3017 37 54 à
2054 3013 256 60 l'affran-

360 3109 424 68 chissement,
823 3104 55 60 si
923 3121 105 42 ces
1078 3099 379 62 conditions
1492 3099 213 62 d'àme
1743 3106 59 55 et
1847 3103 287 61 d'action
2186 3108 155 57 sont

351 3203 158 63 bien
536 3198 201 68 celles
772 3196 158 61 d'un
951 3196 219 70 héros,
1217 3212 164 42 nous
1416 3213 210 42 avons
1663 3213 78 42 eu
1787 3213 104 44 ces
1923 3198 319 78 temps-ci
2279 3197 59 61 le

352 3292 331 84 spectacle
743 3290 155 59 d'un
949 3288 112 60 des
1124 3286 149 80 plus
1332 3287 240 74 beaux,
1613 3286 112 61 des
1777 3287 147 79 plus
1978 3307 181 60 purs,
2226 3290 112 59 des

351 3390 148 80 plus
532 3379 525 67 incontestables
1105 3379 371 61 héroïsmes
1519 3379 112 80 qui
1694 3380 214 60 soient
1942 3382 399 78 enregistrés

352 3481 164 61 dans
568 3473 328 63 l'histoire
963 3470 347 62 humaine.
1346 3471 73 60 Je
1471 3488 166 42 veux
1698 3470 220 79 parler
1978 3471 77 60 de
2108 3471 232 60 Paulin

356 3572 244 62 Pallas.

442 3661 227 64 Pallas
708 3655 229 64 n'était
972 3672 117 63 pas
1148 3672 90 42 nu
1293 3669 257 45 comme
1603 3652 93 62 les
1725 3653 482 66 bonshommes
2261 3658 77 62 de
