2283 3838
2052 229 71 37 281

913 239 419 30 CORRESPONDANCE

113 341 100 52 plus
237 339 178 42 difficile
438 339 54 42 de
529 340 113 52 plier
670 339 40 40 la
738 339 167 51 langue
934 339 221 53 française
1178 357 84 26 aux
1301 341 166 43 formes
1490 342 54 41 de
1581 342 39 41 la
1662 340 212 52 Musique
1917 338 213 41 Italienne

114 411 113 40 dans
251 411 40 40 le
310 423 139 38 genre
469 411 173 39 sérieux
665 417 42 32 et
726 408 135 42 noble
886 423 86 39 que
992 410 112 41 dans
1122 411 40 40 le
1178 425 136 36 genre
1336 414 206 51 comique
1560 420 41 32 et
1622 410 193 42 familier
1830 425 9 34 ;
1862 407 107 55 qu'il
1990 409 141 40 savait

115 494 85 38 que
225 487 111 33 cette
356 480 210 51 musique
590 479 117 40 avait
729 478 99 53 déjà
861 476 229 43 contr'elle
1113 493 60 26 un
1197 482 114 50 parti
1354 486 87 36 très
1465 482 148 39 animé
1634 489 76 42 ;et
1752 493 85 40 que
1860 477 166 43 n'étant
2050 491 80 40 pas

114 555 76 35 sûr
212 549 54 41 de
306 562 82 27 son
408 551 97 39 côté
527 548 55 40 de
606 547 109 42 faire
740 562 59 26 un
825 552 123 36 assés
969 546 90 42 bon
1097 551 172 49 poëme,
1314 549 29 41 il
1367 564 55 26 ne
1451 550 170 41 voulait
1662 564 80 36 pas
1772 548 110 42 faire
1920 549 147 41 courir
2109 552 21 35 à

115 618 200 41 Piccinni
340 618 39 40 le
418 616 167 42 double
623 616 164 41 hazard
824 614 107 43 d'un
963 619 162 50 poëme
1160 630 206 28 nouveau
1401 628 41 31 et
1477 617 132 42 d'une
1647 620 208 52 musique
1887 617 206 43 nouvelle
2120 628 8 37 ;

116 689 114 38 mais
252 701 86 38 que
358 689 36 38 si
417 684 87 43 l'on
527 686 186 47 voulait,
733 686 29 40 il
785 686 123 41 allait
931 686 167 41 choisir
1118 686 217 52 quelques
1358 701 84 26 uns
1477 687 77 40 des
1577 687 100 53 plus
1700 688 141 41 beaux
1877 687 173 53 Opéras
2077 687 53 40 de

115 755 237 53 Quinault,
374 756 63 41 les
470 755 176 41 réduire
669 769 55 27 en
754 757 109 39 trois
886 764 119 32 actes
1039 769 56 26 en
1133 764 265 32 conservant
1421 755 63 41 les
1503 755 139 42 belles
1675 762 152 35 scènes
1849 766 41 31 et
1912 773 26 37 y
1961 758 170 51 ajouter

116 835 120 31 toute
275 826 39 40 la
358 826 142 52 partie
540 825 225 52 analogue
796 829 20 36 à
859 825 38 40 la
937 826 208 52 musique
1182 823 231 52 Italienne,
1449 823 281 43 c'est-à-dire
1757 826 63 40 les
1861 826 175 52 paroles
2077 826 54 40 de

117 909 192 39 presque
333 904 100 32 tous
457 895 63 40 les
564 896 105 46 airs,
698 894 79 41 des
797 894 117 50 Duo,
940 894 79 40 des
1051 893 124 48 Trio,
1226 894 78 40 des
1345 893 211 49 Chœurs,
1600 894 77 40 des
1716 895 311 50 monologues,
2052 896 78 40 des

120 963 212 42 récitatifs
365 963 192 52 obligés,
597 966 75 51 qui
704 978 55 26 ne
796 977 47 27 se
877 964 303 40 trouveraient
1211 976 80 39 pas
1331 963 114 40 dans
1487 962 63 41 les
1590 966 182 48 poëmes
1808 964 55 40 de
1897 962 231 53 Quinault.

120 1033 94 42 Son
243 1034 142 52 projet
417 1039 123 35 étant
563 1037 150 47 agréé,
748 1033 30 40 il
804 1033 240 50 demanda,
1070 1046 115 40 pour
1222 1035 94 49 prix
1339 1032 55 40 de
1428 1045 48 27 ce
1498 1032 157 40 travail
1687 1033 147 49 ingrat
1871 1041 41 32 et
1940 1032 189 48 difficile,

120 1117 87 38 que
229 1116 71 27 ces
326 1101 176 54 Opéras
524 1102 60 41 lui
607 1101 175 42 fussent
802 1107 200 48 comptés
1027 1116 113 38 pour
1163 1115 222 37 ouvrages
1425 1113 249 38 nouveaux,
1696 1109 41 32 et
1760 1100 60 41 lui
1858 1101 274 40 donnassent

120 1173 64 40 les
215 1176 171 37 mêmes
408 1172 140 41 droits
573 1185 87 39 que
680 1169 93 44 s'ils
792 1173 166 40 étaient
983 1173 316 39 entierrement
1321 1171 52 40 de
1410 1169 76 41 lui.
1510 1169 126 41 Cette
1674 1169 224 42 condition
1930 1184 204 38 expresse

120 1251 41 31 et
185 1240 203 42 formelle
409 1240 66 42 fut
499 1246 202 48 acceptée
729 1253 9 38 ;
762 1250 42 32 et
820 1241 39 40 le
883 1240 191 41 Prévost
1107 1240 76 41 des
1209 1239 290 47 Marchands,
1524 1253 55 26 au
1604 1251 104 27 nom
1731 1239 53 40 de
1808 1238 299 42 l'Administra-

122 1313 92 39 tion
244 1311 54 40 de
319 1311 38 40 la
379 1310 134 50 Ville,
553 1308 60 43 lui
635 1325 53 26 en
713 1311 148 40 donna
887 1309 272 41 l'assurance
1180 1323 7 26 :
1215 1310 29 40 il
1267 1323 54 27 en
1356 1324 21 24 a
1420 1308 39 40 la
1480 1321 164 40 preuve
1667 1308 53 39 de
1743 1307 39 40 la
1808 1310 121 38 main
1949 1308 57 40 du
2029 1308 78 40 Pré-

123 1388 97 32 vost
244 1380 78 39 des
345 1378 289 41 Marchands.
661 1378 68 40 En
752 1383 309 47 conséquence
1085 1378 28 40 il
1138 1379 60 39 vit
1222 1377 217 47 Piccinni,
1466 1376 29 40 il
1518 1376 39 40 le
1582 1385 154 31 trouva
1759 1388 54 27 ne
1835 1375 183 40 sachant
2056 1390 78 37 pas

124 1458 157 43 quatre
298 1456 117 33 mots
433 1449 54 39 de
508 1446 208 52 français.
742 1447 31 40 Il
788 1447 127 41 fallut
936 1448 115 40 donc
1070 1451 91 36 être
1191 1460 82 28 son
1293 1450 157 36 maître
1470 1445 53 40 de
1557 1445 181 49 langue,
1763 1453 40 31 et
1826 1457 53 26 en
1914 1444 38 39 le
1975 1443 160 41 faisant

127 1517 239 45 travailler,
391 1531 91 27 non
503 1517 249 40 seulement
776 1517 60 40 lui
860 1517 231 52 expliquer
1114 1524 92 32 mot
1231 1520 22 35 à
1284 1524 92 31 mot
1401 1524 98 31 tous
1535 1514 62 40 les
1620 1526 116 34 vers,
1782 1514 111 38 mais
1931 1510 58 42 lui
2028 1512 106 40 faire

125 1588 138 39 sentir
286 1585 200 52 l'accent,
512 1586 40 40 la
571 1585 226 54 prosodie,
820 1585 40 40 la
882 1598 192 34 mesure,
1101 1585 39 40 le
1157 1583 202 48 nombre,
1385 1593 40 31 et
1449 1583 60 40 lui
1529 1596 55 27 en
1606 1582 137 40 dicter
1763 1594 111 40 pour
1891 1582 112 39 ainsi
2027 1581 106 46 dire,

127 1656 60 40 les
208 1655 307 41 modulations
539 1668 54 28 en
614 1655 63 40 les
701 1655 61 40 lui
783 1654 269 41 déclamant.
1078 1653 128 40 Ainsi
1232 1652 64 42 fut
1322 1652 94 50 fait,
1451 1650 104 42 d'un
1575 1651 109 40 bout
1716 1655 20 35 à
1762 1648 170 47 l'autre,
1957 1648 178 54 l'Opéra

127 1726 54 39 de
223 1724 178 41 Roland
422 1738 9 34 ;
461 1733 42 32 et
519 1724 88 40 l'on
628 1736 137 40 pense
786 1722 101 42 bien
907 1736 85 39 que
1011 1736 114 39 pour
1148 1721 109 53 Atys
1276 1722 29 40 il
1329 1735 54 27 ne
1401 1720 127 41 fallut
1550 1726 137 45 guère
1708 1721 146 39 moins
1874 1716 261 43 d'attention

124 1803 40 31 et
187 1794 53 40 de
265 1796 114 38 suite
402 1808 115 38 pour
539 1794 169 50 diriger
731 1793 38 40 le
789 1794 217 39 musicien
1030 1793 112 39 dans
1166 1806 87 26 une
1273 1792 164 50 langue
1462 1792 35 38 si
1521 1789 205 41 nouvelle
1747 1802 113 39 pour
1879 1789 77 40 lui.

187 1877 19 23 «
242 1862 36 41 C
298 1872 65 31 est
387 1863 116 40 donc
526 1869 129 46 après
697 1877 59 25 un
794 1862 156 40 travail
995 1863 35 38 si
1054 1862 169 50 assidu,
1265 1862 36 39 si
1324 1862 238 44 ennuieux,
1599 1867 41 32 et
1682 1860 35 38 si
1754 1865 217 35 constant,
2004 1857 132 52 qu'on

131 1933 179 52 dispute
331 1932 188 52 aujourd
540 1931 76 40 hui
639 1931 38 40 le
697 1931 116 40 droit
837 1935 22 35 à
903 1930 38 40 la
969 1929 264 42 rétribution
1273 1929 202 40 d'auteur
1508 1933 21 35 à
1569 1928 112 40 celui
1719 1928 75 51 qui
1830 1941 22 25 a
1896 1925 166 41 enrichi
2099 1926 37 39 le

130 2001 193 40 Théâtre
345 1999 198 54 Lyrique
566 2001 54 40 de
643 2013 71 28 ces
733 2001 113 39 deux
870 1998 143 42 beaux
1035 2012 221 37 ouvrages
1277 2004 56 34 où
1347 1998 28 39 il
1392 2012 21 25 a
1434 1999 83 38 mis
1540 1997 25 39 d
1586 1996 180 41 ailleurs
1790 2004 93 32 tant
1907 1995 52 40 de
1983 1994 153 41 travail

131 2079 40 31 et
199 2079 94 31 tant
334 2070 54 40 de
424 2072 97 38 soin
545 2072 8 37 I
593 2068 271 41 Marmontel
901 2082 55 27 ne
990 2076 104 45 peut
1126 2069 141 39 croire
1290 2081 86 37 que
1404 2074 111 33 cette
1548 2064 208 41 difficulté
1792 2064 59 41 lui
1889 2065 159 38 vienne
2078 2063 59 40 du

132 2138 178 42 Comité
331 2139 54 40 de
406 2138 196 52 l'Opéra.
639 2151 19 24 »

961 2194 5 14 \

189 2264 142 53 Après
354 2277 71 28 ces
449 2277 188 39 preuves
661 2277 86 39 que
771 2263 63 40 les
856 2262 227 41 malheurs
1107 2262 59 40 du
1187 2270 142 43 temps
1352 2262 164 38 étaient
1535 2260 232 40 durement
1787 2262 207 48 partagés
2018 2266 120 32 entre

133 2335 194 47 artistes,
353 2342 182 31 auteurs
559 2341 40 32 et
623 2333 345 51 compositeurs,
1000 2345 55 26 au
1086 2330 256 41 lendemain
1377 2330 53 40 de
1465 2331 118 50 1789,
1601 2342 56 26 on
1684 2337 104 43 peut
1825 2325 206 48 affirmer,
2068 2338 69 26 me

132 2402 209 41 semble-t
369 2402 141 52 il,que
531 2401 203 40 Piccinni
755 2414 55 26 ne
829 2399 65 41 fut
923 2413 80 39 pas
1029 2399 406 52 particulièrement
1457 2399 177 38 victime
1657 2396 53 40 de
1743 2396 38 40 la
1804 2395 272 41 Révolution
2098 2403 41 31 et

135 2485 85 39 que
244 2485 45 26 sa
317 2472 177 43 misère,
519 2483 112 40 pour
656 2469 196 41 sensible
874 2467 160 54 qu'elle
1055 2469 59 39 ait
1134 2472 68 37 été
1223 2465 184 54 parfois,
1433 2480 55 27 ne
1509 2465 64 42 fut
1600 2467 123 51 point
1747 2464 108 40 celle
1877 2460 103 56 qu'il
2006 2477 21 25 a
2051 2462 87 40 dite

135 2551 41 31 et
200 2539 154 54 qu'ont
376 2540 134 40 laissé
529 2541 139 39 croire
688 2538 64 41 les
772 2538 324 52 démarqueurs
1129 2537 54 40 de
1207 2534 253 51 Ginguené.

1671 2533 181 40 Martial
1893 2531 174 41 TENEO.

882 2800 526 54 Correspondance.

1087 2926 557 44 Saint-Apollinaire-lez-Dijon
1684 2937 42 22 20
1750 2925 87 34 avril
1867 2926 103 43 1908.

361 3004 265 48 MONSIEUR,

192 3096 50 55 Je
259 3109 54 27 ne
336 3097 92 39 suis
450 3091 135 56 qu'un
628 3097 103 36 curé
763 3092 53 41 de
849 3104 249 39 campagne
1122 3092 75 51 qui
1234 3089 201 41 s'incline
1468 3101 103 27 sans
1597 3089 354 51 arrière-pensée
1982 3086 161 39 devant

136 3174 126 32 votre
294 3165 135 39 haute
456 3165 172 38 science
658 3160 216 41 musicale
907 3168 41 31 et
981 3158 364 52 archéologique.
1370 3156 295 47 Néanmoins,
1698 3155 172 51 malgré
1905 3168 103 27 mon
2036 3156 86 38 insi-

136 3231 242 54 gnifiance,
404 3232 37 52 je
478 3230 186 51 regarde
700 3242 175 27 comme
903 3241 87 27 une
1019 3226 250 52 obligation
1292 3226 55 40 de
1377 3227 257 39 conscience
1663 3225 54 39 de
1749 3232 218 44 protester
1994 3231 148 31 contre

139 3316 86 27 une
246 3302 220 40 assertion
486 3300 55 40 de
562 3297 237 43 Nietzsche
818 3297 108 40 dont
949 3309 112 28 vous
1080 3309 111 28 vous
1215 3293 127 42 faites
1364 3293 157 49 l'écho,
1554 3308 82 25 aux
1665 3293 167 52 dépens
1851 3292 78 40 des
1969 3292 174 38 artistes

138 3372 222 40 chrétiens
403 3368 11 52 (
421 3370 134 39 Revue
578 3366 202 40 musicale
802 3366 60 40 du
904 3379 41 37 15
979 3378 136 36 mars,
1142 3379 42 37 p.
1216 3365 107 49 169).
1354 3362 120 42 Vous
1499 3362 234 53 prétendez
1758 3368 236 38 constater,
2020 3368 122 31 entre

139 3441 38 40 le
211 3439 332 41 christianisme
563 3445 41 32 et
631 3433 112 50 l'art,
776 3435 39 40 le
846 3439 144 35 même
1014 3433 119 41 fossé
1159 3445 85 40 que
1279 3433 191 39 certains
1503 3431 285 50 s'imaginent
1822 3431 97 38 voir
1951 3436 123 32 entre
2103 3427 37 40 la

141 3509 190 51 religion
360 3516 41 31 et
434 3507 40 40 la
496 3507 186 39 science.
708 3497 167 47 Contre
896 3511 112 32 cette
1029 3500 267 42 affirmation
1319 3514 24 25 a
1376 3499 140 55 priori
1536 3508 41 31 et
1600 3496 254 55 injustifiée,
1882 3496 155 41 sachez
2058 3510 84 38 que

141 3591 111 28 nous
270 3584 271 45 protestons,
566 3586 115 29 nous
703 3576 186 50 prêtres,
910 3572 54 40 de
987 3570 40 42 la
1061 3569 129 52 façon
1211 3569 38 41 la
1270 3568 100 54 plus
1389 3570 305 50 catégorique.
