3078 4120
140 4007 32 23 62

191 145 93 29 Einen
307 142 186 34 Augenblick
518 141 71 30 hebt
615 149 31 20 er
672 140 47 29 die
743 139 78 29 linke
847 136 97 34 Hand,
969 136 48 31 jäh

135 204 62 20 von
225 194 128 29 Wollust
381 193 49 28 bei
457 193 68 28 dem
555 190 175 32 Gedanken,
767 188 58 28 den
864 185 154 30 Schlüssel

136 244 164 30 mausestill
343 242 214 33 umzudrehen,
597 238 186 30 riesenstark
825 238 52 27 mit
921 236 97 28 einem

136 294 205 32 Tigersprung
358 293 39 27 da
412 291 133 29 draußen
560 298 38 21 zu
614 291 73 30 sein,
705 287 83 29 diese
805 286 213 29 unbekannten

136 343 113 29 Wesen
266 351 52 20 zur
337 342 79 29 Erde
432 350 38 20 zu
487 340 153 31 schlagen,
656 338 46 28 die
721 345 32 21 es
770 344 119 25 wagen,
906 336 30 28 in
953 334 65 29 sein

136 392 83 29 Haus
244 390 226 33 einzudringen!
496 390 83 29 seine
602 387 74 31 Knie
702 386 153 30 eisenhart
879 385 51 28 auf
953 384 65 29 ihre

136 442 91 28 Brust
249 450 38 20 zu
310 444 155 29 stemmen,
487 439 45 28 bis
555 439 44 28 sie
621 436 116 33 kracht,
760 436 63 28 ihre
846 433 95 34 Köpfe
966 434 52 27 mit

137 494 97 26 einem
258 493 135 29 einzigen
419 486 305 33 Totschlägerschlag
749 486 99 28 seiner
874 484 144 31 Knochen

136 542 314 29 flachzuschmettern,
481 538 53 28 das
567 538 111 26 konnte
704 536 43 29 sie
776 533 151 29 vielleicht
957 532 47 28 leh-

136 602 62 24 ren,
222 592 94 28 Annie
339 592 28 26 in
391 588 128 29 Frieden
543 596 38 20 zu
604 585 115 30 lassen!
745 607 6 7 .
773 607 6 6 .
800 607 6 7 .

190 649 67 29 Und
280 648 38 29 da
338 654 127 25 vermag
488 654 32 20 er
540 644 64 30 sich
625 644 82 29 nicht
727 642 86 30 mehr
833 650 38 20 zu
893 640 108 28 beherr-

136 700 101 29 schen.
275 698 87 29 Ohne
382 705 32 21 es
433 704 39 21 zu
491 695 120 33 wollen,
630 694 51 29 hat
701 702 32 20 er
753 692 95 30 schon
868 691 58 28 den
945 689 73 28 Arm

136 747 219 34 ausgestreckt.
397 746 39 28 Er
461 744 91 34 greift
576 745 54 28 mit
652 743 211 33 gekrümmten
888 740 130 31 Fingern

136 798 77 30 nach
240 797 69 29 dem
335 795 119 30 Schloß.
501 794 81 29 Aber
610 793 78 29 noch
715 793 30 27 in
774 790 160 30 derselben
963 787 38 30 Se-

135 848 109 33 kunde,
268 854 50 21 wo
343 846 55 28 das
422 845 81 29 kalte
528 843 90 29 Eisen
643 842 54 29 des
722 839 171 31 Schlüssels
919 839 99 29 seiner

136 897 80 29 Haut
240 896 161 33 begegnet,
426 894 76 29 reißt
529 902 32 20 er
589 891 158 30 keuchend
774 890 47 29 die
849 888 90 29 Hand
966 896 36 20 zu-

136 947 73 28 rück
234 954 50 20 —:
311 947 79 31 nein,
418 952 32 21 es
475 943 106 28 würde
609 941 78 29 doch
714 939 112 32 unklug
853 938 77 30 sein!
979 936 39 29 Er

136 997 92 28 kennt
246 997 52 31 sie,
320 995 54 28 das
395 994 92 33 Pack,
510 1001 33 20 er
564 991 78 28 weiß
664 989 66 29 aufs
752 988 91 34 Haar,
865 986 154 33 jedesmal,

135 1054 90 21 wenn
255 1053 69 21 man
353 1046 86 28 einen
469 1044 136 30 einzigen
633 1049 63 20 von
726 1041 104 27 diesen
861 1037 159 30 Burschen

136 1096 142 33 wegjagt,
303 1095 80 27 dann
405 1093 141 29 kommen
572 1093 74 28 statt
671 1091 100 29 seiner
797 1098 55 19 nur
878 1088 141 31 zwanzig

135 1145 90 30 neue!

189 1202 87 29 Nein!

191 1260 84 29 Ganz
294 1258 157 30 verkehrt!

190 1319 37 28 Er
252 1318 82 29 mußt
360 1321 96 25 etwas
483 1324 77 24 ganz
588 1315 130 28 anderes
746 1312 152 30 ersinnen!

191 1378 38 28 Er
270 1376 82 30 mußt
392 1377 73 27 weit
487 1375 158 29 schlauere
686 1373 60 28 und
786 1370 234 32 hinterlistigere

135 1429 98 29 Mittel
261 1427 144 33 erfinden,
433 1434 51 21 um
511 1425 52 30 Sie
588 1432 99 25 gegen
715 1423 64 29 ihre
810 1422 121 30 Gewalt
959 1420 61 29 und

136 1477 266 33 Vergewaltigung
425 1484 38 21 zu
484 1474 159 31 schützen!
669 1496 7 7 .
697 1496 7 7 .
724 1496 7 6 .

190 1536 43 28 Im
251 1535 103 29 selben
372 1534 137 29 Moment
529 1535 133 27 erinnert
682 1540 31 21 er
733 1531 64 29 sich
816 1532 28 27 in
865 1529 78 29 allen
962 1528 44 29 sei-

131 1584 61 32 hen
214 1585 149 33 Muskeln,
384 1583 57 30 daß
465 1592 31 21 er
519 1582 118 29 neulich
667 1601 38 4 —
727 1581 44 29 als
795 1580 95 29 Annie
912 1577 108 34 irgend

138 1639 96 26 etwas
265 1643 54 20 aus
347 1634 72 28 dem
450 1632 331 30 Schlafstubenfenster
813 1630 83 28 hatte
927 1628 91 29 fallen

134 1686 110 33 lassen,
265 1684 148 29 während
436 1692 32 20 er
492 1683 39 28 da
554 1684 92 28 unten
669 1683 41 27 im
733 1680 116 29 Garten
872 1678 90 31 stand
983 1697 38 3 —

135 1743 60 20 von
219 1735 39 28 da
281 1736 91 27 unten
397 1733 50 28 auf
470 1733 55 28 das
546 1732 88 29 Dach
658 1731 53 29 der
736 1729 143 30 Veranda
903 1727 101 30 hinauf-

135 1784 163 33 geklettert
317 1792 75 26 war,
412 1783 60 28 und
492 1782 45 28 ihr
559 1782 83 28 diese
663 1780 94 29 Nadel
778 1780 75 28 oder
873 1778 147 33 Brosche,

135 1835 72 28 oder
227 1842 66 20 was
313 1841 32 21 es
364 1834 64 28 sein
444 1832 130 33 mochte,
594 1829 240 34 hinaufgereicht
854 1829 93 29 hatte.

714 1899 180 29 Fortsetzung
921 1898 67 28 folgt

136 2267 608 74 Bergwanderung

135 2368 130 29 Wolken
289 2368 134 28 krachen
445 2368 46 28 ins
518 2367 116 29 Gebälk
660 2366 53 29 der
738 2365 111 34 Berge,

136 2418 131 29 Schleim
299 2418 52 28 der
377 2417 288 33 Schlangendrüsen

136 2469 92 32 tropft
253 2469 55 28 mir
335 2471 30 26 in
392 2469 48 28 die
466 2468 108 32 Augen

134 2519 61 29 und
216 2519 64 29 hier
304 2519 78 29 oben
405 2519 75 29 such
501 2519 49 29 ich
575 2519 107 29 Gottes
704 2518 88 33 Weg.

136 2570 102 29 Grüne
263 2569 103 30 Steine
391 2569 145 30 bröckeln
562 2569 132 30 rieselnd

136 2623 87 27 unter
249 2622 120 28 meinen
395 2620 217 33 Riesentritten

135 2669 340 36 Schattengeschraubt,

138 2721 56 28 daß
221 2721 54 29 das
302 2721 70 29 Blut
397 2723 55 28 mir
479 2723 40 27 im
550 2722 116 29 Gelenk
691 2722 175 34 verspritzt,

137 2770 47 29 die
204 2771 107 32 Augen
331 2772 127 29 werden
479 2772 53 29 tief
552 2773 59 28 wie
632 2772 107 30 Meere

136 2824 87 26 unter
244 2824 66 27 mir.

137 2871 140 30 Sausend
303 2872 110 34 fliegen
437 2873 249 30 Himmelsfetzen

136 2922 221 32 windgerissen
378 2924 55 27 mir
456 2925 46 28 ins
524 2923 124 34 Antlitz;

138 2973 60 28 und
219 2975 197 28 vertrocknet
442 2976 99 28 meine
567 2975 106 29 heißen
696 2975 115 33 Lippen

136 3022 108 33 Kriech
263 3024 49 29 ich

136 3073 49 29 hin
209 3073 50 29 auf
285 3074 229 33 Gottespfaden.

788 3151 73 31 Karl
880 3151 105 30 Brand

140 3496 122 56 Die
306 3496 144 58 Uhr

139 3594 221 34 Schattenspiel
387 3598 39 27 im
454 3596 128 30 Zimmer
613 3599 53 28 der
693 3599 224 30 verstorbenen
943 3599 80 30 Frau

139 3669 158 30 Frantisek
315 3670 120 34 Langer

480 3771 63 31 Der
569 3771 107 31 Mann:

193 3827 67 29 Wie
288 3829 98 28 dieser
414 3829 97 33 Raum
538 3830 64 31 ihre
629 3830 143 31 Existenz
799 3834 29 27 in
856 3833 64 29 sich
947 3833 60 29 fort-

140 3878 90 28 setzt!
278 3878 154 31 Vielleicht
458 3881 66 28 sind
553 3889 38 20 an
618 3882 58 28 den
703 3882 245 36 Gegenständen,
974 3884 49 29 die

141 3928 43 29 sie
208 3927 124 31 berührt
355 3929 60 34 hat,
440 3929 47 30 für
512 3932 106 29 immer
642 3932 48 30 die
715 3931 120 34 Spuren
857 3933 81 30 ihrer
964 3934 40 29 Be-

1093 140 142 26 gegnung
1252 132 52 28 mit
1321 130 90 29 ihnen
1431 127 103 30 haften
1555 126 168 33 geblieben.
1742 122 59 31 Für
1821 122 88 35 mich,
1930 122 53 29 der

1094 183 48 30 ich
1163 185 29 26 in
1211 183 57 28 mir
1289 182 53 32 sie,
1364 188 54 19 nur
1440 180 43 27 sie
1503 181 97 30 trage,
1618 178 40 28 ist
1679 175 83 32 jeder
1787 172 200 34 Gegenstand

1093 235 123 27 besätes
1238 230 154 33 Erdreich,
1416 237 54 20 aus
1494 228 68 28 dem
1585 226 51 29 auf
1656 225 131 33 geahnte
1809 223 156 29 Berührun-

1094 292 60 24 gen
1173 284 49 27 hin
1242 282 45 29 ihr
1309 287 114 26 ganzes
1445 279 124 32 Wesen,
1592 276 87 29 Glied
1702 283 50 20 um
1776 274 87 29 Glied
1886 273 83 29 aufer-

1094 334 90 29 steht.
1227 332 55 28 Die
1307 331 125 32 Lampe,
1456 329 47 28 die
1532 329 43 28 sie
1601 326 50 29 auf
1675 326 58 29 den
1759 324 92 29 Tisch
1877 324 109 32 stellte,

1094 386 39 27 ist
1155 392 54 19 nur
1234 382 53 29 der
1312 379 207 33 Gegenstand,
1543 377 51 29 auf
1618 377 59 28 den
1701 375 64 29 sich
1788 374 65 29 ihre
1876 373 111 29 beiden

1094 433 108 28 Hände
1232 432 100 31 legten
1361 430 62 28 und
1453 429 47 28 die
1529 427 108 29 Hände
1665 426 80 32 gehn
1773 425 75 28 über
1881 425 31 27 in
1938 423 49 29 die

1094 484 102 32 Arme,
1220 482 47 28 die
1291 482 59 28 den
1372 479 143 29 Aermeln
1540 479 170 29 entsteigen
1735 475 60 29 und
1822 475 47 28 die
1895 474 92 28 Arme

1096 533 133 29 erheben
1254 531 64 29 sich
1342 538 57 21 vor
1427 530 52 28 der
1503 529 139 31 langsam
1669 526 75 28 über
1770 525 58 29 den
1852 524 136 31 Teppich

1094 581 214 31 schreitenden
1336 580 126 29 Gestalt.
1508 578 85 29 Auch
1619 577 53 29 der
1699 575 123 33 Spiegel
1858 576 38 26 ist
1932 581 55 20 nur

1096 634 65 29 eine
1180 634 62 27 tote
1261 631 109 33 Platte,
1390 630 47 28 die
1456 630 55 27 mir
1531 628 73 28 aber
1621 628 40 28 im
1678 626 149 28 Erinnern
1847 625 64 28 ihre
1928 623 40 28 Be-

1094 690 174 25 wegungen
1293 681 80 29 beim
1400 679 148 32 Kämmen
1575 678 53 29 der
1656 676 111 34 Haare,
1796 675 47 29 die
1871 674 99 29 Schön-

1094 734 61 28 heit
1172 733 79 28 ihrer
1272 731 162 30 Schultern
1453 730 60 28 und
1532 729 82 28 ihres
1634 727 141 28 Nackens
1796 724 193 33 wiedergibt.

1094 783 121 29 Ebenso
1234 783 55 28 das
1308 781 79 33 Bett,
1408 781 28 27 in
1455 780 69 28 dem
1543 780 44 28 sie
1606 776 115 35 schlief,
1739 777 48 28 die
1807 775 114 33 Stühle,
1937 782 52 20 wo

1094 835 44 28 sie
1158 842 37 19 zu
1217 834 95 27 sitzen
1333 832 121 34 pflegte,
1475 830 48 29 die
1543 828 167 33 Schränke,
1732 835 37 21 an
1790 827 94 28 deren
1903 825 68 29 halb-

1094 883 176 33 geöffneten
1290 882 101 28 Türen
1411 883 44 27 sie
1479 881 64 28 ihre
1564 879 120 31 Kleider
1708 877 122 33 wählte,
1854 876 73 29 alles
1950 876 40 28 ist

1094 934 62 29 voll
1177 941 62 21 von
1261 933 54 33 ihr,
1336 931 115 30 überall
1474 931 60 28 und
1554 930 49 28 bei
1626 929 88 28 allem
1736 928 83 29 weilt
1841 928 64 27 ihre
1929 926 40 28 Ge-

1095 985 79 28 stalt.
1218 983 66 28 Und
1310 990 35 21 so
1369 982 73 29 sehe
1467 981 47 28 ich
1539 982 44 27 sie
1607 978 222 33 unzähligemal
1855 976 118 30 verviel-

1094 1034 82 29 facht
1202 1034 191 32 gleichzeitig
1420 1041 37 19 an
1484 1030 243 30 verschiedenen
1757 1028 115 30 Stellen
1901 1027 89 29 stehn

1095 1085 60 29 und
1183 1085 105 32 sitzen,
1314 1082 48 30 ich
1388 1082 149 28 wundere
1566 1081 78 29 mich
1673 1080 124 32 bereits,
1826 1078 58 29 daß
1914 1077 57 29 zwi-

1096 1135 93 29 schen
1214 1135 86 27 ihren
1328 1133 191 33 gedrängten
1547 1131 115 28 Wesen
1699 1131 41 27 im
1778 1129 118 33 Räume
1935 1128 55 28 des

1096 1185 147 29 Zimmers
1261 1183 124 29 Lücken
1403 1182 129 33 bleiben,
1551 1181 95 28 durch
1663 1181 47 28 die
1727 1180 48 29 ich
1795 1180 47 28 die
1862 1179 110 31 körper-

1094 1235 77 29 liche
1197 1235 189 31 Gegenwart
1411 1233 54 29 des
1489 1232 137 33 Tisches,
1651 1231 53 29 der
1729 1230 116 32 Lampe
1872 1227 119 35 darauf,

1098 1286 53 28 der
1183 1284 72 34 Uhr,
1296 1284 53 28 des
1388 1283 116 33 Bettes,
1546 1282 53 28 des
1638 1281 255 32 Kinderwagens,
1934 1279 54 29 der

1096 1335 158 29 Schränke
1282 1334 154 29 erblicken
1458 1334 90 28 kann.

1152 1385 127 28 Warum
1298 1385 113 28 konnte
1431 1384 81 29 nicht
1531 1383 47 29 ich
1598 1391 37 20 an
1655 1383 80 28 ihrer
1755 1383 73 28 statt
1848 1382 126 28 schlwan-

1096 1445 53 24 ger
1170 1438 66 27 sein
1253 1436 60 28 und
1334 1435 99 29 selber
1455 1434 47 29 die
1521 1434 74 29 Last
1616 1434 54 28 des
1691 1432 209 30 wachsenden
1919 1430 54 33 Kin-

1097 1487 54 29 des
1172 1490 117 29 tragen,
1311 1495 55 19 nur
1394 1485 57 29 daß
1475 1485 45 28 ihr
1544 1483 118 33 Körper
1687 1483 135 34 schlank,
1844 1483 60 29 fein
1930 1482 61 28 und

1094 1536 127 30 fröhlich
1240 1536 60 28 und
1317 1536 64 29 ihre
1398 1535 143 32 Wangen
1557 1535 93 28 frisch
1668 1534 169 29 blieben.—
1846 1532 142 29 warum?

1095 1587 50 29 Ich
1163 1587 48 28 bin
1234 1587 45 28 ein
1299 1585 107 30 Mann!
1427 1585 128 28 Warum
1575 1593 66 20 war
1662 1585 55 28 mir
1738 1584 82 28 nicht
1841 1583 147 33 gegeben,

1097 1639 77 28 allen
1194 1638 85 28 ihren
1300 1637 149 29 Schmerz
1467 1645 36 20 zu
1522 1636 156 33 erdulden,
1700 1643 37 20 an
1759 1635 80 28 ihrer
1859 1636 74 27 statt
1952 1641 40 21 zu

1096 1688 145 35 gebären,
1260 1688 77 28 nach
1357 1688 68 28 dem
1442 1686 86 30 Tode
1546 1695 36 19 zu
1602 1686 96 33 rufen,
1717 1693 38 21 zu
1773 1684 134 34 sterben,
1924 1686 66 31 mir,

1096 1739 54 29 der
1173 1739 47 29 ich
1244 1740 47 27 ein
1312 1737 93 29 Mann
1430 1737 63 29 bin!

1387 1864 62 28 Der
1473 1863 227 32 Kinderwagen

1152 1922 89 30 Nicht
1263 1923 98 33 wahr,
1385 1923 46 28 ich
1456 1922 50 29 bin
1532 1922 87 32 brav,
1646 1921 71 28 weil
1740 1921 47 28 ich
1811 1919 165 32 hiergeblie-

1096 1973 60 30 ben
1180 1973 72 29 bin?
1282 1970 63 35 (Ich
1369 1973 50 28 bin
1445 1972 145 33 gewohnt
1616 1980 37 20 zu
1680 1970 215 33 schmeicheln,
1922 1968 71 29 weil

1098 2025 28 27 in
1150 2025 56 27 mir
1234 2024 68 28 dein
1328 2023 77 32 Kind
1430 2018 131 37 schläft.)
1587 2022 81 28 Aber
1698 2029 120 21 warum
1846 2020 73 29 habt
1946 2020 46 29 ihr

1096 2075 79 29 mich
1202 2075 91 28 heute
1320 2074 136 29 zuhause
1484 2074 141 31 gelassen
1655 2072 60 29 und
1743 2079 120 21 warum
1892 2070 100 30 durfte

1098 2126 47 28 die
1167 2125 108 28 Amine
1299 2124 54 29 das
1374 2124 77 28 Kind
1475 2123 51 29 auf
1550 2123 58 29 den
1628 2123 128 30 Händen
1777 2124 29 27 in
1829 2122 59 29 den
1910 2121 82 29 Park

1097 2176 107 29 hinaus
1228 2175 131 33 tragen?
1411 2174 50 30 Sie
1488 2176 38 27 ist
1551 2174 99 29 fremd
1677 2173 61 29 und
1763 2173 48 28 ich
1837 2172 51 29 bin
1914 2172 78 29 dein.

1096 2225 95 30 Unter
1213 2227 60 28 wie
1294 2225 100 29 vielen
1416 2225 121 32 Wagen
1555 2245 38 2 —
1613 2226 139 27 erinnere
1776 2223 68 29 dich
1869 2231 37 20 an
1928 2223 65 28 ihre

1096 2276 191 33 gedrängten
1312 2275 125 34 Reihen,
1462 2276 59 28 wie
1546 2276 43 28 sie
1613 2277 162 31 warteten,
1799 2274 46 30 bis
1871 2273 122 32 jemand

1096 2328 45 28 sie
1167 2326 145 34 erwähle,
1340 2326 59 29 und
1428 2334 38 20 an
1493 2326 88 28 deine
1606 2325 226 34 Verlegenheit,
1870 2325 44 28 als
1953 2323 40 29 du

1096 2377 157 29 zwischen
1280 2377 89 28 ihnen
1392 2376 297 34 hindurchschrittst,
1712 2396 38 3 —
1774 2377 54 28 mit
1852 2375 141 28 welchen

1098 2427 157 33 Gefühlen,
1280 2429 53 27 mit
1357 2427 135 29 welcher
1515 2426 84 29 Fülle
1623 2434 63 21 von
1710 2425 85 30 Stolz
1820 2425 62 29 und
1907 2424 69 29 Zärt-

1096 2478 124 29 lichkeit
1249 2478 68 29 hast
1348 2478 37 28 du
1415 2477 79 29 mich
1523 2479 31 27 in
1584 2477 69 29 dem
1684 2476 166 29 Geschäfte
1882 2483 92 24 ausge-

1096 2528 107 30 wählt!

1454 2611 63 29 Der
1538 2610 95 30 Mann

1382 2660 85 35 (geht
1490 2670 71 21 zum
1585 2657 141 37 Fenster)

1154 2721 98 29 Heute
1281 2721 89 32 ginge
1399 2722 44 28 sie
1474 2720 99 30 sicher
1599 2720 108 29 hinaus
1733 2719 61 29 und
1822 2718 77 30 ließe
1928 2718 65 29 sich

1096 2773 54 28 mit
1175 2772 69 28 dem
1268 2770 148 32 Knäblein
1442 2771 51 28 auf
1527 2770 192 33 irgendeiner
1755 2769 88 29 Bank
1877 2768 115 30 nieder.

1097 2822 77 30 Dort
1197 2822 87 33 oben,
1305 2822 104 28 wohin
1434 2822 47 28 die
1505 2820 103 30 Sonne
1630 2820 119 30 scheint
1771 2819 61 29 und
1855 2827 62 21 von
1941 2826 51 21 wo

1097 2880 70 20 man
1192 2873 29 27 in
1246 2880 111 21 unsere
1387 2872 127 29 Fenster
1543 2872 76 29 sehn
1655 2872 90 29 kann.
1781 2869 66 30 Wir
1884 2871 107 27 wären

1097 2923 122 32 ständig
1246 2923 181 28 verbunden
1457 2923 95 28 durch
1582 2922 48 29 die
1660 2920 199 34 Möglichkeit
1889 2921 86 28 einan-

1099 2973 53 28 der
1176 2982 37 19 zu
1237 2973 163 34 erblicken,
1422 2981 92 20 wenn
1538 2973 47 28 ich
1611 2980 37 21 an
1672 2972 55 28 das
1750 2971 128 29 Fenster
1904 2973 88 27 trete.

1096 3023 66 29 Wir
1182 3024 130 28 würden
1334 3032 56 20 uns
1413 3024 95 28 durch
1534 3024 47 29 ein
1601 3022 207 33 angenehmes
1828 3020 88 30 Band
1939 3030 36 24 ge-

1096 3073 108 30 fesselt
1229 3074 112 33 fühlen,
1378 3073 75 29 über
1492 3074 55 28 das
1586 3081 91 21 unsre
1716 3072 168 30 Gedanken
1923 3073 70 27 dem

1098 3123 104 30 Blicke
1225 3124 102 32 folgen
1351 3124 130 29 können.
1544 3123 81 30 Aber
1648 3125 81 32 jetzt,
1753 3131 93 20 wenn
1869 3123 48 29 ich
1942 3131 51 20 um

1098 3175 79 28 mich
1194 3175 124 33 schaue,
1337 3176 41 28 ist
1397 3176 80 27 mein
1498 3174 85 29 Blick
1603 3173 182 35 unbeendet,
1806 3173 44 29 als
1872 3174 38 28 ob
1930 3181 62 21 von

1098 3226 55 28 mir
1173 3227 46 27 ins
1238 3225 98 29 Leere
1357 3224 122 30 Bänder
1501 3225 121 33 hingen,
1643 3224 126 31 schlapp
1790 3226 202 30 ungespannt.

1155 3274 50 32 (Er
1228 3276 125 28 wendet
1376 3276 65 28 sich
1466 3276 45 28 ins
1536 3274 131 29 Zimmer
1691 3270 127 36 zurück)

1154 3334 61 29 Nur
1239 3335 64 28 hier
1326 3335 28 27 in
1378 3335 116 28 diesem
1518 3334 130 29 Zimmer
1672 3333 102 29 finden
1801 3334 47 29 die
1869 3333 123 28 Bänder

1096 3383 324 36 Berührungspunkte,
1455 3386 97 28 meine
1578 3384 105 29 Blicke
1719 3384 59 28 und
1804 3385 99 28 meine
1931 3384 40 28 Ge-

1100 3434 118 30 danken
1239 3436 105 28 reiben
1366 3436 62 28 sich
1450 3444 38 20 an
1510 3436 59 28 den
1590 3435 127 33 Dingen,
1737 3434 47 29 die
1804 3436 79 28 mich
1902 3435 73 28 über-

1099 3493 127 26 zeugen,
1252 3485 57 29 daß
1334 3487 43 28 sie
1402 3487 101 31 gelebt
1526 3486 60 29 hat.
1610 3485 51 29 Sie
1684 3484 124 30 flattern
1832 3494 40 20 an
1893 3486 99 34 ihnen,

1098 3543 72 21 vom
1194 3535 146 33 Andrang
1362 3536 54 29 der
1438 3535 119 30 Trauer
1578 3536 133 31 bewegt.
1752 3535 101 30 Meine
1874 3535 118 30 Trauer

1099 3586 38 28 ist
1155 3586 59 29 wie
1236 3588 47 27 ein
1301 3586 116 34 Hauch,
1437 3588 59 27 wie
1517 3587 52 28 der
1590 3586 101 33 Wind,
1712 3586 52 29 der
1787 3586 47 30 die
1854 3587 119 29 schwar-

1098 3644 57 20 zen
1180 3636 61 28 und
1269 3638 154 31 traurigen
1449 3637 135 32 Flaggen
1613 3636 61 29 und
1697 3636 138 30 Fransen
1858 3637 134 34 bewegt,

1100 3686 47 29 die
1171 3694 38 21 an
1235 3687 98 28 einem
1359 3686 185 34 Sterbetage
1571 3695 55 21 aus
1653 3687 58 28 den
1747 3687 149 30 Fenstern
1932 3687 60 29 und

1098 3735 178 32 Dachluken
1307 3737 244 33 heraushängen.
1601 3736 51 29 Sie
1682 3737 123 30 wölben
1836 3739 63 28 sich
1931 3737 60 30 und

1099 3787 161 34 rauschen,
1286 3795 91 22 wenn
1403 3789 44 28 sie
1473 3796 39 20 an
1540 3787 158 29 wirkliche
1734 3788 100 32 Dinge
1870 3789 122 29 rühren.

1098 3836 82 30 Alles
1204 3845 64 21 was
1291 3838 47 28 ich
1363 3837 107 34 denke,
1493 3837 90 34 fühle,
1608 3837 111 34 erlebe,
1742 3840 112 33 zittert,
1877 3839 116 29 flattert

1099 3887 61 28 und
1175 3889 86 30 wogt
1279 3889 60 27 wie
1358 3889 66 28 eine
1441 3888 104 29 Fahne
1564 3889 28 27 in
1610 3887 156 30 bebender
1786 3888 103 30 Hand:
1910 3890 83 28 Alles

1100 3937 102 30 zittert
1230 3945 61 20 von
1317 3937 238 35 Erinnerungen,
1591 3946 62 21 von
1690 3938 99 29 denen
1825 3940 47 29 ich
1911 3940 82 29 nicht

2063 122 85 29 mehr
2168 131 38 19 zu
2224 121 133 32 glauben
2376 129 101 26 wage,
2497 121 57 29 daß
2573 123 44 27 sie
2638 121 53 29 der
2712 120 156 32 Ausklang
2888 127 54 21 ver-

2063 180 157 25 gangener
2240 171 211 28 Wirklichkeit
2471 171 76 29 sind.
2585 171 81 30 Alles
2687 174 86 30 wogt
2790 178 63 21 von
2873 169 69 29 Hoff-

2064 231 121 23 nungen
2213 221 61 29 und
2302 221 245 32 Vertröstungen
2574 221 50 28 auf
2650 222 48 29 die
2729 219 140 35 Zukunft,
2897 228 62 20 von

2065 272 98 29 denen
2187 273 47 28 ich
2258 270 142 34 plötzlich
2424 271 59 28 und
2508 271 200 29 schmerzlich
2734 272 55 29 das
2813 270 126 30 Bewußt-

2065 324 66 26 sein
2156 323 88 33 habe,
2271 321 58 29 daß
2354 322 43 28 sie
2425 321 137 33 niemals,
2588 322 126 29 niemals
2742 322 64 29 sich
2834 320 127 30 erfüllen

2065 373 135 27 werden.

2441 421 57 29 Die
2521 420 63 29 Uhr

2121 471 79 31 (Ihre
2222 472 106 32 Zeiger
2349 473 117 27 weisen
2486 472 163 31 beständig
2670 472 50 28 auf
2742 473 63 28 drei
2825 468 77 36 Uhr)

2123 521 49 29 Ich
2192 522 95 35 stehe,
2307 523 47 29 ich
2372 523 50 29 bin
2439 524 40 27 im
2500 521 86 34 Lauf,
2606 522 40 27 im
2666 522 98 35 Gang,
2783 524 41 28 im
2843 522 100 33 Rhyth-

2065 580 68 20 mus
2161 572 87 29 stehn
2276 573 169 34 geblieben,
2472 581 34 21 so
2533 573 60 27 wie
2630 572 41 28 du
2707 573 106 29 stehst.
2860 572 103 30 Meine

2065 621 108 29 Hände
2199 623 107 31 zeigen
2335 626 76 27 stets
2439 623 51 28 auf
2517 622 49 29 die
2593 622 118 32 gleiche
2747 622 117 31 Stunde
2902 623 61 29 und

2067 672 77 29 doch
2170 672 78 29 weiß
2269 674 56 29 ich,
2348 674 57 28 daß
2429 674 47 29 die
2499 673 65 29 Zeit
2587 673 79 28 ohne
2689 672 147 30 Unterlaß
2857 675 29 28 in
2910 682 36 24 ge-

2066 722 90 29 rader
2176 722 84 31 Linie
2281 724 53 28 der
2356 724 150 33 Ewigkeit
2526 724 65 29 sich
2611 723 117 29 nähert.
2766 722 103 31 Meine
2890 723 57 29 Auf-

2066 773 79 32 gabe
2170 774 46 32 ist,
2240 774 79 27 mein
2340 773 104 30 Leben
2467 775 70 32 lang
2561 776 53 27 mit
2638 774 45 28 ihr
2707 782 38 20 zu
2768 774 90 32 gehn.
2882 774 81 29 Aber

2067 823 38 28 du
2128 823 69 28 hast
2218 823 79 29 mich
2324 832 54 20 c.us
2403 826 115 28 meiner
2542 824 250 32 Notwendigkeit
2816 826 149 31 gerissen.

2067 873 68 28 Wie
2154 874 47 27 ich
2222 873 95 29 durch
2338 874 47 30 die
2404 874 209 34 Reglosigkeit
2633 875 92 29 leide!
2747 874 129 29 Warum
2896 875 72 29 hast

2067 924 40 28 du
2132 924 79 29 mich
2237 925 193 31 vergessen?

2429 1025 62 28 Der
2510 1024 95 30 Mann

2124 1082 49 29 Ich
2201 1083 78 30 habe
2305 1084 44 28 sie
2375 1084 113 29 zuletzt
2516 1084 201 36 aufgezogen,
2744 1086 45 29 als
2815 1086 44 29 sie
2887 1085 80 30 noch

2067 1133 90 34 lebte,
2176 1134 60 28 und
2254 1134 79 28 dann
2351 1134 58 28 ließ
2427 1135 47 28 ich
2494 1137 43 27 sie
2556 1144 37 20 zu
2611 1135 84 30 Ende
2712 1136 109 33 gehen.
2857 1135 51 30 Sie
2927 1137 41 29 ist

2067 1185 78 28 noch
2174 1185 81 28 beim
2281 1183 98 34 Klang
2407 1185 81 29 ihrer
2516 1185 116 30 Pendel
2660 1187 176 31 gestorben.
2885 1186 83 30 Jetzt

2069 1237 69 30 sagt
2164 1236 44 27 sie
2233 1236 55 27 mir
2316 1235 108 34 nichts,
2454 1236 53 29 der
2532 1236 111 29 Ablauf
2668 1237 53 29 der
2749 1237 64 30 Zeit
2839 1238 53 29 hat
2918 1237 48 29 für

2069 1286 79 28 mich
2174 1286 109 28 keinen
2310 1285 83 31 Sinn.
2437 1286 56 30 Die
2521 1286 65 30 Zeit
2613 1289 39 27 ist
2678 1289 56 27 mir
2761 1288 206 34 gleichgültig,

2068 1344 72 24 mag
2161 1337 43 29 sie
2225 1336 108 35 gehen,
2355 1337 189 36 schwinden,
2567 1337 158 35 stillstehn,
2748 1340 81 31 ewig
2851 1339 116 29 dauern

2069 1407 34 3 —
2123 1389 73 30 jetzt
2215 1387 50 29 bin
2289 1388 47 28 ich
2359 1388 82 29 nicht
2462 1389 28 27 in
2512 1388 54 29 ihr.

2445 1489 57 29 Die
2524 1489 64 29 Uhr

2124 1547 129 29 Warum
2273 1549 59 28 bist
2355 1549 38 28 du
2415 1557 35 21 so
2471 1549 229 34 selbstsüchtig,
2719 1549 248 29 Undankbarer?

2069 1597 79 30 Hast
2177 1599 39 28 du
2246 1607 181 26 vergessen,
2458 1601 60 27 wie
2549 1601 29 28 in
2612 1608 222 24 vergangenen
2864 1599 105 30 Zeiten

2069 1650 80 27 mein
2167 1648 116 30 Pendel
2302 1651 77 27 stets
2401 1650 87 29 deine
2509 1651 153 32 damalige
2682 1650 65 30 Zeit
2767 1652 30 27 in
2817 1651 47 30 die
2883 1651 69 28 herr-

2069 1698 108 30 lichste
2208 1700 188 31 Gegenwart
2426 1701 152 31 spaltete?
2641 1701 69 29 Wie
2741 1702 82 29 dicht
2853 1701 39 29 du
2921 1702 49 29 die

2069 1749 124 29 Lücken
2215 1750 158 29 zwischen
2392 1753 120 27 meinen
2535 1751 167 30 Sekunden
2723 1752 181 35 ausfülltest,
2925 1752 44 30 als

2070 1800 38 28 ob
2150 1801 39 28 du
2230 1803 54 27 mit
2326 1801 108 29 deinen
2474 1822 38 3 —
2551 1822 38 3 —
2627 1822 38 3 —
2702 1822 39 3 —
2777 1823 39 3 —
2855 1823 38 3 —
2932 1822 37 4 —

2070 1850 68 30 Wie
2160 1851 43 30 oft
2222 1851 108 30 ließest
2352 1852 38 28 du
2413 1852 48 30 die
2479 1852 108 33 Augen
2606 1853 84 30 nicht
2709 1862 64 21 von
2791 1855 66 33 mir,
2877 1862 95 22 wenn

2071 1902 69 28 dein
2170 1902 95 29 Glück
2294 1903 64 28 sich
2385 1902 154 30 einfinden
2566 1904 97 34 sollte,
2691 1904 47 30 bis
2766 1905 49 28 ich
2845 1905 48 28 die
2923 1912 32 21 er-

2070 1955 131 27 wartete
2226 1952 91 30 Ziffer
2342 1962 38 20 an
2404 1955 132 28 meinem
2559 1954 108 31 Kreise
2691 1955 114 32 zeigte!
2831 1954 68 30 Und
2921 1956 50 28 ich

2070 2003 108 34 zählte,
2211 2004 100 28 zählte
2342 2004 47 30 die
2418 2006 162 33 winzigen,
2611 2005 155 33 nichtigen
2795 2005 176 30 Bruchteile

2071 2054 53 29 der
2149 2053 73 35 Zeit,
2247 2055 180 29 zermalmte
2453 2055 127 35 damals,
2603 2055 95 30 äußer
2721 2056 90 29 Atem
2836 2057 60 30 wie
2924 2058 48 28 ein

2070 2104 137 34 Schüler,
2255 2105 48 29 die
2350 2105 121 29 kleinen
2507 2105 122 35 Ziffern,
2683 2107 94 29 damit
2829 2109 44 28 sie
2905 2107 65 30 sich

2070 2156 27 27 in
2157 2155 132 32 größere
2349 2157 244 35 verwandelten,
2655 2166 56 19 nur
2774 2158 94 29 damit
2931 2159 39 27 du

2070 2206 200 30 ausharrtest.
2347 2206 113 33 Vergiß
2519 2208 79 28 auch
2655 2209 91 34 nicht,
2801 2208 44 29 als
2900 2209 70 29 dein

2069 2257 89 29 Weib
2189 2277 38 3 —
2260 2257 117 29 damals
2429 2258 78 29 noch
2559 2258 89 30 deine
2679 2259 125 29 Liebste
2834 2280 38 3 —
2898 2259 72 29 bald

2069 2307 142 33 fortgehn
2265 2309 98 33 sollte,
2418 2311 60 27 wie
2534 2310 39 28 du
2623 2310 52 28 auf
2726 2311 99 29 meine
2860 2310 110 30 Hände

2070 2359 152 35 blicktest,
2246 2361 61 28 wie
2332 2359 52 30 auf
2407 2362 80 27 zwei
2510 2360 162 31 feindliche
2697 2361 132 35 Messer,
2854 2362 48 29 die
2927 2364 45 28 sie

2069 2418 63 21 von
2153 2410 45 29 dir
2221 2410 209 31 abschneiden
2451 2412 117 34 sollten,
2589 2412 47 29 bis
2655 2413 45 28 sie
2725 2412 47 31 die
2794 2412 178 30 bestimmte

2070 2460 94 30 Stelle
2192 2462 182 31 erreichten.
2418 2462 82 29 Aber
2526 2463 49 29 ich
2603 2463 58 29 ließ
2690 2471 54 21 aus
2773 2462 117 30 Mitleid
2918 2465 54 28 mit

2071 2512 45 28 dir
2143 2512 48 29 die
2218 2512 65 30 Zeit
2310 2514 30 27 in
2367 2512 121 30 deinem
2516 2512 132 31 Zimmer
2675 2514 185 35 innehalten,
2890 2516 82 28 mein

2070 2561 97 30 Werk
2184 2563 99 34 stand,
2302 2564 63 28 und
2384 2565 44 27 sie
2448 2564 81 29 blieb
2549 2565 90 32 lange
2659 2565 49 28 bei
2730 2565 54 34 dir,
2803 2565 100 34 lange,
2924 2565 49 29 bis

2070 2613 55 29 das
2151 2613 120 30 Dunkel
2298 2615 45 28 sie
2371 2622 39 21 an
2437 2615 47 28 die
2512 2614 167 33 Tageszeit
2707 2617 162 28 erinnerte.
2917 2615 53 30 Als

2070 2666 44 27 sie
2135 2664 144 35 fortging,
2300 2668 146 30 sprangst
2467 2666 40 28 du
2528 2675 38 19 zu
2587 2668 56 27 mir
2665 2666 63 29 und
2747 2666 122 29 küßtest
2890 2668 80 27 mein

2070 2714 135 30 Gesicht.
2246 2714 159 32 Erinnerst
2425 2716 39 29 du
2485 2716 90 30 dich?

2129 2762 74 35 (Der
2223 2765 95 31 Mann
2338 2766 90 35 weiß,
2449 2767 57 29 daß
2525 2777 33 19 es
2578 2767 60 29 ihm
2658 2767 176 32 unmöglich
2852 2768 47 34 ist,
2919 2776 51 20 um

2070 2817 64 29 sich
2154 2817 108 29 herum
2283 2820 100 27 etwas
2404 2818 112 29 andres
2538 2819 44 27 als
2604 2817 233 33 Erinnerungen
2858 2827 38 20 zu
2917 2817 37 31 be-

2070 2867 98 35 leben,
2191 2868 60 28 und
2274 2870 87 29 wäre
2386 2868 65 29 dies
2476 2877 56 20 nur
2559 2870 66 27 eine
2650 2865 86 36 Uhr.)

2306 2969 57 29 Die
2393 2970 60 29 alte
2481 2969 250 31 Wirtschafterin

2433 3017 90 36 (Tritt
2547 3017 59 36 ein)

2070 3078 125 29 Wieder
2216 3079 82 29 nicht
2319 3079 228 33 aufgegessen?
2571 3079 84 30 Sehn
2676 3079 51 30 Sie
2749 3080 66 29 sich
2836 3080 59 28 mal
2916 3079 55 29 ant

2070 3129 43 28 Im
2133 3129 103 29 Grabe
2257 3130 109 29 würde
2387 3130 66 29 sich
2475 3130 48 30 die
2548 3130 139 33 Gnädige
2708 3130 152 29 umdrehn

2069 3180 75 29 über
2167 3180 47 29 Ihr
2236 3180 155 30 Aussehn:
2413 3180 76 30 Blaß
2511 3181 67 29 sind
2601 3180 61 35 Sie,
2683 3180 212 34 abgemagert.

2070 3231 57 28 Bin
2149 3232 50 34 alt,
2223 3228 74 35 (und
2319 3231 51 30 Sie
2392 3233 68 28 sind
2481 3228 85 37 jung)

2069 3290 34 20 so
2124 3281 49 34 alt,
2194 3281 57 29 daß
2272 3282 48 29 ich
2340 3282 96 29 schon
2457 3282 141 29 aufhörte
2615 3291 39 20 zu
2671 3284 126 27 trauern

2069 3332 74 29 über
2168 3333 74 28 alles
2267 3332 150 33 Traurige
2441 3335 40 27 im
2503 3333 114 30 Leben.

2069 3382 54 32 Ein
2143 3382 179 31 Stündchen
2342 3386 103 30 später
2467 3384 125 30 sterben
2613 3384 74 28 oder
2706 3383 105 29 früher
2833 3408 6 6 .
2860 3407 7 7 .
2886 3406 7 7 .

2069 3434 87 29 Doch
2178 3433 51 31 Sie
2249 3435 67 29 sind
2338 3436 80 31 jung.

2069 3483 68 30 Und
2160 3485 78 29 doch
2259 3485 80 29 blieb
2361 3485 54 30 das
2437 3485 115 32 Kotlett
2571 3484 54 29 auf
2645 3485 69 29 dem
2737 3484 100 31 Teller
2858 3485 116 35 liegen,.

2070 3536 140 32 obgleich
2236 3545 33 20 es
2292 3535 63 30 fein
2380 3536 149 32 gebraten
2556 3543 76 27 war,

2069 3585 64 30 Das
2153 3586 104 29 Leben
2276 3586 52 29 hat
2348 3588 48 28 ein
2416 3586 98 34 Recht
2533 3608 7 7 .
2559 3608 7 7 .
2587 3608 7 7 .

2070 3636 74 29 Zum
2170 3637 203 30 Abendessen
2397 3637 80 29 wird
2504 3645 32 21 es
2561 3636 129 31 Tauben
2714 3637 109 33 geben.

2069 3687 59 28 Mir
2151 3688 79 28 alten
2250 3688 81 28 Frau
2350 3687 80 30 blieb
2449 3687 175 30 schließlich
2644 3687 89 33 übrig
2753 3696 66 26 nur,

2069 3738 80 29 mich
2170 3738 74 29 über
2267 3738 197 33 Ofenplatten
2481 3737 122 33 beugen
2624 3738 63 29 und

2071 3788 144 29 Gerichte
2238 3789 121 29 kochen
2382 3788 62 29 und
2469 3789 96 28 daran
2589 3798 39 20 zu
2652 3789 133 34 riechen,

2069 3839 62 28 und
2149 3838 155 34 Jüngeren
2324 3838 147 30 manches
2491 3841 107 28 rüsten
2617 3840 47 28 für
2686 3839 55 29 das
2758 3838 115 35 Leben,

2069 3897 67 21 was
2159 3891 44 27 sie
2225 3890 179 33 annehmen,
2424 3890 173 29 manchmal
2618 3889 159 31 ablehnen.

2070 3938 49 30 Ich
2142 3940 57 32 geh
2221 3941 104 33 schon,
2347 3940 78 32 gehe
2446 3941 106 29 schon.
