2897 3048
1336 2921 28 28 19

1115 682 475 43 KUNSTGENIESSEN.

2011 995 81 20 Initial
2114 1000 48 15 von

2011 1018 60 19 Kolo
2076 1018 86 20 Moser.

1198 781 55 28 Ein
1276 780 196 29 bedeutsames
1491 780 85 28 Unter-

1138 817 308 36 scheidungsmerkmal
1452 817 140 30 zwischen

1138 858 55 28 den
1229 857 75 28 alten
1335 855 239 33 „Familien-Zeit-

1138 894 150 30 schriften“
1292 893 60 29 und
1357 896 75 25 einer
1437 892 154 29 modernen

1138 932 159 29 Zeitschrift
1312 934 39 25 im
1369 931 116 28 wahren
1504 931 87 28 Sinne

1137 970 77 28 finde
1226 969 45 29 ich
1283 969 89 32 darin,
1385 969 50 28 das
1446 971 63 31 jene
1524 978 66 19 zum

1296 1009 118 33 giengen
1443 1006 59 28 und
1530 1006 60 28 ihm

1138 1046 96 28 Kunst
1250 1049 146 31 zutrugen,
1415 1046 62 26 eine
1495 1044 96 28 Kunst

1137 1084 44 28 für
1196 1083 53 28 alle
1317 1082 74 28 diese
1410 1081 66 28 aber
1492 1091 32 18 so
1540 1091 34 18 an-

1138 1121 91 36 gelegt
1237 1124 43 29 ist,
1289 1119 63 29 dass
1361 1119 49 28 das
1415 1119 80 28 Volk
1502 1129 37 19 zu
1547 1118 43 28 ihr

684 1169 138 28 kommen
835 1165 59 32 soll,
908 1173 50 18 um
971 1162 47 28 der
1025 1161 96 28 Kunst
1132 1159 103 28 willen.
1248 1157 127 33 Damals,
1389 1157 40 28 als
1442 1157 44 28 die
1493 1157 97 28 Kunst

684 1207 83 28 selbst
786 1203 102 30 wieder
908 1212 66 19 zum
994 1198 96 30 Volke
1110 1207 147 26 gegangen
1275 1206 69 22 war,
1364 1195 60 28 sich
1445 1195 36 28 da
1502 1206 86 17 neues

684 1244 94 29 Leben
791 1253 36 19 zu
839 1240 94 32 holen,
943 1236 96 31 wurde
1051 1239 39 25 sie
1102 1234 78 29 nicht
1187 1233 177 29 verstanden.
1377 1233 63 28 Ihre
1444 1233 142 28 Vertreter

684 1282 91 36 gaben
788 1279 86 30 daher
887 1278 64 28 dem
960 1274 150 30 Publicum
1118 1271 195 30 Nasenstüber
1324 1270 59 29 und
1438 1270 147 28 historisch

684 1328 171 28 genommen
931 1317 38 26 sic
988 1312 99 29 thaten
1107 1311 63 28 sehr
1189 1310 78 28 recht
1288 1309 98 28 daran.
1407 1308 84 28 Diese
1512 1308 71 33 Zeit,

683 1357 93 29 dünkt
784 1355 84 32 mich,
881 1353 79 29 sollte
966 1350 119 29 vorüber
1092 1351 67 26 sein.
1172 1346 158 37 Eigentlich
1336 1346 51 28 hat
1396 1345 43 29 die
1448 1345 135 29 moderne

683 1396 96 28 Kunst
792 1395 112 34 gesiegt.
917 1389 182 35 Quantitativ
1111 1385 98 29 sicher.
1241 1384 46 29 Sic
1305 1383 70 29 wird
1393 1383 142 28 nunmehr
1552 1386 31 25 in

683 1433 59 29 sich
753 1432 82 29 selbst
846 1427 224 33 zurückkehren,
1083 1424 82 28 stiller
1177 1422 122 29 werden.
1317 1422 47 28 Sie
1375 1422 70 32 reift,
1458 1421 74 29 doch
1544 1423 38 27 sic

682 1474 58 26 tritt
751 1473 101 26 immer
864 1466 102 30 wieder
985 1474 52 18 vor
1056 1462 44 29 die
1121 1462 87 27 Leute
1228 1461 59 32 hin,
1308 1460 75 28 denn
1403 1461 38 26 sie
1453 1459 74 28 fühlt
1539 1459 44 28 ihr

683 1509 93 29 Recht
787 1510 30 25 in
828 1505 68 29 sich.
908 1503 68 29 Und
984 1505 38 25 sic
1030 1499 69 30 wird
1109 1499 49 28 das
1165 1501 61 26 eine
1233 1498 81 34 fertig
1322 1507 35 20 zu
1365 1497 117 35 bringen
1488 1497 94 28 haben

683 1546 59 30 und
753 1546 81 34 fertig
845 1543 116 34 bringen
974 1544 122 27 müssen,
1117 1537 63 29 dass
1199 1546 68 18 man
1281 1534 179 29 Geschmack
1481 1545 37 17 an
1538 1534 44 28 ihr

682 1585 157 29 bekommt.
851 1582 60 27 Das
923 1582 34 25 ist
969 1577 88 28 schon
1070 1575 62 29 sehr
1144 1574 65 29 viel.
1226 1573 112 28 Schnell
1351 1572 68 28 wird
1432 1572 59 28 sich
1504 1572 77 28 dann

683 1623 47 28 der
743 1618 179 32 Geschmack
1103 1613 60 28 Das
1175 1615 34 25 ist
1220 1611 55 28 viel
1291 1610 89 28 mehr.
1412 1610 87 27 Dann
1515 1610 66 27 aber

682 1659 137 30 erwächst
831 1657 44 29 die
888 1656 68 28 Lust
968 1665 37 16 an
1017 1652 43 28 ihr
1071 1650 59 29 und
1143 1660 50 18 aus
1206 1649 47 28 der
1266 1649 68 27 Lust
1347 1648 49 28 das
1408 1648 172 35 Verlangen.

681 1698 65 29 Alle
758 1698 69 28 Lust
848 1694 55 29 will
919 1692 88 28 mehr.
1028 1689 69 29 Will
1109 1687 88 33 mehr,
1218 1687 59 28 und
1299 1687 48 28 das
1368 1688 34 26 ist
1421 1686 43 28 ihr
1477 1686 104 28 Bestes.

680 1737 55 27 Die
744 1736 95 27 Kunst
846 1731 69 29 wird
920 1730 135 34 verlangt,
1068 1726 64 29 weil
1143 1728 38 25 sie
1190 1736 66 18 zum
1262 1723 156 30 GENUSS
1424 1723 159 36 geworden.

681 1773 67 30 Und
761 1772 76 29 dann
850 1769 69 29 wird
932 1770 38 26 sie
983 1765 74 30 auch
1070 1767 45 25 ein
1121 1763 146 29 Bedürfnis
1279 1762 122 32 werden,
1414 1764 46 26 ein
1467 1761 101 29 Bedürf-

679 1814 44 27 nis
736 1813 54 26 wie
803 1809 44 28 die
860 1808 105 30 Natur,
978 1804 84 28 deren
1077 1802 155 29 Schwester
1244 1803 39 26 sic
1295 1803 114 25 ist....

771 1847 82 29 Viele
872 1840 249 34 VERSTEHEN
1138 1839 104 32 Kunst,
1264 1841 108 32 wenige
1394 1848 53 17 nur
1468 1837 118 28 können

679 1887 99 29 Kunst
790 1880 235 33 GENIESSEN.
1050 1879 60 27 Das
1122 1876 166 32 Verstehen,
1310 1878 169 33 wenigstens
1497 1875 41 27 bis
1550 1884 36 19 zu

679 1928 93 26 einem
785 1924 134 34 gewissen
929 1918 103 31 Grade,
1044 1917 81 27 kann
1136 1914 143 29 erworben
1292 1913 121 28 werden.
1423 1913 164 28 Bestimmte

2012 610 181 20 Buchschmuck

2013 637 22 14 v.
2039 633 26 19 J.
2078 633 115 19 Hoffmann.

84 169 87 38 ver
192 175 204 38 sacrum.
