2936 3048
1406 2925 17 26 5

356 354 47 27 der
415 363 131 19 „grossen
692 350 78 26 kann
783 358 68 18 man
868 345 59 28 sich
940 344 76 28 dann
1029 347 27 29 ja
1067 342 74 28 noch
1154 345 99 24 immer

355 392 43 28 für
410 392 151 27 besondere
576 387 217 37 Gelegenheiten
808 385 156 34 aufsparen.

446 430 68 27 Dies
525 431 34 25 ist
571 428 49 28 das
629 425 135 29 Hübsche
772 423 58 29 und
839 419 241 34 Liebenswürdige
1089 418 46 28 der
1145 417 108 28 Künst-

355 466 279 31 ler-Lithographien.
655 464 63 28 dass
737 465 38 26 sie
792 461 59 28 ihre
863 459 211 32 Abstammung
1089 466 67 17 vom
1170 453 83 29 Tele-

355 506 185 30 grapbiegeist
559 514 112 17 unserer
692 502 62 27 Zeit
774 498 77 29 nicht
870 494 186 35 aufdringlich
1075 503 35 18 zu
1132 492 120 28 machen

355 544 105 27 suchen
483 542 45 28 Sie
537 542 100 27 wollen
651 539 140 29 durchaus
802 536 77 28 nicht
891 533 88 29 durch
987 532 95 28 Kürze
1089 530 165 30 verblüffen,

356 581 58 26 und
422 581 70 26 viele
505 580 47 27 der
561 579 157 28 Beschauer
727 575 116 28 merken
852 570 138 30 vielleicht
998 580 48 24 gar
1055 569 76 27 nicht
1140 567 114 31 einmal,

358 2082 50 25 mit
416 2079 118 28 welcher
539 2078 138 28 Weisheit
686 2076 58 28 und
753 2071 236 36 Planmässigkeit
1000 2070 58 27 hier
1067 2067 44 28 die
1120 2070 134 24 äusserste

358 2116 191 34 Sparsamkeit
562 2126 65 18 zum
641 2114 220 29 künstlerischen
875 2111 110 32 Princip
998 2105 122 31 erhoben
1133 2107 43 25 ist.
1194 2103 59 27 Vor

357 2154 54 27 den
416 2154 286 31 Schwesterkünsten,
706 2154 46 27 der
758 2152 164 32 Radierung
926 2147 58 29 und
990 2146 46 28 des
1041 2143 213 29 Holzschnittes,

358 2192 42 27 die
421 2194 26 30 ja
468 2192 151 34 gleichfalls
637 2195 28 24 in
686 2201 112 18 unserer
817 2190 61 27 Zeit
897 2190 82 25 einen
999 2182 164 37 gewaltigen
1183 2179 70 27 Auf-

357 2229 136 34 schwung
504 2229 138 29 erfuhren,
664 2229 127 28 zeichnet
802 2227 57 28 sich
872 2223 123 30 nämlich
1013 2221 49 29 das
1075 2217 179 31 Steindruck-

356 2266 147 27 verfahren
510 2282 33 3 -
550 2267 166 34 neuerdings
725 2267 115 35 beginnt
847 2275 68 17 man
924 2261 73 30 auch
1006 2262 50 26 mit
1064 2258 191 28 Aluminium-

358 2303 123 27 drucken
496 2319 33 3 -
544 2303 86 27 durch
643 2307 82 23 einen
738 2303 202 27 bestechenden
954 2297 171 31 Reichthum
1139 2305 34 17 an
1182 2293 73 28 Aus-

1300 338 210 29 drucksmittein
1524 348 60 17 aus.
1603 337 96 28 Wenn
1718 335 84 28 daher
1816 335 74 28 auch
1908 337 51 25 mit
1972 333 75 28 noch
2066 344 31 17 so
2110 336 93 32 wenig

1299 377 108 28 Farben
1426 376 58 27 und
1497 376 99 27 Linien
1614 373 213 36 gewirtschaftet
1840 373 68 28 wird
1939 383 29 17 so
1988 370 62 30 sind
2070 371 74 29 doch
2162 381 40 17 im

1299 415 123 33 Vortrag
1433 413 86 29 selber
1532 413 43 28 die
1588 411 255 36 mannigfaltigsten
1856 411 194 33 Abtönungen
2068 411 134 33 möglich.

1299 453 45 27 Da
1365 453 146 27 existieren
1536 450 43 28 die
1598 449 217 32 Tuschmanier,
1842 448 43 27 die
1907 447 225 32 Kreidemanier,
2156 447 46 28 die

1299 490 211 30 Schabmanier,
1524 488 43 28 die
1574 488 206 34 Spritzmanier,
1795 486 58 28 und
1866 490 136 30 gestatten
2016 486 74 27 auch
2100 486 103 26 wieder

1299 533 81 22 unter
1411 526 59 29 sich
1502 526 42 28 die
1575 524 348 35 abwechslungsreichsten
1948 522 251 28 Combinationen.

1300 565 97 28 Durch
1414 564 54 28 den
1480 562 299 29 Übereinanderdruck
1795 562 46 27 der
1853 562 215 27 verschiedenen
2079 562 105 25 Farben-

1300 2064 106 34 platten
1420 2063 67 28 wird
1506 2063 76 28 dann
1596 2062 73 28 auch
1687 2061 170 28 coloristisch
1868 2071 61 16 eine
1942 2059 92 28 reiche
2047 2059 82 28 Scala
2142 2068 57 17 von

1300 2099 512 36 Ton-Nuancierungengeschaffen,
1835 2109 68 17 vom
1923 2097 151 28 weichsten
2094 2097 105 26 Hauch

1299 2139 41 28 bis
1357 2149 35 19 zu
1411 2144 83 23 satter
1513 2137 89 28 Tiefe.
1624 2138 59 27 Das
1699 2137 212 28 Wesentlichste
1930 2134 65 29 aber
2012 2139 42 27 ist,
2074 2133 62 28 dass
2155 2133 44 27 die

1299 2177 199 35 Lithographie
1529 2176 118 27 niemals
1670 2176 63 27 hart
1760 2174 58 28 und
1843 2179 68 29 spitz
1935 2172 78 31 wird,
2046 2172 62 27 dass
2133 2172 52 26 viel-

1301 2215 79 28 mehr
1398 2215 52 27 alle
1469 2215 99 27 Linien
1586 2213 88 28 weich
1693 2212 58 28 und
1769 2217 60 24 zart
1846 2211 134 28 aufsitzen
2000 2209 57 28 und
2076 2209 53 28 fast
2148 2219 34 17 un-

1301 2253 136 28 merklich
1454 2252 154 28 verlaufen.
1629 2250 89 29 Selbst
1735 2250 74 27 ohne
1827 2250 102 26 lineare
1942 2248 124 27 Umrisse
2084 2256 115 24 vermag

1302 2291 42 28 die
1357 2289 199 36 Lithographie
1574 2299 34 18 zu
1621 2288 117 31 wirken,
1759 2298 30 16 so
1808 2286 62 28 dass
1889 2286 42 28 die
1944 2285 108 27 Farben
2064 2285 135 27 zuweilen

1903 649 81 19 Studie
1999 649 37 19 für
2047 649 39 19 die
2099 649 48 19 Schnitzarbeit
2151 649 7 19 in
2162 649 11 19 den
2177 649 26 19 unteren

1903 695 103 18 Feldern
2019 695 42 18 des
2072 694 131 19 Paravents

1902 722 47 14 von
1975 718 65 19 Josef
2066 717 136 23 Engelhart.

130 195 90 34 VER
245 195 192 34 SACRUM
