2920 3048
79 228 89 37 VER
190 233 202 33 SACRUM.

1350 2968 30 29 15

1124 1128 147 47 ÜBER
1298 1131 286 41 MODERNE
1613 1129 193 41 POESIE
1833 1129 120 41 UND

1408 1214 264 40 MALEREI.

931 1588 75 98 Ich
1018 1587 80 27 hörte
1111 1584 104 28 einmal
1227 1582 114 35 jemand
1354 1582 58 28 sich
1424 1582 70 28 kurz
1507 1581 68 29 über
1588 1582 53 27 den
1655 1582 183 27 Unterschied
1851 1582 138 28 zwischen
2007 1582 68 27 alter
2091 1581 58 27 und

971 1635 86 17 neuer
1065 1622 173 29 Dichtkunst
1250 1626 122 22 äussern*
1386 1620 151 34 Langsam,
1550 1622 53 25 wie
1612 1622 83 29 einer,
1709 1619 47 27 der
1769 1622 39 24 im
1818 1619 140 34 Sprechen
1968 1618 43 28 die
2020 1618 129 28 Wunder

971 1665 87 25 seiner
1065 1659 157 30 Gedanken
1231 1669 49 17 aus
1288 1658 63 28 dem
1360 1657 141 28 Gemüthe
1512 1657 116 34 schöpft,
1638 1662 77 29 sagte
1724 1667 40 17 er:
1772 1657 77 31 „Der
1858 1657 54 27 alte
1918 1657 114 27 Dichter
2037 1667 59 17 war
2104 1659 44 25 ein

930 1699 203 30 wundervolles
1142 1697 88 31 Kind;
1240 1696 73 28 auch
1322 1695 47 29 der
1377 1706 73 17 neue
1457 1695 115 28 Dichter
1585 1697 34 25 ist
1633 1697 45 25 ein
1685 1694 77 28 Kind
1815 1694 65 28 aber
1894 1697 44 25 ein
1949 1704 99 22 armes,
2059 1704 89 18 armes

930 1738 107 29 Kind*“
1047 1737 84 27 Diese
1140 1735 98 29 Worte
1247 1734 124 31 können,
1386 1744 29 17 so
1426 1732 178 35 geschrieben
1617 1732 58 27 und
1685 1732 119 35 gelesen,
1813 1732 77 27 nicht
1899 1731 147 28 besonders
2056 1732 74 27 merk-

930 1776 108 35 würdig
1050 1774 169 31 erscheinen,
1233 1773 44 27 für
1286 1772 75 28 mich
1371 1771 73 31 aber,
1458 1770 36 28 da
1507 1770 44 28 ich
1565 1772 37 25 sie
1611 1781 57 16 von
1678 1770 113 33 jemand
1802 1770 185 33 aussprechen
1999 1769 88 31 hörte,
2102 1769 46 28 der

930 1814 81 29 selbst
1024 1813 73 28 diese
1109 1810 99 29 beiden
1221 1809 200 29 Kinderseelen
1431 1811 28 25 in
1468 1808 58 28 sich
1534 1808 87 31 hatte,
1631 1808 128 28 besassen
1769 1810 37 25 sie
1816 1807 43 28 die
1868 1807 127 28 Neuheit
2004 1807 59 28 und
2070 1807 78 28 Fülle

930 1855 74 26 einer
1018 1849 205 34 Offenbarung*
1237 1847 48 28 Ich
1297 1848 51 27 sah
1362 1847 48 28 das
1423 1846 191 28 wundervolle
1627 1845 87 32 Kind,
1729 1845 48 28 das
1788 1845 43 28 die
1838 1845 77 28 Welt
1923 1847 53 26 wie
1986 1848 61 25 eine
2057 1856 91 24 grosse

930 1889 118 37 goldene
1060 1887 104 35 Kugel,
1178 1889 28 24 in
1219 1886 47 27 der
1278 1885 59 28 sich
1349 1884 158 29 wechselnd
1519 1884 72 27 helle
1604 1883 59 28 und
1676 1883 106 28 dunkle
1794 1883 92 28 Bilder
1906 1884 131 34 spiegeln,
2059 1886 28 25 in
2102 1883 47 28 der

930 1927 87 29 Hand
1025 1926 68 32 hält,
1107 1924 58 28 und
1178 1926 51 25 mit
1241 1925 105 26 seinem
1359 1921 202 35 unschuldigen
1570 1921 111 28 Munde
1690 1921 138 28 staunend
1838 1921 112 31 erzählt,
1959 1932 59 17 was
2028 1932 27 17 es
2065 1921 83 31 sieht;

930 1966 59 28 und
1001 1965 51 28 sah
1065 1963 49 28 das
1127 1972 76 18 arme
1216 1960 78 28 Kind
1307 1963 51 25 mit
1370 1963 95 25 seinen
1477 1959 185 34 hungernden
1671 1958 104 36 Augen
1788 1958 67 28 über
1868 1958 43 28 die
1925 1959 81 32 Erde,
2020 1959 67 28 über
2100 1958 49 29 das

930 2004 89 31 Meer,
1032 2001 87 29 durch
1132 2000 43 28 die
1187 1999 135 32 Wolken,
1338 2001 29 25 in
1382 1998 43 28 die
1438 1997 219 28 Unendlichkeit
1672 1996 97 28 hinein
1782 1996 114 33 suchen,
1915 2007 50 17 um
1978 2000 81 25 einen
2076 1997 73 35 Weg

930 2046 28 24 in
971 2043 58 26 sein
1044 2040 75 27 Herz
1131 2048 35 19 zu
1178 2036 106 33 finden,
1302 2036 109 28 worauf
1424 2046 27 17 es
1465 2035 42 28 die
1517 2035 86 27 Hand
1614 2040 121 29 gepresst
1743 2035 68 32 hält,
1821 2035 49 27 das
1879 2045 28 17 es
1916 2035 116 34 klopfen
2038 2035 73 27 fühlt
2120 2037 28 25 in

930 2083 88 25 seiner
1025 2081 115 31 eigenen
1149 2076 91 31 Brust,
1255 2074 57 28 und
1326 2074 48 28 das
1387 2074 59 27 ihm
1460 2073 72 28 doch
1543 2072 90 29 ferner
1643 2083 62 24 weg
1717 2072 58 28 und
1788 2072 196 28 unbekannter
1997 2076 42 28 ist,
2053 2073 39 27 als
2105 2072 43 28 die

931 2118 96 28 Sterne
1040 2118 39 25 im
1092 2115 122 28 Raume*

1020 2154 32 27 In
1068 2151 156 36 Jakobsens
1237 2150 134 31 Werken,
1387 2160 44 17 wo
1445 2148 49 28 das
1507 2148 138 28 Moderne
1658 2158 30 17 so
1702 2148 77 27 stark
1792 2148 58 28 und
1863 2148 87 28 schön
1964 2148 58 28 sich
2035 2148 97 27 verkör-

931 2198 68 31 pert,
1017 2192 144 34 begegnen
1180 2192 49 25 wir
1250 2188 49 27 auf
1314 2187 102 28 Schritt
1435 2187 58 27 und
1506 2185 74 28 Tritt
1593 2185 93 28 diesen
1699 2185 167 33 Menschen,
1880 2186 43 28 die
1937 2196 47 17 am
1997 2185 151 28 Heimweh

931 2231 73 28 nach
1016 2230 64 28 dem
1089 2226 171 30 Vaterlande
1273 2228 29 25 in
1315 2226 71 27 ihrer
1399 2228 116 31 eigenen
1524 2224 82 27 Brust
1619 2223 118 27 sterben*
1751 2223 45 28 Sie
1810 2224 106 27 suchen
1930 2224 43 27 die
1986 2233 145 24 unvergess-

931 2270 84 28 baren
1023 2268 101 34 Dinge,
1139 2265 42 28 die
1189 2268 38 24 sie
1234 2267 28 24 in
1270 2264 79 27 ihren
1356 2262 147 28 Träumen
1512 2261 97 32 sahen,
1618 2263 29 25 in
1656 2261 48 28 der
1713 2261 188 32 Aussenwelt,
1914 2272 45 17 wo
1972 2264 38 25 sie
2023 2264 37 25 sie
2076 2261 71 27 doch

931 2306 116 30 niemals
1059 2304 95 28 finden
1166 2303 132 30 können;
1319 2304 28 24 in
1361 2300 58 28 sich
1432 2300 82 27 selbst
1526 2299 278 34 zurückgeschreckt,
1818 2300 71 30 weil,
1899 2309 59 18 was
1967 2301 38 25 sie
2015 2298 132 28 draussen

931 2345 94 31 sehen,
1044 2343 84 27 ihnen
1147 2340 72 31 fade,
1239 2339 60 27 kalt
1317 2338 58 28 und
1393 2338 120 27 hässlich
1532 2337 115 31 scheint,
1668 2336 157 35 schwelgen
1841 2339 38 24 sie
1893 2339 27 24 in
1934 2336 87 27 ihrem
2035 2336 112 33 körper-

2192 397 182 19 Buchschmuck

2193 420 37 19 für
2251 420 24 19 V.
2297 420 21 19 S.
2339 420 35 21 gezeichnet

2318 447 21 14 v.
2355 443 18 19 J.

2197 466 176 19 Auchentaller.

2194 1053 181 18 Buchschmuck

2195 1075 37 19 für
2245 1076 25 18 V.
2290 1075 21 19 S.
2328 1079 46 17 gez.

2194 1103 20 14 v.
2222 1098 60 19 Kolo
2290 1098 85 19 Moser.
