2255 3746
767 168 53 27 LE
852 167 148 28 CHANT
1034 165 115 28 DANS
1187 163 79 28 LES
1302 155 185 36 ÉGLISES

107 171 80 42 334

105 268 210 43 démons,
343 265 80 42 des
446 275 215 43 paysans,
687 261 79 42 des
786 264 199 48 évêques
1011 269 10 39 ;
1046 258 65 40 les
1130 258 180 40 vitraux
1351 252 227 44 semblent
1620 251 104 43 faits
1764 252 54 41 de
1853 254 172 52 pierres
2050 254 77 49 pré-

106 339 176 39 cieuses
303 351 9 34 ;
339 335 54 41 ils
418 335 207 41 unissent
647 329 275 44 lemeraude
943 343 56 26 au
1025 326 127 42 rubis
1172 335 43 33 et
1235 326 40 41 le
1299 325 157 53 saphir
1479 327 22 37 à
1525 322 42 42 la
1592 331 174 45 topaze,
1789 335 56 28 en
1864 321 80 41 des
1968 321 155 39 harmo-

108 407 96 41 nies
227 406 103 53 plus
354 404 183 41 hardies
557 411 42 32 et
621 401 103 53 plus
748 400 146 40 riches
918 411 86 41 que
1036 405 95 33 tout
1155 410 49 27 ce
1237 393 158 55 qu'ont
1432 395 205 49 imaginé
1660 405 83 29 nos
1768 392 251 41 musiciens
2056 402 66 28 mo-

109 477 161 41 dernes
292 490 9 34 ;
325 475 197 40 derrière
553 471 40 42 le
626 471 173 49 choeur,
820 470 116 40 deux
971 468 190 47 minces,
1185 466 115 40 deux
1323 463 252 52 virginales
1594 463 283 42 colonnettes
1910 459 165 42 isolent
2114 458 40 42 la

108 545 203 54 chapelle
330 545 178 45 étroite,
531 550 125 33 toute
678 541 55 40 de
755 542 152 50 grâce,
932 537 198 43 oratoire
1172 542 159 43 secret,
1373 533 138 42 caché
1543 547 57 27 au
1620 531 111 44 fond
1755 532 55 40 de
1850 531 41 40 la
1911 538 128 33 vaste
2064 527 88 52 nef,

108 626 42 33 et
169 616 53 40 de
242 613 160 42 l'autre
425 614 113 49 côté,
565 612 39 40 le
628 609 163 56 portail
815 608 180 42 s'ouvre
1018 621 78 28 sur
1117 618 91 29 une
1228 604 128 55 place
1369 605 124 51 grise
1515 603 54 42 de
1587 603 148 49 soleil,
1759 600 170 44 bordée
1950 598 205 43 d'arbres

108 684 162 50 taillés,
313 698 58 26 au
402 680 218 52 feuillage
651 678 239 43 immobile
917 693 7 26 :
947 675 109 44 c'est
1091 691 61 26 un
1178 677 102 40 coin
1319 674 55 41 de
1409 674 41 41 la
1474 673 153 42 vieille
1649 674 86 39 cité
1757 669 281 57 provinciale
2077 674 75 46 où,

110 755 160 54 depuis
289 753 80 40 des
390 750 175 52 siècles,
593 749 174 52 l'église
788 746 82 44 fait
894 745 222 43 entendre
1136 759 56 27 au
1230 744 82 42 ciel
1347 758 50 27 sa
1435 752 170 33 muette
1647 743 164 52 prière.
1848 739 100 43 Une
1980 739 176 52 gravité

110 826 159 46 douce,
289 837 89 28 une
396 824 103 52 paix
522 821 166 51 élevée,
707 833 90 28 une
818 819 172 40 charité
1013 818 177 40 sereine
1206 815 111 42 dont
1341 816 114 47 rien,
1479 828 56 28 en
1556 813 168 41 dehors
1746 811 56 41 de
1825 809 330 43 l'architecture

110 895 239 52 gothique,
373 905 57 29 ne
449 900 106 46 peut
571 891 177 41 donner
764 901 88 30 une
877 887 153 41 idée...
1055 885 120 42 Mais
1197 885 41 41 la
1263 886 214 52 musique
1500 895 279 38 commence,
1798 880 128 42 hélas
1948 879 9 39 1
1983 887 42 33 et
2050 890 106 29 avec

108 965 85 42 elle
216 965 40 41 le
289 962 238 51 sacrilège,
552 961 210 41 l'hérésie
782 967 42 32 et
843 959 41 39 la
908 957 178 42 laideur
1108 955 246 54 profanent
1373 953 64 42 les
1456 959 162 36 voûtes
1641 955 283 39 innocentes.

166 1032 65 42 Le
260 1031 108 43 Vetii
393 1030 183 43 Creator
612 1037 67 33 est
715 1028 164 41 chanté
917 1026 324 52 gauchement,
1275 1037 108 27 sans
1422 1021 236 43 ensemble
1677 1030 42 31 et
1743 1033 107 28 sans
1870 1020 177 40 entrain
2067 1030 9 37 ;
2102 1031 55 27 en

113 1112 146 42 outre,
284 1101 273 42 l'altération
600 1098 329 54 systématique
969 1096 61 40 du
1042 1100 58 48 Ja
1131 1094 61 41 lui
1227 1093 152 42 donne
1415 1107 60 27 un
1514 1091 104 42 faux
1642 1092 66 39 air
1729 1089 235 49 moderne,
1991 1089 78 52 qui
2091 1094 68 35 est

115 1169 346 58 insupportable
487 1183 8 27 :

117 1522 171 42 Autant
329 1522 211 41 vaudrait
560 1520 154 42 coiffer
733 1521 55 41 de
811 1534 84 28 nos
926 1521 231 52 chapeaux
1201 1520 135 41 hauts
1376 1520 54 40 de
1453 1517 144 43 forme
1621 1518 65 41 les
1726 1515 172 54 figures
1931 1517 54 41 de
2015 1518 146 52 pierre

117 1597 191 46 rangées
330 1600 163 32 autour
515 1592 54 40 de
592 1604 132 28 nous.
746 1589 64 42 Le
835 1588 306 54 Saint-Esprit
1180 1587 231 43 d'ailleurs
1445 1601 55 28 ne
1528 1587 170 54 répond
1733 1588 128 53 point
1886 1591 23 36 à
1930 1600 87 27 une
2039 1587 122 40 aussi

117 1663 320 52 impertinente
456 1661 260 41 invocation
742 1675 8 33 ;
774 1661 125 52 privé
918 1660 54 40 de
993 1673 82 27 son
1096 1672 201 35 secours,
1319 1658 266 51 l'organiste
1605 1671 55 27 ne
1684 1667 158 31 trouve
1867 1661 22 36 à
1910 1670 117 27 nous
2050 1655 111 41 faire

117 1731 217 41 entendre
352 1743 87 40 que
458 1730 79 41 des
561 1731 351 39 réminiscences
931 1728 213 55 profanes
1171 1743 7 26 :
1203 1726 245 43 l'entr'acte
1468 1729 291 40 sentimental
1780 1728 54 41 de
1854 1727 26 42 Y
1884 1727 274 49 Artésienne,

118 1801 102 52 joué
242 1801 116 40 deux
378 1799 85 42 fois
482 1809 99 43 trop
603 1799 262 51 lentement,
891 1813 108 27 sans
1023 1799 136 41 doute
1181 1813 115 38 pour
1319 1799 61 40 lui
1398 1799 178 40 donner
1597 1797 103 54 plus
1736 1798 54 41 de
1811 1797 242 49 solennité,
2083 1797 78 41 des

117 1869 253 52 fragments
402 1869 54 41 de
475 1869 168 40 Roméo
667 1875 36 34 et
716 1867 178 52 Juliette
902 1900 8 17 ,
935 1877 42 32 et
998 1869 39 40 le
1060 1869 89 41 duo
1171 1869 54 40 de
1248 1867 190 41 Samson
1468 1874 37 34 et
1536 1867 151 41 Dcililci
1713 1866 131 55 (Mon
1866 1882 115 25 cœur
1996 1866 167 41 s'ouvre

120 1942 21 36 à
167 1945 42 34 ta
227 1936 194 55 voix...).
442 1938 51 55 Je
526 1940 90 39 sais
638 1938 105 41 bien
775 1938 108 53 qu'il
908 1938 133 51 s'agit
1061 1938 107 41 d'un
1199 1939 219 50 mariage,
1444 1947 42 31 et
1524 1938 39 52 je
1587 1937 210 41 souhaite
1821 1937 55 41 de
1912 1946 96 32 tout
2039 1950 124 27 cœur

122 2023 83 26 aux
222 2009 156 52 jeunes
401 2012 145 48 époux
581 2008 55 40 de
658 2007 232 53 fréquents
914 2009 245 39 entretiens
1182 2008 55 40 de
1260 2021 47 27 ce
1324 2021 156 37 genre.
1516 2006 135 52 Mais,
1676 2022 81 38 par
1780 2008 124 52 pitié,
1933 2006 137 54 qu'on
2107 2020 54 27 ne

123 2091 117 28 nous
273 2091 56 27 en
353 2077 138 40 rende
514 2091 82 39 pas
615 2079 194 39 témoins
844 2081 21 36 à
899 2075 174 53 l'église
1099 2080 7 37 !
1151 2076 218 42 L'amour
1404 2086 68 31 est
1514 2091 89 26 une
1642 2077 154 48 chose,
1822 2085 41 32 et
1898 2076 40 41 le
1959 2077 204 51 mariage

124 2147 217 52 religieux
364 2160 88 27 une
475 2156 97 31 tout
605 2156 126 31 autre
769 2147 138 40 chose
926 2157 8 37 ;
961 2156 42 31 et
1023 2145 287 42 l'admirable
1342 2149 214 50 musique
1593 2146 55 41 de
1686 2144 307 43 Saint-Saëns
2016 2155 67 32 est
2108 2147 54 40 ici

123 2218 396 40 souverainement
542 2216 228 53 déplacée,
808 2230 133 39 parce
980 2216 164 53 qu'elle
1166 2225 68 31 est
1263 2215 292 42 absolument
1576 2218 270 51 appropriée
1869 2221 22 35 à
1914 2229 82 28 son
2030 2216 131 53 sujet,

122 2288 39 51 je
195 2300 115 27 veux
341 2286 94 41 dire
473 2294 122 32 toute
627 2289 209 49 païenne.
884 2285 32 41 Il
959 2287 156 50 existe,
1142 2284 115 42 Dieu
1293 2286 136 40 merci
1454 2285 7 39 !
1500 2298 125 28 assez
1669 2286 55 40 de
1756 2284 152 42 bonne
1951 2286 212 52 musique

124 2356 240 51 religieuse
386 2356 218 40 ancienne
628 2369 57 27 ou
722 2356 216 40 moderne
973 2368 116 40 pour
1128 2353 137 55 qu'on
1298 2357 155 51 puisse
1489 2355 159 41 laisser
1667 2355 54 41 de
1745 2357 98 39 côté
1865 2355 80 41 des
1985 2368 178 28 œuvres

123 2425 110 42 dont
261 2425 40 41 la
332 2425 125 40 seule
493 2426 323 52 transcription
859 2438 77 27 sur
960 2423 173 53 l'orgue
1156 2433 67 32 est
1247 2424 97 54 déjà
1370 2439 61 26 un
1467 2433 279 33 contresens.
1792 2423 120 42 Mais
1939 2424 40 41 le
2017 2424 125 53 plain-

125 2496 133 40 chant
302 2495 191 53 reprend
514 2526 10 18 ,
570 2508 176 27 comme
786 2509 57 26 au
887 2493 155 49 début,
1088 2494 353 41 honteusement
1507 2504 42 31 et
1592 2503 351 45 peureusement
1997 2493 167 42 affublé

124 2564 261 53 d'oripeaux
406 2564 257 41 modernes.
686 2563 50 55 Je
758 2577 256 40 remarque,
1056 2578 83 39 par
1161 2564 222 53 exemple,
1406 2578 78 27 sur
1504 2563 25 43 Y
1534 2563 143 41 Amen
1700 2564 79 40 des
1800 2564 228 46 chantres,
2055 2572 111 32 cette

125 2634 192 40 cadence
336 2634 55 40 de
414 2634 189 50 l'orgue,
628 2634 362 48 recommandée,
1011 2634 39 52 je
1074 2633 40 41 le
1134 2635 108 48 sais,
1277 2648 81 39 par
1391 2635 193 40 certains
1609 2635 155 40 traités
1788 2633 349 53 d'accompagne-

126 2713 123 31 ment
275 2714 9 28 :

129 3250 122 41 C'est
282 3264 88 28 une
406 3251 285 41 modulation
732 3256 21 36 à
795 3251 39 41 la
854 3253 133 40 tierce
1010 3252 215 53 majeure,
1264 3250 322 53 parfaitement
1621 3253 197 52 insipide
1859 3252 114 41 dans
1997 3253 40 40 la
2070 3267 67 26 mu-

129 3322 130 51 sique
298 3321 152 40 tonale
488 3320 260 54 lorsqu'elle
791 3320 114 43 n'est
956 3335 80 39 pas
1075 3319 211 55 justifiée,
1329 3320 324 54 parfaitement
1696 3321 196 42 absurde
1928 3323 115 40 dans
2083 3335 87 28 une

128 3391 210 52 musique
381 3392 92 51 qui,
496 3404 177 27 comme
716 3390 39 40 le
798 3390 310 53 plain-chant,
1134 3391 161 50 ignore
1332 3390 40 41 la
1396 3391 205 41 tonalité.
1643 3390 90 42 Les
1767 3392 149 40 seules
1954 3392 216 40 cadences

129 3458 288 42 admissibles
454 3469 101 31 sont
599 3460 135 41 celles
759 3462 76 51 qui
860 3458 262 43 n'amènent
1145 3461 129 52 point
1295 3460 54 41 de
1374 3461 309 41 modulation,
1707 3470 42 32 et
1770 3470 102 32 sont
1916 3464 134 39 tirées
2077 3469 93 33 tout

131 3530 193 39 entières
343 3529 54 41 de
421 3529 38 41 la
482 3543 186 38 gamme
691 3530 59 40 du
767 3530 134 41 mode
921 3544 9 36 ;
959 3530 189 48 celle-ci,
1169 3544 82 38 par
1270 3531 202 52 exemple
1492 3541 8 25 :
