2255 3746
857 161 295 36 SUPPLÉMENT
1184 169 198 28 MUSICAL

101 174 77 37 344

515 380 251 42 NOTRE
827 369 513 52 SUPPLÉMENT
1396 375 343 43 MUSICAL

155 544 124 41 Dans
301 543 37 40 le
355 543 103 40 beau
484 548 222 44 nocturne,
734 540 75 57 qui
814 541 94 55 fait
934 540 196 41 honneur
1150 539 115 43 àM.
1288 539 57 41 A.
1395 539 222 56 Coquard,
1663 555 57 25 on
1759 555 95 25 sera
1888 539 191 42 heureux
2101 543 49 40 de

97 613 133 41 sentir
243 628 81 25 une
346 612 145 56 poésie
513 612 127 40 réelle
663 612 82 40 due
767 616 23 35 à
812 611 41 41 la
875 611 201 41 sincérité
1117 612 57 39 du
1211 611 244 48 sentiment,
1482 626 54 25 au
1557 615 218 36 caractère
1797 610 264 56 voluptueux
2093 613 54 40 du

99 683 183 46 rythme,
306 699 53 25 au
384 682 131 41 calme
531 689 38 34 et
592 685 23 37 à
637 682 42 40 la
699 681 253 41 distinction
988 681 113 41 aisée
1119 682 52 39 de
1194 681 40 40 la
1256 680 199 42 mélodie.

277 727 4 8 /

230 771 254 43 Offenbach
504 773 107 40 était
632 787 59 25 un
712 771 217 41 excellent
945 771 346 41 violoncelliste.
1311 769 64 42 M.
1395 769 141 42 Louis
1559 769 176 53 Ganne,
1757 772 77 52 qui
1854 779 66 33 est
1945 785 83 27 son
2048 785 77 28 con-

103 845 229 39 tinuateur
357 843 200 40 heureux
581 851 41 31 et
663 856 82 27 son
786 842 200 47 héritier,
1026 855 117 27 nous
1165 856 22 26 a
1213 841 184 53 rappelé
1434 841 10 40 1
1465 840 175 42 illustre
1678 849 161 33 auteur
1862 841 26 40 d
1896 839 183 57 'Orphée
2098 857 53 26 en

104 927 116 27 nous
244 922 227 44 envoyant
494 912 40 41 la
560 913 123 52 pièce
706 913 223 53 ci-jointe,
954 913 76 51 qui
1055 920 67 32 est
1144 910 134 42 d'une
1295 911 243 41 excellente
1559 913 191 39 écriture
1772 916 89 36 très
1883 914 268 51 appropriée

106 998 56 26 au
177 982 129 41 chant
322 983 59 40 du
405 982 286 41 violoncelle.

229 1071 125 42 Nous
372 1070 256 56 publierons
642 1069 357 56 prochainement
1016 1070 71 40 des
1098 1070 257 55 fragments
1374 1070 51 40 de
1446 1068 151 55 Scylla
1618 1069 273 53 etGlaucus,
1914 1071 51 40 de
1989 1070 165 41 Leclair

106 1140 166 55 (1746),
294 1155 78 40 que
393 1147 123 34 notre
533 1140 332 48 collaborateur,
888 1138 64 42 M.
978 1138 52 42 F.
1059 1140 51 40 de
1124 1140 212 49 Lacerda,
1355 1140 141 40 réduit
1511 1143 317 52 présentement
1851 1155 51 26 en
1919 1140 229 57 partition.

165 1334 262 56 Congrès
446 1334 423 43 international
902 1332 316 42 d'Histoire
1243 1331 70 43 de
1337 1332 56 42 la
1412 1331 292 68 Musigue,

1728 1341 106 33 tenu
1860 1337 21 36 à
1907 1333 131 41 Paris
2065 1338 21 35 à
2112 1334 40 40 la

106 1406 317 52 bibliothèque
447 1406 54 40 de
525 1403 201 55 l'Opéra,
753 1404 59 41 du
851 1418 47 37 23
926 1418 56 26 au
1020 1418 51 37 29
1093 1403 143 53 juillet
1260 1417 104 38 1900
1388 1419 6 24 :
1429 1402 280 50 Documents,
1730 1401 235 42 Mémoires
1972 1435 8 16 ,
2007 1404 69 40 lus
2098 1418 54 26 au

107 1475 224 53 Congrès,
367 1474 136 43 Vœux
508 1509 9 18 ,
541 1484 81 31 etc.
660 1474 105 41 Fort
786 1482 42 32 et
852 1472 115 42 beau
987 1473 183 41 volume
1194 1474 210 52 imprimé
1422 1488 81 38 par
1520 1473 63 41 les
1606 1472 306 49 Bénédictins,
1940 1477 22 36 à
1994 1471 131 43 Soles-

107 1560 112 34 mes,
242 1555 42 32 et
308 1548 91 51 qui,
429 1559 105 27 avec
553 1560 61 25 un
635 1549 88 36 très
757 1543 144 51 grand
940 1542 191 41 nombre
1153 1543 55 40 de
1237 1543 219 52 planches
1491 1543 210 41 relatives
1731 1547 22 36 à
1779 1543 220 40 l'histoire
2022 1543 55 40 de
2113 1544 39 39 la

106 1618 212 51 musique
340 1625 42 31 et
402 1615 54 41 de
479 1615 40 40 la
544 1615 223 47 notation,
794 1615 200 39 contient
1014 1613 65 40 les
1096 1615 242 39 mémoires
1357 1615 205 39 suivants
1588 1627 8 26 :

169 1695 38 30 i°
233 1684 209 55 (musique
477 1698 184 40 grecque
665 1681 12 54 )
703 1693 8 29 :
738 1683 242 40 mémoires
1000 1682 54 40 de
1086 1681 115 41 MM.
1225 1681 53 41 E.
1307 1681 176 49 Ruelle,
1516 1681 53 42 E.
1594 1682 179 52 Poirée,
1806 1682 87 41 Th.
1931 1682 221 54 Reinach,

107 1753 52 41 L.
186 1754 162 52 Laloy,
366 1754 40 55 J.
433 1753 195 51 Tiersot,
655 1752 173 52 MgrB.
858 1750 335 43 Grassi-Landi
1220 1766 9 35 ;

167 1830 44 33 2°
235 1823 10 53 (
252 1823 194 56 musique
469 1822 242 55 byzantine)
734 1834 8 28 :
766 1823 243 39 mémoires
1034 1822 59 40 du
1119 1821 53 42 R.
1194 1821 50 41 P.
1272 1820 216 50 Thibaut,
1515 1822 53 41 de
1591 1823 107 40 dom
1720 1822 190 52 Hugues
1932 1822 186 43 Gaïsser
2143 1837 9 38 ;

167 1909 18 36 3
192 1900 17 16 0
232 1892 210 56 [musique
459 1893 56 40 du
538 1907 153 38 moyen
715 1894 101 52 âge)
837 1903 7 28 :
872 1893 244 39 mémoires
1139 1891 55 40 de
1228 1889 115 42 MM.
1380 1890 55 43 G.
1462 1891 232 49 lloudard,
1731 1893 107 40 dom
1861 1892 55 41 H.
1950 1892 200 53 Gaïsser,

108 1963 106 52 Mgr
236 1963 51 41 B.
308 1961 352 50 Grassi-Landi,
686 1960 189 42 Liborio
899 1959 244 54 Sacchetti,
1165 1960 155 42 Pierre
1338 1959 173 56 Aubry,
1533 1961 163 42 Michel
1716 1962 163 42 Brenet
1906 1975 8 38 ;

164 2049 24 35 4
192 2038 17 17 0
235 2032 209 55 [musique
477 2029 216 55 moderne)
722 2047 7 24 :
757 2032 242 40 mémoires
1039 2032 54 40 de
1132 2029 116 41 MM.
1285 2030 195 43 Camille
1513 2030 324 51 Saint-Saëns,
1876 2032 278 53 Bourgault-

108 2103 289 53 Ducoudray,
417 2101 227 51 Meerens,
671 2100 152 41 Ilmari
851 2100 172 52 Krohn,
1067 2099 54 43 G.
1168 2100 241 52 Humbert,
1446 2101 142 41 Adolf
1623 2101 254 53 Lindgren,
1897 2103 39 54 J.
1964 2103 188 52 Carillo,

108 2171 256 49 Chilesotti,
388 2171 247 51 Shedlock,
660 2170 53 43 R.
743 2170 214 48 Rolland,
982 2170 38 55 J.
1053 2169 297 49 Combarieu,
1373 2170 108 42 Mlle
1502 2171 184 49 Parent,
1710 2181 103 41 etc.,
1849 2182 84 31 etc.

164 2242 104 41 Prix
292 2243 53 40 de
366 2242 234 51 l'ouvrage
624 2241 117 53 (port
763 2239 214 54 compris)
1002 2256 7 25 :
1045 2253 47 28 10
1131 2239 54 41 fr.
1227 2238 75 53 (au
1338 2240 89 41 lieu
1462 2241 53 41 de
1554 2239 83 56 15),
1683 2257 83 26 aux
1811 2241 202 43 bureaux
2036 2244 54 41 de
2114 2244 40 41 la

108 2311 143 42 Revue
273 2311 221 41 musicale.

1353 3467 59 40 Le
1446 3466 165 43 Gérant
1639 3484 12 24 :
1685 3468 53 41 A.
1776 3468 207 48 REBECQ.

761 3562 102 28 Poitiers.
879 3574 18 5 -
910 3563 84 28 Société
1012 3565 106 32 française
1132 3567 153 28 d'lmprimerie
1302 3567 23 26 et
1342 3569 27 24 de
1390 3568 112 25 Librairie.
