2255 3746
2069 172 80 56 333

778 182 51 26 LE
864 182 147 29 CHANT
1044 184 114 27 DANS
1193 184 78 27 LES
1306 176 184 35 ÉGLISES

108 278 228 41 pompeux
357 266 155 43 offices
536 269 54 41 de
614 283 47 28 ce
697 271 256 42 dimanche.
980 272 57 41 Ils
1077 287 46 27 se
1160 282 102 32 sont
1276 282 86 37 tus,
1394 287 175 28 comme
1587 274 113 41 dans
1724 284 146 32 toutes
1894 276 63 41 les
1980 277 164 50 églises

108 348 87 40 que
218 335 71 54 j'ai
310 339 184 40 visitées
518 339 223 54 jusqu'ici.

160 445 67 42 LA
245 446 211 42 TRINITÉ.
493 470 50 7 —
565 446 137 50 C'est,
742 449 39 52 je
821 451 133 47 crois,
996 455 130 47 après
1168 451 40 40 le
1232 449 322 53 Sacré-Cœur,
1580 451 174 52 l'église
1774 451 39 41 la
1839 451 101 53 plus
1967 456 174 37 récente

106 515 55 41 de
177 515 131 41 Paris
333 513 144 55 (1867)
499 532 8 32 î
529 522 88 35 tr^s
641 521 136 36 ornée
800 527 41 31 et
867 524 88 35 très
991 519 150 48 claire,
1188 534 61 26 un
1272 520 136 41 détail
1433 534 71 27 me
1528 520 174 53 choque
1729 532 7 28 :
1761 521 84 40 elle
1867 530 67 32 est
1956 535 164 39 parque-

109 588 67 37 tée
192 585 54 40 de
266 585 142 40 lames
432 585 55 40 de
503 585 157 51 chêne,
687 599 175 27 comme
886 602 60 25 un
967 588 144 40 salon.
1134 587 256 55 J'aimerais
1411 591 150 39 mieux
1584 605 61 26 un
1670 590 108 41 rude
1798 595 112 48 pavé
1932 591 53 41 de
2003 592 144 52 pierre

110 667 87 39 que
217 666 49 28 ce
292 651 304 43 raffinement.

162 722 51 55 Je
252 736 242 39 remarque
531 723 114 41 dans
689 724 40 40 la
787 722 78 42 nef
904 732 96 32 tout
1040 739 60 25 un
1136 733 201 43 parterre
1373 726 55 40 de
1465 727 230 52 chapeaux
1737 729 53 40 de
1832 729 135 52 paille
1990 728 157 42 blancs

110 795 130 49 rayés
282 790 107 43 d'un
425 791 147 42 ruban
607 793 128 49 noir;
776 792 221 53 quelques
1037 793 266 51 religieuses
1326 793 106 42 d'un
1460 796 130 40 ordre
1629 798 197 39 inconnu
1856 797 181 42 veillent
2070 813 78 26 sur

109 875 48 26 ce
173 863 213 49 gracieux
407 870 239 44 troupeau.
667 861 50 55 Je
738 861 177 51 signale
940 876 83 27 aux
1046 873 250 42 personnes
1321 868 304 47 compétentes
1665 865 120 40 leurs
1809 874 220 32 cornettes
2053 868 92 51 qui,

107 943 110 28 vues
241 931 53 40 de
314 930 98 47 dos,
439 929 301 42 ressemblent
765 934 22 37 à
812 931 199 40 l'arrière
1033 929 107 42 d'un
1177 931 253 41 minuscule
1464 946 159 27 canon.
1646 932 119 41 Tout
1785 947 47 26 ce
1854 935 109 50 petit
1983 934 165 40 monde

106 1012 46 27 se
170 1000 80 40 tait
273 1008 42 32 et
332 1013 47 27 se
399 1000 113 40 taira
531 1003 147 37 même
703 1014 54 26 au
778 998 141 42 Credo
945 1000 130 40 rituel
1102 1006 88 34 très
1209 1000 161 53 simple
1387 999 188 54 (édition
1611 1001 54 41 de
1691 1000 321 54 Ratisbonne),
2039 1002 107 52 qu'il

109 1070 140 39 serait
275 1070 37 39 si
352 1068 132 42 facile
508 1069 54 41 de
586 1069 61 41 lui
686 1069 271 53 apprendre.

164 1138 113 41 Bien
318 1138 255 53 qu'aucune
616 1138 225 42 solennité
883 1139 288 53 particulière
1190 1139 108 41 n'ait
1319 1143 68 37 été
1409 1138 202 42 célébrée
1651 1154 47 26 ce
1718 1140 185 52 jour-là,
1943 1154 57 27 on
2030 1154 117 27 nous

110 1221 22 27 a
159 1208 151 40 donné
332 1221 89 27 une
445 1221 147 27 messe
613 1208 54 40 de
690 1207 63 41 M.
780 1207 241 42 Théodore
1058 1208 192 48 Dubois,
1277 1214 88 35 très
1388 1208 307 52 élégamment
1715 1211 133 39 écrite
1870 1218 57 40 et,
1954 1209 187 53 parfois,

110 1279 257 51 expressive
390 1286 41 32 et
454 1277 108 41 d'un
586 1277 89 42 bon
699 1279 243 40 sentiment
976 1278 232 51 religieux.
1236 1277 206 42 Pendant
1463 1278 39 40 le
1525 1277 136 54 Kyrie
1698 1288 42 31 et
1764 1279 38 40 le
1826 1277 151 42 Gloria
1982 1310 10 20 ,
2020 1293 94 27 mor-

111 1359 137 28 ceaux
273 1359 88 39 que
390 1344 72 55 j'ai
487 1346 39 41 le
550 1348 149 39 moins
734 1351 179 47 goûtés,
941 1347 30 40 il
988 1347 87 40 m'a
1095 1361 114 38 paru
1247 1361 86 39 que
1366 1347 63 40 les
1451 1361 221 39 passages
1709 1350 76 51 qui
1821 1349 251 52 expriment
2105 1348 40 41 la

114 1417 164 51 prière,
313 1428 178 28 comme
523 1415 162 41 eleison
723 1429 58 27 ou
811 1415 74 55 qui
936 1415 117 40 tollis
1084 1423 176 48 peccata
1282 1415 153 41 mundi
1442 1447 8 16 ,
1495 1417 177 39 avaient
1710 1431 59 25 un
1814 1422 222 36 caractère
2090 1417 54 41 de

112 1484 120 41 force
257 1493 42 32 et
322 1482 294 43 d'insistance
636 1499 86 39 peu
747 1499 54 26 en
827 1494 184 43 rapport
1046 1498 104 28 avec
1187 1485 62 40 les
1272 1485 180 53 paroles
1470 1496 9 39 ;
1576 1485 152 52 quand
1769 1498 58 28 on
1863 1486 221 41 s'adresse
2122 1491 22 35 à

112 1552 132 49 Dieu,
278 1554 326 40 éminemment
621 1555 186 51 patient,
832 1566 57 28 on
914 1552 69 42 n'a
1024 1568 97 38 pas,
1147 1554 29 40 il
1202 1562 67 32 est
1291 1555 113 47 vrai,
1447 1557 22 37 à
1513 1554 206 40 craindre
1758 1554 54 40 de
1859 1554 289 54 l'indisposer

107 1635 83 39 par
213 1622 78 40 des
316 1623 170 51 prières
503 1631 99 44 trop
625 1626 199 49 répétées
850 1635 58 28 ou
942 1631 99 44 trop
1066 1627 267 37 accentuées
1357 1634 7 37 ;
1385 1624 132 50 mais,
1543 1625 37 38 si
1609 1622 114 41 Dieu
1745 1627 171 45 écoute,
1939 1624 64 41 les
2027 1637 89 28 mor-

117 1691 83 40 tels
239 1691 262 40 entendent.

167 1759 72 41 En
282 1759 240 48 revanche,
564 1759 40 40 le
633 1757 187 42 Sanctus
859 1758 86 41 m'a
984 1761 81 39 fait
1094 1759 235 54 beaucoup
1369 1761 54 39 de
1455 1760 172 52 plaisir.
1673 1760 32 40 Il
1740 1769 67 32 est
1841 1760 104 42 bien
1984 1775 159 38 conçu,

113 1830 209 52 puissant
364 1837 42 32 et
440 1837 96 32 tout
573 1832 22 36 à
637 1827 82 42 fait
755 1841 55 28 en
849 1837 186 44 rapport
1078 1843 105 27 avec
1223 1830 63 40 les
1342 1829 193 52 paroles.
1575 1827 116 42 Mais
1743 1830 70 51 j'ai
1857 1834 69 36 été
1969 1839 176 32 surtout

110 1898 182 40 charmé
328 1911 80 39 par
451 1895 190 56 YAgnus
681 1896 85 40 Dei
772 1928 8 18 ,
805 1899 220 39 construit
1063 1907 96 32 tout
1181 1900 141 40 entier
1352 1912 78 27 sur
1461 1913 60 25 un
1559 1896 134 42 motif
1724 1904 89 34 très
1838 1899 160 52 simple
2037 1900 108 40 dont

110 1966 64 40 M.
193 1966 176 41 Dubois
394 1980 22 26 a
430 1968 82 39 tiré
529 1965 245 41 d'heureux
795 1965 127 43 effets
943 1967 54 41 de
1016 1967 199 41 douceur
1228 1976 42 32 et
1289 1966 322 54 d'expression.
1635 1966 64 42 Ce
1715 1971 146 37 même
1881 1966 134 42 motif
2032 1982 21 26 a
2079 1973 70 37 été

112 2037 142 51 repris
283 2037 176 39 ensuite
482 2049 82 39 par
595 2034 190 52 l'orgue,
813 2037 76 51 qui
908 2036 53 40 l'a
987 2036 249 53 développé
1278 2036 261 41 sobrement
1561 2045 41 32 et
1645 2050 104 27 avec
1792 2043 127 45 goût.

166 2102 98 57 J'en
305 2118 114 27 veux
450 2119 61 26 un
547 2117 88 40 peu
689 2109 23 34 à
752 2104 40 40 la
832 2103 207 42 Maîtrise
1087 2104 173 42 d'avoir
1297 2107 233 52 supprimé
1576 2106 41 40 la
1660 2107 155 40 moitié
1850 2106 58 40 du
1946 2105 199 54 graduel.

108 2172 290 43 L'exécution
416 2173 137 41 totale
586 2173 195 41 n'aurait
804 2187 82 40 pas
914 2173 235 54 beaucoup
1175 2175 182 51 allongé
1391 2173 178 49 l'office,
1595 2183 58 38 et,
1691 2183 178 33 surtout
1893 2175 151 52 quand
2090 2188 59 27 on

109 2244 150 40 donne
283 2257 89 27 une
395 2256 148 27 messe
567 2242 265 48 solennelle,
864 2243 41 40 le
925 2243 288 53 plain-chant
1244 2258 175 39 repose,
1440 2258 81 39 par
1544 2257 48 27 sa
1627 2244 255 52 simplicité,
1909 2244 77 40 des
2023 2257 93 27 com-

110 2312 241 54 plications
378 2311 138 54 qu'on
538 2314 121 38 vient
690 2311 243 42 d'écouter.
967 2312 40 40 A
1035 2326 108 28 mon
1168 2314 110 47 avis,
1305 2327 57 27 on
1387 2312 100 42 n'en
1521 2313 163 40 entend
1703 2314 161 51 jamais
1888 2321 115 44 trop.

166 2381 51 41 Je
240 2382 279 52 n'approuve
554 2394 97 40 pas,
679 2394 90 28 non
802 2382 119 51 plus,
951 2382 40 40 le
1014 2382 129 40 choix
1166 2382 135 40 d'une
1334 2395 212 27 romance
1583 2395 104 27 sans
1726 2382 178 52 paroles
1938 2382 54 40 de
2023 2380 94 42 Men-

111 2451 217 40 delssohn
350 2464 115 39 pour
488 2465 25 38 y
536 2458 280 44 transporter
840 2465 60 25 un
928 2449 37 40 O
986 2450 204 40 salutaris
1229 2451 161 40 chanté
1430 2455 22 35 à
1477 2450 270 40 l'élévation.
1787 2449 32 41 Il
1860 2450 71 52 n'y
1955 2464 39 33 a,
2015 2458 107 32 natu-

113 2520 251 48 rellement,
390 2533 82 38 pas
492 2519 39 40 le
565 2519 206 40 moindre
788 2527 185 44 rapport
996 2527 125 32 entre
1145 2519 40 39 la
1211 2521 211 50 musique
1444 2528 41 31 et
1521 2518 39 40 le
1583 2526 115 33 texte
1723 2523 139 43 sacré,
1889 2519 75 51 qui
1989 2516 95 43 font
2108 2518 39 40 le

113 2589 101 53 plus
248 2590 208 39 mauvais
491 2592 193 46 ménage
707 2587 60 40 du
783 2587 182 40 monde.

166 2657 89 41 Les
284 2662 159 47 vêpres
486 2665 76 32 ont
583 2660 68 36 été
684 2655 104 41 bien
822 2656 113 40 dites
959 2670 81 38 par
1065 2656 40 40 la
1138 2655 220 49 Maîtrise,
1395 2669 107 28 avec
1540 2655 219 52 quelques
1809 2668 303 39 accompagne-

113 2737 148 31 ments
296 2740 54 27 en
371 2725 381 41 faux-bourdons.
778 2724 99 41 Elle
901 2738 115 27 nous
1037 2740 22 25 a
1081 2725 149 41 donne
1253 2737 92 28 :,un
1371 2722 303 57 Totapulchra
1695 2737 42 26 es
1760 2723 53 41 de
1838 2721 211 51 Gounod,
2070 2726 76 50 qui

113 2794 88 43 m'a
225 2796 172 52 surpris
416 2809 82 39 par
517 2808 47 26 sa
589 2794 199 41 douceur
826 2803 41 31 et
907 2807 87 27 une
1028 2794 242 52 simplicité
1297 2806 97 27 rare
1430 2793 113 40 dans
1576 2792 63 40 les
1679 2805 177 27 œuvres
1881 2792 265 51 religieuses

113 2866 79 40 des
214 2874 183 31 auteurs
418 2864 240 41 modernes
679 2876 8 36 ;
712 2864 118 52 puis,
856 2878 61 26 un
942 2863 93 41 Ave
1079 2878 146 26 verum
1249 2863 54 40 de
1345 2862 191 47 Mozart,
1582 2876 60 26 un
1679 2874 87 40 peu
1802 2861 192 41 théâtral
2030 2864 115 39 mais

113 2935 91 41 bon
223 2934 268 53 cependant,
517 2942 40 31 et
581 2931 122 42 enfin
724 2947 59 26 un
805 2938 88 35 très
911 2933 161 53 simple
1096 2942 40 31 et
1162 2938 88 35 très
1272 2932 218 50 religieux
1520 2930 183 40 Tantum
1736 2944 122 39 ergo.
1885 2929 169 42 Toutes
2075 2944 70 27 ces

113 3018 178 27 œuvres
312 3013 76 32 ont
424 3008 69 35 été
513 3008 88 35 très
621 3001 105 41 bien
743 3002 214 40 chantées
977 3015 81 38 par
1090 3013 88 28 une
1220 2998 204 41 Maîtrise
1444 2997 291 51 nombreuse,
1762 2996 105 42 bien
1906 3003 239 47 composée

114 3082 43 32 et
177 3075 76 50 qui
277 3076 146 49 paraît
447 3085 55 27 en
526 3071 270 41 excellentes
829 3072 164 39 mains.

171 3141 197 51 L'orgue
407 3140 86 41 m'a
540 3140 236 53 beaucoup
810 3140 93 53 plu,
946 3147 176 33 surtout
1170 3142 22 36 à
1231 3137 25 41 Y
1262 3139 218 54 offertoire
1518 3143 42 32 et
1595 3149 56 25 au
1696 3147 212 27 morceau
1945 3132 107 41 final
2092 3133 53 40 de

115 3212 41 40 la
178 3224 163 33 messe,
366 3224 87 38 que
474 3222 241 40 personne,
740 3213 21 36 à
780 3222 87 39 peu
891 3214 118 47 près,
1028 3207 70 41 n'a
1124 3206 204 48 attendu,
1354 3205 115 40 mais
1488 3215 87 40 que
1594 3200 263 52 l'organiste
1881 3215 22 26 a
1927 3206 218 47 peut-être

115 3282 102 51 joué
239 3293 116 39 pour
378 3279 253 46 lui-même;
657 3286 41 32 et
722 3278 30 40 il
776 3292 22 26 a
825 3277 104 41 bien
948 3276 94 41 fait.

172 3382 237 42 AUXERRE.
520 3379 65 40 La
610 3378 258 41 cathédrale
889 3391 116 27 nous
1027 3389 137 28 ouvre
1188 3388 71 27 ses
1280 3375 160 39 hautes
1459 3370 186 41 arcades
1663 3378 42 32 et
1726 3382 71 27 ses
1821 3382 216 27 nervures
2061 3369 55 40 dé-

115 3452 155 40 licates
295 3466 10 34 ;
331 3451 64 39 les
411 3451 158 49 ogives
612 3447 209 41 latérales
858 3460 46 26 se
935 3446 149 40 lèvent
1107 3457 177 29 comme
1307 3443 77 39 des
1422 3440 191 41 sourcils
1650 3438 209 46 haussés,
1896 3447 42 31 et
1961 3438 188 40 laissent

118 3521 277 52 apercevoir,
422 3534 84 26 aux
532 3530 140 35 murs,
694 3516 79 41 des
792 3516 182 49 visages
996 3513 222 42 recueillis
1243 3513 53 39 de
1321 3511 153 50 clercs,
1500 3509 78 40 des
1612 3507 120 41 faces
1767 3508 305 50 grimaçantes
2095 3508 54 40 de
