3487 4356
1688 97 105 50 352

205 249 72 24 ▼on
303 236 155 36 beinahe
485 235 99 37 2000
611 236 199 36 Personen,
847 233 78 36 Der
951 245 129 35 grosse
1108 233 144 46 Sänger
1279 232 129 36 wurde
1436 233 60 37 bei
1519 233 167 46 jedesma-

203 297 114 45 ligem
344 297 195 34 Auftreten
579 294 67 34 mit
687 291 263 36 stürmischem
976 291 117 35 Jubel
1121 291 176 46 begrüsst
1336 292 76 35 und
1441 304 59 24 am
1528 291 181 35 Schlüsse

198 356 107 44 jedes
332 355 189 44 Gesanges
550 353 221 34 wiederholt
811 353 167 46 gerufen,
1020 351 97 34 nach
1162 350 82 35 dem
1272 351 183 47 Vortrage
1482 352 64 34 des
1574 350 135 35 Liedes

529 425 71 24 von
630 414 157 35 Anton
824 414 162 44 Meyer
1021 413 65 33 mit
1115 411 82 35 dem
1227 411 266 48 Componisten
1521 411 186 46 zugleich,

202 476 66 34 der
292 475 63 33 ihn
383 474 94 34 auch
506 484 59 23 am
593 473 215 35 Pianoforte
836 472 178 47 begleitet
1039 471 117 37 hatte.

276 534 70 34 Am
374 530 59 40 20.
464 533 163 35 October
654 533 73 45 gab
756 533 119 34 Karl
914 532 191 34 Formes
1148 542 85 24 zum
1261 532 137 34 Besten
1427 532 64 34 des
1518 529 191 36 Baufonds

201 593 64 35 der
290 603 119 23 neuen
437 591 261 35 katholischen
726 590 139 35 Kirche
893 590 36 33 in
959 590 121 33 seiner
1107 590 220 35 Vaterstadt
1368 590 233 35 Mülheim
1642 600 67 23 am

200 653 182 34 Rheine
422 653 60 33 ein
512 651 170 45 Concert,
724 653 36 33 in
788 650 180 34 welchem
995 661 39 23 er
1062 649 221 36 Schubert's
1621 649 54 35 Mo-

200 712 113 35 zart's
345 711 65 46 „In
439 712 125 34 diesen
593 711 159 46 heiligen
969 709 77 34 und
1075 711 121 44 einige
1226 710 133 35 Lieder
1386 711 68 34 mit

198 771 227 46 Begleitung
453 775 156 41 vortrug
647 771 74 33 und
755 771 38 33 in
825 770 64 34 der
915 769 186 46 gedrängt
1127 771 184 45 gefüllten
1338 769 303 44 Schützenhalle,
1670 771 37 32 in

198 830 160 36 welcher
397 832 96 33 auch
534 842 66 23 aus
641 830 99 33 Köln
781 830 82 34 eine
890 829 137 46 Menge
1072 841 72 23 von
1172 830 190 34 Zuhörern
1392 828 197 35 anwesend
1617 839 88 33 war,

198 893 105 33 einen
332 891 150 34 wahren
510 889 292 35 Enthusiasmus
831 889 218 36 hervorrief.
1090 889 84 35 Und
1203 891 67 32 mit
1296 889 132 35 Recht.
1468 889 108 34 Denn
1606 889 101 34 seine

198 962 93 34 ganz
311 948 266 47 exccptionelle
597 949 245 34 Bassstimme
870 948 65 35 hat
953 949 94 35 noch
1074 950 130 33 immer
1223 948 164 35 dieselbe
1415 949 125 34 reiche
1563 949 120 45 Klang-

198 1010 92 34 fülle
317 1008 76 34 und
421 1007 277 35 wohllautende
725 1008 122 41 Kraft,
877 1009 141 34 welche
1046 1009 76 33 ihm
1150 1009 124 33 seinen
1300 1008 82 34 Ruf
1404 1009 38 33 in
1471 1010 92 32 zwei
1587 1009 92 34 Welt-

197 1070 136 35 theilen
353 1067 217 46 geschaffen
593 1068 133 35 haben.
755 1072 42 33 In
824 1069 81 34 dem
925 1068 175 35 Concerte
1128 1068 133 34 wirkte
1290 1067 65 35 der
1382 1067 323 47 Sängerbund

195 1141 72 23 yon
296 1128 99 34 Köln
423 1129 78 42 mit,
545 1128 65 34 der
651 1134 110 29 unter
804 1129 64 34 der
911 1127 243 46 geschickten
1182 1128 165 45 Leitung
1382 1129 122 33 seines
1538 1128 167 45 jetzigen

195 1190 230 45 Dirigenten,
455 1188 64 35 des
548 1188 123 35 Herrn
701 1188 58 35 W.
789 1188 171 41 Bitter,
993 1187 168 35 mehrere
1180 1187 141 35 Stücke
1349 1191 170 41 vortrug,
1548 1199 73 24 von
1642 1187 41 34 de-

194 1260 70 23 nen
293 1248 107 34 Abt's
747 1246 76 34 und
849 1247 59 34 ein
936 1246 216 35 Volkslied:
1637 1247 67 34 das

195 1321 71 22 uns
293 1319 74 23 neu
395 1319 89 34 war,
515 1305 218 45 vorzüglich
759 1308 69 42 gut
847 1316 194 34 gesungen
1065 1305 140 38 wurde.
1232 1307 97 34 Herr
1356 1307 249 34 Bonewitz
1634 1318 69 23 aus

196 1368 225 36 Wiesbaden
461 1368 131 45 spielte
620 1365 245 35 Beethoven's
895 1365 306 36 Clavier-Sonate
1235 1368 38 33 in
1304 1367 144 36 F-moll
1472 1368 69 34 mit
1568 1367 115 35 befrie-

197 1428 176 47 digender
399 1426 181 36 Technik.
609 1426 77 33 Das
716 1424 159 35 Concert
901 1424 155 36 brachte
1084 1424 73 38 500
1187 1426 105 37 Thlr.
1321 1427 71 36 ein.

270 1488 47 36 K.
344 1488 194 34 Formes
579 1485 65 34 hat
672 1495 71 24 von
773 1484 55 35 Sr.
856 1484 141 35 Hoheit
1025 1486 81 34 dem
1134 1486 223 46 Herzoge
1395 1498 91 24 von
1514 1488 189 33 Nassau

195 1550 68 33 den
302 1546 370 36 Adolfs-Orden
714 1545 182 37 erhalten.
950 1547 70 33 Am
1062 1545 62 37 31.
1159 1546 165 36 October
1363 1547 125 34 reis'te
1531 1558 39 23 er
1612 1546 92 36 über

193 1609 99 35 Köln
321 1608 75 34 und
424 1606 154 35 Aachen
606 1605 96 35 nach
731 1605 212 45 London,
985 1618 58 23 wo
1084 1617 38 24 er
1162 1606 115 35 schon
1304 1618 60 23 am
1391 1606 156 35 Abende
1575 1606 63 34 des
1670 1605 32 35 1.

192 1669 208 35 November
426 1669 37 33 in
493 1667 53 35 St.
575 1667 160 33 Martins
764 1666 90 36 Hall
900 1667 168 42 auftritt;
1112 1667 59 33 für
1213 1667 57 34 die
1311 1667 170 45 dortigen
1521 1665 182 37 Concerte

192 1730 66 34 hat
284 1742 40 22 er
351 1729 58 34 ein
438 1728 258 46 Engagement
722 1726 58 36 bis
809 1738 86 23 zum
921 1727 149 34 Januar
1096 1726 38 36 k.
1163 1727 38 36 J.
1231 1739 281 34 angenommen.

268 1832 89 34 Man
387 1829 165 36 schreibt
579 1841 69 22 aus
678 1829 282 35 Hannover:
991 1830 42 34 In
1067 1830 163 35 Gläser's
1263 1830 157 47 „Adlers
1618 1830 60 33 fan-

193 1892 70 34 den
291 1891 201 35 besonders
520 1891 97 33 Herr
644 1890 226 34 Niemann
899 1890 77 34 und
1003 1891 178 34 Fräulein
1209 1891 200 35 Ferrari
1435 1891 149 35 reichen
1614 1890 65 34 Bei-

193 1953 80 35 fall.
301 1954 42 33 In
374 1952 63 35 der
463 1952 125 33 Partie
618 1950 65 34 des
706 1950 121 35 Anton
856 1950 133 35 hörten
1014 1952 65 34 wir
1108 1952 58 34 ein
1189 1964 321 33 neugewonnenes
1528 1951 172 47 Mitglied

192 2025 153 23 unserer
369 2011 143 44 Bühne,
552 2010 121 34 Herrn
702 2010 252 47 Schüller,
998 2010 75 45 der,
1115 2013 59 33 ein
1201 2013 93 34 noch
1319 2012 139 46 junger
1483 2012 129 46 Mann,
1642 2011 61 35 bei

192 2073 81 34 dem
301 2070 277 46 Gesanglehrer
603 2068 131 36 Koch
775 2070 38 33 in
853 2069 100 35 Köln
998 2072 101 33 seine
1139 2070 139 35 Schule
1304 2072 175 45 gemacht
1508 2072 77 36 hat.
1630 2070 71 37 Die

190 2133 153 34 Stimme
370 2133 49 32 ist
446 2130 104 35 nicht
577 2129 117 46 stark,
724 2129 90 35 aber
839 2130 259 45 umfangreich
1129 2132 77 34 und
1235 2131 268 36 wohllautend.
1538 2131 163 46 Vortrag

189 2191 76 34 und
293 2191 102 46 Spiel
422 2191 138 34 Hessen
582 2189 137 45 jedoch
759 2189 106 35 nicht
898 2190 138 46 gerade
1064 2192 72 33 auf
1158 2191 229 36 besonderen
1414 2192 121 35 Beruf
1555 2192 61 34 für
1642 2191 59 34 die

189 2251 131 35 Bühne
348 2251 218 35 schliessen.

268 2356 126 35 Ueber
421 2354 245 37 Kücken's
693 2355 234 45 Entlassung
967 2356 38 33 in
1042 2356 248 46 Stuttgart
1328 2355 142 36 erfährt
1496 2366 86 25 man
1604 2356 98 45 jetzt

190 2417 179 36 Näheres.
422 2417 51 33 Er
501 2415 66 35 hat
594 2415 67 34 das
689 2413 226 37 betreffende
944 2415 149 36 Gesuch
1133 2415 138 35 bereits
1300 2426 59 24 am
1388 2415 61 37 26.
1480 2415 220 47 September

192 2476 239 47 eingereicht,
460 2476 77 34 und
556 2486 58 23 am
633 2474 60 37 30.
717 2475 159 45 erfolgte
897 2475 59 34 die
977 2476 215 45 königliche
1213 2476 327 45 Erschliessung,
1559 2476 142 35 welche

190 2538 58 34 die
275 2537 231 44 Entlassung
533 2535 203 45 gewährte.
790 2537 69 33 Als
891 2537 172 45 einzigen
1099 2536 132 35 Grund
1274 2536 81 45 gibt
1382 2535 160 35 Kücken
1582 2535 119 36 selbst

190 2598 68 34 den
285 2608 60 35 an,
374 2608 41 22 er
442 2596 97 34 habe
566 2594 82 35 sich
677 2594 116 35 durch
823 2596 57 34 die
905 2596 69 35 Art
1000 2596 76 34 und
1109 2596 135 43 Weise,
1273 2597 70 33 wie
1371 2596 94 35 ohne
1491 2597 80 34 sein
1600 2596 75 35 Wis-

186 2671 78 31 sen,
292 2657 208 46 gleichsam
529 2655 120 35 hinter
677 2656 138 34 seinem
843 2657 166 42 Rücken,
1037 2657 58 35 ein
1125 2658 168 33 weiterer
1321 2655 286 47 Capellmeister
1634 2667 42 23 an-

189 2718 150 47 gestellt
364 2717 162 46 worden,
556 2716 187 45 gekränkt
772 2716 159 46 gefühlt,
960 2716 77 35 und
1067 2716 103 36 ziehe
1199 2728 38 23 es
1267 2728 77 31 vor,
1373 2728 49 24 zu
1448 2716 132 46 gehen,
1606 2718 94 34 statt

190 2780 76 35 sich
295 2779 171 34 weiteren
495 2778 258 45 Kränkungen
793 2781 263 32 auszusetzen.
1109 2778 130 35 Durch
1276 2779 127 34 seinen
1432 2778 161 46 Abgang
1621 2777 77 35 und

190 2839 68 36 den
284 2839 115 35 damit
426 2838 264 36 verbundenen
719 2838 178 34 Verzicht
923 2838 70 34 auf
1016 2839 59 33 ein
1103 2838 106 45 fixes,
1238 2838 253 35 bedeutendes
1519 2839 153 34 Einkom-

190 2911 82 24 men
301 2900 63 35 hat
392 2911 38 24 er
457 2901 58 33 ein
557 2900 37 33 in
630 2900 161 44 jetziger
818 2899 83 33 Zeit
940 2898 161 35 seltenes
1129 2899 162 46 Beispiel
1330 2900 180 44 gegeben,
1549 2900 69 34 wie
1658 2910 40 24 es

193 2961 92 34 doch
313 2959 95 36 noch
437 2960 158 33 Männer
623 2959 94 45 gibt,
759 2959 117 35 denen
907 2959 94 35 Geld
1028 2959 77 35 und
1134 2959 256 36 Geldeswerth
1418 2960 105 35 nicht
1549 2959 55 35 als
1633 2959 66 35 das

192 3021 165 34 Höchste
385 3020 198 34 erscheint.

269 3122 364 45 I®eter«f*us*g«
677 3123 70 34 Die
774 3123 228 45 Errichtung
1032 3123 101 35 eines
1161 3123 256 47 grossartigen
1446 3121 229 37 Conservato-

192 3185 114 34 riums
336 3185 57 32 für
422 3184 126 33 Musik
577 3185 34 31 in
640 3183 228 46 Petersburg
909 3184 146 34 Seitens
1090 3182 64 36 der
1182 3183 117 35 durch
1329 3184 79 33 ihre
1436 3182 257 35 bedeutenden

192 3244 367 43 Concertleistungen
599 3243 211 35 bekannten
856 3245 77 34 und
976 3243 127 37 bisher
1136 3248 110 32 unter
1273 3244 65 36 der
1364 3245 166 44 Leitung
1557 3243 120 35 Rubin-

190 3305 129 35 stein's
346 3304 253 45 gestandenen
621 3304 235 45 „russischen
1329 3306 52 33 ist
1407 3316 72 23 von
1509 3305 99 34 allen
1636 3304 42 35 be-

189 3364 203 36 treffenden
430 3365 229 32 Ministerien
696 3364 211 46 genehmigt
947 3365 149 35 worden
1136 3365 78 35 und
1255 3365 92 35 wird
1386 3365 96 35 nach
1523 3365 177 45 erfolgter

191 3426 204 35 Rückkehr
422 3426 64 33 des
514 3425 152 34 Kaisers
696 3436 67 23 aus
792 3425 62 35 der
881 3426 103 35 Krim
1015 3426 130 35 dessen
1167 3426 258 35 schliessliclie
1447 3426 251 45 Bestätigung

191 3488 187 44 erlangen.
407 3486 223 34 Rubinstein
674 3484 63 33 hat
778 3485 134 35 bereits
952 3487 57 33 die
1049 3487 195 34 förmliche
1271 3486 217 46 Einladung
1515 3486 183 42 erhalten,

192 3547 57 35 die
270 3547 264 46 Organisation
564 3545 75 34 und
670 3544 144 35 oberste
834 3546 188 36 Direction
1043 3547 119 35 dieses
1189 3559 133 31 neuen,
1350 3547 72 34 auf
1442 3546 126 36 reiche
1585 3546 91 35 Geld-

190 3608 117 34 mittel
336 3606 78 36 sich
444 3605 220 35 stützenden
692 3605 176 34 Instituts
897 3617 46 23 zu
980 3606 260 35 übernehmen.
1294 3606 195 35 Demnach
1517 3607 65 34 hat
1609 3605 84 36 sich

192 3668 215 34 Rubinstein
425 3666 269 43 entschlossen,
724 3666 126 33 seinen
870 3666 94 35 Plan
992 3668 99 33 einer
1119 3667 275 46 mehrjährigen
1413 3666 284 36 Concert-Tour

190 3727 233 47 aufzugeben
450 3725 76 35 und
553 3725 96 35 nach
679 3723 231 47 Petersburg
938 3726 343 37 zurückzukehren.

266 3850 115 33 Einen
407 3848 150 35 Bericht
585 3848 91 35 über
704 3848 58 34 die
791 3847 244 46 Aufführung
1063 3847 63 35 der
1157 3848 253 36 oratorischen
1438 3850 255 47 Composition

190 3920 70 24 von
289 3908 113 35 Hub.
429 3908 175 45 Engels
650 3919 46 23 zu
724 3908 49 36 M.
802 3908 312 34 Hartmann's
1143 3908 162 35 Gedicht
1347 3910 99 46 „Der
1472 3911 223 45 Untergang

190 3980 71 23 von
450 3968 37 34 in
515 3967 230 35 Mülheim
775 3979 55 23 an
859 3967 80 35 der
966 3967 131 36 Ruhr
1124 3970 150 34 müssen
1303 3970 68 35 wir
1397 3969 59 37 bis
1484 3981 66 24 zur
1577 3970 93 38 näch-

191 4033 79 30 sten
298 4028 176 36 Nummer
501 4039 211 33 versparen.

2129 3533 72 42 J>tc
2228 3533 324 41 IJueöerrijemildje

1767 3586 186 35 erscheint
1982 3585 115 46 jeden
2134 3586 171 45 Samstag
2345 3588 39 32 in
2427 3587 121 34 einem
2590 3598 146 35 ganzen
2769 3587 131 45 Bogen
2942 3585 69 34 mit
3044 3581 240 47 zwanglosen

1767 3637 193 46 Beilagen.
1991 3656 47 5 —
2066 3637 78 33 Der
2164 3636 382 47 Abonnementspreis
2565 3638 148 45 beträgt
2746 3638 60 33 für
2834 3638 64 33 das
2919 3634 186 45 Halbjahr
3132 3631 23 37 2

1767 3688 60 35 bei
1854 3688 72 34 den
1946 3688 48 34 IC.
2023 3698 140 36 preuss.
2185 3687 307 36 Post-Anstalten
2519 3687 24 37 2
2558 3688 103 35 Thlr.
2685 3688 22 36 5
2727 3688 81 46 Sgr.
2863 3687 94 33 Eine
2985 3683 169 36 einzelne
3172 3684 84 36 Num-

1767 3750 79 24 mer
1872 3737 24 37 4
1924 3738 81 46 Sgr.

1870 3790 124 34 Briefe
2021 3789 79 35 und
2117 3788 276 48 Zusendungen
2425 3789 92 36 aller
2534 3790 71 34 Art
2631 3788 151 36 werden
2809 3791 112 31 unter
2947 3786 64 36 der
3034 3786 163 36 Adresse
3225 3785 65 36 der

1767 3842 54 36 M.
1850 3840 536 47 DuMont-Schauberg'schen
2413 3840 302 47 Buchhandlung
2741 3840 39 33 in
2809 3840 101 34 Köln
2939 3839 161 34 erbeten.

1888 3926 349 32 Verantwortlicher
2265 3923 283 46 Herausgeber:
2578 3922 100 34 Prof.
2710 3920 35 35 L
2748 3946 12 11 ♦
2788 3920 173 46 Bischoff
2983 3922 40 33 in
3050 3920 114 37 Köln.

1842 3975 194 47 Verleger:
2067 3974 53 36 M.
2150 3972 424 48 DuMont-Schauberg'
2578 3972 89 36 sehe
2695 3972 299 47 Buchhandlung
3023 3973 40 34 in
3090 3971 117 37 Köln.

1801 4027 189 38 Drucker:
2021 4025 53 37 M.
2104 4024 411 49 DuMont-Schauberg
2543 4026 39 34 in
2609 4023 114 46 Köln,
2760 4024 240 37 Breitstrasse
3029 4022 49 39 76
3103 4035 35 25 u.
3169 4022 63 40 78»

1882 342 75 36 Die
1983 341 397 48 Pianoforte-Fabrik
2407 357 72 23 von
2505 345 204 47 Holling
2742 345 84 36 und
2863 345 352 50 Spangenberg
3248 348 43 37 in

1780 392 112 44 Zeitz,
1920 393 134 36 welche
2079 395 114 35 schon
2220 395 41 35 in
2289 395 73 36 den
2390 397 291 46 Ausstellungen
2707 409 46 23 zu
2780 399 203 44 München,
3018 399 123 36 Gotha
3143 427 8 16 ,
3181 401 112 45 Mag-

1779 444 141 47 deburg
1948 444 82 36 und
2049 445 93 46 jetzt
2167 446 138 36 wieder
2340 447 40 35 in
2418 447 162 35 Weimar
2607 446 337 49 Auszeichnungen
2971 449 82 37 und
3080 450 211 37 Medaillen

1779 495 143 45 erhielt,
1962 496 84 34 und
2080 496 92 35 über
2198 498 133 35 welche
2364 497 61 36 die
2451 498 210 36 Illustrirte
2687 498 159 47 Zeitung
2873 512 83 23 vom
2983 504 61 32 19.
3074 501 89 37 Juli
3190 503 103 35 1856

1780 546 113 35 einen
1919 546 290 47 ausführlichen
2235 548 157 36 Bericht
2419 548 152 36 enthielt
2674 550 99 35 diese
2801 550 147 36 Fabrik
2977 551 67 35 hat
3077 553 70 35 seit
3171 552 121 36 ihrem

1778 609 83 23 nun
1886 598 341 47 zwanzigjährigen
2252 599 185 36 Bestehen
2465 600 109 35 einen
2600 613 39 22 so
2663 602 256 45 grossartigen
2942 602 259 48 Aufschwung
3227 615 62 36 ge-

1778 660 182 31 nommen,
2002 649 88 35 dass
2121 649 93 46 jetzt
2248 651 92 34 über
2371 653 76 33 150
2475 651 174 35 Arbeiter
2689 651 42 36 in
2768 652 83 35 dem
2883 653 313 44 Fabrikgebäude
3232 653 59 38 be-

1776 698 181 47 schäftigt
1983 700 162 35 werden.
2249 701 118 35 Hatte
2393 701 61 36 ich
2480 701 67 36 hin
2574 702 83 35 und
2683 703 139 35 wieder
2852 703 239 47 Gelegenheit
3093 733 9 16 ,
3132 705 58 35 bei
3215 705 76 36 den

1777 750 281 46 tafelförmigen
2085 750 149 47 Pianof
2235 753 86 34 orte''
2324 765 16 23 s
2366 753 82 35 und
2475 752 73 36 den
2575 752 198 36 Pianino's
2802 754 60 36 die
2893 755 250 36 Fortschritte
3170 756 124 36 dieser

1780 800 146 35 Fabrik
1952 801 150 36 kennen
2127 814 47 23 zu
2201 803 144 44 lernen,
2372 816 39 23 so
2439 804 108 35 ward
2573 804 59 35 ich
2659 805 196 46 wahrhaft
2880 806 234 44 überrascht,
3143 807 58 35 als
3227 807 61 35 ich

1771 851 93 46 jetzt
1907 852 57 34 bei
1998 852 119 35 einem
2143 853 168 36 Besuche
2353 855 122 35 dieser
2501 855 148 35 Fabrik
2689 867 38 23 so
2766 857 233 46 vorzügliche
3035 857 261 36 Instrumente

1777 902 161 35 daselbst
1963 903 180 46 vorfand,
2174 904 88 35 dass
2291 916 35 24 es
2352 906 73 34 mir
2451 919 70 22 zur
2548 906 229 36 besonderen
2804 907 281 48 Befriedigung
3109 908 177 47 gereicht,

1778 954 214 47 Folgendes
2020 954 150 36 hiermit
2196 956 189 45 Öffentlich
2413 957 68 35 der
2519 957 192 36 Wahrheit
2734 963 145 41 gemäss
2907 960 311 44 auszusprechen.

1878 1005 117 35 Jeder
2022 1006 174 43 einzelne,
2236 1020 46 22 zu
2310 1007 74 36 den
2412 1007 284 37 Instrumenten
2732 1009 273 45 erforderliche
3041 1009 109 37 Theil
3189 1011 99 36 wird

1776 1056 82 35 hier
1883 1056 42 35 in
1948 1056 166 46 gleicher
2151 1058 330 35 Vollkommenheit
2502 1060 187 47 gefertigt,
2730 1061 67 34 wie
2829 1061 69 35 ihn
2927 1060 60 36 die
3013 1061 274 36 berühmtesten

1776 1107 193 35 Fabriken
1988 1108 77 46 für
2092 1108 60 35 die
2173 1108 439 38 Instrumentenmacher
2635 1112 151 46 liefern.
2813 1114 85 34 Das
2919 1112 184 36 Aeussere
3131 1112 71 36 der
3221 1113 69 35 In-

1774 1164 204 30 strumente
2004 1159 48 35 ist
2086 1159 126 35 höchst
2242 1161 301 45 geschmackvoll
2582 1162 82 35 und
2702 1163 67 34 mit
2806 1163 70 36 der
2913 1166 172 45 grössten
3114 1163 176 48 Sorgfalt

1773 1215 114 29 unter
1905 1209 363 48 Berücksichtigung
2289 1211 69 35 der
2383 1218 178 29 neuesten
2593 1212 324 49 Verbesserungen
2940 1215 69 34 das
3030 1215 146 35 Innere
3203 1228 85 22 aus-

1771 1260 163 47 geführt.
1974 1260 207 36 Vermittels
2209 1262 68 35 der
2303 1263 172 35 eisernen
2502 1261 191 47 Spreizen,
2723 1265 69 35 der
2811 1267 282 45 Metallplatten
3119 1266 84 36 und
3223 1267 63 35 des

1774 1312 172 35 eisernen
1974 1312 253 36 Stimmstocks
2266 1314 48 34 ist
2352 1313 59 35 die
2441 1313 210 48 Stimmung
2688 1315 81 35 eine
2809 1317 230 42 dauerhafte
3072 1317 84 36 und
3173 1318 115 45 feste.

1774 1362 74 35 Die
1868 1362 145 47 Pianof
2013 1365 108 34 orte's
2140 1364 83 35 und
2241 1364 198 36 Pianino's
2466 1366 124 35 lassen
2618 1379 52 22 an
2693 1365 212 47 Schönheit,
2933 1368 183 44 Zartheit,
3148 1369 140 35 Elasti-

1776 1414 98 44 citäty
1903 1428 51 22 an
1986 1414 343 48 Gleichmässigkeit
2354 1416 81 35 und
2461 1416 115 36 Fülle
2604 1416 64 36 des
2698 1416 128 48 Tones,
2867 1419 55 34 sei
2949 1431 36 23 es
3011 1420 42 35 in
3081 1420 69 35 der
3176 1419 115 36 Höht

1776 1465 91 35 oder
1893 1465 41 36 in
1963 1466 69 35 der
2065 1467 119 47 Tiefe,
2223 1479 39 23 so
2290 1467 67 35 wie
2385 1481 50 22 an
2466 1468 311 47 Nachhaltigkeit
2803 1469 65 36 des
2896 1470 170 47 Klanges
3093 1470 122 36 nichts
3242 1483 46 23 zu

1774 1517 200 36 wünschen
2002 1518 118 46 übrig.
2173 1518 135 35 Durch
2336 1519 73 35 den
2435 1519 264 47 vorzüglichen
2726 1521 282 36 Mechanismus
3035 1522 47 34 ist
3110 1522 70 34 der
3207 1524 79 33 An-

1774 1567 127 48 schlag
1928 1569 83 35 und
2038 1569 60 35 die
2123 1568 169 46 Spielart
2317 1569 129 36 höchst
2472 1571 210 46 angenehm
2709 1572 82 35 und
2816 1573 132 35 sicher.
2986 1572 117 36 Jeder
3139 1573 82 35 Ton
3248 1573 41 35 in

1775 1619 74 36 den
1876 1619 290 37 verschiedenen
2194 1621 198 46 Beyislern
2426 1622 83 35 und
2541 1625 174 40 Octaven,
2759 1623 57 35 bei
2842 1623 189 37 schnellen
3059 1623 91 37 oder
3177 1623 107 48 lang-

1774 1683 129 23 samen
1931 1670 207 48 Passagen,
2167 1673 67 34 mit
2259 1673 234 46 Bindungen
2522 1674 91 35 oder
2641 1673 217 48 Staccato's,
2900 1676 144 45 spricht
3078 1674 112 36 leicht
3221 1686 66 26 an.

1774 1722 83 35 Der
1884 1722 150 46 Spieler
2059 1723 48 34 ist
2134 1723 120 36 daher
2280 1724 50 34 im
2359 1723 158 48 Stande,
2556 1737 73 23 von
2657 1726 83 34 dem
2773 1726 170 36 leisesten
2970 1726 126 36 Piano
3125 1726 53 35 bis
3204 1739 85 22 zum

1773 1773 190 37 stärksten
1990 1775 117 35 Forte
2136 1775 91 45 jede
2264 1774 259 48 Nuancirung
2562 1775 83 36 und
2685 1776 60 36 die
2783 1778 325 35 verschiedensten
3144 1778 143 45 Effecte

1773 1824 89 35 klar
1887 1825 84 36 und
1997 1826 163 36 deutlich
2194 1825 355 49 hervorzubringen,
2592 1829 125 34 zumal
2757 1828 60 35 die
2853 1829 230 47 Dämpfung
3123 1829 167 35 überaus

1766 1876 135 44 präcis
1926 1877 59 37 ist.
2016 1879 85 32 Für
2128 1878 97 34 diese
2248 1884 128 40 guten,
2394 1879 304 47 preiswürdigen
2713 1879 256 37 Instrumente
2996 1879 98 37 wird
3118 1879 168 47 zugleich

1774 1927 81 36 eine
1882 1928 237 47 dreijährige
2149 1929 188 35 Garantie
2361 1930 174 46 geleistet.

1877 1979 216 36 Scortleben
2120 1981 57 35 bei
2214 1980 184 47 Weissenf
2399 1982 61 44 eis,
2490 1982 73 35 den
2590 1985 35 32 1.
2656 1981 214 46 September
2900 1985 115 36 1861♦

2693 2033 52 35 H.
2787 2033 179 46 Weber,
3004 2032 180 47 Pfarrer.

1874 2118 61 34 Im
1973 2118 158 48 Verlage
2158 2132 73 24 von
2261 2121 138 35 Ferd.
2430 2120 271 36 Schneider
2727 2121 41 35 in
2795 2121 138 37 Berlin
2954 2121 335 47 (Victoi~iastraBss

1771 2168 68 46 11)
1867 2169 191 36 erschien:

1841 2232 346 68 E*etwe
2231 2252 219 48 vom
2499 2233 59 66 €
2560 2236 9 26 l
2570 2234 640 84 onlrapunhM*

2182 2331 103 51 dem
2316 2333 156 49 Canon
2504 2333 92 49 und
2626 2333 80 49 der
2734 2335 144 65 Fuge.

1821 2408 120 40 Nebst
1976 2412 194 47 Analysen
2207 2426 74 23 von
2316 2413 176 46 Duetten,
2532 2415 199 35 Terzetten
2759 2418 69 35 etc.
2857 2415 78 37 und
2963 2416 159 48 Angabe
3160 2429 73 24 von

2234 2465 315 38 Muster-Canons
2578 2467 77 34 und
2682 2467 146 46 Fugen.

2279 2525 80 36 Von
2383 2525 56 38 S.
2479 2526 76 35 W.
2579 2527 203 35 JDefiM.

1843 2584 81 35 Aus
1952 2585 69 35 den
2051 2586 296 34 hinterlassenen
2375 2586 284 45 Manuscripten
2686 2585 209 36 bearbeitet
2922 2586 78 36 und
3026 2587 181 47 geordnet

2196 2658 73 23 von
2298 2646 307 37 Bernhard
2635 2646 221 36 Scholz.

2126 2706 80 36 Ein
2234 2706 120 36 Band
2377 2720 59 33 gr.
2466 2709 36 33 8.
2563 2711 20 31 1
2622 2706 106 36 Thlr.
2756 2709 51 35 20
2836 2707 89 47 Sgr.

1807 2792 293 75 jSötttmluttij
2141 2793 367 75 jtt)eißtntmtoer
2547 2794 171 59 fieber
2756 2796 94 56 mtb
2895 2794 225 75 ©efange
3158 2798 92 57 mit

2263 2881 524 73 Clflmer-JBegleitmuj.

1885 2966 93 34 Zum
2008 2967 223 36 Gebrauche
2257 2970 60 33 für
2343 2968 139 36 höhere
2509 2968 323 36 Töchterschulen
2860 2967 209 37 bearbeitet
3095 2969 79 34 und

2375 3021 308 46 herausgegeben

2307 3092 74 24 von
2421 3080 64 37 A.
2529 3081 218 45 Haupt.

2050 3141 146 44 Zweite,
2224 3141 207 36 vermehrte
2458 3141 161 47 Auflage
2623 3168 6 8 .
2660 3141 64 35 Kl.
2753 3143 36 34 8.
2833 3144 51 33 10
2911 3139 86 49 Sgr.

1873 3227 84 35 Alle
1983 3227 43 36 in
2054 3227 123 36 dieser
2205 3227 308 47 Musik-Zeitung
2541 3227 278 45 besprochenen
2858 3227 83 35 und
2976 3226 310 46 angekündigten

1770 3278 229 36 Musicalien
2028 3285 63 29 etc.
2129 3279 89 35 sind
2251 3292 47 22 zu
2336 3279 172 36 erhalten
2535 3279 41 35 in
2603 3279 69 35 der
2698 3285 86 29 stets
2811 3278 228 47 vollständig
3064 3278 224 35 assortirten

1769 3330 464 47 Musicalien-Handlung
2259 3331 84 35 und
2359 3331 243 35 Leihanstalt
2628 3343 73 23 von
2722 3330 312 36 BERNHARD
3054 3328 234 36 BREUER

1767 3380 42 37 in
1837 3382 116 44 Köln,
1988 3394 129 35 grosse
2145 3382 245 46 Budengasse
2420 3383 72 35 Nr.
2522 3387 35 42 1,
2600 3395 40 23 so
2683 3382 67 36 wie
2791 3381 58 36 bei
2888 3382 36 34 J.
2956 3380 83 36 FR.
3081 3380 204 43 WEBER,

1769 3434 330 46 Appellhofsplatz
2128 3434 74 37 Nr,
2230 3436 62 33 22.
