2654 4252
1094 409 246 36 BULLETIN
1367 406 245 44 FRANÇAIS
1637 405 64 34 DE
1729 405 61 33 LA
1816 402 40 36 S.
1886 402 29 34 I.
1945 402 50 33 M.

553 409 95 54 468

551 586 24 27 «
616 570 177 55 quelles
820 580 79 32 ces
927 565 219 46 rouleaux
1172 576 60 32 ou
1261 561 228 46 notations
1516 567 103 37 sont
1647 557 253 54 fabriqués.
1934 572 24 25 »
1990 553 90 46 Les
2108 553 88 46 lois
2221 552 155 47 suisse
2405 552 70 54 (i)
2504 565 42 37 et

548 639 311 52 monégasque
885 632 67 52 (2)
981 645 59 30 ne
1065 631 154 44 valent
1246 642 81 42 pas
1352 628 169 45 mieux.
1550 627 103 43 Aux
1680 622 268 46 Etats-Unis
1975 622 68 43 les
2070 621 227 44 solutions
2324 628 104 37 sont
2455 625 90 44 très

550 701 321 47 défavorables
906 711 87 30 aux
1030 696 336 54 compositeurs
1403 693 85 55 (3).
1530 692 141 46 Seule
1709 688 164 51 l'ltalie
1910 688 181 45 semble
2128 687 128 44 avoir
2295 686 95 54 pris
2427 689 96 45 réso-

550 769 172 45 lument
744 768 42 43 le
806 764 114 57 parti
943 766 82 44 des
1047 763 252 44 musiciens
1314 781 9 33 ;
1348 763 69 42 les
1439 760 242 46 tribunaux
1704 757 67 54 (4)
1797 755 297 46 considèrent
2115 767 115 32 avec
2250 754 123 53 juste
2396 754 149 48 raison

548 838 68 42 les
646 832 347 57 reproductions
1026 834 24 42 à
1084 830 137 45 l'aide
1254 830 83 45 des
1370 829 302 46 instruments
1705 824 301 53 mécaniques
2038 834 182 32 comme
2255 821 84 45 des
2372 829 150 39 contre-

547 903 173 53 façons,
750 914 56 29 en
835 899 272 54 s'appuyant
1133 910 80 31 sur
1240 896 68 45 les
1334 895 232 56 principes
1594 895 232 53 généraux
1854 891 57 43 de
1940 890 41 43 la
2009 889 58 44 loi
2095 890 57 43 de
2187 887 120 46 1882
2339 886 85 56 (5).
2456 889 89 47 Car

551 984 23 25 «
614 981 89 41 peu
734 967 208 54 importe,
974 979 57 30 au
1061 965 126 55 point
1215 965 57 43 de
1300 976 92 32 vue
1422 964 58 43 du
1511 961 206 55 principe
1747 957 76 56 qui
1854 965 71 37 est
1954 960 26 40 à
2009 957 42 43 la
2081 957 112 43 base
2225 956 57 43 de
2314 955 40 44 la
2385 955 75 54 loi,
2493 957 53 46 de

548 1051 23 27 «
612 1035 152 44 savoir
795 1047 80 41 par
904 1033 105 55 quel
1041 1032 135 46 mode
1207 1032 42 46 la
1280 1039 107 36 note
1417 1037 71 37 est
1519 1042 58 31 ou
1609 1035 108 48 peut
1748 1028 98 44 être
1877 1023 310 47 transformée
2220 1036 57 31 en
2310 1035 84 32 son
2429 1040 41 35 »,
2504 1032 42 38 et

548 1119 24 25 «
613 1101 178 56 quelles
820 1114 89 41 que
939 1100 149 44 soient
1117 1100 69 44 les
1214 1097 283 46 différences
1525 1093 283 46 matérielles
1839 1091 139 56 qu'on
2009 1097 110 48 peut
2149 1088 165 46 établir
2345 1097 131 38 entre
2507 1091 38 45 le

548 1186 24 25 ((
613 1181 165 42 moyen
802 1167 212 54 employé
1040 1180 79 41 par
1144 1167 42 43 la
1209 1164 202 46 notation
1437 1162 256 56 graphique
1715 1174 80 31 sur
1821 1160 67 44 les
1914 1167 182 37 cartons
2122 1157 213 54 perforés
2361 1164 45 37 et
2430 1158 115 46 celui

550 1252 22 24 «
613 1235 152 45 utilisé
799 1248 80 41 par
909 1233 310 54 l'impression
1252 1243 260 38 commune,
1549 1229 29 43 il
1613 1235 71 39 est
1717 1227 172 45 certain
1924 1238 91 42 que
2048 1224 43 46 le
2126 1225 80 43 but
2239 1230 72 38 est
2344 1224 202 53 toujours

550 1319 22 26 «
613 1303 43 44 le
683 1304 154 42 même
863 1314 56 32 en
950 1314 53 31 ce
1031 1313 109 32 sens
1169 1299 111 53 qu'il
1310 1296 327 55 communique
1666 1296 42 44 la
1737 1296 175 54 pensée
1942 1294 60 44 du
2033 1291 227 46 musicien
2292 1299 44 37 et
2367 1291 110 55 qu'il
2508 1294 38 44 la

550 1385 24 26 «
613 1370 113 43 rend
750 1368 256 44 accessible
1031 1369 24 42 à
1080 1374 117 37 tous.
1229 1381 24 26 »

642 1435 64 44 La
734 1435 223 43 tendance
986 1432 346 54 généralement
1360 1431 209 53 adoptée,
1601 1442 57 31 au
1688 1428 247 44 détriment
1964 1427 60 45 du
2053 1425 244 53 musicien,
2329 1432 71 38 est
2429 1426 95 46 inex-

547 1501 196 54 plicable
774 1508 46 36 et
851 1498 330 46 inadmissible.
1219 1497 128 44 Nous
1380 1508 146 32 avons
1558 1493 292 56 aujourd'hui
1883 1507 93 31 une
2009 1493 157 45 notion
2201 1506 135 32 assez
2369 1493 177 54 précise

547 1569 57 44 de
631 1568 39 43 la
697 1566 229 56 propriété
952 1566 239 53 artistique
1218 1577 114 42 pour
1357 1563 284 46 déterminer
1666 1576 109 30 sans
1802 1561 176 45 hésiter
2004 1562 70 43 les
2102 1561 143 44 droits
2273 1561 57 44 de
2358 1561 189 47 l'artiste

546 1643 45 36 et
616 1647 58 32 ne
698 1648 80 40 pas
802 1647 117 30 nous
945 1632 162 44 laisser
1133 1632 316 44 embarrasser
1473 1643 81 42 par
1580 1629 68 45 les
1672 1629 287 55 prétentions
1985 1628 279 54 injustifiées
2289 1628 84 44 des
2399 1628 124 46 indus-

546 1699 141 46 triels.
724 1699 229 55 Pourquoi
986 1699 117 43 donc
1134 1705 96 37 tant
1262 1698 57 44 de
1350 1698 153 52 luttes,
1538 1704 96 38 tant
1665 1696 58 44 de
1754 1695 219 45 chicanes
2005 1703 46 38 et
2082 1703 96 37 tant
2209 1695 60 43 de
2301 1694 246 47 difficultés

546 1775 162 37 autour
736 1765 140 46 d'une
905 1765 211 55 question
1148 1765 108 44 dont
1286 1765 41 43 la
1356 1764 199 45 solution
1586 1762 179 46 devrait
1795 1765 98 43 être
1922 1765 97 43 très
2049 1761 205 56 simple?
2287 1761 36 45 Il
2354 1769 70 38 est
2455 1762 92 46 vrai

547 1849 89 40 que
658 1835 41 44 la
721 1834 349 54 jurisprudence
1094 1832 230 54 française
1347 1846 53 32 se
1423 1839 164 38 trouve
1611 1834 149 52 gênée
1783 1844 81 42 par
1888 1831 45 46 le
1955 1837 125 39 texte
2104 1831 58 45 de
2188 1830 43 44 la
2255 1830 61 44 loi
2342 1830 58 46 de
2429 1830 118 47 1866

546 1902 76 55 qui
647 1901 145 46 aurait
818 1901 73 52 dû,
919 1901 163 53 depuis
1107 1901 259 53 longtemps
1390 1900 117 53 déjà,
1535 1901 99 43 être
1658 1900 187 52 abrogé.
1873 1897 72 46 Ce
1972 1897 69 46 fut
2065 1911 92 33 une
2184 1897 60 46 loi
2272 1897 273 55 d'occasion,

546 1969 180 45 dénuée
755 1969 57 44 de
839 1968 269 45 fondement
1134 1967 245 55 juridique,
1411 1968 137 43 votée
1574 1980 110 31 sans
1712 1973 130 38 autre
1870 1966 154 44 raison
2055 1978 91 42 que
2174 1966 121 44 celle
2323 1966 223 44 d'obtenir

546 2036 42 44 la
613 2036 232 53 signature
872 2034 109 45 d'un
1008 2034 132 45 traité
1167 2034 58 45 de
1251 2047 261 32 commerce
1538 2041 313 47 avantageux;
1881 2046 81 42 par
1988 2032 106 53 elle,
2124 2033 44 43 le
2196 2032 118 45 droit
2342 2032 205 45 d'auteur

546 2116 26 31 a
603 2104 75 43 été
708 2102 422 45 inconsidérément
1160 2102 183 44 sacrifié
1375 2104 25 43 à
1432 2103 83 44 des
1547 2102 191 44 intérêts
1770 2100 358 54 commerciaux,
2164 2108 45 38 et
2242 2099 31 46 il
2307 2107 71 38 est
2410 2100 136 55 grand

546 2176 150 47 temps
729 2169 56 43 de
819 2171 187 51 réparer
1039 2175 120 38 cette
1192 2169 214 53 injustice
1440 2169 85 53 (6).
1564 2168 135 54 Mais,
1737 2168 229 54 dira-t-on,
2005 2169 42 43 la
2081 2168 302 55 suppression
2419 2168 57 45 de
2509 2168 37 45 la

648 2335 57 45 (1)
734 2333 76 37 Loi
833 2335 55 35 du
913 2344 47 36 23
985 2335 108 36 avril
1119 2337 112 43 1883,
1257 2333 147 37 article
1428 2333 56 38 11.
1519 2345 17 25 «
1557 2333 63 37 Ne
1644 2333 262 38 constituent
1928 2345 78 37 pas
2027 2344 82 26 une
2131 2331 209 39 violation
2364 2333 56 36 du
2444 2331 102 39 droit

550 2399 17 25 «
594 2388 193 36 d'auteur
813 2399 8 25 :

657 2453 18 24 «
687 2451 37 26 11
738 2450 17 17 0
770 2441 61 36 La
847 2443 295 45 reproduction
1161 2443 51 36 de
1231 2441 302 47 compositions
1550 2440 221 39 musicales
1787 2453 78 37 par
1875 2443 59 36 les
1947 2443 137 37 boîtes
2102 2441 26 36 à
2140 2440 194 50 musique
2352 2444 42 34 et
2413 2444 133 34 autres

541 2495 275 38 instruments
837 2495 236 47 analogues.
1103 2509 18 24 »

652 2556 57 45 (2)
739 2556 277 36 Ordonnance
1039 2556 248 37 souveraine
1310 2556 56 36 du
1390 2566 50 35 27
1462 2554 152 38 février
1641 2557 111 44 1889,
1777 2561 79 33 art.
1885 2567 61 36 17,
1969 2560 19 44 §
2013 2567 34 36 3.

654 2620 19 24 «
699 2608 106 36 Mais
834 2609 41 35 la
913 2609 252 38 fabrication
1207 2614 42 32 et
1264 2610 41 35 la
1322 2613 126 33 vente
1473 2610 72 36 des
1579 2609 279 38 instruments
1889 2615 173 33 servant
2095 2611 26 37 à
2152 2610 242 48 reproduire
2418 2611 102 37 méca-

551 2674 18 24 «
595 2661 244 49 niquement
866 2663 72 35 des
966 2662 83 38 airs
1077 2665 50 35 de
1155 2663 193 48 musique
1376 2664 243 47 empruntés
1646 2676 54 24 au
1729 2664 197 38 domaine
1953 2665 120 48 privé
2100 2677 53 25 ne
2188 2665 261 38 constituent
2475 2675 70 39 pas

553 2728 17 24 «
597 2716 37 35 le
661 2715 79 37 fait
772 2717 52 35 de
852 2718 268 47 contrefaçon
1139 2717 213 39 musicale.
1382 2730 18 23 »

652 2777 58 45 (3)
738 2775 108 37 Cour
866 2778 200 46 suprême,
1089 2789 53 35 24
1160 2777 150 37 février
1335 2780 112 42 1908.

654 2838 58 45 (4)
740 2837 107 36 Cour
866 2838 167 48 d'appel
1051 2841 50 35 de
1119 2840 211 41 Florence,
1356 2848 51 26 i<*
1424 2838 136 48 juillet
1583 2849 112 37 1905.

734 2890 112 38 Trib.
866 2891 100 37 civil
984 2893 51 37 de
1053 2893 144 43 Milan,
1219 2895 20 34 8
1261 2893 152 36 février
1435 2894 111 44 1906,
1568 2904 50 36 27
1638 2893 135 49 juillet
1796 2896 113 44 1906.

733 2944 112 37 Trib.
870 2945 99 37 civil
991 2947 51 36 de
1063 2946 200 49 Bologne,
1294 2956 15 26 l
1315 2955 16 19 e
1331 2957 14 18 *
1366 2947 152 36 février
1545 2957 113 37 1907.

654 3006 58 46 (5)
740 3005 55 36 Ce
812 3017 194 26 nouveau
1025 3008 139 47 projet
1185 3008 50 36 de
1253 3006 60 38 loi
1331 3008 161 36 déclare
1512 3010 309 46 expressément
1841 3011 107 35 dans
1967 3022 75 26 son
2062 3012 146 37 article
2232 3021 17 38 5
2272 3024 81 36 que
2371 3013 37 35 le
2443 3010 100 38 droit

548 3060 56 35 du
629 3059 276 46 compositeur
929 3061 233 50 s'applique
1186 3062 26 36 à
1242 3074 18 24 «
1280 3061 42 37 la
1343 3062 298 47 reproduction
1663 3067 44 33 et
1728 3064 252 38 l'exécution
2003 3065 221 39 musicales
2251 3067 204 37 obtenues
2476 3074 68 40 par

555 3125 18 24 «
599 3112 72 37 des
690 3123 172 36 moyens
881 3114 276 49 mécaniques.
1188 3127 19 25 »

652 3166 66 35 En
738 3166 246 45 Roumanie,
993 3168 320 48 l'avant-projet
1333 3170 50 35 de
1400 3168 59 37 loi
1477 3180 70 26 sur
1564 3170 38 36 le
1620 3170 112 38 droit
1748 3172 194 37 d'auteur
1961 3172 166 40 décide:
2148 3175 133 37 «Sont
2298 3173 245 39 considérées

556 3231 17 24 «
600 3229 160 29 comme
779 3219 180 45 illicites,
981 3222 59 36 les
1059 3222 319 47 reproductions
1399 3224 72 36 des
1494 3234 162 26 œuvres
1677 3225 220 37 musicales
1917 3238 78 36 par
2014 3228 59 36 les
2092 3227 277 40 instruments
2391 3229 52 37 de
2462 3238 54 29 mu-

556 3285 18 24 «
599 3272 117 48 sique
741 3273 264 49 mécaniques
1032 3275 207 47 (aristons,
1266 3276 205 47 pianolas,
1498 3279 141 45 etc...),
1667 3290 77 36 par
1768 3279 59 37 les
1851 3281 335 49 phonographes.
2222 3295 17 24 »

656 3334 57 45 (6)
743 3333 35 35 Il
811 3334 91 36 faut
934 3335 151 47 rejeter
1115 3337 255 36 résolument
1402 3337 59 36 les
1493 3338 205 38 solutions
1731 3342 52 35 de
1816 3341 270 39 conciliation
2119 3347 223 45 proposées
2375 3347 93 35 tant
2499 3352 43 27 en

548 3386 241 48 Allemagne
807 3389 157 45 qu'aux
981 3389 261 44 Etats-Unis,
1253 3390 205 37 solutions
1475 3391 72 49 qui
1565 3393 236 38 tendraient
1820 3395 25 36 à
1861 3396 152 37 établir
2028 3409 58 25 un
2105 3400 182 46 système
2296 3400 51 36 de
2364 3399 176 39 licences,

549 3450 103 26 avec
675 3441 251 37 redevances
950 3443 125 36 fixées
1099 3444 216 37 d'avance.
1341 3443 75 38 Ces
1440 3446 284 47 propositions
1747 3453 171 43 portent
1943 3450 181 38 atteinte
2149 3453 26 35 à
2197 3453 197 37 l'essence
2418 3452 123 39 même

550 3493 55 36 du
627 3493 110 37 droit
757 3495 193 36 d'auteur
969 3500 42 32 et
1030 3508 53 25 au
1104 3497 188 48 principe
1312 3499 52 35 de
1382 3499 42 36 la
1443 3498 149 38 liberté
1611 3502 72 35 des
1703 3507 201 33 contrats.
1926 3504 58 37 Le
2004 3506 211 38 fabricant
2236 3507 306 39 d'instruments

550 3547 264 48 mécaniques
839 3549 88 36 doit
955 3551 85 35 être
1065 3551 264 36 absolument
1354 3552 182 38 assimilé
1562 3554 26 36 à,
1610 3556 205 45 l'éditeur,
1843 3562 44 32 et
1910 3558 32 36 il
1964 3570 54 26 ne
2044 3560 91 36 doit
2159 3561 181 47 pouvoir
2364 3571 92 27 user
2479 3560 63 36 des

549 3611 163 25 œuvres
734 3601 219 39 musicales
976 3605 175 47 qu'avec
1173 3605 38 36 le
1235 3610 317 33 consentement
1574 3609 53 36 de
1649 3609 89 37 leur
1760 3615 164 35 auteur.
1949 3613 57 37 Ce
2029 3614 165 37 dernier
2218 3626 51 26 en
2293 3613 247 50 permettant

546 3654 14 34 1
576 3664 125 36 usage
721 3655 51 36 de
792 3666 46 26 sa
858 3656 190 50 musique
1068 3662 63 33 est
1149 3659 90 36 seul
1257 3661 150 36 maître
1427 3662 52 36 de
1498 3662 104 37 fixer
1620 3663 38 36 le
1677 3669 197 33 montant
1896 3667 51 35 de
1967 3668 42 36 la
2027 3669 232 37 redevance
2297 3669 104 49 qu'il
2420 3672 61 34 est
2498 3675 44 27 en

546 3707 108 37 droit
676 3709 194 47 d'exiger.
