2654 4252
188 1522 100 122 LA
364 1507 401 137 MÉMOIRE
837 1522 594 127 POLYGONALE
1512 1527 107 122 ET
1690 1527 107 122 LÀ
1868 1527 391 142 MUSIQUE

551 1981 221 53 'ÉTUDE
819 1983 71 54 de
922 1982 56 53 la
1018 1983 281 55 mémoire
1352 1985 296 54 constitue
1675 1985 123 56 l'un
1839 1986 97 55 des
1964 1986 295 71 chapitres

584 2061 80 54 les
712 2061 130 72 plus
886 2062 387 56 intéressants
1324 2065 70 54 de
1442 2063 58 55 la
1548 2065 377 71 psychologie
1973 2067 283 70 générale.

586 2141 124 56 Elle
745 2161 34 35 a
815 2143 93 54 été
945 2143 118 55 très
1113 2142 138 59 bien
1303 2145 144 56 faite
1498 2151 235 50 surtout
1784 2164 107 53 par
1940 2146 83 55 les
2072 2147 156 70 philo-

586 2222 209 71 sophes
847 2226 325 55 modernes.
1228 2225 151 56 Chez
1431 2226 281 69 j'animai,
1769 2227 139 55 chez
1959 2227 297 70 l'homme,

585 2302 128 57 sain
746 2321 77 37 ou
856 2306 250 69 malade,
1143 2306 56 55 la
1233 2306 279 56 mémoire
1548 2326 33 35 a
1616 2309 94 53 été
1743 2307 324 69 examinée,
2103 2326 156 37 scru-

184 2383 86 55 tée
303 2388 57 50 et
396 2402 103 38 son
529 2384 367 71 importance
937 2389 143 54 dans
1113 2388 421 71 l'acquisition,
1569 2388 58 55 la
1663 2389 408 55 conservation
2108 2396 60 49 et
2202 2389 54 55 la

180 2460 358 61 localisation
566 2465 69 55 de
660 2464 57 55 la
743 2465 415 58 connaissance
1186 2487 34 36 a
1244 2469 97 55 été
1366 2469 149 55 mise
1540 2472 332 53 nettement
1898 2490 73 35 en
1996 2469 259 56 lumière.

289 2543 84 56 De
409 2563 102 36 nos
544 2545 180 70 jours,
765 2566 108 37 une
906 2548 226 56 théorie
1171 2552 99 53 des
1304 2551 131 69 plus
1466 2549 389 71 ingénieuses,
1893 2551 101 71 qui
2030 2556 226 66 permet

185 2623 66 55 de
280 2628 200 53 rendre
513 2633 232 66 compte
779 2629 141 56 d'un
950 2632 188 68 grand
1165 2633 244 53 nombre
1442 2632 70 56 de
1543 2631 141 54 faits
1714 2632 353 71 jusqu'alors
2093 2631 131 55 inex-

180 2702 240 72 pliqués,
464 2725 148 36 nous
655 2711 265 68 apprend
964 2728 110 54 que
1119 2730 149 36 nous
1312 2731 72 37 ne
1428 2709 322 74 possédons
1793 2730 107 53 pas
1944 2726 112 40 une
2100 2711 155 55 seule

183 2782 266 58 mémoire
585 2788 188 57 même
809 2791 180 54 douée
1026 2793 68 53 de
1129 2792 254 71 qualités
1418 2793 339 56 différentes
1901 2791 150 59 mais
2103 2793 153 53 deux

181 2864 220 69 espèces
437 2868 67 55 de
537 2869 293 59 mémoire.
866 2871 85 54 La
984 2873 303 70 première,
1309 2873 100 75 qui
1444 2879 90 50 est
1560 2873 294 56 vraiment
1878 2871 60 54 la
1952 2873 301 67 MÉMOIRE,

179 2943 432 77 s'accompagne
671 2952 69 53 de
811 2951 56 55 la
929 2953 304 70 plénitude
1306 2957 70 53 de
1444 2956 57 53 la
1580 2953 334 56 conscience
1947 2975 14 48 ;
2024 2953 229 69 l'autre,

181 3023 140 57 dont
354 3028 48 53 le
453 3027 507 61 fonctionnement
993 3038 90 51 est
1125 3034 121 56 très
1299 3036 247 56 sensible
1592 3038 149 54 dans
1789 3034 253 56 certains
2096 3034 159 55 états

183 3103 292 74 (hypnose,
534 3113 539 70 somnambulisme,
1132 3116 157 70 rêve,
1352 3116 394 67 distraction),
1784 3125 88 44 est
1936 3113 125 59 dite
2121 3114 102 55 sub-

179 3187 336 61 consciente,
556 3210 75 36 ou
666 3211 206 38 encore
908 3194 396 73 subliminale,
1343 3216 96 51 ou,
1478 3215 229 38 comme
1742 3213 147 39 nous
1925 3196 52 54 le
2021 3212 232 38 verrons

179 3267 128 51 tout
348 3268 33 52 à
420 3267 217 61 l'heure
661 3292 10 35 :
710 3273 358 71 polygonale.
1110 3277 104 55 Ces
1256 3281 153 53 deux
1446 3277 308 60 mémoires
1792 3296 59 36 se
1887 3276 363 70 complètent

177 3348 55 48 et
279 3346 330 62 fusionnent
657 3353 138 56 chez
839 3354 278 60 l'homme
1162 3358 230 59 normal
1417 3380 14 48 ;
1479 3360 139 54 chez
1663 3358 281 71 quelques
1991 3356 262 56 malades

179 3422 127 57 elles
346 3445 57 38 se
458 3428 313 61 dissocient
812 3440 59 49 et
914 3434 375 73 deviennent,
1332 3456 148 53 pour
1520 3440 52 54 le
1613 3437 251 74 patient,
1911 3437 98 55 des
2051 3452 199 38 causes

180 3502 290 76 d'erreurs,
511 3512 322 58 d'illusions
871 3514 100 73 qui
1013 3517 258 58 relèvent
1313 3522 70 52 de
1419 3520 58 53 la
1515 3518 357 73 pathologie.
1914 3516 163 56 Dans
2117 3521 134 48 tous

177 3581 77 55 les
292 3603 113 55 cas,
443 3608 93 39 ces
574 3596 308 56 mémoires
919 3598 489 71 s'enchevêtrent,
1447 3600 375 69 s'intriguent
1864 3598 174 55 d'une
2076 3596 175 68 façon

176 3663 128 57 telle
345 3671 145 67 qu'il
529 3680 90 49 est
657 3694 159 36 assez
862 3674 236 59 difficile
1140 3681 70 53 de
1256 3680 247 57 démêler
1541 3681 125 54 leur
1708 3678 211 56 double
1958 3676 295 57 existence
