2654 4252
474 406 97 55 456

1017 411 245 36 BULLETIN
1288 409 244 44 FRANÇAIS
1555 409 65 33 DE
1647 407 61 33 LA
1734 406 38 34 S.
1803 406 28 34 I.
1860 406 51 33 M.

466 566 346 57 musculaire
882 564 98 65 qui
1033 561 296 73 suggérait
1402 561 58 53 la
1529 555 332 58 succession
1932 554 100 55 des
2106 557 433 51 mouvements.

460 647 187 56 Autre
685 662 115 37 cas.
834 665 22 28 «
879 644 97 54 Un
1009 641 303 67 musicien,
1348 639 221 54 faisant
1604 654 65 36 sa
1702 634 193 73 partie
1933 634 70 54 de
2040 632 203 54 violon
2278 632 147 54 dans
2460 649 79 40 un

463 728 311 62 orchestre,
809 723 150 55 était
983 723 431 70 fréquemment
1444 718 122 72 pris
1601 718 69 55 de
1702 714 221 71 vertige
1952 712 367 73 épileptique
2355 714 184 69 (perte

464 807 69 55 de
563 803 335 57 conscience
927 801 434 67 momentanée)
1392 799 264 71 pendant
1688 793 361 57 l'exécution
2073 793 144 55 d'un
2246 808 291 40 morceau.

461 883 339 72 Cependant
837 882 46 52 il
921 881 338 57 continuait
1301 881 71 54 de
1406 879 165 70 jouer
1608 882 80 62 et,
1733 874 257 74 quoique
2030 877 227 51 restant
2307 872 198 54 absolu-

460 968 161 51 ment
652 964 268 69 étranger
955 963 35 52 à
1010 978 65 38 ce
1099 961 98 71 qui
1222 958 363 67 l'entourait,
1606 954 287 74 quoiqu'il
1916 972 73 37 ne
2013 952 88 54 vît
2123 958 61 50 et
2205 952 333 56 n'entendît

459 1044 131 73 plus
624 1061 147 37 ceux
809 1042 144 71 qu'il
995 1039 468 73 accompagnait,
1499 1038 44 52 il
1583 1035 225 58 suivait
1846 1034 58 55 la
1945 1051 227 39 mesure
2217 1034 99 66 (i).
2355 1053 22 29 »

572 1124 307 55 Comment
931 1122 190 72 parler
1175 1121 71 54 de
1300 1118 278 56 mémoire
1631 1116 281 55 musicale
1964 1131 137 39 sans
2154 1131 209 53 songer
2417 1132 121 36 aux

460 1204 288 70 aveugles.
811 1203 288 73 Quelques
1168 1201 184 69 lignes
1422 1216 97 37 sur
1589 1216 114 37 eux
1771 1194 393 57 termineront
2236 1211 63 38 ce
2369 1198 169 51 court

458 1302 232 54 aperçu.
727 1283 52 53 A
809 1283 318 55 l'encontre
1164 1282 70 53 de
1269 1297 62 37 ce
1367 1278 99 71 qui
1503 1283 89 50 est
1627 1295 101 36 cru
1762 1276 452 72 généralement,
2244 1274 83 55 les
2363 1288 140 40 aveu-

458 1364 118 70 gles
609 1382 71 37 ne
712 1367 133 51 sont
878 1380 105 53 pas
1015 1358 542 74 particulièrement
1593 1357 179 54 doués
1805 1373 151 54 pour
1985 1354 60 55 la
2078 1353 291 72 musique.
2407 1353 128 55 Ceci

459 1444 117 58 m'a
618 1443 94 54 été
756 1442 225 57 affirmé
1024 1458 107 52 par
1175 1438 290 71 plusieurs
1512 1439 70 52 de
1627 1455 149 36 ceux
1820 1436 101 73 qui
1968 1436 82 54 les
2095 1434 442 56 connaissaient

454 1523 156 66 bien,
656 1524 372 53 notamment
1072 1536 107 53 par
1226 1518 75 52 M.
1352 1517 136 67 R...,
1533 1516 398 54 ex-directeur
1977 1516 71 54 de
2090 1514 302 56 l'lnstitut
2439 1514 98 55 des

456 1602 216 70 Jeunes
714 1599 307 71 Aveugles,
1067 1599 34 52 à
1145 1596 181 54 Paris.

567 1682 108 55 Les
714 1679 291 72 aveugles,
1046 1695 92 38 me
1180 1676 268 68 disait-il,
1489 1695 72 36 ne
1601 1681 137 50 sont
1775 1692 108 55 pas
1924 1674 204 60 mieux
2170 1676 181 54 doués
2388 1693 150 54 pour

451 1762 59 53 la
558 1761 267 70 musique
874 1777 113 56 que
1033 1758 82 56 les
1170 1761 271 67 voyants,
1490 1756 328 59 seulement
1862 1754 74 55 ils
1984 1761 136 50 sont
2170 1754 246 74 obligés,
2467 1754 71 56 de

450 1860 109 53 par
597 1842 123 55 leur
757 1838 305 69 infirmité,
1108 1839 34 52 à
1179 1857 83 36 un
1300 1836 85 55 tel
1424 1836 262 55 exercice
1729 1837 71 54 de
1838 1836 61 54 la
1940 1836 282 59 mémoire
2246 1834 289 70 auditive,

453 1921 172 73 qu'ils
676 1919 349 56 obtiennent
1080 1919 99 55 des
1256 1917 281 54 résultats
1589 1921 404 67 surprenants.

566 2002 94 53 On
695 2001 116 54 sait
858 2005 297 52 comment
1198 2016 93 37 ces
1336 1996 328 58 infortunés
1717 2002 369 67 apprennent
2131 1998 60 55 la
2248 1997 287 74 musique.

453 2081 199 56 Privés
689 2082 78 55 du
793 2097 231 40 secours
1062 2081 70 54 de
1165 2078 165 69 l'œil,
1363 2077 74 55 ils
1461 2077 65 56 la
1560 2078 176 56 lisent
1762 2095 143 39 avec
1931 2078 84 56 les
2049 2077 194 74 doigts
2275 2083 62 50 et
2363 2077 143 56 l'exé-

453 2166 204 51 cutent
696 2161 270 70 toujours
1000 2159 70 56 de
1109 2157 297 61 mémoire.
1447 2157 166 56 Ainsi
1645 2177 78 37 un
1761 2158 265 71 aveugle,
2055 2157 163 56 élève
2255 2157 280 72 pianiste,

454 2241 282 71 apprend,
775 2259 107 52 par
924 2256 180 52 cœur,
1138 2238 60 55 la
1240 2238 162 60 main
1433 2239 225 70 gauche
1688 2238 145 71 qu'il
1874 2238 72 54 lit
1982 2239 34 53 à
2044 2256 230 41 mesure
2307 2255 144 39 avec
2479 2238 58 55 la

451 2321 163 54 main
647 2321 188 54 droite
868 2337 99 37 sur
999 2319 82 55 les
1124 2319 323 55 caractères
1469 2337 76 36 en
1571 2318 182 56 relief.
1782 2319 250 55 Ensuite
2063 2317 46 55 il
2125 2317 287 74 apprend,
2430 2335 107 57 par

454 2419 178 50 cœur,
670 2402 58 53 la
766 2399 163 58 main
967 2399 192 56 droite
1198 2399 146 74 qu'il
1380 2399 92 69 lit,
1516 2401 34 52 à
1587 2417 249 52 mesure,
1879 2401 71 54 de
1987 2399 59 55 la
2084 2399 167 59 main
2289 2401 243 71 gauche.

453 2481 193 68 Enfin,
689 2481 44 53 il
778 2497 336 55 recompose
1156 2479 55 56 le
1254 2485 157 63 tout,
1460 2499 77 36 au
1583 2479 236 70 clavier,
1870 2481 71 54 de
2001 2479 299 60 mémoire.
2350 2481 185 72 Après

455 2579 71 36 un
569 2559 225 56 certain
832 2566 193 67 temps
1066 2559 71 56 de
1176 2563 93 51 cet
1307 2558 259 56 exercice
1606 2558 176 70 forcé,
1822 2559 59 55 la
1933 2559 282 60 mémoire
2267 2561 267 71 acquiert

454 2660 109 37 une
625 2641 313 71 souplesse,
1006 2659 111 38 une
1179 2640 411 72 promptitude
1656 2642 70 55 de
1790 2641 353 72 réceptivité
2206 2641 297 57 extraordi-

449 2720 191 55 naires
693 2721 99 72 qui
846 2721 320 71 stupéfient
1217 2721 84 54 les
1353 2721 307 56 auditeurs
1712 2727 277 66 voyants.

563 2802 135 70 J'en
742 2800 277 57 donnerai
1066 2820 115 37 une
1226 2806 169 51 autre
1438 2817 239 56 preuve.
1725 2802 53 57 A
1820 2802 59 55 la
1923 2802 183 56 classe
2153 2803 377 69 d'orchestre,

450 2881 79 54 les
568 2880 348 58 exécutants
963 2882 269 72 aveugles
1277 2886 106 52 ont
1439 2901 111 37 une
1604 2883 357 56 demi-heure
2012 2881 316 58 d'exercice
2387 2882 117 58 indi-

454 2960 194 55 viduel
676 2979 150 53 pour
850 2962 345 71 apprendre,
1213 2980 107 53 par
1350 2979 179 52 cœur,
1554 2962 59 55 la
1636 2961 196 73 partie
1861 2963 100 75 qui
1993 2963 126 56 leur
2143 2970 89 48 est
2264 2965 219 56 confiée
2519 2982 10 35 :

449 3040 294 68 hautbois,
780 3041 328 70 clarinette,
1142 3059 120 52 cor,
1305 3041 216 70 violon,
1571 3048 113 50 etc.
1715 3064 14 48 ;
1764 3043 60 55 la
1862 3043 253 56 seconde
2167 3043 363 58 demi-heure

449 3126 89 48 est
576 3122 305 55 consacrée
920 3123 35 52 à
988 3122 59 53 la
1089 3121 146 60 mise
1281 3122 313 57 ensemble.
1637 3125 187 69 Donc,
1867 3144 73 37 en
1992 3130 197 52 trente
2228 3125 262 59 minutes
2518 3146 10 33 :

447 3200 220 55 lecture
705 3200 243 72 digitale
967 3222 13 47 ;
1006 3202 404 71 organisation
1441 3205 100 54 des
1584 3210 413 51 mouvements
2030 3205 192 56 variés
2253 3206 276 72 indiqués

447 3296 107 53 par
588 3280 82 55 les
708 3278 193 74 signes
927 3301 14 47 ;
967 3281 341 70 exécution;
1342 3283 416 59 conservation
1786 3285 419 73 mnémonique
2239 3287 289 73 complète

449 3358 99 71 qui
606 3366 228 65 permet
884 3361 357 57 l'exécution
1295 3363 375 70 d'ensemble,
1735 3371 137 50 tout
1931 3366 341 57 l'orchestre
2341 3366 184 70 réuni,

446 3440 264 68 pendant
755 3440 59 53 la
861 3440 362 58 demi-heure
1269 3442 293 57 suivante.

562 3520 331 72 Quelqu'un
940 3521 302 70 assistant,
1278 3539 85 40 un
1399 3523 151 70 jour,
1589 3544 75 38 en
1700 3526 190 60 même
1926 3532 198 68 temps
2163 3548 115 52 que
2317 3530 137 68 moi,
2495 3529 33 53 à

563 3702 63 49 (i)
661 3701 166 41 RIBOT.
851 3702 226 40 Maladies
1100 3703 48 39 de
1173 3703 45 40 la
1241 3704 212 40 Mémoire
1479 3718 14 28 :
1516 3706 204 40 Citation
1742 3708 55 40 de
1820 3708 261 54 Carpenter,
2106 3722 46 40 p.
2175 3722 43 38 9.
