2654 4252
745 380 184 35 IMAGES
956 370 279 45 D'ENFANTS
1265 380 96 35 PAR
1389 379 217 36 GABRIEL
1635 380 163 35 FABRE

2179 370 90 54 461

493 589 371 76 Catalogue
911 587 85 60 de
1044 586 287 62 l'œuvre
1383 587 85 61 de
1512 586 274 62 Gabriel
1833 585 216 62 Fabre

990 751 221 48 CHANT
1244 751 76 47 ET
1355 752 197 48 PIANO

283 891 245 44 Sérénade.
645 886 169 45 Poésie
843 886 267 45 d'ARMAND
1139 884 281 47 SILVESTRE
1449 886 256 53 (Lemoine,
1745 883 162 57 1893).

280 957 226 54 L'Orgue.
621 953 169 46 Poésie
816 953 59 46 de
901 952 245 47 CHARLES
1173 952 141 47 GROS
1342 953 257 53 (Lemoine,
1635 950 162 57 1894).

288 1025 239 45 Chansons
825 1024 57 42 de
1000 1021 145 44 Mœterlinck.
1146 1019 87 46 Dix
1234 1023 155 53 poèmes
1420 1020 57 46 de
1507 1019 238 46 MAURICE
1776 1019 367 48 MAETERLINCK,
2179 1020 75 52 pré-

396 1090 140 44 cédés
557 1087 109 46 d'un
691 1087 194 55 prélude
908 1100 114 42 pour
1044 1087 171 54 violon,
1240 1087 277 46 violoncelle
1540 1095 46 37 et
1607 1086 160 56 piano:
1799 1086 49 45 i°
1875 1086 101 45 Elle
1999 1086 275 50 l'enchaîna,

400 1170 24 32 2
434 1157 18 19 0
724 1157 90 42 Les
984 1160 103 49 sept
1262 1156 127 53 filles
1599 1155 350 51 d'Orlamonde,
1324 1167 29 42 3
1362 1156 18 19 0
2009 1165 32 42 4
2046 1153 17 20 0

528 1225 185 43 l'amant
778 1223 311 54 sortit,5
815 1223 17 19 0
1446 1223 89 51 J'ai
1674 1223 187 44 marché
2094 1227 150 40 trente
1846 1220 56 47 6°

404 1291 176 53 Vierge,
612 1298 25 45 7
647 1289 17 19 0
696 1291 92 42 Les
819 1289 277 44 Couronnes
1122 1289 115 50 d'or,
1268 1288 54 46 8°
1353 1289 65 44 La
1449 1288 221 43 Chanson
1696 1289 58 44 de
1783 1287 275 49 Mélisande,
2089 1298 30 42 9
2126 1287 17 19 0
2176 1287 101 43 Elle

396 1358 121 44 avait
547 1358 112 43 trois
689 1368 277 39 couronnes,
1007 1357 81 44 io°
1124 1357 57 44 Et
1210 1357 75 44 s'il
1315 1357 209 43 revenait
1555 1367 63 32 un
1644 1357 117 53 jour.
1797 1353 115 53 (Ces
1943 1354 226 45 mélodies
2201 1360 77 39 ont

397 1425 74 43 été
495 1423 170 45 écrites
689 1423 59 45 de
778 1421 126 56 1894
927 1424 25 43 à
984 1423 124 54 1906
1134 1429 44 39 et
1202 1421 191 46 réunies
1418 1435 57 32 en
1508 1430 122 46 1907
1658 1434 57 32 en
1741 1434 62 32 un
1828 1420 158 46 cahier
2010 1421 117 45 chez
2152 1420 95 45 Heu-

397 1490 109 55 gel).

273 1560 185 43 Bouche
491 1559 140 43 close.
763 1556 176 46 Poème
972 1556 58 46 de
1061 1556 237 45 MAURICE
1332 1555 259 46 VAUCAIRE
1625 1555 14 53 (
1643 1556 164 55 Figaro
1841 1555 212 49 Musical,
2090 1555 188 44 octobre

402 1625 136 56 1893.
571 1623 167 47 Publié
765 1625 116 43 chez
910 1623 186 55 Heugel
1125 1637 58 31 en
1219 1625 161 53 1907).

275 1692 282 52 Complainte
581 1693 57 43 de
663 1691 161 45 l'oubli
845 1692 84 43 des
953 1695 157 41 morts.
1225 1691 175 44 Poème
1422 1691 57 44 de
1498 1689 155 55 JULES
1676 1689 273 46 LAFORGUE
1992 1688 82 53 (La
2095 1689 179 50 Plume,

402 1771 17 31 lERI
428 1758 34 19 ER
486 1758 257 44 novembre
774 1757 163 56 1893).

271 1825 237 46 L'Archet.
619 1824 177 46 Poème
818 1825 58 43 de
899 1823 242 45 CHARLES
1164 1822 141 46 CRÛS
1328 1823 132 52 (avec
1483 1822 314 54 violoncelle),
1823 1822 256 54 (Lemoine,
2113 1822 160 54 1895).

271 1886 155 51 Ronde
445 1894 61 42 du
527 1894 167 43 diable.
805 1891 175 45 Poème
1002 1891 57 45 de
1079 1890 234 46 CAMILLE
1336 1890 269 46 MAUCLAIR
1627 1889 255 54 (Lemoine,
1914 1889 160 56 1895).

278 1961 200 43 Ballade.
594 1959 177 45 Poème
798 1960 59 44 de
885 1959 234 45 CAMILLE
1149 1959 271 43 MAUCLAIR
1449 1957 255 54 (Lemoine,
1743 1956 160 56 1895).

284 2026 299 53 Complainte.
597 2050 69 6 —
688 2026 177 46 Poème
887 2026 59 44 de
970 2025 235 45 CAMILLE
1229 2025 272 44 MAUCLAIR
1543 2023 264 54 (Hachette,
1842 2023 160 55 1895).

270 2092 182 46 L'Elue.
574 2092 176 46 Poème
778 2093 59 45 de
865 2091 242 47 CHARLES
1136 2102 96 33 VAN
1259 2092 309 43 LERBERGHE
1599 2089 193 54 (Enoch,
1830 2089 161 55 1897).

278 2161 211 44 Dansons
743 2162 44 43 la
847 2162 109 42 ronde.
957 2159 79 46 Poème
1046 2159 59 45 de
1129 2158 242 46 CHARLES
1397 2169 96 34 VAN
1517 2158 310 45 LERBERGHE
1853 2157 193 53 (Enoch,
2081 2157 160 54 1897).

279 2228 179 55 Barque
692 2228 69 44 d'or.
762 2228 128 44 Poème
919 2228 57 44 de
1004 2227 244 45 CHARLES
1275 2237 96 34 VAN
1400 2225 309 45 LERBERGHE
1738 2224 217 55 (Heugel,
1994 2225 138 55 1897,
2164 2237 114 32 avec

396 2302 277 38 couverture
702 2295 58 45 de
788 2294 66 46 Le
884 2293 233 53 Sidaner).

279 2360 265 47 Dimanche.
678 2361 175 45 Poème
890 2361 57 45 de
983 2361 118 45 MAX
1138 2360 243 46 ELSKAMP
1418 2359 239 56 (composé
1691 2371 59 33 en
1794 2359 137 54 1898,
1971 2357 157 56 publié
2165 2359 113 44 dans

529 2429 264 45 l'lllustration
794 2430 46 44 du
841 2441 53 32 10
920 2429 178 53 janvier
1134 2440 138 42 1902,
1305 2435 45 37 et
1378 2427 123 46 édité
1530 2429 116 43 chez
1675 2426 160 46 Schott
1864 2440 57 30 en
1958 2426 160 55 1907).

275 2500 291 47 Tendresses.
702 2501 175 46 Poème
910 2501 59 46 de
1004 2501 189 44 PIERRE
1228 2500 167 45 LOUYS
1431 2498 13 54 (
1447 2501 218 43 Mercure
1700 2501 57 43 de
1794 2500 191 49 France,
2023 2498 255 45 novembre

402 2568 162 56 1898).

275 2634 217 46 Chevaux
523 2638 57 42 de
614 2637 115 43 bois.
862 2634 174 46 Poème
1069 2636 57 44 de
1160 2634 136 45 PAUL
1329 2633 259 46 VERLAINE
1623 2633 277 55 (adaptation
1934 2634 25 43 à
1991 2646 62 31 un
2086 2632 192 56 prélude

397 2702 56 47 de
480 2703 166 54 Bach),
677 2702 242 53 (Lemoine
951 2700 162 57 1899).

275 2768 170 47 Chants
468 2773 56 42 de
547 2773 249 52 Bretagne.
910 2769 192 44 Recueil
1126 2768 142 45 d'airs
1290 2769 190 44 bretons
1503 2768 191 54 adaptés
1717 2769 25 43 à
1766 2768 149 45 douze
1936 2769 206 52 poèmes,
2170 2766 108 45 dont

396 2838 91 46 suit
510 2838 43 45 le
575 2838 140 45 détail
732 2855 9 26 :
772 2838 47 43 I°
1428 2838 103 43 Bon
1681 2838 268 48 menuisier,
1268 2836 58 43 de
1346 2835 124 53 JEAN
1494 2834 228 50 MORÉAS,
1751 2846 25 32 2
1785 2835 18 19 0

398 2904 58 45 de
484 2905 124 53 JEAN
640 2905 280 54 AJALBERT,
955 2915 28 42 3
992 2902 17 19 0
1044 2905 147 42 Blanc
1221 2904 139 52 linge,
1395 2902 58 45 de
1486 2901 151 44 Louis
1668 2912 63 32 LE
1762 2900 326 51 CARDONNEL,
2122 2912 32 42 4
2160 2901 18 18 0
2213 2901 65 43 La

397 2971 174 52 Ronde,
604 2971 57 46 de
691 2971 138 44 PAUL
858 2970 151 50 FORT,
1042 2978 26 46 5
1079 2970 17 19 0
1130 2971 264 52 Naviguant
1423 2981 73 32 ma
1526 2970 229 48 brunette,
1787 2968 205 43 chanson
2021 2966 253 56 populaire,

397 3037 55 46 6°
477 3039 65 44 La
569 3039 167 50 Corde,
765 3038 58 45 de
847 3037 137 44 PAUL
1008 3036 150 50 FORT,
1187 3046 26 44 7
1221 3036 18 20 0
1268 3037 91 43 Les
1385 3037 140 43 Croix
1548 3037 57 43 de
1630 3037 115 48 bois,
1771 3034 57 45 de
1853 3034 137 45 PAUL
2014 3033 260 51 GÉRARDY,

400 3104 53 45 8°
494 3107 64 43 Le
597 3107 130 48 Pain,
771 3104 57 45 de
868 3103 268 46 STÉPHANE
1176 3103 304 51 MALLARMÉ,
1522 3116 31 42 9
1560 3103 18 19 0
1621 3103 64 44 Le
1726 3103 198 49 Fuseau,
1967 3102 57 44 de
2062 3100 216 46 TRISTAN

400 3172 270 50 KLINGSOR,
713 3172 83 44 lO°
1395 3172 92 43 Les
1642 3172 110 43 trois
1921 3172 227 53 gobelets,
1356 3170 58 45 de
1444 3169 216 46 TRISTAN
1693 3169 271 50 KLINGSOR,
2006 3168 82 45 ll°

534 3240 81 50 riette,
616 3239 41 44 de
658 3238 226 45 CAMILLE
904 3236 284 50 MAUCLAIR,
1219 3249 53 32 12
1282 3236 18 19 0
1660 3236 58 45 de
1737 3234 234 47 CAMILLE
1992 3234 282 45 MAUCLAIR.

400 3304 108 52 (Les
531 3305 113 44 trois
666 3304 228 55 premiers
917 3311 78 37 ont
1018 3305 75 43 été
1116 3302 236 46 recueillis
1375 3316 58 32 en
1464 3302 119 55 1895
1611 3310 46 38 et
1679 3302 182 55 publiés
1886 3302 42 45 la
1952 3304 153 43 même
2128 3302 150 44 année

400 3371 115 47 chez
537 3372 170 45 Tellier
731 3371 85 53 (1).
844 3370 92 45 Les
959 3379 156 36 autres
1138 3379 78 36 ont
1239 3372 75 43 été
1337 3370 236 45 recueillis
1596 3384 57 31 en
1685 3382 137 42 1900.
1850 3370 57 44 Et
1929 3370 44 44 le
1996 3376 98 38 tout
2115 3381 27 32 a
2165 3381 112 42 paru

400 3438 114 45 chez
541 3438 224 46 Lemoine
795 3450 58 31 en
889 3448 138 44 1903,
1059 3450 115 31 avec
1202 3436 190 54 préface
1420 3437 58 43 de
1507 3436 114 44 Paul
1651 3434 186 54 Adam).

274 3502 142 45 Roses
447 3517 180 43 rouges.
757 3504 166 45 Poésie
953 3504 58 43 de
1040 3504 123 43 MME
1193 3503 243 46 CATULLE
1467 3503 210 44 MENDÈS
1708 3503 216 53 (Heugel,
1964 3502 160 54 1905).

273 3566 194 49 Poèmes
492 3574 56 43 de
572 3573 129 51 Jade.
821 3570 200 45 Poèmes
1046 3569 194 46 traduits
1266 3569 61 46 du
1352 3570 181 43 chinois
1558 3583 80 41 par
1665 3568 122 45 MME
1809 3569 181 53 JUDITH
2018 3568 257 45 GAUTIER.-

366 3697 51 49 (1)
441 3699 246 47 Reproduits
708 3711 74 36 par
802 3699 38 36 le
861 3697 148 49 Figaro
1032 3697 174 37 Musical
1227 3696 48 37 de
1298 3696 134 47 juillet
1455 3696 107 37 1893.
