2654 4252
374 1324 524 113 REVUE
1002 1336 201 106 DE
1310 1341 198 106 LA
1612 1346 559 112 PRESSE

657 1743 301 49 Charbonnel
981 1761 26 32 a
1032 1748 151 47 donné
1208 1751 113 46 dans
1345 1753 42 45 le
2173 1755 100 43 Mer
1932 1760 58 45 du
2021 1771 53 45 15
2101 1762 172 47 février

709 1823 123 43 1909
866 1827 61 31 un
963 1814 281 49 intéressant
1277 1819 160 46 article
1470 1835 80 31 sur

724 1892 141 32 sance
1081 1882 57 43 de
1270 1882 130 47 l'lnconscient.
1401 1887 75 44 M.
1477 1887 268 48 Charbonnel
1783 1901 70 37 est
1889 1907 61 31 un
1988 1893 192 57 disciple
2217 1897 56 46 de

691 1945 64 46 M.
786 1946 242 56 Bazaillas,
1054 1963 59 32 on
1140 1952 41 44 le
1206 1953 94 44 voit
1324 1954 270 47 clairement
1617 1959 25 42 à
1668 1958 42 44 le
1734 1958 109 53 lire;
1869 1960 115 45 mais
2007 1974 84 32 son
2115 1963 158 44 article

691 2021 70 37 est
795 2014 294 56 intéressant,
1126 2032 115 40 pour
1278 2020 41 45 le
1354 2020 254 48 littérateur
1642 2038 181 33 comme
1857 2039 116 42 pour
2007 2028 42 43 le
2083 2029 189 46 curieux

690 2081 58 43 de
778 2081 228 55 musique.
1040 2084 64 44 M.
1138 2085 299 48 Charbonnel
1468 2103 59 30 ne
1557 2104 201 42 manque
1789 2106 81 41 pas
1900 2093 140 46 d'une
2069 2096 204 45 certaine

263 2143 221 47 réflexion
512 2146 372 57 philosophique.
916 2150 236 47 Peut-être
1180 2154 42 43 le
1250 2161 124 38 reste
1402 2155 61 46 lui
1491 2156 278 47 viendra-t-il
1799 2173 80 42 par
1904 2164 210 43 surcroît.

360 2278 133 46 Deux
520 2288 242 38 concertos
792 2296 113 40 pour
931 2283 154 46 violon
1114 2287 57 43 de
1199 2287 184 56 Haydn,
1414 2288 248 47 demeurés
1688 2292 201 55 pendant
1916 2302 105 38 cent
2049 2303 220 47 quarante

259 2357 83 33 ans
371 2347 238 45 ensevelis
638 2349 145 54 parmi
813 2350 83 45 des
925 2352 157 54 copies
1112 2356 307 44 manuscrites
1448 2361 243 42 entassées
1721 2359 113 45 dans
1863 2375 63 30 un
1956 2362 116 44 local
2101 2363 168 46 faisant

262 2411 145 54 partie
436 2414 83 44 des
549 2415 236 55 magasins
814 2416 58 45 de
902 2418 42 44 la
973 2419 179 44 maison
1184 2422 241 55 Breitkopf
1457 2432 44 37 et
1532 2424 163 46 Hârtel
1728 2427 57 43 de
1815 2427 201 56 Leipzig,
2050 2428 219 47 viennent

261 2479 146 47 d'être
433 2481 293 47 découverts.
757 2484 74 44 On
859 2486 281 47 connaissait
1167 2489 101 44 leur
1294 2490 252 55 existence,
1576 2493 116 45 mais
1719 2507 58 31 on
1805 2494 69 46 les
1899 2495 174 55 croyait
2098 2498 171 53 perdus

261 2560 108 32 sans
390 2556 169 38 retour.
586 2549 115 45 L'un
724 2559 71 37 est
814 2564 58 32 en
896 2557 47 40 ut
963 2554 191 53 majeur,
1178 2555 165 46 l'autre
1363 2571 57 32 en
1443 2560 69 42 sol
1532 2559 190 54 majeur.
1749 2560 61 44 Ils
1830 2569 79 37 ont
1929 2563 75 44 été
2026 2565 243 52 composés

261 2621 131 39 entre
422 2616 69 46 les
520 2620 178 43 années
733 2618 123 54 1766
886 2627 44 37 et
966 2621 138 55 1769,
1136 2636 114 41 pour
1281 2623 130 55 Luigi
1442 2625 249 56 Tomasini,
1724 2627 200 55 premier
1954 2629 153 45 violon
2138 2631 58 46 de
2225 2631 42 45 la

261 2681 209 56 chapelle
498 2683 61 46 du
587 2684 159 55 prince
775 2684 269 56 Esterhazy.
1902 2687 82 52 (Le
2123 2691 146 43 Ménes
1472 2692 61 45 du
1564 2702 58 45 27
1654 2692 211 55 février).

358 2817 35 44 Il
414 2818 129 46 vient
563 2818 58 46 de
642 2819 288 55 disparaître,
955 2822 115 44 dans
1091 2823 69 44 les
1180 2824 228 53 premiers
1430 2825 118 45 mois
1569 2825 57 45 de
1648 2834 121 37 cette
1790 2829 165 52 année,
1980 2828 120 46 deux
2121 2829 124 55 pério-

261 2880 165 58 diques
450 2885 77 55 qui
555 2893 79 38 ont
659 2899 92 32 une
778 2885 130 55 place
935 2886 114 47 dans
1075 2888 230 47 l'histoire
1329 2891 58 45 de
1414 2891 41 45 la
1481 2891 228 56 musique.
1740 2893 130 45 Nous
1895 2894 196 46 voulons
2116 2895 153 55 parler

261 2949 56 45 de
351 2951 42 45 la
427 2952 135 45 Neue
596 2954 272 53 Zeitschrift
897 2956 77 51 fur
1009 2956 171 51 Musik,
1218 2958 170 45 fondée
1424 2973 57 31 en
1523 2959 125 56 1834
1681 2974 81 41 par
1795 2960 173 47 Robert
2001 2960 265 48 Schumann

259 3030 116 41 pour
395 3020 257 44 combattre
676 3020 69 44 les
769 3020 238 45 Philistins
1030 3030 46 37 et
1098 3036 115 41 pour
1236 3024 241 55 s'opposer
1500 3039 88 30 aux
1613 3041 24 26 «
1667 3026 223 45 formules
1913 3027 251 46 démodées
2189 3029 77 54 qui

261 3092 244 41 entravent
527 3088 168 45 l'essor
715 3087 59 46 de
798 3087 103 46 l'art
924 3096 45 37 et
993 3088 254 49 favorisent
1272 3091 387 47 l'affadissement
1682 3093 60 45 du
1767 3097 109 50 goût
1902 3111 41 37 »,
1969 3102 47 37 et
2039 3095 59 44 du
2123 3096 116 43 Musi-

268 3152 233 47 kalisches
804 3154 170 50 Wochenblatt,
975 3153 101 47 dont
1077 3156 98 45 E.-W.
1209 3157 221 55 Fritzsch,
1462 3158 213 46 l'éditeur
1705 3159 82 45 des
1815 3159 140 46 écrits
1983 3161 57 44 de
2068 3161 198 45 Richard

259 3218 216 56 Wagner,
510 3222 123 45 avait
666 3220 96 51 fait,
798 3222 84 44 dès
920 3222 138 54 1870,
1093 3237 62 32 un
1187 3223 177 55 journal
1399 3225 346 55 d'avant-garde
1777 3228 170 55 auquel
1980 3228 70 46 les
2082 3229 183 45 articles

259 3286 56 45 de
337 3286 63 47 M.
425 3288 221 45 Wilhelm
666 3288 199 56 Tappert
884 3288 250 47 donnaient
1154 3304 92 33 une
1267 3305 170 34 saveur
1457 3300 127 39 toute
1606 3293 308 56 particulière.

357 3422 130 46 Dans
733 3424 118 44 Musica
852 3420 111 53 (Rome)
964 3421 50 46 du
1049 3434 55 33 21
1143 3422 188 56 février,
1367 3439 62 32 un
1461 3425 159 47 article
1653 3426 58 46 de
1743 3426 63 46 M.
1843 3426 155 47 Guido
2032 3426 233 47 Podrecca

258 3500 80 34 sur
358 3491 93 43 Les
474 3491 137 44 Idées
634 3490 258 53 Politiques
913 3490 59 43 de
1004 3488 195 55 Wagner
1222 3495 46 40 et
1288 3493 57 42 de
1369 3493 275 44 Beethoven
1667 3492 106 54 (sic)
1797 3501 47 38 et
1866 3493 114 46 dans
2003 3493 45 46 le
2069 3496 194 43 numéro

259 3554 60 46 du
346 3556 61 47 28
432 3556 175 47 février
630 3570 63 31 un
718 3554 161 47 article
905 3554 57 46 de
988 3554 63 46 M.
1081 3554 234 49 Giovanni
1340 3558 239 46 Tebaldini
1606 3573 80 32 sur
1711 3561 64 43 La
1801 3562 182 44 Pensée
2009 3562 171 44 sociale
2205 3562 58 44 de

266 3623 194 54 Wagner
489 3629 47 40 et
563 3626 58 43 de
651 3624 278 45 Beethoven
957 3620 177 56 (resic).
