2654 4252
2115 402 94 56 465

969 409 162 35 NOTES
1159 409 289 41 JURIDIQUES

209 576 24 26 <(
274 559 117 46 livre
421 559 202 56 français
655 560 109 46 d'un
796 569 165 38 auteur
991 562 172 52 vivant,
1197 574 59 32 en
1289 564 261 45 caractères
1581 576 148 43 grecs,
1765 564 317 47 hésiterait-on
2114 568 26 43 à
2171 567 45 46 le

209 642 24 26 «
274 626 282 45 condamner
591 639 183 33 comme
810 628 377 45 contrefacteur?
1224 628 143 45 Entre
1404 629 83 46 des
1522 629 290 56 planchettes
1849 639 45 38 et
1931 632 43 44 la
2011 632 203 47 notation

209 709 24 27 «
274 693 225 47 musicale
524 694 247 54 ordinaire,
801 695 116 46 c'est
943 709 169 32 encore
1138 708 92 32 une
1257 695 259 47 différence
1544 696 114 46 dans
1686 698 69 44 les
1780 712 196 41 moyens
2002 699 189 46 d'exécu-

210 776 23 26 «
274 760 109 53 tion,
415 760 117 46 mais
560 769 122 38 cette
711 762 259 46 différence
997 775 116 32 nous
1141 775 26 32 a
1193 775 115 42 paru
1336 762 108 46 bien
1474 762 151 47 moins
1653 764 321 48 considérable
2004 766 213 56 qu'entre

210 842 25 27 «
275 827 42 45 la
344 827 105 45 voix
476 828 222 46 humaine
722 837 47 37 et
795 842 92 33 une
914 830 235 44 serinette.
1182 828 156 56 Quant
1364 842 88 33 aux
1478 831 232 55 résultats,
1741 831 32 46 il
1800 840 70 38 est
1897 832 138 46 facile
2063 833 59 46 de
2147 833 70 47 les

210 910 25 26 <(
274 902 258 38 constater:
561 894 116 47 dans
703 910 64 31 un
796 910 79 31 cas
903 896 196 47 l'auteur
1127 896 127 54 perd,
1286 903 60 49 et,
1378 897 114 46 dans
1521 897 179 56 l'autre,
1732 898 32 46 il
1793 912 162 41 gagne.
1988 900 229 55 L'exposé

210 977 25 27 «
275 962 83 44 des
383 962 159 44 motifs
566 976 118 31 nous
708 963 174 46 fournit
904 977 63 32 un
991 963 83 46 fait
1097 963 192 46 curieux
1313 971 47 38 et
1384 977 91 42 que
1501 978 117 32 nous
1643 966 187 44 aurions
1854 966 138 55 peine
2016 969 26 42 à
2068 967 149 46 croire

209 1043 24 25 <(
274 1027 74 45 s'il
376 1028 129 44 n'eût
532 1030 75 44 été
633 1032 168 43 attesté
828 1043 81 42 par
934 1042 63 33 un
1025 1029 293 55 témoignage
1345 1030 38 45 si
1412 1030 218 55 autorisé,
1661 1030 117 46 c'est
1807 1046 90 41 que
1925 1033 84 44 des
2035 1046 153 43 compo-

209 1109 23 27 te
273 1094 171 44 siteurs
471 1103 79 37 ont
577 1095 82 46 fait
685 1096 238 55 fabriquer
951 1096 124 45 leurs
1103 1096 92 45 airs
1223 1105 137 37 avant
1388 1098 42 44 la
1456 1110 211 41 gravure,
1698 1112 115 42 pour
1840 1099 68 46 les
1935 1100 108 45 bien
2070 1100 144 55 juger.

209 1178 23 25 «
275 1161 109 46 S'ils
414 1162 67 45 les
508 1164 160 53 jugent
694 1164 132 53 ainsi,
858 1164 259 45 Messieurs
1146 1165 68 44 les
1242 1166 257 54 sénateurs,
1531 1179 168 41 croyez
1727 1179 90 42 que
1845 1180 55 31 ce
1927 1170 206 52 système
2161 1169 57 44 de

209 1244 24 25 «
274 1228 202 45 notation
510 1241 57 31 en
600 1228 181 55 pointes
812 1230 120 45 n'est
962 1244 83 40 pas
1075 1230 38 44 si
1146 1230 192 45 difficile
1370 1234 24 41 à
1426 1232 305 54 comprendre
1764 1232 138 55 qu'on
1935 1234 42 43 le
2009 1235 205 53 prétend.

209 1312 23 27 «
274 1294 184 55 Croyez
483 1296 126 44 aussi
636 1297 197 55 qu'avec
858 1298 69 45 les
951 1301 190 51 progrès
1168 1297 259 46 incessants
1452 1300 83 44 des
1560 1307 94 37 arts
1680 1300 314 55 mécaniques,
2024 1301 196 54 qu'avec

209 1378 24 26 <(
275 1362 41 46 la
345 1363 264 45 décadence
638 1364 60 45 du
727 1367 108 49 goût
863 1364 236 54 moderne,
1130 1364 68 45 les
1226 1378 171 41 orgues
1425 1366 57 44 de
1512 1366 222 45 Barbarie
1764 1366 127 45 n'ont
1919 1381 81 40 pas
2028 1368 65 45 dit
2119 1368 101 45 leur

212 1446 23 24 «
276 1429 185 43 dernier
483 1437 94 38 mot
599 1437 45 38 et
666 1430 196 55 qu'elles
884 1430 189 46 tendent
1094 1433 26 41 à
1141 1432 257 53 remplacer
1419 1432 69 44 les
1510 1432 185 44 artistès
1724 1447 57 30 au
1812 1433 141 53 grand
1983 1434 237 54 préjudice

210 1512 23 25 «
274 1495 84 45 des
392 1504 203 46 auteurs,
633 1496 83 45 des
750 1496 205 46 éditeurs
989 1505 46 37 et
1069 1498 83 45 des
1186 1505 232 38 amateurs
1454 1498 85 53 (i).
1579 1517 25 25 »

307 1561 179 55 Malgré
520 1576 80 31 ces
635 1564 174 44 solides
842 1571 268 46 arguments
1144 1565 76 55 qui
1256 1564 236 47 laissaient
1526 1565 234 46 entrevoir
1794 1566 213 45 combien
2043 1568 43 44 le
2122 1580 72 41 sys-

210 1632 124 42 tème
365 1632 198 52 proposé
599 1631 154 44 devait
786 1634 99 43 être
918 1631 183 46 néfaste
1136 1639 45 38 et
1214 1632 279 55 dangereux,
1531 1634 69 43 les
1634 1634 367 45 considérations
2034 1634 184 45 d'ordre

209 1696 296 46 commercial
534 1705 46 37 et
609 1697 323 45 international
962 1697 155 46 furent
1145 1698 69 45 les
1243 1698 103 55 plus
1376 1698 169 46 fortes:
1577 1700 43 44 le
1649 1700 313 54 compositeur
1991 1700 70 45 fut
2090 1700 104 56 impi-

208 1763 314 53 toyablement
542 1763 246 55 dépouillé.
812 1764 64 45 La
896 1764 59 45 loi
978 1766 58 43 du
1063 1764 57 46 16
1140 1766 89 44 mai
1256 1764 124 47 1866
1399 1778 52 32 se
1470 1778 220 42 compose
1710 1766 110 45 d'un
1840 1766 159 45 article
2018 1767 199 55 unique:

309 1847 23 25 «
364 1830 65 45 La
457 1830 272 46 fabrication
754 1839 48 38 et
830 1832 41 44 la
899 1839 139 38 vente
1066 1832 82 44 des
1176 1832 302 45 instruments
1505 1842 188 37 servant
1718 1836 25 41 à
1771 1834 271 55 reproduire
2068 1837 120 42 méca-

212 1913 24 27 «
275 1898 273 54 niquement
575 1899 84 44 des
684 1898 93 45 airs
804 1898 57 45 de
889 1899 214 55 musique
1130 1899 77 55 qui
1234 1908 103 37 sont
1365 1900 60 45 du
1452 1899 214 46 domaine
1694 1900 129 55 privé
1851 1914 60 31 ne
1938 1902 280 44 constituent

213 1979 23 27 «
276 1978 83 40 pas
382 1965 44 45 le
449 1964 83 46 fait
555 1965 58 45 de
635 1964 297 56 contrefaçon
956 1968 146 52 prévu
1126 1973 46 37 et
1195 1965 109 55 puni
1329 1979 82 41 par
1433 1966 42 44 la
1501 1966 58 45 loi
1585 1966 59 45 du
1675 1978 57 43 19
1755 1966 147 55 juillet
1931 1976 140 46 1793,
2098 1980 96 32 corn-

213 2046 44 37 ée,
278 2031 138 45 binée
444 2045 116 31 avec
589 2032 70 45 les
687 2032 184 45 articles
900 2041 94 45 425
1027 2039 47 38 et
1102 2031 210 46 suivants
1341 2032 59 45 du
1432 2031 132 46 Code
1593 2034 150 53 pénal.
1780 2050 26 26 »

308 2096 97 47 Ces
436 2098 229 55 quelques
696 2098 163 54 lignes,
894 2112 81 40 par
1005 2098 332 55 l'injustifiable
1367 2100 261 44 restriction
1661 2098 198 56 qu'elles
1889 2107 242 47 apportent
2160 2114 60 31 au

212 2166 117 45 droit
356 2166 227 54 d'auteur,
614 2175 79 36 ont
721 2168 141 43 causé
891 2175 45 36 et
965 2173 192 38 causent
1185 2180 62 31 un
1276 2167 236 55 préjudice
1541 2167 181 55 chaque
1750 2167 101 55 jour
1879 2167 104 55 plus
2011 2168 183 45 considé-

212 2233 127 44 rable
367 2247 89 30 aux
483 2233 338 55 compositeurs
851 2241 44 38 et
923 2233 206 46 éditeurs
1158 2233 57 46 de
1243 2233 230 56 musique.
1507 2232 64 54 Si,
1604 2247 58 30 en
1694 2234 129 54 effet,
1855 2247 59 32 en
1950 2234 137 54 1866,
2121 2234 80 45 l'in-

213 2299 177 46 dustrie
430 2300 83 45 des
555 2299 303 46 instruments
899 2300 58 45 de
998 2300 216 55 musique
1256 2300 302 55 mécaniques
1604 2300 109 46 était
1762 2300 323 46 relativement
2132 2313 91 42 peu

213 2366 301 56 développée,
548 2366 92 46 elle
669 2380 25 31 a
725 2366 94 55 pris
849 2366 57 45 de
936 2380 83 31 nos
1050 2368 126 53 jours
1206 2380 93 32 une
1329 2368 242 44 extension
1601 2369 206 43 énorme.
1841 2368 92 44 Les
1962 2380 170 41 orgues
2162 2368 58 45 de

214 2432 236 55 Barbarie,
485 2434 214 52 aristons,
734 2432 247 46 serinettes
1012 2441 44 37 et
1087 2434 151 44 boîtes
1268 2436 24 42 à
1324 2434 216 54 musique
1572 2434 108 44 dont
1712 2434 43 44 le
1784 2432 284 46 mécanisme
2100 2434 97 44 rudi-

213 2501 226 44 mentaire
473 2515 59 30 ne
567 2500 187 56 pouvait
788 2502 219 43 exécuter
1041 2514 91 42 que
1167 2501 82 44 des
1285 2501 330 55 compositions
1652 2500 192 56 simples
1879 2510 46 37 et
1960 2514 134 31 assez
2129 2514 91 42 peu

213 2568 307 45 nombreuses
546 2576 78 37 ont
651 2567 81 46 fait
758 2568 131 54 place
915 2570 24 41 à
967 2568 83 45 des
1075 2568 305 45 instruments
1407 2567 345 56 perfectionnés
1780 2567 238 56 (pianolas,
2049 2568 144 55 phono-

213 2633 81 55 las,
335 2647 170 41 orgues
542 2634 316 55 mécaniques,
899 2633 165 53 éolian,
1106 2634 162 54 etc...),
1310 2634 76 55 qui
1427 2642 103 37 sont
1568 2634 217 55 capables
1825 2634 57 45 de
1919 2633 194 45 réaliser
2151 2634 70 45 les

213 2716 188 31 œuvres
428 2703 68 43 les
522 2702 105 56 plus
652 2700 318 56 compliquées
998 2709 44 37 et
1070 2702 69 44 les
1165 2702 105 54 plus
1298 2702 229 45 difficiles.
1559 2700 121 46 Mais
1708 2702 100 44 cela
1836 2709 71 37 est
1933 2714 171 31 encore
2129 2713 91 42 peu

214 2768 57 44 de
297 2769 167 52 chose;
491 2768 118 45 c'est
635 2775 181 38 surtout
843 2766 164 56 depuis
1033 2782 91 40 que
1150 2769 43 43 le
1220 2768 333 54 phonographe
1577 2782 27 30 a
1630 2768 82 44 fait
1737 2780 84 32 son
1847 2766 254 56 apparition
2131 2779 91 42 que

216 2835 40 44 la
280 2836 217 45 situation
524 2838 140 41 créée
688 2848 84 42 par
796 2835 42 44 la
864 2834 60 47 loi
951 2835 57 44 de
1041 2835 124 46 1866
1191 2843 71 38 est
1289 2835 214 44 devenue
1529 2834 297 53 intolérable;
1854 2846 77 32 car
1957 2841 73 37 cet
2056 2832 143 46 instru-

216 2911 125 37 ment
373 2918 25 29 a
431 2905 193 52 pénétré
656 2910 197 47 partout,
889 2910 45 35 et
966 2902 117 45 c'est
1132 2916 80 40 par
1262 2902 193 45 milliers
1506 2915 90 42 que
1646 2915 53 32 se
1743 2902 204 45 vendent
1980 2901 68 44 les
2081 2900 118 54 cylin-

216 2971 106 44 dres
348 2979 44 38 et
419 2971 190 55 disques
636 2972 138 52 grâce
800 2970 225 53 auxquels
1051 2982 59 32 on
1138 2977 109 47 peut
1273 2971 26 43 à
1325 2970 100 54 prix
1450 2968 178 46 réduits
1654 2975 46 39 et
1727 2981 108 32 sans
1861 2967 360 45 connaissances

216 3037 228 55 spéciales
475 3050 223 31 savourer
729 3036 68 44 les
828 3036 241 53 musiques
1101 3036 68 44 les
1201 3037 103 53 plus
1336 3036 210 44 diverses
1578 3034 292 46 ridiculisées
1901 3047 80 41 par
2013 3033 68 45 les
2112 3045 110 31 sons

217 3104 244 45 nasillards
485 3104 58 45 de
566 3117 80 32 ces
669 3102 249 54 ingénieux
941 3102 242 54 appareils.

313 3170 123 46 Mais
468 3172 45 44 le
544 3169 331 56 phonographe
906 3169 121 44 est-il
1061 3169 108 44 bien
1202 3183 63 30 un
1298 3169 276 44 instrument
1609 3168 57 44 de
1699 3168 216 54 musique
1948 3165 275 55 mécanique

218 3250 57 33 au
303 3252 109 30 sens
439 3238 60 44 de
524 3238 43 44 la
595 3236 59 45 loi
683 3236 57 45 de
774 3234 162 47 1866?

412 3305 120 46 Sans
561 3304 79 45 nul
671 3305 154 51 doute,
859 3301 152 46 disent
1040 3302 70 46 les
1140 3302 276 52 fabricants;
1446 3302 71 45 les
1548 3309 174 39 termes
1752 3301 57 45 de
1841 3300 42 44 la
1914 3299 59 45 loi
2005 3300 58 44 de
2099 3299 124 45 1866

219 3380 103 39 sont
354 3375 249 52 généraux,
638 3379 46 38 et
716 3377 122 38 cette
871 3370 253 53 généralité
1157 3370 94 45 doit
1282 3371 215 53 protéger
1530 3376 132 37 notre
1693 3367 250 52 industrie;
1977 3367 44 45 le
2053 3367 143 53 phono-

221 3440 171 54 graphe
424 3447 71 37 est
524 3438 109 45 bien
664 3450 62 33 un
760 3452 23 27 «
820 3436 277 44 instrument
1129 3443 186 38 servant
1347 3437 25 43 à
1403 3434 270 56 reproduire
1704 3432 405 56 mécaniquement
2141 3432 82 44 des

221 3506 91 45 airs
340 3507 58 44 de
424 3506 217 54 musique
671 3521 53 37 »;
753 3517 81 41 par
862 3504 301 52 conséquent,
1193 3516 117 31 nous
1339 3516 210 42 pouvons
1578 3502 247 45 librement
1854 3508 44 38 et
1927 3513 110 32 sans
2066 3499 136 45 l'auto-

222 3572 187 45 risation
444 3573 59 44 de
536 3583 232 43 personne
804 3568 238 54 fabriquer
1075 3575 46 39 et
1154 3569 177 45 vendre
1362 3582 87 32 nos
1483 3568 302 46 instruments
1821 3567 117 45 ainsi
1973 3579 90 42 que
2099 3564 125 46 leurs

323 3716 58 45 (i)
410 3714 208 38 Moniteur
621 3743 8 13 ,
652 3714 21 35 8
696 3711 134 49 juillet
855 3713 112 44 1865.
