2654 4252
1063 439 245 36 BULLETIN
1341 436 245 45 FRANÇAIS
1615 436 62 33 DE
1711 436 60 32 LA
1804 435 37 34 S.
1878 435 27 32 I.
1939 435 50 32 M.

525 446 94 44 504

526 596 209 42 ARTHUR
767 591 258 52 COQUARD,
1611 591 210 47 Berlioz;
1304 588 136 45 RENÉ
1473 588 290 46 BRANCOUR,
2236 583 286 55 biographies

654 658 220 55 critiques
905 657 233 44 illustrées
1169 656 58 44 de
1258 656 148 44 douze
1437 652 351 57 reproductions
1820 652 109 43 hors
1962 658 137 37 texte.
2136 648 277 52 (Collection
2447 653 75 46 des

808 725 255 45 Musiciens
1375 724 226 50 célèbres,
1201 723 60 44 H.
1294 722 222 53 Laurens,
1548 720 194 51 éditeur,
1777 718 144 53 Paris,
1962 718 161 54 1909.)

625 857 96 46 Ces
745 857 120 45 deux
888 856 227 55 volumes,
1143 856 180 54 d'égale
1349 856 283 54 importance
1657 851 273 53 matérielle,
1958 857 281 39 concernant
2264 850 120 44 deux
2410 864 85 34 com-

523 925 230 54 positeurs
786 924 108 44 dont
927 924 41 43 la
1001 922 143 59 gloire
1178 931 70 37 est
1281 924 214 43 devenue
1528 918 382 55 singulièrement
1945 917 201 52 diverse,
2184 917 98 45 font
2315 920 208 44 ressortir

524 993 40 44 la
588 992 225 45 difficulté
838 991 111 54 qu'il
974 1004 28 40 y
1027 1004 26 31 a
1078 993 24 41 à
1126 991 179 43 vouloir
1331 990 273 52 renfermer,
1633 988 114 43 dans
1773 1000 61 30 un
1860 987 155 42 même
2039 986 140 43 cadre
2205 984 316 56 inextensible,

523 1059 67 45 les
617 1058 295 55 biographies
938 1058 259 45 d'hommes
1225 1070 59 31 ou
1313 1056 237 44 d'auteurs
1577 1054 227 45 célèbres.

622 1125 184 45 Berlioz
835 1133 45 36 et
912 1124 162 54 David,
1109 1127 25 40 à
1164 1137 93 32 une
1286 1123 205 44 certaine
1521 1123 197 53 époque,
1751 1119 200 55 jouirent
1981 1120 169 54 auprès
2180 1119 58 43 de
2269 1119 126 45 leurs
2426 1132 73 33 con-

518 1191 281 55 temporains
839 1191 140 46 d'une
1020 1191 143 54 gloire
1204 1193 24 42 à
1270 1203 89 42 peu
1399 1191 107 53 près
1547 1188 282 52 semblable;
1872 1189 167 51 même,
2083 1199 109 31 vers
2240 1185 282 56 1845-1850,

523 1259 197 44 l'auteur
744 1259 58 44 du
830 1259 182 49 Désert,
1042 1259 143 52 prôné
1211 1269 80 41 par
1316 1255 119 44 celui
1463 1256 57 43 de
1547 1255 40 44 la
1617 1255 294 52 Fantastique
1939 1266 61 31 un
2028 1265 90 42 peu
2146 1265 182 32 comme
2354 1265 61 32 un
2442 1252 63 46 dis-

522 1325 132 54 ciple,
686 1332 77 37 eut
790 1338 91 31 une
909 1324 255 54 popularité
1192 1324 106 43 bien
1327 1322 103 54 plus
1457 1322 187 54 grande,
1675 1321 107 44 bien
1810 1321 152 44 moins
1989 1327 329 46 extravagante
2346 1332 58 32 ou
2433 1334 68 39 gro-

522 1400 179 45 tesque,
735 1391 117 43 mais
881 1391 103 53 plus
1015 1390 228 53 exotique.
1277 1388 64 45 La
1371 1388 221 55 postérité
1623 1401 25 31 a
1677 1387 143 45 remis
1850 1387 69 45 les
1948 1387 170 45 choses
2149 1399 58 30 en
2239 1387 131 53 place
2400 1395 57 45 et,
2488 1388 34 45 si

521 1458 44 54 je
594 1457 267 44 n'admirais
890 1468 57 32 en
979 1456 203 43 Félicien
1214 1454 149 45 David
1396 1454 41 45 le
1467 1456 235 43 caractère
1733 1454 58 44 de
1822 1453 236 53 l'homme,
2094 1466 90 42 que
2213 1452 78 54 j'ai
2323 1454 151 54 appris
2502 1458 23 41 à

524 1524 239 54 apprécier
790 1523 113 43 dans
929 1536 50 30 sa
1007 1522 400 53 correspondance
1432 1533 116 32 avec
1575 1534 77 31 ses
1679 1519 411 55 coreligionnaires
2118 1519 404 56 saint-simoniens,

521 1592 44 52 je
601 1589 257 46 trouverais
895 1589 89 44 fort
1021 1588 169 52 injuste
1227 1589 57 43 de
1319 1588 179 44 vouloir
1535 1586 62 46 lui
1636 1588 177 44 donner
1849 1595 159 37 autant
2045 1586 334 55 d'importance
2417 1588 108 51 (120

521 1670 140 41 pages
683 1659 24 42 à
730 1656 184 55 peine!)
938 1655 107 56 qu'à
1069 1655 198 52 Berlioz,
1293 1655 109 44 dont
1425 1655 40 43 la
1488 1654 76 44 vie
1587 1663 46 36 et
1656 1654 197 45 l'œuvre
1874 1663 93 45 ont,
1992 1668 60 31 en
2076 1668 195 39 somme,
2297 1654 107 44 bien
2429 1655 96 55 plus

521 1722 214 46 d'intérêt
763 1735 116 42 pour
905 1722 69 45 les
1002 1722 267 45 musiciens.

617 1790 62 44 M.
715 1790 218 56 Coquard
964 1802 25 32 a
1021 1790 154 44 résolu
1209 1790 43 43 le
1283 1790 238 54 problème
1553 1802 57 31 en
1643 1790 187 44 sabrant
1860 1790 287 44 résolument
2179 1790 42 43 la
2253 1788 76 46 vie
2361 1790 56 44 de
2448 1804 77 31 son

519 1858 139 45 héros
689 1865 45 38 et
764 1870 58 31 en
855 1865 269 45 renvoyant,
1158 1868 116 33 avec
1305 1857 41 43 la
1378 1856 104 56 plus
1512 1856 174 54 grande
1716 1856 252 53 amabilité,
2003 1870 87 31 aux
2123 1863 192 38 travaux
2348 1857 57 44 de
2437 1857 66 44 bio-

519 1924 191 55 graphie
740 1923 196 56 critique
966 1923 261 46 antérieurs
1257 1937 59 32 au
1347 1923 116 46 sien.
1498 1923 157 55 Aussi,
1689 1923 114 46 a-t-il
1835 1937 61 42 pu
1928 1937 249 32 consacrer
2208 1924 44 45 la
2283 1924 158 45 moitié
2474 1926 51 44 de

523 2004 83 32 son
632 2004 203 41 ouvrage
861 1994 24 42 à
912 2004 161 42 passer
1097 2004 59 32 en
1181 2004 146 32 revue
1459 1992 290 54 rapidement
1773 1992 208 53 toujours
1996 1998 9 37 !
2125 1992 68 44 les
2219 1999 104 47 sept
2348 2004 58 32 ou
2433 1992 92 45 huit

514 2065 132 37 cents
673 2058 184 45 articles
886 2059 57 43 de
971 2058 195 54 critique
1195 2059 58 44 de
1283 2058 198 53 Berlioz,
1512 2065 61 47 et,
1604 2072 115 42 pour
1747 2059 237 55 terminer,
2015 2072 84 31 son
2128 2073 164 30 œuvre
2320 2059 203 53 musical,

515 2139 83 30 son
627 2126 263 54 esthétique
917 2133 45 38 et
989 2139 83 30 son
1101 2126 133 54 style,
1265 2126 110 55 qu'il
1403 2125 156 47 étudie
1587 2126 115 45 dans
1730 2126 41 45 la
1798 2126 216 54 mélodie,
2046 2126 43 46 le
2116 2126 183 55 rythme
2326 2134 46 37 et
2399 2126 105 46 l'har-

515 2192 168 45 monie.

613 2258 62 45 M.
717 2260 237 43 Brancour
988 2271 60 32 ne
1082 2258 114 46 s'est
1230 2271 82 42 pas
1347 2260 146 53 lancé,
1530 2261 26 43 à
1590 2272 169 42 propos
1793 2260 57 44 de
1887 2260 165 53 David,
2092 2260 115 45 dans
2241 2261 59 44 de
2335 2261 190 53 grandes

519 2324 287 46 discussions
848 2326 288 54 esthétiques
1178 2326 234 45 illustrées
1455 2326 289 55 d'exemples
1785 2326 256 47 musicaux.
2088 2326 35 45 Il
2165 2340 26 31 a
2234 2329 194 51 retracé,
2473 2328 52 45 de

518 2393 203 46 seconde
744 2393 122 44 main
890 2393 62 46 lui
976 2394 141 54 aussi,
1144 2394 41 43 la
1209 2393 269 56 biographie
1502 2394 57 45 de
1585 2393 203 46 Félicien
1813 2394 165 55 depuis
2001 2394 42 45 la
2066 2395 208 46 maîtrise
2297 2394 228 46 d'Aix-en-

519 2459 240 46 Provence
794 2460 181 54 jusqu'à
1011 2460 348 46 l'enterrement
1393 2460 107 46 civil
1535 2461 59 45 de
1630 2460 394 55 Saint-Germain,
2062 2461 216 46 dernière
2314 2463 185 44 manifes-

522 2525 141 44 tation
702 2525 432 46 saint-simonienne
1149 2545 10 35 ;
1199 2535 59 45 et,
1299 2526 184 45 chemin
1524 2528 183 53 faisant,
1747 2528 30 44 il
1816 2542 24 30 a
1878 2530 137 53 passé
2055 2542 58 31 en
2151 2542 146 33 revue
2335 2529 190 46 l'œuvre

518 2592 342 56 symphonique
889 2601 46 37 et
964 2594 287 54 dramatique
1280 2595 61 44 du
1371 2597 178 42 maître.
1585 2595 65 46 Le
1679 2604 98 37 tout
1806 2604 71 38 est
1907 2596 116 46 écrit
2053 2596 115 46 dans
2198 2610 61 32 un
2292 2599 120 53 style
2441 2596 84 46 fort

518 2660 231 53 agréable,
776 2661 95 43 très
895 2660 177 54 soigné,
1098 2663 96 44 très
1216 2661 221 46 littéraire
1462 2670 45 37 et
1531 2661 78 56 qui
1634 2675 54 32 se
1713 2663 141 54 garde
1878 2676 184 33 comme
2086 2662 143 47 d'une
2253 2663 143 45 chose
2420 2665 78 43 hon-

518 2733 133 38 teuse
681 2727 57 46 de
767 2727 282 55 développer
1077 2741 62 32 un
1168 2728 203 55 appareil
1401 2728 196 56 critique
1627 2737 47 38 et
1702 2729 349 46 documentaire
2081 2738 101 49 trop
2212 2732 309 44 encombrant.

616 2793 96 46 Ces
748 2794 119 45 deux
904 2794 212 46 volumes
1150 2803 119 45 sont,
1308 2798 25 43 à
1369 2796 281 54 l'ordinaire,
1689 2799 141 43 ornés
1867 2797 385 47 d'intéressantes
2288 2812 231 41 gravures.

518 2859 253 55 Toutefois,
795 2862 43 44 le
1206 2863 187 43 Berlioz
1062 2874 26 32 a
1110 2863 43 44 le
1173 2869 89 40 tort
1283 2863 57 44 de
1360 2876 118 33 nous
1500 2870 219 47 montrer,
1742 2877 43 42 p.
1811 2864 79 53 81,
1911 2877 94 33 une
2027 2865 261 46 caricature
2307 2865 216 46 moderne

517 2926 58 46 de
598 2926 344 57 Tiret-Boignet
965 2929 93 56 qui.
1086 2930 289 55 postérieure
1399 2930 59 46 de
1483 2931 262 56 longtemps
1768 2934 26 43 à
1818 2931 42 46 la
1884 2940 120 38 mort
2028 2933 61 45 du
2113 2934 328 55 compositeur,
2469 2945 53 32 ne

517 3001 109 47 peut
651 2996 99 43 être
773 2994 275 48 considérée
1073 3010 183 32 comme
1280 3010 62 32 un
1369 2996 249 48 document
1643 2999 230 47 vraiment
1898 3000 139 53 digne
2064 2999 229 48 d'intérêt.

1951 3080 123 55 J.-G.
2102 3081 355 47 Prod'homme.

1079 3329 473 50 PUBLICATIONS
1581 3332 378 51 NOUVELLES

1247 3464 147 53 Paris,
1421 3465 193 47 Durand
1638 3472 47 41 et
1703 3469 82 54 fUs

514 3593 128 46 T.-A.
665 3594 157 47 ARNE.
933 3597 212 47 Gavotta.
1171 3597 145 48 Piano
1336 3608 49 38 et
1402 3601 170 47 violon.

517 3658 150 48 Louis
696 3660 223 47 AUBERT.
1591 3667 316 53 Crépuscules
2281 3669 233 46 d'automn
1711 3669 146 49 Piano
1887 3681 48 38 et
1963 3673 153 48 chant.

646 3728 142 47 Piano
818 3737 45 38 et
890 3731 151 46 chant.
