2654 4252
1010 381 247 36 BULLETIN
1285 376 247 44 FRANÇAIS
1556 374 63 35 DE
1646 373 62 33 LA
1736 370 38 35 S.
1805 370 28 33 I.
1863 369 50 32 M.

464 393 93 42 432

461 545 259 47 annonçant
750 535 111 56 qu'il
894 531 258 56 s'appuyait
1182 543 79 31 sur
1294 545 24 26 «
1355 527 57 45 de
1442 527 181 44 bonnes
1655 521 223 46 autorités
1912 535 24 25 »
1972 525 44 37 et
2051 516 244 53 désignant
2328 513 144 44 celles

461 607 178 42 mêmes
670 604 108 44 dont
810 602 67 44 les
910 600 317 52 témoignages
1258 595 183 45 avaient
1474 595 74 42 été
1582 587 283 47 rassemblés
1900 597 81 42 par
2014 582 220 55 Carpani,
2269 593 22 31 s
2312 592 135 42 appro-

462 673 146 54 priant
632 671 122 44 enfin
778 667 182 56 jusqu'à
986 668 83 42 des
1094 665 249 44 anecdotes
1369 659 288 47 accessoires
1684 658 25 43 d
1731 668 61 32 un
1820 654 235 44 caractère
2081 658 97 37 tout
2204 648 266 56 personnel,

461 751 179 32 comme
661 736 117 44 celle
801 733 109 45 d'un
933 734 136 42 accès
1093 732 56 43 de
1173 731 146 43 fièvre
1342 729 109 44 dont
1473 724 240 46 l'écrivain
1737 719 215 48 milanais
1976 718 153 44 s'était
2154 718 163 43 trouvé
2342 714 130 55 guéri

462 817 79 41 par
569 800 235 46 l'audition
833 799 140 45 d'une
1000 811 162 31 œuvre
1191 797 56 44 de
1277 795 192 54 Haydn:
1501 802 44 37 et
1573 794 137 53 après
1738 789 115 52 cela,
1886 793 171 38 venant
2086 788 26 40 à
2141 795 260 44 prononcer
2432 783 43 45 le

461 883 105 32 nom
593 869 56 44 de
675 866 216 55 Carpani,
923 866 29 44 il
980 864 243 56 paraissait
1251 863 42 44 le
1320 861 117 45 faire
1464 874 81 42 par
1572 859 203 46 bravade
1803 869 59 32 ou
1891 853 256 55 moquerie,
2179 865 77 31 car
2286 851 26 43 il
2343 864 60 32 ne
2432 851 43 43 le

459 936 124 45 citait
605 934 106 54 qu'à
732 947 168 40 propos
922 931 59 45 du
1004 934 165 51 poème
1192 930 57 43 de
2089 930 66 42 La
2269 929 209 43 Création
1630 941 25 26 <(
1685 925 33 43 Il
1742 936 90 42 ya,
1859 920 187 47 disait-il
2071 933 57 30 en
2152 920 254 52 abrégeant
2429 925 46 37 et

461 1002 174 44 variant
656 1014 92 30 une
769 1013 115 41 page
905 999 81 44 des
1564 997 230 54 Haydine,
1265 995 29 44 il
1317 1009 28 40 y
1365 1009 25 30 a
1412 995 121 43 deux
1554 992 283 46 traductions
1860 988 297 46 italiennes...
2184 986 64 44 La
2270 985 205 44 seconde

461 1077 68 36 est
566 1068 41 45 la
642 1067 291 45 meilleure...
975 1065 234 53 L'auteur,
1249 1063 63 44 M.
1352 1061 219 56 Carpani,
1610 1067 71 38 est
1718 1060 188 44 homme
1943 1054 208 56 d'esprit,
2192 1062 45 37 et
2276 1054 58 44 de
2372 1052 104 55 plus

459 1136 228 44 excellent
719 1133 301 46 connaisseur
1053 1146 57 30 en
1143 1129 230 55 musique.
1412 1146 24 24 »

556 1202 116 44 Tout
701 1218 23 24 «
757 1202 185 42 homme
971 1197 191 56 d'esprit
1192 1213 24 26 »
1247 1195 113 56 qu'il
1389 1195 83 52 fût,
1503 1193 185 47 celui-ci
1717 1206 58 31 ne
1804 1192 168 45 devina
2002 1189 127 56 point
2159 1202 91 42 que
2279 1203 24 27 «
2340 1187 102 45 Bom-

459 1270 78 45 bet
570 1287 23 23 »
623 1268 289 44 deviendrait
941 1281 59 30 un
1032 1265 205 45 écrivain
1266 1264 188 44 célèbre
1483 1270 45 37 et
1558 1261 211 55 qu'avoir
1798 1261 76 44 été
1905 1258 233 56 dépouillé
2169 1270 81 41 par
2282 1254 62 47 lui
2376 1268 76 42 pas-

461 1336 139 45 serait
622 1349 113 41 pour
757 1348 61 32 un
840 1334 141 53 grand
1004 1334 211 42 honneur
1230 1350 10 33 ;
1263 1331 30 43 il
1318 1338 129 38 entra
1469 1330 116 43 dans
1606 1341 93 32 une
1722 1328 156 44 colère
1901 1339 91 42 que
2016 1325 64 44 M.
2108 1322 262 56 Stryienski
2395 1321 62 47 lui-

461 1405 151 42 même
641 1410 161 36 trouve
833 1418 23 24 «
889 1402 293 42 assurément
1211 1399 90 43 fort
1329 1397 206 54 légitime
1567 1413 24 25 »
1625 1395 85 52 (i).
1746 1395 90 43 Les
1872 1394 57 44 18
1959 1400 45 38 et
2036 1405 62 32 20
2127 1394 108 43 août
2272 1390 141 54 1815.
2446 1390 30 44 il

459 1470 50 44 fit
533 1471 210 52 paraître,
773 1468 113 44 dans
910 1480 92 30 une
1027 1472 180 47 gazette
1233 1463 221 46 littéraire
1479 1463 236 51 italienne,
1745 1462 120 43 deux
1892 1461 161 44 lettres
2079 1462 58 42 où
2166 1458 28 45 il
2223 1457 254 46 démentait

461 1536 67 43 les
557 1533 253 45 assertions
842 1533 57 43 de
929 1545 83 31 son
1044 1532 265 44 traducteur
1340 1543 115 31 avec
1486 1542 92 32 une
1609 1528 198 54 vigueur
1839 1535 45 36 et
1915 1540 93 31 une
2041 1526 232 54 précision
2306 1524 77 56 qui
2418 1538 59 31 ne

459 1601 235 44 laissaient
730 1617 23 24 «
791 1612 180 32 aucune
1007 1607 129 47 porte
1171 1606 194 36 ouverte
1402 1613 24 26 »
1444 1616 10 34 ;
1489 1597 31 44 il
1555 1595 256 55 produisait
1845 1602 132 38 entre
2013 1601 157 39 autres
2206 1601 271 47 arguments

459 1669 42 43 le
528 1675 122 37 texte
677 1667 108 45 d'un
812 1674 101 37 acte
939 1665 303 55 authentique
1270 1664 111 56 qu'il
1408 1664 122 45 avait
1557 1664 82 45 fait
1667 1663 188 44 dresser
1883 1675 116 42 pour
2025 1669 235 37 constater
2288 1674 92 42 que
2409 1660 69 45 les

458 1748 315 42 personnages
799 1735 210 42 nommés
1037 1747 80 40 par
1145 1749 24 24 «
1204 1733 198 43 Bombet
1432 1748 24 25 »
1487 1744 183 32 comme
1698 1744 78 31 ses
1807 1745 23 27 «
1863 1729 225 46 autorités
2119 1745 42 37 »,
2194 1728 284 45 déclaraient

459 1801 385 45 solennellement
885 1813 58 30 ne
985 1799 162 44 l'avoir
1186 1799 164 53 jamais
1390 1811 77 40 vu,
1511 1797 164 55 jamais
1715 1796 266 55 renseigné.
2025 1795 141 47 Cette
2208 1795 267 53 démarche,

458 1867 372 55 qu'aujourd'hui
863 1867 69 45 les
964 1866 329 46 Stendhaliens
1324 1866 237 44 déclarent
1594 1881 24 26 «
1655 1877 135 32 assez
1822 1865 216 54 comique
2075 1881 41 37 »,
2151 1863 112 46 était
2293 1871 99 38 tout
2424 1876 54 32 ce

459 1947 89 42 que
579 1933 200 56 Carpani
811 1935 186 53 pouvait
1027 1933 131 54 faire,
1192 1947 92 40 car,
1317 1933 108 45 bien
1456 1932 112 56 qu'il
1600 1935 94 52 eût,
1727 1946 58 30 au
1820 1932 273 55 frontispice
2126 1932 83 44 des
2240 1932 234 53 Haydine,

459 2002 201 54 invoqué
696 2018 23 26 «
759 2002 41 44 la
834 2002 290 52 sauvegarde
1158 2001 82 44 des
1277 2001 87 44 lois
1402 2017 42 37 »,
1482 1999 99 45 rien
1618 1999 161 45 n'était
1816 2001 103 53 plus
1954 1999 92 45 mal
2082 2001 208 53 protégé,
2329 2013 58 31 en
2424 2012 54 33 ce

459 2076 164 47 temps,
654 2082 90 41 que
771 2069 68 43 les
866 2068 142 44 droits
1035 2068 57 44 de
1119 2068 256 44 traduction
1404 2068 110 44 d'un
1543 2081 204 39 ouvrage
1775 2067 238 45 littéraire.

557 2135 62 46 La
646 2138 198 52 réponse
871 2135 138 55 qu'au
1037 2135 111 46 bout
1174 2135 58 45 de
1258 2135 113 45 neuf
1399 2135 118 45 mois
1545 2134 63 46 lui
1637 2142 188 48 apporta
1853 2148 61 32 un
1944 2134 232 46 entrefilet
2204 2135 60 45 du
2296 2134 156 46 Consti-

459 2204 224 43 tutionnel
710 2203 110 44 était
847 2203 110 44 faite
985 2215 115 42 pour
1126 2210 154 47 porter
1308 2215 58 32 au
1393 2203 183 44 comble
1602 2215 86 31 son
1715 2203 324 54 exaspération
2056 2220 10 35 ;
2095 2215 85 32 son
2211 2203 267 44 traducteur

459 2269 285 54 n'imaginait
774 2269 99 44 rien
905 2269 151 45 moins
1088 2283 90 40 que
1210 2270 57 44 de
1299 2277 242 37 retourner
1573 2277 160 37 contre
1766 2270 62 44 lui
1863 2270 302 46 l'accusation
2199 2270 59 44 de
2291 2270 184 56 plagiat,

461 2342 44 38 et
532 2335 57 43 de
617 2336 156 44 traiter
801 2336 117 44 ainsi
947 2336 43 44 le
1018 2336 104 44 volé
1152 2336 57 44 de
1237 2337 186 43 voleur:
1455 2352 23 26 «
1514 2336 90 44 Les
1632 2337 184 43 Lettres
1844 2349 81 31 sur
1953 2337 171 53 Haydn
2154 2351 92 41 que
2274 2345 106 37 tous
2410 2337 68 46 les

459 2410 234 38 amateurs
717 2403 57 43 de
799 2403 41 43 la
865 2403 274 55 symphonie
1163 2411 79 38 ont
1267 2404 100 45 lues
1393 2411 44 38 et
1461 2406 209 52 goûtées,
1700 2404 170 54 furent,
1900 2404 30 45 il
1955 2418 30 41 y
2009 2418 25 31 a
2060 2404 69 46 six
2155 2406 135 54 mois,
2319 2404 159 56 l'objet

459 2468 143 44 d'une
635 2469 297 46 réclamation
966 2483 135 31 assez
1136 2471 225 54 plaisante
1397 2471 57 45 de
1489 2472 42 44 la
1567 2479 100 47 part
1703 2472 57 44 de
1798 2472 62 44 M.
1901 2471 204 55 Carpani
2143 2473 58 44 de
2237 2473 172 53 Milan;
2447 2473 30 44 il

459 2537 193 52 prétend
685 2549 89 41 que
809 2537 62 44 M.
908 2535 148 46 César
1092 2538 198 44 Bombet
1322 2538 109 44 n'en
1464 2545 71 39 est
1568 2539 127 55 point
1727 2539 201 46 l'auteur
1961 2540 116 45 mais
2113 2540 43 45 le
2190 2540 169 56 simple
2392 2549 65 38 tra-

459 2603 206 44 ducteur.
697 2603 62 44 M.
792 2604 198 46 Bombet
1018 2618 117 32 nous
1163 2605 113 45 écrit
1304 2608 25 42 à
1359 2619 83 31 son
1472 2614 102 37 tour
1601 2619 116 42 pour
1745 2608 228 44 réclamer
2001 2615 46 37 et
2076 2620 233 42 renvoyer
2338 2611 24 42 à
2394 2622 83 31 son

458 2669 266 45 adversaire
749 2669 298 47 l'accusation
1072 2671 58 46 de
1153 2672 183 54 plagiat.
1366 2672 130 46 Nous
1520 2686 206 32 sommes
1752 2674 90 45 fort
1867 2675 322 44 embarrassés
2215 2676 115 45 dans
2357 2684 121 38 cette

458 2747 142 41 grave
633 2737 329 54 contestation;
1002 2738 67 44 les
1105 2738 157 54 pièces
1298 2740 250 53 probantes
1582 2749 255 47 manquent
1872 2742 310 46 absolument.
2223 2744 74 44 Du
2334 2751 141 46 reste,

459 2802 237 55 l'ouvrage
727 2805 201 44 méritait
959 2805 147 45 d'être
1136 2806 169 47 traduit
1336 2821 58 31 en
1428 2808 216 55 français,
1680 2808 74 45 s'il
1788 2817 71 38 est
1891 2810 174 54 italien,
2102 2825 58 30 en
2193 2812 174 53 italien,
2404 2811 73 46 s'il

459 2876 70 38 est
564 2869 213 55 français.
815 2869 65 46 Le
914 2871 116 45 livre
1065 2872 57 44 de
1155 2872 64 46 M.
1258 2873 214 56 Bombet,
1510 2874 193 55 original
1738 2890 60 31 ou
1834 2877 147 55 copie,
2019 2891 53 32 se
2108 2879 123 45 vend
2267 2881 25 43 à
2329 2879 146 54 Paris,

458 2935 114 44 chez
600 2937 47 44 P.
679 2938 151 53 Didot,
859 2952 84 32 rue
969 2940 59 44 du
1058 2939 115 46 Pont
1200 2942 57 43 de
1284 2942 111 44 Lodi
1426 2959 24 25 »
1479 2942 85 53 (2).

558 3003 72 44 De
668 3003 193 56 Vienne,
903 3006 43 44 le
985 3018 61 33 20
1083 3006 95 54 juin
1224 3008 56 44 18
1291 3008 71 54 16,
1404 3008 202 56 Carpani
1647 3010 164 47 écrivit
1849 3025 57 32 au
2383 3028 95 32 une

459 3070 168 53 longue
651 3071 206 54 missive,
886 3072 76 55 qui
988 3086 59 32 ne
1073 3074 70 45 fut
1167 3075 245 53 imprimée
1437 3090 92 41 que
1554 3078 114 45 dans
1695 3079 43 43 le
1764 3081 197 44 numéro
1987 3080 61 46 du
2076 3094 64 32 20
2165 3084 122 43 août.
2319 3081 68 46 En
2415 3097 61 31 un

534 3198 54 50 (1)
612 3198 173 40 Casimir
805 3198 241 51 Stryienski,
1068 3203 156 38 Soirées
1243 3205 55 36 du
1317 3203 332 50 Stendhal-Club,
1674 3207 133 47 Paris,
1830 3208 109 47 1905,
1962 3208 123 47 in-12,
2108 3222 123 37 pages
2251 3211 25 37 3
2295 3213 40 36 et
2356 3211 120 47 suiv.,

461 3273 17 20 «
509 3258 57 39 les
595 3258 173 39 dossiers
797 3262 49 35 de
877 3262 193 38 Stendhal
1102 3277 32 24 ».
1171 3264 118 38 Cette
1318 3264 122 38 étude
1468 3278 23 26 a
1521 3278 103 36 paru
1653 3268 325 47 primitivement
2010 3271 103 38 dans
2142 3272 40 38 le
2209 3273 188 38 Mercure
2429 3276 48 37 de

458 3316 153 41 France
639 3319 54 38 du
719 3320 100 38 mois
846 3320 207 40 d'octobre
1080 3324 108 37 1903.

557 3379 52 48 (2)
639 3380 57 35 M.
729 3380 241 48 Stryienski,
1000 3382 69 47 qui
1096 3396 23 24 a
1145 3384 244 48 mentionne,
1418 3386 103 38 mais
1548 3399 80 25 non
1653 3389 212 48 reproduit
1892 3394 108 35 cette
2028 3408 18 19 «
2076 3393 271 39 information
2376 3409 18 20 »
2424 3395 54 37 du

467 3437 345 41 Constitutionnel
830 3440 55 38 du
912 3441 48 38 26
986 3442 82 37 mai
1096 3442 109 47 1816,
1235 3443 64 38 dit
1328 3457 89 36 que,
1450 3446 179 48 Carpani
1658 3452 127 45 ayant
1813 3450 140 48 publié
1982 3464 71 25 son
2081 3452 106 38 livre
2215 3466 48 26 en
2295 3455 109 47 1812,
2437 3457 41 36 et

458 3498 125 48 Beyle
608 3499 142 38 datant
778 3513 61 26 ses
867 3502 140 38 lettres
1033 3502 51 38 de
1111 3504 108 46 1808,
1248 3504 100 38 dans
1378 3518 69 26 son
1477 3507 161 39 volume
1663 3508 190 50 imprimé
1878 3525 52 25 en
1957 3513 110 46 1814,
2099 3513 180 50 Carpani
2307 3514 171 50 pouvait

458 3569 137 36 passer
622 3570 102 36 pour
746 3560 37 37 le
809 3560 247 40 traducteur.
1087 3563 56 38 Le
1169 3564 83 38 très
1277 3565 136 38 érudit
1439 3567 174 49 critique
1639 3569 154 39 n'a-t-il
1820 3586 73 34 pas
1920 3586 55 25 vu
2001 3587 79 35 que
2105 3574 102 40 dans
2234 3577 36 37 le
2297 3577 104 38 livre

462 3616 189 48 Carpani,
682 3621 134 36 toutes
846 3620 55 38 les
931 3622 141 40 lettres
1102 3626 91 34 sont
1223 3625 137 38 datées
1390 3626 49 37 de
1470 3627 97 39 1808
1595 3629 24 37 à
1649 3630 94 38 1811
1759 3631 14 36 ?
1803 3631 127 50 Beyle
1959 3647 23 25 a
2013 3634 152 49 changé
2194 3635 59 39 les
2283 3636 116 41 dates
2429 3635 49 39 de

458 3688 172 37 presque
649 3681 147 44 toutes,
821 3681 116 47 mais,
961 3695 102 35 pour
1086 3683 214 49 plusieurs,
1326 3686 52 38 de
1399 3687 191 50 quelques
1613 3690 113 48 jours
1750 3691 51 39 de
1822 3692 222 42 différence
2069 3696 234 41 seulement.
