2654 4252
372 920 672 145 JOSEPH
1166 916 635 106 HAYDN

468 1309 105 44 'EST
604 1320 114 32 avec
746 1319 62 32 un
837 1304 178 54 orgueil
1044 1307 95 42 très
1169 1302 404 56 compréhensible
1602 1310 45 37 et
1675 1305 94 42 très
1797 1300 172 54 justifié
1999 1312 90 42 que

501 1373 257 46 l'Autriche
789 1373 188 44 célèbre
1007 1385 54 30 ce
1091 1371 181 44 mois-ci
1305 1371 41 44 le
1377 1368 267 47 centenaire
1674 1368 57 45 de
1763 1368 41 45 la
1835 1376 117 37 mort
1981 1367 111 44 d'un

499 1441 58 45 de
584 1453 78 32 ses
689 1439 73 45 fils
790 1438 69 45 les
887 1438 103 55 plus
1016 1438 219 52 illustres,
1266 1438 211 43 créateur
1505 1436 257 44 incontesté
1790 1436 56 43 de
1875 1433 40 45 la
1943 1433 149 45 forme

502 1507 239 45 définitive
772 1507 83 44 des
885 1505 301 55 symphonies
1217 1512 46 38 et
1292 1504 82 45 des
1405 1511 234 47 quatuors.
1674 1502 100 44 Elle
1805 1499 288 56 manquerait

503 1574 259 56 cependant
786 1585 88 32 aux
897 1571 104 56 plus
1023 1571 191 55 simples
1239 1570 184 45 devoirs
1447 1570 56 45 de
1527 1568 190 56 l'équité
1740 1568 38 44 si
1802 1568 91 44 elle
1914 1580 59 31 ne
1997 1580 75 41 per-

504 1639 178 47 mettait
710 1653 81 40 pas
819 1641 26 42 à
874 1639 42 44 la
945 1638 208 53 Hongrie
1181 1638 58 44 de
1266 1636 310 55 revendiquer
1604 1648 92 31 une
1725 1646 160 42 grosse
1913 1641 98 47 part
2039 1632 57 46 de

90 1713 39 44 la
153 1712 153 54 gloire,
334 1711 75 55 qui
434 1709 183 55 rejaillit
641 1722 79 30 sur
744 1707 104 52 elle,
877 1706 108 45 d'un
1010 1719 107 31 nom
1142 1704 158 45 inscrit
1324 1718 57 31 au
1407 1705 82 43 bas
1513 1710 95 37 tant
1633 1703 56 44 de
1714 1702 379 44 chefs-d'œuvre.

89 1778 90 45 Car
203 1791 86 31 non
315 1778 260 44 seulement
601 1775 168 54 Haydn
795 1773 158 55 naquit
978 1773 114 44 dans
1117 1773 43 43 le
1185 1771 239 52 voisinage
1450 1770 57 45 de
1533 1771 41 43 la
1600 1769 222 44 frontière
1847 1767 249 54 hongroise

90 1853 42 36 et
156 1853 75 36 eut
257 1858 75 31 ses
359 1851 149 37 restes
535 1842 190 45 mortels
751 1842 300 52 transportés,
1081 1851 57 32 en
1173 1838 138 52 1820,
1340 1839 24 42 à
1393 1838 40 43 la
1461 1836 139 55 petite
1627 1836 109 44 ville
1763 1834 248 54 hongroise
2039 1834 57 43 de

91 1912 257 44 Kismarton
378 1910 76 52 (en
483 1909 230 45 allemand
744 1906 303 52 Eisenstadt),
1080 1908 58 41 où
1168 1905 29 44 il
1226 1904 121 45 avait
1376 1905 117 43 vécu
1523 1903 199 54 pendant
1750 1915 92 31 une
1870 1900 228 45 trentaine

92 1978 216 45 d'années
331 1980 24 42 à
379 1977 41 45 la
443 1990 112 31 cour
578 1976 83 44 des
685 1974 184 55 princes
892 1973 272 52 Esterhazy,
1191 1970 115 46 mais
1330 1970 30 44 il
1385 1969 131 55 puisa
1540 1968 125 45 aussi
1689 1982 91 31 une
1805 1967 172 55 grande
2000 1980 75 41 par-

91 2044 59 44 tie
172 2044 54 44 de
247 2058 76 30 ses
344 2043 297 55 inspirations
664 2043 114 43 dans
800 2041 138 44 l'âme
960 2038 264 55 hongroise,
1250 2046 44 37 et
1318 2037 43 44 le
1383 2038 235 42 caractère
1641 2035 57 44 de
1720 2047 83 32 son
1827 2034 118 54 style
1969 2040 129 48 porte

90 2124 75 32 sur
188 2111 59 45 lui
269 2112 113 44 dans
404 2119 152 37 toutes
579 2123 78 31 ses
678 2107 331 55 compositions
1033 2104 291 55 l'empreinte
1347 2103 56 46 de
1428 2103 40 44 la
1491 2101 264 53 bonhomie,
1781 2102 57 43 de
1861 2102 42 43 la
1926 2100 144 44 mélan-

91 2177 112 45 colie
240 2178 236 54 héroïque,
518 2177 58 44 de
613 2176 13 44 l
637 2175 210 44 'humour
884 2172 258 53 inoffensif,
1183 2172 57 44 de
1279 2168 503 56 l'impressionnabilité
1820 2169 275 51 généreuse,

91 2243 180 55 mitigée
305 2244 56 45 de
395 2242 316 57 pondération,
749 2243 82 43 des
866 2239 247 54 Hongrois.
1153 2239 72 43 De
1259 2237 40 44 là
1334 2244 120 38 cette
1488 2235 264 46 lumineuse
1784 2234 156 52 clarté,
1977 2240 120 36 cette

92 2319 237 45 reposante
364 2310 250 53 franchise,
651 2322 53 31 ce
739 2307 186 45 sérieux
960 2305 199 47 aimable
1193 2305 114 44 dans
1342 2302 305 55 l'expression
1682 2302 56 43 de
1774 2301 40 43 la
1849 2299 222 45 sentimen-

92 2377 120 45 talité
244 2377 299 55 germanique
574 2377 58 45 de
665 2375 168 54 Haydn
867 2387 90 42 que
989 2373 92 44 l'on
1113 2386 59 30 ne
1204 2379 217 37 retrouve
1453 2370 114 44 chez
1599 2380 150 33 aucun
1782 2368 57 43 de
1870 2380 77 31 ses
1978 2378 91 32 com-

93 2444 210 53 patriotes
321 2464 8 24 :
369 2444 125 44 Bach
534 2451 70 37 est
641 2443 103 54 plus
782 2440 204 55 abstrait,
1026 2439 178 44 Mozart
1240 2438 103 53 plus
1381 2436 263 55 passionné,
1686 2434 271 44 Beethoven
1996 2432 102 54 plus

92 2512 214 52 emporté,
345 2511 172 43 Weber
555 2509 103 55 plus
694 2507 306 54 romantique,
1042 2505 229 46 Schubert
1308 2504 103 54 plus
1450 2501 272 51 fantaisiste,
1763 2499 334 45 Mendelssohn

92 2575 98 54 plus
220 2578 201 53 sensuel,
453 2590 109 31 sans
592 2576 151 55 parler
773 2575 58 44 de
862 2573 282 52 Schumann,
1178 2571 56 45 de
1265 2570 201 54 Wagner
1496 2582 59 31 ou
1585 2568 57 44 de
1672 2566 138 54 Liszt,
1844 2579 78 31 ces
1952 2564 146 46 idoles

93 2642 53 45 de
178 2643 159 45 l'école
369 2643 260 45 allemande
661 2642 237 44 moderne.

188 2709 54 47 Et
264 2710 90 45 l'on
378 2711 147 46 aurait
548 2718 89 37 tort
661 2710 57 44 de
741 2708 149 44 croire
915 2721 91 39 que
1030 2707 68 43 les
1122 2704 253 46 musiciens
1400 2704 56 43 de
1482 2714 83 32 son
1590 2714 113 42 pays
1727 2713 59 32 ne
1811 2712 52 32 se
1888 2705 103 38 sont
2016 2710 81 42 pas

93 2788 189 43 aperçus
306 2777 56 45 de
387 2790 79 32 ces
491 2776 199 56 qualités
715 2773 320 57 particulières
1061 2772 59 45 du
1146 2770 136 55 génie
1308 2770 57 45 de
1392 2770 182 53 Haydn.
1604 2768 63 44 Ils
1693 2780 56 32 en
1776 2773 77 38 ont
1878 2767 74 43 été
1980 2764 94 54 frap-

94 2844 79 51 pés
196 2843 159 55 depuis
378 2844 107 45 bien
509 2844 261 53 longtemps
793 2841 117 53 déjà,
936 2838 247 56 puisqu'ils
1205 2837 63 45 lui
1292 2844 79 37 ont
1395 2836 151 45 donné
1569 2848 115 42 pour
1708 2832 238 55 sobriquet
1971 2830 105 55 l'épi-

95 2909 120 45 thète
244 2911 55 43 de
332 2927 24 25 «
392 2911 123 54 Papa
550 2928 40 26 ».
626 2909 71 45 Vu
729 2921 83 31 son
845 2907 143 54 grand
1020 2909 99 50 âge,
1153 2904 155 45 c'était
1339 2902 334 46 certainement
1705 2914 61 31 un
1798 2904 298 40 mouvement

95 2975 258 47 affectueux
380 2979 77 53 qui
485 2978 42 44 la
555 2977 101 44 leur
683 2975 170 52 dictait,
884 2976 135 52 après
1047 2971 129 46 avoir
1204 2973 74 42 été
1306 2970 254 53 subjugués
1586 2981 82 42 par
1696 2968 42 44 le
1766 2966 188 44 charme
1981 2972 45 36 et
2055 2964 41 43 la

96 3044 130 49 grâce
258 3044 76 54 qui
367 3057 52 31 se
452 3044 228 53 dégagent
715 3042 57 44 de
806 3048 97 37 tout
936 3053 83 31 son
1054 3052 176 38 œuvre,
1269 3039 232 51 évoquant
1536 3036 42 43 le
1613 3032 220 47 souvenir
1867 3032 59 44 du
1960 3032 137 42 xvm*

96 3107 151 55 siècle,
274 3111 55 43 de
353 3118 120 38 cette
496 3109 175 46 société
694 3108 230 51 brillante,
950 3104 257 57 spirituelle
1232 3111 45 38 et
1301 3115 273 41 corrompue
1599 3101 57 44 de
1680 3099 198 46 l'ancien
1903 3097 190 54 régime,

97 3173 235 48 effondrée
358 3190 181 32 comme
564 3190 62 32 un
654 3176 196 44 château
877 3175 57 44 de
961 3180 151 37 cartes
1138 3184 58 31 au
1224 3169 201 55 premier
1453 3168 169 45 souffle
1650 3168 58 44 de
1734 3167 41 43 la
1804 3163 289 47 Révolution.

100 3238 263 50 Seulement
398 3243 56 45 ils
490 3252 77 37 ont
602 3242 156 45 oublié
793 3255 92 41 que
921 3239 198 45 l'auteur
1154 3238 57 43 de
1248 3238 41 43 la
1329 3236 219 44 Création
1583 3247 59 31 ne
1678 3247 52 31 se
1766 3239 215 38 contente
2016 3242 82 42 pas

99 3306 140 46 d'être
265 3309 41 44 la
331 3311 221 53 synthèse
578 3309 225 45 musicale
830 3307 56 45 de
913 3320 84 31 son
1023 3313 164 46 temps.
1218 3302 61 45 Sa
1305 3302 154 54 plume
1486 3315 26 31 a
1536 3314 93 32 une
1654 3300 196 53 vigueur
1875 3296 220 55 juvénile,

99 3379 56 45 et,
184 3373 111 46 dans
322 3389 76 31 ses
425 3376 144 53 idées,
600 3389 58 31 on
686 3383 104 36 sent
816 3373 196 45 circuler
1040 3384 92 33 une
1160 3369 233 45 fraîcheur
1421 3368 112 54 qu'il
1560 3375 71 37 est
1658 3365 270 55 impossible
1955 3364 58 44 de
2041 3375 59 32 ne

101 3450 76 40 pas
209 3441 218 46 attribuer
459 3444 25 43 à
517 3441 269 46 l'influence
820 3441 109 44 d'un
962 3440 204 43 élément
1200 3444 130 37 autre
1364 3448 89 41 que
1488 3434 69 45 les
1590 3440 216 38 courants
1840 3431 260 45 dominants

101 3504 54 44 de
178 3504 224 59 l'époque.
430 3509 67 45 Or
521 3517 74 37 cet
617 3509 204 44 élément
845 3515 70 36 est
938 3507 43 44 le
1005 3504 159 45 milieu
1187 3502 234 53 hongrois,
1448 3500 304 45 moralement
1776 3511 114 31 avec
1912 3509 51 32 sa
1987 3499 113 41 sève

101 3568 322 52 intellectuelle
457 3575 298 52 débordante,
790 3573 283 54 comprimée
1107 3570 201 55 pendant
1341 3568 232 56 plusieurs
1607 3565 238 45 centaines
1879 3564 222 44 d'années

103 3648 76 40 par
212 3639 67 44 les
313 3641 236 46 calamités
585 3641 261 56 politiques,
885 3648 46 37 et
967 3639 123 44 enfin
1126 3640 129 52 prête
1291 3638 24 42 à
1351 3633 265 55 s'épanouir
1653 3633 113 43 dans
1800 3643 93 33 une
1930 3628 147 46 renais-

104 3714 133 36 sance
259 3706 195 47 féconde
476 3717 44 37 et
542 3709 149 45 idéale
708 3727 9 34 ;
741 3707 359 55 physiquement
1123 3716 113 33 avec
1259 3715 83 32 son
1366 3701 87 45 ciel
1477 3699 203 52 radieux,
1706 3711 115 32 avec
1843 3710 50 32 sa
1917 3695 184 56 popula-
