4805 6761
264 6420 50 39 66

281 285 471 84 Gedichte

279 487 259 54 Wilhelm
574 489 193 65 Runge

279 617 127 53 Blut
445 619 230 54 schürzt
698 618 166 66 lässig

279 703 118 53 lose
439 705 174 52 winkt
651 705 89 53 die
778 705 211 66 Wange

281 788 161 55 Seele
478 792 146 51 sinkt
658 789 370 54 erschrocken
1061 793 53 47 in
1148 786 87 53 die
1267 786 141 52 Knie

280 875 176 53 Mund
490 880 206 62 springt
732 875 201 52 drüber

281 959 286 67 stolpernd

281 1052 172 46 stürzt
492 1047 98 51 das
622 1046 221 51 Lachen

283 1131 235 53 Weinen
558 1130 282 54 streichelt
884 1129 98 52 das
1022 1135 288 45 zerzauste
1351 1127 145 52 Kind

281 1218 110 51 und
422 1218 87 51 die
546 1216 309 52 Sehnsucht
888 1214 171 52 durch
1093 1212 98 54 der
1227 1212 198 67 Augen
1461 1211 173 53 Staub

280 1309 171 45 tastet
484 1302 145 52 ihrer
663 1301 180 51 Stirne
878 1299 236 53 Sternen
1145 1299 159 52 nach.

278 1559 158 65 Auge
479 1558 165 65 hängt
684 1562 116 48 sein
836 1556 242 54 Lächeln
1113 1557 141 52 nach
1298 1556 125 52 dem
1461 1555 200 53 Winde

280 1643 309 53 Sehnsucht
629 1643 210 66 schlägt
878 1643 88 52 die
1008 1642 195 52 Hände
1242 1662 100 31 vor
1383 1641 87 52 die
1513 1640 148 53 Stirn

278 1728 150 53 blind
464 1735 159 59 tappt
658 1728 208 52 Lieben

279 1813 241 52 hellblau
553 1820 152 45 tanzt
741 1814 98 51 der
875 1813 114 66 Tag

279 1898 238 54 Scherze
556 1899 222 51 winken

276 1983 263 52 Lockend
575 1983 137 52 läuft
752 1984 127 51 dein
917 1982 176 54 Mund
1154 2002 10 11 '

276 2072 100 48 mir
410 2068 200 53 durchs
646 2068 149 53 Haar

276 2157 96 48 mit
414 2154 441 52 sommerheißen
894 2153 205 53 Sohlen

274 2237 205 52 Deiner
510 2239 210 65 Lippen
752 2247 121 45 rote
906 2239 187 52 Rosen
1126 2239 168 52 fallen
1324 2245 218 47 meinen
1575 2239 220 53 lahmen
1827 2237 232 54 Blicken
2091 2241 56 49 in
2180 2237 109 52 den

2133 2321 156 67 [Arm

276 2408 198 52 hasten
508 2410 156 52 herzt

276 2494 102 50 Die
419 2494 200 51 dürren
662 2494 195 52 Hände
899 2495 227 52 dürsten

275 2578 178 53 Küsse
493 2587 232 57 protzen
765 2580 296 52 Schenken

273 2668 215 62 wiegen
522 2665 208 52 Hüften

276 2748 198 66 fangen
515 2750 221 52 Lachen

276 2834 185 52 fassen
495 2836 236 51 Weinen

273 2920 141 64 gehn

275 3005 211 52 kehren
527 3012 220 46 stürzen

273 3090 268 52 kichernd
572 3092 148 64 biegt
750 3091 81 52 ihr
861 3091 231 54 blendes
1121 3093 162 54 Kleid

272 3178 100 48 mir
405 3179 54 47 in
496 3176 86 52 die
616 3177 212 52 Hände.

271 3386 231 54 Blumen
536 3388 226 55 flattern
800 3389 249 54 Sommer

270 3471 134 53 Duft
442 3477 191 49 nimmt
668 3475 164 52 beide
871 3483 161 46 roten
1066 3477 229 54 Backen
1331 3480 114 53 voll

270 3555 188 54 Falter
496 3563 214 62 wiegen
748 3559 165 55 Wald

272 3641 308 54 Goldkäfer
619 3644 253 54 schreien

270 3726 247 54 Mücken
553 3730 302 66 strampeln
890 3731 319 55 himmelauf
1245 3734 111 52 und
1396 3736 70 52 ab

270 3812 141 51 Heiß
445 3817 71 48 im
548 3813 137 52 Arm
719 3813 99 55 der
847 3815 197 54 Fische
1078 3817 169 68 hängt
1281 3819 98 54 das
1413 3819 265 55 Bächlein

270 3896 203 53 Unken
508 3899 221 65 patscht
763 3900 418 69 Libellenflügel
1212 3905 158 52 wach

270 4024 219 66 Zweige
524 4025 198 54 lachen

270 4109 254 54 tuscheln

270 4215 211 33 sonnen

270 4286 241 49 strömen

269 4364 175 68 Vögel
475 4378 197 55 wogen
703 4368 228 55 Wiesen

267 4449 180 66 liegen
481 4450 148 55 flach

268 4536 161 51 ziehn
466 4537 86 52 die
592 4537 404 56 Ahorndolden
1032 4561 71 34 an
1139 4542 109 53 den
1283 4542 234 55 Händen

267 4620 136 53 böse
444 4622 251 53 schelten
734 4624 210 54 Bienen
981 4629 55 50 in
1074 4627 109 53 den
1216 4626 135 57 Bart

270 4705 340 55 Zwitschern
653 4709 213 54 streckt
911 4710 88 53 die
1043 4713 530 55 sommerschweren
1616 4715 228 55 Glieder

269 4790 305 55 Taumelnd
609 4793 124 54 tollt
771 4795 97 53 des
903 4795 199 56 Atems
1138 4796 380 70 Flügelschlag

269 4877 110 52 und
419 4877 99 53 der
553 4878 201 67 Augen
790 4879 165 55 wilde
993 4880 188 56 Rosen
1220 4888 273 63 springen.

268 5102 187 54 Wiese
490 5105 226 55 blinzelt

270 5187 183 53 Sonne
488 5200 192 55 regnet

270 5272 138 53 Steif
441 5276 146 51 steht
620 5276 184 56 Strahl
834 5283 56 49 in
920 5280 236 54 tausend
1187 5281 429 56 Silberhöschen

267 5357 231 52 Blumen
530 5362 177 51 raffen
739 5364 155 52 ihren
929 5364 233 55 Schiller
1198 5368 92 52 auf

269 5440 260 54 Häschen
559 5446 227 53 streicht
823 5447 108 53 den
961 5448 265 55 Kummer
1256 5471 109 32 von
1398 5451 107 53 den
1541 5451 190 56 Ohren

266 5525 236 54 Nesseln
536 5548 246 36 summen

267 5610 241 55 Frösche
544 5613 290 56 klatschen
871 5618 165 61 Quak

266 5695 111 53 und
411 5696 97 53 des
539 5697 322 59 Blättchens
894 5704 347 55 seidenzarte
1272 5706 164 53 Brust
1468 5712 166 61 wiegt
1668 5709 99 54 des
1798 5709 281 58 Sommers
2108 5711 170 56 Atem

267 5783 70 51 ab
372 5782 113 52 und
517 5784 107 53 auf.
1833 5782 4 55 1
2247 5801 30 23 >

265 5994 166 55 Welk
461 5997 155 52 ward
649 5997 99 54 der
781 5999 183 55 Sonne
998 6002 200 55 Strauß
1229 6009 57 49 in
1321 6005 203 54 deinen
1554 6006 201 67 Augen

265 6091 137 54 ganz
441 6082 136 54 leise
618 6083 150 54 weht
809 6084 97 56 des
944 6086 284 57 Flüsterns
1264 6089 381 70 Flügelschlag

265 6171 97 49 mit
407 6167 252 54 weichen
705 6168 402 58 Kinderarmen
1152 6173 169 55 fallen
1365 6176 221 53 Tränen
1633 6177 100 55 der
1779 6177 164 56 Seele
1989 6178 289 56 Jauchzen

1626 6262 108 65 [um
1774 6263 109 55 den
1917 6263 188 57 lieben
2141 6265 136 55 Hals

2554 286 97 54 das
2685 287 244 55 hinsinkt
2962 288 93 53 auf
3090 288 98 53 der
3219 287 148 53 öden
3396 285 129 55 Flur
3558 286 100 54 des
3689 285 207 56 Munds

2552 373 124 52 hart
2711 373 139 53 trifft
2883 373 99 53 des
3019 373 355 66 Schweigens
3409 372 171 55 Faust
3616 373 111 53 ihm
3761 376 86 51 ins
3882 372 248 55 Gesicht.

2553 599 303 52 Stammeln
2889 600 154 55 beißt
3076 602 237 54 Worten
3346 607 55 49 in
3434 602 89 54 die
3558 600 180 67 eilgen
3769 600 198 54 Hände

2551 683 242 55 Lächeln
2828 685 220 54 winselt
3078 694 217 47 warten

2551 769 136 53 leise
2721 769 153 53 lehnt
2913 769 98 55 des
3047 771 249 55 Wollens
3333 772 110 54 Tür

2552 854 157 66 Spalt
2739 854 198 54 schielt
2965 855 215 68 schlüpf

2553 939 194 53 Schrei
2784 941 220 53 schürzt
3039 941 88 53 die
3163 941 200 67 langen
3396 942 195 56 Röcke

2553 1031 173 48 stürzt
2757 1025 219 54 Küssen
3011 1047 70 31 an
3114 1026 108 53 den
3256 1040 193 53 ewgen
3481 1027 381 56 Kindermund

2550 1110 245 67 langsam

2551 1201 120 48 tritt
2701 1195 257 54 Trennen
2986 1201 56 48 in
3071 1196 109 53 den
3211 1196 122 54 Tod

2551 1281 88 53 die
2673 1280 162 54 Pulse

2551 1367 142 53 reißt
2724 1367 136 52 kurz
2902 1367 97 52 der
3033 1366 199 67 Augen
3267 1367 134 55 tiefe
3435 1366 227 56 Wurzel
3697 1389 99 34 aus

2550 1452 254 53 zuckend
2834 1451 213 67 schlägt
3075 1451 128 54 Blut
3233 1451 87 54 die
3350 1452 566 56 kurzbeschnittenen
3944 1454 191 68 Flügel

2553 1537 230 53 Weinen
2816 1537 138 53 läuft
2986 1537 311 53 Sehnsucht
3329 1541 54 49 in
3414 1537 88 53 die
3533 1537 364 56 Mutterhand

2551 1778 60 52 In
2645 1778 87 53 die
2766 1778 298 53 Sträucher
3097 1780 147 53 wirft
3277 1780 88 53 die
3398 1779 185 53 Sonne
3617 1779 118 53 ihre
3770 1779 238 68 goldnen
4036 1780 229 55 Kleider

2552 1863 325 53 Plätschern
2915 1865 211 53 streckt
3165 1864 98 55 des
3301 1865 250 54 Lachens
3590 1864 229 55 Glieder
3857 1885 100 34 aus

2551 1947 287 54 Jauchzen
2873 1952 209 63 springt

2553 2034 98 51 der
2695 2034 269 52 Schatten
3004 2034 194 54 Röcke
3242 2035 275 54 rauschen

2551 2118 161 53 Hitze
2748 2119 168 54 stickt
2950 2119 98 54 des
3080 2119 199 55 Atems
3311 2127 184 47 zartes
3526 2121 146 55 Kind

2552 2203 175 53 Staub
2766 2205 230 53 streicht
3037 2205 250 53 Sommer
3329 2204 263 55 fluchend
3629 2226 98 34 aus
3771 2206 99 52 der
3910 2205 181 54 Stirne

2555 2289 223 53 Wasser
2814 2289 234 67 hungert
3084 2290 245 54 Dürsten

2551 2373 220 54 Suchen
2810 2375 131 52 rafft
2980 2375 98 53 des
3116 2374 191 66 Auges
3344 2375 160 67 lange
3548 2375 276 68 Schleppe

2550 2459 211 52 Finden
2796 2458 119 54 fällt
2947 2460 110 53 ihm
3089 2459 274 67 glücklich
3395 2481 91 33 um
3520 2460 108 54 den
3658 2461 135 54 Hals

2550 2544 158 52 zahm
2742 2545 131 53 frißt
2911 2545 229 53 Wasser
3177 2565 97 33 aus
3313 2545 97 53 der
3446 2546 230 54 Wiesen
3712 2547 237 52 Händen

2550 2631 160 50 sucht
2747 2631 98 51 des
2882 2629 227 54 Waldes
3146 2642 228 56 moosge
3407 2630 212 68 Krippe
3659 2632 92 53 auf

2547 2713 156 54 Rehe
2738 2715 355 54 schwimmen

2547 2799 219 53 Beeren
2800 2797 264 59 schüttelt
3096 2800 307 54 Kreischen

2547 2884 131 53 blau
2713 2889 167 63 wiegt
2917 2886 144 53 hoch

2547 2969 98 54 des
2677 2970 266 54 Himmels
2977 2970 425 68 Schmettertag.

2547 3195 345 54 Schluchzen
2928 3201 145 49 rinnt
3111 3202 55 48 in
3201 3199 206 52 Deiner
3444 3200 184 53 Haare
3668 3200 131 54 Bett

2545 3279 196 55 Hände
2783 3282 290 53 stammeln

2545 3364 126 53 Blut
2705 3366 130 52 frißt
2866 3371 54 48 in
2954 3367 88 53 die
3075 3366 194 55 Adern

2544 3449 170 53 Atem
2750 3450 168 67 hängt
2959 3473 69 31 an
3066 3451 192 56 deines
3295 3453 250 55 Lachens
3587 3454 161 54 Blüte

2545 3534 177 65 bange
2761 3540 170 49 weint
2971 3541 118 49 sein
3126 3537 381 68 Flügelschlag

2545 3618 294 68 Trennung
2880 3620 212 67 schlägt

2543 3705 383 53 verstümmelt
2959 3706 194 54 bluten
3189 3707 180 54 Küsse

2542 3789 246 66 langsam

2544 3874 214 53 wächst

2545 3959 98 52 der
2675 3958 220 54 Tränen
2925 3960 180 54 Nacht

2536 4043 104 53 Dir

2543 4128 137 53 über
2714 4130 163 53 beide
2916 4131 215 67 Augen.

2540 4467 242 85 Vom
2843 4469 418 84 Werden
3324 4472 181 83 der
3564 4474 322 84 Farbe

2540 4663 139 53 Max
2716 4666 162 53 Ernst

2682 4806 101 53 Als
2823 4807 98 52 der
2959 4813 146 61 gütig
3142 4809 275 55 wollende
3458 4811 175 64 Geist,
3676 4814 97 52 der
3816 4815 168 53 heute
4029 4817 226 68 Chagall
4294 4821 127 63 will,
4461 4824 66 52 be-

2542 4894 261 51 stimmte:
2838 4893 189 52 werde
3065 4894 154 52 Grün
3253 4895 110 53 und
3397 4895 446 68 Fruchtbarkeit,
3879 4902 301 54 wachsend
4218 4906 342 66 gehorchten

2542 4974 87 54 die
2658 4977 271 54 frommen
2960 4978 279 55 Pflanzen.
3294 4980 259 68 Nahrung
3587 4986 112 52 und
3728 4984 115 55 Gift
3873 5007 190 32 waren
4095 4989 85 53 da,
4240 4990 318 56 Unbewußt

2544 5060 343 56 schuldloses
2943 5063 414 54 Wunschleben
3412 5067 111 52 und
3582 5067 263 56 Abwehr,
3948 5072 178 54 Farbe
4188 5075 97 52 der
4343 5077 184 53 Zellen-

2541 5148 508 55 zuwachswunder.

2681 5246 102 53 Die
2816 5247 282 54 Haßfarbe
3136 5270 110 32 von
3277 5249 400 69 Pflanzengrün
3711 5255 187 53 mußte
3935 5257 343 67 gleichzeitig
4318 5258 68 53 da
4423 5263 134 51 sein.

2542 5328 163 54 Nicht
2742 5332 278 67 Zeugung:
3059 5334 331 68 Spiegelung
3429 5337 98 53 des
3564 5338 251 66 Polaren,
3858 5341 126 53 Rot.
4056 5343 503 67 Bewußtwerdung

2543 5414 97 54 des
2672 5416 503 69 Pflanzenplaners,
3211 5420 174 54 Geist.
3443 5422 113 53 Der
3589 5424 174 65 Geist,
3797 5447 86 32 wo
3917 5448 60 31 er
4010 5428 114 52 sich
4158 5428 182 53 selber
4371 5429 188 53 fassen

2541 5500 207 64 wollte,
2790 5503 291 54 erkannte:
3130 5509 151 49 seine
3323 5508 183 54 vielen
3545 5508 189 54 Leben
3775 5512 120 52 sind
3940 5516 104 48 wie
4086 5511 110 54 Rot
4239 5513 111 52 und
4392 5514 164 54 Seele

2541 5589 55 48 in
2630 5586 98 52 der
2762 5587 224 54 Pflanze
3020 5590 149 63 Leib,
3208 5595 57 48 in
3301 5591 98 53 der
3435 5598 78 48 sie
3553 5595 251 53 schaffen
3838 5596 136 53 oder
4011 5597 265 66 sündigten
4314 5597 241 57 können.

2541 5669 317 71 Schöpfung
2892 5678 92 49 ist:
3020 5674 597 71 Eigenformwerdung,
3656 5680 204 53 Sünde:
3898 5681 439 54 Zurückbleiben
4375 5684 185 54 hinter

2540 5754 100 54 der
2667 5757 273 65 gesollten
2967 5759 179 55 Form.

2678 5842 112 53 Das
2819 5844 333 55 Mittelalter
3178 5847 339 56 bestimmte:
3553 5855 119 48 töte
3702 5851 97 53 das
3829 5850 203 66 Leben,
4065 5851 170 55 damit
4268 5854 99 54 der
4397 5856 161 55 Geist

2538 5925 103 54 frei
2687 5927 206 56 werde.
2978 5929 158 54 Viele
3181 5937 220 48 töteten
3445 5936 116 52 sich
3606 5936 69 52 ab
3722 5946 196 55 wegen
3960 5940 153 49 einer
4161 5939 385 55 himmlischen

2540 6011 159 55 Frau.
2769 6014 102 53 Die
2907 6015 163 52 Form
3109 6016 162 54 sollte
3642 6024 133 49 sein.

2679 6097 529 71 Geistwerdungist
3240 6103 448 68 Ueberwindung
3721 6105 99 53 der
3851 6105 241 68 Pflanze,
4127 6109 397 56 Entschleuder-

2538 6194 106 54 ung
2680 6185 98 52 der
2816 6184 403 68 Eigenformen.
3285 6189 112 54 Der
3430 6190 134 53 Leib
3602 6210 231 35 unseres
3870 6191 219 57 Lebens
4127 6197 191 53 kostet
4354 6204 200 60 grünes

2536 6268 259 55 frommes
2861 6270 401 66 Pflanzenblut,
3329 6282 258 58 entzeugt
3651 6282 179 47 rotem
3896 6281 341 65 zeugendem
4304 6282 250 55 Leibsaft
