3045 4117
106 3989 31 25 12

112 118 270 34 Kneetschke
407 115 78 34 (liest
512 120 58 27 und
595 116 122 28 taumelt
744 118 136 31 langsam
907 117 69 28 rück-

147 169 93 28 wärts
256 185 38 4 —
308 167 46 29 bis
372 175 32 20 er
424 167 51 28 auf
492 167 58 28 den
567 167 118 27 hintern
703 165 181 29 Wandstuhl
902 162 90 35 fällt):

150 219 59 29 Oh!
230 217 60 30 Oh!
311 217 61 30 Oh!

111 269 220 28 Wladimir
365 269 78 27 setzt
475 268 62 29 sich
572 268 115 28 wieder
722 269 49 28 auf
805 269 56 28 den
895 268 97 28 linken

148 319 177 30 Wandstuhl
346 320 59 29 und
424 316 117 32 lächelt'

108 368 123 31 Papa:
255 367 54 29 So!
331 367 54 29 So!
410 367 54 29 So!

179 419 56 31 Mit
250 421 97 28 einem
362 419 85 32 Ruck
463 419 130 29 erheben
608 420 63 29 sich
689 421 76 28 dann
783 421 55 29 alle
854 420 63 28 drei
932 419 58 28 und

181 469 103 30 stehen
301 470 69 28 steif
385 470 37 29 da
436 487 37 3 —
487 469 192 32 Kneetschke
696 470 71 29 hebt
785 472 80 27 seine
884 469 106 28 beiden

175 520 110 28 Fäuste
316 520 77 28 hoch
426 528 67 20 zum
525 519 129 31 Himmel
686 529 114 25 empor,
833 518 157 29 Wladimir

179 568 84 29 faltet
282 568 74 28 über
376 569 114 27 seinem
511 567 120 33 Haupte
649 569 83 28 seine
751 567 106 29 Hände
876 585 36 4 —
932 566 60 29 und

181 622 51 26 der
249 619 84 33 Papa
351 621 112 31 spreizt
482 621 45 28 die
546 621 75 28 zehn
639 621 107 33 Finger
765 621 98 27 seiner
882 618 107 30 beiden

179 670 106 29 Hände
304 671 72 28 weit
397 671 57 28 und
475 671 231 28 ausdrucksvoll
727 670 208 29 auseinander.

102 720 4 29 .
472 720 145 28 Gardine!

414 817 131 30 Zweiter
564 818 116 31 Aufzug

179 892 80 28 Jetzt
282 892 105 30 stehen
411 894 77 27 zwei
513 892 101 28 Stühle
639 900 57 20 vor
718 892 84 31 jeder
826 891 108 29 Wand.
958 892 30 28 In

179 943 52 29 der
252 942 87 31 Mitte
359 944 84 32 jeder
463 942 98 29 Wand
581 942 92 34 hängt
696 944 45 27 ein
764 942 105 29 ovales
891 942 78 29 Fami-

176 993 128 28 lienbild.

103 1043 286 32 Kneetschke:
415 1044 165 32 Gnädigste
607 1043 103 29 Gräfin
736 1043 102 32 Kathi!
864 1042 49 29 Ich
938 1044 33 28 be-

142 1095 140 29 schwöre
303 1094 49 30 Sie
372 1113 38 3 —
428 1094 141 30 schieben
590 1094 50 29 Sie
663 1095 46 28 die
730 1094 175 34 Verlobung
925 1094 63 30 auf!

141 1142 53 29 Ein
228 1142 98 34 Fürst,
363 1142 53 29 der
452 1143 83 28 seine
571 1141 302 33 Verlobungskarten
910 1142 81 29 nicht

139 1195 108 28 einmal
268 1195 49 28 auf
335 1193 373 31 Tausendmarkscheinen
732 1195 133 29 drucken
886 1195 101 29 lassen

140 1244 88 33 kann,
257 1246 38 27 ist
323 1252 33 22 es
385 1244 79 29 nicht
492 1247 89 31 wert,
611 1253 60 20 von
699 1245 84 29 einer
813 1245 174 32 geborenen

139 1294 106 35 Patzig
266 1295 111 33 geliebt
398 1303 37 21 zu
457 1297 134 28 werden.

104 1344 137 33 Kathi:
259 1345 200 36 Kneetschke,
477 1346 50 30 Sie
542 1347 129 29 machen
689 1346 78 30 mich
785 1346 204 33 unglücklich!

103 1394 286 32 Kneetschke:
426 1396 115 29 Lassen
581 1397 49 29 Sie
669 1405 62 26 nur,
770 1397 54 28 das
861 1395 127 35 vergeht

138 1447 124 29 wieder.

101 1496 123 33 Kathi
256 1494 65 35 (mit
346 1499 68 28 dem
435 1498 81 29 Fuße
539 1495 251 37 aufstampfend):
815 1498 98 29 Wenn
937 1498 51 29 Sie

138 1548 92 29 lieber
250 1548 154 33 vergehen
424 1548 156 30 möchten!

99 1595 131 29 Mama
255 1593 73 35 (von
350 1597 77 29 links
450 1597 53 29 mit
526 1597 172 29 wallenden
721 1593 151 37 Locken):
908 1597 80 29 Aber

137 1647 101 33 Kathi!
261 1648 102 32 Kathi!
385 1648 68 31 Wie
475 1649 109 30 kannst
608 1650 37 29 du
667 1658 55 21 nur
744 1650 56 29 den
822 1649 164 30 Fußboden

137 1707 35 21 so
193 1699 192 29 behandeln?

96 1745 289 33 Kneetschke:
422 1747 162 32 Komtesse
611 1749 38 29 ist
674 1748 138 30 verliebt.

99 1798 142 30 Mama:
268 1799 181 36 Schweigen
476 1800 60 37 Sie,
563 1800 207 33 Kneetschke!

99 1848 113 35 Papa
247 1846 73 36 (von
346 1851 101 29 rechts
473 1853 40 27 im
537 1848 180 37 Dreispitz):
744 1851 76 31 Was
847 1854 37 29 ist
910 1853 78 28 denn

137 1900 63 29 hier
221 1900 68 29 los?
330 1901 87 30 Gibts
437 1902 78 29 auch
536 1902 63 29 hier
619 1904 87 28 einen
728 1902 153 31 Aufruhr?
914 1902 74 30 Sind

140 1950 74 30 denn
235 1953 46 28 die
298 1952 144 32 Rebellen
459 1952 138 29 überall?

99 1998 139 32 Kathi:
264 1999 63 29 Ach
351 2000 98 32 Papa!
477 2000 107 30 Dieser
607 2002 165 28 verrückte
795 2001 195 32 Kneetschke

136 2048 60 30 will
218 2049 79 29 mich
320 2049 136 30 bereden
478 2069 37 3 —
537 2051 57 28 ach
616 2069 37 5 —
673 2052 131 28 meinem
828 2049 160 31 Wladimir

138 2103 106 28 untreu
277 2110 34 20 zu
345 2103 133 29 werden.
511 2100 115 34 (Weint
659 2103 203 31 schluchzend
895 2100 93 32 mit'm

137 2149 232 36 Taschentuch.)

99 2201 130 29 Mama
253 2199 219 37 (kreischend):
486 2204 100 29 Was?
599 2204 70 30 Will
685 2205 98 29 dieser
795 2204 192 33 Kneetschke

141 2249 68 32 dich
247 2253 158 29 heiraten?
464 2253 94 29 Sollst
591 2254 47 29 '»du
678 2254 78 30 Frau
795 2254 191 33 Kneetschke

134 2303 152 29 Werden?

99 2350 125 34 Papa:
244 2352 81 29 Aber
345 2353 171 29 Gemahlin!
538 2354 114 29 Werde
672 2354 79 29 doch
769 2355 82 29 nicht
871 2355 101 29 lächer-

136 2402 66 28 lich.
244 2401 41 30 So
309 2402 63 30 ist's
397 2403 77 29 doch
496 2404 81 28 nicht
601 2406 142 30 gemeint.
785 2404 202 35 Kneetschke,

137 2451 86 29 holen
246 2451 51 30 Sie
320 2453 57 28 den
402 2453 141 29 Fürsten!
590 2451 204 35 (Kneetschke
819 2451 49 35 ab)

99 2500 137 31 Kathi:
290 2501 94 35 Papa,
413 2503 54 29 das
495 2512 74 23 sage
597 2503 47 30 ich
671 2504 44 28 dir
743 2505 73 30 jetzt
844 2505 29 27 in
901 2504 89 29 allem

137 2550 116 35 Ernste,
287 2552 47 28 ich
358 2552 98 29 bleibe
483 2554 130 28 meinem
638 2553 159 29 Wladimir
824 2556 67 27 treu
929 2554 59 29 und

137 2608 90 20 wenn
246 2600 47 30 die
312 2609 97 25 ganze
429 2602 81 29 Welt
528 2604 29 27 in
576 2602 114 30 Stücke
708 2603 98 32 gehen
826 2604 87 28 sollte

101 2651 125 34 Papa:
245 2653 119 33 Kinder,
383 2655 139 33 beruhigt
539 2655 82 29 Euch
639 2656 81 28 blos!
740 2653 45 35 (er
805 2656 59 32 legt
885 2656 102 28 seinen

140 2703 150 33 Dreispitz
313 2705 49 29 auf
386 2705 55 28 den
464 2707 152 28 vorderen
640 2705 85 31 Stuhl
750 2703 123 36 rechts.)

101 2752 147 30 Mama:
269 2754 46 29 Da
334 2755 54 29 soll
407 2756 27 30 ja
456 2757 52 28 der
525 2755 104 30 Teufel
649 2757 85 33 ruhig
751 2757 134 28 bleiben!
914 2757 75 28 Wer

140 2804 79 29 kann
252 2806 76 28 denn
360 2806 54 29 das
444 2805 179 31 aushalten?
664 2805 49 31 Ich
743 2808 78 28 habe
853 2808 55 28 mir
934 2808 53 28 »die

139 2854 106 34 größte
263 2855 92 30 Mühe
374 2857 146 34 gegeben,
541 2858 45 28 die
605 2856 176 35 Verlobung
800 2858 116 28 endlich
938 2867 34 20 zu-

139 2907 106 28 stande
264 2914 37 21 zu
318 2907 125 33 bringen
461 2925 38 4 —
516 2909 59 27 und
593 2909 74 30 jetzt
684 2909 55 28 soll
757 2909 57 28 mir
833 2910 46 27 ein
898 2909 67 31 Kam-

139 2957 167 29 merdiener
327 2958 56 30 alle
404 2960 97 27 meine
522 2958 97 30 feinen
638 2957 96 30 Netze
753 2958 180 30 zerreißen?

100 3004 126 34 Papa:
243 3006 93 36 Meta,
354 3008 144 33 beruhige
515 3009 69 28 'dich
602 3008 83 29 blos!

101 3055 139 32 Kathi:
259 3057 63 30 Das
340 3060 37 28 ist
395 3060 28 30 ja
440 3057 261 31 herzzerreißend.

101 3105 113 35 Papa
231 3105 82 34 (sehr
332 3106 86 36 laut):
439 3110 119 35 Kinder,
577 3109 140 34 beruhigt
734 3109 82 29 Euch
835 3111 80 29 blos!

103 3155 220 32 Wladimir
344 3156 90 34 (auch
459 3163 38 26 im
520 3157 179 37 Dreispitz):
726 3161 45 34 Ja,
794 3161 121 35 Kinder,
939 3161 33 28 be-

143 3208 95 33 ruhigt
255 3208 81 29 Euch
355 3211 80 28 blos!
475 3211 54 30 Die
550 3211 143 32 Rebellen
712 3211 97 30 haben
830 3212 63 29 sich
913 3212 75 29 auch

141 3259 137 34 beruhigt
297 3278 37 3 —
355 3262 57 28 und
433 3261 77 29 Euer
529 3262 193 33 Kneetschke
742 3263 78 28 wird
842 3263 76 28 auch
939 3263 34 28 be-

143 3308 95 33 ruhigt
254 3311 134 27 werden.
423 3309 51 34 (Er
493 3314 60 32 legt
571 3314 102 28 seinen
692 3313 152 32 Dreispitz
863 3314 50 28 auf
932 3313 57 28 den

143 3361 149 28 vorderen
316 3360 83 30 Stuhl
422 3359 99 37 links.)

103 3409 127 35 Papa:
259 3410 167 36 Wladimir,
456 3414 90 28 nimm
574 3423 54 20 nur
658 3418 62 26 erst
750 3415 101 28 Platz!
899 3415 89 31 Bitte,

143 3462 94 28 neben
258 3463 116 27 deinem
395 3462 165 34 Dreispitz!
599 3463 48 30 Ich
668 3465 57 29 tu's
746 3464 90 30 auch!
856 3465 115 29 Frauen-

143 3514 132 33 zimmer,
297 3517 79 25 setzt
400 3513 80 29 Euch
505 3516 36 28 da
564 3514 99 31 hinten
687 3516 47 29 hin
758 3517 59 28 und
842 3517 64 28 seid
931 3516 59 29 mal

141 3560 46 27 ein
211 3560 127 30 bißchen
360 3561 66 29 still.
470 3558 76 35 (Alle
569 3564 65 28 vier
659 3566 105 27 setzen
788 3561 86 35 sich.)

104 3609 32 29 M
151 3620 101 21 ama:
271 3613 72 33 Ach,
363 3613 167 35 Wladimir,
550 3615 46 28 ich
616 3616 48 28 bin
684 3624 34 21 so
738 3617 197 33 unglücklich.

106 3660 138 31 Kathi:
265 3664 72 33 Ach,
356 3664 167 34 Wladimir,
543 3665 45 28 ich
608 3665 96 30 bleibe
725 3668 44 28 dir
788 3668 66 28 treu
873 3686 37 3 —
930 3669 59 26 wie

145 3721 31 20 es
196 3714 74 27 auch
289 3714 139 30 kommen
447 3723 78 27 mag,
544 3724 32 20 es
593 3717 39 28 ist
651 3718 53 27 mir
722 3718 77 29 alles
818 3726 77 25 ganz
914 3718 75 33 egal.

107 3761 145 30 Mama:
275 3763 80 29 Mein
377 3766 129 32 mutiges
528 3765 90 32 Kind!

107 3812 125 33 Papa:
257 3813 65 30 Nun
347 3817 63 28 seid
437 3817 75 28 doch
538 3816 116 29 endlich
677 3819 61 28 mal
764 3819 57 29 still
846 3821 58 27 und
930 3818 60 29 laßt

145 3864 57 29 den
225 3863 157 31 Wladimir
407 3868 58 28 mal
489 3867 102 29 reden.

108 3912 34 28 W
160 3914 184 29 laidimir:
369 3916 43 32 Ja,
437 3918 53 29 das
509 3917 122 30 möchte
654 3918 54 29 ich.

1068 116 129 33 Papa:
1219 117 94 28 Bitte!

1066 164 238 30 Wladimir:
1326 165 55 28 Die
1402 165 100 30 Sache
1522 167 38 28 ist
1581 165 79 29 doch
1680 174 35 21 so
1737 166 131 29 einfach:
1892 167 65 29 Wir

1103 217 109 35 lassen,
1242 226 49 20 um
1317 217 97 29 Euren
1445 217 190 33 Kneetschke
1665 227 36 20 zu
1731 219 163 33 beruhigen
1922 238 35 4 —

1108 268 91 28 damit
1223 276 31 20 er
1275 268 82 29 nicht
1378 268 104 32 Radau
1507 269 116 33 schlägt
1644 287 38 4 —-
1704 270 116 29 einfach
1844 270 113 29 falsche

1105 316 356 32 Tausendmarkscheine
1491 319 177 33 anfertigen.
1717 319 45 29 Da
1793 320 82 29 diese
1905 322 52 27 mit

1108 369 51 27 der
1181 369 132 33 Anzeige
1336 370 148 28 bedruckt
1508 370 135 33 werden,
1668 370 120 28 können
1812 372 43 28 sie
1880 371 77 29 doch

1106 418 80 30 nicht
1202 421 27 26 in
1248 420 55 27 den
1320 419 136 30 Verkehr
1473 421 146 32 gebracht
1634 421 125 28 werden
1776 439 37 3 —
1830 423 57 27 und
1905 423 35 27 da-

1105 470 53 27 mit
1179 469 37 27 ist
1240 469 75 29 doch
1337 471 67 30 jede
1426 471 112 28 Gefahr
1560 470 264 34 ausgeschlossen.

1068 518 141 32 Kathi:
1228 519 44 28 Na
1291 519 161 30 natürlich!
1472 520 57 34 Oh,
1548 522 59 28 wie
1627 520 133 30 einfach!

1068 568 145 29 Mama:
1235 570 166 35 Wladimir,
1423 573 37 27 du
1480 572 60 28 bist
1560 574 46 27 ein
1628 571 110 29 Genie!

1068 619 125 33 Papa:
1216 621 54 28 Die
1292 621 98 30 Sache
1413 623 38 28 ist
1471 623 179 28 tatsächlich
1671 631 74 21 vom
1765 624 191 30 juristischen

1105 670 191 33 Standpunkt
1319 680 55 21 aus
1395 673 207 28 unantastbar.
1646 673 54 28 Die
1724 673 134 30 falschen
1881 675 57 28 Tau-

1105 722 288 29 sendmarkscheine
1411 723 118 29 können
1548 733 60 19 von
1628 732 54 21 uns
1701 733 35 20 zu
1755 724 184 35 Verlobungs-

1101 772 145 29 zwecken
1266 773 80 29 wohl
1366 774 167 33 gebraucht
1553 774 134 29 werden.

1068 821 140 33 Kathi:
1235 824 82 28 Aber
1343 824 192 31 Kneetschke
1564 826 66 27 darf
1656 824 97 30 nichts
1782 825 99 30 davon
1911 835 31 21 er-

1105 872 113 29 fahren.
1260 873 69 29 Pst!

1067 923 225 30 Wladimir
1334 922 113 36 (leise):
1503 925 325 30 Selbstverständlich!
1884 927 72 29 Zum

1104 974 107 30 Danke
1225 975 47 29 für
1285 977 100 28 meine
1400 979 71 31 gute
1487 976 68 29 Idee
1570 976 83 29 müßt
1669 976 47 30 Ihr
1732 979 72 30 jetzt
1821 979 73 28 aber
1911 980 45 27 ein

1103 1026 124 29 bischen
1249 1025 138 32 Menuett
1409 1027 52 29 mit
1483 1029 55 28 mir
1560 1028 119 29 tanzen.

1066 1075 123 33 Kathi
1206 1073 114 37 (leise):
1338 1077 57 31 Mit
1412 1078 133 28 Wonne!

1065 1125 131 32 Mama
1222 1124 91 37 (ganz
1338 1125 101 36 leise):
1477 1130 82 28 Aber
1585 1131 57 28 wir
1679 1129 97 31 haben
1804 1132 28 30 ja
1869 1131 87 29 keine

1102 1176 116 31 Musik!

1065 1228 115 35 Papa
1195 1226 89 35 (auch
1303 1239 77 25 ganz
1397 1227 100 36 leise):
1515 1231 63 30 Das
1596 1233 38 28 ist
1651 1232 27 31 ja
1696 1233 112 33 gerade
1828 1233 54 29 das
1897 1232 39 31 Be-

1103 1280 164 33 ruhigende
1286 1289 36 21 an
1341 1282 114 28 diesem
1472 1280 147 30 Menuett.

1140 1330 55 30 Die
1209 1331 70 29 Vier
1293 1334 109 26 tanzen
1416 1331 140 31 Menuett
1571 1341 77 26 ganz
1664 1334 72 29 leise
1754 1333 78 30 ohne
1846 1333 109 31 Musik.

1139 1381 68 29 Und
1247 1383 46 28 die
1324 1382 153 30 Gardinen
1507 1384 126 28 werden
1672 1383 169 35 vorsichtig:
1879 1393 76 25 ganz

1135 1432 74 29 leise
1230 1440 184 26 zugezogen.

1380 1517 114 29 Dritter
1514 1517 117 35 Aufzug

1139 1591 93 32 Keine
1258 1592 104 30 Stühle
1388 1611 37 3 —
1450 1593 78 29 oben
1555 1602 37 21 an
1620 1595 56 28 den
1703 1594 252 30 Wandschirmen

1138 1642 304 35 Tannenguirlanden
1461 1646 54 27 mit
1532 1645 114 34 großen
1665 1646 86 29 roten
1771 1647 59 28 und
1848 1646 107 34 gelben

1134 1692 242 34 Papierblumen.

1139 1743 168 31 Weibliche
1339 1746 59 28 und
1425 1746 173 30 männliche
1629 1746 200 32 Domestiken
1860 1748 95 33 gehen

1139 1797 59 27 und
1218 1796 98 29 laufen
1338 1797 73 28 über
1431 1798 46 28 die
1496 1797 106 29 Bühne
1623 1800 52 27 mit
1695 1798 174 36 Schüsseln,
1889 1799 50 28 Tel-

1139 1847 72 33 lern,
1238 1846 157 36 Flaschen,
1424 1847 135 35 Blumen,
1588 1849 122 31 Kuchen
1740 1851 57 28 und
1825 1850 130 32 Körben.

1139 1896 141 31 Einzelne
1305 1898 198 29 Domestiken
1527 1900 125 29 flüstern
1679 1900 62 29 sich
1766 1908 96 22 vorne
1888 1908 67 21 was

1139 1948 46 29 ins
1208 1947 63 30 Ohr
1292 1967 37 3 —
1351 1950 74 29 eilen
1449 1951 73 28 aber
1541 1951 71 28 bald
1635 1952 116 28 wieder
1773 1959 78 26 weg.
1893 1952 61 28 Aus

1141 2000 56 28 den
1211 1999 254 30 Hinterzimmern
1483 2001 67 31 hört
1568 2011 69 19 man
1655 2002 222 29 Gläserklirren
1896 2004 59 28 und

1139 2049 182 30 Hochrufen.

1139 2100 229 30 Währenddem
1386 2103 152 29 erscheint
1555 2102 193 32 Kneetschke
1767 2105 60 28 und
1846 2104 94 29 schrei-

1138 2152 44 29 tet
1201 2152 229 35 nachdenkend,
1451 2154 45 27 die
1516 2153 88 28 Hand
1623 2162 49 21 am
1691 2154 85 34 Kinn,
1797 2155 92 28 durch
1908 2155 46 28 die

1139 2202 198 30 Domestiken
1358 2202 154 30 hindurch.

1134 2251 67 31 Und
1221 2249 77 34 danh
1315 2254 161 35 erscheint,
1494 2255 148 29 während
1661 2257 46 29 die
1726 2256 229 33 gewöhnlichen

1138 2303 200 31 Domestiken
1387 2306 246 33 verschwinden,
1684 2308 53 28 das
1789 2305 166 35 glückliche

1139 2354 181 37 Brautpaar,
1350 2356 77 29 ohne
1459 2357 56 30 den
1545 2356 201 35 Kneetschke,
1778 2359 52 28 der
1859 2366 96 21 vorne

1141 2406 100 29 rechts
1261 2407 106 29 stehen
1386 2407 103 34 bleibt,
1508 2416 36 21 zu
1564 2407 175 30 bemerken.

1064 2456 240 30 Wladimir:
1330 2458 100 30 Willst
1456 2460 36 28 du
1519 2459 100 33 sehen,
1643 2460 59 28 wie
1729 2460 45 28 die
1799 2459 137 29 Tausend-

1101 2508 212 30 markscheine
1333 2508 162 30 leuchten?
1513 2507 53 34 (Er
1586 2510 61 30 holt
1668 2510 46 29 ein
1734 2519 73 24 paar
1827 2510 128 29 Scheine

1102 2567 54 20 aus
1177 2560 53 27 der
1252 2559 190 30 Brieftasche
1463 2560 113 29 hervor
1599 2562 58 28 und
1679 2561 160 29 schwenkt
1862 2562 42 27 sie
1928 2562 27 27 in

1105 2609 52 28 der
1204 2608 69 31 Luft
1321 2610 105 29 herum
1475 2612 59 27 und
1585 2609 126 29 erblickt
1760 2611 88 28 dabei
1898 2609 58 29 den

1101 2657 216 36 Kneetschke.)

1065 2710 293 32 Kneetschke:
1392 2712 204 31 Durchlaucht
1630 2713 111 29 wollen
1774 2712 165 29 entschuldi-

1102 2769 67 26 gen,
1218 2762 55 28 daß
1313 2764 46 28 ich
1398 2764 77 28 mich
1514 2764 80 30 nicht
1633 2763 102 30 früher
1773 2763 182 30 bemerkbar

1103 2813 120 29 machte
1259 2832 36 3 —
1332 2814 73 29 aber
1434 2815 45 29 ich
1510 2816 108 28 dachte
1654 2815 114 32 gerade
1797 2815 73 29 über
1900 2815 55 27 das

1098 2863 106 30 'Leben
1229 2866 76 28 nach
1328 2883 38 4 —
1389 2866 46 29 ich
1461 2867 48 28 bin
1532 2867 48 28 ein
1606 2865 146 30 ehrbarer
1776 2864 93 31 Mann
1896 2866 59 29 und

1103 2914 79 29 kann
1204 2917 56 26 mir
1284 2917 99 28 dieses
1405 2916 204 29 Nachdenken
1633 2916 80 29 nicht
1736 2916 220 34 abgewöhnen,

1101 2963 40 28 da
1161 2971 33 21 es
1213 2963 78 29 doch
1313 2972 34 20 so
1367 2964 80 30 viele
1467 2965 97 32 Dinge
1585 2964 71 33 gibt,
1675 2964 48 29 die
1745 2964 63 29 sich
1829 2964 53 29 mit
1902 2964 53 29 der

1102 3015 180 30 Ehrbarkeit
1313 3018 82 28 eines
1423 3011 101 35 ffesten
1556 3016 189 30 Charakters
1776 3016 80 30 nicht
1887 3025 51 21 ver-

1102 3067 116 32 tragen.

1064 3115 241 32 W'ladimir:
1327 3118 207 32 Kneetschke!
1557 3116 72 32 Sind
1651 3117 49 30 Sie
1721 3117 163 31 Professor
1907 3126 32 25 ge-

1103 3167 150 29 worden?

1065 3217 293 32 Kneetschke:
1379 3218 220 30 Durchlaucht!
1621 3218 49 28 Ich
1691 3219 108 36 bleibe,
1821 3228 66 22 was
1909 3218 46 29 ich

1103 3270 49 28 bin
1178 3288 37 3 —
1239 3270 69 29 bloß
1336 3272 44 27 ein
1410 3271 144 29 ehrbarer
1581 3270 92 30 Mann
1702 3271 58 28 und
1788 3271 46 29 ein
1862 3271 93 29 fester

1104 3318 180 30 Charakter.

1066 3368 140 33 Kathi:
1225 3371 68 29 Und
1313 3371 49 30 Sie
1381 3373 119 29 bleiben
1522 3372 85 29 dafür
1627 3371 75 29 auch
1723 3371 46 28 ein
1789 3371 150 33 langweili-

1101 3425 54 25 ger
1175 3418 106 34 Peter;
1312 3420 118 28 bleiben
1453 3420 50 30 Sie
1526 3420 38 29 da
1586 3419 107 29 stehen
1714 3438 36 3 —
1770 3421 57 27 wir
1848 3419 107 32 gehen.

1105 3467 68 35 (Mit
1195 3471 159 30 Wladimir
1378 3472 167 30 scherzend
1568 3472 101 29 hinten
1694 3471 100 31 rechts
1819 3469 60 35 ab.)

1068 3520 291 32 Kneetschke:
1386 3523 47 29 Ob
1461 3524 55 29 das
1540 3523 77 28 noch
1645 3524 64 29 eine
1736 3521 87 31 echte
1849 3522 108 34 Patzig

1107 3570 60 28 ist?
1218 3570 47 29 Ich
1296 3572 125 35 fürchte,
1454 3574 98 28 dieser
1582 3571 206 34 Wind-Fürst,
1820 3571 53 30 der
1905 3573 52 27 mit

1106 3624 101 27 seinen
1254 3624 376 30 Tausendmarkscheinen
1678 3632 35 21 so
1759 3624 61 29 viel
1866 3624 91 29 Wind

1106 3673 129 35 machte,
1268 3674 53 31 hat
1357 3675 82 29 diese
1464 3675 109 34 Patzig
1609 3674 230 29 demoralisiert.
1884 3673 73 30 Hm!

1103 3723 69 29 -Wie
1197 3724 78 29 kann
1299 3733 68 21 man
1393 3735 54 20 nur
1472 3727 52 27 mit
1546 3734 37 20 so
1607 3725 165 29 kostbaren
1798 3725 158 32 Scheinen,

1108 3775 45 27 die
1177 3775 163 31 außerdem
1364 3777 76 29 noch
1465 3786 35 20 zu
1523 3775 342 34 Verlobungszwecken
1892 3785 49 20 ver-

1106 3825 122 30 wendet
1254 3827 126 28 werden
1409 3828 103 33 sollen,
1540 3835 34 22 so
1601 3827 59 28 viel
1687 3826 91 30 Wind
1807 3826 150 31 machen?

1102 3873 68 30 Wie
1190 3874 78 31 kann
1291 3884 68 21 man
1381 3876 77 29 nur?
1480 3877 68 35 Hm,
1569 3876 64 29 hm!
1655 3873 97 37 (Papa
1774 3878 59 29 und
1855 3876 102 29 Mama

1107 3923 163 34 kommen.)

2037 121 126 32 Papa:
2185 121 47 28 Ich
2250 122 125 35 fürchte,
2394 125 56 28 daß
2470 126 54 28 das
2540 125 139 35 Unglück
2698 128 79 30 nicht
2796 128 64 30 fern
2878 130 48 29 ist.

2036 171 145 31 Mama:
2203 172 78 29 Ach!
2304 173 67 30 Wie
2392 175 57 28 hab
2472 176 45 28 ich
2538 177 78 28 mich
2637 179 220 29 erschrocken!
2879 180 47 29 Da

2074 223 80 28 sieht
2175 224 27 30 ja
2224 224 52 28 der
2296 224 207 30 Kneetschke!

2036 273 283 31 Kneetschke:
2344 274 79 29 Bitte
2449 285 48 19 um
2521 277 199 37 Verzeihung,
2743 280 79 29 Euer
2848 280 60 29 Gna-

2074 324 72 28 den!
2168 324 46 29 ich
2234 324 75 32 gehe
2332 325 108 29 schon!

2036 374 127 33 Papa:
2188 374 124 29 Bleiben
2336 375 50 29 Sie
2409 378 115 28 stehen.
2567 378 107 31 Haben
2698 380 50 29 Sie
2774 382 46 28 die
2843 381 63 29 Hun-

2075 425 279 29 dertmarkscheine
2373 435 67 20 zum
2458 427 138 31 Drucker
2613 431 172 32 getragen?

2035 475 292 31 Kneetschke:
2345 476 78 30 Euer
2443 478 126 30 Gnaden
2589 482 109 31 mögen
2717 483 155 31 vergeben
2890 500 37 5 —

2074 526 73 29 aber
2167 527 46 28 ich
2232 527 77 28 habe
2329 528 46 28 die
2395 528 128 30 Scheine
2542 532 47 26 nie
2609 531 190 31 bekommen.

2036 576 146 30 Mama:
2204 577 81 29 Aber
2308 577 165 30 Hellmuth!
2496 579 82 30 Jetzt
2599 581 131 33 sprichst
2753 583 36 29 du
2811 584 116 29 wieder

2073 635 61 21 von
2189 626 380 33 Hundertmarkscheinen.
2632 631 76 32 Was
2763 634 55 28 soll
2874 634 53 28 der

2074 678 190 31 Kneetschke
2289 679 68 29 bloß
2382 681 101 28 davon
2509 682 141 29 denken?
2694 682 157 31 Wladimir
2874 685 53 29 hat

2071 726 78 29 doch
2171 727 94 28 schon
2287 729 47 28 die
2355 728 360 31 Tausendmarkscheine
2735 748 38 5 —
2793 732 133 33 besorgt

2037 777 289 31 Kneetschke:
2352 781 59 28 Ah!
2436 781 60 28 Der
2519 781 90 31 Fürst
2632 782 158 30 Wladimir
2813 783 96 29 Zabor-

2074 829 53 28 rek
2147 830 51 29 hat
2220 832 45 27 die
2286 831 193 30 fünfhundert
2500 832 356 32 Tausendmarkscheine
2877 836 34 28 be-

2074 880 108 33 sorgt?
2207 881 35 29 Ja
2263 900 38 3 —
2324 883 78 29 dann
2424 884 71 27 darf
2517 892 33 20 er
2573 884 64 28 sich
2662 884 52 27 mit
2738 884 87 29 ihnen
2851 885 77 28 auch

2075 932 55 29 den
2151 931 90 31 Wind
2262 933 156 30 zufächeln
2439 953 37 2 —
2496 935 55 28 das
2572 935 37 27 ist
2631 937 99 27 etwas
2751 936 139 29 anderes.

2034 978 127 34 Papa:
2186 980 76 29 Was
2284 981 80 29 heißt
2389 981 64 34 das,
2477 981 216 32 Kneetschke?

2037 1031 290 32 Kneetschke:
2357 1034 205 31 Durchlaucht
2591 1044 105 20 waren
2726 1036 108 28 vorhin
2863 1036 65 28 hier

2074 1085 57 27 und
2156 1086 90 31 taten,
2268 1085 58 28 wie
2349 1085 45 28 ich
2418 1086 95 32 sagte.
2554 1084 50 29 Ich
2623 1085 89 29 hab's
2734 1087 53 28 mit
2809 1087 119 28 meine«

2069 1134 126 33 eigenen
2215 1135 103 32 Augen
2336 1136 143 35 gesehen,
2500 1137 45 28 als
2565 1137 46 28 ich
2631 1137 114 32 gerade
2764 1137 91 28 übers
2874 1137 36 28 Le-

2073 1184 57 28 ben
2154 1183 197 32 nachdachte.

2035 1233 246 33 Brautpaar
2303 1233 113 35 (hinten
2440 1234 104 36 links):
2568 1237 123 29 Mama!
2712 1237 119 30 Mama!

2035 1284 147 31 Mama:
2202 1285 49 30 Ich
2268 1287 123 30 komme
2409 1290 28 30 ja
2456 1287 109 31 schon!
2584 1289 76 28 Was
2679 1289 85 29 wollt
2783 1287 47 31 Ihr
2850 1289 77 28 denn

2069 1342 62 20 von
2156 1335 54 28 der
2237 1334 124 30 Mama?
2411 1332 122 35 (Hinten
2560 1336 77 29 links
2667 1333 59 36 ab.)

2035 1386 277 32 Kneetschke
2338 1385 265 36 (erschreckend):
2629 1389 61 29 Ah!

2109 1437 109 31 Hinten
2246 1439 100 29 rechts
2373 1440 151 28 erscheint
2552 1441 53 27 der
2634 1440 85 29 Geist
2748 1441 53 29 des
2829 1440 80 28 Groß-

2110 1492 105 26 vaters
2239 1489 107 35 Patzig
2371 1491 25 27 in
2423 1492 119 32 langem
2566 1491 101 32 Barte,
2693 1491 71 33 geht
2789 1491 139 33 langsam

2110 1548 37 20 an
2175 1541 52 28 der
2253 1540 134 29 hinteren
2415 1541 100 29 Wand
2543 1541 121 33 entlang
2693 1543 60 28 und
2778 1541 94 30 bleibt
2900 1543 28 27 in

2112 1591 51 28 der
2187 1590 86 29 Mitte
2296 1591 115 28 stehen.
2453 1592 85 33 Papa
2561 1594 60 28 und
2644 1592 193 32 Kneetschke
2862 1593 50 26 tau-

2105 1642 78 28 meln
2199 1642 75 28 nach
2291 1642 101 30 rechts
2409 1644 60 28 und
2486 1643 76 30 links
2580 1652 36 20 an
2637 1644 46 27 die
2700 1643 228 30 Seitenwände,

2036 1691 138 29 Geist:
2204 1693 205 31 Kneetschke!
2440 1693 137 29 Behüten
2606 1693 51 29 Sie
2690 1694 45 29 die
2764 1693 79 29 Ehre
2870 1694 58 28 der

2072 1742 122 30 Familie
2214 1743 115 33 Patzig.
2368 1740 73 35 (Der
2462 1744 87 29 Geist
2568 1743 71 33 geht
2660 1745 139 33 langsam
2818 1745 110 29 weiter

2072 1795 59 28 und
2155 1795 228 28 verschwindet
2408 1795 101 30 hinten
2535 1795 86 35 links,
2648 1797 59 28 und
2733 1795 194 33 Kneetschke

2072 1844 62 31 fällt
2156 1846 50 27 auf
2227 1847 45 26 die
2294 1845 87 31 Erde,
2401 1846 148 30 während
2573 1847 52 29 der
2644 1846 86 33 Papa
2754 1847 44 29 die
2819 1846 108 29 Hände

2071 1904 74 20 vors
2162 1896 124 29 Gesicht
2304 1896 126 34 schlägt.

2108 1947 54 29 Die
2183 1947 153 29 Gardinen
2356 1948 104 29 ziehen
2482 1948 62 30 sich
2565 1957 62 20 von
2648 1949 101 29 selber
2769 1957 46 21 zu.

2344 2031 120 30 Vierter
2484 2032 118 32 Aufzug

2105 2103 75 30 Jede
2202 2104 100 29 Wand
2323 2105 76 29 ohne
2422 2106 164 28 Girlanden
2609 2108 53 28 mit
2684 2107 243 29 verschiedenen

2108 2157 215 31 symmetrisch
2350 2157 224 33 aufgehängten
2601 2157 264 30 Familienbildern
2890 2175 38 5 —

2109 2206 101 29 hinten
2229 2206 83 36 Sofa,
2331 2207 162 35 Sofatisch,
2511 2207 135 30 Fauteuil
2666 2209 50 28 auf
2735 2209 97 28 einem
2850 2208 58 33 Tep-

2109 2256 76 33 pich.
2222 2257 100 31 Vorne
2342 2258 100 29 rechts
2463 2260 59 27 und
2540 2258 77 31 links
2635 2259 121 35 Tische,
2774 2258 135 29 Schränk-

2108 2306 77 28 ten
2204 2306 75 28 oder
2301 2306 190 29 Aehnliches.

2088 2357 81 30 Der
2187 2358 211 30 Postbote
2418 2361 59 27 und
2495 2359 74 28 der
2588 2359 277 33 Kneetschke

2034 2408 229 30 Postbote:
2282 2409 35 28 Ja
2332 2428 37 2 —
2385 2410 115 29 wissen
2516 2410 78 30 Herr
2611 2411 194 32 Kneetschke
2823 2411 106 33 schon,

2070 2467 67 21 wer
2154 2461 45 28 die
2216 2460 164 29 Postkarte
2394 2463 54 29 mit
2467 2463 69 28 dem
2550 2461 68 30 Esel
2635 2462 200 34 geschrieben
2852 2461 75 30 hat?

2035 2510 291 31 Kneetschke:
2348 2511 74 29 Wer
2441 2513 52 29 hat
2514 2514 55 28 das
2588 2512 115 35 getan?

2032 2557 226 30 Postbote:
2296 2559 136 29 Werden
2459 2559 51 30 Sie
2540 2561 78 28 mich
2648 2562 82 28 nicht
2757 2561 170 29 verraten?

2035 2609 289 33 Kneetschke:
2355 2611 90 30 Nein!
2474 2609 85 35 (Gibt
2587 2613 61 29 ihm
2688 2614 97 32 einige
2826 2613 82 29 Bank-

2072 2658 113 35 noten.)

2034 2711 231 30 Postbote:
2293 2712 49 30 Ich
2369 2714 107 35 danke,
2503 2715 79 28 mein
2608 2715 95 28 Herr!
2730 2715 89 29 Fürst
2845 2714 63 29 Wla-

2072 2764 86 28 dimir
2180 2763 156 30 Zabörrek
2357 2766 120 29 schrieb
2500 2767 47 28 die
2569 2766 92 31 Karte
2683 2768 53 27 mit
2759 2767 67 28 dem
2848 2765 80 29 Esel.

2035 2813 293 32 Kneetschke:
2351 2813 46 31 Ih!

2034 2865 228 30 Postbote:
2286 2866 50 29 Ja!

2035 2916 292 32 Kneetschke:
2347 2917 59 30 Eh!

2034 2966 232 31 Postbote:
2286 2968 111 32 Adjeh!

2108 3018 199 30 Domestiken
2331 3020 75 29 eilen
2430 3021 111 30 durchs
2564 3021 132 30 Zimmer
2719 3023 59 28 und
2801 3022 127 29 flüstern

2110 3070 69 28 dem
2200 3069 194 33 Kneetschke
2415 3080 67 22 was
2505 3072 45 30 ins
2573 3072 73 31 Ohr.

2109 3119 53 30 Ein
2185 3119 96 31 Onkel
2303 3123 60 28 und
2385 3123 66 29 eine
2472 3123 96 29 Tante
2590 3124 179 28 erscheinen
2792 3124 137 28 alsdann.

2037 3169 133 30 Onkel
2185 3167 93 35 (setzt
2295 3172 62 30 sich
2374 3173 67 30 aufs
2456 3170 101 35 Sofa):
2575 3173 203 35 Kneetschke,
2795 3174 51 29 Sie
2862 3175 66 28 sind

2073 3223 46 28 ein
2143 3223 76 29 alter
2242 3226 101 26 treuer
2365 3223 112 30 Diener
2500 3225 56 29 des
2578 3224 120 30 Hauses
2720 3224 117 34 Patzig.

2035 3271 134 29 Tante
2195 3269 91 35 (setzt
2313 3275 62 28 sich
2402 3274 75 29 auch
2504 3275 66 28 aufs
2596 3271 100 36 Sofa):
2723 3274 205 35 Kneetschke,

2072 3323 57 29 Wir
2166 3323 97 29 haben
2292 3323 90 30 Ihnen
2422 3324 125 29 deshalb
2587 3326 66 28 eine
2681 3323 172 35 Mitteilung
2890 3332 37 20 zu

2071 3371 137 29 machen.

2037 3423 289 32 Kneetschke:
2352 3424 77 29 Euer
2455 3424 126 29 Gnaden
2607 3426 65 29 sind
2697 3433 36 21 zu
2757 3425 93 33 gütig.

2036 3474 150 29 Tante:
2209 3474 44 33 Ja,
2276 3475 53 29 das
2350 3476 66 28 sind
2436 3477 65 27 wir.

2037 3524 150 30 Onkel:
2216 3525 54 29 Die
2298 3524 347 35 Tausendmarkschein,
2676 3528 50 28 auf
2754 3528 97 29 denen
2881 3528 47 28 die

2072 3577 340 33 Verlobungsanzeigen
2433 3577 148 33 gedruckt
2601 3578 127 29 worden
2750 3579 67 29 sind
2836 3597 38 3 —

2036 3626 25 29 T
2073 3627 110 28 ante:
2204 3626 73 29 Sind
2297 3644 36 3 —

2037 3676 148 29 Onkel:
2209 3676 73 30 Sind
2304 3695 38 4 —

2036 3726 289 33 Kneetschke:
2347 3727 97 30 Sind?

2037 3777 148 29 Onkel:
2211 3778 73 30 Sind
2309 3778 163 34 gefälscht!

2036 3827 274 33 Kneetschke
2336 3825 77 36 (sich
2437 3827 210 37 krümmend):
2675 3830 62 29 Oh!
2764 3829 63 30 Oh!
2852 3829 76 33 Ach,

2075 3879 37 28 du
2138 3880 98 29 meine
2262 3879 93 30 Güte!
2399 3881 61 30 Hat
2485 3878 83 33 mir's
2593 3882 77 29 doch
2697 3880 126 34 geahnt!
2867 3879 61 30 Hat

2074 3929 82 29 mir's
2185 3930 77 29 doch
2290 3931 126 33 geahnt!
2462 3928 52 35 (Er
2544 3937 86 26 rennt
2669 3932 104 29 umher
2812 3933 27 28 in
2877 3938 34 26 ge-
