2278 3797
695 218 76 26 LES
805 214 196 29 OEUVRES
1036 204 271 35 RÉCEMMENT
1343 199 257 36 EXÉCUTÉES

144 213 80 49 576

142 315 161 41 Sonate
322 317 23 37 à
364 312 217 45 Kreutzer,
608 309 53 39 de
691 306 270 49 Beethoven,
1002 311 41 33 et
1068 310 157 45 quatre
1258 313 57 28 ou
1340 301 102 49 cinq
1467 306 148 31 autres
1639 301 137 43 étant,
1814 295 103 43 bien
1940 304 207 53 entendu,

143 383 257 53 exceptées).
427 380 60 41 Le
512 379 190 53 premier
722 381 287 35 mouvement
1026 380 67 32 est
1110 371 133 40 dune
1260 369 116 40 belle
1397 367 141 40 allure
1554 367 200 50 inquiète
1774 374 41 31 et
1834 371 281 52 romantique
2136 386 9 39 ;

141 453 191 50 l'adagio
356 458 65 32 est
443 449 104 40 d'un
572 448 241 39 sentiment
836 442 207 55 profond,
1070 441 39 39 le
1133 438 133 42 finale
1289 446 66 32 est
1378 436 106 41 d'un
1510 435 175 53 rythme
1715 438 319 42 extrêmement
2057 441 88 51 joli.

141 523 48 54 Je
213 519 173 51 signale
409 526 109 32 cette
548 523 157 34 sonate
729 528 82 26 aux
837 520 224 33 amateurs
1098 510 75 52 qui
1199 522 53 26 ne
1285 508 37 39 la
1357 505 328 41 connaîtraient
1722 518 96 38 pas,
1864 514 96 32 tout
1996 521 52 26 en
2088 511 60 41 les

141 595 242 49 prévenant
410 586 160 53 qu'elle
602 583 110 43 n'est
746 596 79 39 pas
859 581 127 40 facile
1013 583 6 37 !
1063 577 94 42 Elle
1180 586 66 32 est
1268 576 103 40 bien
1391 576 133 39 écrite
1545 588 113 38 pour
1681 574 40 39 le
1746 574 169 49 violon,
1955 579 110 39 mais
2088 580 60 42 les

143 657 230 42 difficultés
390 656 53 40 de
466 655 272 40 mécanisme
757 651 106 40 dont
880 649 83 41 elle
987 647 175 42 abonde
1182 654 101 33 sont
1304 645 283 53 intrinsèques
1609 657 8 34 ;
1644 644 39 51 je
1699 656 112 27 veux
1829 643 93 41 dire
1947 659 84 38 que
2058 648 91 42 leur

141 728 194 41 solution
360 739 53 26 ne
437 724 177 53 produit
635 735 78 39 pas
802 732 172 28 comme
991 718 112 40 dans
1122 717 37 40 la
1180 716 208 51 musique
1406 713 54 40 de
1478 712 103 41 Max
1601 711 164 51 Bruch,
1783 726 82 38 par
1883 717 198 50 exemple

142 797 76 41 des
243 809 20 24 «
286 793 124 42 effets
431 805 19 25 »
477 793 74 52 qui
577 795 337 47 récompensent
934 787 183 41 l'artiste
1140 785 53 40 de
1213 798 46 27 sa
1283 785 128 52 peine
1431 796 55 27 en
1510 781 39 40 le
1566 780 164 41 faisant
1754 780 165 42 briller.

2021 783 51 42 A.
2097 785 48 41 B.

199 901 265 43 SYMPHONIE
486 913 51 26 EN
579 897 60 41 mi
660 911 173 27 MINEUR
854 894 66 52 (n°
953 892 54 55 5).
1033 892 65 41 LE
1117 891 224 43 NOUVEAU
1376 889 188 44 MONDE,
1592 888 53 40 de
1675 886 63 41 M.
1778 887 156 43 ANTON
1961 890 186 45 DVORAK

141 971 260 42 (CONCERTS
426 966 315 47 LAMOUREUX).

775 988 40 6 —
842 964 63 40 Ce
925 965 73 51 qui
1026 976 68 26 me
1128 961 108 53 plaît
1258 967 175 33 surtout
1473 959 114 40 dans
1616 965 113 32 cette
1769 971 169 38 œuvre,
1976 959 103 44 c'est
2108 964 37 40 la

139 1041 238 46 franchise,
404 1037 169 42 l'allure
605 1034 233 51 naturelle,
863 1034 98 39 vive
984 1040 42 32 et
1046 1031 127 49 libre,
1199 1028 368 54 l'indépendance
1605 1027 55 40 de
1693 1036 121 32 toute
1847 1028 120 40 école
2008 1039 40 31 et
2096 1033 51 41 de

142 1119 93 32 tout
266 1113 205 48 système.
499 1105 96 41 Elle
618 1117 158 40 repose
798 1103 53 39 de
872 1110 93 32 tant
982 1101 53 40 de
1059 1101 324 51 compositions
1416 1096 280 42 laborieuses
1736 1096 54 40 de
1809 1110 82 27 nos
1931 1099 135 52 jours,
2092 1108 54 35 où

140 1194 58 25 un
236 1186 64 32 art
338 1176 362 52 inexpérimenté,
727 1181 96 43 trop
847 1169 176 49 visible,
1065 1169 231 52 l'emporte
1334 1181 77 26 sur
1435 1179 87 27 une
1554 1167 174 49 maigre
1766 1167 283 51 inspiration.
2085 1169 62 42 Ce

140 1246 110 41 n'est
273 1258 80 40 pas
388 1244 292 52 précisément
704 1254 86 26 une
826 1239 283 53 symphonie,
1150 1252 54 25 au
1244 1236 372 52 développement
1651 1235 194 50 régulier
1872 1246 7 27 :
1919 1237 102 40 c'est
2063 1253 84 27 une

139 1319 129 47 suite,
303 1329 57 26 un
384 1313 432 41 entre-croisement,
851 1324 60 24 un
931 1309 69 51 jeu
1024 1307 53 40 de
1100 1308 132 52 petits
1257 1304 152 42 motifs
1441 1305 260 52 populaires
1725 1317 56 28 ou
1813 1318 236 38 sauvages,
2072 1311 74 49 qui

139 1384 233 42 s'ébattent
395 1395 103 28 sans
515 1380 142 48 effort,
686 1386 106 34 vont
814 1386 41 32 et
889 1378 212 39 viennent
1124 1389 115 39 pour
1254 1373 315 42 l'amusement
1601 1374 54 40 de
1679 1374 201 40 l'oreille.
1916 1374 31 40 Il
1964 1390 26 37 y
2024 1390 20 26 a
2070 1378 75 41 des

140 1453 175 50 redites,
339 1466 58 25 un
421 1449 240 42 inévitable
682 1460 194 39 manque
900 1446 168 40 d'unité
1094 1460 9 33 ;
1129 1446 113 38 mais
1266 1453 96 31 tout
1386 1443 91 41 cela
1519 1442 193 48 sautille,
1743 1443 167 53 pétille,
1952 1453 94 33 tout
2082 1457 63 31 est

137 1522 122 47 frais,
286 1520 161 47 coloré,
466 1519 238 50 ingénieux
725 1525 40 31 et
798 1515 218 53 spirituel.
1059 1513 89 41 Pas
1176 1512 300 48 d'outrances,
1510 1526 81 38 pas
1633 1512 54 40 de
1728 1515 278 49 prétentieux
2048 1528 72 28 exo-

139 1593 129 39 tisme
292 1601 9 38 ;
327 1602 78 40 pas
435 1597 115 31 trace
574 1600 88 27 non
687 1585 99 53 plus
809 1585 54 40 de
905 1583 216 53 platitude
1158 1596 56 27 ou
1247 1583 52 39 de
1323 1590 260 44 grotesque,
1622 1594 46 27 ce
1706 1583 75 51 qui
1828 1582 110 41 n'est
1977 1597 79 38 pas
2087 1600 57 26 un

139 1661 143 39 mince
306 1660 154 38 mérite
499 1670 112 38 pour
630 1670 60 25 un
715 1654 216 40 musicien
953 1653 171 40 civilisé
1140 1653 76 52 qui
1239 1651 161 40 cultive
1424 1651 38 40 la
1489 1650 245 41 bamboula
1760 1664 56 27 ou
1851 1651 202 42 la.danse
2087 1655 55 40 du

137 1736 170 32 ventre.
330 1724 82 57 J'ai
442 1724 405 54 particulièrement
868 1726 237 47 remarqué
1128 1721 39 40 le
1200 1721 148 40 thème
1368 1720 144 40 initial
1531 1720 54 40 de
1604 1719 209 52 l'Adagio
1830 1719 95 54 (qui
1951 1724 191 50 rappelle

138 1809 189 40 presque
369 1795 62 40 les
447 1808 24 36 4
496 1795 240 50 premières
760 1804 199 27 mesures
979 1790 53 40 de
1055 1788 262 41 XInvitation
1341 1793 22 35 à
1386 1789 40 39 la
1458 1788 139 49 Valse,
1623 1795 131 47 après
1778 1787 363 55 l'introduction),

139 1866 146 40 thème
304 1863 218 53 principal
544 1865 74 49 qui
640 1863 168 38 revient
824 1860 112 40 dans
957 1860 39 40 le
1018 1868 114 32 reste
1155 1859 54 39 de
1233 1856 181 43 l'œuvre
1437 1869 8 38 ;
1469 1857 187 53 l'espèce
1686 1858 55 41 de
1760 1858 139 41 danse
1926 1865 136 46 nègre
2086 1861 55 42 du

139 1933 208 49 Scherzo,
368 1955 42 4 —
450 1945 87 27 une
576 1931 133 52 petite
726 1929 205 45 drôlerie,
958 1941 173 28 comme
1169 1928 132 40 dirait
1333 1926 62 41 M.
1419 1926 236 56 Jourdain,
1681 1929 115 39 mais
1839 1931 75 49 qui
1941 1943 54 26 ne
2038 1944 78 39 pou-

136 2004 88 38 vait
248 2006 90 36 être
360 2002 132 39 écrite
524 2013 87 39 que
627 2013 79 39 par
725 2013 59 26 un
818 2002 184 44 maître;
1034 2006 41 31 et
1098 2010 87 27 une
1206 1996 172 51 grande
1398 1998 142 51 partie
1561 1997 59 40 du
1646 1994 135 43 finale
1816 1997 119 52 plein
1974 1999 53 40 de
2064 2014 76 26 va-

138 2074 106 38 riété
266 2079 37 32 et
329 2070 54 40 de
403 2069 244 52 souplesse.

750 2068 53 39 A.
828 2065 54 42 L.

190 2172 65 40 LA
277 2171 151 40 HALTE
452 2185 152 26 DIVINE
626 2170 273 52 (INTERLUDE
932 2183 337 38 SYMPHONIQUE,
1298 2186 18 24 I
1316 2186 36 24 re
1375 2170 253 53 AUDITION),
1655 2185 56 26 DE
1735 2169 62 41 M.
1824 2169 52 41 E.
1912 2170 228 43 TRÉMISOT

131 2241 262 54 (CONCERTS
414 2237 317 54 LAMOUREUX).

752 2262 50 5 —
822 2237 48 42 Si
892 2253 58 26 un
971 2241 217 38 musicien
1214 2241 117 38 avait
1348 2239 125 40 tâché
1491 2239 54 41 de
1570 2240 158 40 rendre
1751 2238 242 42 accessible
2018 2245 20 36 à
2057 2255 82 27 une

138 2311 220 40 médiocre
382 2307 170 42 fanfare
587 2308 53 40 de
675 2307 165 51 village
863 2308 38 39 la
945 2307 284 56 Rédemption
1268 2321 56 28 ou
1365 2308 39 40 la
1435 2307 264 56 Symphonie
1731 2309 54 40 de
1824 2309 175 40 Franck
2024 2325 8 32 ;
2074 2309 64 42 s'il

138 2380 116 39 avait
269 2378 134 40 voulu
426 2391 54 26 en
504 2377 171 40 donner
698 2380 21 37 à
741 2377 77 40 des
842 2375 209 54 profanes
1073 2377 192 52 quelque
1282 2377 96 40 idée
1395 2391 144 36 vague
1559 2386 41 32 et
1630 2378 232 50 lointaine,
1888 2378 29 40 il
1941 2392 68 26 me
2030 2392 81 27 sem-

138 2446 71 41 ble
232 2445 104 54 qu'il
362 2447 140 39 aurait
522 2460 57 38 pu
601 2448 136 38 écrire
760 2454 64 31 cet
846 2445 237 48 Interlude,
1119 2452 57 34 où
1198 2444 235 55 s'exprime
1453 2446 458 53 symphoniquement
1954 2446 161 42 l'ascen-

138 2517 97 39 sion
268 2516 52 40 de
359 2515 10 39 l
392 2528 97 26 ame
515 2528 75 26 sur
612 2528 86 26 une
721 2523 243 42 montagne
1007 2515 219 40 colossale
1246 2515 54 40 de
1322 2515 193 53 laquelle
1538 2516 86 40 elle
1643 2516 234 40 dominera
1902 2516 38 41 le
1978 2518 160 40 monde

136 2598 113 39 pour
271 2581 233 43 s'éteindre
526 2584 172 40 ensuite
721 2596 54 28 en
798 2583 126 41 Dieu.
947 2583 193 55 J'oublie
1160 2583 194 41 d'autres
1399 2585 160 41 choses
1580 2598 90 28 non
1691 2587 146 39 moins
1856 2585 254 54 philosophi-

136 2666 125 39 ques.
284 2651 118 41 C'est
440 2653 58 39 du
523 2652 173 40 Franck
729 2652 226 52 simplifié,
980 2654 258 43 caricaturé,
1265 2654 247 40 encanaillé
1539 2669 6 25 :
1574 2663 109 32 cette
1708 2653 128 42 Halte
1872 2655 142 41 divine
2053 2669 63 27 res-

136 2720 169 41 semble
326 2721 143 52 plutôt
493 2725 21 35 à
539 2735 86 26 une
647 2721 179 40 marche
847 2721 242 41 solennelle
1112 2723 54 39 de
1188 2725 243 50 pompiers.
1460 2723 50 54 Je
1533 2723 219 41 m'excuse
1775 2724 53 40 de
1851 2724 171 41 donner
2053 2738 84 27 une

135 2791 267 51 impression
417 2791 120 39 aussi
560 2789 190 51 brutale,
773 2791 115 39 mais
904 2791 38 52 je
965 2790 278 41 chercherais
1265 2793 257 39 vainement
1541 2796 20 36 à
1587 2792 250 42 l'atténuer.
1882 2792 161 53 Quand
2082 2806 53 28 on

135 2859 180 52 prétend
341 2860 150 39 traiter
513 2860 190 39 certains
745 2860 153 51 sujets,
924 2859 29 40 il
986 2858 93 42 faut
1103 2860 129 40 s'être
1256 2865 155 36 assuré
1459 2861 133 53 qu'on
1628 2876 23 27 a
1691 2862 63 42 les
1796 2863 184 53 épaules
2017 2876 118 27 assez

135 2928 163 40 solides
321 2941 114 39 pour
456 2928 202 51 porterie
679 2927 182 41 fardeau
882 2928 155 41 choisi.

1153 2928 52 41 A.
1233 2927 49 42 L.

188 3030 393 42 LENTERREMENT
602 3047 26 24 D
649 3031 218 50 OPHÉLIE,
893 3048 83 25 PAR
1000 3033 590 44 BOURGAULT-DUCOLJDRAY
1604 3036 261 53 (CONCERTS
1879 3036 252 54 SECHIARI),

199 3098 125 41 Cette
338 3100 133 51 petite
491 3101 121 50 pièce
630 3102 153 38 mérite
799 3102 52 39 de
866 3114 113 28 nous
993 3106 180 43 arrêter,
1191 3117 72 27 car
1280 3117 57 27 on
1352 3106 121 39 vient
1489 3105 54 40 de
1561 3105 59 41 lui
1635 3106 110 41 faire
1766 3122 57 25 un
1843 3121 106 37 gros
1968 3112 163 36 succès.

132 3166 97 42 Elle
251 3166 64 42 fut
339 3169 267 51 improvisée
628 3184 59 25 un
712 3170 97 52 jour
842 3170 103 40 chez
970 3171 38 40 la
1033 3180 220 33 comtesse
1277 3171 251 44 Sadowska
1554 3175 54 40 de
1637 3173 309 46 Scharfenort,
1987 3185 123 32 canta-

136 3237 102 39 trice
258 3250 142 36 russe,
425 3241 20 36 à
473 3239 74 51 qui
573 3237 188 41 l'auteur
783 3238 53 40 l'a
858 3239 168 40 dédiée.
1053 3239 160 42 C'était
1237 3256 54 27 au
1307 3244 248 53 printemps
1579 3244 53 41 de
1665 3245 175 41 l'année
1865 3249 118 37 1888.
2025 3245 108 41 Bien

136 3319 84 38 que
261 3310 211 47 composé
525 3307 328 41 virtuellement
900 3321 113 39 pour
1072 3309 273 50 l'orchestre,
1401 3312 11 40 l
1420 3312 310 42 'Enterrement
1788 3312 223 57 d'Ophélie
2071 3313 62 41 fut

134 3372 151 53 publié
324 3373 203 52 d'abord,
567 3376 143 40 réduit
748 3389 113 39 pour
888 3377 39 41 le
958 3380 151 50 piano,
1136 3380 111 40 dans
1290 3395 60 27 un
1386 3382 162 40 recueil
1588 3384 176 40 intitulé
1789 3399 7 25 :
1844 3382 177 42 Fumées
2056 3380 72 55 (1).

171 3497 51 44 (1)
244 3499 27 29 D
288 3498 112 32 abord
422 3498 95 33 édité
538 3499 85 32 chez
647 3499 161 43 Maquet,
827 3510 39 23 ce
885 3501 132 33 recueil
1041 3509 51 26 est
1117 3505 255 31 actuellement
1398 3506 32 30 la
1468 3505 184 41 propriété
1685 3506 43 31 de
1764 3505 168 34 l'éditeur
1967 3505 161 40 Joubert,

133 3556 57 33 25,
213 3556 63 24 rue
298 3546 253 41 d'Hauteville,
570 3557 55 33 25.
