2278 3797
622 229 76 27 LES
733 229 264 27 CHANTEURS
1031 215 290 45 D'AUTREFOIS
1350 231 7 27 .'
1394 234 237 25 BATTAILLE

2047 220 80 52 589

130 324 132 40 l'âme
286 322 240 41 au-dessus
558 320 314 48 d'elle-même,
895 326 40 31 et
959 317 60 40 lui
1055 328 263 40 permettent
1340 321 96 39 «de
1459 322 205 40 soulever
1683 322 37 40 la
1745 324 143 50 pierre
1929 319 196 42 tombale

132 393 54 39 de
210 392 36 39 la
270 393 69 39 vie
363 389 300 54 passionnelle
700 386 225 41 ordinaire
947 397 18 25 »
992 383 56 53 (i)
1072 399 112 37 pour
1208 385 251 53 s'épanouir
1481 389 111 40 dans
1632 404 85 26 une
1755 392 154 48 région
1934 390 188 39 sereine.

133 458 251 48 D'ailleurs,
406 459 28 39 il
457 459 59 39 lui
549 466 64 32 est
648 453 261 54 impossible
929 453 53 39 de
1002 453 195 40 traduire
1220 455 39 38 le
1283 457 236 38 sentiment
1544 470 104 27 avec
1671 458 40 39 la
1737 462 143 35 même
1904 458 219 51 précision

131 542 89 37 que
243 528 38 38 la
306 529 150 49 poésie
478 538 6 26 :
514 539 19 24 «
571 525 96 40 Elle
697 537 54 27 ne
791 537 52 26 va
868 535 79 39 pas
986 521 100 52 plus
1110 521 90 39 loin
1232 535 85 38 que
1339 528 121 34 créer
1497 538 86 26 une
1621 526 266 52 sympathie,
1923 526 204 51 toujours

131 596 334 45 indéterminée,
493 607 103 26 avec
619 594 61 38 les
704 598 308 34 mouvements
1034 589 52 39 de
1110 589 241 40 l'émotion.
1377 603 19 23 »
1423 589 304 51 L'originalité
1766 594 52 39 de
1842 594 39 39 la
1917 595 206 49 musique

130 665 191 38 consiste
342 675 157 27 encore
521 662 110 39 dans
655 662 37 38 la
733 658 284 42 conciliation
1041 657 155 39 intime
1221 671 57 37 qu
1297 657 84 39 elle
1417 659 158 39 réalise
1594 669 121 31 entre
1738 662 111 39 deux
1872 665 215 37 extrêmes
2107 676 6 25 :

131 732 38 39 la
220 731 344 40 détermination
603 728 350 50 mathématique
987 725 77 39 des
1105 724 215 40 éléments
1365 725 159 50 qu'elle
1560 728 191 51 emploie
1789 738 40 30 et
1874 730 39 39 la
1967 730 156 39 liberté

353 799 53 39 de
448 798 302 50 l'expression.
773 794 97 40 Elle
894 792 242 42 ressemble
1154 796 19 35 à
1201 792 338 49 l'architecture,
1568 797 72 48 qui
1666 804 153 32 trouve
1853 797 76 39 des
1954 796 163 41 formes

130 882 54 25 en
208 867 161 40 dehors
393 866 53 39 de
465 864 302 53 l'expérience,
793 863 113 39 mais
927 863 74 51 qui
1019 861 92 40 doit
1130 861 62 39 les
1218 860 180 40 réaliser
1434 860 351 43 conformément
1803 877 82 27 aux
1901 865 83 39 lois
2006 865 52 39 de
2075 865 39 39 la

130 944 251 43 pesanteur.
406 933 58 40 Sa
485 933 58 40 loi
568 934 248 49 organique
850 939 65 31 est
940 931 120 39 aussi
1095 928 101 40 bien
1218 928 106 40 celle
1348 928 58 40 du
1430 930 253 48 sentiment,
1711 930 143 52 lequel
1879 931 196 53 échappe
2099 937 21 34 à

131 1013 119 31 toute
284 1016 189 33 mesure,
500 1015 85 38 que
608 1001 106 40 celle
756 1001 76 39 des
857 1012 121 35 sons,
1013 1001 276 48 représentés
1332 1011 78 38 par
1452 996 76 40 des
1570 1006 205 42 rapports
1814 999 306 51 quantitatifs;

131 1073 82 40 elle
253 1071 103 41 fond
397 1080 109 31 cette
540 1071 166 40 dualité
743 1082 52 26 en
830 1080 84 27 une
939 1067 231 39 harmonie
1194 1067 75 50 qui
1309 1069 94 36 crée
1427 1078 46 26 sa
1514 1067 378 49 toute-puissance
1917 1078 95 28 :en
2041 1068 83 39 elle

133 1147 184 44 régnent
352 1144 19 35 à
411 1141 38 38 la
484 1138 100 47 fois,
615 1137 402 43 souverainement,
1057 1132 228 42 l'émotion
1310 1135 237 38 intérieure
1586 1142 39 31 et
1669 1133 39 39 la
1753 1135 148 38 raison
1941 1135 38 38 la
2022 1135 98 51 plus

131 1210 183 50 précise,
333 1217 40 31 et
397 1217 108 31 cette
523 1206 377 52 compénétration
922 1217 151 26 assure
1098 1218 58 25 un
1178 1202 413 41 affranchissement
1612 1201 99 52 plus
1725 1200 191 53 complet
1940 1203 52 39 de
2012 1203 117 40 l'une

131 1285 41 33 et
202 1276 51 40 de
275 1275 171 41 l'autre.

1662 1269 54 52 {A
1740 1269 174 52 suivre.)

548 1512 105 39 Les
685 1511 315 40 chanteurs
1036 1510 329 41 d'autrefois
1392 1526 6 25 :
1436 1509 285 41 Battaille.

188 1642 236 52 (Battaille,
449 1638 414 51 Charles-Amable,
889 1639 53 40 de
975 1637 426 54 l'Opéra-Comique
1427 1649 8 37 ;
1458 1642 55 35 né
1534 1641 21 35 à
1599 1635 169 42 Nantes
1794 1649 48 37 30
1882 1633 251 53 septembre

138 1715 99 35 1822
264 1726 7 33 ;
314 1719 114 31 mort
453 1713 20 36 à
498 1708 127 41 Paris
652 1723 18 25 2
696 1710 87 38 mai
809 1711 117 48 1872.
950 1706 263 42 Professeur
1236 1722 54 26 au
1320 1706 343 41 Conservatoire
1693 1718 53 27 en
1775 1706 94 49 1851
1901 1715 9 36 ;
1938 1703 120 40 élève
2081 1703 53 40 de

133 1777 184 48 Garcia;
371 1779 168 39 lauréat
578 1778 57 39 du
691 1776 345 41 Conservatoire
1091 1790 54 26 en
1190 1779 98 48 1847
1328 1788 103 27 avec
1466 1773 45 40 M
1517 1779 41 17 me
1592 1772 188 41 Miollan
1823 1772 220 40 Carvalho
2093 1781 40 31 et

133 1847 61 39 M.
214 1846 203 51 Meillet.)

187 1915 109 40 Bien
320 1928 85 39 que
428 1914 37 39 la
492 1913 204 40 méthode
720 1913 53 40 de
807 1912 132 40 chant
963 1916 225 36 annoncée
1218 1926 80 38 par
1321 1910 205 41 Battaille
1554 1909 104 40 n'ait
1690 1922 79 38 pas
1792 1912 67 36 été
1883 1907 177 52 publiée
2080 1920 53 26 en

132 1985 154 45 entier,
331 1983 61 40 les
444 1990 182 32 travaux
674 1981 53 40 de
767 1995 47 26 ce
850 1990 155 30 savant
1057 1979 255 53 professeur
1365 1987 74 31 ont
1484 1978 133 40 laissé
1675 1992 60 25 un
1790 1977 208 39 souvenir
2046 1981 87 34 très

131 2051 248 41 honorable
398 2051 110 39 dans
535 2051 213 39 l'histoire
767 2050 54 39 de
844 2047 94 42 l'art
959 2049 137 40 vocal.
1122 2047 242 47 Chanteur,
1390 2047 325 52 physiologiste
1757 2054 40 31 et
1822 2044 266 52 professeur,
2105 2044 28 39 il

132 2134 21 25 a
179 2134 52 25 eu
262 2120 38 39 le
332 2132 96 26 rare
463 2120 153 38 mérite
640 2115 277 54 d'appliquer
953 2121 21 35 à
995 2117 160 40 l'étude
1199 2116 152 40 vocale
1390 2115 63 40 les
1495 2115 341 40 connaissances
1882 2113 105 51 qu'il
2018 2113 117 39 avait

134 2188 202 51 acquises
360 2200 171 26 comme
554 2186 182 39 docteur
757 2199 54 26 en
837 2185 238 47 médecine,
1106 2194 41 31 et
1190 2185 52 40 de
1270 2186 149 38 réunir
1439 2197 52 26 en
1517 2184 75 46 lui,
1621 2197 77 38 par
1722 2182 62 39 les
1810 2181 187 40 hasards
2020 2181 52 39 de
2094 2180 38 40 la

130 2258 68 38 vie
221 2265 40 30 et
279 2260 53 35 de
355 2255 39 39 la
417 2263 170 37 nature,
612 2254 76 39 des
713 2254 189 51 qualités
922 2256 73 49 qui
1018 2263 101 31 sont
1150 2261 223 32 rarement
1390 2253 235 39 associées.
1653 2250 108 40 Paul
1785 2249 197 47 Mounet,
2008 2249 52 39 de
2095 2249 38 39 la

131 2324 494 49 Comédie-Française,
651 2331 64 31 est
750 2322 111 40 dans
893 2323 61 39 les
997 2326 166 36 mêmes
1193 2322 277 48 conditions;
1495 2329 40 32 et
1551 2321 37 51 je
1604 2333 53 26 ne
1682 2319 129 40 sache
1844 2331 80 39 pas
1949 2331 82 38 que
2067 2330 69 27 ses

132 2394 343 40 connaissances
511 2392 312 50 anatomiques
865 2392 117 38 aient
1025 2393 75 37 nui
1139 2395 20 35 à
1218 2404 69 27 ses
1321 2390 221 52 aptitudes
1565 2389 53 39 de
1655 2387 248 47 comédien,
1945 2385 103 40 bien
2083 2399 54 27 au

133 2463 231 39 contraire.
393 2460 302 47 Récemment,
719 2465 22 35 à
765 2460 239 52 Bayreuth,
1033 2460 39 39 le
1095 2460 92 40 rôle
1212 2459 53 41 de
1295 2458 172 40 Tristan
1503 2460 105 38 était
1632 2465 109 31 tenu
1771 2469 81 38 par
1875 2469 57 25 un
1956 2454 181 40 docteur

134 2530 215 40 médecin.
376 2529 62 40 De
454 2533 157 45 même,
637 2529 102 39 chez
764 2528 219 50 Battaille,
1004 2541 85 27 une
1110 2528 242 40 voixd'une
1368 2527 220 51 qualitéet
1606 2522 136 43 d'une
1766 2524 197 40 sonorité
1985 2535 125 38 excep-

134 2597 234 42 tionnelles
412 2598 104 39 était
557 2597 169 50 dirigée
767 2611 80 37 par
872 2595 165 53 l'esprit
1065 2597 38 39 le
1136 2596 99 52 plus
1268 2601 232 47 pénétrant
1533 2597 108 38 orné
1674 2593 76 39 des
1793 2592 342 40 connaissances

133 2665 302 53 scientifiques
461 2666 62 39 les
548 2666 98 52 plus
677 2667 186 38 variées.
957 2665 207 40 Battaille
1197 2679 21 25 a
1243 2665 112 40 suivi
1380 2664 62 39 les
1468 2672 138 31 traces
1636 2662 53 40 de
1722 2660 157 42 Garcia
1900 2675 7 33 ;
1931 2663 120 36 armé
2076 2658 59 40 du

132 2736 336 51 laryngoscope,
494 2734 29 39 il
548 2748 21 25 a
611 2738 115 36 tenté
748 2734 54 39 de
846 2738 201 47 pénétrer
1070 2734 39 39 le
1148 2742 138 31 secret
1325 2742 95 43 trop
1461 2731 101 41 bien
1585 2729 138 52 gardé
1755 2729 53 39 de
1834 2742 45 26 ce
1905 2728 230 40 charmant

133 2813 40 31 et
193 2804 210 39 décevant
428 2804 267 38 instrument
726 2816 85 38 que
834 2816 113 26 nous
981 2802 215 53 appelons
1228 2802 39 40 le
1288 2802 167 51 larynx.

189 2871 205 41 Battaille
419 2872 154 51 naquit
597 2875 21 35 à
642 2870 170 41 Nantes
833 2871 39 39 le
897 2884 49 37 30
962 2870 252 52 septembre
1239 2873 117 46 1822,
1374 2869 103 40 d'un
1495 2874 102 47 père
1615 2867 215 45 médecin,
1856 2866 129 50 cequi
2003 2864 112 52 expli-

134 2954 85 38 que
240 2953 84 39 que
348 2940 228 40 lui-même
599 2953 46 27 se
669 2938 46 42 fit
740 2941 195 39 recevoir
953 2940 196 40 docteur.
1173 2938 125 42 Doué
1324 2938 104 40 d'un
1447 2942 108 46 goût
1580 2942 85 34 très
1684 2934 65 40 vif
1767 2947 112 38 pour
1892 2934 37 38 le
1950 2933 186 47 théâtre,

132 3009 28 40 il
183 3008 78 51 fut,
282 3009 165 49 dit-on,
469 3007 184 42 d'abord
678 3008 145 40 refusé
849 3013 21 35 à
888 3006 277 42 l'unanimité
1187 3022 51 26 au
1258 3006 344 41 Conservatoire
1627 3018 8 33 ;
1661 3004 112 38 mais
1799 3002 37 40 le
1854 3001 78 40 fait
1949 3003 188 50 importe

132 3091 100 38 peu,
258 3075 210 54 puisqu'il
497 3078 258 51 remportait
775 3077 99 52 plus
917 3077 94 40 tard
1037 3078 106 39 trois
1173 3076 213 52 premiers
1412 3076 91 50 prix
1534 3085 169 27 comme
1729 3071 120 39 élève
1869 3070 52 39 de
1954 3068 182 41 Manuel

135 3144 175 43 Garcia.
333 3147 165 39 Artiste
520 3146 54 39 de
588 3146 166 47 valeur,
769 3159 80 27 son
865 3151 149 35 succès
1028 3145 63 40 fut
1104 3145 190 51 complet
1310 3144 111 39 dans
1439 3143 37 39 le
1493 3140 215 40 Toréador
1731 3137 247 52 d'Adolphe
1992 3136 141 40 Adam

132 3223 40 32 et
192 3215 111 39 dans
327 3214 38 40 le
393 3213 78 41 Val
487 3215 28 39 d
531 3213 202 41 Andorre
755 3214 232 52 d'Halévy.
1015 3213 62 40 La
1100 3213 114 40 belle
1235 3213 99 40 voix
1356 3211 52 40 de
1425 3210 130 40 basse
1579 3209 233 39 chantante
1835 3206 53 39 de
1914 3204 221 48 Battaille,

133 3296 69 27 ses
220 3283 190 51 qualités
435 3283 320 52 dramatiques,
781 3284 37 39 la
842 3281 118 42 fixité
981 3283 52 39 de
1049 3295 80 27 son
1150 3281 173 50 regard,
1347 3279 38 40 le
1405 3279 227 39 rendaient
1650 3277 314 38 éminemment
1977 3286 159 38 propre

135 3356 20 34 à
176 3354 262 49 interpréter
456 3365 47 27 ce
522 3352 90 40 rôle
632 3352 53 40 de
708 3351 89 41 bon
822 3353 166 39 sorcier
1011 3352 111 38 dans
1146 3350 38 39 le
1204 3349 198 40 chevrier
1436 3347 57 39 du
1528 3345 74 40 Val
1627 3345 26 38 d
1670 3343 199 39 Andorre
1877 3373 8 16 ,
1910 3354 54 26 en
1994 3345 142 36 même

175 3499 48 42 (1)
246 3499 91 33 C'est
359 3511 39 23 ce
413 3511 71 33 que
509 3502 113 42 Hegel
646 3503 143 40 appelle
812 3512 17 20 «
853 3501 58 33 die
943 3499 251 33 Zurùckname
1229 3508 63 23 aus
1314 3497 115 33 ihrem
1454 3494 257 35 Versenktstein
1737 3506 30 21 ».
1786 3494 59 42 (V.
1873 3506 34 29 p.
1940 3494 81 38 180,
2053 3493 84 39 181,

139 3560 78 32 194,
243 3550 98 42 195.)
