3584 4432
1065 438 122 119 für
1250 438 577 124 lutiatfmmiie
1890 438 150 122 traft
2106 435 409 125 liiiistler.

180 693 425 69 Herausgegeben
646 712 100 36 von
787 695 262 54 Professor
2012 692 69 59 L.
2255 693 282 77 Bischoff.
1660 697 190 66 Verlag
1890 698 89 50 der
2989 697 415 67 Buchhandlung.

277 1036 231 37 Inhalt.

563 1036 231 49 Thayer's
837 1039 300 36 Beethoven.
1183 1039 70 36 111.
1299 1038 184 48 (Ludwig
1512 1051 75 24 van
1615 1036 261 39 Beethoven's
1914 1038 144 37 Leben.
2104 1038 88 36 Von
2220 1037 222 37 Alexander
2472 1038 219 37 Wheelock
2723 1036 184 49 Thayer.)
3019 1038 215 37 Lucifer.
3269 1038 137 36 Orato-

183 1098 99 35 rium
312 1109 77 23 von
421 1098 134 36 Pierre
585 1098 155 37 Benoit.
851 1100 99 36 Aus
978 1100 387 47 Braunschweig
1394 1099 158 47 (Verein
1581 1101 62 33 für
1672 1098 329 50 Concertmusik).
2138 1101 132 35 Erstes
2301 1100 470 37 Gesellschafts-Concert
2799 1101 40 34 in
2869 1099 106 36 Köln
3003 1101 54 35 im
3087 1099 232 37 Gürzenich.

176 1160 180 46 Tages-
388 1162 94 34 und
515 1162 65 33 Un
594 1168 71 27 ter
677 1161 214 48 haltung
905 1162 50 36 sb
968 1162 72 34 lat
1052 1168 13 28 t
1096 1160 136 50 (Köln,
1264 1161 201 37 Gebrüder
1493 1162 130 34 Thern
1731 1162 213 36 Frankfurt
1971 1174 34 24 a.
2036 1163 66 44 M.,
2131 1162 183 36 Fräulein
2343 1163 89 35 Perl
2542 1162 338 36 Musik-Director
2911 1162 117 35 Löwe
3140 1160 176 50 Leipzig,
3340 1163 67 36 Dr.

174 1220 56 34 M.
258 1220 268 50 Hauptmann,
555 1223 30 34 I.
618 1223 466 36 Gewandhaus-Concert
1192 1224 200 48 Stuttgart,
1425 1225 61 36 W.
1517 1224 157 48 Speidel
1783 1224 48 36 A.
1862 1223 234 37 Rubinstein
2207 1225 128 45 Wien,
2366 1225 50 35 H.
2446 1223 168 49 Berlioz,
2646 1223 187 36 Fräulein
2863 1224 55 33 M.
2949 1221 139 37 Wieck
3118 1235 38 23 u.
3188 1235 29 25 s.
3248 1223 77 47 w.).

507 1379 314 75 Thayer’
846 1399 24 37 s
931 1381 474 59 Beethoven.

922 1521 80 50 III.

654 1625 46 48 (I.
732 1637 29 25 s.
792 1625 64 36 Nr.
887 1624 63 38 41.
1010 1625 52 37 11.
1091 1626 65 37 Nr.
1185 1623 82 50 42.)

298 1699 120 51 Vom
451 1699 220 51 dritten
703 1701 195 49 Buche
929 1701 82 50 der
1039 1718 151 33 neuen
1220 1701 298 69 Biographie,
1545 1704 199 51 welches

179 1779 88 51 den
298 1781 238 49 Zeitraum
569 1798 84 32 von
691 1780 148 51 1792
873 1781 67 50 bis
978 1780 148 52 1800
1157 1781 232 51 umfassen
1422 1785 101 56 soll,
1568 1784 177 49 enthält

180 1859 83 48 der
286 1868 122 40 erste
428 1859 129 49 Band
580 1877 88 31 nur
691 1859 88 49 den
801 1860 204 66 Anfang,
1033 1860 83 50 der
1138 1861 94 50 sich
1258 1861 82 49 auf
1358 1863 46 49 S.
1432 1861 110 52 252
1555 1863 188 50 —299

181 1939 44 49 in
251 1938 96 49 drei
373 1939 236 66 Capiteln:
646 1939 43 51 1.
717 1940 263 48 Beethoven
1005 1941 42 47 in
1077 1940 158 50 Wien.
1260 1941 191 50 Studien
1479 1941 72 51 bei
1577 1941 167 68 Haydn

182 2018 95 50 und
308 2019 438 66 Albrechtsberger.
806 2019 48 51 2.
901 2020 86 50 Die
1028 2020 151 50 Musik
1226 2021 44 49 in
1315 2021 141 50 Wien
1502 2023 59 49 im
1601 2024 144 48 Jahre

188 2096 162 52 1793.
408 2098 48 50 3.
491 2099 302 48 Beethoven's
825 2099 247 49 Auftreten
1114 2100 64 48 als
1212 2100 216 51 Virtuose
1472 2101 92 50 und
1607 2101 103 50 Com-

183 2178 150 66 ponist
458 2178 66 49 bis
553 2195 103 31 zum
686 2179 145 48 Jahre
868 2178 146 52 1795
1046 2179 238 51 erstreckt.

303 2258 96 48 Der
442 2258 242 48 Verfasser
732 2258 187 49 benutzt
972 2259 116 48 auch
1142 2259 101 48 hier
1292 2259 72 49 die
1414 2260 333 50 vorhandenen

185 2335 199 60 Quellen
411 2336 90 49 und
529 2336 284 50 Hülfsmittel
848 2336 68 50 bei
948 2339 242 63 Wegeier,
1222 2339 107 49 Ries
1363 2339 89 48 und
1486 2339 261 58 Schindler,

182 2416 45 47 in
261 2416 155 65 Bezug
446 2416 83 49 auf
554 2416 80 49 das
662 2418 161 48 zweite
856 2418 177 66 Capitel
1077 2418 83 48 fast
1190 2419 361 49 ausschliesslich
1582 2421 135 47 Notte-

186 2493 159 53 bohm.
399 2496 150 49 wobei
595 2513 46 32 es
686 2496 195 65 auffällt,
924 2496 103 50 dass
1070 2514 49 32 er
1164 2498 72 48 die
1281 2505 119 41 erste
1446 2499 301 66 Aufklärung

183 2574 44 48 in
271 2574 180 48 Sachen
506 2575 82 48 der
962 2576 320 56 Beethoven's,
1335 2578 174 48 welche
1563 2579 181 48 Franz

186 2654 286 48 Derckum
515 2655 42 47 in
604 2654 82 49 der
715 2655 324 51 Niederrhein.
1071 2656 376 65 Musik-Zeitung
1486 2658 167 49 bereits
1683 2658 59 48 im

182 2733 273 64 Jahrgange
493 2733 165 57 1851,
701 2735 82 48 Nr.
815 2734 91 56 20,
952 2752 99 31 vom
1093 2735 81 50 15.
1207 2736 267 49 November
1514 2736 230 66 gegeben,

183 2813 125 47 nicht
338 2830 51 31 zu
425 2813 181 49 kennen
635 2814 190 48 scheint.
860 2815 76 47 Bei
968 2815 104 48 dem
1100 2816 275 49 Abschnitte
1405 2815 119 51 über
1552 2816 80 50 das
1663 2816 54 49 da-

187 2891 168 65 malige
385 2891 290 50 Musikleben
707 2893 44 49 in
780 2893 141 49 Wien
954 2895 212 47 verweist
1197 2895 100 48 eine
1329 2895 308 66 Anmerkung
1668 2895 83 50 auf

185 2970 58 50 0.
286 2971 161 49 Jahn's
793 2971 90 49 und
939 2974 48 47 F.
1035 2974 219 48 Hanslick
1303 2973 61 67 (in
1416 2974 83 49 der
1546 2975 197 57 „Freien

432 3050 192 66 1865);
674 3050 72 50 die
790 3051 179 49 Artikel
1020 3053 80 49 des
1150 3054 217 49 letzteren
1419 3054 123 49 seien
1592 3054 151 49 indess

196 3133 180 62 „später
407 3130 321 65 geschrieben,
759 3131 64 49 als
848 3131 222 66 Thayer's
1096 3133 178 66 Capitel
1306 3134 58 48 im
1397 3134 214 65 Original
1643 3141 72 41 ent-

186 3209 175 49 worfen
587 3211 158 49 Etwas
775 3211 154 49 Neues
962 3227 84 33 von
1077 3211 163 65 irgend
1274 3213 201 49 welcher
1508 3214 203 63 Wichtig-

185 3289 91 48 keit
320 3289 195 66 bringen
561 3290 86 50 alle
690 3289 95 51 drei
827 3290 177 66 Capitel
1048 3291 144 59 nicht,
1236 3293 81 48 mit
1347 3293 273 49 Ausnahme
1664 3293 80 49 des

186 3368 225 66 Anhangs
450 3369 85 56 XI,
581 3369 200 49 welcher
825 3369 87 48 den
961 3369 200 66 Vertrag
1204 3371 228 50 zwischen
1477 3373 265 48 Beethoven

185 3448 92 48 und
310 3449 188 48 Artaria
529 3448 43 50 &
602 3449 163 67 Comp,
798 3448 117 50 über
945 3449 88 48 den
1067 3450 172 66 Verlag
1278 3451 81 50 der
1396 3451 122 50 drei
1564 3453 179 48 Trio's

183 3528 89 66 Op.
313 3528 21 49 1
373 3528 188 49 enthält.

304 3606 264 50 Beethoven
611 3608 162 64 spielte
816 3606 122 50 diese
985 3606 147 50 Trio's
1175 3608 118 48 nach
1335 3609 107 49 Ries
1485 3615 152 43 zuerst
1681 3609 59 49 im

181 3685 143 50 Jahre
361 3685 146 51 1793
541 3686 60 49 im
637 3688 158 48 Hause
835 3686 79 50 des
954 3688 197 48 Fürsten
1183 3688 324 68 Lichnowsky.
1564 3689 76 49 Sie
1670 3707 48 31 er-

183 3773 160 57 regten
388 3765 85 50 auf
507 3766 81 50 der
619 3766 140 50 Stelle
795 3766 472 50 ausserordentliches
1298 3768 261 49 Aufsehen:
1603 3775 116 42 trotz-

182 3843 104 49 dem
334 3844 110 49 hielt
487 3862 51 31 er
580 3845 63 50 sie
688 3845 118 50 doch
850 3845 116 50 noch
1005 3846 111 47 zwei
1145 3846 146 49 Jahre
1330 3848 42 48 in
1404 3848 174 49 seinem
1608 3848 135 49 Pulte

182 3923 189 57 zurück,
403 3923 189 50 obwohl
624 3942 50 31 er
701 3925 65 48 sie
797 3925 161 66 häufig
986 3925 161 66 spielte
1171 3925 93 50 und
1288 3926 94 50 sein
1408 3926 99 50 Ruf
1532 3926 208 50 dadurch

183 4003 108 49 weit
319 4003 149 50 höher
497 4005 135 65 stieg,
662 4006 65 49 als
757 4005 145 50 durch
935 4005 73 50 die
1035 4005 112 50 zwei
1180 4005 66 48 bis
1278 4005 97 51 drei
1406 4006 140 50 Hefte
1579 4006 135 51 Varia-

181 4083 175 59 tionen,
400 4081 73 51 die
516 4102 50 31 er
610 4084 389 67 herausgegeben
1043 4085 141 50 hatte.
1254 4085 117 59 „Die
1401 4086 150 50 Trio's
1583 4103 157 33 waren

548 4170 103 60 sagt
679 4164 186 67 Thayer
969 4182 77 42 „so
1077 4164 205 51 bekannt
1312 4164 93 51 und
1437 4165 232 66 geschätzt
1697 4166 45 50 in

1842 1385 89 51 den
1963 1385 350 50 musicalischen
2345 1385 193 50 Kreisen
2570 1385 273 66 geworden,
2873 1384 106 51 dass
3008 1385 100 50 ihre
3141 1384 237 51 Veröffent-

1841 1466 189 65 lichung
2059 1465 352 66 gerechtfertigt
2685 1465 82 50 Bei
2797 1465 83 50 der
2913 1464 312 66 Wichtigkeit
3254 1465 150 50 dieser

1842 1544 319 67 Composition
2205 1544 127 49 nicht
2386 1562 90 31 nur
2520 1545 78 48 für
2642 1543 72 50 die
2759 1544 277 49 Geschichte
3080 1544 324 60 Beethoven's,

1839 1624 202 51 sondern
2086 1624 118 54 auch
2251 1624 79 49 für
2372 1624 73 49 die
2476 1624 275 49 Geschichte
2780 1623 82 50 der
2891 1623 171 61 Musik,
3093 1624 56 49 ist
3192 1624 74 49 die
3295 1625 81 50 Mit-

1839 1704 211 66 theilung
2081 1704 82 49 der
2191 1703 172 50 darauf
2393 1704 302 66 bezüglichen
2726 1703 314 50 Actenstücke
3074 1704 61 48 im
3168 1704 234 66 Anhange

1841 1784 108 49 sehr
1975 1783 277 49 interessant
2283 1783 92 49 und
2417 1784 83 48 mit
2529 1783 137 49 Dank
2704 1783 357 49 aufzunehmen.
3117 1783 76 49 Sie
3225 1781 145 51 bewei-

1841 1880 78 33 sen
1970 1863 240 66 übrigens,
2265 1861 104 51 dass
2415 1863 82 49 der
2552 1863 183 66 geniale
2791 1863 263 49 Beethoven
3113 1861 290 68 keineswegs

1842 1941 302 68 gleichgültig
2182 1958 151 49 gegen
2377 1941 87 50 den
2504 1943 170 64 Ertrag
2712 1941 151 49 seiner
2895 1941 396 66 Compositionen.
3306 1958 99 33 war

1843 2021 95 50 und
1970 2023 170 48 bereits
2178 2021 45 49 in
2264 2021 156 50 seinen
2454 2021 179 68 jungen
2665 2023 176 49 Jahren
2872 2021 80 50 das
2979 2020 118 51 Geld
3140 2021 108 50 sehr
3278 2021 124 50 wohl

1843 2119 54 31 zu
1928 2101 211 50 schätzen
2171 2109 184 41 wusste.

1964 2183 89 47 Am
2092 2180 83 50 16.
2200 2180 93 50 Mai
2332 2179 197 67 1795*)
2562 2180 207 50 erschien
2801 2180 43 48 in
2876 2178 81 50 der
2984 2179 199 51 Wiener
3205 2179 200 67 Zeitung

1844 2260 215 65 folgende
2092 2260 226 65 Anzeige:

1974 2339 511 57 „Pränumeration
2534 2339 83 48 auf
2651 2338 201 66 Ludwig
2896 2354 84 33 van
3024 2338 304 49 Beethoven's
3368 2336 32 52 3

1843 2435 159 47 grosse
2034 2419 132 48 Trios
2206 2418 78 48 für
2313 2418 80 49 das
2424 2418 285 55 Pianoforte,
2745 2418 147 48 Violin
2927 2418 92 48 und
3055 2419 127 53 Bass,
3230 2418 173 48 welche

1843 2498 170 49 binnen
2048 2498 30 49 6
2111 2498 220 50 Wochen
2374 2499 70 47 bei
2485 2496 102 50 dem
2624 2498 236 48 Verfasser
2905 2514 150 48 gegen
3085 2498 317 63 Zurückgabe

1842 2576 79 49 des
1951 2578 192 48 Scheins
2173 2595 52 30 zu
2274 2576 152 49 haben
2464 2578 94 47 sein
2594 2576 200 49 werden.
2857 2578 92 47 Der
2980 2576 126 47 Preis
3136 2576 125 47 eines
3292 2578 86 47 voll-

1839 2656 242 65 ständigen
2129 2656 276 66 Exemplars
2448 2656 54 49 ist
2546 2658 69 47 ein
2664 2658 224 47 Ducaten.
2965 2655 83 50 Die
3092 2656 183 49 Namen
3320 2656 83 49 der

1842 2735 183 48 Herren
2058 2736 399 49 Pränumeranten
2491 2736 187 47 werden
2725 2734 311 66 vorgedruckt
3080 2734 93 48 und
3212 2735 65 48 sie
3321 2753 54 47 ge-

1841 2830 179 33 messen
2053 2814 85 49 den
2173 2815 226 57 Vortheil,
2444 2814 102 49 dass
2577 2814 146 49 dieses
2760 2814 149 48 Werk
2953 2814 78 48 für
3076 2813 188 49 Andere
3308 2824 92 39 erst

1841 2894 31 49 2
1907 2895 189 48 Monate
2128 2895 114 48 nach
2275 2894 81 49 der
2382 2894 322 66 Ablieferung,
2736 2894 225 48 vielleicht
2993 2894 119 49 auch
3137 2912 89 30 nur
3248 2912 151 48 gegen

1839 2973 230 50 erhöhten
2115 2975 126 47 Preis
2284 2973 274 66 abgegeben
2606 2974 130 49 wird.
2803 2974 50 47 In
2902 2973 141 49 Wien
3090 2974 312 63 pränumerirt

1839 3070 108 32 man
1994 3054 70 48 bei
2110 3054 103 48 dem
2257 3054 242 48 Verfasser
2556 3054 59 48 im
2664 3053 304 67 Ogylsischen
3015 3053 159 48 Hause
3226 3053 42 48 in
3314 3053 82 49 der

1838 3133 292 64 Kreuzgasse
2161 3134 151 47 hinter
2342 3131 82 49 der
2445 3131 451 51 Minoriten-Kirche
2924 3131 83 50 Nr.
3033 3130 90 58 35,
3154 3131 60 49 im
3247 3139 151 42 ersten

1959 3293 96 47 Der
2085 3291 120 49 oben
2237 3291 239 49 erwähnte
2507 3291 221 50 Contract
2759 3307 100 33 vom
2899 3290 81 50 19.
3012 3290 92 50 Mai
3136 3290 169 50 lautet:

1968 3371 175 56 „Unter
2173 3370 112 48 heut
2326 3378 310 57 angesetztem
2667 3370 174 48 Datum
2890 3369 54 48 ist
2982 3369 226 49 zwischen
3241 3371 157 49 Herrn

1839 3450 187 48 Artaria
2058 3448 42 52 &
2132 3450 289 65 Compagnie
2462 3449 91 49 und
2601 3450 154 47 Herrn
2786 3448 200 66 Ludwig
3017 3465 84 33 van
3135 3449 263 49 Beethoven

1841 3528 213 67 folgende
2088 3529 343 65 Verabredung
2462 3529 291 65 geschlossen
2787 3526 207 51 worden.

1969 3647 18 19 „
2005 3609 20 49 Imo1
2038 3616 60 25 mo
2142 3609 63 48 Es
2250 3609 219 65 übergibt
2507 3609 126 48 Herr
2675 3624 85 32 van
2803 3608 262 49 Beethoven
3103 3608 103 49 dem
3240 3608 156 49 Herrn

1839 3689 188 48 Artaria
2057 3689 125 49 seine
2223 3688 96 49 drei
2351 3689 111 48 Trio
2501 3688 83 49 auf
2619 3686 80 51 das
2732 3688 197 58 Ciavier,
2962 3688 149 48 Violin
3145 3686 91 50 und
3268 3688 128 57 Bass,

1839 3768 94 48 und
1964 3768 242 49 verbindet
2234 3768 94 49 sich
2363 3768 124 48 Herr
2519 3766 188 50 Artaria
2749 3766 155 50 solche
2946 3783 148 49 gegen
3128 3765 239 51 Vorausbe-

1838 3846 200 66 zahlung
2067 3864 86 33 von
2198 3848 111 48 zwei
2342 3848 204 48 hundert
2572 3846 141 50 zwölf
2740 3846 199 59 Gulden,
2984 3848 97 47 rein
3114 3849 92 46 und
3236 3845 163 60 schön,

1838 3926 118 50 auch
2002 3928 83 48 mit
2128 3928 150 49 einem
2322 3926 243 50 zierlichen
2612 3925 266 51 Titelblatte
2928 3925 240 56 versehen,
3224 3924 170 51 binnen

1943 4124 36 49 *)
2016 4124 46 37 In
2105 4123 188 50 Thayer's
2338 4124 187 37 Chrono
2537 4123 25 38 1.
2611 4123 386 36 Verzeichnisse
3042 4123 37 35 S.
3109 4119 23 40 8
3180 4123 49 35 ist
3276 4121 121 36 durch

1840 4189 111 35 einen
1984 4187 261 37 Druckfehler
2276 4187 66 35 der
2373 4184 59 39 16.
2464 4187 127 35 März
2622 4185 237 47 angegeben.

3089 4241 69 51 43

2877 853 117 58 XIV.
3037 854 282 74 Jahrgang.

253 850 85 56 Nr.
383 850 83 57 43.

1416 841 181 80 KÖLN,
1640 852 80 57 27.
1763 852 228 58 October
2031 854 147 57 1866.
