2738 4130
2050 244 69 28 243

161 326 122 66 ON
324 318 572 74 TOLERANCE
946 319 92 63 IN
1089 319 487 73 DRAMATIC
1625 321 491 66 CRITICISM.

162 430 132 74 by
418 420 506 66 Gordon
1056 420 451 81 Craig.

159 573 73 62 M
237 577 18 21 r
278 567 37 30 E.
339 566 39 30 F.
400 568 144 34 Spence
568 567 67 30 has
658 567 156 30 written
832 566 116 38 lately
964 567 38 29 in
1019 568 65 29 the
1106 567 286 31 Westminster
1407 567 164 33 Gazette
1587 578 47 21 on
1653 569 202 30 Tolerance
1874 571 36 28 in
1930 571 191 28 Dramatic

238 629 201 30 Criticism.
485 630 32 28 It
540 630 30 29 is
594 629 133 37 hardly
750 637 21 21 a
794 628 149 36 subject
965 630 123 29 which
1111 638 57 22 we
1191 630 135 30 should
1350 632 134 34 expect
1507 633 57 28 Mr
1581 632 161 31 William
1761 633 142 28 Archer
1918 632 40 29 to
1977 633 43 28 be
2037 632 82 29 able

155 694 38 28 to
216 691 150 36 handle,
390 699 42 21 or
454 699 94 21 even
573 693 59 28 Mr
654 693 86 28 Max
764 692 222 30 Beerbohm.
1030 693 58 28 Mr
1112 691 244 38 Walkley....?
1378 693 35 31 we
1413 693 123 31 11....!
1561 695 74 29 But
1651 695 58 29 Mr
1724 695 144 35 Spence
1885 694 31 28 is
1933 693 37 29 of
1986 693 48 29 all
2053 694 65 28 the

155 753 125 29 critics
303 753 66 30 the
393 755 101 28 most
515 753 171 30 tolerant
709 755 72 28 and
805 754 67 29 the
894 755 100 28 most
1016 762 189 28 generous
1228 755 72 29 and
1317 754 105 30 what
1438 755 46 30 he
1500 764 86 28 says
1603 757 31 28 is
1650 755 118 38 really
1784 757 99 28 most
1899 756 220 34 important.

153 816 11 27 1
187 814 95 30 shall
305 814 194 31 therefore
532 817 149 34 reprint
713 816 133 30 rather
868 825 21 20 a
912 816 87 36 long
1023 824 157 29 passage
1209 816 97 30 from
1331 818 44 36 it,
1409 817 188 37 believing
1618 819 87 29 that
1738 820 47 35 by
1811 827 41 20 so
1879 818 114 35 doing
2017 818 12 28 I
2063 825 58 21 am

153 879 152 35 serving
327 879 65 28 the
415 886 92 29 very
531 880 83 28 best
637 880 183 28 interests
847 877 38 31 of
912 879 66 29 the
995 880 103 28 most
1120 879 158 36 spirited
1303 881 216 28 movement
1547 880 37 30 of
1606 881 65 29 the
1700 880 153 30 theatre
1877 880 38 29 in
1940 879 181 36 England.

153 945 44 24 &
220 941 23 14 44
259 941 110 28 Some
403 940 173 30 remarks
610 940 116 37 lately
759 941 207 36 appearing
1000 941 38 29 in
1063 949 21 21 a
1107 941 158 36 popular
1288 941 146 37 weekly
1457 950 115 28 paper
1596 944 229 35 concerning
1852 944 90 28 Mrs.
1971 941 152 30 Patrick

153 1003 22 13 44
195 1002 223 36 Campbell's
448 1004 24 16 44
487 1004 157 28 Deirdre
710 1004 72 29 and
807 1004 23 14 44
846 1004 149 31 Electra
1054 1004 157 30 deserve
1235 1013 21 21 a
1279 1004 101 30 little
1405 1006 295 28 consideration.
1744 1006 78 29 One
1846 1004 38 30 of
1906 1006 65 28 the
1996 1004 128 30 critics

156 1065 20 13 44
194 1064 176 30 attached
383 1065 41 29 to
437 1065 65 29 the
519 1072 115 29 paper
650 1065 116 36 spoke
783 1064 37 30 of
835 1066 66 28 the
917 1065 111 30 affair
1044 1073 40 22 as
1101 1067 113 35 being
1230 1074 47 21 an
1294 1067 23 14 44
1331 1065 225 31 indifferent
1571 1066 260 36 performance
1848 1067 38 29 of
1901 1065 224 31 indifferent

155 1128 21 13 44
448 1128 72 29 and
545 1128 93 29 then
661 1128 80 29 said
766 1129 31 28 it
818 1135 78 22 was
919 1129 22 14 44
955 1136 21 21 a
999 1127 132 37 simple
1155 1127 223 30 affectation
1401 1129 40 29 to
1465 1128 145 36 profess
1625 1130 40 28 to
1683 1128 111 37 enjoy
1903 1129 72 29 and
1993 1128 85 29 that
2095 1128 30 29 it

155 1190 22 12 44
195 1196 76 22 was
295 1190 80 35 not,
398 1190 23 16 44
434 1197 41 22 as
498 1197 102 22 some
617 1189 135 36 people
768 1197 100 23 seem
885 1191 41 29 to
942 1190 125 37 think,
1084 1199 21 21 a
1121 1190 109 30 mark
1246 1190 38 30 of
1300 1190 162 36 culture,
1480 1192 69 29 but
1564 1190 88 37 only
1669 1190 37 30 of
1722 1190 237 30 insufficient
1976 1190 148 30 culture

156 1252 21 13 44
196 1251 67 29 not
284 1252 41 28 to
348 1251 268 37 acknowledge
639 1253 87 29 that
748 1260 72 22 one
844 1253 31 29 is
899 1254 114 28 bored
1039 1255 47 34 by
1108 1254 77 28 this
1209 1253 89 29 kind
1324 1253 37 29 of
1576 1255 55 27 An
1656 1253 190 32 affronted
1875 1254 108 29 critic
2005 1254 119 28 wrote

155 1313 22 14 14
195 1313 40 28 to
258 1313 65 29 the
346 1320 130 30 paper,
500 1314 255 36 complaining
778 1314 38 29 of
838 1315 66 29 the
928 1315 137 35 charge
1089 1314 39 30 of
1150 1314 223 31 affectation
1399 1317 70 28 and
1495 1315 238 30 insufficient
1756 1315 162 36 culture,
1948 1316 71 28 and
2049 1322 76 22 was

156 1376 22 14 44
195 1375 190 36 promptly
409 1375 169 31 rebuked
602 1384 40 22 as
666 1377 22 14 44
703 1385 21 20 a
748 1376 218 36 bumptious
989 1378 313 35 correspondent,
1325 1378 72 28 and
1421 1376 80 30 told
1524 1377 86 29 that
1627 1378 56 28 his
1701 1376 116 30 letter
1834 1378 202 28 convinced
2061 1377 65 29 the

157 1437 21 13 44
197 1437 108 30 critic
320 1437 86 30 that
423 1438 45 29 he
484 1446 78 22 was
578 1446 71 22 one
667 1438 38 30 of
719 1439 111 29 those
846 1437 163 31 affected
1026 1446 158 28 persons
1200 1439 128 29 whose
1346 1440 241 28 misdirected
1603 1439 81 31 zeal
1700 1440 66 28 the
1783 1440 131 28 writer
1935 1438 191 36 deplored.

157 1499 21 13 44
197 1498 87 30 This
306 1500 166 29 attitude
496 1501 31 28 is
552 1502 67 27 not
635 1509 20 20 a
672 1500 166 37 novelty.
875 1502 101 28 Most
992 1500 38 30 of
1044 1502 66 28 the
1128 1502 140 36 critics,
1285 1502 110 28 when
1413 1503 12 27 1
1441 1509 77 22 was
1534 1510 21 21 a
1572 1503 84 35 boy,
1673 1502 161 36 charged
1851 1502 66 29 the
1933 1501 192 35 professed

157 1561 21 14 44
198 1561 184 30 admirers
405 1561 38 31 of
467 1563 163 36 Wagner
652 1563 93 29 with
769 1563 114 36 being
905 1564 203 35 impostors
1132 1571 43 21 or
1198 1563 210 36 imbeciles;
1433 1563 98 30 later
1554 1571 61 28 on,
1639 1571 148 29 anyone
1816 1564 86 28 who
1931 1562 193 37 professed

158 1623 21 13 44
197 1622 40 29 to
261 1622 75 31 like
359 1623 65 30 the
447 1625 168 35 pictures
639 1623 38 30 of
700 1623 180 31 Whistler
902 1632 43 21 or
969 1625 166 33 Rossetti
1152 1633 43 22 or
1212 1627 272 35 Burne-Jones,
1509 1633 43 22 or
1575 1634 73 28 any
1670 1625 39 30 of
1729 1626 65 29 the
1818 1625 309 37 Impressionists,

159 1685 20 15 44
197 1691 77 22 was
304 1686 158 29 accused
495 1685 38 30 of
562 1685 236 31 affectation.
843 1687 119 29 When
994 1688 109 28 Ibsen
1133 1695 77 22 was
1244 1688 225 29 introduced
1501 1688 40 29 to
1572 1687 168 36 England
1771 1688 66 29 the
1868 1687 259 30 conservative

158 1747 23 14 44
199 1746 127 29 critics
348 1748 129 36 raved,
500 1748 73 29 and
597 1747 144 37 alleged
764 1748 87 29 that
872 1748 66 30 the
962 1749 184 29 Ibsenites
1169 1750 59 36 (or
1244 1750 220 29 Obscenites
1468 1750 106 28 the
1590 1750 104 29 word
1707 1757 77 22 was
1801 1750 219 29 considered
2038 1757 90 28 very

159 1808 22 13 44
199 1808 125 36 witty)
346 1816 103 23 were
472 1809 207 37 humbugs;
702 1810 78 29 this
802 1818 77 21 was
901 1811 67 29 the
991 1809 98 31 least
1119 1810 183 31 offensive
1326 1811 38 30 of
1386 1813 102 28 their
1519 1812 170 36 charges.
1734 1811 75 30 The
1839 1820 102 21 same
1971 1811 90 30 kind
2092 1810 38 30 of

159 1870 21 13 44
198 1869 109 36 thing
330 1870 195 37 happened
550 1872 38 28 in
611 1872 67 29 the
702 1880 83 22 case
809 1872 38 30 of
870 1872 242 31 Maeterlink.
1157 1874 77 28 One
1258 1874 122 36 might
1403 1875 74 28 cite
1502 1882 111 28 many
1636 1874 111 29 other
1770 1875 203 28 instances.
2085 1879 45 24 &

226 1932 22 14 44
266 1932 32 29 It
320 1932 32 29 is
375 1940 21 22 a
419 1934 152 29 curious
594 1933 97 30 form
715 1933 39 31 of
776 1934 142 30 attack.
964 1935 94 36 Why
1081 1935 134 29 should
1241 1936 25 35 I,
1290 1936 83 28 who
1398 1936 71 28 had
1496 1936 110 28 much
1639 1936 175 35 pleasure
1842 1937 72 28 and
1946 1935 184 37 certainly

159 1993 21 14 44
200 2000 47 22 no
275 1994 193 37 boredom,
495 1994 29 31 if
552 2004 21 21 a
600 1996 115 29 shade
742 1996 39 29 of
806 1997 335 35 disappointment,
1167 1996 98 30 from
1296 1998 71 29 Mr.
1398 1997 147 30 Yeats's
1575 1997 85 37 play
1687 1999 72 28 and
1790 1999 90 28 Mrs.
1908 1997 223 36 Campbell's

159 2056 22 13 44
200 2055 186 31 beautiful
409 2058 141 36 acting,
574 2059 45 29 be
643 2058 162 37 charged
829 2060 93 28 with
946 2058 222 31 affectation
1193 2060 159 29 because
1377 2060 13 28 I
1413 2060 78 29 said
1517 2067 54 29 so,
1595 2060 72 29 and
1691 2060 79 29 also
1786 2060 93 29 with
1897 2059 235 30 insufficient

160 2117 21 14 44
200 2117 171 31 culture?
394 2119 118 30 There
526 2121 32 28 is
570 2128 22 21 a
604 2122 145 28 certain
762 2123 158 27 amount
933 2121 37 29 of
983 2123 281 35 inconsistency
1277 2123 37 27 in
1328 2123 66 29 the
1408 2123 157 35 charges
1578 2123 122 28 which
1717 2130 84 28 may
1813 2123 45 29 be
1874 2123 257 35 disregarded.

162 2179 21 13 44
201 2177 44 31 Of
267 2187 147 30 course,
438 2182 12 28 I
473 2189 58 22 am
560 2182 274 38 insufficiently
861 2183 188 30 cultured.
1094 2184 119 29 There
1242 2191 65 22 are
1336 2185 211 28 thousands
1576 2184 37 29 of
1643 2184 104 37 plays
1770 2185 72 29 and
1868 2184 117 30 books
2006 2185 87 28 that
2121 2185 10 28 I

161 2241 22 13 44
201 2241 119 35 ought
342 2243 41 28 to
406 2243 96 29 have
526 2245 104 35 read,
654 2244 38 30 of
714 2246 149 28 dramas
887 2246 13 28 I
923 2246 119 35 ought
1068 2247 40 28 to
1136 2246 94 29 have
1260 2246 219 36 witnessed,
1503 2245 37 30 of
1562 2247 168 34 pictures
1766 2248 12 27 I
1813 2247 119 36 ought
1964 2248 40 28 to
2039 2247 93 29 have

161 2303 22 13 44
200 2309 105 29 seen,
329 2311 141 23 masses
493 2304 38 31 of
553 2307 119 28 music
696 2307 12 28 I
731 2307 120 36 ought
866 2308 39 28 to
923 2308 95 29 have
1035 2309 115 28 heard
1155 2309 112 28 and
1287 2308 91 29 have
1395 2309 68 28 not
1467 2309 127 35 and,
1615 2308 207 37 therefore,
1841 2309 11 28 1
1869 2317 59 21 am
1951 2317 20 21 a
1994 2316 137 31 person

161 2363 22 14 44
201 2363 39 29 of
261 2371 91 30 very
375 2365 237 32 insufficient
637 2366 162 32 culture.
824 2369 74 29 But
919 2369 66 29 the
1007 2369 132 29 writer
1161 2370 39 28 in
1223 2370 176 34 question
1422 2369 134 30 should
1581 2369 96 30 offer
1700 2377 103 22 some
1826 2371 178 28 evidence
2022 2370 38 29 of
2075 2370 57 29 his

160 2425 22 14 44
201 2432 84 23 own
308 2426 223 38 sufficiency
560 2428 39 30 of
624 2429 150 29 culture
799 2429 129 30 before
958 2430 165 36 alleging
1151 2431 86 29 that
1260 2439 61 28 my
1344 2431 152 35 opinion
1521 2432 231 35 concerning
1774 2431 65 29 the
1862 2431 85 36 play
1970 2432 71 28 and
2066 2432 65 29 the

161 2488 22 12 44
201 2486 262 36 performance
486 2491 32 28 is
541 2491 72 28 due
640 2491 40 28 to
704 2499 21 21 a
748 2490 84 31 lack
858 2491 38 30 of
933 2491 163 30 culture.
1141 2491 108 30 After
1272 2492 61 36 all,
1358 2493 37 28 in
1421 2501 20 20 a
1474 2491 81 30 free
1586 2494 162 36 country
1778 2500 72 22 one
1882 2493 124 30 would
2030 2501 101 22 seem

162 2549 21 14 44
202 2550 162 30 entitled
388 2552 40 28 to
453 2559 154 28 express
623 2560 48 22 an
688 2554 154 34 opinion
859 2561 46 21 on
924 2561 21 21 a
966 2554 176 35 question
1166 2553 38 30 of
1226 2555 62 28 art
1310 2555 164 29 without
1498 2555 111 35 being
1632 2554 118 30 called
1768 2563 21 21 a
1805 2555 71 29 liar
1892 2556 47 36 by
1954 2563 178 22 someone

163 2611 20 13 44
202 2611 84 29 who
307 2611 110 31 takes
440 2622 21 21 a
484 2613 181 31 different
687 2615 109 30 view.
834 2615 75 30 The
926 2617 141 28 matter
1084 2616 31 29 is
1133 2623 69 22 one
1222 2615 38 30 of
1282 2624 102 21 some
1408 2617 247 35 importance,
1680 2618 158 28 because
1860 2618 66 29 the
1949 2617 130 30 attack
2102 2618 31 28 is

162 2672 24 16 44
203 2673 182 31 insidious
408 2676 72 29 and
508 2677 226 35 dangerous.
772 2677 77 29 The
867 2677 185 30 deadliest
1067 2685 155 27 weapon
1247 2678 37 28 in
1308 2678 67 29 the
1399 2678 118 29 hands
1541 2678 38 29 of
1593 2679 65 29 the
1676 2679 108 29 critic
1800 2681 30 28 is
1846 2680 66 29 the
1928 2679 204 36 allegation

163 2735 22 14 44
203 2734 37 30 of
271 2737 192 30 boredom.
508 2739 77 29 You
611 2747 84 28 may
725 2747 66 28 say
820 2739 87 29 that
929 2748 21 21 a
973 2740 105 35 piece
1101 2740 32 28 is
1155 2741 148 35 vulgar,
1328 2739 215 38 indelicate,
1566 2742 202 35 inartistic,
1792 2742 190 35 indecent,
2004 2740 69 30 full
2097 2740 37 30 of

162 2797 21 13 44
202 2796 24 15 44
251 2797 210 38 chestnuts,
540 2799 292 37 old-fashioned,
872 2801 24 17 44
910 2800 297 37 melodramatic,
1288 2801 156 37 violent,
1488 2801 318 37 ill-constructed,
1840 2810 42 22 or
1919 2802 214 36 unoriginal

164 2859 20 13 44
202 2859 165 29 without
393 2861 113 36 doing
528 2860 94 31 fatal
645 2861 139 38 injury,
808 2863 69 28 but
900 2862 27 29 if
949 2871 73 28 you
1046 2862 122 37 allege
1195 2864 86 28 that
1307 2871 73 28 you
1411 2864 71 28 and
1507 2865 214 35 everybody
1743 2864 76 29 else
1842 2863 167 30 suffered
2036 2863 97 30 from

163 2921 23 14 44
204 2920 177 31 boredom
404 2930 96 28 your
515 2923 131 29 attack
662 2932 84 28 may
762 2925 46 28 be
823 2923 106 31 fatal.
954 2925 100 36 This,
1072 2925 12 28 I
1100 2924 124 35 think,
1246 2926 31 28 is
1300 2925 67 29 the
1388 2933 135 21 reason
1554 2926 85 35 why
1661 2926 66 30 the
1751 2926 136 36 charge
1910 2926 32 29 is
1964 2933 42 22 so
2029 2925 105 31 often

165 2982 21 15 44
205 2983 107 29 made
336 2984 47 36 by
419 2984 132 36 people
588 2986 92 28 with
718 2986 134 36 strong
888 2986 226 36 prejudices.
2090 2993 45 24 &

165 3047 44 24 &
232 3044 22 14 44
272 3043 119 31 There
407 3046 32 30 is
454 3047 218 36 something
687 3048 40 28 to
746 3048 43 29 be
812 3048 80 29 said
910 3056 47 22 on
975 3049 90 29 both
1090 3050 112 28 sides.
1247 3050 51 29 No
1322 3050 119 28 doubt
1463 3050 65 29 the
1545 3050 122 29 lovers
1684 3049 37 30 of
1736 3050 64 29 the
1816 3057 154 22 severer
1985 3050 96 29 form
2099 3051 37 29 of

166 3104 22 14 44
207 3104 141 38 drama,
371 3107 65 30 the
458 3109 255 35 worshippers
736 3108 38 29 of
795 3109 123 37 Shaw,
941 3110 67 29 the
1032 3111 97 35 body
1151 3111 123 29 which
1298 3111 68 29 has
1381 3112 205 35 supported
1603 3112 66 29 the
1686 3112 174 29 societies
1877 3111 38 29 of
1926 3113 121 29 which
2070 3113 66 29 the

167 3166 21 13 44
209 3166 255 37 Independent
487 3169 162 30 Theatre
671 3177 77 22 was
770 3170 67 30 the
859 3170 89 31 first
971 3173 72 28 and
1068 3173 67 28 has
1161 3173 186 35 regarded
1372 3173 65 29 the
1463 3173 117 29 Court
1604 3173 160 30 Theatre
1787 3172 59 30 for
1869 3181 22 21 a
1912 3173 111 31 while
2053 3182 40 22 as
2116 3183 21 21 a

167 3228 21 13 44
209 3226 88 31 kind
315 3228 37 30 of
360 3231 138 36 Mecca,
506 3239 65 22 are
585 3233 68 27 not
666 3231 138 36 always
820 3232 185 35 judicious
1021 3234 110 29 when
1148 3233 149 38 talking
1312 3235 117 29 about
1446 3234 154 30 musical
1618 3235 153 36 comedy
1787 3236 73 28 and
1877 3236 118 29 comic
2010 3243 127 29 opera,

182 3290 7 13 4
208 3290 72 28 and
304 3297 102 24 some
430 3293 188 30 members
641 3292 38 30 of
701 3293 31 28 it
755 3293 94 30 have
873 3295 94 29 been
990 3303 92 29 very
1107 3297 335 29 narrow-minded.
1482 3296 101 36 They
1606 3297 94 28 have
1716 3295 152 31 refused
1884 3297 41 29 to
1942 3299 118 28 admit
2071 3299 66 28 the

209 3352 113 28 merit
345 3352 37 30 of
404 3361 73 29 any
500 3355 117 29 comic
654 3361 145 30 operas,
837 3358 132 34 except
1004 3358 110 29 those
1152 3357 38 30 of
1226 3358 147 29 Gilbert
1408 3359 72 28 and
1517 3357 181 35 Sullivan,
1728 3358 92 36 they
1853 3359 94 30 have
1970 3359 167 30 lavished

167 3415 21 13 44
208 3414 345 38 indiscriminating
569 3417 115 28 abuse
701 3424 99 28 upon
818 3417 137 30 almost
971 3418 48 30 all
1033 3420 143 35 others,
1207 3420 95 29 have
1332 3419 134 31 looked
1498 3427 98 28 upon
1627 3418 123 37 Daly's
1781 3419 162 32 Theatre
1973 3422 71 28 and
2072 3422 67 29 the

167 3477 22 14 44
209 3476 133 37 Gaiety
359 3477 72 28 and
448 3478 65 28 the
531 3478 133 29 Prince
682 3477 37 30 of
735 3478 137 30 Wales'
895 3487 41 22 as
952 3488 41 21 so
1010 3489 112 29 many
1142 3482 219 31 Nazareths.
1385 3481 101 37 This,
1509 3480 38 31 of
1569 3488 147 28 course,
1739 3481 67 30 has
1829 3485 136 28 caused
1992 3491 21 22 a
2030 3485 108 35 great

167 3539 22 14 44
209 3537 83 31 deal
316 3537 38 30 of
376 3545 219 30 annoyance
618 3541 41 27 to
682 3539 65 30 the
771 3539 123 31 lovers
918 3541 37 29 of
978 3544 348 29 musico-dramatic
1348 3543 119 36 work,
1490 3551 104 22 some
1610 3541 38 31 of
1663 3542 122 30 whom
1803 3544 95 31 have
1916 3546 94 29 been
2034 3546 103 35 quite

169 3601 21 14 44
210 3600 300 30 indiscriminate
527 3601 39 28 in
582 3601 102 29 their
700 3601 113 30 loves.
830 3603 211 37 Moreover,
1056 3612 103 22 some
1176 3604 39 30 of
1228 3605 67 29 the
1311 3607 154 29 austere
1477 3604 80 31 folk
1569 3605 94 29 have
1676 3605 220 31 denounced
1910 3606 229 31 melodrama

170 3663 22 13 44
210 3664 71 29 and
305 3664 66 29 the
393 3661 181 32 so-called
592 3664 188 29 romantic
802 3666 168 35 comedy,
986 3666 164 29 without
1166 3668 172 36 drawing
1355 3669 82 28 nice
1455 3668 252 29 distinctions.
1731 3667 87 31 This
1839 3669 299 31 indiscriminate

170 3725 23 13 44
211 3724 269 32 denunciation
505 3725 67 29 has
596 3725 190 36 naturally
813 3727 135 28 caused
974 3734 217 29 annoyance
1218 3729 73 29 and
1314 3729 192 36 reprisals.
1550 3728 99 35 Still,
1673 3737 22 21 a
1716 3730 135 37 strong
1874 3730 205 31 difference
2102 3731 37 30 of

171 3788 22 14 44
211 3788 166 29 attitude
432 3788 129 29 exists.
607 3788 162 29 Because
803 3789 11 28 I
844 3787 132 30 dislike
1008 3790 22 14 44
1054 3791 29 28 A
1108 3790 159 30 Chinese
1291 3791 242 36 Honeymoon
1594 3791 254 36 enormously,
1872 3794 157 29 because
2051 3793 87 30 wild

2188 1004 216 32 Deirdre
2474 1004 79 30 and

2189 1047 164 33 ]slec
2384 1047 15 29 t
2429 1054 22 21 r
2478 1054 23 21 a

2191 1499 30 29 A
2259 1499 162 30 curious
2453 1498 103 30 form

2192 1540 69 29 of
2300 1540 256 29 attack.

2198 2744 22 14 44
2245 2741 275 30 Boredom
2546 2742 22 16 n

2204 3422 127 31 Narro
2336 3423 190 31 w-minde
2531 3423 24 29 d

2203 3464 140 30 ciit
2366 3464 15 29 i
2404 3474 20 20 c
2447 3472 21 22 s
2490 3486 9 8 .
