2301 3991
235 393 640 244 |THE
1083 393 981 244 MASK.]

238 797 845 69 ANNOUNCEMENTS
1160 797 117 66 TO
1353 800 198 73 OUR
1622 800 437 73 READERS

464 992 64 22 are
553 986 200 35 requested
779 988 40 28 to
843 987 90 29 send
956 987 102 29 their
1079 987 272 35 subscriptions
1374 988 122 29 direct
1517 988 40 28 to
1592 988 64 28 the
1690 986 221 36 Publishing
1944 986 115 30 Office

321 1044 21 29 8
367 1046 118 34 Borgo
508 1046 73 29 San
603 1047 152 37 Jacopo,
772 1047 191 38 Florence,
986 1048 105 37 Italy.
1136 1048 74 29 The
1233 1049 159 36 sending
1414 1049 38 29 of
1470 1049 68 30 the
1562 1056 134 29 money
1718 1049 32 28 is
1781 1047 209 31 facilitated
2014 1049 46 35 by

238 1113 191 35 enclosing
450 1118 115 29 paper
587 1117 134 29 money
744 1110 37 29 in
809 1118 21 21 a
862 1110 209 36 registered
1106 1109 127 31 letter.
1278 1110 39 29 In
1352 1110 196 37 Germany,
1582 1111 47 28 M.
1664 1117 109 28 15,00.
1807 1110 38 28 In
1879 1109 181 36 America,

236 1181 21 29 4
280 1173 157 31 Dollars.
482 1173 38 28 In
544 1171 106 36 Italy,
673 1178 36 28 15
736 1172 94 30 Lire.
875 1172 38 28 In
936 1172 165 35 Austria,
1123 1178 44 22 20
1191 1172 160 28 Kronen.
1397 1172 37 29 In
1459 1171 179 36 England,
1662 1170 135 37 (postal
1821 1171 144 35 orders)
1988 1177 73 31 15/-

237 1237 39 28 In
301 1235 144 36 Russia,
468 1234 20 29 8
514 1232 169 34 Roubles.
729 1233 38 28 In
792 1232 170 37 Holland,
984 1240 39 22 10
1047 1232 156 30 Gulden.

241 1355 100 65 por
362 1357 66 29 the
451 1356 250 29 convenience
723 1354 39 30 of
784 1362 69 21 our
876 1355 153 29 readers
1051 1362 56 21 we
1130 1355 185 30 herewith
1340 1356 82 35 give
1445 1355 65 30 the
1533 1355 64 29 list
1619 1354 38 30 of
1687 1362 70 21 our
1779 1354 133 34 agents
1935 1354 37 28 in
1996 1353 65 28 the

299 1417 179 31 different
499 1418 105 35 parts
626 1415 38 31 of
685 1416 65 29 the
772 1415 131 30 world.

319 1479 166 35 London,
509 1479 41 28 D.
572 1478 35 30 J.
631 1478 124 35 Rider,
779 1477 42 35 36
843 1478 45 29 St
909 1477 173 30 Martin's
1109 1477 130 37 Court,
1263 1478 163 36 Charing
1451 1478 108 29 Cross
1584 1477 112 34 Road.

318 1539 139 37 Berlin,
481 1539 168 31 Edmund
672 1539 140 36 Meyer,
836 1537 364 32 Potsdamerstrasse
1221 1547 44 28 27
1290 1540 34 29 b.

318 1600 251 36 Amsterdam,
594 1600 201 35 Kirberger
819 1600 30 28 &
872 1601 149 34 Kesper,
1045 1607 59 28 134
1130 1600 132 34 Rokin.

318 1662 155 36 Vienna,
496 1661 105 36 Hugo
624 1660 138 36 Heller,
785 1667 20 28 3
835 1660 289 31 Bauernmarkt.

318 1724 173 35 Moscow,
513 1722 158 30 Michael
695 1721 328 37 Lykiardoupolos,
1045 1723 25 15 44
1094 1724 49 29 La
1168 1722 156 30 Balance
1408 1721 107 30 Place
1539 1722 47 28 du
1611 1720 171 30 Thd&tre.

319 1783 241 37 Helsingfors,
583 1782 248 31 Akademiska
854 1782 256 31 Bokhandeln.

319 1846 199 35 Budapest,
541 1844 113 37 Nagel
676 1844 101 37 Otto,
799 1844 292 31 Muzeumkorut
1113 1852 33 22 2.

315 1905 231 37 Stockholm,
571 1906 39 29 C.
633 1905 39 31 E.
696 1905 135 37 Fritze,
854 1905 38 30 18
917 1905 133 30 Gustaf
1070 1904 228 38 Adolfstorg.

319 1967 200 35 Goteborg,
543 1967 169 35 Ringner
736 1968 30 29 &
789 1966 187 36 Enewald,
1000 1968 240 34 Kungsgatan
1265 1973 50 28 31.

316 2028 87 30 New
427 2027 112 37 York,
563 2027 235 36 Brentano's,
821 2027 99 31 Fifth
944 2029 166 29 Avenue.

317 2088 267 37 Philadelphia,
608 2090 41 29 G.
672 2090 55 29 W.
751 2088 131 38 Plank,
906 2090 78 29 1126
1008 2089 152 30 Walnut
1182 2089 138 29 Street.

316 2149 144 36 Naples,
483 2150 240 35 Michaelsen,
744 2158 22 22 2
789 2151 66 29 Via
879 2150 255 30 Chiatamone.

241 2278 92 46 The
354 2279 145 35 T$ditor
520 2280 90 30 will
634 2280 45 30 be
701 2279 98 39 glad
821 2282 38 29 to
882 2281 190 29 consider
1092 2288 82 29 any
1197 2279 116 31 MSS.
1336 2276 218 32 submitted
1578 2277 36 28 to
1630 2275 97 30 him•
1772 2273 127 30 These
1915 2271 145 32 should
2089 2258 31 43 11

235 2350 96 31 bear
352 2350 65 30 the
440 2359 139 22 names
601 2351 81 30 and
704 2351 214 31 addresses
939 2352 47 29 of
1005 2352 66 30 the
1094 2351 178 36 authors,
1296 2350 46 30 be
1369 2347 259 41 typewritten
1661 2345 81 30 and
1774 2342 287 41 accompanied

235 2422 51 37 by
309 2423 169 38 stamps.
502 2422 91 37 Any
604 2422 114 31 MSS.
734 2422 218 31 submitted
966 2423 44 28 in
1028 2423 85 30 this
1129 2429 172 24 manner
1315 2420 89 31 will
1419 2419 156 31 receive
1588 2418 64 30 the
1668 2417 166 31 earliest
1849 2415 210 36 attention,

234 2492 82 31 and
338 2500 121 30 every
483 2500 91 23 care
598 2493 89 30 will
710 2493 46 30 be
779 2493 122 30 taken
923 2502 47 21 as
993 2495 39 29 to
1057 2494 110 30 their
1185 2493 91 31 safe
1297 2493 150 35 return,
1470 2490 68 31 but
1560 2490 66 30 the
1646 2488 147 35 Editor
1806 2488 145 29 cannot
1967 2485 93 31 take

234 2571 82 30 any
338 2563 313 40 responsibility
674 2564 146 31 should
842 2572 82 29 any
946 2564 85 30 loss
1055 2571 128 23 occur.
1638 2566 45 25 &
1807 2565 44 24 &
2016 2563 44 25 &

232 2634 206 34 Editorial
485 2634 148 37 Offices,
676 2635 202 34 ARENA
925 2634 143 34 GOLD
1073 2634 101 40 ONI,
1224 2634 73 31 Via
1342 2633 65 30 dei
1452 2631 194 38 Serragli,
1694 2629 202 36 Florence,
1939 2627 122 38 Italy.

368 2809 177 20 vcadiv
664 2804 9 25 \
721 2789 180 36 England,
925 2796 37 28 15
986 2788 181 36 Shillings
1211 2788 16 29 I
1270 2786 104 38 Italy,
1473 2792 37 28 15
1535 2785 95 34 Lire,
1717 2786 7 43 j

295 2850 318 18 cimcrDiDTinw
664 2841 7 27 1
720 2831 196 35 Germany,
925 2837 37 28 15
986 2829 127 30 Marks
1211 2836 17 23 1
1270 2829 130 32 Russia
1492 2826 22 29 8
1539 2824 159 35 Roubles
1718 2837 6 16 >
1770 2823 111 30 POST
1904 2822 114 34 FREE

294 2854 215 29 bUBSC/RiP
520 2854 10 25 I
541 2854 72 25 ION
665 2854 6 37 /
719 2871 181 34 America,
944 2878 19 28 4
988 2870 146 30 Dollars
1212 2854 16 55 |
1271 2868 139 30 France
1473 2874 45 23 20
1541 2866 148 31 Francs.
1717 2863 6 37 )

231 2983 220 46 SIGN
493 2983 180 47 AND
728 2984 222 52 TEAR
1001 2984 173 47 OFF
1219 2983 205 47 THIS
1468 2979 304 53 ORDER
1814 2977 249 52 FORM

738 3210 399 76 ORDER
1226 3210 307 74 FORM

230 3325 51 29 To
302 3324 66 29 the
392 3321 207 37 Publisher,
610 3323 75 37 (or)
1212 3351 12 7 ,

229 3375 51 30 To
302 3375 71 29 Mr.
1848 3368 214 31 Bookseller

229 3427 162 28 Address

230 3476 128 30 Please
379 3478 70 35 put
470 3477 107 29 down
597 3485 62 28 my
673 3484 108 23 name
796 3485 41 21 as
853 3485 22 21 a
890 3478 215 30 subscriber
1125 3481 42 28 to
1489 3476 59 30 for
1571 3483 69 21 one
1661 3481 101 30 year,
1781 3480 43 22 or
1838 3473 56 29 six
1912 3471 150 30 months

229 3528 258 35 commencing
515 3527 92 30 with
636 3528 66 29 the
900 3529 172 35 number,
1103 3530 40 29 in
1173 3530 185 38 payment
1381 3527 38 30 of
1440 3527 122 30 which
1584 3525 264 37 subscription,
1872 3523 191 34 including

228 3580 167 35 postage,
419 3578 177 30 (enclose
629 3579 66 29 the
718 3586 81 22 sum
829 3579 39 29 of

228 3630 161 29 Address
1288 3656 14 8 „
