3713 5420
935 4094 89 46 138

1583 907 246 47 POEMS:
1869 906 356 48 MARIANNE
2263 907 240 47 MOORE

1085 1152 94 48 Let
1214 1166 60 34 us
1314 1151 163 48 admit
1513 1156 53 43 to
1603 1151 153 59 begin
1793 1151 126 48 with
1958 1151 112 47 that
2107 1151 87 47 the
2231 1155 142 54 great
2411 1148 354 59 shortcoming
2803 1147 55 48 of
2895 1146 276 47 American

922 1248 204 33 women
1171 1234 41 45 is
1260 1233 134 47 their
1440 1232 264 59 brutality,
1752 1233 134 47 their
1930 1247 315 41 coarseness,
2293 1247 56 31 as
2397 1246 121 32 seen
2564 1231 55 47 in
2665 1245 261 40 manners,
2974 1240 195 47 gowns,

920 1313 188 57 habits,
1144 1313 182 57 books,
1363 1315 296 46 dew-daws.
1729 1313 275 48 American
2040 1328 221 40 women,
2297 1312 82 48 for
2414 1313 88 47 the
2537 1317 137 42 most
2709 1317 116 53 part
2862 1326 86 31 are
2985 1309 153 49 shock-

920 1395 141 60 ingly
1098 1395 269 56 beautiful,
1406 1396 94 46 but
1536 1396 69 45 all
1640 1395 143 47 dress
1824 1394 149 56 alike,
2011 1400 176 53 repeat
2223 1393 242 47 dreadful
2503 1394 85 45 old
2627 1408 133 32 saws
2797 1393 139 45 from
2973 1391 198 58 variety

925 1477 188 54 shows,
1163 1477 146 46 chew
1358 1487 139 47 gum,
1547 1477 103 45 and
1697 1476 119 46 lack
1864 1476 244 57 humility
2157 1474 155 47 while
2360 1474 207 57 lacking
2615 1473 310 59 originality.
3009 1472 158 46 Their

921 1557 561 47 standard-fabricated
1520 1557 140 47 souls
1697 1557 132 47 have
1866 1557 132 46 been
2052 1561 75 41 set
2180 1561 53 41 to
2286 1555 156 58 lyrics
2496 1555 69 57 by
2621 1554 129 46 such
2804 1558 258 54 poetesses
3117 1566 55 33 as

922 1638 125 47 Sara
1079 1637 250 48 Teasdale
1361 1639 103 45 and
1494 1637 153 47 Edna
1677 1637 194 59 Millay.
1937 1637 168 46 These
2137 1637 198 57 people,
2368 1636 233 45 whether
2632 1636 123 57 they
2788 1646 62 47 go
2883 1633 290 48 horseback

921 1719 170 59 riding
1129 1734 58 32 or
1224 1720 122 59 play
1384 1719 170 47 tennis
1593 1733 58 32 or
1688 1733 139 32 wear
1865 1718 308 47 low-heeled
2212 1718 150 46 shoes
2401 1717 133 47 have
2571 1731 68 32 no
2680 1716 181 47 shame
2901 1717 102 45 and
3041 1716 133 46 have

920 1815 69 32 no
1026 1800 162 58 pride.

1088 1881 135 60 Amy
1262 1881 193 48 Lowell
1496 1882 104 46 and
1640 1880 249 48 Gertrude
1931 1880 142 47 Stein
2113 1895 86 31 are
2240 1880 298 58 arch-types
2578 1880 120 45 who
2737 1879 170 47 bustle
2947 1878 227 59 through

921 1963 87 47 the
1041 1962 289 47 multitude.
1402 1961 111 48 One
1547 1962 42 47 is
1626 1961 150 48 silent
1809 1963 104 44 and
1947 1961 331 46 embarassed
2311 1959 179 48 before
2523 1959 133 59 Amy
2692 1959 211 47 Lowell:
2942 1960 91 46 she
3068 1973 107 34 was

923 2045 87 46 the
1047 2045 204 58 nymph
1288 2043 56 48 of
1381 2057 159 45 many
1579 2057 31 33 a
1648 2057 121 44 rosy
1807 2042 275 48 American
2120 2043 164 58 youth
2323 2041 82 48 for
2444 2042 121 59 long
2604 2056 164 45 years.
2841 2041 111 47 The
2990 2040 91 47 din
3120 2040 55 47 of

925 2124 249 48 Gertrude
1216 2123 183 49 Stein's
1435 2125 289 46 barbarous
1765 2124 183 47 chants
1991 2123 125 48 rises
2157 2123 339 58 relentlessly:
2559 2138 99 32 one
2698 2135 122 46 may
2862 2123 216 47 succeed
3120 2121 54 46 in

924 2206 152 58 being
1113 2206 302 46 indifferent
1450 2211 53 42 to
1539 2206 39 46 it
1614 2205 126 47 with
1777 2210 113 42 taut
1925 2206 236 45 muscles.

1091 2287 167 46 There
1301 2286 58 56 is,
1404 2286 289 55 otherwise,
1755 2286 270 46 Marianne
2087 2286 193 55 Moore,
2342 2300 30 31 a
2414 2284 195 47 rebuke
2670 2289 54 42 to
2784 2300 96 31 our
2941 2285 233 47 heedless

924 2366 367 48 womanhood:
1329 2367 88 47 the
1451 2366 244 60 humility
1729 2367 114 46 that
1878 2377 119 47 goes
2033 2366 127 46 with
2195 2366 304 58 knowledge
2516 2394 68 5 —
2602 2366 88 46 the
2725 2365 147 58 pride
2908 2366 113 46 that
3056 2376 119 46 goes

921 2448 126 46 with
1079 2447 301 59 sensibility.
1441 2447 247 47 Emotion
1718 2446 56 48 in
1802 2448 93 45 her
1925 2447 42 47 is
1998 2446 231 48 calcined
2260 2452 52 41 to
2346 2462 31 31 a
2405 2447 116 46 thin
2552 2447 109 46 ash.
2722 2446 189 59 Poetry
2944 2459 232 33 assumes

925 2531 87 45 the
1051 2529 75 47 air
1164 2529 56 47 of
1256 2529 297 47 unaffected
1590 2528 378 56 conversation,
2008 2528 55 48 of
2101 2529 141 58 quiet
2280 2528 317 47 altercation.
2670 2529 167 45 There
2877 2527 42 47 is
2957 2543 69 31 no
3066 2528 108 53 sob,

925 2624 67 33 no
1018 2609 260 60 throwing
1301 2610 135 46 back
1462 2609 55 47 of
1541 2610 88 47 the
1654 2609 116 47 hair
1795 2609 127 46 with
1948 2609 296 47 disheveled
2270 2609 184 47 hands.
2515 2609 168 47 There
2709 2609 41 46 is
2777 2614 142 53 great
2945 2614 230 53 mystery

922 2692 103 46 and
1062 2696 140 52 great
1236 2690 339 60 tranquillity.
1646 2690 111 48 The
1792 2690 290 59 mysticism
2118 2690 55 46 of
2210 2690 166 47 Lewis
2415 2690 97 46 Car
2516 2689 88 47 oil:

1777 2772 200 58 .deeper
2015 2773 130 46 than
2183 2772 87 46 the
2311 2786 86 32 sea

1456 2853 154 47 when
1638 2852 40 48 it
1705 2852 224 59 proffers
1958 2852 209 58 flattery
2196 2852 55 46 in
2279 2852 264 59 exchange
2571 2852 83 46 for
2682 2852 175 58 hemp,

1457 2947 105 46 rye,
1593 2932 125 57 flax,
1748 2933 196 57 horses,
1975 2932 275 59 platinum,
2281 2932 189 48 timber
2500 2935 104 44 and

1091 3015 101 47 But
1228 3015 90 47 she
1351 3014 42 48 is
1428 3020 86 42 too
1549 3014 227 48 difficult
1809 3020 53 42 to
1897 3019 169 54 quote.
2138 3014 119 47 Best
2291 3014 55 47 in
2382 3029 29 32 a
2444 3015 121 58 long
2601 3028 154 45 poem
2790 3015 159 47 about
2982 3013 102 48 fish
3120 3029 58 32 or

924 3095 268 59 elephants
1228 3110 58 32 or
1321 3095 350 59 disagreeable
1704 3094 224 57 cousins,
1962 3095 173 48 where
2169 3095 201 46 motion
2404 3095 41 47 is
2482 3111 56 31 so
2575 3094 336 61 subjectively
2945 3094 233 47 visioned

924 3178 114 46 that
1076 3177 40 47 it
1155 3177 240 47 becomes
1436 3176 348 59 significantly
1823 3177 266 46 distorted.
2166 3177 191 46 Indeed
2397 3177 87 46 the
2525 3176 307 47 refinement
2870 3176 175 47 which
3087 3177 91 46 she

925 3258 246 58 practises
1207 3258 43 47 is
1286 3259 188 46 almost
1510 3257 298 59 oppressive
1859 3286 67 5 —
1978 3272 56 32 as
2072 3258 90 47 she
2198 3271 186 45 pauses
2421 3256 178 49 before
2636 3272 30 32 a
2700 3257 305 47 conclusion
3040 3257 138 46 from

926 3353 143 33 some
1095 3339 330 48 observation
1452 3340 103 46 and
1582 3340 183 46 relates
1792 3339 39 47 it
1858 3354 144 31 more
2030 3339 181 58 slowly
2239 3340 102 45 and
2368 3338 264 60 definitely
2659 3354 56 31 so
2742 3339 114 47 that
2882 3339 64 47 its
2975 3350 174 48 sugges-

926 3421 137 47 tions
1097 3421 171 47 widen
1301 3426 91 42 out
1424 3421 104 46 like
1562 3421 193 58 ripples
1790 3420 55 46 in
1881 3435 30 31 a
1944 3420 131 46 dark
2109 3421 121 57 pool
2262 3448 65 10 —
2380 3435 58 31 or
2474 3434 55 33 as
2566 3421 91 46 she
2692 3434 171 45 wraps
2898 3421 194 47 herself
3125 3421 53 47 in

928 3516 27 32 a
993 3506 226 42 torment
1255 3501 56 47 of
1345 3502 191 47 words:

1525 3596 84 33 me
1640 3581 125 56 also,
1798 3581 153 47 River
1983 3580 125 57 God,

1326 3663 96 47 lest
1456 3664 70 57 by
1561 3662 317 47 diminished
1914 3662 199 59 vitality
2151 3664 104 45 and
2291 3664 186 53 ablated

1326 3742 265 60 vigilance,
1629 3744 22 47 I
1687 3743 214 48 become
1936 3742 125 49 food
2097 3743 82 48 for
2215 3744 283 47 crocodiles

926 3840 59 33 or
1020 3840 55 33 as
1113 3826 92 48 she
1526 3839 143 34 some
1704 3825 394 58 commonplace
2134 3825 189 58 phrase
2357 3826 56 47 of
2448 3827 87 47 the
2571 3840 124 34 man
2731 3827 54 47 in
2820 3828 88 46 the
2945 3831 167 43 street.

1030 3956 20 22 *
1082 3952 169 49 Poems,
1282 3956 56 48 by
1369 3956 225 39 Marianne
1627 3956 162 45 Moore,
1821 3956 149 48 Egoist
2000 3956 140 45 Press,
2171 3956 195 44 London.
