3713 5420
557 4087 22 35 2
614 4086 20 23 *

2591 4094 62 50 91

416 763 53 47 of
505 763 86 48 the
627 777 122 31 man
786 762 118 46 who
939 760 169 47 raised
1144 759 80 48 his
1260 758 266 60 eyebrows
1562 757 307 60 quizzically
1906 773 56 33 as
2000 759 64 47 he
2100 759 190 48 looked
2325 774 71 46 up
2434 761 109 47 into
2578 763 88 46 the

416 845 210 58 goggled
661 858 116 44 eyes
812 842 54 48 of
899 843 87 47 the
1018 841 185 55 father,
1240 841 102 45 and
1377 840 130 46 said:

667 964 104 47 will
802 963 112 60 give
943 978 119 45 you,
1096 962 94 46 Mr.
1223 962 250 55 Gonover,
1505 975 90 44 my
1625 961 190 47 candid
1848 961 231 59 opinion.
2142 963 219 60 Barring
2392 979 30 32 a
2453 964 213 48 miracle

415 1062 131 44 your
582 1062 94 32 son
712 1046 104 47 will
850 1050 91 42 not
976 1045 100 46 live
1111 1045 226 57 through
1374 1043 219 46 another

584 1166 250 49 "Haven't
877 1167 22 46 I
942 1166 108 48 told
1094 1180 104 45 you
1241 1166 112 47 that
1397 1164 39 48 it
1479 1164 44 47 is
1984 1167 226 46 retorted
2257 1166 234 48 Gonover
2534 1168 56 47 in
2635 1183 30 32 a

415 1249 209 60 rasping
658 1255 134 42 tone.

580 1351 110 46 The
734 1354 140 55 great
920 1349 170 47 Keene
1135 1348 241 55 scanned,
1422 1352 93 42 not
1559 1347 220 47 without
1827 1362 30 32 a
1901 1348 185 48 flicker
2132 1349 55 47 of
2233 1351 297 58 sympathy,
2577 1352 87 46 the

413 1431 265 60 twitching
710 1431 112 48 face
852 1430 54 47 of
936 1431 87 46 the
1054 1431 162 54 other,
1249 1444 55 32 as
1335 1430 66 46 he
1431 1428 196 59 replied
1657 1430 192 58 gently:

783 1552 233 59 whiskey
1050 1566 122 44 may
1205 1552 63 46 be
1303 1552 67 46 all
1403 1552 114 46 that
1549 1565 103 45 you
1685 1550 157 48 claim
1876 1551 83 47 for
1992 1552 54 56 it,
2081 1553 84 46 sir.
2219 1553 22 46 I
2274 1554 68 46 do
2376 1559 92 43 not
2501 1555 163 47 doubt

413 1633 92 48 but
534 1635 111 46 that
673 1648 105 44 you
806 1648 87 32 are
922 1647 66 33 an
1019 1634 248 46 excellent
1295 1632 154 59 judge
1479 1631 55 49 of
1562 1632 210 47 brands.
1837 1633 116 47 And
1983 1634 114 47 that
2124 1634 154 60 being
2307 1651 89 43 my
2427 1650 201 45 assump-

413 1715 124 55 tion,
568 1715 92 46 Mr.
689 1715 249 55 Conover,
966 1715 22 46 I
1015 1714 105 47 will
1147 1715 69 47 let
1242 1729 104 44 you
1374 1728 118 45 pass
1519 1728 145 45 upon
1690 1714 87 48 the
1805 1713 243 49 evidence
2076 1716 55 46 in
2158 1717 88 46 the
2272 1731 131 33 case.
2467 1719 20 44 I
2517 1733 145 31 warn

413 1810 103 44 you
551 1801 91 42 not
678 1801 52 42 to
765 1801 129 42 taste
930 1796 57 55 it;
1026 1797 111 47 that
1173 1796 174 47 would
1382 1801 91 42 not
1508 1797 65 45 be
1608 1796 226 59 prudent
1869 1811 98 32 nor

577 1917 114 46 And
722 1932 56 32 so
810 1917 180 59 saying
1021 1917 65 49 he
1115 1917 141 47 drew
1288 1917 137 47 from
1457 1917 81 47 his
1569 1917 189 59 pocket
1789 1933 30 31 a
1849 1917 115 61 pint
1993 1918 138 48 flask
2163 1920 179 47 bound
2373 1920 55 47 in
2459 1921 202 58 shabby

412 1999 209 54 leather,
656 2000 298 45 unscrewed
989 2000 87 45 the
1110 1998 267 47 tarnished
1413 1999 151 46 silver
1597 2004 107 54 top,
1740 2000 103 46 and
1879 2001 187 57 passed
2101 2000 39 48 it
2172 2006 52 42 to
2259 2002 88 47 the
2383 2017 125 33 man
2541 2004 120 46 who

411 2078 306 49 confronted
759 2079 125 47 him.
963 2080 110 47 The
1115 2080 150 47 latter
1307 2080 126 47 took
1474 2081 88 46 the
1607 2081 529 60 suspicious-looking
2180 2083 194 55 article,
2418 2083 81 48 his
2544 2100 117 44 eyes

411 2160 135 47 fixed
573 2160 377 60 challengingly
977 2176 68 32 on
1071 2162 88 47 the
1185 2161 278 60 impassive
1490 2162 226 56 witness,
1745 2164 102 46 and
1874 2164 125 46 then
2026 2164 127 47 with
2183 2180 30 31 a
2239 2166 216 57 puzzled
2481 2166 180 59 glance

413 2246 50 42 at
498 2243 87 46 the
621 2242 133 47 flask
790 2243 65 47 he
891 2243 190 46 sniffed
1117 2243 56 46 of
1208 2243 88 48 the
1331 2249 252 42 contents.

841 2344 87 47 the
971 2343 116 48 Hell
1129 2343 87 48 did
1259 2359 104 44 you
1403 2350 82 53 get
1740 2346 65 46 he
1848 2347 268 58 exploded.
2193 2346 116 47 And
2351 2347 180 48 before
2572 2349 89 47 the

412 2439 200 31 answer
646 2439 162 41 came,
844 2425 66 47 he
945 2425 298 48 continued:
1319 2424 120 50 "It's
1474 2426 204 60 poison!
1754 2427 144 47 Good
1936 2428 126 55 God,
2099 2426 76 49 I'd
2212 2428 116 47 feed
2367 2431 128 45 such
2534 2431 127 46 stuff

410 2509 53 43 to
496 2507 87 45 the
617 2510 105 42 rats
757 2507 112 46 that
904 2508 125 45 steal
1064 2522 88 43 my
1186 2508 199 46 cheese!
1457 2508 113 46 You
1606 2508 144 48 don't
1784 2509 87 47 tell
1906 2525 84 31 me
2024 2510 113 47 that
2171 2525 90 44 my
2296 2525 96 33 son

784 2641 109 42 son,
931 2628 95 46 Mr.
1369 2629 171 48 Keene
1576 2630 337 58 interrupted,
1951 2631 330 58 courteously
2318 2631 223 59 offering
2578 2631 81 46 his

411 2707 140 47 hand
590 2707 81 47 for
707 2708 87 47 the
832 2713 178 42 return
1046 2709 56 47 of
1137 2710 87 47 the
1264 2709 210 56 exhibit,
1796 2717 53 41 to
1889 2712 218 46 another
2144 2713 301 57 generation
2481 2713 178 46 whose

408 2787 297 49 brain-cells
738 2790 67 45 do
836 2795 91 43 not
959 2795 139 43 react
1130 2795 52 43 to
1216 2791 87 47 the
1339 2805 156 35 suave
1528 2790 193 50 virtues
1754 2793 113 47 that
1900 2793 172 58 please
2106 2807 131 44 your
2272 2793 386 47 old-fashioned

408 2873 144 43 taste.
613 2870 143 47 Thus
782 2872 86 45 the
894 2872 307 57 bootlegger.
1263 2872 94 47 His
1383 2873 370 58 underground
1777 2873 339 48 laboratories
2144 2876 229 57 produce
2399 2877 87 45 the
2513 2890 145 32 more

409 2955 178 53 potent
612 2951 235 58 qualities
873 2952 291 48 demanded
1187 2954 70 57 by
1282 2954 87 46 the
1395 2955 163 56 youth
1584 2954 55 47 of
1665 2955 172 57 today.
1898 2955 22 45 I
1947 2955 164 46 found
2136 2955 102 47 this
2264 2956 135 47 flask
2424 2956 233 48 between

409 3033 87 45 the
534 3037 238 42 mattress
811 3034 104 45 and
951 3033 87 47 the
1077 3033 202 59 springs
1318 3033 56 48 of
1411 3049 131 45 your
1579 3034 137 48 son's
1755 3036 115 46 bed.
1943 3036 94 47 His
2075 3038 151 54 valet,
2265 3038 21 44 I
2324 3037 168 56 think,
2532 3038 125 47 took

408 3127 83 33 me
527 3112 81 48 for
644 3128 67 32 an
748 3119 150 53 agent
933 3113 56 47 of
1024 3115 86 46 the
1147 3121 336 51 government
1519 3117 104 45 and
1659 3118 245 57 expected
1941 3132 68 32 an
2043 3116 296 49 informer's
2377 3118 94 47 fee.
2543 3120 113 45 You

567 3194 65 47 he
657 3195 255 55 resumed,
941 3194 257 60 weighing
1224 3197 87 46 the
1339 3197 133 46 flask
1499 3197 54 46 in
1580 3197 81 47 his
1689 3198 159 56 hand,
1877 3198 248 60 swishing
2154 3198 212 60 audibly
2395 3201 88 46 the
2512 3205 146 42 scant

411 3275 379 58 lablespoonful
825 3277 113 47 that
971 3276 266 48 remained
1271 3277 54 47 in
1540 3284 94 53 put
1668 3292 31 33 a
1733 3279 101 46 few
1868 3279 265 59 questions
2169 3285 53 42 to
2257 3295 143 33 some
2435 3281 55 47 of
2525 3297 133 44 your

407 3361 167 53 guests
610 3355 131 48 after
773 3371 89 45 my
896 3356 112 49 first
1043 3358 352 47 examination
1429 3359 56 46 of
1516 3374 131 44 your
1683 3375 107 40 son,
1827 3362 104 45 and
1964 3360 211 48 learned
2207 3362 114 47 that
2355 3377 143 32 some
2533 3363 124 48 time

408 3436 131 48 after
579 3437 255 60 midnight
872 3453 104 44 you
1015 3439 208 47 refused
1263 3455 132 43 your
1435 3455 95 32 son
1568 3441 89 48 the
1697 3441 101 60 key
1838 3447 52 43 to
1931 3457 133 44 your
2102 3444 185 47 vaults.
2363 3445 110 46 The
2515 3449 141 54 story

408 3518 20 44 I
460 3519 125 45 hear
615 3518 42 47 is
687 3519 112 48 that
828 3520 66 47 he
925 3522 199 57 opened
1156 3535 97 33 one
1284 3521 56 47 of
1370 3536 131 44 your
1534 3522 237 59 precious
1802 3524 186 47 bottles
2020 3524 70 59 by
2122 3524 252 61 breaking
2405 3527 88 47 the
2523 3525 132 48 neck

408 3613 68 32 on
510 3614 30 31 a
572 3599 244 58 radiator,
852 3602 206 59 spilling
1092 3617 31 33 a
1154 3604 134 58 good
1323 3604 116 47 deal
1472 3603 57 48 of
1562 3604 64 47 its
1660 3610 236 43 contents
1932 3621 68 31 on
2034 3607 88 47 the
2156 3618 109 47 rug.
2337 3607 153 60 Upon
2524 3623 132 44 your

408 3679 193 48 refusal
634 3685 53 44 to
723 3682 142 47 hand
899 3683 111 46 him
1044 3684 87 47 the
1166 3684 99 59 key
1301 3686 65 46 he
1402 3685 177 48 struck
1613 3701 121 44 you,
1772 3688 103 46 and
1910 3688 141 56 then,
2086 3717 67 5 —
2189 3689 131 55 well,
2357 3704 106 44 you
2498 3689 157 47 know

408 3762 139 46 what
585 3762 287 59 happened.
944 3764 78 47 He
1060 3779 107 32 was
1205 3767 199 46 carried
1442 3772 54 42 to
1534 3767 80 48 his
1653 3783 163 33 room.
1892 3769 44 48 It
1974 3769 239 59 required
2252 3771 88 46 the
2378 3771 277 46 combined

408 3841 216 49 services
659 3843 57 47 of
750 3844 195 46 several
980 3850 231 44 servants
1247 3848 103 46 and
1385 3853 186 52 guests,
1606 3850 87 47 the
1728 3850 150 47 latter
1913 3865 136 34 were
2084 3856 86 43 too
2206 3851 173 47 drunk
2414 3857 53 42 to
2505 3851 150 47 assist

408 3923 303 61 materially.
777 3926 159 48 What
966 3927 272 60 happened
1271 3928 54 47 in
1356 3929 82 48 his
1470 3944 148 33 room
1652 3936 52 42 at
1736 3947 28 31 a
1797 3933 129 46 later
1957 3933 151 54 hour,
2142 3933 154 47 when
2326 3934 66 46 he
2423 3948 147 32 came
2601 3938 54 42 to
