3713 5420
970 4099 65 47 84

969 821 124 37 was
1128 821 64 37 as
1225 801 353 73 innocently
1614 802 197 72 lovely
1847 821 65 37 as
1948 821 36 37 a
2020 802 342 56 November
2399 802 464 55 cotton-flower.
2940 803 279 70 Already,

971 916 241 38 rumors
1233 916 157 38 were
1412 903 107 50 out
1542 898 187 56 about
1753 901 126 53 her.
1945 899 229 55 Homes
2198 898 64 56 in
2288 898 254 75 Georgia
2565 917 102 37 are
2692 905 159 50 most
2874 900 170 55 often
3068 899 154 55 built

972 1015 80 36 on
1088 999 102 53 the
1228 1002 326 50 two-room
1590 996 164 72 plan.
1838 997 70 54 In
1947 1014 134 48 one,
2123 1014 122 54 you
2286 999 155 52 cook
2484 998 123 54 and
2647 1001 114 61 eat,
2801 996 65 55 in
2904 999 104 53 the
3050 999 173 53 other

971 1092 48 56 is
1060 1094 203 54 where
1303 1109 124 55 you
1468 1091 75 58 sit
1584 1094 124 55 and
1749 1094 181 71 sleep,
1975 1095 123 55 and
2137 1095 203 55 where
2379 1094 136 56 love
2555 1111 141 57 goes
2738 1112 97 38 on.
2923 1093 299 57 Karintha

972 1193 124 54 had
1125 1209 142 38 seen
1298 1210 68 37 or
1395 1193 209 65 heard,
1640 1194 265 70 perhaps
1938 1194 108 54 she
2078 1194 124 54 had
2234 1193 108 55 felt
2375 1194 109 54 her
2514 1198 247 66 parents
2792 1191 220 74 loving.
3091 1191 131 56 One

973 1288 182 55 could
1187 1288 111 55 but
1332 1288 235 56 imitate
1603 1289 166 55 one's
1805 1294 263 66 parents,
2108 1290 98 54 for
2239 1294 62 50 to
2339 1290 207 54 follow
2581 1292 171 54 them
2785 1308 125 37 was
2946 1292 105 53 the
3085 1308 137 52 way

972 1385 66 54 of
1069 1384 148 55 God.
1294 1384 117 58 She
1441 1385 224 71 played
1714 1383 198 58 home'
1944 1385 147 57 with
2123 1404 37 37 a
2190 1387 177 54 small
2400 1387 121 71 boy
2552 1389 140 53 who
2724 1405 123 37 was
2881 1393 106 49 not
3022 1387 200 55 afraid

971 1484 62 50 to
1063 1481 78 54 do
1171 1481 109 54 her
1307 1480 270 73 bidding.
1652 1482 160 55 That
1841 1485 228 53 started
2098 1486 103 52 the
2230 1485 198 54 whole
2457 1484 188 73 thing.
2720 1484 119 55 Old
2868 1503 144 36 men
3041 1486 181 54 could

972 1595 81 36 110
1098 1579 212 73 longer
1350 1578 129 57 ride
1526 1582 108 54 her
1681 1580 414 71 hobby-horse
2142 1598 169 54 upon
2355 1580 159 55 their
2559 1582 204 54 knees.
2853 1583 118 53 But
3017 1599 206 56 young

974 1690 142 38 men
1150 1676 265 53 counted
1447 1675 206 55 faster.

1700 1786 125 54 Her
1858 1786 138 55 skin
2029 1786 50 57 is
2114 1786 121 56 like
2272 1789 176 64 dusk,

1694 1884 51 55 O
1780 1883 157 56 can't
1968 1901 123 53 you
2125 1902 98 37 see
2255 1884 62 66 it,

1700 1979 125 54 Her
1858 1979 138 54 skin
2031 1979 48 55 is
2114 1978 121 56 like
2272 1981 158 54 dusk

1698 2076 204 54 When
1936 2078 104 53 the
2077 2094 114 38 sun
2227 2094 140 55 goes
2406 2078 197 54 down.

1138 2212 300 57 Karintha
1478 2213 49 55 is
1569 2232 36 38 a
1644 2232 263 38 woman.
1995 2215 117 55 She
2151 2218 140 53 who
2333 2215 221 55 carries
2594 2215 245 70 beauty,
2882 2215 232 71 perfect
3156 2232 65 36 as

976 2308 157 54 dusk
1179 2309 180 54 when
1405 2311 104 53 the
1554 2327 115 37 sun
1714 2327 142 56 goes
1904 2312 197 54 down.
2194 2312 117 54 She
2358 2315 112 53 has
2517 2313 156 54 been
2719 2310 265 57 married
3033 2330 188 52 many

974 2403 194 55 times.
1245 2403 116 55 Old
1393 2421 144 38 men
1567 2404 241 57 remind
1840 2409 109 52 her
1979 2409 134 53 that
2146 2425 37 39 a
2214 2409 119 54 few
2362 2425 175 53 years
2568 2409 159 54 back
2758 2410 144 69 they
2934 2410 147 54 rode
3114 2410 109 53 her

975 2499 417 70 hobby-horse
1439 2516 167 53 upon
1654 2499 160 56 their
1859 2502 204 55 knees.
2156 2503 300 55 Karintha
2503 2504 221 65 smiles,
2777 2507 124 53 and
2944 2504 278 73 indulges

974 2593 170 54 them
1171 2594 179 53 when
1379 2596 108 53 she
1513 2593 49 56 is
1589 2594 64 54 in
1681 2597 103 54 the
1810 2598 186 54 mood
2025 2597 98 55 for
2148 2597 63 56 it.
2285 2599 117 55 She
2429 2602 112 53 has
2569 2606 312 66 contempt
2910 2602 97 54 for
3033 2603 186 54 them.

976 2685 300 57 Karintha
1304 2687 50 56 is
1386 2707 36 36 a
1449 2706 264 39 woman.
1788 2691 215 74 Young
2035 2712 142 36 men
2207 2712 116 37 run
2353 2695 149 56 stills
2531 2702 61 49 to
2625 2699 183 54 make
2839 2701 109 53 her
2979 2717 241 52 money.

977 2785 213 72 Young
1228 2804 144 36 men
1409 2788 243 71 gamble
1689 2794 63 49 to
1788 2790 183 55 make
2008 2792 109 53 her
2153 2809 241 53 money.
2476 2794 216 73 Young
2730 2812 142 38 men
2910 2812 74 55 go
3021 2801 63 49 to
3121 2798 103 52 the

972 2880 163 72 large
1167 2879 166 57 cities
1366 2884 123 54 and
1517 2900 117 38 run
1665 2901 82 38 on
1777 2887 103 53 the
1910 2887 169 54 road.
2155 2888 216 73 Young
2403 2907 142 37 men
2573 2906 75 55 go
2681 2909 172 52 away
2885 2897 61 49 to
2979 2893 243 72 college.

973 2976 171 70 They
1173 2977 79 55 all
1278 2983 166 50 want
1467 2984 64 50 to
1557 2979 178 75 bring
1757 2983 110 53 her
1892 2999 242 54 money.
2205 2985 198 56 These
2431 3003 102 38 are
2558 2989 104 53 the
2686 3005 207 55 young
2919 3006 141 38 men
3085 2991 139 53 who

971 3071 257 73 thought
1256 3075 132 53 that
1421 3075 78 54 all
1531 3077 145 70 they
1709 3079 125 53 had
1863 3084 63 49 to
1958 3080 79 55 do
2068 3098 125 38 was
2222 3086 63 50 to
2319 3088 185 50 count
2534 3082 163 57 time.
2773 3086 118 55 But
2926 3086 298 55 Karintha

969 3166 49 56 is
1061 3186 35 36 a
1134 3186 264 49 woman,
1442 3172 123 54 and
1605 3173 109 53 she
1754 3174 111 54 has
1906 3176 127 53 had
2075 3193 37 37 a
2152 3176 183 55 child.
2421 3178 47 54 A
2512 3178 164 56 child
2719 3179 103 54 fell
2863 3186 105 49 out
3010 3182 66 53 of
3117 3183 107 53 her

970 3263 204 53 womb
1209 3268 146 50 onto
1388 3282 37 37 a
1456 3264 120 56 bed
1609 3267 66 53 of
1708 3265 415 72 pine-needles
2155 3269 65 56 in
2250 3273 104 53 the
2386 3272 205 55 forest.
2668 3273 421 56 Pine-needles
3123 3291 101 38 are

969 3363 243 52 smooth
1253 3363 124 53 and
1416 3368 197 50 sweet.
1698 3364 172 71 They
1911 3384 101 37 are
2053 3367 209 56 elastic
2300 3373 63 51 to
2404 3370 104 55 the
2548 3370 122 55 feet
2710 3371 67 54 of
2816 3371 230 56 rabbits
3091 3416 10 11 .
3152 3417 9 10 .
3212 3417 10 10 .

972 3455 47 52 A
1052 3455 281 54 saw-mill
1364 3474 124 39 was
1519 3458 250 71 nearby.
1846 3461 80 55 Its
1960 3461 347 71 pyramidal
2340 3465 292 54 saw-dust
2665 3464 120 71 pile
2817 3467 405 55 smouldered.

974 3550 51 55 It
1055 3550 51 56 is
1139 3569 34 37 a
1205 3568 147 53 year
1382 3552 212 56 before
1626 3572 116 38 one
1777 3557 365 72 completely
2174 3559 208 56 burns.
2458 3561 383 68 Meanwhile,
2875 3565 104 54 the
3012 3565 212 54 smoke

974 3647 160 54 curls
1166 3665 83 53 up
1279 3651 123 53 and
1432 3651 194 72 hangs
1656 3651 64 55 in
1752 3653 123 55 odd
1903 3654 249 57 wraiths
2185 3657 187 55 about
2403 3661 105 52 the
2537 3659 204 66 forest,
2777 3661 158 55 curls
2968 3679 99 52 up,
3103 3662 121 54 and

973 3745 251 69 spreads
1251 3744 164 56 itself
1441 3752 106 49 out
1575 3765 144 38 over
1744 3751 104 54 the
1877 3750 216 72 valley.
2164 3753 226 56 Weeks
2421 3756 158 54 after
2609 3756 301 55 Karintha
2938 3758 284 53 returned

974 3840 199 65 home,
1210 3843 103 53 the
1348 3843 213 55 smoke
1594 3861 124 39 was
1753 3862 66 38 so
1853 3847 199 72 heavy
2086 3866 121 53 you
2241 3853 198 53 tasted
2471 3851 45 55 it
2548 3852 63 54 in
2644 3857 202 50 water.
2927 3853 296 54 Someone

974 3938 182 54 made
1188 3955 35 38 a
1255 3955 172 56 song:
