3713 5420
992 4118 88 45 118

979 780 314 60 personality
1329 780 54 48 of
1417 780 102 49 this
1553 780 240 49 barbaric
1844 780 249 49 chieftain
2143 782 87 47 the
2280 782 230 56 liveliest,
2563 788 135 42 most
2750 783 149 59 airily
2951 782 276 59 expansive

978 862 182 46 moods
1192 861 55 47 of
1274 863 86 45 the
1391 876 117 32 race
1538 862 88 46 did
1656 861 193 57 flower,
1879 861 105 59 just
2016 877 54 32 as
2100 863 87 46 the
2217 863 152 47 black
2399 878 344 45 permanence
2772 865 56 46 of
2856 864 154 48 tribal
3040 864 155 46 under-

979 942 241 59 standing
1251 944 148 46 stood
1430 944 179 46 rooted
1640 943 54 47 in
1723 944 88 46 the
1839 943 315 58 priesthood.
2220 943 230 59 Perhaps
2482 945 38 48 it
2549 961 107 32 was
2689 962 29 30 a
2748 945 271 47 conscious
3049 945 141 45 know-

978 1024 144 58 ledge
1153 1023 56 47 of
1237 1024 102 48 this
1369 1023 113 49 that
1511 1024 229 60 inspired
1771 1026 102 45 and
1901 1026 188 46 moved
2119 1026 331 46 Montezuma
2479 1027 54 45 in
2561 1028 86 46 the
2678 1032 207 53 present
2915 1025 186 47 action.

1114 1106 181 58 Surely
1325 1120 68 33 no
1425 1106 148 47 other
1604 1106 177 59 prince
1812 1107 95 47 has
1939 1106 150 56 lived,
2122 1122 59 31 or
2212 1106 106 47 will
2348 1122 116 32 ever
2496 1107 113 56 live,
2643 1108 54 47 in
2729 1109 128 46 such
2891 1112 130 43 state
3054 1122 54 32 as
3140 1105 88 46 did

980 1187 102 47 this
1107 1187 275 47 American
1406 1188 225 59 cacique.
1690 1189 111 46 The
1825 1188 169 47 whole
2018 1188 208 59 waking
2251 1189 309 58 aspirations
2587 1189 55 47 of
2667 1190 78 47 his
2773 1189 198 59 people,
2999 1188 230 59 opposed

980 1273 53 42 to
1075 1270 102 45 and
1218 1269 313 58 completing
1572 1269 135 48 their
1748 1270 240 58 religious
2031 1285 160 41 sense,
2236 1271 203 46 seemed
2480 1277 52 40 to
2574 1286 147 31 come
2761 1272 76 44 off
2878 1271 55 45 in
2973 1271 111 45 him
3126 1271 103 45 and

981 1349 54 47 in
1072 1349 112 47 him
1222 1351 169 46 alone:
1432 1351 89 47 the
1558 1350 144 47 drive
1740 1352 234 57 upward,
2014 1353 201 45 toward
2252 1353 88 45 the
2379 1367 97 31 sun
2516 1353 102 45 and
2656 1352 88 46 the
2783 1357 146 41 stars.
3004 1351 78 47 He
3121 1365 108 32 was

980 1431 87 46 the
1094 1446 123 44 very
1245 1444 190 45 person
1461 1431 56 47 of
1542 1431 134 47 their
1702 1437 181 41 ornate
1910 1432 222 55 dreams,
2161 1447 57 32 so
2244 1431 232 56 delicate,
2506 1448 56 30 so
2590 1432 374 59 prismatically
2991 1431 237 55 colorful,

981 1525 56 32 so
1068 1511 96 46 full
1194 1512 56 45 of
1279 1511 223 59 tinkling
1533 1513 193 46 sounds
1758 1514 103 44 and
1891 1513 257 56 rhythms,
2182 1528 55 30 so
2270 1513 197 46 tireless
2498 1512 55 46 of
2584 1512 281 46 invention.
2927 1514 165 44 Never
3123 1527 106 31 was

981 1593 128 46 such
1139 1608 31 31 a
1199 1592 203 47 surface
1431 1592 148 48 lifted
1607 1593 163 47 above
1799 1594 87 46 the
1916 1592 180 48 isolate
2124 1592 274 48 blackness
2429 1592 56 48 of
2514 1594 128 46 such
2673 1592 262 58 profound
2967 1604 261 47 savagery.

983 1674 43 46 It
1067 1674 42 46 is
1149 1674 275 58 delightful
1465 1680 52 40 to
1559 1674 157 47 know
1756 1674 114 47 that
1911 1674 334 46 Montezuma
2285 1674 233 57 changed
2559 1674 81 46 his
2682 1674 196 47 clothes
2921 1673 120 47 four
3081 1674 150 47 times

982 1769 30 31 a
1054 1755 117 58 day,
1215 1755 233 58 donning
1491 1755 119 46 four
1654 1754 245 47 different
1943 1755 142 55 suits,
2129 1755 217 58 entirely
2390 1769 130 41 new,
2565 1755 174 47 which
2782 1756 66 45 he
2892 1770 156 31 never
3092 1769 139 32 wore

980 1835 170 59 again;
1184 1835 114 48 that
1329 1840 51 42 at
1410 1836 162 47 meals
1603 1836 66 47 he
1701 1850 106 32 was
1840 1836 180 46 served
2050 1835 55 47 in
2138 1851 30 31 a
2198 1840 144 53 great
2373 1835 171 47 cleans
2549 1841 135 53 wept
2716 1835 249 48 chamber
2996 1851 69 32 on
3097 1840 134 41 mats

981 1930 142 45 upon
1155 1917 87 46 the
1276 1916 150 57 floor,
1459 1917 82 47 his
1574 1917 125 47 food
1732 1917 153 59 being
1915 1917 123 59 kept
2071 1931 164 32 warm
2268 1917 55 47 in
2353 1917 209 59 chafing
2594 1917 173 48 dishes
2801 1917 300 59 containing
3132 1917 100 46 live

981 1999 159 53 coals;
1182 2000 114 46 that
1337 2004 51 41 at
1427 2000 162 45 meals
1630 2000 66 45 he
1737 2004 78 42 sat
1856 2013 142 44 upon
2038 2014 29 30 a
2109 1999 150 46 small
2298 1999 221 46 cushion
2896 2000 241 57 wrought
3176 1998 56 47 of

1302 2080 101 47 But
1442 2081 245 46 nowhere
1729 2080 54 47 in
1823 2080 81 47 his
1946 2085 129 42 state
2116 2095 108 32 was
2266 2081 87 46 the
2397 2080 142 47 stark
2580 2094 176 44 power
2798 2079 56 48 of
2895 2081 206 57 beauty,
3144 2081 88 46 the

981 2160 196 47 refined
1211 2162 103 45 and
1345 2162 88 46 the
1465 2160 256 56 barbaric,
1756 2176 56 32 so
1846 2160 304 60 exquisitely
2183 2163 275 55 expressed
2492 2176 54 33 as
2581 2161 57 47 in
2668 2161 81 47 his
2785 2161 208 46 smaller
3027 2160 204 58 palaces

983 2243 103 45 and
1128 2243 172 58 places
1345 2242 57 47 of
1445 2247 339 42 amusement.
2099 2257 99 32 can
2242 2243 63 45 be
2348 2256 145 32 more
2536 2242 294 47 wonderful
2874 2243 129 46 than
3045 2243 114 46 that
3204 2256 29 31 a

981 2323 289 47 barbarous
1294 2323 269 55 monarch,
1589 2338 55 32 as
1669 2324 65 46 he
1758 2322 58 56 is,
1843 2323 188 47 should
2055 2324 131 46 have
2211 2337 153 44 every
2387 2322 170 59 object
2581 2323 53 47 in
2656 2323 82 47 his
2762 2323 215 47 domain
3000 2322 232 48 imitated

983 2405 54 45 in
1083 2405 132 58 gold,
1265 2403 167 56 silver,
1480 2404 237 60 precious
1765 2409 171 43 stones
1983 2405 105 45 and
2132 2403 247 55 feathers;
2427 2405 88 46 the
2561 2405 120 58 gold
2728 2405 103 46 and
2880 2404 151 47 silver
3078 2403 155 60 being

983 2486 238 58 wrought
1259 2501 56 31 so
1352 2486 261 58 naturally
1652 2500 55 32 as
1745 2490 92 42 not
1872 2491 53 41 to
1963 2486 64 45 be
2066 2486 276 57 surpassed
2380 2486 70 57 by
2489 2500 102 44 any
2631 2485 158 47 smith
2828 2485 55 46 in
2920 2486 86 46 the
3046 2485 184 53 world;

982 2567 85 46 the
1100 2570 146 43 stone
1276 2567 148 46 work
1454 2568 246 45 executed
1731 2567 125 46 with
1890 2567 127 46 such
2048 2565 286 59 perfection
2364 2567 113 46 that
2507 2566 39 47 it
2576 2566 42 47 is
2649 2565 229 48 difficult
2909 2571 52 42 to
2992 2565 241 47 conceive

983 2649 140 46 what
1157 2647 339 49 instruments
1531 2649 154 46 could
1721 2648 132 47 have
1888 2649 130 46 been
2054 2647 141 55 used,
2232 2648 104 46 and
2369 2648 88 47 the
2492 2646 200 48 feather
2728 2647 145 47 work
2911 2646 234 59 superior
3180 2652 52 43 to

983 2730 88 46 the
1114 2729 153 47 finest
1310 2729 336 59 productions
1691 2728 55 47 in
1791 2743 117 32 wax
1953 2729 102 46 and
2804 2729 42 46 is
2894 2743 98 32 one
3037 2729 194 58 palace,

983 2809 215 47 inferior
1230 2814 52 43 to
1317 2810 86 47 the
1437 2815 119 50 rest,
1591 2810 239 46 attached
1862 2815 52 41 to
1948 2808 173 48 which
2155 2809 42 47 is
2231 2824 31 32 a
2294 2808 254 47 beautiful
2583 2810 193 57 garden
2810 2809 127 47 with
2971 2808 261 48 balconies

983 2890 274 60 extending
1292 2905 120 33 over
1445 2890 39 48 it
1518 2891 281 58 supported
1832 2892 68 57 by
1933 2890 199 47 marble
2165 2889 237 48 columns
2437 2891 103 46 and
2573 2889 192 60 having
2799 2906 30 31 a
2861 2890 135 47 floor
3030 2889 203 47 formed

982 2973 55 45 of
1066 2971 173 59 jasper
1271 2972 253 59 elegantly
1557 2971 176 46 inlaid.
1800 2970 282 60 Belonging
2114 2977 51 42 to
2198 2972 38 47 it
2268 2987 86 31 are
2385 2977 88 41 ten
2503 2972 163 57 pools,
2700 2972 54 45 in
2785 2971 174 46 which
2993 2985 87 33 are
3111 2971 122 58 kept

982 3055 86 46 the
1101 3052 244 49 different
1379 3052 193 59 species
1607 3053 56 47 of
1693 3058 160 42 water
1886 3052 142 47 birds
2063 3052 165 47 found
2260 3052 54 47 in
2347 3054 87 45 the
2467 3057 237 54 country,
2740 3053 67 46 all
2840 3051 391 48 domesticated:

983 3134 82 48 for
1094 3135 87 47 the
1214 3149 85 33 sea
1327 3134 143 48 birds
1500 3135 145 47 there
1675 3149 87 33 are
1792 3135 147 57 pools
1969 3134 57 47 of
2055 3136 97 46 salt
2182 3138 159 42 water
2373 3135 101 46 and
2507 3133 81 48 for
2618 3134 87 47 the
2734 3133 135 47 river
2900 3133 159 57 birds,
3091 3133 141 47 fresh

983 3220 172 43 water.
1223 3215 144 47 Each
1402 3215 193 60 species
1626 3215 152 59 being
1812 3215 236 59 supplied
2081 3215 126 46 with
2239 3216 87 48 the
2360 3215 123 46 food
2516 3215 206 46 natural
2754 3220 52 42 to
2840 3215 38 47 it
2910 3215 155 46 when
3095 3215 136 44 wild.

986 3298 135 47 Over
1160 3298 88 47 the
1289 3298 147 58 pools
1480 3312 86 33 are
1607 3297 259 48 corridors
1908 3298 102 45 and
2052 3297 248 58 galleries,
2343 3302 52 41 to
2436 3296 173 46 which
2652 3297 332 45 Montezuma
3026 3301 206 50 resorts,

984 3381 103 44 and
1121 3378 138 47 from
1293 3379 174 46 which
1500 3380 65 45 he
1599 3393 99 32 can
1730 3378 123 47 look
1888 3384 89 41 out
2012 3379 102 45 and
2149 3392 180 32 amuse
2362 3376 212 48 himself
2607 3376 127 47 with
2767 3378 87 46 the
2888 3376 135 59 sight
3058 3376 56 47 of
3146 3378 88 46 the

983 3459 142 48 birds
1544 3474 68 32 an
1645 3463 293 54 apartment
1969 3458 57 47 of
2056 3459 87 46 the
2177 3472 141 33 same
2351 3458 178 58 palace
2562 3458 144 47 there
2739 3473 86 31 are
2858 3473 136 40 men,
3028 3472 206 32 women

983 3541 103 47 and
1117 3541 236 46 children
1384 3541 176 46 whose
1594 3540 155 56 faces,
1782 3538 195 57 bodies,
2010 3539 130 55 hair,
2176 3539 265 58 eyebrows
2477 3540 102 46 and
2613 3539 264 58 eyelashes
2912 3555 134 31 were
3078 3538 157 47 white

983 3623 138 46 from
1574 3621 254 58 Emperor
1856 3622 94 46 has
1982 3621 216 46 another
2226 3635 124 44 very
2377 3619 254 49 beautiful
2660 3622 195 57 palace,
2884 3621 126 47 with
3040 3636 30 32 a
3095 3621 140 58 large

983 3704 295 58 courtyard,
1310 3704 166 57 paved
1508 3702 127 48 with
1668 3702 288 48 handsome
1988 3701 131 60 flags
2152 3702 55 47 in
2239 3703 86 46 the
2359 3703 128 58 style
2521 3701 56 48 of
2609 3717 30 32 a
2671 3701 329 48 chessboard.
3068 3701 167 48 There

986 3801 87 32 are
1111 3797 149 47 cages
1300 3786 158 46 about
1495 3784 122 48 nine
1656 3784 101 48 feet
1794 3784 55 47 in
1886 3784 179 59 height
2104 3784 103 46 and
2248 3784 77 47 six
2363 3798 152 45 paces
2557 3797 201 45 square,
2799 3785 128 45 each
2967 3784 55 46 of
3060 3784 173 46 which

984 3867 42 47 is
1055 3867 114 46 half
1197 3867 217 46 covered
1442 3866 127 47 with
1600 3881 30 31 a
1658 3866 117 46 roof
1804 3866 55 46 of
1888 3865 129 56 tiles,
2047 3866 103 46 and
2179 3866 87 46 the
2295 3866 148 45 other
2471 3865 114 46 half
2612 3866 95 45 has
2739 3880 121 31 over
2889 3865 39 46 it
2959 3879 29 32 a
3016 3865 219 46 wooden

983 3954 155 51 grate,
1175 3946 252 60 skillfully
1461 3948 166 46 made.
1696 3945 169 61 Every
1897 3958 122 47 cage
2051 3946 237 48 contains
2323 3961 29 32 a
2384 3946 115 47 bird
2533 3945 56 48 of
2622 3960 141 44 prey,
2799 3945 56 48 of
2888 3946 67 46 all
