3713 5420
496 210 546 173 TJZake
1093 211 633 237 'Beauty
1939 285 285 102 our
2254 214 1135 176 i'Handmaiden

1573 728 79 37 ou
1693 729 114 37 can
1850 713 123 68 buy
2015 713 300 68 beautiful
2357 714 200 70 things
2597 715 147 54 with
2784 732 226 53 money
3048 717 125 54 and
3212 719 175 67 place

1573 812 166 54 them
1794 815 61 52 in
1908 830 78 38 an
2038 816 426 53 environment
2517 816 131 54 that
2698 817 143 55 robs
2894 818 166 54 them
3114 818 66 67 of
3233 818 156 55 their

1571 916 215 67 magic.

1290 1055 222 69 Money
1540 1057 47 53 is
1617 1056 100 54 the
1747 1056 123 54 tool
1898 1057 65 67 of
1993 1056 242 70 beauty,
2263 1063 108 49 not
2399 1060 73 52 its
2499 1065 244 49 master.
2817 1059 86 54 To
2932 1066 199 49 create
3163 1061 223 68 beauty

1289 1172 115 38 one
1431 1162 165 49 must
1624 1156 157 56 have
1812 1175 37 37 a
1877 1157 359 71 knowledge
2265 1160 67 67 of
2362 1161 73 53 its
2466 1160 145 55 laws
2641 1161 125 55 and
2795 1161 141 54 how
2968 1167 58 49 to
3061 1178 105 38 use
3199 1162 184 54 them.

1296 1255 182 57 What
1509 1275 90 38 we
1635 1260 117 53 call
2231 1261 48 54 is
2315 1278 36 37 a
2381 1263 379 68 recognition
2795 1263 66 67 of
2897 1262 167 55 these
3100 1264 163 67 laws,
3300 1264 86 52 in-

1288 1361 279 54 stinctive
1602 1377 67 38 or
1704 1360 304 70 acquired.

1292 1501 128 56 The
1454 1502 135 55 Arts
1626 1501 51 55 &
1713 1503 369 55 Decoration
2118 1504 300 55 Practical
2455 1505 200 55 Home
2692 1504 195 71 Study
2926 1506 226 55 Course
3190 1509 61 51 in
3290 1506 96 55 In-

1292 1603 181 53 terior
1497 1602 370 56 Decoration
1893 1605 163 68 gives
2085 1621 121 53 you
2236 1607 61 52 in
2324 1622 37 37 a
2384 1606 238 68 simple,
2650 1605 190 56 direct
2868 1607 124 54 and
3018 1608 371 67 fascinating

1289 1718 136 55 way
1462 1704 100 53 the
1599 1704 145 55 laws
1777 1705 201 54 which
2014 1723 227 52 govern
2278 1707 101 54 the
2412 1707 255 70 making
2700 1708 67 67 of
2801 1724 37 38 a
2876 1708 301 68 beautiful
3211 1724 175 39 room

1289 1819 68 39 or
1391 1822 36 36 a
1463 1804 300 68 beautiful
1795 1805 210 69 house,
2043 1807 126 54 and
2200 1807 188 70 plain,
2423 1809 295 68 practical
2752 1807 325 56 directions
3111 1809 278 69 showing

1292 1905 101 54 the
1427 1904 338 71 procedure
1799 1912 133 64 step
1971 1907 79 70 by
2086 1913 150 65 step.

1292 2046 127 56 The
1479 2065 211 38 course
1749 2050 254 54 consists
2061 2051 66 67 of
2185 2052 395 68 twenty-four
2636 2053 463 69 semi-monthly
3157 2055 230 53 lessons

1290 2149 203 54 which
1536 2166 178 38 cover
1756 2166 179 54 every
1977 2150 211 71 phase,
2232 2154 229 53 artistic
2505 2152 124 55 and
2670 2154 312 68 practical,
3029 2155 66 67 of
3137 2154 103 55 the
3283 2154 103 55 ab-

1292 2248 248 71 sorbing
1583 2250 254 70 subject.
1926 2250 53 55 It
2024 2253 48 53 is
2120 2253 284 55 essential
2453 2258 59 49 to
2562 2270 36 38 a
2647 2254 262 54 cultural
2956 2254 346 70 education,
3351 2273 37 37 a

1290 2352 297 67 necessity
1622 2357 58 48 to
1717 2350 171 56 those
1921 2352 138 54 who
2092 2352 195 56 desire
2322 2359 57 49 to
2418 2353 275 70 beautify
2728 2354 155 55 their
2915 2355 233 69 homes,
3185 2357 124 53 and
3345 2359 43 51 it

1291 2450 111 54 has
1445 2468 79 37 an
1566 2453 316 54 economic
1922 2453 404 68 justification
2369 2456 62 52 in
2475 2454 132 55 that
2648 2456 151 55 each
2843 2457 199 54 lesson
3086 2475 116 37 can
3244 2475 143 38 save

1294 2550 100 54 the
1431 2552 148 53 total
1614 2558 128 48 cost
1776 2553 65 66 of
1875 2552 100 55 the
2011 2569 229 38 course.

1290 2691 273 70 Perhaps
1602 2692 101 54 the
1737 2699 259 63 greatest
2035 2693 229 70 benefit
2302 2695 247 56 derived
2584 2697 162 67 from
2785 2700 61 66 it,
2886 2701 62 51 in
2984 2701 401 66 satisfaction,

1292 2794 47 52 is
1372 2793 100 54 the
1501 2795 279 67 capacity
1811 2800 58 48 to
1901 2801 199 49 create
2127 2812 37 38 a
2191 2795 185 56 home
2407 2799 425 54 environment
2863 2800 131 54 that
3023 2801 364 55 commands

1291 2895 227 54 artistic
1559 2897 421 67 appreciation
2020 2897 162 67 from
2225 2898 357 55 authorities
2623 2900 124 54 and
2786 2905 62 49 at
2889 2900 103 55 the
3031 2918 170 37 same
3242 2904 146 52 time

1290 3010 310 54 expresses
1647 2994 163 56 one's
1855 3013 135 38 own
2037 2998 447 70 individuality,
2528 2999 207 56 whose
2778 3002 174 68 spirit
2995 3003 243 66 reflects
3286 3003 102 54 the

1289 3113 327 53 possessor.

1292 3237 128 55 The
1471 3238 291 57 directors
1816 3242 66 67 of
1936 3241 101 54 the
2093 3258 213 38 course
2360 3259 103 37 are
2516 3242 328 55 HAROLD
2898 3242 490 56 DONALDSON

1289 3338 406 56 EBERLEIN
1731 3341 124 54 and
1891 3341 267 56 NANCY
2195 3342 65 55 V.
2298 3341 98 56 Mc
2423 3342 431 56 CLELLAND.
2939 3344 126 55 The
3103 3346 285 69 advisory

1289 3438 222 71 Board,
1551 3441 312 70 including
1903 3441 350 55 WILLIAM
2289 3442 401 70 EMERSON,
2728 3445 277 55 Director
3042 3448 66 66 of
3147 3447 101 55 the
3282 3448 105 54 Ar-

1290 3540 358 56 chitectural
1697 3540 241 71 School,
1992 3541 476 58 Massachusetts
2519 3544 281 56 Institute
2851 3548 67 67 of
2970 3546 418 72 Technology;

1290 3640 273 55 HUGER
1612 3641 360 71 ELLIOTT,
2022 3643 311 71 Principal
2382 3647 66 66 of
2497 3646 101 55 the
2645 3645 241 71 School,
2933 3650 456 69 Pennsylvania

1288 3740 283 56 Museum
1603 3743 124 55 and
1755 3742 222 56 School
2009 3745 65 67 of
2103 3745 332 55 Industrial
2465 3747 154 69 Arts,
2651 3748 457 72 Philadelphia;
3145 3751 244 54 WHIT-

1290 3843 163 54 NEY
1500 3844 363 70 WARREN,
1904 3845 150 55 New
2086 3846 178 70 York,
2309 3848 294 55 architect
2645 3851 66 66 of
2753 3850 101 55 the
2897 3850 206 56 Grand
3146 3852 242 56 Central

1292 3944 336 69 Terminal;
1679 3945 354 57 RICHARD
2086 3947 65 55 F.
2186 3947 229 71 BACH,
2468 3955 243 49 curator
2763 3953 67 67 of
2880 3951 331 57 Industrial
3263 3955 122 67 Art,

1289 4044 433 71 Metropolitan
1757 4047 284 56 Museum
2078 4050 65 68 of
2177 4050 123 68 Art,
2336 4050 148 55 New
2523 4052 177 54 York.

1296 4202 108 55 We
1425 4203 159 55 shall
1611 4204 72 54 be
1705 4204 142 70 glad
1875 4210 58 49 to
1957 4205 153 55 send
2134 4222 123 53 you
2283 4224 79 37 an
2389 4207 338 55 illustrated
2751 4207 247 55 booklet
3020 4225 78 37 on
3124 4214 260 64 request.

744 4485 582 237 Hrts
1428 4485 230 230 &
1739 4485 1382 230 Dccoration

480 4838 105 83 50
627 4816 235 85 (Cleft
906 4840 110 85 47
1032 4816 98 85 tb
1179 4816 289 87 Street

2640 4818 210 105 JVew
2891 4816 245 110 York
3185 4820 202 108 City
