3713 5420
2545 4137 87 44 107

570 806 175 57 Little
780 811 676 66 stop-at-every-eorner
1497 802 365 56 locomotive
1902 805 182 54 when
2128 823 35 36 o
2207 807 181 54 when
2431 809 156 54 have
2631 808 26 55 I

570 919 137 37 ever
733 903 267 70 deposed
1022 903 132 53 that
1185 901 26 55 I
1241 918 125 38 was
1398 899 235 71 subject
1664 904 62 49 to
1757 898 228 74 vertigo
2019 901 158 55 have
2208 901 26 54 I
2267 919 138 38 ever
2436 903 221 55 denied

569 1015 103 53 my
696 999 134 53 love
855 998 65 54 of
945 997 234 54 motion
1208 997 97 54 for
1332 995 74 55 its
1436 1012 137 38 own
1604 995 147 55 sake
1783 1012 64 38 as
1878 995 98 55 for
2004 995 277 57 instance
2311 1000 105 53 the
2444 998 213 57 visible

566 1092 165 56 wind
749 1092 64 55 in
836 1094 101 53 the
960 1094 200 53 wheat
1188 1090 214 56 fields?

410 1201 50 55 O
489 1202 222 54 wheels
742 1203 133 53 that
906 1202 78 53 do
1017 1205 107 50 not
1159 1205 159 50 turn.
1378 1199 50 55 O
1466 1199 222 56 wheels
1726 1199 65 55 in
1825 1201 105 54 the
1964 1200 179 55 brain
2181 1219 173 39 cease
2391 1208 63 50 to
2491 1209 161 50 turn.

566 1297 166 69 Why
765 1296 166 54 don't
964 1298 143 67 they
1146 1298 188 67 hurry
1374 1295 25 54 I
1438 1295 156 55 shall
1632 1294 224 71 simply
1896 1295 205 57 shriek
2137 1303 63 50 to
2239 1297 75 57 sit
2353 1316 66 38 so
2458 1302 163 53 stead-

567 1391 181 70 fastly
772 1391 209 54 before
1006 1408 79 37 an
1113 1389 155 56 inert
1297 1391 349 70 landscape.

406 1498 50 55 O
483 1498 293 75 whizzing
802 1501 267 69 dynamo
1100 1504 87 51 set
1219 1498 287 75 spinning
1533 1502 104 53 the
1667 1506 133 50 vast
1830 1502 351 56 wheelbelts
2213 1504 67 54 of
2309 1503 119 56 this
2460 1506 192 55 world

563 1597 103 53 the
688 1596 143 73 long
853 1596 141 55 rods
1019 1595 63 55 in
1113 1594 171 75 flight
1316 1597 180 55 down
1527 1597 103 54 the
1659 1597 136 54 cool
1825 1596 161 57 oiled
2018 1597 320 72 cylinders.

405 1704 51 55 O
480 1707 173 54 heart
676 1705 50 55 O
751 1705 312 56 Vesuvius.

406 1812 50 55 O
483 1813 347 74 destroying
857 1815 184 69 speed
1072 1816 66 54 of
1169 1816 245 55 descent
1449 1817 124 54 and
1606 1833 234 54 escape.

405 1923 50 54 O
480 1941 114 37 sun
617 1923 380 71 omnipotent
1021 1929 201 50 motor
1251 1923 167 56 drive
1444 1924 149 56 with
1621 1924 243 57 infinite
1893 1927 260 72 velocity
2183 1930 103 53 the
2316 1929 162 55 solar
2509 1930 139 54 orbs

559 2017 64 55 in
647 2019 371 55 accelerated
1041 2017 354 72 dispersion.

1801 2185 305 48 Matthew
2138 2186 375 48 Josephson
