3713 5420
2592 4118 94 46 109

607 784 153 49 "He's
794 800 98 32 one
927 785 55 46 of
1018 786 143 45 them
1197 782 142 48 fresh
1375 780 223 61 niggers;
1637 777 107 49 he's
1781 782 87 54 got
1903 791 30 32 a
1969 776 122 47 look
2128 791 70 33 on
2235 775 88 49 'im
2359 777 114 48 that
2509 777 180 48 makes

439 883 101 44 you
583 872 139 42 want
761 872 53 42 to
854 871 83 54 get
978 871 52 42 at
1070 864 103 48 'im.
1268 900 60 9 ..
1367 899 11 10 .
1459 861 223 47 Dressed
1721 858 105 48 like
1867 873 31 32 a
1937 858 137 47 dude
2116 858 104 47 and
2261 858 179 48 thinks
2482 858 109 49 he's
2634 874 55 31 as

438 950 129 57 good
609 964 55 32 as
702 964 30 32 a
769 949 156 47 white

603 1031 186 47 Frame
823 1030 182 47 leaned
1040 1028 200 60 against
1273 1028 88 46 the
1393 1025 201 48 marble
1626 1028 216 43 counter
1877 1023 104 46 and
2014 1022 190 47 looked
2239 1022 243 60 leisurely
2517 1029 53 41 at
2604 1023 86 46 the

438 1127 121 33 men
595 1113 120 46 who
751 1112 104 46 had
893 1111 265 47 answered
1196 1109 125 46 him.
1394 1108 78 47 He
1506 1106 231 47 drawled
1772 1104 81 47 his
1892 1105 193 53 words;
2124 1105 124 58 they
2285 1119 148 32 came
2471 1111 90 41 out
2598 1106 92 45 flat

439 1195 103 46 and
576 1194 167 59 heavy
779 1194 102 45 and
915 1192 90 47 fell
1040 1191 225 58 through
1301 1190 88 48 the
1425 1188 196 48 smoke.
1914 1184 134 49 we'll
2085 1191 92 42 not
2212 1187 132 46 have
2380 1201 69 32 no
2486 1187 203 59 niggers

437 1291 56 31 m
530 1276 103 47 this
671 1281 155 42 town.
902 1273 125 48 This
1067 1272 42 49 is
1151 1287 31 32 a
1220 1277 142 43 town
1402 1270 82 47 for
1523 1269 158 48 white
1720 1269 199 59 people,
1962 1268 103 47 and
2105 1267 268 60 nobody'll
2416 1270 151 46 stand
2608 1269 82 47 for

439 1357 190 58 having
670 1372 31 32 a
738 1357 176 58 nigger
952 1356 137 46 here.
1163 1355 111 45 The
1315 1354 145 57 place
1500 1351 82 48 for
1621 1351 204 59 niggers
1867 1350 42 47 is
1950 1351 158 46 down
2148 1351 164 46 South
2354 1351 173 48 where
2566 1352 123 58 they

436 1437 207 61 belong;
682 1437 123 48 ain't
838 1443 86 53 got
958 1452 68 31 no
1062 1436 137 58 right
1233 1434 206 59 coming
1472 1447 70 45 up
1579 1434 122 46 here
1737 1432 105 47 and
1877 1432 174 59 trying
2085 1437 52 42 to
2173 1432 111 46 mix

606 1530 27 18 ,f
638 1532 22 47 I
704 1548 120 32 seen
865 1531 55 47 in
964 1546 29 32 a
1036 1544 160 46 paper
1239 1531 100 45 last
1382 1528 145 47 week
1571 1529 120 46 how
1734 1527 124 59 they
1903 1526 292 48 advertised
2239 1526 83 47 for
2367 1542 31 31 a
2441 1526 248 61 lynching

438 1614 318 47 somewhere
793 1614 55 46 in
886 1612 228 59 Georgia.
1187 1612 146 57 They
1372 1609 124 49 ain't
1534 1625 57 32 so
1629 1609 124 48 wild
1791 1609 83 47 for
1912 1607 99 49 'em
2047 1609 158 46 down
2241 1609 160 47 there.
2477 1609 212 60 Niggers

439 1697 160 58 ought
633 1700 54 43 to
723 1697 132 45 have
892 1709 146 32 sense
1074 1694 205 58 enough
1316 1697 52 42 to
1406 1703 63 48 go
1506 1691 134 47 back
1676 1696 53 42 to
1766 1689 178 48 Africa
1979 1691 175 46 where
2190 1691 124 59 they

603 1789 386 48 Reminiscence
1029 1787 123 48 took
1192 1802 121 32 over
1350 1787 88 47 the
1477 1786 248 59 thoughts
1765 1785 56 47 of
1858 1790 104 42 two
2002 1799 58 32 or
2100 1785 145 47 three
2286 1785 54 46 in
2380 1785 87 47 the
2508 1796 180 47 group.

627 1870 149 55 Cash,
814 1870 67 47 do
919 1884 103 44 you
1058 1868 290 47 remember
1384 1868 113 47 that
1534 1865 371 61 good-looking
1940 1865 178 60 nigger
2155 1866 98 59 girl
2289 1867 114 46 that
2439 1865 251 47 Andrews

436 1953 224 58 brought
695 1951 126 47 with
859 1950 97 47 'em
992 1950 82 47 for
1110 1965 31 31 a
1174 1964 157 32 nurse
1367 1949 154 46 when
1555 1949 123 58 they
1714 1963 149 32 come
1899 1962 70 45 up
2005 1947 140 48 from
2181 1949 266 46 Nashville
2482 1953 53 43 to
2571 1949 119 46 visit

436 2034 92 44 her

567 2113 134 48 Gash
738 2111 138 57 Zeik,
912 2111 193 47 behind
1141 2112 88 47 the
1264 2111 256 55 fountain,
1555 2110 219 60 grinned
1810 2111 283 59 crookedly
2131 2112 103 46 and
2270 2111 224 48 winked.

437 2197 100 46 She
569 2210 106 33 was
710 2210 31 31 a
775 2194 182 59 peach!
1013 2194 166 47 Helen
1212 2194 180 59 Henry
1428 2194 102 46 and
1561 2194 89 46 the
1683 2199 104 41 rest
1821 2193 56 47 of
1910 2194 93 46 her
2037 2194 177 47 bunch
2249 2195 227 59 brought
2509 2195 93 47 her
2636 2196 54 46 in

436 2279 122 45 here
594 2277 83 46 for
714 2292 30 31 a
779 2277 208 46 Buffalo
1028 2277 220 54 Sundae,
1287 2277 103 44 and
1424 2276 114 46 that
1573 2275 178 59 nigger
1787 2275 97 58 girl
1922 2290 108 32 was
2067 2277 88 45 the
2192 2277 113 47 best
2341 2277 213 59 looking
2592 2293 98 31 one

435 2358 54 47 in
523 2359 88 46 the
644 2358 190 46 crowd.
903 2357 136 47 That
1073 2371 106 33 was
1213 2357 88 47 the
1334 2355 114 49 first
1482 2356 124 48 time
1640 2357 22 45 I
1698 2371 121 33 seen
2065 2357 94 47 His
2195 2362 240 43 sentence
2471 2359 219 58 stopped

437 2439 138 48 itself
612 2439 126 48 with
776 2439 251 59 laughter.
1273 2439 133 54 well,
1446 2438 92 47 she
1577 2453 106 32 was
1723 2453 31 31 a
1789 2437 111 59 girl,
1941 2439 103 46 and
2085 2440 91 47 she
2213 2439 186 48 wasn't
2435 2442 160 46 much
2634 2441 56 47 of

438 2536 29 32 a
506 2521 190 59 nigger,
737 2520 182 55 either;
961 2520 91 47 she
1089 2534 107 33 was
1234 2535 145 31 more
1417 2520 128 46 than
1583 2519 113 46 half

569 2617 110 45 The
720 2615 171 47 words
934 2614 129 47 sank
1105 2614 109 46 into
1256 2614 145 46 short
1443 2613 203 56 silence,
1687 2614 155 47 while
1883 2627 226 46 purpose
2151 2615 209 46 entered
2401 2614 88 46 the
2530 2614 157 45 mood

436 2697 55 46 of
524 2697 88 47 the
647 2708 182 47 group:
869 2711 55 31 so
961 2700 174 53 strong
1172 2695 39 46 it
1246 2696 204 45 seemed
1484 2700 53 41 to
1571 2696 65 46 be
1671 2709 30 32 a
1737 2708 189 45 person
1961 2695 153 56 itself,
2151 2696 104 45 and
2292 2696 164 56 stood,
2493 2709 196 32 unseen

436 2779 92 46 but
560 2776 401 59 unconsciously
995 2775 107 56 felt,
1134 2776 55 46 in
1223 2790 29 32 a
1283 2790 183 33 corner
1496 2790 125 33 near
1652 2777 88 46 the
1773 2776 102 48 soft
1906 2776 182 47 drinks
2121 2776 256 47 fountain.
2445 2778 45 46 It
2523 2775 164 56 stood,

436 2860 194 57 staring
663 2858 193 59 quietly
891 2862 89 44 out
1013 2857 109 48 into
1155 2858 202 57 Wayne
1394 2857 176 47 Street.
1610 2893 9 10 .
1660 2893 8 11 .

599 3281 111 46 The
746 3295 97 32 sun
881 3282 185 47 strikes
1102 3282 255 59 impotent
1393 3298 69 33 on
1496 3284 324 55 Whitcomb;
1858 3286 225 47 tumbles
2118 3285 130 60 limp
2286 3301 69 32 on
2393 3301 204 34 screens
2634 3286 56 47 of

434 3361 184 56 leaves,
658 3362 173 47 which
870 3362 134 49 filter
1043 3364 39 48 it
1121 3365 174 59 gently
1334 3365 226 59 through
1600 3371 53 42 to
1693 3366 93 47 fall
1823 3366 55 47 in
1915 3367 130 47 little
2084 3368 116 46 dots
2239 3369 105 45 and
2383 3370 197 47 slashes
2620 3384 69 32 on

435 3455 164 45 upper
643 3443 202 60 Wayne
892 3445 177 47 Street.
1150 3446 167 48 Doors
1364 3447 158 60 softly
1567 3448 157 59 bang;
1771 3447 124 60 girls
1941 3448 158 60 softly
2144 3465 171 40 move;
2364 3450 139 48 from
2548 3467 105 31 com-

435 3521 220 50 fortable
688 3525 218 57 porches
939 3526 156 49 hums
1127 3529 88 46 the
1249 3542 239 34 murmur
1522 3530 55 46 of
1609 3530 223 47 blended
1865 3530 170 48 voices
2069 3531 214 60 talking.
2351 3533 115 47 Life
2500 3533 189 60 swings

437 3605 179 59 slowly
656 3606 54 46 in
750 3607 214 59 rhythm
1003 3609 127 47 with
1170 3611 88 46 the
1298 3611 241 59 leisurely
1580 3625 157 46 peace
1778 3613 55 46 of
1875 3613 125 47 God.

603 3699 166 47 Down
800 3714 163 45 upper
992 3703 204 59 Wayne
1229 3705 161 47 Street
1422 3722 30 30 a
1482 3721 125 33 man
1636 3707 42 47 is
1709 3707 242 59 walking.
2018 3707 129 50 Like
2177 3724 30 32 a
2238 3709 185 59 pebble
2455 3707 234 59 dropped

435 3780 53 45 in
530 3780 241 48 windless
813 3788 174 51 water,
1030 3785 66 46 he
1137 3801 191 41 moves,
1370 3788 88 46 the
1500 3794 173 42 center
1715 3789 55 46 of
1810 3790 210 59 ripples,
2064 3792 158 46 down
2262 3793 204 57 Wayne
2510 3791 177 47 Street.

435 3861 152 48 Little
622 3861 150 49 silent
809 3865 273 58 spreading
1119 3866 192 58 ripples
1347 3883 150 33 move
1533 3875 90 42 out
1659 3870 138 47 from
1831 3872 81 46 his
1950 3878 138 53 steps
2123 3878 52 42 to
2212 3873 188 48 silence
2435 3873 88 48 the
2560 3873 129 45 hum

437 3943 54 45 of
531 3944 87 46 the
657 3946 237 57 porches:
938 3947 102 46 and
1080 3962 56 32 as
1175 3949 65 46 he
1279 3950 248 59 tramples
1567 3966 69 32 on
1676 3952 148 48 slices
1864 3953 55 47 of
1959 3969 97 32 sun
2096 3955 156 46 down
2291 3955 88 47 the
2421 3955 266 55 sidewalk,
