3713 5420
985 4050 99 66 136

1846 753 517 56 COMMENT

1760 999 311 47 PASCIN'S
2117 1000 331 46 AMERICA

1150 1226 317 49 Afterwards
1508 1229 188 47 Pascin
1736 1229 247 47 travelled
2024 1228 54 48 in
2120 1228 250 48 America.
2447 1229 79 47 He
2567 1228 166 59 might
2773 1229 132 46 have
2944 1226 290 48 descended

983 1308 139 47 from
1155 1309 88 47 the
1277 1309 123 48 boat
1434 1310 107 47 into
1579 1325 67 32 an
1681 1311 282 47 adventure
1998 1316 141 53 story
2173 1312 69 58 by
2277 1311 131 47 Jack
2443 1311 236 55 London,
2714 1310 126 47 with
2877 1309 210 55 miners,
3122 1308 84 47 red-

980 1389 144 48 skins
1155 1392 103 45 and
1289 1391 328 47 sentimental
1648 1392 376 47 businessmen.
2091 1392 78 47 He
2199 1392 166 59 might
2396 1393 131 46 have
2557 1391 290 47 descended
2877 1391 108 46 into
3018 1389 218 47 another

981 1471 198 58 legend,
1213 1478 209 42 current
1456 1472 249 60 formerly
1740 1474 55 45 in
1826 1474 162 56 Paris,
2024 1474 55 46 of
2112 1489 31 30 a
2175 1479 221 53 country
2429 1473 173 46 which
2636 1471 390 47 manufactures
3060 1484 145 44 every-

981 1552 147 59 thing
1162 1552 54 47 in
1249 1552 128 46 bulk
1413 1556 102 45 and
1550 1558 223 54 exports,
1806 1554 55 47 in
1895 1554 144 56 bulk,
2074 1554 212 47 tourists
2321 1556 103 45 and
2458 1552 263 48 cocktails.
2791 1552 79 48 He
2904 1552 166 58 might
3104 1552 132 45 have

983 1634 365 48 disembarked
1387 1635 55 46 in
1481 1650 102 44 any
1621 1635 55 47 of
1715 1651 30 31 a
1781 1636 240 47 hundred
2060 1636 208 58 legends
2308 1637 119 53 and,
2469 1635 132 47 after
2639 1634 214 59 making
2893 1650 30 30 a
2961 1648 274 43 necessary

983 1716 347 58 compromise
1367 1717 126 46 with
1532 1717 120 55 fact,
1690 1717 133 46 have
1860 1717 123 59 kept
2020 1717 87 47 the
2144 1717 182 58 legend
2364 1716 83 47 for
2485 1716 225 47 himself.
2783 1715 67 47 As
2890 1730 31 31 a
2956 1720 187 42 matter
3181 1715 56 46 of

983 1795 104 49 fact
1117 1797 65 47 he
1212 1798 189 48 landed
1431 1798 55 46 in
1515 1798 209 46 Florida
1755 1800 103 44 and
1888 1798 211 58 painted
2129 1797 224 59 pictures
2383 1797 56 47 of
2467 1798 116 58 lazy
2612 1797 201 58 niggers
2844 1796 211 60 playing
3086 1796 150 46 cards

983 1893 122 32 over
1143 1879 87 47 the
1270 1880 170 46 sands.

1150 1960 78 47 He
1264 1962 248 46 travelled
1548 1962 161 54 West,
1747 1966 92 43 not
1873 1961 110 48 into
2020 1962 88 47 the
2143 1973 155 48 pages
2336 1961 56 47 of
2429 1962 137 46 Zane
2607 1961 132 59 Grey
2773 1961 94 46 but
2904 1960 108 47 into
3052 1961 182 46 Texas.

982 2043 152 45 Later
1162 2042 54 46 in
1245 2043 125 46 New
1397 2043 143 46 York
1567 2043 65 46 he
1661 2058 106 31 saw
1796 2058 31 31 a
1853 2043 174 59 ghetto
2056 2043 174 46 which
2257 2058 107 31 was
2391 2048 92 42 not
2509 2043 206 46 created
2742 2043 69 58 by
2839 2043 189 45 Waldo
3059 2040 176 47 Frank

983 2124 103 45 and
1112 2123 274 47 excursion
1414 2129 246 41 steamers
1687 2124 173 47 which
1885 2125 212 57 nobody
2121 2125 220 46 created.
2402 2123 238 59 Arriving
2665 2124 54 46 in
2745 2123 196 47 Boston
2967 2124 69 58 by
3064 2138 29 32 a
3119 2137 117 32 new

983 2204 111 46 Fall
1124 2203 152 47 River
1306 2204 127 48 Line
1463 2207 102 45 and
1596 2210 51 43 at
1675 2206 30 45 9
1732 2207 96 45 :03
1858 2220 70 32 on
1955 2206 89 47 the
2073 2207 190 45 second
2292 2206 102 58 day
2424 2205 55 47 of
2507 2206 87 46 the
2624 2204 166 59 police
2821 2204 172 48 strike.
3043 2203 158 59 Every-

983 2286 173 46 where
1191 2286 64 46 he
1291 2286 259 47 sketched.

1151 2366 77 47 He
1269 2367 87 46 did
1397 2372 91 41 not
1528 2367 146 58 paint
1712 2368 88 46 the
1840 2368 191 46 wheels
2073 2382 59 31 or
2190 2368 333 58 skyscrapers
2581 2381 98 32 one
2736 2367 166 58 might
2960 2371 181 54 expect
3181 2365 55 48 of

983 2462 30 31 a
1044 2448 218 46 modern
1295 2447 166 54 artist;
1513 2448 65 47 he
1609 2447 210 59 painted
1852 2449 197 58 people.
2118 2449 79 46 He
2229 2447 211 60 painted
2469 2449 146 47 them
2647 2448 54 47 in
2731 2459 192 48 groups
2957 2463 56 32 as
3047 2463 30 32 a
3108 2447 127 54 rule,

981 2528 92 47 but
1103 2528 80 47 his
1214 2529 210 47 interest
1453 2529 54 46 in
1536 2545 31 30 a
1594 2540 163 48 group
1788 2545 106 32 was
1925 2530 87 47 the
2041 2529 314 48 individuals
2385 2529 173 49 which
2587 2531 281 58 composed
2898 2529 57 55 it;
3004 2529 55 47 in
3087 2529 149 47 other

981 2610 171 46 words
1185 2610 66 47 he
1281 2624 107 32 was
1420 2610 202 47 neither
1653 2609 213 49 futurist
1897 2625 97 32 nor
2027 2611 287 47 unanimist
2346 2612 93 47 but
2470 2612 214 45 human.
2754 2611 93 47 His
2881 2612 213 46 method
3128 2623 107 33 was

982 2692 171 58 partly
1193 2706 31 31 a
1262 2691 179 48 choice
1481 2691 56 47 of
1576 2692 87 47 the
1705 2692 294 58 significant
2038 2698 218 54 gesture,
2298 2708 56 31 so
2396 2694 112 46 that
2548 2694 65 46 he
2655 2694 273 57 expressed
2971 2693 263 57 authority

982 2772 69 59 by
1085 2773 87 46 the
1208 2773 148 59 angle
1390 2772 56 47 of
1480 2788 30 31 a
1543 2772 116 49 rifle
1694 2774 103 47 and
1831 2788 118 34 race
1982 2775 70 58 by
2086 2775 86 46 the
2206 2774 226 59 position
2467 2774 55 47 of
2555 2788 67 33 an
2656 2775 216 58 eyeball.
2941 2774 178 59 Partly
3153 2773 82 47 his

983 2855 212 45 method
1242 2870 106 31 was
1397 2869 31 31 a
1475 2860 182 42 savant
1703 2855 275 47 distortion
2024 2856 70 58 by
2142 2855 189 55 which,
2380 2855 192 60 having
2618 2856 194 47 chosen
2858 2856 88 47 the
2994 2855 240 48 essential

981 2935 411 47 characteristics
1435 2935 55 47 of
1532 2936 81 47 his
1656 2936 213 59 subject,
1913 2938 66 45 he
2020 2937 281 58 magnified
2343 2938 144 46 them
2529 2938 194 58 boldly.
2804 2937 111 47 One
2956 2951 154 32 name
3153 2937 83 46 for

981 3015 103 48 this
1126 3016 42 47 is
1209 3016 302 56 caricature,
1554 3018 21 46 I
1618 3031 243 45 suppose;
1922 3019 218 46 another
2181 3018 41 49 is
2264 3018 215 59 history.

1146 3098 111 46 The
1291 3098 183 58 people
1508 3098 65 47 he
1607 3098 155 56 drew,
1797 3098 42 47 if
1870 3098 338 56 caricatured,
2244 3114 87 32 are
2365 3098 331 60 four-square
2731 3101 103 45 and
2867 3098 332 47 three-dimen-

978 3177 180 47 sional.
1225 3178 156 47 Their
1413 3178 349 59 implications
1794 3194 86 33 are
1911 3180 173 56 social,
2117 3180 283 56 economic,
2432 3181 258 57 personal,
2723 3181 81 45 for
2836 3181 108 46 into
2977 3181 80 46 his
3089 3179 147 47 work

981 3259 185 48 Pascin
1201 3265 119 52 puts
1357 3261 67 45 all
1459 3260 82 48 his
1576 3260 317 59 experience,
1931 3263 68 45 all
2032 3262 80 46 his
2148 3261 320 58 knowledge,
2505 3263 102 45 and
2643 3266 90 42 not
2767 3276 31 32 a
2832 3260 402 47 circumscribed

981 3341 208 58 portion
1226 3342 220 46 labelled
1485 3341 299 48 Aesthetics.
1860 3343 244 58 Drawing
2143 3343 44 46 is
2225 3348 91 42 not
2354 3343 82 46 his
2475 3344 190 45 second
2705 3357 58 32 or
2801 3342 120 47 fifth
2959 3343 272 58 language;

981 3421 38 47 it
1052 3422 42 46 is
1127 3422 81 47 his
1241 3423 123 57 only
1397 3423 271 58 language;
1719 3423 67 46 he
1819 3438 116 32 uses
1969 3423 40 47 it
2041 3429 52 41 to
2127 3436 208 44 express
2370 3423 302 59 everything
2706 3424 66 46 he
2806 3423 94 47 has
2937 3438 134 42 seen,
3106 3423 128 47 with

981 3503 88 47 the
1115 3504 159 46 result
1318 3505 113 45 that
1477 3504 81 46 his
1605 3503 245 59 portfolio
1898 3503 55 47 of
1999 3505 367 46 watercolours
2413 3504 165 48 forms
2625 3519 30 31 a
2702 3505 170 47 whole
2918 3506 164 46 world
3131 3507 103 45 and

983 3598 31 32 a
1055 3584 125 47 New
1221 3584 203 55 World;
1484 3584 38 47 it
1563 3584 42 47 is
1645 3583 229 48 Pascin's
1916 3584 251 48 America.

1149 3665 185 47 Before
1372 3666 141 46 Walt
1551 3665 274 47 Whitman
1864 3665 238 48 America
2140 3666 187 59 hardly
2366 3666 213 56 existed;
2637 3672 53 43 to
2730 3667 112 47 him
2881 3683 78 33 we
2998 3683 111 33 owe
3148 3669 88 47 the

981 3745 252 59 pioneers,
1261 3747 88 46 the
1377 3760 135 44 open
1539 3760 195 45 spaces,
1761 3747 54 46 in
1843 3748 206 57 general
2075 3748 88 46 the
2192 3753 182 54 poetry
2402 3748 56 47 of
2485 3762 186 45 square
2697 3749 164 48 miles.
2926 3750 120 48 Bret
3075 3749 161 48 Harte

980 3829 203 46 created
1221 3827 286 48 California
1543 3829 103 46 and
1682 3827 183 48 Twain
1900 3828 88 48 the
2024 3828 323 59 Mississippi.
2419 3831 284 47 Woodrow
2739 3831 219 56 Wilson,
2996 3831 238 58 Chaplin,

981 3909 86 47 the
1107 3909 175 48 James
1320 3909 259 56 brothers;
1635 3910 128 47 each
1801 3911 205 46 created
2046 3925 30 32 a
2114 3916 234 52 separate
2386 3910 254 57 America,
2679 3926 67 33 an
2784 3911 237 48 America
3061 3912 172 47 which
