3713 5420
2612 4181 82 61 93

437 842 111 44 that
576 838 253 59 sprawled
857 850 141 46 upon
1024 837 86 46 the
1137 835 143 53 desk,
1309 833 152 48 when
1491 831 150 61 again
1669 832 87 47 the
1784 831 130 47 door
1941 832 202 59 opened
2172 832 104 47 and
2305 832 121 47 Mrs.
2457 832 234 48 Conover

438 920 221 48 entered.

603 1021 42 47 A
674 1022 91 46 tall
795 1019 268 60 grenadier
1094 1018 56 47 of
1181 1033 30 31 a
1242 1030 224 41 woman,
1498 1015 88 48 the
1618 1015 204 59 plumes
1855 1015 54 47 in
1940 1016 93 46 her
2066 1016 91 47 hat
2187 1015 216 60 arching
2434 1030 123 33 over
2588 1014 104 48 like

439 1105 86 46 the
558 1109 89 53 top
681 1103 202 58 boughs
917 1100 55 48 of
1008 1116 67 31 an
1110 1100 102 47 elm
1246 1104 122 50 tree,
1404 1098 91 47 she
1530 1097 188 60 peered
1753 1096 109 48 into
1896 1097 89 47 the
2019 1097 289 60 deepening
2342 1098 136 47 dusk
2513 1098 57 47 of
2603 1098 89 48 the

437 1200 148 31 room
616 1184 82 47 for
729 1199 30 31 a
789 1187 233 42 moment
1050 1179 179 49 before
1260 1179 210 59 turning
1500 1179 142 47 loose
1674 1193 31 32 a
1735 1179 170 58 volley
1936 1179 56 47 of
2022 1179 172 47 words
2225 1180 178 48 whose
2433 1179 121 49 heat
2585 1194 107 31 was

438 1266 286 47 somewhat
764 1263 276 48 converted
1083 1268 52 43 to
1178 1262 236 59 pleasant
1455 1275 118 32 uses
1616 1261 70 58 by
1729 1261 88 46 the
1861 1260 145 61 spicy
2050 1260 234 49 richness
2328 1262 54 45 of
2426 1262 93 46 her
2563 1262 127 58 deep

437 1348 267 46 contralto.

836 1476 85 32 are
955 1475 104 45 you

602 1576 114 47 And
749 1575 270 59 receiving,
1056 1574 131 47 after
1221 1589 68 32 an
1325 1573 272 59 impatient
1632 1587 175 44 pause,
1844 1573 94 47 but
1974 1588 30 32 a
2035 1574 103 46 low
2174 1573 186 48 hostile
2394 1579 169 54 grunt,
2601 1574 90 46 she

437 1659 277 46 continued
750 1658 52 46 in
835 1658 93 46 her
961 1661 299 55 customary
1294 1670 219 33 manner
1548 1655 55 48 of
1637 1654 270 59 indulgent
1941 1654 252 60 scolding:

834 1781 42 46 is
911 1780 102 48 this
1049 1781 122 58 they
1206 1781 88 46 tell
1326 1794 84 32 me
1444 1779 55 46 of
1532 1779 88 46 the
1654 1779 136 58 boy?
1839 1778 162 47 What
2037 1778 133 47 have
2206 1792 105 45 you
2350 1779 66 46 all
2453 1779 132 46 been
2623 1792 67 45 up

437 1867 53 42 to
523 1862 154 46 while
712 1862 21 46 I
767 1863 132 45 have
932 1862 130 47 been
1096 1859 235 60 working
1366 1860 103 48 like
1505 1875 31 33 a
1568 1861 101 58 dog
1701 1874 71 45 up
1807 1865 143 43 town
1985 1859 191 60 getting
2211 1860 88 48 the
2334 1861 163 46 house
2533 1861 158 58 ready

437 1942 82 48 for
553 1944 86 46 the
674 1943 238 58 wedding
945 1941 298 49 breakfast?
1315 1942 42 46 A
1392 1941 166 49 man's
1592 1941 246 60 drinking
1872 1941 213 47 himself
2120 1941 117 60 silly
2271 1941 108 60 just
2412 1941 179 48 before
2628 1942 65 46 he

437 2025 169 47 settles
636 2024 154 47 down
819 2029 52 42 to
901 2040 31 32 a
960 2024 204 60 regular
1192 2023 90 49 life
1310 2039 121 44 may
1461 2024 64 47 be
1555 2023 277 60 according
1861 2029 53 42 to
1944 2023 287 49 masculine
2259 2029 205 42 custom
2493 2024 198 58 though

438 2106 21 45 I
493 2104 143 49 don't
687 2107 214 57 pretend
953 2112 53 42 to
1056 2106 322 47 understand
1431 2106 138 59 why,
1604 2106 94 47 but
1738 2104 179 61 you're
1955 2106 83 47 his
2080 2106 172 47 father
2293 2107 104 45 and
2437 2121 104 44 you
2581 2121 111 31 owe

439 2201 141 33 some
610 2187 383 48 consideration
1022 2193 53 41 to
1108 2202 96 31 me.
1272 2188 21 45 I
1326 2188 109 47 told
1465 2203 104 43 you
1602 2193 51 42 to
1686 2188 132 47 have
1850 2187 112 46 him
1995 2187 217 48 sobered
2242 2201 72 46 up
2346 2193 195 54 twenty
2574 2188 119 45 four

438 2269 158 47 hours
629 2268 178 48 before
839 2270 87 46 the
957 2283 292 45 ceremony,
1285 2270 102 46 and
1420 2270 122 46 here
1575 2268 185 60 you've
1791 2271 70 45 let
1893 2269 112 47 him
2038 2270 215 58 develop
2291 2284 29 32 a
2352 2270 104 47 fine
2488 2284 117 33 case
2638 2269 55 47 of

438 2355 225 42 tremens
702 2350 126 47 with
864 2352 123 58 only
1025 2366 97 32 one
1157 2350 147 60 night
1340 2355 52 43 to
1431 2351 287 59 straighten
1754 2351 111 46 him
1902 2356 90 43 out
2028 2352 69 47 in.
2170 2350 104 49 I've
2309 2353 132 45 been
2478 2366 70 44 up
2588 2352 102 47 and

437 2432 156 46 down
620 2431 149 48 stairs
800 2432 80 47 for
907 2432 145 48 three
1079 2432 144 59 days,
1253 2432 226 60 running
1508 2448 30 32 a
1564 2433 152 46 small
1745 2447 148 46 army
1921 2432 56 48 of
2005 2438 248 51 servants,
2286 2433 291 60 answering
2605 2433 87 48 the

440 2513 173 57 phone
648 2518 52 42 at
734 2514 129 46 least
898 2519 85 42 ten
1019 2514 151 47 times
1208 2529 68 32 an
1312 2515 150 55 hour,
1501 2515 102 45 and
1641 2515 122 47 here
1801 2530 100 44 you
1941 2515 132 48 cook
2112 2529 70 45 up
2221 2530 30 31 a
2288 2520 151 55 nasty
2479 2515 211 48 scandal

441 2593 80 47 for
560 2609 81 32 me
679 2599 52 42 to
769 2596 145 46 wade
950 2594 108 48 into
1096 2596 154 46 when
1288 2596 22 45 I
1349 2601 81 53 get

607 2717 109 46 The
741 2717 255 58 snapping
1022 2733 69 31 on
1116 2718 55 46 of
1195 2719 87 45 the
1307 2718 127 46 desk
1459 2719 142 57 lamp
1629 2718 176 47 struck
1832 2733 30 32 a
1886 2718 180 58 period
2093 2718 108 47 into
2228 2719 158 45 Maud
2414 2717 276 48 Conover's

440 2797 179 46 tirade.
692 2797 104 46 Her
834 2797 112 48 first
981 2798 311 59 impression
1330 2799 55 46 of
1421 2800 87 46 the
1547 2799 113 47 face
1696 2799 114 47 that
1846 2814 106 32 was
1988 2799 148 47 lifted
2174 2800 108 46 into
2320 2799 87 47 the
2445 2799 153 47 circle
2637 2800 54 46 of

439 2879 130 57 light
605 2879 189 46 chilled
832 2879 87 48 the
957 2879 96 46 full
1093 2880 169 58 ruddy
1302 2885 190 42 stream
1532 2879 55 47 in
1624 2881 94 46 her
1757 2880 159 47 veins.
1992 2880 101 48 She
2131 2896 147 32 came
2318 2880 229 48 forward
2588 2882 102 46 and

439 2960 182 45 leaned
654 2959 92 47 her
779 2960 90 46 tall
904 2960 269 47 abundant
1203 2960 162 59 figure
1399 2976 121 31 over
1553 2962 88 47 the
1674 2961 142 46 desk.
1884 2962 162 47 What
2081 2962 90 47 she
2205 2977 106 32 saw
2346 2977 106 32 was
2488 2977 30 31 a
2551 2977 139 31 mass

441 3040 54 45 of
537 3040 210 59 sagging
787 3041 131 46 flesh
960 3040 220 49 without
1221 3043 200 46 human
1462 3043 300 58 expression
1804 3049 180 52 except
2025 3043 81 46 for
2149 3045 88 45 the
2277 3044 130 58 glint
2448 3037 58 54 of
2546 3059 144 31 some

439 3122 122 45 mad
599 3122 89 46 red
726 3122 93 46 fire
856 3122 55 46 in
946 3122 87 47 the
1071 3122 128 48 little
1237 3123 278 48 bloodshot
1553 3139 132 44 eyes.
1760 3125 44 47 It
1840 3139 107 33 was
1983 3124 104 48 this
2126 3124 93 48 fire
2256 3126 113 46 that
2407 3126 153 47 made
2597 3126 93 46 her

441 3203 253 58 suddenly
729 3214 62 46 go
828 3203 116 46 cold
982 3204 66 45 all
1085 3218 136 32 over.

829 3317 162 56 Price,
1030 3332 103 44 you
1171 3319 85 46 old
1491 3320 89 46 she
1618 3321 263 58 presently
1917 3322 241 45 resumed
2196 3321 54 47 in
2287 3322 204 58 padded
2529 3327 161 50 tones,

523 3412 154 32 never
706 3413 106 33 saw
842 3414 103 43 you
975 3415 57 32 so
1062 3404 149 55 upset
1241 3415 121 32 over
1393 3415 31 32 a
1452 3400 128 48 little
1609 3406 187 43 matter
1826 3401 57 47 of
1911 3407 241 42 tremens.
2216 3404 159 58 Why,
2405 3404 136 47 bless
2572 3419 119 44 you,

440 3478 107 47 he's
580 3480 104 45 had
718 3481 142 46 them
893 3481 194 56 before,
1123 3482 103 46 and
1262 3482 21 46 I
1320 3496 224 45 suppose
1579 3481 120 49 he'll
1734 3484 133 47 have
1900 3484 144 47 them
2078 3485 153 59 again
2266 3500 56 32 so
2357 3487 123 57 long
2515 3501 55 33 as
2605 3487 88 46 the

440 3560 345 48 ammunition
807 3563 123 46 lasts
956 3564 172 45 unless
1154 3563 81 47 his
1260 3564 120 47 wife
1403 3564 42 47 is
1472 3579 30 32 a
1525 3564 163 48 better
1712 3566 205 47 mother
1941 3570 53 44 to
2019 3566 112 47 him
2154 3568 130 46 than
2309 3568 22 46 I
2356 3568 132 47 have

606 3682 59 45 In
691 3682 86 47 the
802 3681 233 59 interval,
1063 3686 220 46 muffled
1310 3687 69 58 by
1406 3686 87 48 the
1520 3686 144 48 thick
1694 3688 145 47 walls
1866 3688 233 48 between
2126 3690 144 46 them
2299 3691 100 45 and
2429 3691 88 46 the
2543 3703 149 32 room

440 3762 178 56 above,
658 3778 146 32 came
843 3779 30 31 a
911 3765 192 47 hollow
1141 3780 107 45 cry,
1289 3768 103 45 and
1429 3768 87 47 the
1556 3768 167 60 image
1762 3770 88 47 the
1891 3773 167 44 sound
2099 3771 198 47 evoked
2336 3786 107 32 was
2485 3772 113 46 that
2636 3771 56 47 of

438 3857 30 32 a
503 3843 226 59 starving
761 3845 126 46 wolf
920 3846 148 46 alone
1099 3846 56 47 in
1187 3848 87 46 the
1307 3847 153 48 bitter
1491 3849 162 58 night.
1723 3850 161 48 Maud
1917 3851 235 48 Conover
2187 3851 243 48 stiffened
2464 3855 102 44 and
2599 3852 93 46 her

440 3939 118 45 eyes
603 3927 158 45 roved
807 3926 293 61 frightfully
1146 3934 52 41 to
1244 3929 87 48 the
1376 3930 185 60 ceiling
1608 3946 55 32 as
1708 3933 200 59 though
1957 3934 91 47 she
2094 3935 175 46 would
2316 3940 264 53 penetrate
2627 3934 63 47 its

438 4006 217 59 density.
701 4007 147 48 Then
875 4007 125 48 with
1029 4023 30 32 a
1084 4016 310 51 movement,
1423 4012 113 47 that
1563 4028 105 32 was
1695 4019 90 43 not
1812 4016 319 57 perceptibly
2160 4016 201 47 broken
2389 4017 108 46 into
2526 4021 165 52 stages
