3713 5420
962 4064 68 49 90

966 750 318 57 heavy-eyed
1319 763 121 33 men
1474 748 54 47 in
1563 748 215 60 evening
1814 750 143 47 dress
1993 764 146 33 came
2174 755 90 42 out
2300 750 81 46 for
2417 753 258 43 moments
2710 753 51 43 to
2800 746 171 49 shiver
3008 745 204 58 silently

965 831 102 45 and
1099 835 153 54 spout
1281 830 153 59 foggy
1465 830 210 48 breaths
1707 845 69 32 on
1806 831 86 47 the
1922 830 137 59 crisp
2092 830 89 48 air.

1132 932 99 46 But
1265 946 69 32 on
1369 932 87 46 the
1492 931 179 47 fourth
1706 932 101 58 day
1842 932 88 47 the
1964 931 155 59 lights
2155 937 137 42 went
2327 936 91 43 out
2453 932 103 46 and
2592 929 230 49 curtains
2857 945 135 32 were
3026 928 186 54 raised,

966 1014 103 45 and
1106 1014 87 46 the
1231 1013 227 47 weather
1497 1013 154 59 being
1689 1027 171 45 sunny
1899 1013 102 46 and
2039 1027 144 32 more
2223 1013 280 55 moderate,
2542 1027 146 32 more
2726 1027 121 31 men
2884 1025 147 33 came
3071 1009 142 47 forth

965 1099 51 42 to
1040 1094 147 46 blink
1213 1094 54 46 in
1291 1094 86 47 the
1403 1094 116 58 pale
1544 1094 249 47 sunshine
1819 1094 103 46 and
1945 1099 53 42 to
2024 1094 225 58 whisper
2275 1094 422 57 uncomfortably
2722 1093 166 45 under
2912 1092 88 46 the
3026 1090 186 60 faintly

965 1176 209 58 stirring
1207 1181 146 42 trees.
1425 1176 172 46 While
1633 1175 138 46 from
1806 1190 30 31 a
1871 1189 148 32 room
2056 1190 69 31 on
2159 1176 87 45 the
2282 1176 189 45 second
2507 1174 134 47 floor
2678 1188 145 33 came
2860 1174 87 47 the
2982 1171 231 61 jangling

965 1258 127 57 yells
1127 1256 55 47 of
1216 1271 31 31 a
1278 1257 103 57 boy
1416 1256 169 47 afraid
1618 1260 53 43 to
1704 1256 96 47 die.

1130 1355 126 48 This
1287 1370 108 33 was
1427 1371 31 32 a
1489 1357 255 57 Tuesday.
1809 1357 112 46 The
1951 1355 114 48 first
2094 1355 152 56 train,
2278 1355 222 46 number
2532 1359 286 51 seventeen,
2852 1356 100 46 due
2986 1359 51 43 at
3069 1353 112 47 nine-

963 1436 161 60 thirty
1154 1436 94 49 but
1278 1437 224 58 actually
1533 1436 226 59 arriving
1790 1442 50 42 at
1872 1436 159 47 about
2060 1442 102 49 ten,
2194 1436 225 58 brought
2449 1441 102 42 two
2584 1435 376 58 distinguished
2992 1434 220 46 medical

965 1531 122 33 men
1121 1519 139 45 from
1298 1519 125 45 New
1458 1518 158 45 York.
1688 1518 232 45 Number
1955 1522 194 53 twenty
2187 1517 152 57 eight,
2374 1518 101 45 due
2512 1522 52 41 at
2599 1531 99 32 one
2733 1514 214 57 o'clock,
2984 1517 228 57 brought

963 1600 145 45 three
1164 1613 158 31 more.
1397 1597 134 48 Both
1586 1597 163 47 trains
1803 1612 136 32 were
1993 1602 107 41 met
2154 1598 70 57 by
2280 1596 146 47 Price
2467 1596 276 47 Conover's
2800 1596 413 47 mouse-colored

962 1679 276 47 limousine
1267 1678 126 47 with
1423 1679 87 47 the
1539 1679 120 46 blue
1689 1678 310 58 trimmings,
2030 1678 103 46 and
2162 1678 87 46 the
2279 1677 238 47 footman
2545 1677 55 47 in
2629 1677 81 47 his
2740 1677 131 46 dark
2902 1678 120 46 blue
3052 1677 161 58 livery

965 1762 102 44 and
1093 1760 152 47 silver
1269 1761 211 45 buttons
1504 1760 184 46 bowed
1713 1760 87 46 the
1825 1771 153 46 grave
2004 1759 205 47 doctors
2233 1758 109 47 into
2368 1759 87 47 the
2480 1773 88 33 car
2594 1759 101 46 and
2722 1758 108 48 into
2856 1759 87 47 the
2969 1773 244 44 presence

964 1841 56 47 of
1055 1842 88 47 the
1182 1841 171 48 senior
1392 1842 234 46 Conover
1663 1841 104 46 and
1804 1839 81 47 his
1923 1839 186 56 friend,
2149 1840 253 59 Hillyard.

1130 1961 81 47 All
1251 1963 94 47 but
1384 1977 98 32 one
1522 1961 56 47 of
1616 1962 88 47 the
1744 1961 100 48 five
1883 1966 136 43 most
2060 1961 206 47 famous
2308 1961 284 59 specialists
2634 1961 55 46 in
2729 1961 125 47 New
2895 1961 142 46 York
3078 1976 134 31 were

963 2043 181 47 driven
1177 2043 134 46 back
1345 2047 52 43 to
1430 2043 87 47 the
1550 2043 156 58 depot
1739 2043 56 47 in
1825 2043 88 46 the
1947 2054 122 48 grey
2101 2042 277 47 limousine
2410 2048 53 42 to
2497 2043 149 45 catch
2681 2043 86 46 the
2801 2043 101 46 late
2938 2041 274 48 afternoon

964 2125 135 46 train
1131 2124 81 46 for
1242 2125 88 46 the
1361 2123 118 59 city.
1546 2124 146 58 They
1723 2124 272 58 presented
2027 2124 86 47 the
2145 2123 419 47 non-committal
2597 2137 324 44 appearance
2953 2122 56 48 of
3038 2122 174 48 closed

963 2206 228 47 drawers
1221 2206 214 46 swollen
1461 2205 69 59 by
1559 2209 100 43 wet
1686 2205 243 55 weather,
1959 2206 103 45 and
2088 2216 126 48 gave
2242 2218 70 45 up
2341 2220 67 31 no
2438 2209 187 43 secrets
2653 2209 53 43 to
2734 2205 88 46 the
2849 2204 232 59 scrutiny
3109 2203 101 47 and

964 2286 195 47 cocked
1201 2301 113 33 ears
1355 2286 56 46 of
1450 2286 87 47 the
1595 2286 207 46 curious
1860 2285 282 48 townsfolk
2199 2286 120 46 who
2378 2286 250 45 observed
2686 2286 158 46 them.
2921 2286 111 46 The
3073 2286 140 46 elder

966 2368 233 46 Conover
1239 2367 89 46 did
1368 2372 91 42 not
1499 2371 167 43 escort
1706 2367 158 46 them.
1941 2367 60 46 In
2042 2365 81 48 his
2164 2366 348 58 high-posted,
2556 2365 403 59 oak-pannelled
2998 2365 214 59 library,

966 2448 125 48 with
1131 2449 158 46 beads
1331 2447 56 48 of
1427 2453 158 42 sweat
1624 2447 187 58 rolling
1850 2448 158 46 down
2046 2447 81 47 his
2170 2447 208 59 sagging
2418 2447 188 47 cheeks
2648 2448 66 46 he
2753 2448 196 47 battled
2989 2447 83 47 for
3114 2463 98 31 one

964 2529 144 46 word
1142 2529 56 46 of
1230 2529 136 57 hope
1399 2529 127 46 with
1559 2529 87 46 the
1680 2527 291 59 remaining
2003 2527 288 59 physician.

1226 2629 88 47 tell
1354 2644 105 44 you
1498 2627 81 49 it's
2035 2630 65 45 he
2159 2629 235 55 shouted,
2451 2629 207 58 leaning
2700 2644 121 32 over
2861 2630 88 46 the
2990 2629 223 47 massive

963 2711 296 58 mahogany
1292 2709 127 48 desk
1450 2709 127 48 with
1607 2715 103 41 two
1744 2710 189 58 stubby
1964 2711 168 46 hands
2165 2711 211 56 pressed
2408 2723 143 45 upon
2582 2711 87 46 the
2700 2710 259 59 gleaming
2992 2710 220 54 surface,

964 2793 86 46 the
1088 2791 170 47 fumes
1298 2790 138 48 from
1474 2790 81 48 his
1593 2790 251 48 distorted
1882 2792 184 46 mouth
2106 2790 205 60 puffing
2350 2790 110 48 into
2497 2792 87 47 the
2624 2792 216 47 delicate
2879 2791 114 48 face
3032 2792 55 46 of
3125 2793 88 46 the

963 2872 273 59 physician
1265 2872 120 46 who
1416 2887 107 32 was
1555 2873 173 46 seated
1757 2872 54 46 in
1840 2872 87 47 the
1958 2872 127 47 desk
2115 2872 146 46 chair
2540 2872 160 47 bottle
2729 2872 55 46 in
2814 2888 89 43 my
2933 2873 143 47 vault
3105 2887 108 32 was

964 2954 170 45 sealed
1173 2953 55 46 in
1265 2954 156 45 bond.
1496 2953 45 47 It
1577 2968 107 32 was
1723 2953 199 58 bought
1960 2954 104 45 and
2104 2954 171 46 stored
2315 2967 148 45 away
2501 2953 178 47 before
2718 2953 349 59 boot-legging
3105 2968 107 32 was

963 3048 67 33 an
1061 3033 171 48 infant
1265 3033 253 59 industry.
1585 3032 147 50 Price
1764 3035 103 46 and
1900 3034 22 46 I
1955 3034 130 47 have
2119 3034 224 58 emptied
2376 3048 142 34 cases
2552 3034 56 47 of
2639 3035 88 46 the
2761 3036 127 46 stuff
2922 3036 103 45 and
3058 3048 155 33 never

963 3115 164 47 found
1152 3130 98 33 one
1277 3114 386 60 selfrespecting
1689 3115 265 47 headache
1978 3115 55 46 in
2059 3115 87 47 the
2170 3115 88 47 lot.
2319 3115 156 58 Why,
2501 3116 88 46 the
2616 3115 233 47 Conover
2875 3115 337 48 constitution

962 3195 42 48 is
1035 3211 54 32 as
1121 3195 205 49 famous
1357 3196 55 46 in
1441 3197 86 46 the
1556 3196 170 58 liquor
1754 3197 146 46 trade
1930 3211 55 31 as
2015 3196 87 46 the
2131 3209 160 45 paper
2319 3210 90 43 my
2439 3201 236 41 ancestor
2706 3195 176 59 signed
2914 3212 30 31 a
2972 3197 238 46 hundred

961 3290 149 44 years
1141 3278 103 46 and
1276 3291 144 33 more

1128 3378 115 46 And
1272 3379 141 54 then,
1445 3392 55 32 as
1529 3378 199 57 though
1757 3378 191 57 caught
1976 3376 55 47 in
2060 3391 31 32 a
2118 3376 153 59 panic
2301 3376 56 48 of
2385 3376 111 48 fear
2525 3378 113 46 that
2667 3377 80 47 his
2777 3378 231 46 bravado
3037 3379 175 45 would

963 3459 163 47 check
1148 3459 87 46 the
1258 3459 122 57 only
1403 3458 143 47 voice
1567 3459 112 46 that
1701 3458 153 47 could
1878 3457 159 58 speak
2060 3458 88 46 the
2169 3458 136 57 hope
2327 3458 66 47 he
2415 3458 202 54 craved,
2641 3459 66 47 he
2730 3458 203 48 choked
2956 3474 70 33 on
3048 3475 31 32 a
3103 3461 108 54 sob,

963 3541 103 45 and
1104 3545 136 41 went
1279 3555 68 31 on
1386 3539 54 47 in
1479 3554 29 30 a
1544 3538 173 59 pitiful
1756 3539 177 46 croak:

1314 3641 196 54 doctor,
1545 3655 104 45 you
1681 3639 136 49 can't
1852 3639 64 48 sit
1947 3640 144 48 there
2126 3641 102 46 and
2262 3641 87 48 tell
2383 3656 83 32 me
2499 3642 112 47 that
2645 3641 146 48 Price
2921 3644 113 46 that
3067 3642 146 47 Price

963 3722 41 47 is
1038 3722 154 60 going
1225 3727 52 42 to

1129 3823 111 47 The
1278 3827 202 43 austere
1517 3822 188 49 silence
1743 3822 55 47 of
1833 3823 89 48 the
1959 3838 149 32 room
2143 3823 140 48 lined
2320 3822 127 49 with
2485 3824 165 47 books
2689 3824 55 47 in
2782 3839 30 32 a
2849 3825 197 58 perfect
3084 3831 128 43 state

961 3904 56 47 of
1059 3904 355 60 preservation
1457 3918 107 33 was
1608 3904 187 59 hardly
1839 3904 200 47 broken
2082 3905 94 47 but
2220 3904 195 60 merely
2459 3906 181 47 etched
2684 3906 70 59 by
2797 3906 87 48 the
2927 3908 98 57 dry
3068 3908 144 46 voice
