3713 5420
2730 4195 59 44 81

878 876 132 53 The
1044 892 163 47 man,
1244 873 141 56 tiers
1421 877 194 54 under
1646 877 110 54 her

879 968 363 74 Unmoving,
1283 974 182 51 straw
1503 971 227 64 hatted,

877 1064 301 54 Common
1213 1063 233 72 cryptic
1481 1063 265 72 solitary.

881 1303 485 49 INTERMISSION

876 1480 294 73 Program
1203 1479 99 57 list
1338 1482 66 54 of
1436 1487 380 67 guarantors,

876 1575 270 71 Vaguely
1178 1573 256 59 existent
1465 1574 149 69 rich,
1648 1579 104 53 the
1782 1578 298 70 powerful
2114 1595 163 47 ones,

877 1668 205 57 Givers
1122 1671 67 53 of
1227 1670 414 71 spiritualities
1681 1678 106 49 out
1826 1672 67 54 of
1932 1671 241 56 dollars.

879 1910 202 46 FINAL
1122 1910 275 48 ENCORE

874 2087 287 71 Showery
1199 2087 287 73 clapping
1524 2087 327 72 dispersed.

874 2269 47 53 A
951 2274 244 50 concert
1226 2269 206 71 neatly
1465 2267 177 57 fitted
1671 2269 130 55 into
1829 2271 104 53 the
1964 2274 97 50 rut

872 2363 166 53 THE
1075 2362 191 55 BOSS
1303 2363 208 56 orders
1547 2365 171 53 them
1754 2363 159 55 back

871 2457 90 54 To
996 2457 174 55 clean
1204 2457 119 55 bed
1357 2473 205 39 rooms
1599 2456 312 72 porcelain
1946 2456 276 56 efficient
2258 2456 279 56 kitchens

874 2550 175 71 Strap
1088 2550 310 73 clutching
1434 2551 252 71 subway
1725 2552 230 65 stench,
1995 2550 341 73 screaming
2375 2549 26 17 ff

873 2643 257 57 Sadistic
1166 2644 236 72 slavery
1441 2646 123 54 and
1599 2650 226 50 return.

870 2826 85 54 Or
990 2844 36 37 a
1058 2827 160 54 walk
1254 2827 82 69 by
1369 2827 104 54 the
1509 2827 154 69 park
1698 2827 266 54 benches

872 2919 308 56 Prescient
1218 2921 104 53 the
1363 2919 236 55 Phallic
1636 2920 261 54 obscene

872 3014 134 70 Day
1039 3013 231 56 hidden
1300 3048 81 5 —

870 3106 291 74 Cackling
1195 3107 336 56 inuendoes
1566 3108 152 70 boys
1753 3109 125 71 hug
1912 3107 139 73 girls
2084 3142 80 5 —

867 3201 173 71 They
1071 3201 169 55 write
1271 3200 159 56 their
1461 3201 192 55 world
1683 3199 63 56 in
1779 3203 104 53 the
1918 3201 242 56 scrawls
2196 3200 67 55 of
2296 3200 237 71 privies,

868 3295 154 55 Dust
1055 3296 146 54 bare
1233 3312 166 56 grass

867 3388 258 58 Electric
1155 3389 237 70 glamor
1425 3390 66 54 of
1521 3394 126 50 tree
1680 3389 253 73 boughs.

866 3571 174 72 Huge
1074 3572 206 54 naked
1312 3572 202 54 breast
1551 3572 66 54 of
1650 3576 188 50 water

868 3664 321 55 Saturated
1226 3665 139 54 lead
1404 3665 81 69 by
1524 3682 216 38 sewers
1778 3699 79 6 —

865 3757 129 54 Red
1027 3758 122 53 and
1180 3772 181 56 green
1393 3759 155 71 glow
1582 3759 65 54 of
1678 3757 151 56 little
1861 3759 175 54 boats
2069 3757 64 54 in
2168 3775 220 38 swarm
2420 3793 80 5 —

865 3851 70 53 In
966 3849 44 55 it
1043 3868 102 37 are
1178 3853 159 53 sunk
1367 3854 103 52 the
1503 3857 170 49 stars.

864 4031 90 54 All
993 4031 312 72 obsessing
1342 4031 239 56 electric
1617 4031 253 71 capitals
