3713 5420
2599 4116 91 45 105

1410 1187 337 55 PURSUIT

1696 1400 126 40 O-hel
1859 1404 97 34 tous
1990 1412 93 26 mes
2119 1401 194 37 ennemis
2349 1408 99 33 sorit
2483 1401 200 39 deroutes

1503 1472 140 35 toutes
1677 1470 60 36 les
1771 1469 156 47 cigales
1961 1472 40 33 et
2033 1469 60 36 les
2124 1469 129 47 petits
2279 1469 242 48 millepieds

1502 1539 91 36 s'en
1628 1541 103 34 vont
1764 1536 232 47 s'enfuient
2029 1548 51 26 en
2115 1535 209 39 chantant

1503 1615 92 27 vers
1627 1605 37 37 le
1696 1604 104 38 bout
1830 1604 51 37 de
1914 1604 104 37 I'arc
2050 1615 51 26 en
2133 1604 78 38 del
2240 1603 111 38 dans
2382 1605 61 37 les
2473 1604 180 48 champs

1543 1825 46 57 I.

457 1988 25 54 I
504 2004 148 57 sang
671 1986 65 56 in
756 1990 103 54 the
881 1987 299 75 morning,
1212 1988 226 74 having
1467 1988 217 66 arisen,
1715 2007 37 38 a
1779 1988 333 74 song-bird,
2143 1990 164 55 from
2337 2008 104 53 my
2470 1991 197 55 dream-

613 2085 115 55 less
759 2085 162 71 sleep
952 2084 167 57 amid
1151 2087 103 54 the
1288 2087 283 55 shadows
1606 2086 67 56 of
1704 2088 105 53 the
1845 2086 198 71 abyss.
2120 2087 132 55 The
2286 2087 119 55 low
2440 2105 117 38 sun
2592 2088 114 54 full

612 2179 64 55 in
705 2183 104 53 the
838 2182 136 55 face
1005 2187 88 50 set
1122 2200 98 38 me
1252 2182 91 55 off
1374 2188 61 50 at
1466 2200 36 38 a
1532 2182 267 74 burning
1828 2183 196 73 flight.

456 2293 27 52 I
520 2294 293 55 searched
851 2294 98 55 for
984 2294 109 55 her
1129 2294 377 72 throughout
1543 2295 105 55 the
1686 2299 183 61 town,
1911 2295 272 55 scanned
2223 2295 80 55 all
2344 2296 184 65 faces,
2572 2300 133 50 sent

613 2387 339 56 emissaries
982 2391 400 68 everywhere.
1434 2390 92 53 No
1554 2407 116 37 one
1698 2390 198 54 found
1924 2393 126 53 her.
2101 2391 93 55 No
2224 2409 116 37 one
2368 2393 180 55 knew
2576 2394 126 52 her.

455 2495 345 72 Happiness
832 2498 102 70 lay
968 2497 208 72 firmly
1210 2515 80 39 on
1323 2517 105 53 my
1460 2500 216 54 brows.
1735 2499 25 55 I
1795 2501 267 70 scarcely
2098 2502 180 54 knew
2312 2504 125 52 her.
2496 2502 71 54 In
2598 2504 105 53 the

614 2594 119 54 end
759 2594 107 54 she
892 2611 172 38 came
1088 2599 63 50 to
1181 2612 103 53 my
1313 2595 164 56 table
1508 2597 140 65 and,
1682 2595 253 75 holding
1967 2615 103 52 my
2101 2598 185 66 hand,
2322 2599 109 54 she
2462 2597 156 56 said:

452 2736 80 5 —
555 2700 25 54 I
603 2703 156 54 have
782 2708 107 50 not
914 2703 154 71 slept
1092 2703 79 55 all
1201 2703 189 74 night.
1443 2705 25 53 I
1500 2707 156 53 have
1685 2710 107 50 not
1822 2706 156 71 slept
2008 2707 80 54 all
2120 2706 189 74 night,
2343 2725 105 53 my
2478 2706 219 67 friend,

612 2795 132 57 said
767 2799 125 53 she.
941 2797 149 72 Says
1114 2801 100 54 he:

452 2942 79 5 —
556 2908 132 54 You
716 2909 157 54 have
900 2913 108 49 not
1035 2908 171 71 slept,
1243 2910 77 53 he
1355 2926 155 53 says.
1570 2909 148 71 Says
1753 2912 99 53 he:
1908 2929 123 52 you
2066 2913 156 54 have
2254 2918 108 50 not
2397 2913 190 70 slept?

452 3016 92 55 He
574 3034 155 52 says.
787 3016 147 70 Says
966 3018 94 54 he.

1520 3273 74 55 II.

449 3431 271 74 Looking
755 3451 82 53 up
872 3434 274 56 between
1186 3436 109 55 her
1333 3441 120 50 two
1496 3437 221 72 deadly
1758 3455 164 38 arms
1964 3438 26 55 I
2031 3456 126 39 saw
2197 3442 103 53 the
2342 3440 355 57 mountains

606 3527 389 76 floundering
1020 3529 207 73 lustily
1262 3533 238 54 around
1532 3534 105 54 the
1670 3533 215 71 valley.

449 3669 76 6 —
550 3636 25 54 I
602 3637 156 54 have
782 3655 183 37 never
989 3638 154 56 been
1178 3640 135 57 able
1343 3646 62 51 to
1438 3642 230 56 endure
1699 3646 104 53 the
1836 3644 355 58 mountains
2226 3647 284 55 embrace
2544 3649 152 54 each

606 3732 190 65 other,
821 3732 25 54 I
868 3731 179 58 cried.
1071 3735 132 56 The
1228 3734 141 57 mist
1396 3740 274 54 steamed
1696 3757 83 54 up
1808 3741 165 55 from
1999 3741 158 56 their
2183 3760 183 56 green
2395 3744 297 72 arm-pits.

449 3874 75 5 —
546 3839 25 55 I
597 3840 153 55 shall
775 3858 184 38 never
982 3842 75 56 be
1083 3844 193 56 alone.
1325 3846 25 53 I
1377 3864 102 37 am
1502 3850 103 53 the
1629 3848 185 58 white
1839 3851 173 56 foam
2037 3853 68 55 of
2128 3855 104 53 the
2256 3854 144 73 long
2427 3859 269 50 cataract

604 3934 201 58 which
827 3937 162 57 from
1010 3938 329 74 beginning
1364 3947 63 51 to
1453 3945 119 54 end
1597 3943 51 57 is
1674 3950 107 51 not
1805 3948 106 55 the
1938 3949 167 54 color
2129 3950 68 55 of
2221 3955 206 51 water.
