3713 5420
912 4125 62 45 76

910 806 55 32 as
1011 791 158 47 much
1214 790 56 47 of
1313 805 132 44 your
1490 790 125 47 time
1659 805 55 31 as
1761 791 91 46 she
1896 792 154 45 cared
2095 795 53 43 to
2192 791 69 59 by
2307 790 199 59 talking
2551 790 351 58 deliberately.
2984 792 186 58 Myrtle

906 873 154 44 could
1096 870 158 48 bathe
1288 870 54 47 in
1380 870 177 59 spring
1592 875 161 42 water
1789 870 222 49 without
2049 871 271 59 suffering;
2359 873 95 47 but
2489 872 89 47 the
2612 870 305 48 irrefutable
2953 871 106 49 fact
3094 887 50 32 re-

907 953 209 47 mained
1149 953 112 47 that
1294 953 145 47 there
1472 967 107 33 was
1614 950 296 62 frequently
1943 968 30 32 a
2008 957 176 55 strong
2217 955 129 45 odor
2380 953 174 47 which
2587 967 147 33 came
2769 953 138 47 from
2942 953 228 58 Myrtle's

908 1034 234 59 armpits.

1073 1156 111 47 The
1211 1155 207 60 general
1443 1154 170 61 picnic
1640 1155 149 60 spirit
1812 1155 298 49 continued.
2171 1157 147 59 They
2345 1159 174 45 would
2547 1159 64 46 be
2639 1162 51 42 at
2717 1157 242 59 Buckeye
2987 1157 184 60 Spring

907 1237 55 46 in
1009 1237 179 47 fifteen
1234 1237 242 47 minutes.
1562 1237 98 55 Oh,
1708 1237 140 57 look,
1896 1239 89 47 the
2032 1238 326 48 columbines
2406 1255 135 32 were
2590 1240 103 47 still
2741 1243 221 56 perfect!
3054 1238 117 49 And

906 1319 124 58 they
1066 1319 106 46 had
1208 1320 185 46 seeded
1430 1319 55 47 in
1519 1320 88 46 the
1644 1320 169 59 valley
1850 1325 104 42 two
1990 1320 172 47 weeks
2201 1322 113 58 ago!
2389 1322 112 46 The
2537 1322 128 45 bull!
2740 1322 112 46 The
2888 1322 129 46 bull!
3060 1359 10 9 .
3110 1359 9 9 .
3161 1359 9 9 .

907 1400 341 48 Wurtelbach
1292 1402 266 58 promptly
1602 1402 282 56 advanced,
1930 1401 156 48 while
2128 1403 88 46 the
2262 1403 121 59 girls
2429 1404 224 47 crawled
2695 1403 137 47 back
2876 1404 166 46 under
3084 1404 87 47 the

908 1482 197 47 barbed
1138 1481 127 49 wire
1298 1483 295 58 nervously.
1661 1483 112 47 The
1807 1484 152 46 brute
1993 1483 188 48 kicked
2216 1498 71 45 up
2322 1485 144 46 clods
2502 1485 56 47 of
2592 1497 144 47 grass
2773 1486 104 45 and
2911 1486 104 47 dirt
3049 1502 121 32 over

906 1562 81 48 his
1023 1563 234 60 swaying
1292 1577 171 46 rump.
1532 1564 343 49 Wurtelbach
1909 1564 248 49 collected
2193 1566 154 47 rocks
2382 1566 128 47 with
2548 1581 68 32 an
2651 1566 204 47 inward
2892 1567 278 57 emphasis.

907 1646 149 46 Then
1080 1646 66 47 he
1168 1646 169 59 began
1360 1646 276 60 throwing,
1662 1646 133 49 until
1820 1662 99 33 one
1943 1647 127 48 rock
2095 1647 79 48 hit
2197 1649 89 46 the
2308 1649 112 46 bull
2444 1663 69 32 on
2540 1663 29 32 a
2593 1649 310 59 protruding
2927 1650 245 47 shoulder

906 1726 149 47 bone.
1120 1728 112 47 The
1262 1728 109 46 bull
1402 1729 255 47 retreated
1688 1729 134 48 back
1855 1740 191 49 among
2075 1730 88 48 the
2192 1734 149 52 trees,
2372 1729 259 61 vibrating
2662 1732 104 46 and
2798 1731 216 60 sending
3044 1731 128 48 little

907 1809 211 58 pebbles
1143 1810 188 58 rolling
1355 1811 158 46 down
1536 1811 89 47 the
1650 1811 109 46 hill.
1819 1811 342 49 Wurtelbach
2187 1811 281 50 continued
2495 1817 52 44 to
2573 1814 187 55 throw,
2787 1815 121 46 thus
2935 1814 237 59 assuring

908 1891 110 47 safe
1050 1892 226 47 conduct
1307 1892 83 47 for
1423 1893 82 47 his
1538 1907 221 34 women.

1076 2028 150 47 Then
1266 2043 149 33 came
1456 2029 114 47 half
1612 2044 30 32 a
1683 2030 123 47 mile
1847 2030 58 46 of
1944 2032 188 58 tangle,
2176 2032 173 47 where
2391 2032 89 47 the
2520 2032 120 47 trail
2683 2048 106 32 was
2832 2033 180 59 nearly
3055 2034 115 54 lost,

908 2109 132 48 until
1067 2109 40 49 it
1133 2110 165 48 broke
1324 2110 110 48 into
1463 2110 96 47 full
1589 2110 129 49 view
1748 2111 56 48 of
1830 2112 88 47 the
1946 2111 317 48 mountains.
2308 2113 147 59 They
2483 2115 164 45 rolled
2677 2129 148 45 away
2854 2115 316 55 blue-black,

908 2192 103 47 like
1046 2192 88 48 the
1171 2192 214 48 faithful
1419 2187 163 55 backs
1618 2193 56 48 of
1709 2194 285 59 elephants.
2068 2196 158 46 From
2264 2210 175 33 across
2476 2197 86 46 the
2598 2197 169 58 valley
2801 2198 125 58 they
2962 2203 86 53 got
3084 2198 88 47 the

908 2275 278 48 broadside
1225 2275 56 47 of
1318 2275 214 60 Craggy.
1606 2276 170 60 Every
1815 2291 98 33 one
1950 2277 189 48 waited
2176 2277 83 47 for
2297 2277 162 56 Anne,
2501 2280 103 45 and
2642 2280 155 46 when
2837 2280 91 47 she
2968 2281 203 47 arrived

908 2356 92 47 she
1033 2370 107 34 was
1172 2357 282 58 chagrined
1486 2363 52 42 at
1568 2357 154 60 being
1754 2358 188 48 waited
1975 2358 97 47 for.
2140 2358 114 48 You
2286 2360 155 46 could
2474 2359 190 60 plunge
2695 2361 174 48 words
2902 2362 129 59 deep
3063 2361 109 47 into

909 2437 161 48 Anne.
1149 2439 154 46 Some
1344 2438 130 48 little
1516 2439 340 48 half-uttered
1899 2444 239 43 sentence
2181 2440 127 47 with
2350 2441 87 48 the
2480 2442 491 49 man-and-woman
3014 2445 158 46 about

909 2519 38 48 it
977 2556 10 9 .
1027 2555 10 10 .
1077 2556 10 9 .
1117 2534 106 45 you
1249 2520 155 48 could
1432 2520 70 48 let
1530 2519 38 49 it
1596 2520 133 59 drop
1759 2521 103 47 and
1891 2520 101 48 feel
2021 2536 118 32 sure
2168 2523 114 47 that
2310 2522 40 48 it
2378 2524 176 46 would
2582 2524 65 47 be
2675 2524 187 59 picked
2892 2539 85 45 up.
3026 2524 146 49 Anne

910 2616 106 32 was
1055 2601 103 48 like
1195 2616 31 31 a
1262 2602 129 58 deep
1430 2602 140 59 pool:
1629 2617 103 44 you
1771 2603 156 48 could
1964 2603 171 48 throw
2174 2603 54 48 in
2268 2619 30 32 a
2336 2605 186 58 pebble
2562 2640 10 11 .
2612 2642 10 9 .
2662 2642 10 10 .
2711 2606 146 47 there
2895 2607 176 47 would
3109 2608 63 47 be

908 2696 31 32 a
970 2683 129 47 little
1132 2682 167 59 ripple
1334 2719 10 10 .
1383 2720 11 10 .
1434 2719 10 11 .
1479 2684 104 46 and
1615 2684 127 48 then
1773 2684 88 48 the
1894 2684 186 60 pebble
2112 2685 175 48 would
2321 2686 66 47 lie
2419 2686 160 47 there.
2648 2688 175 47 When
2856 2687 148 49 Anne
3037 2693 135 43 went

908 2764 109 47 into
1053 2765 94 46 her
1180 2779 150 32 room
1366 2770 53 43 at
1451 2765 149 59 night
1636 2767 104 46 and
1775 2767 122 48 shut
1930 2767 88 47 the
2053 2767 145 56 door,
2232 2782 105 45 you
2372 2768 93 48 felt
2498 2769 114 47 that
2646 2769 39 47 it
2720 2784 107 33 was
2863 2770 155 60 being
3053 2772 119 47 shut

908 2844 126 49 with
1071 2844 303 49 sullenness.
1443 2845 148 50 Anne
1625 2862 108 33 was
1767 2853 92 43 not
1894 2847 392 60 good-looking;
2323 2849 41 49 it
2397 2865 108 32 was
2541 2851 263 60 generally
2841 2854 185 57 agreed
3060 2852 112 50 that

909 2927 91 48 she
1036 2928 175 47 would
1247 2943 155 33 never
1439 2943 192 45 marry.

1074 3050 175 47 When
1286 3050 123 59 they
1447 3052 223 47 reached
1708 3053 87 46 the
1834 3053 158 56 Flats,
2031 3054 342 47 Wurtelbach
2412 3054 228 48 sneaked
2678 3070 150 44 away
2866 3061 53 42 to
2959 3057 213 46 observe

906 3131 88 48 the
1024 3130 185 60 ridges.
1276 3131 368 60 Thirty-seven
1673 3134 155 47 could
1859 3135 64 46 be
1955 3148 122 34 seen
2110 3134 138 48 from
2280 3136 123 47 here
2434 3151 70 32 on
2535 3153 32 31 a
2595 3137 139 48 clear
2763 3138 119 59 day.
2948 3138 192 48 Wurtel-

908 3212 135 47 bach
1072 3215 226 46 counted
1328 3215 184 48 twelve
1542 3214 180 49 before
1752 3216 67 47 he
1850 3216 223 59 thought
2103 3222 54 42 to
2187 3218 138 46 close
2355 3218 83 46 his
2470 3232 133 44 eyes.
2669 3219 175 48 When
2875 3221 66 47 he
2972 3219 200 60 opened

908 3295 145 46 them
1079 3295 168 59 again,
1273 3297 66 47 he
1364 3296 188 59 picked
1577 3312 99 32 one
1700 3297 129 48 little
1856 3297 157 49 white
2040 3298 119 48 roof
2183 3298 100 48 five
2309 3298 149 49 miles
2484 3301 157 47 down
2666 3302 89 46 the
2779 3302 184 59 valley.
3025 3303 147 47 Then

908 3374 66 50 he
1004 3375 160 49 sailed
1193 3376 139 48 from
1360 3378 125 47 here
1513 3384 53 42 to
1596 3379 144 47 there
1770 3380 54 46 in
1855 3394 30 32 a
1913 3379 238 57 bee-line,
2182 3381 104 47 and
2316 3393 191 47 among
2535 3383 88 46 the
2653 3382 185 58 ridges.
2901 3384 112 48 The
3042 3385 130 48 thin,

910 3459 133 47 dead
1087 3458 77 47 air
1208 3460 154 47 made
1405 3460 113 47 him
1563 3459 99 48 feel
1706 3462 89 46 the
1839 3462 293 59 pulse-beat
2175 3462 56 47 in
2273 3462 81 48 his
2400 3479 129 32 ears.
2608 3465 128 47 Two
2781 3468 213 46 months
3041 3467 131 48 after

909 3540 103 47 this
1054 3540 341 47 Wurtelbach
1436 3556 107 31 was
1583 3542 148 45 dead.

1997 3749 87 43 III.

1077 3881 102 46 For
1210 3895 32 32 a
1273 3880 102 48 few
1405 3886 147 44 notes
1583 3883 88 48 the
1701 3883 142 48 band
1874 3884 235 61 chugged
2141 3885 54 48 in
2226 3886 207 57 unison,
2468 3890 102 46 and
2601 3890 127 47 then
2759 3889 39 48 it
2829 3891 163 47 broke
3026 3904 146 44 away

911 3962 168 58 again,
1121 3963 70 46 all
1229 3964 89 47 the
1359 3964 130 48 little
1528 3970 143 55 parts
1711 3965 163 62 flying
1915 3968 77 47 off
2032 3967 422 62 independently.
2530 3971 138 49 That
2707 3987 109 33 was
2856 3971 128 58 jazz.
3061 3974 111 46 The
