3713 5420
1001 741 408 47 reverberations
1436 741 138 46 from
1599 742 87 46 the
1713 746 194 43 streets.
2068 753 149 48 game
2242 743 55 47 of
2542 745 103 46 and
2889 743 88 47 the
3004 742 248 46 Thunder

1191 823 120 58 help
1348 828 53 41 to
1438 824 169 45 round
1644 827 105 51 out,
1786 823 82 46 for
1905 838 77 41 us,
2019 838 68 33 an
2123 825 202 47 evasive
2361 826 317 58 personality
2716 824 173 49 which
2926 825 140 46 loves
3104 824 148 46 futile

1000 907 228 55 gestures
1268 919 55 32 as
1363 904 158 47 much
1562 919 54 32 as
1656 904 39 47 it
1732 905 123 46 does
1895 905 237 58 polished
2170 921 187 32 verses.
2430 908 94 45 Mr.
2566 908 138 48 Eliot
2740 907 43 47 is
2822 921 125 45 very
2985 906 263 60 quotable;

999 984 87 48 the
1120 985 99 48 last
1250 998 155 45 poem
1440 999 223 46 escapes,
1699 1001 58 32 or
1792 986 174 47 rather
2002 987 190 59 eludes,
2226 1001 143 45 upon
2403 1003 31 32 a
2466 994 120 42 note
2621 989 55 47 of
2709 988 276 48 rebellious
3021 986 227 59 fantasy:

1535 1189 364 60 Dayadhvam:
1960 1191 22 47 I
2023 1192 133 46 have
2196 1192 162 46 heard
2398 1192 88 47 the
2528 1192 100 59 key

1531 1272 145 46 Turn
1707 1272 54 48 in
1791 1272 88 48 the
1910 1272 128 48 door
2070 1274 103 46 and
2203 1277 122 44 turn
2356 1287 129 34 once

1001 1392 176 46 whose
1219 1407 219 32 manner
1480 1394 102 45 and
1626 1393 147 59 spirit
1813 1393 43 48 is
1909 1393 262 49 delicious.
2253 1394 114 48 And
2413 1396 94 46 Mr.
2554 1395 139 48 Eliot
2736 1396 179 47 retires
2960 1396 55 46 in
3059 1411 68 31 an
3170 1395 50 46 in-

999 1473 257 47 scrutable
1302 1468 152 61 (shall
1491 1489 77 32 we
1607 1469 146 63 say?)
1797 1475 151 46 mask
1987 1475 55 47 of
2080 1475 200 56 Italian,
2319 1476 218 55 French,
2579 1475 235 49 Sanskrit
2852 1477 103 46 and
2992 1490 257 33 nonsense

999 1553 257 59 syllables.

1165 1636 110 46 The
1320 1635 192 48 iambic
1554 1641 321 54 pentameter
1919 1637 43 48 is
2008 1638 175 47 rather
2228 1637 56 48 of
2327 1639 240 46 Webster
2612 1640 102 45 and
2762 1639 214 54 Jonson,
3021 1640 130 45 than
3195 1638 55 47 of

999 1714 372 60 Shakespeare;
1408 1716 31 47 i.
1474 1732 60 41 e.,
1568 1718 88 47 the
1688 1717 129 48 lines
1852 1732 87 33 are
1972 1718 359 47 embroidered
2366 1719 103 47 and
2504 1732 274 45 pompous,
2812 1720 88 47 the
2933 1718 195 60 images
3164 1733 87 32 are

997 1796 191 49 violent
1222 1812 59 32 or
1315 1798 286 58 bantering.
1671 1799 94 47 Yet
1799 1799 80 47 his
1915 1800 227 59 prosody
2177 1801 103 45 and
2314 1799 196 48 diction
2545 1815 86 33 are
2666 1800 271 60 strikingly
2974 1801 55 47 in
3064 1800 185 46 accord

998 1878 125 47 with
1159 1894 95 32 our
1291 1895 119 31 own
1443 1885 191 54 tempo,
1672 1895 119 33 save
1826 1881 113 47 that
1972 1881 147 50 there
2153 1881 42 47 is
2231 1882 88 46 the
2355 1881 229 47 familiar
2627 1876 122 62 (and
2785 1883 169 58 sorely
2988 1877 253 62 imitated)

996 1959 75 46 air
1126 1959 55 46 of
1232 1961 203 58 cynical
1487 1961 331 59 resignation,
1872 1961 56 48 of
1981 1961 342 61 inexplicable
2376 1963 139 56 hurt,
2570 1963 174 47 which
2796 1964 43 47 is
2893 1963 355 48 remembered

998 2042 223 58 perhaps
1251 2057 56 31 as
1335 2043 88 46 the
1449 2043 274 47 dominant
1750 2044 122 47 trait
1900 2044 56 47 of
1983 2045 95 45 Mr.
2109 2044 151 48 Eliot.
2325 2045 158 47 From
2512 2046 87 47 the
2628 2060 123 44 very
2780 2044 113 49 first
2920 2045 119 56 line,

998 2122 42 47 is
1085 2123 88 47 the
1216 2124 220 47 cruelest
1761 2130 54 42 to
1859 2126 88 46 the
1989 2126 237 47 ultimate
2272 2126 212 47 evasion
2527 2127 56 46 of
2627 2127 89 47 the
2761 2127 309 59 concluding
3117 2127 130 47 lines

997 2203 56 46 of
1078 2204 87 47 the
1192 2205 100 47 last
1319 2219 154 44 poem
1500 2221 78 32 we
1605 2206 132 47 have
1765 2207 87 47 the
1879 2207 240 47 troubled
2148 2207 162 47 strain
2336 2207 56 47 of
2417 2209 260 57 Prufrock
2706 2208 165 58 again.
2934 2209 126 46 This
3089 2209 42 45 is
3160 2209 88 45 the

999 2285 388 59 New-England
1430 2287 95 45 Mr.
1572 2287 137 47 Eliot
1767 2288 121 46 who
1949 2288 94 47 has
2104 2289 275 46 embraced
2423 2289 216 58 English
2683 2290 200 47 culture
2943 2291 104 45 and
3092 2291 123 57 good-

997 2381 261 41 manners,
1303 2368 119 46 who
1467 2368 174 47 swims
1686 2370 288 58 reverently
2017 2370 87 46 the
2148 2370 221 47 London
2413 2370 101 59 fog.
2595 2370 78 48 He
2716 2370 43 48 is
2803 2370 297 60 reiterating
3143 2370 103 48 this

997 2448 156 45 mood
1190 2448 152 47 when
1380 2449 65 47 he
1481 2449 190 47 writes:

1551 2570 133 47 shall
1710 2585 78 32 we
1817 2573 66 44 do
1911 2573 314 45 tomorrow?
2275 2573 160 46 What
2463 2572 132 46 shall
2624 2588 77 31 we
2730 2588 116 31 ever
2876 2573 99 45 do?

1728 2651 111 48 The
1870 2651 92 49 hot
1993 2657 160 42 water
2187 2658 50 43 at
2267 2657 102 43 ten.

1329 2731 114 46 And
1483 2731 41 47 if
1561 2733 39 45 it
1637 2733 157 55 rains,
1833 2748 32 31 a
1901 2734 173 46 closed
2112 2749 88 32 car
2239 2740 52 41 at
2330 2734 133 47 four.

1327 2812 115 47 And
1475 2828 78 32 we
1586 2813 133 47 shall
1751 2815 121 58 play
1906 2829 31 32 a
1967 2826 149 46 game
2150 2815 55 46 of
2236 2816 164 55 chess,

1327 2894 241 59 Pressing
1592 2894 175 48 lidless
1793 2910 117 44 eyes
1937 2897 103 45 and
2065 2896 211 59 waiting
2302 2896 80 47 for
2410 2911 29 32 a
2464 2897 175 47 knock
2664 2911 143 44 upon
2833 2899 87 45 the

997 3012 110 48 One
1153 3015 173 45 would
1371 3020 92 42 not
1507 3016 125 46 hold
1678 3017 127 47 such
1848 3016 131 48 lines
2026 3018 201 58 against
2270 3032 31 31 a
2345 3018 101 47 less
2489 3018 161 59 gifted
2695 3019 303 47 craftsman.
3077 3020 169 46 There

994 3109 86 32 are
1109 3110 56 31 so
1194 3094 101 48 few
1324 3101 145 53 poets
1498 3097 176 46 whom
1703 3112 77 32 we
1809 3103 179 53 expect
2016 3104 92 41 not
2136 3103 53 42 to
2217 3104 177 53 repeat
2421 3099 329 48 themselves!
2815 3100 100 47 But
2943 3101 22 46 I
2994 3100 112 48 fear
3133 3100 113 47 that

995 3175 37 47 it
1068 3176 42 46 is
1147 3176 251 59 precisely
1436 3177 53 47 in
1524 3176 81 50 his
1642 3183 136 43 most
1814 3179 152 47 facile
2002 3185 259 41 moments
2297 3181 114 46 that
2446 3181 66 46 he
2548 3181 94 47 has
2682 3182 249 57 appealed
2969 3187 136 42 most
3142 3182 102 46 and

994 3254 127 49 been
1155 3263 137 42 most
1324 3258 208 46 echoed.
1599 3259 94 47 His
1727 3260 106 47 real
1866 3259 315 58 distinction,
2215 3261 82 47 his
2330 3261 323 47 indubitable
2685 3267 228 54 mastery
2946 3262 56 47 of
3036 3278 30 31 a
3098 3263 146 58 style,

994 3338 131 48 have
1160 3340 132 46 been
1326 3355 145 31 more
1507 3341 225 46 difficult
1768 3346 53 42 to
1859 3342 169 55 assail,
2065 3343 241 46 however
2342 3345 243 45 removed
2622 3344 66 46 he
2724 3358 123 44 may
2882 3345 63 46 be
2982 3344 138 47 from
3157 3345 86 46 the

994 3419 98 46 less
1128 3419 221 59 grateful
1384 3420 206 48 climate
1624 3421 57 47 of
1714 3423 218 46 modern
1967 3423 252 47 America.

2964 3508 66 45 M.
3065 3507 42 46 J.

1127 3743 231 57 Grateful
1388 3743 482 59 acknowledgment
1901 3746 41 45 is
1973 3745 152 46 made
2157 3751 50 41 to
2238 3746 89 48 Dr.
2359 3747 63 46 H.
2455 3748 45 46 J.
2533 3747 231 59 Spinden
2796 3750 56 57 of
2884 3749 85 46 the
2998 3748 244 58 Peabody

991 3822 254 61 Museum,
1279 3826 139 56 from
1455 3825 175 47 whose
1665 3826 247 47 excellent
1947 3827 137 46 book
2119 3842 68 32 on
2223 3828 154 59 Maya
2410 3834 79 42 art
2524 3835 135 42 most
2695 3832 55 56 of
2786 3831 84 46 the
2906 3830 336 47 illustrations

992 3907 124 46 used
1147 3908 51 45 in
1230 3907 101 47 this
1362 3907 136 47 issue
1528 3909 55 57 of
1612 3908 241 48 BROOM
1883 3909 131 46 have
2046 3910 129 45 been
2206 3911 334 56 reproduced.

1044 4048 177 41 Printed
1246 4051 55 47 by
1329 4050 116 40 Rich
1472 4050 183 40 Labisch
1683 4053 34 37 &
1746 4053 84 46 Co.,
1859 4053 264 48 Graphisclie
2150 4054 300 39 Kunstanstalt
2476 4055 44 38 G.
2537 4065 55 29 m.
2612 4054 36 41 b.
2667 4054 65 49 H.,
2759 4054 143 40 Berlin
2930 4054 258 49 (Germany)
