3713 5420
930 4066 89 46 104

925 757 112 48 face
1074 757 54 46 of
1168 757 79 47 his
1286 756 120 49 wife
1443 771 106 33 was
1588 757 105 47 real
1730 761 52 43 to
1822 756 109 48 him
1971 772 55 32 as
2065 758 90 47 she
2193 757 203 57 looked,
2437 758 257 61 frowning
2733 757 273 60 anxiously
3045 772 121 32 over

924 840 87 46 the
1045 840 124 57 edge
1203 838 56 47 of
1292 840 92 45 her
1419 840 150 57 glass,
1606 839 102 45 and
1742 839 182 46 smiled
1960 853 30 32 a
2025 839 226 47 strained
2286 840 147 47 smile
2469 856 55 31 as
2558 841 81 47 his
2673 856 117 44 eyes
2825 845 106 43 met
2965 841 134 46 hers.

1091 939 118 49 "It's
1257 941 68 48 all
1369 939 152 60 right,
1808 940 91 48 she
1944 940 127 55 said,
2117 941 229 59 nodding
2391 943 92 46 her
2528 943 148 55 head,
2725 944 102 45 and
2874 943 164 46 under
3086 940 80 47 his

923 1023 206 46 sombre
1159 1034 122 47 gaze
1311 1022 87 47 the
1430 1021 110 48 fear
1571 1022 164 47 ebbed
1767 1021 138 48 from
1937 1022 93 47 her
2061 1037 131 44 eyes,
2225 1024 103 46 and
2361 1024 90 47 she
2481 1025 190 58 caught
2701 1026 93 46 her
2825 1025 183 46 breath
3040 1022 125 47 with

925 1120 29 31 a
991 1105 107 47 sob.
1167 1105 111 46 The
1315 1105 126 46 stuff
1477 1104 54 46 in
1565 1105 80 46 his
1683 1105 133 59 glass
1851 1105 253 59 suddenly
2142 1105 142 47 filled
2320 1106 109 46 him
2465 1106 125 48 with
2628 1122 30 32 a
2693 1107 109 47 sick
2838 1106 226 48 distaste.

1352 1208 87 46 the
1479 1206 115 48 Hell
1629 1206 90 48 did
1758 1208 21 46 I
1818 1212 81 54 get
2147 1208 65 46 he
2249 1208 242 58 growled,
2528 1208 212 59 looking
2777 1209 157 45 down
2971 1222 69 32 on
3078 1207 87 47 the

924 1291 182 46 brown
1144 1289 129 48 fluid
1310 1290 114 47 that
1463 1291 202 46 seemed
1704 1294 52 43 to
1794 1289 112 47 him
1943 1295 52 42 to
2035 1290 167 58 gleam
2240 1290 297 59 mockingly
2576 1290 132 47 back
2750 1296 51 41 at
2838 1290 127 47 him.

1089 1385 159 45 Maud
1281 1384 221 58 laughed
1538 1384 196 58 shrilly.
1803 1383 106 47 Her
1942 1384 156 58 laugh
2133 1386 103 44 had
2272 1399 29 31 a
2334 1384 233 47 thinness
2602 1386 54 45 in
2690 1386 319 56 unexpected
3044 1398 90 32 con-

923 1471 128 42 trast
1083 1472 52 41 to
1170 1468 92 45 her
1297 1466 111 47 rich
1445 1466 248 58 speaking
1726 1466 157 46 voice.

1092 1557 188 50 "Don't
1316 1574 104 44 you
1457 1560 157 47 know
1651 1574 132 44 your
1822 1575 119 31 own
1977 1561 199 45 brand?
2250 1561 150 54 Well,
2437 1559 154 48 that's
2630 1565 169 54 pretty
2836 1562 148 57 good.
3059 1560 46 47 If
3143 1561 20 45 I

924 1656 134 32 were
1087 1656 120 43 you,
1239 1641 160 55 Price,
1433 1640 74 48 I'd
1538 1646 82 53 get
1648 1646 52 42 to
1732 1642 113 46 bed.
1911 1641 150 55 Here,
2094 1657 142 31 some
2268 1641 56 47 of
2353 1657 103 43 you
2487 1642 129 59 boys
2648 1643 119 58 help
2799 1643 110 46 him
2940 1643 224 58 upstairs

922 1723 103 46 and
1054 1723 77 46 off
1159 1723 127 46 with
1315 1723 80 47 his
1424 1723 211 47 clothes.
1699 1723 145 46 Look
1876 1729 51 41 at
1956 1723 112 47 that
2097 1728 130 50 coat,
2258 1723 105 47 will
2391 1738 119 44 you,
2542 1724 68 46 all
2638 1723 75 48 ice
2744 1724 151 47 when
2924 1725 64 47 he
3018 1739 146 33 came

922 1805 54 46 in
1017 1806 103 45 and
1159 1820 119 31 now
1317 1803 81 48 it's
1439 1805 243 58 dripping
1721 1810 158 41 water
1921 1806 69 57 by
2029 1806 87 46 the

1090 1896 275 49 Gonover's
1397 1904 263 41 comment
1689 1913 106 32 was
1827 1904 51 42 to
1909 1898 120 58 pick
2060 1912 70 45 up
2163 1898 80 48 his
2275 1900 134 57 glass
2442 1900 102 46 and
2573 1899 127 59 fling
2729 1900 38 47 it
2797 1900 108 47 into
2937 1901 87 47 the
3055 1900 108 46 fire.

923 1981 169 46 There
1125 1995 106 32 was
1268 1994 31 33 a
1330 1981 221 46 muffled
1583 1982 168 54 crash,
1788 1995 30 32 a
1849 1981 108 46 hiss
1988 1982 114 45 that
2134 1995 107 33 was
2273 1981 103 46 like
2411 1996 30 31 a
2473 1987 82 41 cat
2589 1982 225 59 spitting,
2850 1983 102 45 and
2986 1983 55 46 in
3073 1983 89 46 the

923 2063 148 46 heart
1093 2062 56 47 of
1172 2063 87 47 the
1283 2062 208 59 roaring
1516 2063 107 58 logs
1651 2074 188 47 sprang
1864 2077 30 32 a
1917 2067 329 54 transparent
2269 2063 119 46 blue
2412 2064 168 46 flame.
2642 2064 231 46 Conover
2899 2064 264 59 staggered

923 2148 53 43 to
1015 2144 80 47 his
1136 2144 101 48 feet
1277 2145 101 46 and
1418 2144 255 59 glowered
1711 2158 141 44 upon
1890 2145 143 46 them
2072 2144 81 46 all.

1316 2253 86 33 are
1435 2253 103 44 you
1571 2239 69 45 all
1673 2237 174 60 sitting
1879 2239 143 47 there
2054 2237 239 60 grinning
2328 2244 51 42 at
2410 2254 83 32 me
2526 2239 113 47 for?
2710 2239 139 60 Why
2882 2238 145 50 don't
3059 2254 102 45 you

923 2322 87 45 tell
1043 2335 83 33 me
1161 2321 142 46 what
1337 2321 21 45 I
1394 2325 141 42 want
1567 2325 51 42 to
1654 2320 188 46 know?
1913 2319 234 48 Where's
2181 2335 89 45 my

1089 2415 168 47 There
1297 2430 106 31 was
1446 2430 30 30 a
1515 2414 226 59 panicky
1783 2420 295 42 movement
2119 2421 237 53 amongst
2395 2417 86 46 the
2523 2416 159 58 pallid
2722 2421 169 54 guests
2933 2419 103 44 and
3075 2418 88 46 the

924 2496 200 48 sudden
1169 2496 91 47 stir
1303 2496 256 47 disclosed
1604 2497 217 46 another
1866 2511 125 31 man
2034 2498 119 45 who
2200 2502 78 42 sat
2322 2498 246 46 slouched
2612 2497 55 47 in
2712 2513 31 32 a
2783 2498 187 48 morris
3016 2499 145 47 chair

923 2578 172 46 which
1126 2592 106 32 was
1264 2579 182 45 drawn
1475 2579 137 45 close
1642 2577 174 47 beside
1848 2579 87 46 the
1965 2578 106 46 fire.
2138 2578 41 45 A
2210 2579 292 57 suggestion
2533 2579 56 47 of
2619 2580 163 58 youth
2813 2579 154 48 dwelt
2999 2594 128 33 some-

924 2661 172 46 where
1137 2660 53 46 in
1230 2660 111 46 him
1380 2661 93 45 but
1512 2660 80 46 his
1635 2660 113 46 face
1787 2673 107 33 was
1936 2660 103 46 soft
2080 2661 102 45 and
2224 2662 213 45 swollen
2476 2661 102 46 like
2620 2661 275 47 Gonover's
2938 2663 102 45 and
3081 2662 82 47 his

922 2741 127 48 flesh
1087 2741 199 59 sagged.
1356 2741 68 47 As
1457 2742 87 47 the
1576 2741 224 58 firelight
1834 2741 176 48 struck
2043 2755 142 45 upon
2219 2741 52 55 it,
2305 2742 64 47 he
2404 2743 191 46 started
2629 2741 399 61 spasmodically
3062 2743 101 46 and

923 2823 80 48 his
1038 2838 116 44 eyes
1188 2824 200 57 opened
1421 2838 69 32 on
1522 2824 87 47 the
1642 2822 221 48 massive
1895 2822 128 47 bulk
2057 2823 55 47 of
2142 2822 146 48 Price
2323 2823 232 47 Gonover
2588 2825 118 46 who
2738 2825 194 57 tiptoed
2965 2825 198 46 toward

924 2905 125 47 him.
1121 2906 111 46 The
1269 2905 150 48 latter
1458 2920 144 32 came
1640 2910 53 42 to
1733 2920 67 31 an
1839 2905 188 59 abrupt
2064 2905 110 47 halt
2213 2920 55 31 as
2306 2905 86 47 the
2430 2905 175 47 dulled
2645 2921 116 43 eyes
2801 2906 56 46 of
2894 2908 87 46 the
3017 2908 147 46 other

923 2988 137 46 fixed
1096 3002 143 44 upon
1275 2987 126 46 him.
1472 2988 109 46 The
1618 2998 174 48 young
1829 3001 125 32 man
1990 2988 238 58 laughed.

1264 3098 56 32 so
1358 3080 82 50 it's
1479 3097 118 44 you,
1637 3081 129 47 Dad.
1838 3080 188 50 You're
2062 3087 92 43 not
2192 3082 152 59 going
2381 3087 52 43 to
2471 3082 78 48 hit
2585 3098 83 32 me
2707 3097 54 34 as
2799 3083 131 46 hard
2970 3097 54 32 as
3063 3097 100 45 you

922 3165 88 46 did
1043 3164 149 60 night
1222 3164 179 48 before
1432 3164 114 56 last,
1582 3179 85 32 are
1701 3165 135 57 you?
1909 3164 116 59 Say,
2059 3179 102 44 you
2194 3162 165 50 didn't
2391 3164 151 48 think
2576 3164 22 46 I
2630 3164 168 48 drank
2833 3180 100 44 any
2966 3164 56 47 of
3053 3164 112 47 that

923 3247 235 59 bootleg?
1228 3247 137 46 That
1397 3261 107 32 was
1540 3244 220 60 Henry's
1794 3246 149 46 flask.
2013 3246 212 56 Honest,
2262 3247 21 45 I
2316 3261 156 32 never
2506 3247 222 46 touched
2765 3262 29 31 a
2827 3247 129 58 drop
2991 3247 56 45 of
3079 3247 85 47 the

925 3330 140 46 stuff.
1138 3329 45 47 It
1219 3333 139 42 must
1394 3329 132 46 have
1562 3329 132 45 been
1728 3329 87 45 the
1852 3329 177 57 punch
2067 3343 104 43 you
2208 3329 189 45 landed
2435 3343 69 31 on
2542 3344 82 31 me
2661 3330 113 46 that
2811 3334 93 53 put
2940 3343 82 31 me
3059 3333 103 41 out.

923 3413 159 45 What
1113 3411 68 46 do
1212 3424 104 44 you
1349 3424 92 44 say
1470 3425 78 32 we
1580 3410 176 55 shake,

1090 3504 147 47 Price
1278 3505 248 54 Conover,
1567 3504 87 47 the
1695 3504 154 56 elder,
1892 3505 227 46 sneered.

1188 3613 225 44 suppose
1454 3600 22 45 I
1518 3597 165 48 didn't
1724 3604 172 53 tramp
1938 3600 159 46 about
2137 3605 88 42 ten
2266 3601 147 47 miles
2456 3600 54 47 in
2551 3601 87 46 the
2681 3615 143 33 snow
2865 3601 99 46 last
3005 3599 159 59 night,

924 3681 181 54 either;
1140 3682 102 45 and
1274 3681 108 47 talk
1414 3686 81 42 rot
1526 3681 126 47 with
1685 3696 30 31 a
1745 3681 175 47 bunch
1952 3681 56 47 of
2037 3697 153 43 crazy
2223 3682 220 47 fanatics
2474 3696 71 45 up
2578 3683 143 46 there
2753 3682 55 46 in
2838 3683 87 46 the
2955 3681 208 47 woods?

924 3764 150 56 Well,
1115 3778 144 32 some
1297 3777 98 33 one
1432 3777 98 33 can
1568 3768 83 53 get
1689 3778 83 32 me
1813 3764 217 46 another
2069 3764 150 58 glass,
2261 3765 101 45 and
2402 3764 75 46 fill
2516 3764 53 56 it,
2611 3766 103 45 and
2754 3763 131 48 we'll
2926 3779 82 31 see
3048 3764 118 46 who

924 3859 97 32 can
1060 3849 81 52 get
1177 3844 87 48 the
1303 3843 250 48 drunkest
1588 3843 179 49 before

2203 3940 258 45 Robert
2498 3940 205 45 Alden
2743 3940 290 45 Sanborn
