3713 5420
1002 4059 63 45 88

1004 757 119 31 over
1154 742 87 46 the
1270 742 160 46 lower
1461 747 115 52 part
1607 742 54 45 of
1692 742 85 46 the
1811 742 132 46 wall.
2011 742 226 60 Directly
2270 744 161 48 above
2462 745 101 47 this
2595 747 212 45 shadow
2838 747 42 47 is
2914 763 28 30 a
2975 747 125 59 strip
3133 760 81 44 per-

1004 824 156 58 fectly
1203 823 106 47 free
1351 823 56 46 of
1446 828 275 42 ornament
1761 824 226 57 creating
2031 838 30 31 a
2102 823 243 57 brilliant,
2388 825 210 48 incisive
2639 833 229 42 contrast
2909 830 128 45 such
3080 843 54 31 as
3176 842 67 32 no

1003 905 147 46 other
1185 918 178 33 means
1399 904 153 46 could
1590 903 221 48 achieve.
1881 905 109 46 The
2026 904 321 59 dominating
2384 905 194 61 zig-zag
2614 915 204 50 serpent
2854 909 151 47 motif
3039 910 42 46 is
3117 913 93 42 tem-

1004 986 155 58 pered
1197 987 69 58 by
1304 987 87 46 the
1428 985 197 60 quieter
1661 985 177 47 motifs
1878 985 162 48 above
2079 987 102 45 and
2220 987 165 47 below
2423 988 52 46 it.
2548 989 125 47 This
2713 990 197 46 skillful
2948 990 295 59 opposition

1003 1068 55 45 of
1085 1067 138 46 vivid
1252 1068 103 45 and
1384 1067 56 46 of
1466 1066 141 59 quiet
1634 1066 181 56 forms,
1846 1066 55 46 of
1930 1067 289 46 horizontal
2248 1069 102 45 and
2380 1068 55 47 of
2461 1069 209 48 vertical
2699 1071 260 55 elements,
2991 1071 252 58 produces

1005 1165 66 30 an
1106 1148 249 58 exquisite
1407 1149 259 57 harmony
1734 1176 65 7 —
1852 1147 138 48 vivid
2041 1148 93 47 but
2186 1154 91 41 not
2328 1150 172 55 crude,
2552 1150 55 46 of
2657 1157 194 42 utmost
2902 1152 195 59 variety
3152 1153 91 45 but

1004 1230 233 47 absolute
1278 1229 163 59 unity.

1169 1311 79 45 All
1287 1311 154 59 Maya
1479 1311 173 46 works
1692 1311 201 58 display
1932 1310 102 47 this
2072 1310 221 48 creative
2331 1311 335 59 intelligence,
2705 1316 103 44 and
2845 1314 269 47 conscious
3154 1327 89 33 use

1004 1393 56 45 of
1103 1393 213 46 definite
1360 1392 246 47 aesthetic
1649 1392 293 58 principles.
2021 1392 195 59 Today,
2261 1393 154 47 when
2459 1408 30 31 a
2530 1409 114 31 new
2689 1396 150 45 order
2884 1395 56 46 of
2983 1395 172 48 artists
3200 1395 43 46 is

1004 1474 169 58 trying
1194 1479 53 42 to
1269 1488 178 32 rescue
1471 1479 79 41 art
1573 1473 138 47 from
1731 1474 87 46 the
1840 1487 200 33 morass
2064 1473 55 47 of
2140 1474 228 46 misused
2390 1475 208 46 realism
2622 1476 101 45 and
2746 1481 52 40 to
2821 1476 149 58 bring
2992 1476 250 47 direction

997 1561 51 41 to
1087 1570 66 31 an
1189 1555 240 47 inchoate
1467 1554 244 48 aesthetic
1749 1554 153 59 Maya
1939 1559 80 43 art
2054 1554 336 59 particularly
2427 1557 358 46 recommends
2824 1557 151 46 itself.

2569 1733 259 46 George
2868 1732 240 47 Sacken
