3424 4318
1660 171 97 51 157

180 306 74 45 Tür
282 301 138 51 deren
447 302 150 50 Detail
627 302 78 49 der
733 304 120 47 Dom
882 302 119 49 nicht
1029 305 177 63 günstig
1234 305 63 48 ist.
1339 308 85 48 Die
1452 308 93 48 Soli
1577 325 61 32 wa-

180 396 76 31 ren
286 380 43 46 in
357 379 87 48 den
469 377 189 49 Händen
681 394 83 32 von
781 379 150 47 Herrn
959 380 432 57 DuMont-Fier,
1420 382 79 49 der
1519 384 152 48 seinen

181 456 94 46 Kuf
310 456 63 46 als
413 456 173 62 Sänger
627 454 257 64 vollständig
926 455 244 56 bewährte,
1215 457 146 46 Herrn
1403 457 264 59 Göbbels,

180 531 149 47 Fräul.
355 528 245 50 Schreck
630 528 89 47 und
747 531 122 47 einer
897 531 196 64 hiesigen
1116 531 278 57 Dilettantin,
1420 535 150 47 Fräul.
1593 536 76 56 M.,

178 607 125 47 einer
323 607 149 47 Dame
501 607 79 46 mit
605 606 196 48 schönen
822 607 330 47 Stimmmitteln
1178 607 89 46 und
1289 607 351 51 bemerkenswer-

178 683 102 46 ther
308 681 346 47 künstlerischer
682 681 298 65 Ausbildung.
1023 682 150 48 Fräul.
1202 683 217 46 Mösner
1453 685 120 47 hatte
1601 685 68 48 die

181 757 348 48 Harfen-Partie
557 757 340 48 übernommen.
950 760 116 45 Dass
1103 765 131 39 unter
1270 757 79 47 der
1375 758 191 66 Leitung
1594 761 75 47 des

180 835 318 62 Componisten
527 835 81 47 der
635 835 122 47 Chor
784 833 182 49 vortreff
978 833 84 49 lich
1091 833 233 49 einstudirt
1350 851 110 38 war,
1495 835 99 48 dass
1622 854 48 29 er

178 911 79 47 das
272 909 148 49 Werk
440 911 141 45 seines
596 909 263 64 Dirigenten
882 911 79 44 mit
976 909 341 47 Enthusiasmus
1331 926 126 48 sang,
1483 909 187 50 braucht

180 987 134 47 kaum
345 987 203 46 erwähnt
573 1002 54 31 zu
656 984 197 49 werden.
887 986 95 45 Der
1009 984 228 47 Eindruck
1263 984 76 47 des
1368 987 178 46 Ganzen
1574 1003 94 31 war

177 1062 71 47 ein
276 1078 48 31 so
354 1062 279 63 gewaltiger,
661 1061 101 47 dass
790 1077 50 31 er
868 1059 86 49 den
983 1061 323 63 einstimmigen
1328 1062 233 47 Beschluss
1589 1062 79 48 der

177 1138 251 47 Akademie
455 1138 286 55 veranlasste,
778 1136 78 48 das
887 1136 146 49 Werk
1074 1137 114 47 noch
1229 1138 160 47 einmal
1425 1156 51 29 zu
1507 1138 157 64 geben.

177 1214 135 46 Diese
340 1214 153 46 zweite
522 1213 299 62 Aufführung
849 1210 100 49 fand
980 1212 59 47 im
1069 1212 139 48 Laufe
1236 1212 75 48 des
1336 1214 125 63 April
1490 1213 92 47 und
1607 1214 60 47 im

180 1289 313 48 Concertsaale
522 1290 131 47 Statt.
707 1289 111 46 Hier
855 1294 146 42 traten
1038 1288 70 48 die
1149 1288 325 48 dramatischen
1516 1289 148 48 Seiten

180 1365 76 49 des
284 1365 287 49 Oratoriums
609 1368 270 60 prägnanter
914 1364 176 56 hervor,
1127 1364 69 48 die
1226 1365 166 47 Details
1420 1382 247 47 gewannen

182 1459 56 30 an
267 1440 155 47 Leben
453 1439 90 48 und
573 1440 207 55 Wärme,
822 1440 264 47 namentlich
1116 1447 87 40 trat
1230 1439 70 48 die
1328 1440 336 49 Orchestration

177 1519 42 46 in
248 1517 71 48 ein
347 1517 189 47 helleres
564 1515 144 49 Licht.
750 1517 92 47 Das
873 1517 145 48 Werk
1049 1515 154 49 wurde
1235 1517 114 47 auch
1378 1515 183 49 diesmal
1589 1517 79 47 mit

177 1593 344 48 Enthusiasmus
544 1591 91 49 und
657 1591 277 49 ehrenvoller
950 1593 341 63 Auszeichnung
1307 1593 358 63 aufgenommen.

176 1671 118 46 Statt
319 1669 78 48 des
426 1670 150 47 Herrn
605 1669 204 47 DuMont
836 1668 122 48 hatte
986 1670 121 46 Herr
1135 1668 251 48 Sabbath
1415 1684 80 32 aus
1517 1668 150 47 Berlin

176 1746 71 47 die
276 1746 283 49 Bass-Partie
596 1745 326 48 übernommen
961 1744 64 65 (er
1055 1746 76 46 hat
1160 1745 218 47 herrliche
1408 1745 141 47 Mittel
1578 1744 90 47 und

177 1823 131 47 edlen
345 1821 236 65 Vortrag);
623 1821 70 47 die
732 1820 348 65 Sopran-Partie
1119 1837 111 48 sang
1269 1820 150 47 Fräul.
1462 1821 65 55 8.,
1570 1819 98 48 eine

177 1899 166 65 hiesige
366 1898 263 48 Dilettantin
657 1898 79 47 mit
755 1898 122 47 einer
897 1898 202 53 Stimme,
1128 1895 136 48 deren
1288 1898 162 47 Grösse
1475 1895 89 48 und
1585 1896 62 46 sel-

178 1984 127 39 tener
337 1975 237 48 Wohllaut
600 1974 70 47 die
699 1972 411 49 Aufmerksamkeit
1150 1972 42 47 in
1229 1972 212 47 weiteren
1483 1971 185 47 Kreisen

173 2051 211 48 verdient.
426 2052 74 47 Sie
527 2051 117 64 singt
671 2049 132 48 dabei
832 2049 286 64 glockenrein
1147 2047 90 49 und
1265 2050 54 46 ist
1347 2049 100 47 echt
1475 2049 162 47 musica-

174 2129 131 53 lisch;
348 2127 72 47 die
446 2126 280 48 Solo-Partie
760 2126 44 47 in
841 2125 80 48 der
959 2133 196 40 neunten
1183 2125 195 47 Sinfonie
1409 2125 162 63 gelang
1601 2124 70 47 ihr

180 2204 354 64 ausgezeichnet.

290 2319 88 46 Am
409 2317 309 63 Charfreitage
747 2315 88 64 gab
865 2314 69 48 die
955 2313 383 66 Sing-Akademie
1370 2313 77 48 mit
1474 2314 196 64 hiesigen

178 2395 187 49 Kräften
407 2393 103 65 (den
547 2395 176 45 Herren
762 2392 406 49 Wallenreiter
1208 2390 90 47 und
1342 2389 327 48 Waldmann

174 2489 101 31 vom
303 2469 321 65 Stadttheater)
654 2469 79 47 das
761 2465 219 66 Requiem
1006 2484 82 31 von
1118 2468 206 46 Mozart
1350 2467 44 45 in
1420 2465 79 47 der
1526 2467 105 45 Dom-

180 2548 152 48 kirche
360 2547 44 48 in
431 2548 206 54 schöner,
667 2543 334 66 abgerundeter
1028 2543 308 63 Aufführung.

293 2662 172 47 Nimmt
488 2676 103 31 man
613 2658 149 49 hierzu
784 2657 70 48 die
875 2656 256 65 Thätigkeit
1150 2654 80 49 der
1251 2653 196 50 anderen
1472 2654 199 64 Gesang-

181 2738 208 56 Vereine,
428 2736 171 48 welche
635 2734 70 47 ihr
740 2733 247 48 Entstehen
1022 2732 121 48 einer
1183 2731 96 47 Zeit
1317 2729 270 58 verdanken,
1629 2729 42 47 in

177 2814 81 49 der
298 2831 45 32 es
387 2814 107 64 galt,
535 2812 141 48 durch
707 2812 270 63 Gegensätze
1018 2808 98 48 eine
1151 2807 185 66 gewisse
1371 2806 183 48 Frische
1593 2806 76 48 des

181 2891 338 48 musicalischen
547 2888 176 48 Lebens
750 2905 53 30 zu
834 2886 259 55 bewahren,
1135 2884 83 47 den
1259 2882 379 49 Cäcilien-Ver-

178 2968 88 47 ein
308 2973 132 41 unter
474 2966 196 63 Leitung
708 2963 75 48 des
821 2964 150 46 Herrn
1008 2959 392 50 Concertmeisters
1428 2957 242 48 Schmidt

177 3043 422 65 (Hiller'sLoreley,
628 3041 161 49 Gade's
804 3038 240 64 Erlkönigs
1060 3037 209 54 Tochter,
1300 3035 213 63 Messias),
1543 3034 126 47 einen

178 3121 224 48 kleineren
421 3117 368 66 Gesang-Verein
812 3122 130 40 unter
963 3113 192 63 Leitung
1176 3112 77 47 des
1277 3110 221 49 Pianisten
1519 3112 149 44 Herrn

177 3198 175 64 Engel
384 3194 227 66 (Paradies
642 3193 90 48 und
761 3190 135 66 Peri),
925 3190 83 47 den
1030 3188 271 48 Dom-Chor
1330 3194 127 40 unter
1479 3185 190 64 Leitung

176 3274 77 47 des
284 3276 150 45 Herrn
465 3270 174 49 Kurth
681 3269 67 65 (er
774 3269 90 65 gab
901 3267 105 48 zwei
1037 3264 454 55 Kirchen-Concerte,
1522 3263 146 47 Chöre

183 3367 30 30 a
295 3348 163 68 capella
459 3366 56 30 von
547 3347 259 53 Palestrina,
849 3342 207 55 Vittoria,
1084 3340 134 55 Lotti,
1256 3339 216 48 Melchior
1499 3336 168 56 Frank,

177 3427 171 63 Allegri
376 3443 41 31 u.
441 3442 33 30 s.
500 3441 71 39 w.,
599 3423 274 48 dazwischen
903 3419 107 47 freie
1033 3416 387 64 Orgel-Vorträge
1450 3413 87 48 und
1554 3414 85 46 Aus-

178 3503 205 63 führung
407 3499 267 50 Bach'scher
695 3495 361 68 Compositionen
1084 3493 141 47 durch
1246 3493 149 45 Herrn
1418 3489 220 47 Musik-Di-

177 3588 147 39 rector
348 3576 295 60 Reinthaler),
671 3576 70 47 die
756 3571 267 51 Liedertafel
1052 3576 130 41 unter
1199 3569 150 47 Herrn
1373 3565 295 48 Reinthaler's

176 3657 209 62 Leitung,
413 3654 173 48 sodann
611 3653 127 48 sechs
766 3651 103 47 sehr
897 3648 211 49 besuchte
1129 3646 183 47 Soireen
1335 3644 74 46 für
1430 3643 204 45 Kammer-

173 3731 165 56 musik,
381 3730 205 64 gegeben
624 3747 84 29 von
747 3729 85 47 den
863 3726 175 47 Herren
1082 3721 303 52 Rötlicher,
1427 3716 240 55 Sastedt,

176 3805 246 51 Schmidt
470 3805 92 48 und
616 3804 286 65 Cabysius,
955 3797 262 50 schliesslich
1274 3795 83 47 den
1413 3791 252 48 blühenden

173 3883 422 54 Künstler-Verein,
624 3881 43 46 in
690 3880 154 47 dessen
873 3879 124 48 Mitte
1023 3875 185 48 manche
1231 3869 299 50 musicalische
1552 3869 87 45 Vor-

174 3964 127 61 träge
329 3959 211 66 gehalten
569 3955 183 49 werden
762 3971 124 31 —so
911 3952 114 50 stellt
1053 3951 89 47 sich
1173 3949 76 47 das
1276 3945 97 49 Bild
1400 3945 118 47 eines
1547 3942 118 49 reich

176 4036 238 65 bewegten
444 4031 337 52 musicalischen
808 4030 177 48 Lebens
1014 4030 43 47 in
1086 4029 190 45 Bremen
1305 4036 264 35 zusammen.

1854 314 140 47 Unter
2021 314 86 48 den
2134 314 222 65 jüngeren
2383 317 240 48 Künstlern
2662 318 175 48 möchte
2867 319 208 49 Referent
3104 321 113 47 noch

1740 388 107 47 zwei
1876 389 324 56 hervorheben,
2225 392 167 47 welche
2412 393 119 46 nicht
2559 411 84 29 nur
2670 394 61 47 als
2749 394 348 65 Ciavierspieler,
3118 412 74 30 son-

1740 463 109 48 dern
1879 465 113 47 auch
2021 467 62 45 als
2114 467 317 63 Componisten
2460 468 79 47 auf
2561 468 99 48 dem
2684 469 184 48 Gebiete
2888 470 79 47 der
2982 472 203 45 Kammer-

1741 539 143 46 musik
1914 540 78 47 mit
2018 541 159 46 Talent
2204 540 90 47 und
2317 543 156 62 Erfolg
2498 543 89 45 sich
2613 544 261 47 versuchen:
2903 547 150 47 Herrn
3081 545 105 47 Mer-

1740 614 95 54 tel,
1877 614 154 48 dessen
2073 616 105 47 Trio
2216 633 83 30 von
2340 616 195 65 hiesigen
2569 619 211 46 Kennern
2820 620 59 47 als
2920 620 302 64 schwungvoll

1741 689 91 48 und
1858 690 121 48 nicht
2012 691 116 49 ohne
2157 693 454 63 Eigenthümlichkeit
2644 693 253 49 bezeichnet
2924 696 110 47 wird
3072 695 124 65 (Refe-

1740 771 98 41 rent
1877 765 77 48 hat
1993 783 46 30 es
2073 766 121 49 nicht
2220 766 193 65 gehört),
2456 768 91 48 und
2590 769 150 47 Herrn
2769 770 329 57 Streudner,
3137 788 84 30 von

1741 840 213 48 welchem
1983 841 70 48 ein
2081 842 411 58 Streich-Quartett
2533 842 91 49 und
2662 844 70 47 ein
2761 845 122 57 Trio,
2920 846 90 47 sich
3038 863 56 30 an
3121 848 64 45 Mo-

1740 924 92 39 zart
1858 916 89 47 und
1969 919 289 47 Beethoven's
2282 925 116 41 erste
2417 919 191 48 Periode
2636 920 217 63 glücklich
2882 922 338 50 anschliessend,

1740 1008 109 47 gern
1877 991 90 48 und
1995 994 134 47 öfters
2158 994 161 63 gehört
2346 994 199 48 wurden.
2956 997 152 47 —11.

2239 1218 164 56 Aus
2474 1218 249 56 Bonn.

1739 1324 212 46 [Letztes
1970 1325 351 37 Abonnements
2335 1326 232 35 -Concert
2650 1327 155 35 Ueber
2831 1327 392 36 künstlerisches

2351 1394 22 34 S
2386 1394 53 34 ch
2453 1393 156 47 äffen.]

2641 1468 96 33 Den
2775 1465 59 40 20.
2862 1468 139 45 April
3041 1467 105 38 1859.

1813 1541 70 33 Die
1910 1539 115 35 Reihe
2061 1551 151 23 unserer
2241 1539 336 35 Winter-Concerte
2619 1542 49 34 ist
2707 1553 75 23 nun
2831 1543 96 34 auch
2970 1545 251 45 geschlossen.

1737 1600 94 33 Dem
1858 1598 275 35 Händel'schen
2159 1598 140 46 Jephta
2325 1599 140 45 folgten
2501 1611 59 22 am
2591 1598 55 37 15.
2675 1600 35 35 d.
2738 1600 87 38 Mts.
2861 1603 92 33 zwei
2979 1603 246 37 Mozart'sche

1738 1658 159 34 Werke:
1942 1658 58 34 die
2027 1658 165 34 Sinfonie
2222 1657 120 34 C-dur
2368 1657 76 34 und
2472 1657 65 34 das
2567 1658 182 47 Requiem.
2802 1660 59 34 Sie
2888 1662 145 34 werden
3060 1663 67 34 mit
3153 1665 70 33 mir

1738 1717 197 46 gestehen:
1965 1717 76 33 Das
2071 1728 75 22 war
2173 1717 59 34 ein
2258 1717 159 35 schöner
2443 1717 176 35 Schluss!
2663 1718 70 34 Ein
2759 1730 135 34 ganzer
2921 1719 304 37 Concert-Abend

1738 1788 71 23 nur
1850 1777 66 33 mit
1954 1775 264 36 Mozart'scher
2260 1776 128 35 Musik
2433 1776 205 46 ausgefällt
2743 1789 40 23 so
2820 1784 69 39 gut
2922 1779 91 35 wird
3040 1792 38 22 es
3106 1781 118 35 einem

1738 1837 102 33 nicht
1867 1838 52 34 oft
1946 1838 37 33 in
2010 1847 156 23 unseren
2194 1837 138 44 Tagen,
2360 1836 75 34 und
2462 1837 96 34 Herr
2586 1838 218 35 Dietrich
2832 1839 70 34 soll
2930 1839 78 34 hier
3034 1840 94 34 auch
3155 1840 69 35 den

1740 1896 259 45 gebührenden
2026 1895 110 34 Dank
2165 1897 233 44 empfangen,
2443 1896 141 35 sowohl
2611 1898 58 33 für
2696 1897 57 34 die
2780 1897 110 35 Wahl
2918 1898 63 34 der
3007 1899 135 35 Werke
3170 1900 54 34 alg

1742 1956 95 34 auch
1865 1957 58 33 für
1951 1955 57 35 die
2035 1955 272 45 befriedigende
2326 1956 246 45 Ausführung
2593 1956 198 38 derselben.
2819 1959 79 33 Das
2918 1959 198 35 Orchester
3135 1960 91 35 hielt

1742 2017 80 34 sich
1847 2018 50 32 im
1924 2016 148 33 Ganzen
2098 2016 106 34 recht
2231 2017 167 41 wacker;
2430 2016 62 34 der
2520 2015 109 44 Chor,
2659 2017 165 35 offenbar
2849 2029 73 23 von
2950 2019 62 34 der
3039 2019 167 35 Herrlich-

1743 2076 77 34 keit
1860 2075 63 34 des
1950 2075 157 34 Werkes
2148 2075 183 44 ergriffen,
2372 2075 81 34 that
2495 2077 118 33 seiner
2639 2076 170 45 Aufgabe
2846 2078 39 34 in
2923 2079 155 34 schöner
3105 2079 122 34 Weise

1744 2135 172 44 Genüge;
1944 2133 198 36 besonders
2172 2134 62 34 der
2260 2137 142 31 Damen
2427 2134 51 34 im
2506 2134 139 46 Sopran
2670 2146 102 23 muss
2800 2136 60 35 ich
2888 2137 177 35 rühmend
3092 2138 113 45 geden-

1743 2195 85 43 ken,
1858 2193 251 35 vornehmlich
2138 2193 67 34 das
2234 2193 212 34 Lacrimosa
2475 2194 118 35 haben
2633 2197 53 33 sie
2725 2196 66 35 mit
2819 2196 181 36 sicherem
3027 2199 200 34 Ausdruck

1744 2253 74 34 und
1846 2253 124 34 echter
1995 2253 189 45 Innigkeit
2207 2257 253 40 vorgetragen.
2490 2254 176 33 Fräulein
2693 2255 270 35 Francisca
2990 2256 238 44 Schreck,

1744 2312 168 45 obgleich
1942 2311 174 34 während
2145 2311 63 34 der
2234 2311 136 34 letzten
2398 2312 101 43 Tage
2535 2323 39 23 so
2603 2313 160 35 vielfach
2791 2314 37 33 in
2855 2313 197 46 Anspruch
3078 2327 123 33 genom-

1743 2384 94 29 men,
1879 2372 101 34 hatte
2018 2371 166 34 dennoch
2229 2369 68 35 den
2323 2369 217 42 Quartetten
2566 2371 79 34 ihre
2671 2372 160 45 kräftige
2857 2373 243 47 Mitwirkung
3125 2375 103 34 nicht

1744 2434 187 41 entzogen.
1959 2430 59 33 Sie
2046 2433 130 41 mögen
2200 2428 85 35 Sieh
2314 2429 113 34 leicht
2455 2429 153 44 denken,
2635 2432 67 32 wie
2729 2430 164 48 mächtig
2920 2432 75 34 und
3022 2434 203 43 ergreifend

1745 2490 65 34 das
1837 2489 118 34 Judex
1982 2501 78 33 ergo
2088 2488 75 34 und
2191 2488 204 34 Recordare
2430 2500 67 22 aus
2532 2489 115 33 ihrem
2674 2490 137 35 Munde
2838 2491 137 46 klang;
3019 2493 118 34 haben
3165 2494 59 34 Sie

1744 2549 92 35 doch
1866 2550 90 32 zwei
1983 2550 102 43 Tage
2113 2551 125 42 später
2264 2548 135 34 Bach's
2429 2548 201 44 ~Erbarme
2804 2562 72 23 von
2902 2551 57 34 ihr
2985 2553 140 44 gehört.

1818 2609 70 33 Die
1928 2608 163 34 Sinfonie
2134 2607 66 33 hat
2242 2618 70 23 uns
2355 2607 135 34 wieder
2535 2608 68 32 mit
2645 2606 81 35 dem
2765 2619 142 33 ganzen
2947 2610 145 34 Zauber
3128 2610 101 35 ihrer

1745 2667 199 35 Schönheit
1970 2667 144 33 erfasst.
2142 2665 87 33 Man
2256 2665 97 33 fühlt
2380 2665 78 34 sieh
2486 2665 51 34 oft
2564 2666 37 33 in
2633 2666 255 46 Versuchung,
2916 2669 115 33 einem
3054 2669 173 35 Mozart'-

1743 2726 112 35 seben
1884 2726 133 34 Werke
2045 2725 92 33 alles
2166 2723 65 34 das
2257 2724 313 42 nachzurühmen,
2611 2735 75 24 was
2714 2736 82 23 man
2825 2737 46 22 an
2899 2728 116 33 einem
3041 2727 161 35 vollkom-

1747 2797 82 23 men
1856 2784 332 45 liebenswürdigen
2215 2784 202 34 Menschen
2445 2795 46 23 zu
2518 2785 144 44 preisen
2692 2785 124 45 pflegt.
2864 2786 148 34 Welche
3040 2788 184 33 Anmuth!

1742 2845 137 34 welche
1908 2844 230 47 ungesuchte
2166 2842 238 35 Zierlichkeit
2450 2844 76 32 und
2553 2843 205 36 Sicherheit
2794 2845 63 34 der
2883 2846 231 45 Bewegung!
3160 2848 66 32 wie

1740 2904 84 34 klar
1850 2903 75 35 und
1952 2903 146 34 einfach
2141 2901 74 34 und
2251 2901 93 34 doch
2385 2903 67 32 wie
2481 2903 162 43 mächtig
2669 2903 75 33 und
2773 2903 243 46 eindringlich
3041 2907 40 31 in
3103 2905 122 43 jedem

1740 2963 187 33 einzelnen
1956 2961 239 34 Ausdrucke!
2241 2962 137 33 welche
2408 2962 237 44 Vollendung
2687 2961 75 34 und
2789 2963 124 34 innere
2940 2963 264 34 Uebereinstim-

1740 3034 115 33 mung
1895 3022 62 33 des
2000 3022 161 44 Ganzen,
2208 3021 57 34 die
2310 3032 67 23 aus
2419 3021 64 34 der
2523 3021 143 34 überall
2703 3022 263 46 gleichmässig
3006 3023 221 34 vertheilten

1740 3082 106 32 Kraft
1867 3081 223 45 entspringt!
2170 3080 97 34 Aber
2294 3091 104 22 wenn
2428 3081 67 33 wir
2524 3080 71 33 alle
2623 3080 98 34 diese
2739 3079 336 37 rühmenswerthen
3094 3082 109 44 Eigen-

1740 3142 168 33 schaften
1936 3140 262 42 hervorheben,
2243 3150 106 24 wenn
2389 3141 66 32 wir
2500 3139 110 34 ihnen
2650 3140 96 33 auch
2782 3141 91 32 noch
2902 3152 40 22 so
2971 3142 93 34 viele
3092 3141 132 34 andere

1740 3200 171 34 ähnliche
1940 3200 225 44 hinzufügen
2271 3200 67 32 wie
2380 3199 117 43 wenig
2533 3199 49 32 ist
2622 3197 114 34 damit
2771 3209 67 23 zur
2864 3200 256 44 Bezeichnung
3161 3199 63 34 des

1738 3260 246 45 eigentlichen
2013 3260 153 33 Wesens
2194 3257 120 34 dieser
2340 3256 249 35 Kunstwerke
2617 3258 147 44 gesagt!
2819 3259 127 33 Dieses
2976 3259 77 33 Lob
3080 3258 146 35 bezieht

1739 3319 79 33 sich
1847 3330 71 22 nur
1947 3320 66 32 auf
2037 3318 57 33 die
2122 3318 118 41 Form,
2281 3316 58 34 die
2366 3316 122 42 Hülle,
2532 3317 37 32 in
2596 3316 57 34 die
2690 3328 38 22 es
2757 3316 80 34 dem
2863 3317 178 35 Künstler
3067 3318 159 44 gefallen

1738 3378 75 42 hat,
1842 3379 77 32 sein
1940 3377 113 34 Werk
2081 3388 46 23 zu
2156 3376 160 35 kleiden.
2368 3375 81 34 Wir
2477 3375 145 34 können
2650 3377 79 32 eine
2756 3376 269 35 vollkommene
3054 3377 172 34 Einsicht

1738 3442 37 32 in
1804 3439 56 33 die
1887 3437 234 44 Vollendung
2161 3436 118 33 dieser
2306 3435 107 33 Form
2460 3434 163 35 besitzen
2661 3435 75 34 und
2777 3435 165 34 dennoch
2985 3436 77 34 fern
3105 3437 121 34 davon

1740 3501 87 41 sein,
1857 3499 67 33 den
1953 3498 182 44 geistigen
2163 3495 136 35 Gehalt
2328 3495 61 33 des
2419 3494 153 34 Werkes
2609 3495 133 33 erfasst
2769 3505 46 23 zu
2842 3495 130 34 haben.
3025 3495 105 35 Denn
3160 3498 66 33 wie

1733 3559 103 45 jedes
1865 3557 112 35 Werk
2006 3557 63 33 der
2099 3556 114 33 Natur
2240 3554 55 34 als
2325 3555 57 32 ein
2419 3552 327 45 eigenthiimliches
2776 3553 161 44 dasteht,
2968 3554 63 35 das
3061 3566 69 23 nur
3159 3567 66 22 aus

1740 3618 79 35 sich
1847 3617 116 34 selbst
1991 3616 156 34 erkannt
2175 3613 145 35 werden
2347 3623 97 34 mag,
2487 3623 40 23 so
2569 3612 76 34 lebt
2681 3612 96 34 auch
2813 3614 37 32 in
2885 3614 104 43 jeder
3013 3614 215 44 Schöpfung

1739 3678 63 34 der
1829 3677 124 33 Kunst
1980 3677 59 32 ein
2067 3672 329 47 eigentümliches
2431 3671 134 41 Leben,
2593 3671 64 33 das
2686 3682 70 23 uns
2785 3673 165 44 ergreift,
2979 3684 45 23 an
3053 3672 80 35 dem
3162 3675 64 32 wir

1738 3738 66 33 mit
1831 3747 153 24 unserer
2010 3733 250 45 Empfindung
2287 3730 108 34 Theil
2438 3730 156 34 nehmen
2634 3733 160 40 müssen,
2837 3734 57 32 ein
2923 3732 135 45 Leben,
3099 3732 128 34 dessen

1740 3797 127 34 Tiefen
1896 3794 77 33 sich
2003 3804 71 23 nur
2101 3792 82 33 dem
2211 3789 251 41 erschliessen,
2498 3787 63 35 der
2587 3789 77 32 sich
2694 3790 67 32 mit
2787 3790 277 46 unbefangener
3090 3790 112 44 Hinge-

1738 3857 103 43 bung
1867 3855 37 33 in
1931 3855 53 32 sie
2012 3852 185 34 versenkt.
2297 3850 48 33 So
2371 3848 234 46 unbegränzt
2633 3848 65 35 das
2726 3849 112 34 Reich
2866 3850 64 34 der
2957 3849 267 35 menschlichen

1738 3912 251 47 Empfindung
2014 3912 63 43 ist,
2108 3921 40 24 so
2176 3909 233 44 unbegränzt
2434 3908 47 33 ist
2511 3907 68 35 das
2606 3908 142 47 Gebiet,
2784 3909 66 34 das
2879 3909 61 35 der
2967 3907 255 35 musicalische

1738 3973 178 35 Künstler
1944 3972 78 34 sein
2050 3971 106 44 eigen
2182 3973 134 37 nennt;
2361 3968 68 33 wie
2467 3968 90 33 aber
2593 3968 95 35 auch
2719 3968 63 35 der
2808 3968 133 34 Gehalt
2968 3968 116 33 seiner
3111 3965 88 34 Schö-

1739 4038 164 44 pfungen
1930 4031 37 34 in
1994 4027 240 37 unendlicher
2261 4027 346 46 Mannigfaltigkeit
2634 4027 183 37 wechseln
2844 4036 95 34 mag,
2984 4029 87 29 stets
3105 4022 116 37 bleibt
