2605 3322
1047 427 377 50 SCHLAFLIED
1458 434 159 49 FUER
1650 437 246 65 MIRJAM

1006 607 111 32 Schlaf
1137 609 81 32 mein
1241 610 84 33 Kind
1348 632 44 4 —
1417 615 101 33 schlaf
1542 628 34 21 es
1600 619 40 33 ist
1662 623 85 40 spät!

1008 658 83 39 Sieh,
1115 661 58 30 wie
1198 661 49 32 die
1270 663 108 33 Sonne
1402 678 54 20 zur
1478 669 91 32 Ruhe
1594 671 72 32 dort
1688 674 85 41 geht,

1007 711 111 31 Hinter
1142 713 61 32 den
1226 714 126 43 Bergen
1375 718 89 33 stirbt
1487 722 44 31 sie
1555 723 43 32 im
1622 724 73 33 Rot.

1007 762 54 31 Du
1083 782 46 3 —
1152 764 42 32 du
1218 767 101 32 weifst
1342 769 98 32 nichts
1464 783 65 22 von
1552 774 109 33 Sonne
1684 778 66 31 und
1773 777 82 38 Tod,

1008 814 159 33 Wendest
1191 817 48 32 die
1263 819 116 43 Augen
1403 834 70 21 zum
1496 826 89 32 Licht
1608 829 65 31 und
1695 840 72 21 zum
1790 829 126 38 Schein;

1008 865 114 40 Schlaf,
1147 887 43 5 —
1215 880 33 21 es
1273 872 69 32 sind
1366 884 42 22 so
1432 877 60 31 viel
1515 878 131 34 Sonnen
1669 882 82 31 noch
1776 881 77 38 dein,

1009 917 111 33 Schlaf
1138 922 82 31 mein
1242 923 90 39 Kind,
1357 945 42 4 —
1425 929 82 32 mein
1530 931 83 33 Kind
1637 934 103 32 schlaf
1759 934 62 32 ein!

1010 1018 111 32 Schlaf
1139 1022 82 32 mein
1243 1023 85 33 Kind
1352 1045 43 5 —
1420 1028 55 32 der
1498 1031 202 35 Abendwind
1723 1033 94 39 weht;

1010 1070 103 32 Weifs
1137 1083 73 22 man
1234 1076 108 32 woher
1365 1089 33 21 er
1422 1080 129 41 kommt,
1576 1086 105 31 wohin
1704 1096 34 21 er
1762 1085 97 42 geht?

1010 1122 131 40 Dunkel,
1166 1126 179 44 verborgen
1369 1132 48 31 die
1433 1134 107 43 Wege
1563 1136 66 32 hier
1654 1138 77 38 sind,

1009 1174 65 39 Dir,
1099 1177 64 31 und
1186 1178 80 32 auch
1289 1182 64 39 mir,
1377 1185 65 31 und
1464 1197 60 21 uns
1548 1189 100 38 Allen,
1673 1190 82 31 mein
1778 1188 98 33 Kind!

1010 1226 107 33 Blinde
1141 1248 45 4 —
1209 1240 37 22 so
1270 1233 83 41 gehn
1377 1236 64 39 wir,
1464 1239 65 31 und
1552 1241 105 41 gehen
1680 1243 98 37 allein,

1010 1278 114 33 Keiner
1147 1281 84 33 kann
1255 1283 132 36 Keinem
1412 1289 149 35 Gefährte
1585 1293 65 32 hier
1674 1294 73 38 sein,
1773 1313 43 4 —

1011 1330 110 34 Schlaf
1141 1335 81 31 mein
1245 1336 92 41 Kind,
1360 1359 45 5 —
1430 1342 81 33 mein
1535 1345 84 32 Kind
1643 1346 102 31 schlaf
1765 1346 63 32 ein!

1011 1435 110 33 Schlaf
1140 1439 81 32 mein
1244 1440 84 34 Kind
1351 1464 46 3 —
1419 1447 64 31 und
1507 1447 99 33 horch
1629 1450 83 31 nicht
1735 1450 58 31 auf
1813 1448 95 32 mich!

1011 1486 77 33 Sinn
1110 1489 78 32 hat's
1212 1491 53 32 für
1290 1494 82 33 mich
1397 1507 70 29 nur,
1492 1501 65 31 und
1578 1502 106 31 Schall
1707 1501 64 32 ist's
1794 1502 49 31 für
1867 1500 81 38 dich;

1010 1539 105 33 Schall
1138 1553 66 28 nur,
1227 1545 58 31 wie
1303 1547 234 44 Windeswehn,
1560 1554 256 42 Wassergerinn,

1010 1592 116 32 Worte
1150 1614 44 4 —
1218 1597 152 32 vielleicht
1392 1602 84 32 eines
1500 1605 125 32 Lebens
1651 1607 145 31 Gewinn!

1011 1644 85 32 Was
1121 1646 48 31 ich
1192 1657 178 32 gewonnen
1392 1654 95 39 gräbt
1510 1657 55 31 mit
1589 1658 57 31 mir
1671 1668 74 22 man
1770 1658 56 38 ein,

1011 1695 115 33 Keiner
1149 1697 84 32 kann
1256 1700 134 33 Keinem
1414 1705 48 31 ein
1486 1707 84 33 Erbe
1595 1709 66 32 hier
1684 1710 66 31 sein
1773 1728 46 5 —

1012 1746 110 33 Schlaf
1142 1750 80 31 mein
1246 1751 91 38 Kind,
1364 1772 38 6 —
1429 1767 50 22 me
1480 1758 9 31 i
1491 1769 19 21 n
1535 1761 83 31 Kind
1643 1762 102 31 schlaf
1766 1762 62 31 ein!

1013 1849 136 33 Schläfst
1173 1852 42 31 du
1239 1854 142 42 Mirjam?
1409 1878 36 4 -
1473 1861 131 44 Mirjam,
1629 1866 81 31 mein
1734 1864 91 39 Kind,

1013 1901 77 32 Ufer
1114 1913 58 20 nur
1196 1905 69 31 sind
1287 1906 63 39 wir,
1375 1911 63 31 und
1462 1913 57 31 tief
1538 1915 31 31 in
1592 1927 59 21 uns
1676 1917 80 32 rinnt

1013 1952 72 32 Blut
1107 1965 64 21 von
1196 1955 185 44 Gewesnen,
1404 1981 45 4 —
1472 1976 38 20 zu
1534 1966 223 35 Kommenden
1780 1967 103 39 rollt's,

1013 2004 72 31 Blut
1108 2016 110 22 unsrer
1231 2008 107 41 Väter,
1362 2014 63 31 voll
1447 2016 113 34 Unruh
1584 2021 64 30 und
1671 2021 95 32 Stolz.

1014 2055 35 31 In
1072 2066 58 22 uns
1154 2058 69 32 sind
1246 2060 78 33 Alle.
1368 2065 82 33 Wer
1474 2069 77 32 fühlt
1574 2072 66 31 sich
1663 2073 110 31 allein?

1015 2106 53 31 Du
1091 2108 63 32 bist
1177 2110 45 31 ihr
1245 2111 117 43 Leben,
1386 2137 45 5 —
1454 2120 47 31 ihr
1525 2123 109 32 Leben
1657 2126 40 31 ist
1720 2125 80 38 dein,
1825 2143 45 5 —

1016 2158 131 41 Mirjam,
1171 2162 82 31 mein
1276 2164 116 41 Leben,
1416 2188 45 5 —
1485 2174 82 31 mein
1590 2176 92 39 Kind,
1706 2176 104 32 schlaf
1829 2177 63 31 ein!

1285 2248 134 32 Richard
1441 2254 245 33 Beer-Hofmann

1556 2885 0 0 88
