2605 3322
290 401 27 27 D
320 413 47 21 ein
388 408 134 35 dummer
543 416 112 31 Bruder
676 420 54 29 mit
750 420 195 39 gestrecktem
964 416 67 31 Fufs

290 454 29 22 «1
340 450 79 34 Wut
439 459 54 28 mit
513 460 68 31 aller
602 464 82 30 Kraft
704 466 75 29 nach
800 465 110 29 diesem
930 463 102 34 Hund,

290 500 55 22 nur
365 499 67 30 weil
453 513 31 18 er
505 505 83 31 nicht
608 510 53 28 mit
682 510 96 30 einem
798 512 103 29 harten
920 508 99 31 Dolch

291 541 74 28 nach
385 546 55 29 mir
460 551 62 28 und
543 553 128 30 meinem
693 556 139 30 Liebsten
853 554 112 32 stofsen
985 554 118 28 konnte.

305 583 36 29 eh
362 588 67 31 aber
450 594 50 30 sah
518 596 53 30 ihn
590 609 39 19 an
649 601 63 29 und
732 602 93 29 lachte
847 602 58 28 laut

290 630 61 27 Und
373 636 165 34 streichelte
560 643 59 30 den
639 646 93 29 Hund
753 646 61 30 und
836 646 105 29 mufste
962 644 109 30 lachen.

291 681 40 24 (sie
349 682 62 26 lacht
432 690 37 23 ein
486 694 142 34 übermäfsig
649 698 68 24 helles
738 699 98 28 Lachen,
861 699 38 23 das
919 697 68 31 jeden
1004 693 145 33 Augenblick

414 735 24 15 in
455 729 100 27 Weinen
572 735 58 23 oder
648 737 107 23 Schreien
772 738 133 30 übergehen
922 736 104 28 könnte.)

473 783 23 23 i>
502 789 14 18 r
522 790 13 19 a
540 791 16 19 C
561 792 55 20 ClO
627 796 5 16 :
698 793 97 29 (scheint
807 801 30 14 zu
848 791 120 28 horchen.)

295 867 12 9 ~
637 843 165 30 Dianora:

317 873 67 24 orcht
400 879 66 30 auch,
483 883 35 23 ihr
536 885 95 26 Gesicht
648 889 39 22 hat
704 889 45 23 den
767 889 123 23 Ausdruck
908 887 39 23 der
964 884 184 25 entsetzlichsten

330 917 117 31 pannung.
482 922 56 24 Bald
555 925 61 24 kann
633 928 32 22 sie
682 936 23 14 es
722 929 54 21 aber
793 928 65 22 nicht
874 933 105 23 ertragen
996 923 48 24 und
1060 923 65 30 fängt

292 981 45 21 \XT
373 957 86 23 Wleder
476 967 30 16 2U
523 964 72 23 reden
613 973 36 21 an,
666 967 24 22 in
709 967 75 22 einem
801 967 45 22 fast
863 965 127 23 deliranten
1007 962 60 30 Ton)

339 996 29 20 er
389 994 79 32 mich
488 1009 56 20 nur
566 1003 95 37 gehen
682 1005 56 34 sah,
759 1005 53 28 der
833 1002 97 31 mufst'
952 1011 29 19 es
1002 1000 117 30 wissen!

395 1037 48 32 ich
462 1043 83 32 nicht
565 1049 124 28 anders?
711 1049 54 30 safs
786 1049 47 29 ich
854 1048 81 29 nicht
955 1056 37 20 zu
1012 1044 86 30 Pferd

293 1081 29 19 w
323 1085 27 20 ie
373 1082 61 30 eine
456 1088 109 40 Selige?
585 1094 49 29 ich
654 1094 111 29 konnte
786 1094 77 30 Dich

293 1123 61 27 Und
375 1126 117 35 deinen
512 1136 113 31 Bruder
647 1140 60 29 und
728 1140 61 29 dies
810 1139 129 29 schwere
960 1136 80 29 Haus

295 1170 107 31 ansehn
422 1178 62 28 und
505 1182 55 28 mir
581 1194 59 19 war
660 1185 97 36 leicht,
778 1185 38 29 als
837 1182 149 31 schwebte
1005 1181 113 29 ich...

317 1220 24 18 le
362 1225 47 21 Vie
411 1219 48 31 len
479 1224 109 32 Bäume
609 1230 102 29 kamen
732 1231 54 28 mir
807 1237 154 30 entgegen,

326 1265 21 20 it
367 1262 100 33 Sonne
489 1270 65 30 drin
575 1283 147 31 entgegen
743 1276 54 28 mir
818 1282 123 31 getanzt.
958 1294 5 7 .
980 1295 6 6 .
1001 1294 7 7 .

324 1310 27 20 le
371 1305 62 32 We
436 1320 35 28 ge
493 1315 51 30 alle
566 1319 82 29 offen
668 1321 31 28 in
720 1320 52 29 der
792 1319 72 29 Luft

316 1354 7 38 !
326 1355 15 19 e
362 1359 30 20 sc
394 1353 187 39 hattenlosen
601 1365 108 38 Wege,
733 1365 109 29 überall

296 1396 16 18 e
314 1399 31 20 m
367 1395 81 44 Weg
468 1413 17 19 Z
486 1414 20 19 u
526 1406 61 31 ihm
602 1432 6 5 .
623 1434 7 6 .
645 1432 7 7 .
673 1411 199 30 Erschrecken
892 1419 60 19 war
972 1418 32 18 so
1026 1406 73 30 süfs!

296 1441 48 23 aus
365 1440 96 36 jedem
483 1450 128 32 dunklen
632 1457 144 38 Vorhang
797 1457 112 28 konnte
930 1464 47 24 er,

297 1486 47 22 *™
365 1486 68 33 dem
454 1493 151 42 Gebüsch,
627 1501 143 30 Gebüsch
784 1523 47 7 ...

323 1534 21 14 le
362 1530 97 31 Sprache
477 1543 106 24 verwirrt
605 1546 46 22 sich
669 1546 35 23 ihr
721 1556 42 14 vor
780 1548 100 27 Grauen,
901 1546 51 22 weil
973 1544 30 22 sie
1020 1541 64 28 sieht,
1101 1540 50 23 dafs

298 1572 49 52 si^
351 1575 12 15 0
385 1579 27 15 10
431 1575 28 23 de
493 1579 92 26 Vorhan
588 1591 14 22 g
619 1585 77 22 hinter
713 1586 46 22 sich
777 1586 71 30 völlig
869 1585 97 22 zuzieht.
999 1581 51 23 Ihre
1067 1581 84 28 Augen

366 1609 140 38 übermäfsig
524 1620 71 30 offen,
616 1623 49 23 ihre
682 1624 89 31 Lippen
789 1625 109 30 bewegen
915 1623 46 23 sich
978 1618 173 30 unaufhörlich)

1494 403 128 28 Messer
1644 393 148 32 Braccio:

1228 464 33 28 (in
1279 463 74 23 einem
1370 459 56 27 Ton,
1445 458 43 22 den
1506 455 39 22 der
1561 448 148 32 Schauspieler
1724 443 76 25 finden
1816 439 69 25 mufs:
1908 436 74 23 weder
1999 435 47 20 laut

1226 502 60 23 noch
1302 501 60 26 leise,
1382 497 76 23 weder
1474 494 65 26 stark,
1560 490 57 24 noch
1636 484 104 27 schwach,
1761 482 51 22 aber
1832 471 220 32 undurchdringlich)

1227 547 71 28 Kam
1318 544 54 34 ich,
1393 541 75 29 Dein
1488 539 97 31 Mann,
1606 541 59 22 nun
1685 528 77 30 nicht
1781 535 36 19 zu
1836 523 90 29 dieser
1945 520 63 27 Zeit

1226 592 30 29 in
1276 590 77 29 Dein
1374 585 136 33 Gemach,
1530 591 48 19 um
1598 578 62 30 eine
1680 574 77 29 Salbe
1778 579 52 20 mir

1226 638 52 28 für
1298 634 95 30 meine
1414 629 104 31 wunde
1539 623 84 32 Hand
1643 630 36 21 zu
1698 617 85 31 holen
1804 631 32 5 -
1857 619 65 26 was,

1226 681 54 30 mit
1299 680 133 31 Vorsatz,
1452 675 105 29 hättest
1577 671 46 28 Du
1645 665 106 31 sodann
1772 661 113 39 gethan.

1228 807 66 31 (sieht
1311 806 39 23 ihn
1367 804 52 23 wirr
1437 810 34 19 an,
1495 755 107 74 begreift'
1612 795 34 22 die
1668 788 123 27 neuerliche
1812 785 68 57 Frj
1894 780 64 28 ri*
1958 785 53 56 ,J
2011 776 42 25 rfft

1237 846 36 23 ich
1298 845 43 22 mit
1364 844 40 22 der
1427 840 91 23 rechten
1538 834 67 25 Hand
1626 841 27 14 an
1675 831 35 22 die
1727 829 77 24 Stirne,
1828 823 43 22 halt
1890 821 45 22 ihm
1955 824 41 16 mit
2013 816 26 22 de

1226 885 77 22 linken
1321 884 36 22 die
1375 878 137 27 Strickleiter
1527 875 45 26 hin,
1589 870 104 25 schüttelt
1710 875 29 15 sie
1752 873 42 15 vor
1810 868 74 17 seinen
1899 860 87 28 Auge,
2002 856 7 21 1

1259 923 31 22 sie
1308 922 46 22 ihm
1371 928 42 15 vor
1430 918 35 22 die
1483 914 64 25 Füfse
1565 911 68 23 fallen
1651 908 43 31 [ein
1706 905 60 23 Ende
1783 901 68 24 bleibt
1867 892 153 36 angebunden]

1582 945 122 30 schreiend)

1228 1005 135 29 Gethan?
1383 999 147 39 gewartet!
1552 996 43 28 so!
1615 996 141 35 gewartet,
1776 985 43 29 so!

1229 1058 40 29 (sie
1286 1056 109 29 schwingt
1406 1054 41 22 wie
1465 1051 49 23 eine
1525 1047 118 24 Trunkene
1661 1043 45 23 ihre

1228 1095 99 26 Gesicht,
1348 1093 63 23 wirft
1432 1090 45 24 sich
1499 1088 59 22 dann
1578 1085 84 25 herum,
1684 1086 40 17 mt
1745 1077 50 23 dem
1817 1075 49 21 Obe
1878 1071 43 23 leb
1941 1068 29 22 üb
2015 1066 12 21 d

1228 1137 119 27 Brüstung,
1365 1132 83 22 streckt
1469 1128 36 23 die
1522 1127 70 22 Arme
1613 1127 70 25 gegen
1704 1117 42 22 den
1762 1113 86 25 Boden;
1872 1109 32 23 ihr
1923 1106 59 23 Haar

1585 1159 121 28 vornüber)

1490 1232 128 28 Messer
1642 1221 157 33 Braccio:

1230 1292 47 30 (hat
1293 1291 43 22 mit
1353 1289 61 22 einer
1431 1285 99 29 hastigen
1547 1283 125 26 Bewegung
1689 1275 35 23 ein
1741 1270 66 26 Stück

1229 1330 125 30 abgerissen
1372 1327 47 22 und
1436 1332 38 16 um
1492 1322 35 23 die
1540 1320 73 22 rechte
1625 1317 51 23 Han
1704 1315 122 28 gewune„
1861 1303 25 24 M
1896 1309 9 16 t
1917 1297 137 67 £«£

1229 1370 47 22 heit
1292 1368 61 23 eines
1370 1364 82 23 wilden
1470 1361 77 23 Tieres
1565 1357 42 24 auf
1640 1363 22 13 er
1689 1350 43 65 g

1392 1479 60 24 zieht
1469 1477 44 22 den
1529 1473 56 24 Leib
1601 1477 70 25 gegen
1688 1466 43 23 sich
1748 1462 55 24 nach
1819 1458 74 28 oben.)

1634 1536 19 25 *

1370 1611 104 24 Indessen
1492 1607 27 22 ist
1535 1604 39 22 der
1590 1600 104 27 Vorhang
1714 1592 81 26 schnell
1811 1588 102 32 gefallen.

874 2797 70 12 LUDWIG
956 2796 34 11 VON
1002 2794 86 12 HOFMANN

2085 2995 0 0 87
