2291 3860
469 448 314 44 ARCHIVES
818 450 78 41 ET
929 440 486 64 BIBLIOTHÈQUE
1455 454 75 41 DE
1566 442 262 55 L'OPÉRA

1959 471 77 41 107

276 606 103 46 peut
401 608 198 40 avancer,
623 608 100 27 sans
742 595 161 42 crainte
924 597 133 41 d'être
1080 599 232 53 contredit,
1337 600 140 56 qu'un
1499 615 191 42 ouvrage
1711 602 52 41 de
1785 602 254 55 Meyerbeer

277 669 216 54 tiendrait,
510 682 73 28 sur
605 669 60 42 les
689 683 158 42 rayons
863 671 133 42 d'une
1019 672 319 58 bibliothèque,
1359 676 40 40 la
1422 676 119 56 place
1559 676 51 42 de
1632 684 124 35 toute
1778 676 178 43 l'œuvre
1978 678 58 41 du

275 744 128 41 vieux
427 742 214 44 Rameau.

331 818 70 40 Du
429 825 124 44 reste,
573 817 39 42 le
635 818 98 42 titre
755 819 51 42 de
828 820 329 42 bibliothécaire
1178 822 70 40 n'a
1274 822 140 55 figuré
1441 838 73 27 sur
1535 824 59 42 les
1620 814 125 54 États
1780 826 102 56 qu'à
1903 825 136 57 partir

273 892 49 40 de
343 890 38 43 la
404 891 339 43 surintendance
764 894 59 42 du
847 895 189 54 premier
1058 896 134 55 préfet
1210 897 59 41 du
1291 897 152 55 palais.

327 966 58 41 Le
414 966 190 55 premier
630 967 73 41 des
741 967 225 55 Lefebvre,
993 973 23 37 à
1039 969 40 41 la
1102 969 61 42 fin
1185 970 52 41 de
1258 985 45 27 sa
1324 972 203 54 carrière,
1552 986 80 28 son
1654 973 68 42 fils
1744 981 41 35 et
1809 974 60 42 Le
1895 974 143 42 Borne

272 1048 75 33 ont
365 1040 65 40 été
448 1039 59 41 les
528 1041 207 54 premiers
757 1045 22 37 à
802 1050 147 47 porter
971 1057 46 28 ce
1037 1043 115 54 titre,
1178 1044 347 56 conjointement
1542 1061 102 29 avec
1665 1047 113 43 celui
1796 1049 52 41 de
1868 1049 99 41 chef
1978 1049 59 41 du

272 1115 164 39 bureau
459 1113 51 42 de
528 1115 135 55 copie.

327 1186 276 56 Lallemand,
629 1188 186 42 Durand
849 1197 42 35 et
921 1190 224 53 Lefebvre,
1172 1193 112 41 alors
1314 1195 108 54 qu'il
1446 1195 106 42 était
1573 1195 156 56 chargé
1751 1197 52 41 de
1830 1196 147 56 copier
1998 1204 41 34 et

272 1261 148 56 garder
441 1261 38 42 le
501 1263 129 55 dépôt
662 1263 51 41 de
747 1263 40 42 la
816 1265 206 56 musique
1050 1266 52 42 de
1134 1267 193 57 l'Opéra,
1359 1268 158 43 étaient
1552 1270 171 55 appelés
1749 1287 17 22 «
1788 1270 115 42 chefs
1924 1271 51 41 de
1996 1271 41 41 la

272 1336 121 55 copie
412 1351 41 38 »,
476 1350 58 27 ou
559 1337 100 54 plus
682 1337 281 56 simplement
984 1353 156 30 encore
1163 1358 19 22 «
1207 1343 183 54 copistes
1411 1343 52 41 de
1483 1343 285 45 l'Académie.
1794 1360 17 23 »

327 1411 62 41 La
411 1411 310 55 Bibliothèque
744 1412 69 42 n'a
834 1413 162 55 pris.de
1017 1415 361 56 développement
1399 1431 86 42 que
1507 1419 108 40 dans
1637 1418 149 43 l'hôtel
1816 1421 52 41 de
1890 1421 40 41 la
1959 1435 77 28 rue

277 1485 183 51 Drouot,
485 1485 176 56 lorsque
697 1487 59 41 Le
787 1487 142 42 Borne
960 1502 53 27 en
1048 1490 116 42 avait
1193 1490 42 41 la
1270 1492 306 42 conservation
1598 1502 39 32 et
1657 1492 41 42 la
1719 1494 287 42 surveillance
2024 1509 10 39 ;

274 1559 111 41 mais
405 1560 41 40 la
467 1559 258 56 disposition
747 1561 59 41 du
826 1562 126 52 local,
965 1565 84 39 très
1064 1564 215 54 restreint,
1293 1565 78 54 qui
1393 1566 223 41 contenait
1632 1567 39 41 le
1689 1567 145 56 dépôt,
1847 1568 190 43 excluait

275 1643 122 33 toute
418 1635 223 42 intrusion
659 1636 59 41 du
742 1637 151 55 public
915 1638 107 41 dans
1042 1652 44 28 ce
1109 1640 148 41 musée
1278 1641 341 55 symphonique.

326 1710 78 40 Les
434 1710 159 55 parties
621 1711 260 43 d'orchestre
902 1713 161 41 étaient
1085 1714 167 55 placées
1273 1729 74 28 sur
1365 1717 72 40 des
1458 1730 177 41 rayons,
1659 1717 109 41 dans
1786 1717 246 42 l'ancienne

272 1783 166 41 cuisine
462 1783 52 41 de
534 1784 165 53 l'hôtel,
724 1799 113 28 nous
869 1786 165 42 l'avons
1064 1788 64 40 dit
1149 1803 9 37 ;
1201 1788 107 42 dans
1340 1797 108 36 cette
1483 1792 143 40 même
1661 1792 102 41 salle
1793 1793 172 48 voûtée,
1989 1792 40 42 le

271 1857 165 41 bureau
460 1858 52 41 de
531 1858 121 55 copie
677 1859 106 42 était
807 1859 190 44 installé.

326 1932 47 40 Je
404 1933 141 40 revois
572 1946 151 28 encore
744 1934 224 42 l'honnête
990 1943 41 33 et
1053 1937 214 42 excellent
1291 1938 60 41 Le
1375 1938 142 42 Borne
1538 1939 128 56 juché
1688 1953 75 28 sur
1784 1953 87 28 une
1904 1941 132 42 haute

270 2005 153 53 chaise,
453 2006 163 42 devant
637 2021 88 27 une
739 2011 145 52 espèce
905 2009 52 40 de
978 2009 114 42 table
1115 2011 272 42 barbouillée
1410 2014 51 40 de
1483 2013 113 46 noir,
1618 2014 226 55 rappelant
1864 2028 120 28 assez
1998 2014 38 42 le

270 2080 173 55 pupitre
465 2082 104 40 d'un
582 2082 241 54 professeur
841 2084 50 40 de
914 2085 255 53 quatrième.
1200 2086 156 42 C'était
1378 2088 41 40 là
1440 2088 110 55 qu'il
1565 2089 229 54 corrigeait
1810 2090 59 40 les
1890 2090 145 55 copies

272 2156 49 39 de
343 2169 61 27 ses
427 2157 304 41 subordonnés
750 2165 42 34 et
813 2158 109 54 qu'il
942 2159 181 42 écrivait
1140 2160 59 40 les
1232 2176 18 23 a
1276 2162 291 41 conducteurs
1589 2178 19 23 »
1635 2166 23 36 à
1681 2171 151 46 quatre
1853 2177 58 28 ou
1934 2165 101 54 cinq

274 2231 180 52 portées,
478 2230 110 42 dont
609 2244 42 27 se
671 2232 158 41 servait
849 2232 114 41 alors
985 2232 38 41 le
1049 2233 100 41 chef
1166 2233 275 43 d'orchestre.
1471 2235 160 43 C'était
1651 2237 40 40 là
1714 2250 85 41 que
1820 2237 212 55 quelques

271 2304 135 41 élèves
429 2305 158 40 favoris
681 2314 40 34 et
733 2305 151 54 j'avais
898 2306 236 42 l'honneur
1155 2308 50 40 de
1229 2308 103 42 faire
1354 2309 137 55 partie
1513 2310 51 42 de
1585 2318 110 34 cette
1715 2310 175 42 cohorte
1907 2310 127 42 fidèle

268 2399 53 13 —*
341 2378 178 41 allaient
535 2392 165 40 causer,
726 2393 101 27 avec
848 2381 40 40 le
907 2383 174 52 maître,
1100 2382 50 41 de
1174 2383 277 55 contrepoint
1468 2392 41 32 et
1521 2384 51 40 de
1587 2383 148 55 fugue,
1757 2385 52 40 de
1825 2384 207 56 septième

268 2451 221 43 diminuée
501 2461 40 33 et
552 2453 267 42 d'imitation
836 2459 22 37 à
874 2455 40 41 la
935 2456 198 41 seconde.
1153 2457 96 41 Ah!
1274 2456 140 42 c'était
1429 2457 38 41 le
1489 2458 84 40 bon
1593 2463 163 50 temps!
1786 2458 250 54 Pouvais-je

268 2538 163 41 penser,
453 2526 127 53 alors,
602 2541 86 41 que
717 2527 176 54 j'aurais
927 2529 98 54 plus
1056 2529 95 41 tard
1179 2531 41 40 la
1251 2531 183 40 mission
1468 2531 51 40 de
1556 2540 155 31 mettre
1745 2545 54 27 en
1827 2531 127 41 ordre
1975 2532 60 39 les

268 2599 128 41 vieux
420 2609 182 46 paquets
625 2602 228 54 poudreux
872 2602 108 42 dont
999 2616 104 27 mon
1126 2604 132 40 vieux
1280 2605 156 39 maître
1458 2604 105 40 était
1586 2606 183 39 entouré
1787 2608 7 38 !

325 2674 118 40 Dans
475 2674 115 41 deux
625 2688 57 27 ou
705 2675 105 41 trois
845 2676 156 55 pièces,
1030 2681 23 36 à
1075 2679 93 39 côté
1201 2678 58 41 du
1283 2679 165 40 bureau
1475 2679 51 40 de
1557 2679 135 54 copie,
1719 2678 59 41 les
1805 2678 229 55 partitions

274 2748 159 41 étaient
452 2750 177 52 rangées
653 2764 74 40 par
747 2750 125 41 ordre
894 2751 324 56 alphabétique.

324 2823 447 53 Malheureusement,
797 2839 105 27 mon
925 2827 156 40 vénéré
1116 2827 240 55 professeur
1386 2828 107 40 était
1522 2828 227 54 beaucoup
1774 2828 100 54 plus
1896 2828 111 42 musi-

268 2896 92 41 cien
383 2911 85 41 que
490 2898 325 41 bibliothécaire
839 2908 42 33 et
902 2907 174 34 surtout
1102 2914 84 40 que
1216 2901 314 54 musicologue.
1565 2901 184 41 Comme
1783 2901 39 40 la
1859 2901 177 56 plupart

267 2969 49 41 de
340 2985 62 26 ses
425 2972 370 54 contemporains,
821 2973 39 40 le
882 2974 232 54 répertoire
1136 2975 207 40 moderne
1366 2975 117 41 avait
1506 2983 141 33 toutes
1667 2989 64 26 ses
1769 2975 267 55 préférences

268 3044 250 55 scéniques;
556 3046 115 39 aussi
704 3046 304 42 n'attachait-ii
1036 3062 85 40 que
1150 3062 82 40 peu
1255 3049 313 53 d'importance
1599 3063 85 26 aux
1707 3048 170 41 vieilles
1901 3049 113 54 parti-

269 3119 128 53 tions,
416 3120 76 54 qui
529 3121 205 40 n'étaient
764 3121 127 55 point
925 3122 130 41 utiles
1091 3137 54 26 au
1181 3122 163 42 service
1379 3123 50 40 de
1457 3122 192 56 l'Opéra.
1674 3123 184 41 Comme
1885 3123 149 41 études

270 3193 240 49 musicales,
534 3208 77 26 son
632 3194 181 55 opinion
837 3195 105 42 était
964 3204 120 33 toute
1113 3196 227 41 différente
1359 3213 9 35 ;
1397 3211 72 26 car
1492 3197 30 40 il
1552 3197 345 40 recommandait
1921 3200 23 35 à
1969 3209 63 26 ses

270 3265 134 41 élèves
422 3267 51 40 de
495 3267 78 40 lire
595 3269 337 41 attentivement
950 3270 180 40 l'œuvre
1153 3272 50 38 de
1227 3270 160 49 Gluck,
1413 3272 59 39 les
1491 3279 177 33 auteurs
1689 3271 171 41 italiens
1886 3270 122 40 Fiora-

269 3339 136 53 vanti,
430 3339 238 53 Cimarosa,
699 3342 225 54 Pergolèse
947 3351 40 32 et
1009 3352 179 33 surtout
1209 3344 221 55 Spcntini,
1450 3359 111 38 pour
1585 3359 110 26 nous
1713 3345 185 54 inspirer
1918 3343 49 40 de
1987 3356 44 27 sa

272 3413 206 54 manière,
497 3414 108 40 dans
625 3415 60 40 les
703 3415 126 41 récits
851 3416 51 40 de
924 3430 77 27 nos
1024 3417 213 41 fameuses
1263 3426 190 34 cantates
1473 3418 51 40 de
1546 3418 233 40 l'lnstitut.

328 3484 62 42 De
412 3495 109 32 cette
543 3488 120 54 façon
687 3489 148 54 d'agir,
855 3498 40 33 et
917 3498 173 35 surtout
1109 3492 50 40 de
1181 3491 323 54 l'organisation
1527 3491 189 40 vicieuse
1731 3490 51 41 de
1804 3490 38 40 la
1864 3488 165 41 Biblio-
