2291 3860
738 463 210 43 REVUE
982 464 112 42 DES
1126 464 328 43 CONCERTS

1899 470 76 39 125

221 612 216 55 applaudi;
462 619 39 33 et
530 612 243 54 cependant
794 612 31 40 il
845 627 28 39 y
894 626 23 27 a
940 626 51 27 eu
1014 613 73 41 des
1109 614 278 42 défaillances
1409 616 107 40 dans
1542 616 39 41 le
1616 618 140 40 rendu
1780 618 123 41 vocal
1935 627 43 32 et

223 685 211 57 peut-être
454 685 117 40 aussi
592 685 108 40 dans
722 685 262 42 l'orchestre.
1011 687 81 40 Les
1114 687 273 42 intonations
1408 703 84 42 peu
1514 691 248 41 commodes
1784 691 72 41 des
1877 706 78 42 par-

224 761 76 41 ties
342 758 200 41 chantées
583 766 41 32 et
655 758 253 54 l'étrangeté
950 760 105 40 d'un
1098 760 108 54 style
1246 761 236 43 orchestral
1520 772 95 33 tout
1654 765 328 43 nouvellement

223 832 168 52 abordé,
416 847 23 25 a
462 832 217 41 influencé
698 832 59 40 les
777 832 216 41 virtuoses
1021 833 51 39 de
1096 832 41 41 la
1162 832 182 52 Société,
1369 849 117 27 assez
1510 836 195 43 difficiles
1729 849 209 45 pourtant
1957 845 25 36 à

222 908 236 40 démonter.
496 905 73 41 On
600 905 157 41 sentait
779 906 133 54 qu'ils
940 906 243 55 essayaient
1207 921 61 26 un
1301 908 124 42 habit
1457 911 109 40 neuf
1594 920 41 32 et
1669 913 109 53 qu'il
1804 914 177 55 étaient,

222 993 166 28 comme
411 994 57 27 on
491 979 80 53 dit,
592 981 129 52 gênés
743 994 86 26 aux
851 988 308 33 entournures.
1199 980 59 41 Le
1279 982 123 53 génie
1423 983 51 40 de
1496 984 117 41 Bach
1635 999 24 27 a
1693 986 160 42 vaincu
1887 997 96 33 tant

225 1054 49 40 de
299 1054 314 40 circonstances
630 1054 313 53 défavorables,
964 1062 40 32 et
1020 1054 39 40 le
1080 1054 108 54 style
1204 1054 134 54 fugué
1359 1056 78 54 qui
1453 1060 188 51 reparaît
1662 1069 321 33 constamment

224 1127 67 40 n'a
315 1127 77 40 nui
413 1135 297 33 aucunement
733 1132 22 36 à
778 1127 218 42 l'élément
1016 1128 276 55 dramatique
1315 1129 78 55 qui
1411 1131 180 42 envahit
1610 1140 121 34 toute
1756 1142 107 34 cette
1884 1149 66 27 mu-

225 1200 135 54 sique.
387 1200 36 41 Il
445 1209 157 33 ressort
623 1202 143 39 même
787 1202 51 39 de
860 1214 66 28 ces
941 1201 157 41 formes
1123 1202 297 56 scolastiques,
1441 1206 50 38 de
1508 1214 107 34 cette
1635 1208 348 56 mathématique

222 1273 208 42 musicale
460 1274 225 54 mélangée
713 1275 53 40 ici
797 1278 21 37 à
842 1275 122 41 doses
987 1289 271 28 savamment
1281 1280 375 53 proportionnées,
1682 1296 86 27 une
1790 1282 191 56 majesté,

223 1362 82 28 une
327 1347 219 54 grandeur
577 1348 364 55 incomparables.
969 1350 197 55 Lorsque
1187 1351 224 41 l'émotion
1435 1353 61 54 s'y
1514 1352 124 55 joint,
1665 1355 234 42 l'audition
1921 1366 62 33 est

221 1431 249 32 terrassante
489 1430 41 32 et
554 1423 88 39 Ton
665 1421 238 56 s'explique
927 1427 129 50 qu'en
1087 1425 270 53 Angleterre,
1381 1439 53 27 en
1455 1427 227 55 Belgique,
1706 1442 53 27 en
1781 1430 171 41 Allema-

221 1503 80 40 gne
323 1498 41 31 et
383 1489 108 41 dans
513 1498 120 34 toute
654 1490 40 41 la
712 1491 309 54 Scandinavie,
1045 1492 40 40 la
1105 1493 205 54 musique
1329 1494 49 40 de
1396 1493 118 42 Bach
1537 1508 41 27 se
1594 1504 154 34 trouve
1766 1507 190 33 constam-

221 1571 119 33 ment
361 1564 107 40 dans
489 1571 99 33 tous
606 1564 60 40 les
688 1565 269 54 répertoires.

273 1637 42 40 Si
341 1637 113 40 Bach
479 1640 74 39 eût
572 1639 64 40 été
672 1647 125 33 notre
829 1642 304 53 compatriote,
1160 1642 67 41 s'il
1256 1642 104 42 était
1384 1652 123 32 notre
1539 1648 347 53 contemporain,
1924 1663 55 28 on

223 1710 104 41 l'eût
350 1711 143 41 moins
519 1712 97 40 bien
641 1712 216 42 accueilli.
887 1714 272 41 Néanmoins
1182 1715 62 42 M.
1272 1716 219 43 Massenet
1512 1732 22 26 a
1555 1733 50 26 su
1628 1719 181 56 dissiper
1830 1722 41 41 la
1895 1724 59 40 mé-

219 1783 134 42 fiance
383 1799 86 40 que
488 1785 78 42 fait
587 1786 198 55 toujours
809 1788 140 40 naître
971 1788 109 41 dans
1098 1789 38 41 le
1159 1790 148 54 public
1333 1790 72 40 des
1428 1791 208 43 Concerts
1658 1794 59 41 du
1740 1794 216 43 Conserva-

220 1858 105 40 toire
353 1859 279 55 l'apparition
658 1860 106 41 d'un
788 1875 204 28 nouveau
1025 1876 103 28 nom
1155 1863 214 55 d'origine
1396 1865 222 56 française.
1644 1867 155 43 C'était
1820 1870 40 41 la
1882 1884 75 42 pre-

220 1932 129 41 mière
371 1932 80 41 fois
473 1947 85 40 que
581 1947 45 27 ce
647 1936 295 53 compositeur
963 1937 287 55 apparaissait
1277 1953 75 27 sur
1371 1939 59 41 les
1450 1955 299 41 programmes
1769 1944 52 41 de
1841 1945 40 41 la
1902 1945 52 42 So-

220 2005 101 41 ciété
339 2021 7 37 ;
372 2006 31 40 il
426 2021 28 40 y
473 2020 23 27 a
519 2007 74 41 fait
616 2008 144 41 bonne
779 2008 154 55 figure,
952 2018 41 33 et
1011 2011 236 41 désormais
1266 2012 30 41 il
1317 2026 89 27 sera
1425 2027 60 27 un
1502 2015 71 40 des
1595 2016 121 41 hôtes
1738 2018 171 42 estimés
1930 2020 52 40 de

223 2078 38 40 la
282 2078 184 42 maison.
496 2079 35 40 11
553 2094 22 27 a
598 2081 103 40 écrit
722 2082 50 39 de
793 2081 41 41 la
860 2083 207 53 musique
1088 2083 273 56 descriptive,
1458 2086 234 56 j'aimerais
1721 2091 148 42 mieux
1890 2093 92 41 dire

223 2151 219 53 théâtrale,
524 2167 75 27 sur
619 2154 72 40 des
717 2155 162 41 thèmes
894 2155 158 42 choisis
1068 2171 77 42 par
1166 2157 64 42 lui
1253 2159 108 41 dans
1385 2160 307 57 Shakespeare,
1716 2164 52 41 de
1790 2166 192 42 manière

221 2228 22 36 à
265 2225 184 53 pouvoir
466 2240 28 40 y
515 2226 206 55 déployer
743 2229 41 40 la
804 2229 220 54 souplesse
1046 2230 51 40 de
1117 2244 79 28 son
1218 2233 154 54 talent,
1397 2234 294 54 l'ingéniosité
1713 2237 269 56 pittoresque

220 2296 48 41 de
291 2312 76 26 son
390 2300 313 41 orchestration
729 2302 140 41 variée
886 2310 40 33 et
947 2302 40 41 la
1011 2303 213 42 fécondité
1239 2305 50 41 de
1306 2320 78 27 son
1407 2307 305 53 imagination.
1738 2310 122 42 Cette
1881 2312 76 41 dra-

221 2371 211 54 maturgie
454 2372 210 42 musicale
686 2376 68 39 n'a
778 2390 73 40 pas
873 2377 188 55 échappé
1083 2392 85 26 aux
1199 2378 169 42 défauts
1394 2380 56 41 du
1473 2395 142 40 genre.
1641 2382 263 45 Vainement
1924 2401 57 27 on

221 2453 114 33 tente
371 2446 219 56 d'adapter
621 2463 46 26 sa
697 2451 262 54 symphonie
987 2457 22 35 à
1043 2466 61 27 un
1127 2462 112 33 texte
1272 2455 177 55 précisé,
1476 2470 57 28 on
1555 2470 54 28 ne
1632 2467 106 46 peut
1766 2460 42 41 la
1830 2462 152 41 rendre

221 2519 208 55 adéquate
463 2535 55 28 au
541 2522 143 41 thème
706 2523 155 55 choisi,
889 2524 30 42 il
955 2539 52 27 en
1030 2527 161 41 résulte
1209 2542 183 41 presque
1422 2529 198 56 toujours
1642 2546 49 27 en
1728 2533 149 42 réalité
1895 2549 87 29 une

220 2592 203 55 musique
446 2608 97 27 sans
565 2596 101 54 plan
683 2597 109 54 qu'il
813 2597 92 43 faut
919 2599 173 41 écouter
1113 2613 101 28 avec
1236 2603 316 51 complaisance
1581 2613 41 32 et
1642 2618 53 27 en
1715 2606 178 42 suivant
1909 2608 72 40 des

221 2677 113 40 yeux
366 2667 39 40 le
433 2681 279 41 programme
735 2684 111 40 pour
868 2672 145 42 savoir
1035 2671 112 56 juste
1170 2678 23 37 à
1227 2675 125 54 point
1385 2678 150 53 quand
1558 2679 140 40 arrive
1732 2680 175 55 l'orage,
1940 2682 42 40 la

221 2742 120 38 scène
363 2741 216 53 d'amour,
604 2751 42 33 et
673 2752 97 33 tout
800 2759 46 26 ce
884 2746 76 53 qui
983 2756 106 46 peut
1119 2747 163 54 figurer
1317 2750 107 40 dans
1455 2764 62 27 un
1547 2752 193 41 scénario
1764 2754 186 54 sympho-

221 2811 148 54 nique.
396 2813 114 42 Mais
530 2815 65 42 M.
620 2815 221 44 Massenet
863 2819 145 41 donne
1030 2825 24 36 à
1080 2835 63 26 ses
1165 2822 312 54 compositions
1506 2837 61 27 un
1592 2825 56 40 tel
1679 2825 162 54 cachet,
1865 2827 31 41 il
1919 2828 63 54 s'y

221 2894 167 33 montre
409 2901 101 27 avec
535 2895 95 35 tant
651 2890 356 44 d'individualité
1026 2895 51 40 de
1098 2895 177 40 couleur
1303 2904 41 33 et
1364 2896 51 41 de
1435 2897 247 55 puissance,
1707 2912 84 42 que
1815 2900 39 41 le
1881 2914 76 42 pro-

218 2971 191 40 gramme
432 2962 179 41 s'oublie
637 2971 41 32 et
698 2965 110 53 qu'il
833 2966 109 41 n'est
962 2967 101 55 plus
1082 2968 164 55 permis
1266 2983 86 40 que
1383 2970 221 42 d'écouter
1625 2985 79 28 son
1730 2987 163 28 œuvre.
1921 2975 61 42 Le

220 3031 211 55 fragment
452 3050 75 27 sur
539 3037 223 51 Macbeth,
783 3040 77 53 qui
883 3055 22 26 a
928 3041 64 40 été
1013 3042 38 41 le
1074 3043 143 40 moins
1240 3044 225 54 applaudi,
1488 3045 167 42 devrait
1682 3048 88 41 être
1788 3050 192 41 entendu

220 3119 53 27 au
296 3107 184 53 théâtre;
506 3111 100 41 c'est
628 3112 40 40 là
700 3112 109 54 qu'il
832 3128 41 26 se
896 3116 257 54 déploierait
1185 3131 103 27 avec
1322 3132 63 27 ses
1408 3118 117 43 effets
1557 3121 138 42 variés
1715 3130 42 34 et
1781 3130 98 36 tout
1903 3137 79 27 son

220 3179 128 43 relief.
371 3181 33 40 C
423 3191 61 31 est
507 3183 52 40 de
579 3184 40 40 la
642 3185 204 55 musique
868 3188 204 55 scénique
1093 3199 41 31 et
1156 3191 80 40 elle
1256 3205 43 27 se
1320 3192 155 56 dépare
1497 3208 55 26 au
1578 3205 188 34 concert.
1787 3197 60 40 Le
1869 3197 91 54 frag-

221 3262 117 31 ment
359 3268 75 27 sur
456 3256 162 41 Roméo
640 3264 42 34 et
702 3258 186 43 Juliette
908 3274 24 27 a
955 3275 87 27 une
1064 3276 171 28 nuance
1254 3264 98 55 plus
1376 3265 112 54 vive,
1514 3281 87 28 une
1625 3268 136 41 allure
1781 3269 98 55 plus
1912 3271 46 38 sé-

222 3325 220 52 millante;
463 3342 59 26 on
542 3330 131 42 dirait
696 3345 85 27 une
804 3333 135 41 ronde
960 3335 109 40 dans
1091 3337 40 40 la
1159 3337 186 42 formule
1369 3338 207 43 italienne
1597 3356 7 26 :
1630 3344 99 38 c'est
1752 3341 124 54 léger,
1902 3342 76 53 fin,

223 3398 97 40 liais
343 3408 40 32 et
407 3401 365 45 admirablement
818 3406 116 43 tissé.
972 3408 120 42 Dans
1126 3411 38 39 le
1198 3425 200 28 morceau
1428 3427 75 28 sur
1524 3415 40 40 la
1610 3415 205 54 Tempête
1816 3449 13 17 ,
1858 3415 102 40 l'iné-

225 3471 158 43 vitable
404 3475 377 46 bouleversement
802 3479 108 43 d'un
940 3482 215 44 orchestre
1183 3485 188 43 violenté
1392 3495 85 33 sert
1507 3487 52 41 de
1591 3488 248 53 repoussoir
1860 3490 24 38 à
1916 3501 61 27 un
