2291 3860
379 344 80 40 128

826 346 79 40 LA
936 345 390 52 CHRONIQUE
1360 348 321 44 MUSICALE

370 501 126 28 sance
532 496 40 33 et
613 489 40 41 la
689 490 149 53 pureté
868 489 73 41 des
978 504 97 26 sons
1110 491 107 55 qu'il
1257 492 80 41 tire
1369 492 52 41 de
1453 507 78 27 son
1574 494 285 44 instrument.
1900 497 59 41 Le
1983 499 70 54 jeu
2088 504 48 42 de

372 560 64 42 M.
461 560 210 42 Davidoff
685 570 61 32 est
770 567 23 36 à
816 562 40 41 la
879 562 81 41 fois
989 563 135 42 ferme
1146 574 40 33 et
1209 565 170 55 élégant
1398 579 8 28 :
1437 565 154 56 jamais
1613 569 278 41 d'hésitation
1919 571 107 42 dans
2047 574 72 44 l'at-

369 642 134 45 taque
530 634 60 41 du
620 647 96 42 son,
738 634 155 55 jamais
924 636 52 41 de
998 638 235 42 confusion
1256 639 108 41 dans
1395 640 263 42 l'exécution
1698 642 72 40 des
1805 643 125 42 traits
1963 645 59 40 les
2044 647 92 54 plus

369 706 172 54 rapides
569 716 42 32 et
646 708 60 40 les
741 708 100 54 plus
864 711 291 56 compliqués.
1193 713 81 40 Les
1303 713 99 56 plus
1431 715 184 53 grandes
1649 715 238 43 difficultés
1918 718 51 41 de
2000 722 109 41 méca-

368 781 157 53 nisme,
557 781 60 41 les
640 781 236 44 hardiesses
905 785 59 41 les
985 786 99 54 plus
1106 788 266 54 scabreuses,
1398 797 100 33 sont
1530 790 199 41 réalisées
1752 805 100 27 avec
1875 805 87 28 une
1985 800 152 38 netteté

367 863 42 32 et
431 868 87 27 une
549 857 143 40 sûreté
718 857 222 45 vraiment
967 861 328 42 merveilleuses
1317 871 41 33 et
1395 877 100 27 sans
1531 863 139 41 trahir
1692 864 39 41 le
1766 866 203 41 moindre
2000 868 133 45 effort.

369 927 149 52 Enfin,
545 927 64 45 M.
637 929 210 43 Davidoff
864 934 178 53 possède
1065 948 62 26 un
1151 935 108 54 style
1282 936 143 55 ample
1444 945 41 32 et
1506 937 165 53 sévère;
1696 938 32 41 il
1751 938 83 41 sait
1860 952 123 41 poser
2003 941 112 56 large-

367 1010 121 32 ment
509 1002 41 42 la
568 1002 156 55 phrase
746 1004 252 55 mélodique
1019 1016 42 32 et
1079 1007 41 40 la
1147 1007 181 42 chanter
1347 1023 105 27 avec
1474 1020 156 33 autant
1660 1012 295 55 d'expression
1988 1027 83 41 que
2089 1017 48 40 de

366 1075 258 56 simplicité;
656 1077 42 41 la
730 1080 118 39 seule
877 1079 190 55 critique
1105 1081 133 54 qu'on
1279 1083 147 54 puisse
1454 1084 66 41 lui
1555 1085 207 54 adresser,
1800 1087 101 41 c'est
1940 1087 197 45 d'abuser

366 1150 159 54 parfois
558 1151 74 40 des
659 1151 149 42 coulés
842 1152 108 41 dans
984 1155 60 40 les
1079 1165 307 33 mouvements
1421 1158 127 43 lents.
1581 1158 65 43 M.
1689 1160 205 42 Davidoff
1934 1164 98 39 s'est
2065 1163 72 42 fait

363 1224 206 41 entendre
598 1224 109 42 dans
738 1239 62 27 un
823 1235 208 34 concerto
1055 1228 53 42 de
1141 1244 45 27 sa
1209 1231 313 56 composition,
1553 1233 79 56 qui
1656 1244 62 31 est
1745 1249 87 28 une
1853 1249 152 28 œuvre
2025 1237 84 43 hon-

365 1296 114 54 nête,
501 1298 109 40 mais
626 1311 98 28 sans
741 1313 174 28 aucune
936 1301 269 55 originalité.
1232 1304 87 41 Son
1343 1307 145 40 succès
1511 1321 23 27 a
1557 1308 65 42 été
1642 1311 85 38 très
1748 1308 76 45 vif.

423 1370 205 42 Madame
661 1372 204 57 Essipoff,
893 1374 204 57 pianiste,
1127 1391 113 28 nous
1270 1379 141 42 arrive
1448 1381 248 53 également
1726 1383 53 41 de
1811 1383 300 44 Saint-Péters-

367 1445 153 54 bourg,
546 1454 57 43 et,
624 1460 172 28 comme
819 1448 63 42 M.
912 1449 219 57 Davidoff,
1153 1452 99 42 c'est
1268 1454 40 40 la
1328 1454 212 54 première
1556 1456 81 41 fois
1656 1457 157 55 qu'elle
1828 1461 143 52 paraît
1985 1459 152 46 devant

365 1531 62 28 un
449 1519 153 55 public
623 1520 205 59 français.
857 1523 95 41 Elle
978 1524 97 41 s'est
1096 1525 76 42 fait
1195 1529 209 40 entendre
1426 1543 54 27 au
1508 1531 24 40 6
1536 1536 14 17 e
1569 1540 40 32 et
1628 1545 54 26 au
1700 1546 25 40 7
1729 1537 14 17 e
1760 1531 226 55 Concerts,
2002 1542 40 32 et
2063 1535 74 42 elle

363 1607 23 26 a
408 1592 115 55 joué,
543 1595 107 40 dans
671 1595 39 40 le
731 1597 203 54 premier,
961 1612 62 27 un
1045 1607 207 35 concerto
1275 1602 51 41 de
1348 1602 176 57 Chopin
1546 1604 86 42 fort
1653 1619 257 43 ennuyeux,
1923 1615 41 34 et
1983 1608 106 41 dans
2101 1610 36 41 le

369 1667 175 53 second,
577 1681 61 27 un
672 1676 217 35 nocturne
922 1672 52 40 de
1007 1672 195 57 Chopin,
1224 1675 40 40 la
1304 1676 190 43 Gavotte
1527 1678 54 41 de
1621 1679 159 55 Gluck,
1804 1680 41 42 la
1878 1682 155 41 Danse
2063 1684 74 42 des

362 1739 163 41 Lutins
555 1748 42 35 et
623 1741 41 41 la
691 1743 236 42 Fantaisie
948 1745 244 55 hongroise
1197 1781 10 21 ,
1231 1762 114 42 pour
1364 1752 134 53 piano
1521 1760 41 33 et
1588 1753 233 53 orchestre,
1846 1753 51 42 de
1922 1754 133 43 Liszt.
2079 1756 57 42 Le

363 1813 138 41 talent
531 1814 52 40 de
616 1816 201 41 madame
854 1818 194 55 Essipoff
1078 1821 124 41 brille
1232 1832 177 34 surtout
1443 1839 76 40 par
1547 1826 40 41 la
1610 1828 144 40 sûreté
1776 1835 41 34 et
1837 1828 41 42 la
1900 1829 233 56 précision,

365 1900 88 27 aux
475 1887 161 56 dépens
657 1889 51 41 de
736 1889 41 42 la
800 1894 126 51 grâce
960 1893 213 43 féminine
1206 1896 109 42 dont
1348 1899 82 41 elle
1461 1908 63 33 est
1552 1901 286 43 absolument
1866 1903 266 56 dépourvue.

366 1961 122 41 Dans
510 1963 62 41 les
593 1977 238 29 morceaux
853 1966 52 41 de
920 1981 155 40 genres
1098 1971 84 40 très
1202 1971 223 42 différents
1439 1974 157 55 qu'elle
1614 1990 23 26 a
1660 1978 365 42 successivement
2046 1980 68 40 exé-

365 2038 139 53 cutés,
524 2037 78 42 elle
632 2053 23 27 a
685 2039 78 41 fait
785 2054 163 41 preuve
985 2042 132 43 d'une
1150 2047 163 51 grande
1346 2047 230 44 flexibilité
1606 2051 52 41 de
1684 2052 111 54 style
1825 2061 42 32 et
1894 2052 108 42 d'un
2032 2056 104 52 goût

359 2110 158 54 parfait
537 2112 77 55 qui
636 2112 65 41 lui
723 2122 81 33 ont
825 2117 187 54 conquis
1037 2117 73 41 dès
1132 2118 166 43 l'abord
1319 2120 60 42 les
1402 2122 428 55 applaudissements
1851 2127 52 40 de
1924 2140 46 27 ce
1992 2126 144 55 public

361 2182 192 54 parisien
577 2198 56 42 qu
652 2199 54 28 on
738 2187 65 40 dit
825 2187 35 41 si
880 2187 179 43 difficile
1080 2194 24 38 à
1125 2201 242 36 contenter.
1394 2195 188 42 Difficile
1604 2200 24 38 à
1650 2206 244 47 contenter,
1920 2199 98 54 soit,
2042 2208 40 33 et
2099 2200 35 54 je

361 2258 226 40 reconnais
618 2273 86 41 que
737 2261 39 40 le
810 2262 152 55 public
988 2263 53 42 de
1077 2265 62 44 M.
1170 2267 246 59 Pasdeloup
1452 2284 43 28 se
1531 2281 170 33 montre
1731 2273 404 55 particulièrement

358 2331 218 56 exigeant,
602 2333 113 41 mais
747 2349 47 27 ce
830 2338 109 42 n'est
969 2353 77 41 pas
1082 2354 115 41 pour
1225 2342 61 41 les
1314 2343 233 54 virtuoses,
1571 2347 112 54 qu'il
1715 2348 210 42 accueille
1951 2363 182 43 presque

362 2404 200 56 toujours
577 2421 102 28 avec
701 2409 54 40 de
770 2411 233 43 véritables
1019 2421 256 52 transports,
1291 2421 101 39 c'est
1413 2434 113 41 pour
1546 2421 61 41 les
1628 2435 174 29 œuvres
1825 2424 224 42 nouvelles
2063 2425 70 42 des

357 2481 318 54 compositeurs
700 2484 248 56 modernes,
974 2501 59 41 qu
1052 2489 31 41 il
1106 2489 199 44 n'écoute
1321 2494 182 53 qu'avec
1522 2495 41 41 la
1585 2496 100 55 plus
1700 2498 166 54 grande
1887 2498 191 43 défiance
2093 2510 40 32 et

360 2553 110 55 qu'il
497 2555 279 56 n'applaudit
807 2559 179 54 qu'avec
1012 2562 41 41 la
1089 2564 354 57 circonspection
1465 2569 40 42 la
1529 2569 98 57 plus
1655 2573 219 53 exagérée.
1908 2573 63 42 La
1997 2575 108 41 Séré-

356 2629 115 40 nade
490 2629 27 40 d
537 2630 183 56 Haydn,
746 2641 42 33 et
809 2634 38 40 le
875 2634 189 44 Menuet
1098 2637 51 42 de
1179 2639 260 44 Boccherini
1472 2643 40 41 le
1539 2643 96 43 font
1657 2645 222 55 trépigner
1898 2648 207 42 d'enthou-

356 2702 175 55 siasme,
556 2705 126 54 mais,
706 2720 54 27 en
783 2710 229 55 revanche,
1045 2711 27 41 V
1385 2717 52 41 de
1471 2717 65 44 M.
1567 2718 139 55 Bizet,
1727 2721 134 55 qu'on
1886 2736 24 27 a
1931 2724 200 41 exécutée

354 2790 56 27 au
444 2778 24 40 6
510 2787 193 43 conceit,
727 2780 38 42 le
800 2782 126 43 laisse
960 2785 281 46 absolument
1270 2789 127 55 froid,
1418 2799 42 33 et
1491 2802 212 46 pourtant
1733 2796 102 42 c'est
1865 2798 42 41 là
1944 2812 86 27 une
2058 2798 71 41 des

355 2863 169 30 œuvres
546 2853 59 41 les
626 2854 98 55 plus
743 2860 327 53 remarquables
1089 2861 60 42 du
1179 2864 234 54 répertoire
1435 2867 222 55 moderne,
1686 2884 88 28 une
1803 2886 152 28 œuvre
1976 2874 154 40 classée

354 2933 41 34 et
409 2924 92 56 aéjà
522 2931 224 39 consaciée
768 2945 77 40 par
863 2932 59 41 les
945 2934 208 57 suffrages
1169 2939 237 41 unanimes
1428 2941 59 41 du
1505 2943 163 42 monde
1684 2945 165 45 artiste.
1875 2947 48 41 Je
1947 2961 53 27 ne
2021 2961 108 28 veux

352 3012 77 41 pas
451 2999 105 43 faire
576 3006 22 36 à
620 3016 44 28 ce
696 3018 160 43 propos
887 3008 73 41 des
985 3012 327 54 comparaisons
1352 3016 80 54 qui
1463 3030 113 30 nous
1604 3020 312 45 conduiraient
1943 3032 185 33 souvent

352 3075 24 37 à
398 3072 72 42 des
492 3075 281 43 conclusions
794 3093 118 28 assez
939 3081 299 61 inattendues,
1261 3086 39 56 je
1323 3097 196 34 constate
1549 3092 283 56 simplement
1860 3110 62 27 un
1945 3096 78 42 fait
2042 3110 84 42 que

350 3145 12 56 j
382 3146 39 41 ai
442 3149 179 41 observé
644 3154 22 36 à
691 3151 216 55 plusieurs
932 3158 207 53 reprises;
1165 3159 58 56 j'y
1243 3162 246 44 reviendrai
1513 3169 221 49 peut-être
1756 3183 62 28 un
1841 3169 114 56 jour.

408 3221 73 42 On
505 3237 22 26 a
549 3236 154 29 encoie
735 3228 178 42 exécuté
946 3231 109 41 dans
1086 3242 111 32 cette
1233 3236 178 54 période
1439 3239 53 40 de
1518 3240 20 40 3
1566 3252 196 32 concerts
1793 3244 114 42 deux
1936 3259 184 37 œuvres,,

350 3295 108 43 dont
480 3296 37 42 le
536 3300 370 54 rapprochement
928 3304 238 46 fournirait
1186 3310 118 42 aussi
1326 3312 39 41 le
1383 3312 113 53 sujet
1510 3316 134 41 d'une
1666 3319 129 42 étude
1810 3320 81 41 fort
1907 3321 214 52 curieuse,

350 3382 111 29 mais
490 3385 86 42 que
597 3371 38 58 je
658 3387 53 29 ne
739 3376 101 55 puis
868 3382 308 53 entreprendre
1213 3383 70 44 ici.
1315 3385 49 43 Je
1395 3401 115 30 veux
1534 3390 141 54 parler
1703 3392 51 43 de
1789 3394 41 42 la
1865 3410 12 26 i
1889 3401 29 17 re
1938 3404 42 33 et
2005 3395 52 42 de
2084 3395 37 42 la
