2291 3860
858 455 219 54 ANDRÉ
1111 465 312 42 PHILIDOR

1946 474 82 40 117

327 619 229 55 Quoiqu'il
576 632 52 27 en
662 618 90 51 eût,
783 615 200 42 Philidor
1007 628 42 27 se
1072 614 147 54 voyait
1245 612 258 52 condamné,
1534 610 130 41 sinon
1693 612 22 37 à
1755 609 152 54 opérer
1929 615 74 33 tou-

273 697 115 54 jours
415 693 72 40 des
515 691 199 56 prodiges
745 690 59 40 du
833 702 130 40 genre
999 688 52 40 de
1084 686 113 42 celui
1225 686 109 40 dont
1368 684 114 55 parle
1515 682 197 53 Diderot,
1749 682 58 40 du
1837 680 143 41 moins
2008 682 24 38 à

274 770 102 41 faire
397 766 196 56 toujours
616 764 97 56 plus
735 778 57 27 ou
816 763 145 40 moins
983 761 72 41 des
1076 768 123 33 tours
1219 760 52 39 de
1294 758 127 42 force.
1463 759 82 39 Dès
1567 769 66 28 ses
1656 757 98 54 plus
1782 755 149 55 jeunes
1957 767 52 27 an-

275 843 109 51 nées,
410 840 31 41 il
461 839 104 42 était
586 838 172 41 devenu
776 850 53 27 en
851 835 190 55 quelque
1063 841 113 33 sorte
1197 830 322 52 invulnérable,
1544 837 56 46 et,
1628 842 148 28 aucun
1794 827 241 42 adversaire

275 930 51 27 ne
362 921 196 48 pouvant
590 926 41 27 se
666 923 193 29 mesurer
890 921 102 29 avec
1023 907 64 42 lui
1118 907 108 40 dans
1247 906 60 41 les
1348 903 253 43 conditions
1630 902 252 52 ordinaires,
1919 900 31 41 il
1971 900 64 41 lui

272 989 135 43 fallait
426 989 111 40 donc
565 986 202 41 chercher
786 998 99 27 sans
908 996 129 40 cesse,
1061 982 131 40 sinon
1216 985 24 37 à
1262 980 180 54 égaliser
1463 978 59 42 les
1543 978 199 52 chances,
1765 989 44 27 ce
1831 975 77 54 qui
1930 974 104 41 était

272 1063 215 43 vraiment
522 1060 266 57 impossible,
815 1059 59 41 du
908 1057 146 41 moins
1075 1061 23 36 à
1127 1062 154 34 mettre
1321 1067 79 28 son
1437 1052 70 55 jeu
1538 1051 107 41 dans
1684 1051 72 40 des
1785 1048 250 42 conditions

272 1135 359 57 exceptionnelles
665 1134 52 41 de
750 1131 246 42 difficultés.
1032 1129 115 42 C'est
1189 1128 133 55 qu'en
1352 1127 113 55 effet,
1494 1124 363 43 non-seulement
1891 1135 144 28 aucun

270 1213 154 53 joueur
445 1223 54 28 ne
521 1208 182 57 pouvait
724 1207 38 41 le
783 1218 178 42 gagner,
985 1203 110 42 mais
1119 1203 152 55 quand
1304 1201 228 42 lui-même
1553 1198 171 43 voulait
1744 1196 151 56 perdre
1917 1195 30 41 il
1971 1196 64 40 lui

273 1286 101 42 était
408 1283 253 56 impossible
691 1281 71 55 d'y
794 1279 179 54 arriver,
997 1291 53 28 en
1080 1277 119 56 dépit
1220 1277 53 40 de
1308 1289 63 27 ses
1402 1274 133 42 désirs
1562 1281 41 34 et
1629 1272 52 42 de
1715 1285 64 27 ses
1806 1270 145 41 efforts
1980 1269 59 40 les

273 1359 97 55 plus
392 1357 199 42 sincères.
631 1355 36 41 Il
689 1368 54 28 en
764 1354 148 41 donna
932 1366 63 27 un
1015 1352 98 54 jour
1146 1363 87 29 une
1254 1362 164 42 preuve
1439 1348 300 46 intéressante,
1762 1358 54 27 en
1848 1349 193 48 gagnant

275 1432 161 54 malgré
468 1430 65 42 lui
565 1430 40 41 le
637 1429 174 41 fameux
847 1433 223 35 automate
1102 1424 157 55 joueur
1292 1423 190 41 d'échecs
1515 1420 94 55 qui,
1647 1424 23 36 à
1700 1419 41 41 la
1774 1417 62 42 fin
1863 1417 59 41 du
1945 1416 72 41 dix-

274 1506 210 43 huitième
506 1504 141 53 siècle,
671 1502 146 42 obtint
837 1509 97 35 tant
956 1500 51 41 de
1028 1503 146 38 succès
1195 1511 77 41 par
1293 1504 121 34 toute
1437 1495 223 53 l'Europe.

327 1657 80 41 Cet
434 1661 224 36 automate
682 1651 105 43 était
821 1651 183 42 l'œuvre
1026 1648 108 42 d'un
1166 1646 127 42 noble
1314 1644 227 56 hongrois,
1564 1644 38 40 le
1625 1644 137 40 baron
1797 1641 240 56 Wolfgang

273 1730 52 41 de
351 1728 259 56 Kempelen,
635 1735 40 34 et
709 1726 97 51 mit,
836 1723 193 57 pendant
1050 1721 218 57 plusieurs
1296 1720 176 53 années,
1501 1724 98 35 tout
1627 1717 39 41 le
1694 1716 159 42 monde
1884 1724 155 32 savant

275 1819 52 27 en
350 1803 130 42 émoi.
509 1803 62 41 La
594 1801 209 55 première
821 1798 247 57 apparition
1092 1798 53 40 de
1166 1803 109 35 cette
1294 1794 202 41 machine
1512 1792 117 41 avait
1647 1805 54 27 eu
1723 1791 88 40 lieu
1827 1804 54 27 en
1909 1803 126 42 1770,

277 1883 22 35 à
324 1878 260 52 Presbourg,
608 1874 88 42 lieu
716 1874 52 40 de
788 1873 224 41 naissance
1030 1871 51 41 de
1100 1871 278 41 l'inventeur.
1408 1866 77 41 Un
1506 1864 298 55 chroniqueur
1820 1864 61 40 du
1897 1871 142 46 temps

277 1954 38 39 le
340 1950 211 42 décrivait
585 1949 111 40 ainsi
722 1937 27 61 :
830 1937 27 61 «
884 1937 295 61 L'automate,
1206 1942 161 42 affublé
1395 1941 106 40 d'un
1525 1939 118 41 riche
1668 1945 197 34 costume
1889 1937 125 40 orien-

276 2024 72 52 tal,
372 2024 105 40 était
500 2022 106 42 assis
626 2022 160 39 devant
805 2034 63 26 un
894 2020 165 40 bureau
1081 2017 121 54 porté
1221 2029 74 27 sur
1318 2021 155 48 quatre
1495 2012 226 52 roulettes,
1744 2018 40 33 et
1805 2024 46 27 ce
1871 2010 169 40 bureau

276 2097 246 42 renfermait
555 2096 59 41 les
642 2107 182 40 rouages
852 2100 40 33 et
922 2093 38 40 le
991 2091 196 55 cylindre
1214 2089 136 55 qu'on
1379 2087 129 41 disait
1542 2085 137 42 servir
1717 2089 24 36 à
1779 2083 201 42 mouvoir
2001 2083 41 41 la

278 2171 218 42 machine.
537 2170 60 41 Le
631 2170 136 40 baron
791 2168 53 40 de
878 2166 242 54 Kempelen
1155 2161 290 59 commençait
1479 2165 24 36 à
1537 2167 195 33 montrer
1762 2170 99 28 avec
1903 2157 138 54 grand

279 2254 175 48 apparat
480 2259 78 27 son
581 2251 247 44 auromate*,
852 2255 56 27 on
925 2239 223 42 entendait
1171 2238 59 40 les
1253 2244 177 34 ressorts
1451 2235 110 41 crier
1583 2243 40 33 et
1646 2234 204 40 résonner
1872 2243 170 28 comme

278 2334 106 27 ceux
415 2319 133 41 d'une
585 2317 213 56 pendule;
823 2315 113 40 alors
967 2314 38 40 le
1043 2314 95 40 bras
1172 2312 52 41 de
1257 2312 254 41 l'automate
1545 2322 43 27 se
1617 2306 131 41 levait
1784 2306 257 48 lentement,

278 2393 199 41 avançait
498 2391 154 55 jusque
675 2402 75 30 sur
770 2389 41 40 la
835 2387 115 54 pièce
972 2386 106 55 qu'il
1108 2385 145 41 devait
1275 2384 199 54 prendre,
1503 2379 236 54 l'enlevait,
1771 2386 41 33 et
1832 2377 39 40 la
1903 2386 120 32 trans-

280 2467 160 56 portait
461 2480 73 27 sur
557 2466 40 40 la
624 2478 93 27 case
739 2467 57 37 où
833 2461 80 41 elle
936 2460 146 41 devait
1103 2460 88 41 être
1219 2459 159 54 placée.
1407 2457 33 40 Il
1463 2469 54 27 ne
1545 2454 139 42 fallait
1716 2466 75 42 pas
1820 2459 139 34 tenter
1991 2450 52 40 de

278 2550 188 47 tromper
499 2554 46 26 ce
576 2539 158 54 joueur
767 2551 78 41 par
881 2549 86 27 une
996 2535 142 40 fausse
1166 2532 193 53 marche,
1394 2544 69 27 car
1486 2530 31 40 il
1548 2542 54 27 ne
1630 2525 231 56 manquait
1890 2538 72 41 pas
1990 2524 56 40 de

280 2617 185 54 prendre
486 2615 41 40 la
552 2613 118 55 pièce
692 2618 40 34 et
764 2611 51 39 de
833 2609 42 40 la
896 2615 204 34 remettre
1124 2610 24 37 à
1171 2620 45 27 sa
1249 2606 120 54 place
1392 2617 54 27 en
1472 2601 201 42 branlant
1697 2600 39 40 la
1756 2601 98 39 tête.
1879 2598 27 40 S
1925 2598 92 53 agis-

282 2688 139 43 sait-il
444 2688 51 41 de
516 2688 217 40 dénoncer
751 2683 174 51 l'échec,
950 2695 57 26 on
1036 2680 149 54 voyait
1207 2680 59 40 les
1287 2679 137 39 lèvres
1446 2676 52 40 de
1520 2676 254 40 l'automate
1792 2671 187 54 s'agiter,
2006 2678 39 32 et

281 2762 30 40 il
331 2763 86 39 s'en
448 2759 221 55 dégageait
703 2772 62 26 un
788 2755 167 51 souffle,
982 2768 62 27 un
1066 2768 81 26 son
1176 2751 255 42 faiblement
1454 2748 202 52 articulé,
1688 2747 109 39 dans
1823 2743 143 54 lequel
1987 2756 58 27 on

283 2836 180 54 pouvait
485 2847 187 43 presque
705 2830 208 42 entendre
943 2829 59 40 les
1036 2835 113 32 mots
1176 2826 79 41 sha
1288 2838 57 27 ou
1495 2822 78 54 qui
1607 2821 243 53 expriment
1877 2818 107 40 dans
2006 2816 40 40 la

283 2910 157 53 langue
471 2906 209 43 orientale
715 2919 61 27 un
811 2902 328 42 avertissement
1168 2897 245 55 énergique,
1452 2895 106 42 dont
1593 2892 272 43 l'adversaire
1903 2890 143 41 devait

284 2982 110 41 tenir
416 2989 185 47 compte.
631 2996 18 21 »

341 3056 233 50 Pourtant,
598 3053 60 41 les
685 3052 305 40 observateurs
1024 3045 197 43 attentifs
1254 3058 51 27 ne
1332 3043 221 43 tardèrent
1584 3054 75 41 pas
1681 3044 23 36 à
1727 3041 86 39 être
1835 3036 185 43 convain-

286 3142 74 27 cus
391 3142 83 40 que
497 3135 109 33 cette
630 3125 201 42 machine
854 3121 210 56 n'opérait
1101 3134 73 41 pas
1199 3118 296 46 absolument*
1517 3115 113 40 ainsi
1661 3128 59 40 qu
1740 3127 57 26 on
1818 3112 38 41 le
1875 3125 42 40 pi
1928 3112 92 39 éten-

285 3202 100 51 dait,
422 3215 73 42 par
524 3202 51 39 de
610 3199 175 55 simples
821 3210 179 41 moyens
1036 3192 293 55 mécaniques.
1373 3191 246 52 Decremps,
1650 3188 107 39 dans
1797 3199 44 27 sa
1880 3182 167 54 Magie

287 3276 197 41 dévoilée
492 3309 7 18 ,
524 3275 64 41 fut
611 3275 37 40 le
664 3273 185 55 premier
873 3271 76 54 qui
972 3269 158 40 devina
1157 3268 38 40 la
1218 3266 198 55 présence
1437 3265 105 38 d'un
1564 3264 85 37 être
1667 3259 187 42 humain
1877 3255 144 41 habile-

290 3358 119 31 ment
430 3348 228 41 dissimulé
687 3346 107 40 dans
825 3345 93 39 l'un
950 3344 71 38 des
1055 3339 360 56 compartiments
1449 3337 59 39 du
1535 3336 166 39 bureau
1722 3333 160 39 devant
1904 3327 143 54 lequel

289 3421 104 41 était
424 3421 105 40 assis
564 3420 268 41 l'automate.
866 3417 120 39 Dans
1025 3415 38 39 le
1108 3414 142 40 même
1287 3420 155 44 temps,
1477 3422 63 27 un
1580 3414 153 33 savant
1762 3400 280 57 polygraphc,

294 3495 186 51 Duteus,
506 3493 183 52 soutint,
714 3492 105 40 dans
843 3504 78 27 son
954 3490 105 40 livre
1086 3501 8 28 :
1133 3485 273 44 Recherches
1434 3496 79 28 sur
1543 3479 212 55 l'origine
1783 3477 75 40 des
1881 3476 162 38 décou-
