2291 3860
840 399 76 40 LA
948 394 382 50 CHRONIQUE
1365 393 321 43 MUSICALE

464 443 0 0 108

379 548 176 52 thèque,
591 545 30 41 il
652 544 176 41 arrivait
855 557 84 40 que
963 544 60 39 les
1044 556 212 41 ouvrages
1275 543 59 39 du
1359 542 233 55 répertoire
1613 549 186 34 courant
1821 541 162 42 étaient
2004 543 132 54 placés

382 621 100 40 bien
504 633 53 27 en
582 632 83 27 vue
684 626 40 33 et
745 631 83 41 que
850 618 58 40 les
929 618 150 54 opéras
1099 617 51 41 de
1170 616 39 41 la
1226 616 143 41 vieille
1383 617 113 41 école
1516 616 211 57 française
1748 617 206 40 restaient
1973 618 165 44 enfouis

380 707 102 26 sous
504 705 86 28 une
611 691 228 41 vénérable
858 690 235 55 poussière,
1118 705 85 40 que
1225 690 151 55 jamais
1399 703 57 28 on
1478 689 119 42 n'eût
1620 689 122 41 l'idée
1762 689 235 42 d'enlever.

371 802 6 4 -
437 778 73 41 Un
550 777 154 56 simple
743 778 179 54 registre
957 777 170 41 relatait
1159 777 436 55 alphabétiquement
1625 775 58 41 les
1717 776 151 54 opéras
1902 790 57 26 ou
1996 777 142 44 ballets

377 865 102 28 avec
510 852 104 40 trois
649 851 177 55 simples
860 851 219 41 mentions
1109 851 76 54 qui
1217 850 282 54 indiquaient
1524 865 8 26 :
1561 856 36 34 i°
1617 849 41 42 la
1680 849 98 41 date
1801 849 110 42 delà
1934 851 205 52 première

377 926 342 54 représentation
741 938 9 39 ;
776 931 41 34 2°
838 924 58 41 les
921 938 126 27 noms
1065 925 72 39 des
1160 933 178 32 auteurs
1353 939 10 35 ;
1396 924 41 40 3°
1456 924 34 40 si
1516 925 219 53 l'ouvrage
1755 923 218 55 possédait
1994 924 37 40 la
2048 938 69 41 par-

382 999 131 42 tition
536 1013 100 28 avec
654 999 71 42 des
746 999 161 56 parties
929 999 202 54 séparées,
1155 1012 56 27 ou
1234 999 38 40 la
1291 998 210 55 partition
1520 1012 99 27 sans
1638 998 175 55 parties.

437 1086 80 42 Ces
551 1086 159 54 parties
744 1084 260 42 d'orchestre
1043 1092 40 33 et
1113 1084 50 40 de
1197 1084 190 53 chœurs,
1416 1098 68 26 ces
1518 1084 108 40 rôles
1665 1084 161 41 étaient
1861 1082 152 53 ficelés,
2052 1093 90 33 tant

384 1159 98 40 bien
507 1172 84 41 que
614 1159 104 49 mal,
743 1171 101 27 avec
865 1157 72 40 des
959 1158 163 52 cordes,
1146 1157 136 54 prises
1303 1171 59 26 un
1393 1171 85 40 peu
1502 1165 189 46 partout,
1717 1156 222 55 rajustées,
1959 1170 157 29 raccom-

381 1234 188 50 modées,
593 1232 37 41 le
662 1240 96 33 tout
780 1235 22 37 à
826 1232 38 40 la
898 1230 166 50 diable;
1106 1244 74 41 pas
1214 1230 282 55 d'enveloppe
1532 1244 110 41 pour
1674 1231 196 53 protéger
1905 1243 65 27 ces
2009 1232 134 52 copies

377 1315 149 32 contre
565 1307 59 40 les
658 1305 163 55 injures
859 1307 58 39 du
960 1312 139 48 temps
1134 1314 42 31 et
1207 1308 73 37 des
1320 1318 181 45 garçons
1541 1305 51 39 de
1633 1304 192 50 théâtre;
1868 1317 86 27 une
1993 1303 151 56 simple

379 1380 225 55 étiquette,
631 1380 164 41 noircie
819 1394 75 41 par
926 1393 61 28 un
1023 1379 103 54 long
1149 1392 146 42 usage,
1320 1379 178 57 n'ayant
1521 1392 172 27 aucune
1729 1378 239 40 adhérence
1991 1392 98 26 avec
2111 1380 34 40 le

379 1463 178 47 paquet,
581 1455 187 42 donnait
788 1455 38 40 le
856 1468 103 27 nom
980 1454 52 41 de
1053 1454 222 54 l'ouvrage
1293 1470 9 36 ;
1327 1462 55 43 et,
1409 1453 113 40 Dieu
1556 1452 83 42 sait
1666 1453 202 40 combien
1903 1452 51 41 de
1978 1451 78 41 fois
2082 1466 63 30 ces

366 1529 309 56 'appellations
694 1528 162 42 étaient
879 1529 329 53 mensongères!

435 1615 96 43 J'en
552 1615 148 41 citerai
725 1614 212 55 quelques
959 1615 215 55 exemples
1193 1614 108 41 dans
1324 1615 38 40 le
1383 1628 129 27 cours
1533 1614 52 41 de
1606 1628 47 27 ce
1675 1613 173 42 travail.

438 1700 164 50 Quand
623 1700 37 41 le
680 1714 98 40 gros
801 1701 51 40 de
874 1702 180 40 l'œuvre
1076 1701 58 41 du
1159 1701 161 39 nouvel
1337 1700 144 54 Opéra
1505 1700 66 41 fut
1593 1704 22 36 à
1639 1714 83 41 peu
1748 1703 95 51 près
1865 1700 91 42 clos
1979 1709 41 34 et
2040 1716 78 27 cou-

380 1782 110 44 vert,
518 1787 54 26 on
597 1787 156 40 songea
774 1778 23 35 à
828 1790 18 21 «
876 1773 272 41 débarrasser
1170 1790 15 20 »
1213 1773 40 40 la
1287 1773 309 54 Bibliothèque
1623 1773 52 41 de
1706 1782 66 32 cet
1794 1787 120 26 amas
1936 1775 51 39 de
2009 1775 137 42 vieille

381 1846 206 56 musique
616 1846 78 56 qui
718 1862 22 24 «
761 1847 315 41 l'encombrait.
1109 1864 17 20 »
1159 1847 408 42 L'administration
1588 1847 178 41 désirait
1788 1848 51 40 de
1863 1848 99 54 plus
1983 1850 122 39 avoir
2126 1853 21 37 à

379 1935 46 27 sa
458 1920 278 57 disposition,
771 1921 59 40 les
864 1921 113 41 deux
1013 1935 59 27 ou
1105 1921 108 41 trois
1246 1921 154 56 pièces,
1434 1935 53 27 au
1519 1921 103 41 fond
1653 1921 52 40 de
1733 1921 40 41 la
1796 1935 107 27 cour
1935 1926 23 37 à
1992 1922 152 54 droite,

378 2000 59 36 où
460 1995 104 41 était
586 1996 167 41 entassé
776 1995 184 41 l'ancien
986 1996 244 54 répertoire,
1256 2009 112 41 pour
1388 2010 29 40 y
1437 1996 143 54 placer
1601 1995 38 41 le
1662 1995 161 41 service
1850 1996 51 40 de
1921 1996 40 40 la
1985 1996 160 44 Caisse.

379 2069 115 42 C'est
520 2071 125 52 grâce
672 2073 22 37 à
724 2077 109 33 cette
861 2069 305 41 combinaison
1201 2069 354 41 administrative
1586 2083 85 41 que
1705 2069 89 41 l'on
1818 2071 68 40 n'a
1916 2083 53 28 eu
1993 2074 22 37 à
2043 2070 82 42 s'oc-

381 2158 152 41 cuper,
558 2144 108 41 dans
696 2144 40 41 la
756 2144 100 41 nuit
879 2144 127 41 fatale
1035 2144 59 41 du
1133 2159 53 40 29
1211 2145 176 42 octobre
1419 2145 127 54 1873,
1577 2158 86 40 que
1687 2144 131 40 d'une
1844 2144 133 41 faible
2012 2145 135 54 partie

377 2218 54 41 de
464 2220 41 38 la
536 2218 334 55 Bibliothèque;
903 2218 41 42 la
986 2220 100 54 plus
1119 2219 280 55 importante,
1435 2232 56 28 au
1522 2218 127 56 point
1682 2219 52 41 de
1768 2232 85 28 vue
1890 2218 257 56 historique,

379 2291 108 42 était
515 2296 23 37 à
565 2291 124 42 l'abri
712 2291 153 57 depuis
885 2293 265 55 longtemps.

436 2365 166 50 Quand
616 2366 232 41 l'incendie
868 2365 98 43 vint
981 2366 192 42 détruire
1194 2366 41 42 la
1258 2367 102 41 salle
1381 2384 19 21 «
1421 2367 240 55 provisoire
1688 2381 19 27 »
1729 2367 95 56 qui,
1842 2367 156 55 depuis
2023 2368 123 54 1821,

379 2439 119 41 avait
530 2452 55 28 eu
605 2439 41 41 la
668 2439 135 54 gloire
833 2440 51 41 de
920 2440 107 41 faire
1048 2441 210 41 entendre
1278 2449 108 41 .tant
1414 2441 51 42 de
1486 2441 355 54 chefs-d'œuvre,
1877 2448 273 37 notamment

386 2512 257 42 Guillaume
678 2514 100 40 Tell
812 2521 41 33 et
875 2516 63 40 les
957 2514 275 56 Huguenots
1237 2548 9 20 ,
1270 2516 60 40 les
1362 2516 219 56 pompiers
1605 2516 147 42 furent
1773 2519 85 39 très
1892 2519 258 40 activement

381 2586 206 42 secondés
610 2601 76 41 par
713 2601 88 28 une
834 2587 145 56 légion
1014 2589 53 40 de
1099 2589 276 42 travailleurs
1410 2590 282 53 volontaires,
1723 2591 142 55 parmi
1893 2591 188 54 lesquels
2111 2605 40 27 se

379 2661 320 54 distinguèrent
731 2662 122 42 MM.
896 2662 122 42 Jules
1041 2663 171 54 Comte,
1238 2664 232 42 sous-chef
1484 2665 50 41 de
1567 2666 165 40 bureau
1755 2679 56 27 au
1834 2664 225 42 ministère
2079 2666 71 40 des

379 2735 299 53 Beaux-Arts,
707 2736 153 41 Perrin
884 2736 83 54 fils,
995 2736 41 42 la
1059 2737 177 55 plupart
1254 2738 73 41 des
1360 2738 344 42 fonctionnaires
1725 2749 41 31 et
1788 2740 169 40 artistes
1981 2740 51 39 de
2054 2739 71 41 l'O-

378 2810 116 54 péra.
533 2810 192 41 L'Hôtel
755 2811 73 40 des
849 2819 148 33 ventes
1035 2810 167 43 fournit
1237 2826 78 27 son
1353 2813 256 54 personnel;
1642 2813 59 41 les
1738 2813 140 54 pièces
1907 2813 241 41 d'archives

377 2881 148 43 furent
558 2883 166 55 placées
745 2883 109 42 dans
885 2885 60 40 les
968 2885 196 42 voitures
1185 2886 52 40 de
1257 2886 40 41 la
1331 2886 273 55 Compagnie
1625 2886 72 42 des
1731 2886 389 56 commisseurs-pri-

373 2969 147 37 seurs;
548 2957 110 41 mais
686 2958 41 41 la
762 2959 209 54 musique
992 2960 79 55 qui
1093 2960 151 43 restait
1270 2964 23 37 à
1316 2961 41 41 la
1380 2961 315 56 Bibliothèque
1717 2962 67 41 fut
1808 2963 146 54 portée
1981 2965 23 38 à
2037 2963 110 52 bras,

374 3037 44 34 et
438 3029 194 55 déposée,
659 3044 51 28 en
735 3038 70 34 tas
811 3069 11 19 5
845 3033 110 41 dans
977 3033 41 41 la
1041 3048 106 26 cour
1169 3034 53 42 de
1242 3034 42 42 la
1315 3034 157 42 mairie
1494 3036 51 41 de
1566 3035 41 42 la
1634 3049 78 28 rue
1737 3036 189 44 Drouot.

432 3118 83 41 Par
545 3132 88 28 une
666 3118 295 44 circonstance
989 3121 226 54 heureuse,
1245 3123 28 41 il
1303 3137 52 27 ne
1378 3124 97 55 plut
1497 3138 97 41 pas;
1634 3137 99 27 sans
1762 3123 108 54 cela,
1907 3123 59 42 les
1995 3130 150 49 pertes,

374 3193 84 41 très
480 3192 258 55 réparables,
760 3207 85 41 que
867 3194 88 42 l'on
979 3209 23 27 a
1025 3195 138 53 faites,
1186 3198 191 40 seraient
1397 3198 220 41 devenues
1638 3198 325 41 incalculables.

962 3250 15 9 *

429 3278 108 42 Sans
571 3292 87 28 une
690 3280 378 43 malencontreuse
1094 3283 227 56 habitude,
1359 3298 87 41 que
1486 3285 92 40 rien
1613 3285 68 41 n'a
1713 3299 58 41 pu
1809 3284 265 56 supprimer,
2108 3283 39 41 la

375 3351 305 57 bibliothèque
702 3353 190 43 n'aurait
926 3369 185 42 presque
1130 3372 75 41 pas
1226 3359 65 40 été
1318 3358 181 43 atteinte
1522 3360 35 40 si
1585 3360 61 40 les
1667 3373 182 45 garçons
1870 3358 272 48 d'orchestre,

371 3439 59 28 au
450 3426 88 42 lieu
558 3427 51 42 de
631 3439 223 45 rapporter
872 3429 58 44 les
953 3431 161 54 parties
1138 3446 55 28 au
1224 3432 146 56 dépôt,
1395 3436 124 52 après
1545 3434 40 42 la
1619 3434 360 55 représentation,
2012 3446 52 27 ne
2086 3433 57 40 les
