2291 3860
491 873 594 64 CHRONOLOGIE
1146 881 94 58 DE
1304 870 309 74 L'ANNÉE
1674 886 140 86 1875

827 1359 10 19 c
838 1348 294 56 DÉCE<£M
1140 1364 10 19 c
1151 1363 165 53 B%E
1373 1366 135 55 1874

325 1481 47 35 26
394 1480 236 39 Décembre.
703 1483 431 39 BOUFFES-PARISIENS.
1158 1486 206 38 Première
1387 1488 324 48 représentation
1731 1490 98 37 :Un
1844 1490 200 51 Mariage

275 1554 46 24 en
345 1542 128 38 Chine
479 1575 7 17 ,
514 1544 183 48 opérette
729 1556 51 25 en
811 1557 56 24 un
900 1553 100 41 acte,
1025 1548 160 47 paroles
1218 1549 49 36 de
1302 1550 106 36 MM.
1445 1549 119 38 Clerc
1599 1551 138 48 frères,
1775 1552 188 49 musique
1995 1554 48 35 de

279 1605 54 36 M.
357 1604 185 50 Léopold
560 1605 205 50 Dauphin.
836 1607 234 41 ELDORADO.
1086 1609 205 38 Première
1309 1611 324 49 représentation
1651 1623 7 26 :
1678 1611 88 38 Ah!
1785 1611 37 38 le
1840 1613 176 37 Divorce
2034 1617 11 34 !

277 1667 181 48 opérette
489 1679 51 25 en
571 1679 56 24 un
662 1675 104 41 acte,
801 1668 162 49 paroles
986 1669 48 38 de
1058 1671 58 37 M.
1143 1672 42 36 L.
1222 1672 243 50 Couailhac,
1502 1674 189 49 musique
1725 1674 48 37 de
1801 1676 56 38 M.
1892 1676 153 49 Joseph

279 1728 177 40 Darcier.

326 1822 61 36 27.
479 1810 502 38 CONCERTS-POPULAIRES.
1008 1813 208 38 Première
1243 1816 187 37 audition
1456 1818 120 35 d'une
1599 1816 202 37 Fantaisie
1825 1829 50 24 en
1903 1823 42 30 ut
1968 1817 50 37 mi-

279 1883 102 26 neur
399 1872 118 46 (suite
547 1872 247 38 d'orchestre
827 1886 49 24 en
917 1882 143 40 quatre
1094 1876 176 48 parties),
1303 1877 48 37 de
1380 1879 56 38 M.
1460 1877 514 52 Bourgault-Ducoudray.

278 1933 471 44 FOLIES-DRAMATIQUES.
776 1935 74 37 5oo
854 1942 14 16 e
889 1936 326 49 représentation
1237 1938 49 37 de
1309 1938 39 37 la
1368 1939 110 37 Fille
1500 1939 47 37 de
1569 1940 196 36 Madame
1785 1941 154 50 Angot,

328 2023 61 37 29.
484 2013 191 38 CONCERT
704 2015 138 36 DANBÉ
871 2015 112 45 (salle
1019 2016 227 46 Taitbout).
1285 2018 206 37 Première
1523 2018 184 38 audition
1738 2019 95 37 d'un
1867 2018 178 39 Prélude

276 2084 104 37 pour
407 2074 226 49 orchestre,
655 2075 48 37 de
724 2076 58 36 M.
806 2076 151 38 Octave
979 2077 182 48 Fouque.

327 2154 60 38 30.
486 2155 151 37 OPÉRA.
664 2156 196 38 Dernière
890 2158 327 48 représentation
1246 2160 160 37 donnée
1427 2163 21 34 à
1476 2161 37 37 la
1547 2161 98 37 salle
1673 2161 253 47 Ventadour,
1952 2172 93 26 avec

278 2216 126 37 Faust
410 2248 6 7 .
457 2217 55 36 Le
547 2216 248 49 lendemain,
832 2218 171 38 l'affiche
1037 2220 49 36 de
1119 2232 43 25 ce
1198 2219 156 40 théâtre
1391 2230 60 29 est
1492 2235 154 25 conçue
1681 2235 50 25 en
1768 2234 64 26 ces
1864 2230 148 30 termes
2034 2233 7 25 :

790 2258 5 9 *
1577 2261 10 13 >

279 2292 17 20 «
321 2275 175 40 Théâtre
514 2279 184 37 national
719 2279 49 37 de
786 2279 176 51 l'Opéra.
992 2282 76 35 Par
1084 2282 136 48 ordre,
1246 2283 130 37 mardi
1399 2284 18 37 5
1438 2284 153 52 janvier
1613 2284 109 48 1875,
1741 2284 128 37 soirée
1889 2284 133 37 d'inau-

274 2339 203 48 guration.
504 2340 112 40 Avis.
643 2341 55 37 Le
724 2342 153 37 bureau
907 2342 49 38 de
984 2342 181 38 location
1190 2356 87 26 sera
1299 2353 146 30 ouvert
1469 2359 50 24 au
1547 2345 150 39 nouvel
1725 2346 131 48 Opéra
1878 2348 21 34 à
1920 2344 125 50 partir

275 2400 47 38 de
344 2400 116 37 lundi
481 2414 26 35 4
530 2401 164 52 janvier.
724 2417 15 21 »

322 2481 62 38 31.
489 2483 491 43 THÉATRE-VENTADOUR.
1011 2486 165 49 Reprise
1204 2486 49 37 de
1284 2486 187 51 Crispino
1502 2499 21 25 e
1545 2486 39 37 la
1609 2486 176 38 Comare
1789 2517 7 17 ,
1824 2487 69 37 des
1920 2486 125 38 frères

277 2542 124 50 Ricci,
425 2556 106 36 pour
549 2544 59 36 les
629 2545 149 36 débuts
802 2545 49 37 de
874 2547 308 37 mademoiselle
1209 2547 235 50 d'Angerly,
1472 2560 49 25 en
1547 2548 319 48 remplacement
1888 2549 49 35 de
1959 2561 56 24 ma-

277 2604 239 39 demoiselle
536 2606 132 48 Sebel,
696 2618 145 25 encore
863 2607 247 50 indisposée.
1130 2609 56 36 Ce
1210 2609 132 36 même
1366 2608 102 51 jour,
1486 2609 70 36 des
1578 2608 165 37 affiches
1759 2609 194 49 spéciales
1972 2621 48 24 an-

277 2674 179 30 noncent
477 2667 38 37 la
537 2667 222 50 prochaine
779 2668 305 50 inauguration,
1107 2671 21 34 à
1149 2681 43 25 ce
1213 2667 172 50 théâtre,
1413 2670 54 35 du
1493 2669 157 37 théâtre
1674 2669 158 50 lyrique
1854 2669 188 52 français,

275 2735 37 29 et
333 2728 138 36 donne
490 2727 58 37 les
569 2728 116 36 titres
717 2729 71 36 des
823 2740 199 37 ouvrages
1058 2728 70 50 qui
1158 2737 93 29 sont
1274 2732 21 34 à
1317 2729 149 37 l'étude
1491 2740 7 25 :
1533 2730 62 37 Un
1627 2729 173 50 Caprice
1825 2730 48 36 de
1893 2730 148 48 Ninon,

274 2789 173 36 Manche
472 2792 23 33 à
524 2789 188 47 Manche,
752 2789 35 37 le
816 2789 322 38 Freischûtla
1175 2790 101 49 Clef
1288 2790 110 44 d'Or,
1425 2790 36 37 le
1488 2790 72 38 Val
1587 2790 240 46 d'Andorre,
1854 2790 130 37 Guido
2005 2797 38 32 et

278 2850 188 49 Ginevra,
658 2851 38 36 la
716 2850 123 38 Perle
860 2851 50 36 du
931 2851 136 37 Brésil
1089 2852 71 47 (1).

856 2985 420 60 J&ÎVyjVIEH.
1324 2987 133 54 1875

326 3121 19 23 2
373 3107 167 40 Janvier
545 3139 8 8 .
655 3110 184 37 LONDRES
865 3108 266 50 (Alhambra).
1167 3109 206 38 Première
1401 3111 326 48 représentation
1754 3123 7 25 :
1801 3111 242 53 Wittington

275 3177 39 30 et
333 3182 68 25 son
427 3170 106 38 Chat
536 3200 10 18 ,
570 3172 122 47 opéra
719 3172 136 38 bouffe
877 3183 51 25 en
961 3179 144 42 quatre
1126 3178 124 41 actes,
1283 3172 158 50 paroles
1478 3172 48 38 de
1561 3173 39 37 M
1775 3172 187 50 musique
1996 3173 48 37 de

282 3232 55 37 M.
362 3233 171 49 Jacques
557 3231 242 40 Ofifenbach.

319 3394 50 42 (i)
392 3394 98 33 Dans
516 3394 33 33 le
575 3401 153 27 courant
755 3396 50 32 du
835 3395 96 34 mois
958 3395 44 33 de
1030 3394 204 44 décembre,
1257 3405 48 22 on
1335 3396 95 33 avait
1453 3396 121 34 donné
1601 3406 44 23 au
1670 3396 240 33 café-concert
1935 3395 44 32 de
2008 3395 33 33 la

279 3448 98 34 Scala
400 3450 31 32 la
454 3448 182 45 première
653 3450 289 43 représentation
961 3451 43 32 de
1022 3450 151 33 Rosette
1194 3455 35 28 et
1245 3450 107 33 Colin
1358 3477 8 17 ,
1384 3452 161 43 opérette
1567 3451 235 42 Pompadour
1822 3460 45 22 en
1886 3460 49 21 un
1955 3455 86 35 acte,

281 3504 141 42 paroles
443 3504 44 33 de
507 3505 48 33 M.
579 3504 153 44 Burion,
757 3506 176 42 musique
952 3506 44 33 de
1019 3506 47 33 M.
1090 3503 122 38 PiJati.
