2291 3860
851 391 76 40 LA
959 388 388 50 CHRONIQUE
1380 389 319 41 MUSICALE

379 406 79 25 110

433 1055 32 32 A
511 1054 261 43 Bibliothèque
797 1053 197 41 circulaire,
1092 1054 93 42 parti-

557 1098 98 33 tions
684 1097 241 39 d'orchestre,
1018 1097 121 41 livres,

556 1152 187 32 gravures,
752 1160 41 3 —
808 1140 269 43 lithographies
1094 1140 112 44 (169™

560 1186 71 42 7°)-

435 1227 28 31 B
510 1227 95 33 Salle
626 1227 44 32 de
691 1225 128 35 travail
836 1227 79 41 (141
924 1234 20 12 m
959 1225 73 42 60).

437 1270 28 32 C
514 1270 143 33 Galerie
678 1270 63 32 des
763 1268 166 34 archives
955 1270 40 42 (i
995 1270 40 42 6i
1044 1276 21 12 m
1087 1268 70 42 28).

430 1313 31 32 D
506 1314 152 33 Annexe
678 1312 65 33 des
762 1313 166 32 archives
956 1314 11 41 (
992 1312 43 43 3y
1040 1319 21 12 m
1086 1314 71 41 10).

434 1356 29 32 E
701 1356 56 33 Id.
955 1357 12 42 (
991 1354 40 34 6i
1040 1363 21 11 ra
1083 1355 72 42 38).

1282 1054 79 33 FF
1374 1055 9 16 7
1430 1054 154 35 Cabinet
1600 1055 56 43 (25
1663 1063 20 12 m
1705 1056 73 42 61).

1282 1097 87 32 GG
1379 1098 7 15 7
1432 1098 267 34 Antichambre
1722 1099 54 39 (25
1784 1105 20 12 m
1821 1099 71 41 5o).

1284 1140 100 32 HH'
1430 1141 156 33 Cabinet
1607 1142 43 32 de
1673 1143 140 31 toilette
1839 1142 32 42 (5
1879 1149 18 11 ,n
1920 1141 69 44 75).

1369 1183 12 32 I
1428 1184 144 33 Galerie
1619 1185 63 32 des
1723 1184 135 43 parties
1907 1184 219 36 d'orchestre

1479 1227 42 43 (i
1521 1227 42 43 43
1571 1234 19 12 m
1614 1227 70 42 35).

1370 1270 17 32 J
1435 1270 144 33 Bureau
1602 1271 44 32 de
1668 1271 117 43 copie.

1355 1313 32 32 K
1433 1313 155 33 Cabinet
1610 1314 49 32 du
1682 1314 85 33 chef
1783 1314 44 33 de
1848 1314 116 43 copie.

1284 1355 83 33 LL
1379 1357 8 15 7
1434 1357 127 32 Portes
1582 1357 168 33 donnant
1771 1367 64 23 sur
1856 1357 32 33 la
1907 1357 100 33 salle.

359 1418 50 32 La
430 1416 263 45 Bibliothèque
714 1423 35 28 et
770 1418 53 33 les
844 1416 177 35 Archives
1042 1416 199 45 possèdent
1261 1427 73 23 une
1355 1416 193 45 superficie
1569 1418 110 33 totale
1700 1418 43 33 de
1766 1423 80 38 sept
1863 1424 82 27 cent
1966 1420 161 34 soixante

828 1481 34 25 et
884 1484 89 23 onze
998 1474 147 41 mètres,
1167 1472 209 45 vingt-sept
1397 1473 247 34 centimètres.

413 1593 60 42 Le
496 1606 55 42 29
573 1592 176 42 octobre
776 1590 128 56 1873,
925 1604 59 28 on
1005 1597 247 47 transporta
1273 1590 51 42 de
1346 1591 129 55 suite,
1500 1605 56 27 au
1580 1604 203 28 nouveau
1809 1590 232 55 bâtiment,
2065 1592 57 41 les

362 1668 155 55 épaves
546 1666 61 41 du
638 1666 129 54 dépôt
791 1674 41 32 et
859 1665 73 41 des
954 1664 213 43 archives.
1194 1665 60 40 Le
1279 1665 165 41 bureau
1466 1666 52 40 de
1547 1664 123 56 copie
1691 1665 66 42 fut
1780 1665 183 43 institué
1983 1666 118 55 provi-

358 1741 238 41 soirement
613 1754 56 26 au
687 1739 187 55 premier
894 1740 137 52 étage.
1052 1738 185 42 Comme
1252 1739 108 41 dans
1377 1738 41 42 la
1435 1752 78 28 rue
1536 1740 187 49 Drouot,
1744 1753 58 28 on
1825 1740 122 56 plaça
1962 1754 73 27 sur
2055 1740 70 42 des

353 1828 160 41 rayons
548 1813 241 42 construits
814 1816 23 38 à
861 1813 41 41 la
926 1813 116 54 hâte,
1074 1813 60 40 les
1174 1827 215 40 ouvrages
1422 1813 59 41 du
1521 1813 237 56 répertoire
1795 1814 209 41 moderne
2021 1828 10 41 ;
2071 1829 52 27 au

353 1888 252 55 cinquième
626 1888 136 54 étage,
785 1888 107 40 dans
925 1901 87 27 une
1039 1887 118 55 pièce
1179 1888 79 54 qui
1284 1897 63 32 est
1370 1887 279 42 maintenant
1682 1888 38 41 le
1744 1889 169 40 bureau
1948 1888 59 41 du
2028 1888 94 42 chef

351 1961 52 41 de
424 1961 137 56 copie,
584 1975 58 27 on
663 1961 81 41 mit
765 1962 60 40 les
847 1961 237 55 partitions
1104 1961 60 41 du
1186 1961 134 41 vieux
1336 1961 251 55 répertoire;
1611 1961 60 42 les
1687 1962 160 55 parties
1868 1962 258 42 d'orchestre

352 2043 41 34 et
413 2036 60 41 les
494 2035 194 42 archives
710 2038 255 39 trouvèrent
991 2035 121 56 place
1133 2036 109 41 dans
1263 2036 42 41 la
1327 2036 185 41 seconde
1533 2036 160 55 galerie
1714 2049 76 29 sur
1811 2036 73 41 des
1904 2036 217 55 tablettes,

353 2123 86 41 que
456 2109 59 42 les
537 2109 261 42 menuisiers
814 2109 61 41 du
899 2109 217 42 bâtiment
1138 2110 335 42 construisirent
1494 2110 200 42 aussitôt.

407 2183 125 44 Cette
548 2183 230 55 situation,
802 2183 99 56 plus
917 2197 85 42 que
1023 2183 259 56 provisoire,
1307 2198 54 27 ne
1379 2184 185 56 pouvait
1585 2185 134 42 durer
1740 2185 262 56 longtemps.
2027 2187 40 39 A
2084 2185 40 41 la

350 2257 128 42 veille
507 2258 51 41 de
584 2257 180 42 devenir
801 2271 87 28 une
922 2258 301 55 bibliothèque
1269 2258 284 56 importante,
1597 2272 85 42 que
1712 2260 40 40 le
1788 2258 226 42 ministère
2054 2258 71 42 des

354 2333 284 41 Beaux-Arts
659 2332 138 42 désire
818 2332 169 52 ouvrir,
1014 2333 131 41 sinon
1161 2347 57 28 au
1240 2333 168 55 public,
1428 2333 60 41 du
1513 2333 145 42 moins
1674 2347 87 28 aux
1782 2342 236 46 amateurs,
2041 2347 85 28 aux

352 2406 339 54 musicologues,
716 2420 87 28 aux
833 2407 295 41 dessinateurs
1148 2417 41 32 et
1212 2422 86 28 aux
1319 2408 189 55 peintres
1531 2422 53 28 en
1607 2408 276 42 décorations
1901 2422 11 34 ;
1936 2408 33 42 il
1992 2408 134 42 fallait

351 2481 269 42 inventorier
647 2495 68 28 ces
739 2481 208 42 richesses
974 2481 267 57 artistiques,
1270 2483 61 41 les
1358 2483 263 56 cataloguer,
1652 2491 156 33 mettre
1833 2482 119 42 enfin
1976 2487 25 37 à
2030 2491 96 34 tout

353 2556 89 41 cela
464 2570 63 28 un
554 2556 123 41 ordre
698 2556 213 54 matériel,
936 2556 77 55 qui
1038 2560 159 52 permît
1218 2557 259 43 d'atteindre
1496 2559 38 40 le
1557 2559 81 40 but
1659 2559 199 54 proposé.

408 2633 72 38 Au
513 2631 112 41 mois
658 2631 52 41 de
744 2631 228 41 décembre
1011 2631 127 55 1873,
1176 2645 76 27 sur
1284 2631 41 41 la
1355 2632 278 56 proposition
1663 2634 52 40 de
1747 2632 64 42 M.
1839 2631 283 54 Vaucorbeil,

353 2704 294 41 commissaire
669 2705 60 41 du
760 2713 364 47 gouvernement,
1157 2705 200 55 toujours
1378 2706 120 55 plein
1527 2706 53 41 de
1606 2706 90 42 zèle
1717 2720 113 42 pour
1856 2714 99 34 tout
1978 2719 46 28 ce
2049 2706 75 54 qui

353 2778 204 42 intéresse
577 2779 41 41 la
650 2779 208 55 musique
880 2787 40 35 et
941 2780 61 40 les
1025 2779 256 55 musiciens,
1304 2778 63 44 M.
1406 2780 170 42 Arthur
1598 2781 53 41 de
1674 2780 244 56 Beauplan,
1952 2780 97 42 chef
2066 2780 58 40 du

355 2853 163 41 bureau
536 2853 71 41 des
628 2853 201 56 théâtres,
854 2854 157 42 voulut
1034 2854 103 41 bien
1159 2868 70 27 me
1250 2855 180 55 charger
1451 2855 51 41 de
1524 2869 44 28 ce
1587 2855 156 42 travail
1765 2855 276 42 intéressant.

408 2930 40 38 A
473 2927 233 42 l'occasion
739 2929 59 41 du
823 2928 383 42 renouvellement
1232 2929 60 42 du
1321 2929 147 42 cahier
1488 2930 72 41 des
1591 2930 191 54 charges,
1807 2944 62 27 un
1898 2930 137 41 arrêté
2064 2929 58 41 du

353 2999 215 54 ministre,
594 3015 53 27 en
667 3001 99 42 date
786 3002 60 41 du
872 3003 20 40 3
908 3016 14 27 1
948 3003 242 52 décembre,
1215 3017 24 28 a
1255 3005 143 41 statué
1416 3003 355 43 définitivement
1793 3017 74 28 sur
1885 3010 108 35 cette
2010 3017 92 41 orga-

353 3074 193 42 nisation
568 3075 59 41 du
652 3076 228 54 personnel
901 3076 74 42 des
993 3077 212 43 archives,
1246 3092 11 10 *

1346 3151 115 43 TH.
1497 3151 87 42 DE
1619 3150 336 44 LAJARTE.

528 3242 65 42 (La
616 3242 96 34 suite
734 3242 346 44 prochainement.)
