2621 4023
1287 204 124 67 220

338 360 31 36 «
409 339 235 62 Pierre
695 343 78 59 tu
806 359 108 45 me
943 345 302 62 renieras
1291 366 126 62 par
1444 348 172 63 trois
1649 350 135 64 fois
1813 355 204 60 avant
2046 372 133 61 que
2209 355 61 63 le
2317 374 122 64 coq

253 421 97 61 ait
379 421 242 61 chanté
646 423 11 59 !
688 443 30 36 »

337 503 104 61 Oh
494 504 258 75 Pierre,
797 507 260 76 Pierre,
1109 514 342 76 pourquoi
1504 515 230 61 renier
1764 519 117 60 ton
1916 518 313 62 Sauveur
2276 522 38 58 à
2369 522 66 62 la

253 584 146 61 face
428 584 121 61 des
583 590 403 60 servantes?
1013 592 130 61 Les
1176 611 295 61 pauvres
1500 614 83 44 ne
1613 601 277 60 sont-ils
1940 620 120 61 pas
2088 602 103 61 les
2223 621 159 44 mem-

252 665 155 61 bres
439 667 91 59 du
580 668 231 62 Christ
856 670 458 83 rédempteur.
1349 677 101 62 Ne
1490 677 309 66 l'a-t-elle
1850 701 121 61 pas
2020 684 329 75 annoncé,
2374 687 65 61 la

253 748 226 61 bonne
530 750 320 63 nouvelle
881 754 10 59 !
926 754 346 64 N'a-t-elle
1312 777 124 60 pas
1493 763 306 61 annoncé
1836 767 170 60 cette
2058 766 347 63 identifica-

251 830 144 61 tion
431 830 91 60 du
553 830 230 64 Christ
822 837 62 58 et
912 837 82 61 de
1020 838 66 60 la
1109 839 188 61 chair
1325 841 462 66 douloureuse
1818 847 335 62 d'Adam?

329 912 234 61 Pierre
594 915 76 59 tu
704 932 72 43 as
804 918 188 61 renié
1020 921 118 59 ton
1169 922 228 62 Christ
1427 927 302 76 pendant
1759 929 160 77 plus
1954 929 81 61 de
2067 929 189 63 mille
2284 948 147 46 ans.

248 994 192 61 Dans
472 994 66 61 la
583 997 379 78 splendeur
999 1002 81 61 de
1112 1003 66 61 la
1226 1004 196 77 tiare,
1458 1009 65 59 et
1556 1009 120 60 des
1723 1011 384 63 vêtements
2157 1016 242 75 pontifi-

246 1093 199 57 caux,
496 1095 164 44 sous
691 1079 102 61 les
821 1082 307 65 marbres
1163 1086 90 59 du
1283 1087 288 63 Vatican
1599 1092 77 60 tu
1704 1092 123 61 t'es
1860 1112 166 61 repu
2058 1095 81 61 de
2173 1097 256 75 vanité,

246 1158 74 60 tu
355 1175 75 43 as
459 1157 99 62 dit
609 1178 12 41 :
662 1181 29 35 «
721 1162 152 61 Non
895 1164 69 79 je
983 1183 82 44 ne
1100 1169 281 61 connais
1427 1189 124 60 pas
1579 1175 103 58 cet
1707 1175 301 74 homme,
2041 1176 70 79 je
2145 1177 149 62 suis
2333 1180 94 61 du

243 1239 175 79 parti
467 1239 119 61 des
632 1244 411 65 marchands
1076 1249 92 60 du
1196 1251 279 80 temple,
1512 1256 63 60 et
1606 1256 119 60 des
1752 1257 392 78 publicains
2172 1260 12 59 !

331 1342 31 37 «
397 1322 77 61 Je
498 1340 83 43 ne
610 1332 282 56 connais
920 1349 122 59 pas
1075 1333 104 60 cet
1211 1332 275 65 homme
1523 1354 130 62 que
1676 1338 135 61 l'on
1843 1341 287 74 torture,
2166 1342 165 61 dont
2363 1343 62 63 le

248 1403 180 60 front
460 1406 104 58 est
609 1407 179 61 ceint
821 1410 328 80 d'épines,
1178 1415 164 61 dont
1373 1417 63 61 le
1481 1418 183 63 torse
1688 1437 96 44 nu
1814 1423 103 60 est
1944 1423 198 79 rougi
2168 1441 125 62 par
2321 1425 101 62 les

246 1484 316 75 lanières,
599 1490 63 60 et
693 1490 38 59 à
759 1490 66 62 la
849 1491 143 63 face
1027 1495 81 61 de
1142 1497 117 78 qui
1293 1500 319 61 crachent
1634 1502 103 61 les
1767 1503 262 63 soldats
2059 1506 12 60 !
2104 1526 29 37 »

331 1587 36 37 «•
393 1568 79 61 Je
502 1586 83 44 ne
619 1575 278 61 connais
929 1595 124 60 pas
1080 1578 62 61 le
1174 1597 254 61 pauvre
1463 1600 131 62 que
1613 1585 202 76 voici,
1853 1589 209 77 qu'on
2095 1606 84 44 va
2210 1591 180 60 cruci-

246 1648 123 62 fier
399 1651 191 62 entre
620 1653 103 63 les
755 1657 275 62 voleurs
1057 1661 10 58 !
1108 1680 29 37 »

320 1731 266 80 Depuis
615 1736 189 62 mille
828 1755 147 60 ans,
1000 1741 253 75 Pierre,
1274 1746 76 60 tu
1385 1746 110 60 dis
1522 1747 142 63 cela
1688 1766 173 63 pour
1883 1751 189 61 avoir
2095 1752 64 61 la
2186 1751 241 65 faveur

243 1812 119 61 des
414 1820 351 59 servantes
798 1822 64 59 et
878 1821 293 65 l'estime
1207 1827 119 61 des
1357 1830 242 77 gardes
1646 1831 83 62 de
1754 1832 295 79 prétoire
2078 1836 12 60 !

322 1895 100 59 En
454 1897 160 61 vain
646 1900 179 62 Dieu
858 1904 327 63 t'avertit!
1218 1907 103 61 En
1345 1910 160 61 vain
1538 1929 87 43 on
1651 1914 66 61 te
1745 1915 343 79 dépouille
2145 1918 65 60 et
2243 1935 85 45 on
2356 1919 66 61 te

240 1975 314 64 violente.
608 1981 101 61 Tu
741 1986 334 75 persistes
1123 1989 172 62 dans
1319 1992 115 60 ton
1463 1996 262 76 orgueil
1768 1998 324 62 insensé?

319 2057 283 73 Quelles
634 2064 253 64 larmes
915 2086 86 44 au
1030 2070 209 62 réveil
1267 2076 11 56 !
1331 2072 251 73 Quand
1607 2076 62 62 le
1704 2097 124 61 coq
1856 2081 352 63 chantera!

317 2141 94 62 Le
470 2161 125 63 coq
641 2149 439 81 symbolique
1137 2154 119 61 des
1317 2156 333 65 écritures
1681 2163 10 58 !
1756 2163 109 61 Ah
1923 2164 386 79 ignores-tu
2356 2169 63 61 le

235 2239 162 46 sens
442 2225 82 62 de
569 2231 392 78 prophéties
1011 2235 270 62 divines
1301 2239 11 60 !
1367 2240 94 61 Le
1495 2258 125 62 coq
1664 2243 164 63 c'est
1858 2245 365 66 l'incendie
2267 2252 37 58 à
2350 2252 66 60 la

235 2306 177 60 crete
444 2325 230 62 rouge,
709 2312 163 63 c'est
897 2314 64 62 le
990 2316 254 63 clairon
1274 2320 82 62 de
1387 2321 66 61 la
1484 2323 256 64 révolte
1771 2326 63 61 et
1867 2328 82 62 de
1980 2329 66 61 la
2078 2329 301 66 résurrec-

232 2386 167 74 tion,
435 2390 66 60 et
526 2390 62 62 le
621 2410 124 62 coq
775 2395 161 62 c'est
958 2398 67 59 la
1052 2398 218 64 Gaule
1293 2403 10 59 !

318 2470 104 61 Oh
468 2475 357 64 mendiant
853 2483 10 54 !
896 2478 206 81 Agis!
1135 2486 368 78 accomplis
1526 2489 66 60 la
1612 2492 348 76 parabole.

312 2551 97 62 Ne
464 2553 227 64 faut-il
718 2577 122 61 pas
865 2578 131 61 que
1028 2563 62 62 le
1119 2582 124 62 coq
1276 2584 69 43 se
1385 2568 278 65 réveille
1697 2573 219 63 enfin!
1951 2593 131 61 que
2129 2596 75 44 sa
2233 2580 179 64 crête

232 2633 82 59 de
365 2634 316 66 flammes
733 2640 318 65 frémisse
1113 2663 119 43 sur
1277 2649 100 61 les
1430 2653 168 60 cités
1654 2655 425 79 oublieuses,
2135 2678 135 62 que
2342 2682 75 43 sa

227 2718 255 73 grande
528 2738 158 43 voix
719 2724 344 65 claironne
1108 2728 61 62 le
1198 2730 189 64 lever
1415 2734 90 61 du
1541 2735 152 77 jour
1717 2756 343 57 nouveau,
2104 2743 191 65 l'être
2326 2747 82 62 de

228 2794 65 61 la
320 2795 352 67 fraternité
703 2805 308 78 prédite?

310 2878 98 62 Ne
442 2879 225 65 faut-il
709 2904 121 60 pas
860 2906 131 61 que
1019 2892 231 62 Pierre
1297 2895 236 79 pleure
1568 2917 124 44 son
1742 2902 236 78 péché,
2034 2907 64 61 et
2142 2909 266 75 périsse

225 2977 266 48 comme
521 2982 121 44 son
674 2967 191 63 divin
893 2972 268 77 Maître,
1225 2978 80 60 de
1331 2979 65 60 la
1425 2982 185 59 main
1632 2983 121 61 des
1786 2984 412 69 bourreaux.

313 3041 124 77 Va,
474 3049 379 76 mendiant,
888 3057 268 59 montre
1185 3059 117 60 ton
1342 3066 260 73 spectre
1635 3064 260 64 hideux
1951 3071 32 59 à
2020 3071 65 59 la
2120 3072 285 66 faconde

225 3125 90 57 du
364 3127 209 76 îiche,
609 3148 185 46 arme
827 3135 116 60 ton
990 3137 159 63 bras
1183 3142 65 59 et
1278 3144 253 77 parais,
1580 3149 65 58 et
1691 3151 206 61 attise
1944 3152 66 61 la
2055 3152 355 69 fournaise

225 3209 79 56 de
337 3209 66 59 la
446 3209 314 65 Douleur
816 3217 373 78 Humaine,
1237 3242 174 60 pour
1466 3245 131 61 que
1659 3247 165 46 sous
1875 3233 297 82 l'éperon
2233 3241 81 61 de
2349 3242 62 61 la

224 3292 381 62 souffrance
653 3297 224 62 Adam
912 3302 198 76 peine
1169 3306 63 58 et
1267 3306 196 63 tâche
1498 3311 37 59 à
1566 3315 445 78 reconquérir
2055 3318 267 66 l'Eden.
2370 3325 37 59 à

221 3372 261 61 recréer
531 3375 56 61 le
621 3378 171 62 fruit
816 3381 81 62 de
921 3382 247 66 l'arbre
1199 3387 83 61 de
1312 3389 63 60 la
1403 3392 288 75 science,
1725 3397 62 61 le
1823 3397 169 64 fruit
2024 3401 288 79 intégral
2344 3410 64 57 et

219 3455 275 74 parfait,
525 3458 65 61 la
620 3464 295 75 panacée
936 3467 119 79 qui
1084 3469 305 65 détruira
1419 3475 100 60 les
1549 3477 405 66 différences
1992 3483 93 61 du
2119 3486 170 63 Bien
2337 3492 61 59 et

224 3537 91 57 du
346 3537 135 61 Mal
512 3543 287 64 effacées
827 3547 37 60 à
884 3548 290 66 l'aurore
1203 3553 90 61 du
1326 3555 206 81 règne
1559 3560 80 61 de
1667 3561 255 79 justice
1949 3566 10 58 !

307 3636 27 35 «
365 3617 98 63 Ne
496 3624 242 64 sait-tu
764 3645 120 64 pas
910 3629 63 63 le
1001 3650 287 64 courage
1323 3637 92 62 du
1465 3645 302 61 meurtre
1791 3645 29 59 ?
1843 3666 37 37 »
