2621 4023
1211 282 114 62 229

198 408 283 74 pensées
516 413 265 61 hautes.
819 416 99 59 De
961 417 216 59 même
1229 419 165 59 dans
1451 418 66 60 la
1572 419 249 63 France
1866 419 459 65 méridionale.

198 487 235 73 Aussi,
453 508 81 42 ne
561 494 427 61 meritent-ils
1021 497 191 76 pasle
1225 498 182 76 juste
1427 498 241 60 dédain
1701 501 160 58 dont
1884 499 248 63 étaient
2147 521 144 44 acca-

198 564 147 62 blés
376 569 397 65 Allemands
807 578 61 57 et
896 576 282 71 Russes,
1220 578 300 60 cessemi
1549 582 185 57 Huns
1766 583 64 56 et
1861 581 168 58 semi
2062 582 257 75 Tatars,

196 644 49 59 il
292 663 82 43 ne
428 654 261 71 prenait
743 671 118 61 pas
904 671 107 43 ces
1060 657 326 61 attitudes
1430 658 169 59 viles
1654 676 125 60 cpie
1822 662 207 75 prend
2090 680 232 44 encore

198 727 430 76 aujourd'hui
657 733 318 61 l'usurier
1005 737 160 58 d'un
1216 741 286 57 hameau
1531 739 297 75 polonais
1865 742 224 76 quond
2133 744 48 58 il
2230 762 64 42 re-

195 807 131 68 çoit
358 826 84 40 au
471 828 166 61 coup
660 814 500 61 d'houssine.Et
1184 821 199 75 qu'on
1412 836 80 41 ne
1525 819 143 59 dise
1689 837 119 59 pas
1832 838 127 60 que
1985 821 303 63 rabaisse-

202 889 181 56 ment
411 889 420 65 intellectuel
864 898 63 57 et
960 898 208 57 moral
1197 899 79 59 de
1304 916 108 42 ces
1445 897 432 76 Askenazim,
1907 902 144 58 leur
2081 904 205 77 impos-

202 965 250 63 sibilité
506 971 37 58 à
600 976 318 72 produire
977 977 519 61 littérairement
1546 981 64 56 et
1682 981 640 76 scientifiquement,

202 1051 151 54 sont
379 1051 238 59 causés
645 1071 117 58 par
792 1056 99 59 les
920 1057 485 79 proscriptions
1436 1061 61 57 et
1541 1057 97 60 les
1676 1063 330 74 martyres
2039 1064 281 75 répétés,

196 1127 362 77 puisqu'en
593 1133 291 78 Pologne
917 1142 85 56 où
1032 1137 83 60 ils
1145 1138 319 60 vécurent
1496 1138 246 60 durant
1776 1142 79 58 de
1889 1143 289 78 longues
2209 1161 74 41 an-

200 1207 162 59 nées
397 1227 156 42 sous
584 1213 117 60 des
735 1216 453 63 dominations
1221 1218 398 71 favorables,
1642 1219 82 59 ils
1752 1223 179 59 n'ont
1960 1242 79 43 su
2073 1226 253 58 donner

198 1287 191 59 autre
417 1291 200 59 chose
650 1310 127 59 que
801 1302 169 57 cette
1000 1298 376 60 littérature
1408 1298 469 79 Talmudique,
1896 1302 249 74 fausse,
2178 1306 110 57 des-

202 1365 257 75 séchée,
519 1372 400 66 déïestable.
1002 1381 123 58 Ces
1167 1379 465 73 malheureux,
1687 1398 169 59 pour
1898 1383 295 79 lesquels
2239 1401 78 42 on

202 1444 139 60 doit
374 1449 187 60 avoir
608 1452 68 61 la
727 1456 164 75 pitié
944 1459 130 60 due
1129 1475 132 42 aux
1301 1458 438 74 souffrances,
1789 1462 170 58 mais
2009 1482 132 41 non
2190 1480 131 42 une

202 1527 425 80 quelconque
657 1536 238 61 estime
929 1542 151 57 sont
1116 1538 215 61 restés
1362 1539 309 77 toujours
1692 1557 159 42 sous
1877 1542 64 58 la
1974 1545 209 58 férule
2204 1545 117 58 des

198 1604 204 62 vieux
434 1611 277 62 rabbins
744 1616 232 61 étroits
1004 1619 122 77 qui
1157 1619 146 59 leur
1329 1618 315 76 imposait
1698 1637 129 41 une
1874 1623 280 60 ridicule
2188 1623 101 59 dia-

198 1684 285 80 lecique,
579 1693 308 79 frappant
944 1699 37 59 à
1033 1701 249 76 jamais
1334 1698 428 61 d'imbécilité
1825 1701 147 61 leur
2038 1703 282 60 cervelle

200 1764 150 79 déjà
382 1771 209 59 vouée
623 1791 131 42 aux
783 1776 431 63 déchéances.
1245 1779 101 58 En
1364 1782 151 57 vain
1554 1781 116 58 des
1703 1782 243 72 esprits
1996 1783 152 75 plus
2195 1782 96 58 lar-

199 1861 138 59 ges,
370 1866 80 42 en
478 1852 416 80 Allemagne,
942 1860 358 62 voulurent
1352 1857 98 62 les
1501 1860 305 60 arracher
1849 1862 35 57 à
1934 1880 108 42 ces
2094 1880 225 52 maux,

202 1941 82 43 en
307 1928 155 60 vain
494 1932 442 65 Mendelshon
969 1942 62 56 et
1060 1940 99 58 les
1183 1940 384 60 rédacteurs
1600 1941 90 58 du
1729 1938 257 61 Measef
2011 1941 274 76 ressayè-

200 2008 267 71 rent,ils
490 2028 81 42 ne
593 2013 369 65 réussirent
983 2020 151 76 qu'à
1158 2021 330 59 convertir
1515 2036 84 43 au
1626 2020 497 60 christianisme
2142 2021 180 59 leurs

202 2087 261 79 entan(s
497 2094 113 73 qui
643 2112 40 59 y
711 2097 265 62 vinrent
1002 2117 119 59 par
1141 2101 243 76 dégoût
1412 2101 79 58 de
1524 2117 167 43 ceux
1734 2100 160 59 dont
1940 2102 87 57 ils
2077 2101 245 58 étaient

202 2168 335 62 entourés.

278 2248 129 60 Les
444 2252 489 67 circonstances
966 2260 432 73 extérieures,
1428 2260 378 59 l'influence
1847 2261 119 58 des
2016 2260 304 73 milieux,

196 2326 101 59 les
329 2345 237 47 causes
590 2334 413 80 historiques
1023 2342 62 57 et
1107 2341 98 58 les
1231 2341 286 70 climats,
1538 2356 80 42 ne
1637 2342 147 56 sont
1828 2356 118 58 pas
1973 2338 351 61 suffisants

198 2423 169 59 pour
397 2413 352 78 expliquer
797 2420 79 58 de
919 2420 408 59 semblables
1371 2418 393 61 différences
1794 2420 156 58 chez
2001 2420 117 58 des
2148 2420 174 58 êtres

203 2488 186 59 issus
458 2492 197 62 d'une
720 2500 247 58 souche
1011 2517 375 42 commune.
1447 2498 258 73 Seules,
1764 2498 115 60 des
1948 2498 373 60 déviations

200 2567 168 60 dues
417 2571 37 57 à
506 2575 117 59 des
680 2580 364 76 mélanges,
1098 2597 90 41 un
1233 2581 435 75 changement
1723 2577 79 58 de
1861 2578 459 71 constitution,

199 2665 131 42 une
364 2655 461 63 modification
854 2661 79 58 de
964 2660 62 58 la
1059 2660 358 59 substance
1447 2657 357 72 cérébrale,
1840 2658 98 59 les
1963 2658 356 75 justifient,

199 2729 65 58 et
293 2728 132 60 l'on
454 2740 162 71 peut
640 2738 141 60 dire
815 2757 128 59 que
970 2741 63 58 la
1063 2757 161 60 pure
1252 2757 143 42 race
1423 2740 186 76 juive
1656 2738 279 59 n'existe
1963 2738 178 75 plus,
2173 2736 153 59 sauf

196 2808 159 60 chez
409 2832 130 42 une
599 2820 276 71 poignée
920 2822 80 59 de
1045 2821 322 70 karaïtes,
1416 2822 61 57 et
1534 2835 232 43 encore
1812 2818 137 59 cela
1992 2818 165 59 n'est
2207 2835 117 56 pas

198 2888 368 68 démontré.

283 2971 126 62 Les
435 2976 173 76 juifs
654 2997 256 56 russes,
946 2982 63 59 et
1040 2981 96 60 les
1196 2978 171 79 juifs
1421 2978 313 71 français,
1793 2977 98 60 les
1948 2976 170 76 juifs
2174 2975 123 58 alle-

198 3057 266 73 mands,
501 3061 64 57 et
595 3060 98 59 les
718 3060 176 78 juifs
927 3062 283 76 anglais,
1249 3061 98 58 les
1374 3058 172 78 juifs
1581 3058 305 77 polonais
1936 3061 61 55 et
2028 3057 99 57 les
2154 3055 172 75 juifs

198 3128 298 80 italiens,
530 3141 150 57 sont
718 3141 267 77 séparés
1016 3159 118 58 par
1163 3141 98 58 les
1304 3140 256 58 mêmes
1607 3138 337 59 distances
1986 3135 113 76 qui
2146 3135 145 75 sépa-

196 3213 149 56 rent
387 3216 99 61 les
514 3220 229 59 Slaves
790 3222 118 59 des
939 3220 379 70 Germains,
1350 3220 99 59 les
1470 3217 231 61 Latins
1734 3218 117 58 des
1882 3215 277 58 Saxons.
2192 3213 135 61 Dès

198 3297 161 71 lors,
393 3300 64 58 la
486 3302 284 59 seconde
798 3302 228 59 raison
1059 3319 127 58 que
1211 3300 299 77 pourrait
1539 3298 327 75 invoquer
1893 3312 79 41 en
2000 3311 72 42 sa
2096 3295 231 59 faveur

195 3373 358 66 l'Alliance
584 3381 302 61 Israélite
928 3380 444 71 Universelle,
1432 3396 74 41 sa
1560 3377 221 59 raison
1828 3373 362 78 principale
2241 3391 84 43 au

200 3464 186 72 fond,
414 3464 325 77 disparait
788 3465 64 57 et
884 3480 81 42 ne
1011 3479 69 43 se
1112 3462 159 75 peut
1299 3458 322 60 soutenir.
1657 3457 51 57 11
1753 3455 293 59 faudrait
2094 3471 193 60 cepen-

202 3545 161 59 dant
410 3544 376 59 s'entendre
821 3544 10 57 !
866 3541 373 70 Gomment,
1272 3555 169 42 vous
1473 3535 373 72 Israélites,,
1880 3550 169 43 vous
2075 3537 215 74 protes-

199 3629 104 58 tez
330 3625 226 76 quand
584 3641 84 42 on
697 3639 167 44 vous
909 3621 132 61 crie
1092 3640 12 39 :
1140 3636 169 42 vous
1341 3617 226 60 n'avez
1592 3632 121 61 pas
1764 3616 78 58 de
1886 3613 233 78 patrie,
2154 3631 168 43 vous
