2621 4023
1294 222 120 63 206

381 368 68 80 je
496 386 82 43 ne
619 384 183 44 veux
844 383 122 62 pas
1018 363 167 62 faire
1239 365 81 61 de
1350 363 292 62 réclame
1684 382 88 43 au
1813 364 419 76 traducteur,
2281 371 61 58 et
2378 391 71 43 ce

270 451 398 59 traducteur
726 448 172 61 n'est
927 464 124 61 pas
1110 447 172 75 moi;
1316 464 174 44 vous
1527 463 189 45 serez
1763 447 487 62 certainement
2304 470 107 44 con-

268 531 248 60 vaincu
548 529 167 79 qu'il
742 547 46 61 y
807 529 115 61 eut
943 524 580 83 précohtrefaçon,
1547 527 177 61 mais
1759 528 165 60 delà
1955 529 150 76 part
2139 529 91 60 du
2262 533 184 76 poète

270 612 392 61 américain.

347 746 385 63 Avez-vous
760 748 70 59 lu
858 753 95 56 les
986 752 386 57 Flaireurs
1400 746 81 60 de
1503 763 133 43 van
1664 746 428 79 Lerberghe?
2121 746 139 63 Ah!
2300 750 55 60 si
2385 758 63 57 la

259 835 369 69 princesse
661 828 302 63 Maleine
999 830 100 60 est
1134 828 892 78 supra-Shakespearienne,
2065 830 37 60 à
2134 848 170 61 coup
2337 851 117 45 sur

271 919 94 55 les
442 915 61 55 F
506 917 100 55 lai
612 928 131 44 reu
750 929 39 42 r
792 927 31 45 s
886 913 152 59 sont
1108 910 810 61 ante-Maeterlinckistes
1946 931 15 54 ;
2011 929 172 43 vous
2258 929 192 47 aurez

270 994 81 60 de
399 993 172 61 cette
628 993 255 60 lecture
929 1009 134 44 une
1105 992 394 78 jouissance
1555 992 237 61 infinie
1833 992 118 78 qui
2012 992 142 61 fera
2204 993 249 65 hésiter

267 1075 191 61 votre
506 1075 353 60 adoration
893 1074 81 61 de
1006 1074 38 60 Y
1053 1078 290 58 Intruse
1388 1075 65 59 et
1486 1073 82 61 de
1617 1074 66 60 la
1716 1074 370 61 délicieuse
2119 1079 329 74 Maleine,

270 1159 64 59 et
360 1155 68 79 je
484 1155 64 60 la
599 1155 262 61 déclare
907 1154 368 62 délicieuse
1320 1172 160 43 avec
1535 1157 238 58 autant
1825 1155 82 61 de
1960 1155 317 63 sincérité
2326 1176 127 61 que

265 1256 175 43 vous
472 1238 207 60 l'avez
705 1237 379 78 proclamée
1107 1237 60 61 le
1202 1234 490 64 chef-d'œuvre
1717 1237 91 59 du
1839 1237 228 62 siècle.

348 1371 85 60 Et
466 1371 141 61 cela
640 1371 102 60 est
773 1370 168 62 vrai,
978 1375 151 56 cent
1178 1369 130 62 fois
1335 1370 146 60 vrai
1519 1389 10 39 :
1566 1370 102 61 les
1709 1370 233 80 belges
1990 1371 83 61 de
2110 1373 65 59 la
2205 1373 218 63 littéra-

267 1454 150 58 ture
480 1451 266 79 pillent,
830 1451 475 79 démarquent,
1382 1450 438 62 détroussent
1880 1469 159 45 avec
2096 1470 134 44 une
2284 1455 139 62 tran-

270 1534 242 79 quilité
555 1534 218 61 d'âme
814 1534 188 61 aussi
1034 1533 288 80 parfaite
1386 1534 209 77 qu'un
1644 1535 414 61 actionnaire
2101 1536 81 59 de
2236 1538 218 62 mines

266 1615 142 61 voit
435 1616 400 78 augmenter
872 1633 108 43 ses
1013 1615 430 74 dividendes,
1490 1632 159 43 sans
1684 1615 267 61 vouloir
1974 1615 363 80 [connaître
2374 1620 77 61 de

271 1696 263 79 quelles
590 1696 297 79 fatigues
922 1698 152 58 sont
1105 1695 201 61 faites
1341 1714 110 43 ses
1479 1696 461 79 jouissances.
1983 1694 94 63 Ils
2125 1700 114 59 ont
2276 1718 177 61 pour

268 1797 136 43 eux
455 1780 119 59 des
621 1778 447 62 commodités
1126 1778 414 61 matérielles
1592 1795 130 61 que
1773 1797 176 43 nous
1990 1780 279 61 n'avons
2300 1801 151 60 pas;

267 1861 88 60 ils
388 1863 115 58 ont
536 1861 120 60 des
690 1860 443 79 imprimeurs
1162 1859 234 61 faciles
1430 1861 65 60 et
1529 1861 373 78 soigneux;
1935 1861 86 61 ils
2055 1864 116 58 ont
2201 1881 96 41 un
2327 1883 80 60 pu-

266 1942 160 74 blic,
461 1943 65 59 et
560 1945 238 57 savent
839 1943 86 58 où
971 1942 289 77 prendre
1312 1958 173 62 pour
1513 1944 352 58 contenter
1899 1961 71 43 ce
2012 1943 254 79 public.
2298 1947 117 59 Par-

270 2024 191 61 dieu!
489 2024 69 79 je
600 2042 171 43 vous
835 2023 176 61 crois
1047 2023 203 79 qu'ils
1294 2024 351 74 reçoivent
1689 2024 160 62 bien
1898 2027 63 58 et
2017 2027 292 78 cajolent
2354 2028 101 62 les

267 2105 334 61 écrivains
675 2104 322 75 français,
1053 2104 161 61 c'est
1287 2105 195 79 grâce
1545 2123 137 43 aux
1742 2105 337 63 écrivains
2162 2107 293 76 français

270 2187 205 78 qu'ils
508 2187 303 61 existent
832 2189 10 57 !

347 2325 192 61 Vous
592 2325 168 61 citez
794 2324 415 62 Lemonnier
1240 2325 63 60 et
1352 2323 232 62 Cladel
1637 2343 12 40 :
1702 2324 244 61 relisez
1990 2325 172 61 donc
2214 2325 67 62 la
2313 2328 106 77 pré-

268 2408 143 61 face
445 2408 80 59 de
560 2406 230 61 Cladel
818 2424 174 61 pour
1040 2410 105 57 Un
1194 2405 192 61 Mâle
1397 2455 14 25 ,
1443 2424 173 42 vous
1662 2424 232 43 verrez
1926 2409 151 58 tout
2106 2425 72 44 ce
2215 2425 130 63 que
2392 2410 61 61 le

266 2488 134 61 bon
431 2488 230 61 Cladel
694 2489 315 61 retrouve
1039 2489 172 58 dans
1237 2488 65 59 la
1325 2504 231 61 grasse
1597 2488 155 78 pâte
1787 2489 82 60 de
1903 2505 71 44 ce
2011 2489 170 61 livre
2209 2491 9 59 !
2269 2493 188 59 toute

265 2570 67 61 la
356 2570 381 61 littérature
788 2569 334 74 française
1157 2569 306 61 malaxée
1519 2588 121 60 par
1670 2570 101 61 les
1805 2570 208 61 fortes
2044 2573 223 76 pattes
2298 2574 159 61 d'un

265 2651 302 61 flamand
619 2651 142 78 qui,
803 2653 441 76 auparavant,
1294 2650 279 61 écrivait
1617 2651 81 60 de
1750 2668 295 61 pauvres
2098 2655 355 60 nouvelles

268 2750 83 44 en
405 2750 131 61 pur
564 2733 195 78 belge
784 2734 10 58 !
826 2733 85 61 Et
941 2733 242 78 depuis
1208 2734 9 58 !
1258 2733 245 77 depuis
1536 2734 10 58 !
1585 2733 59 59 si
1670 2750 172 44 vous
1869 2734 224 61 saviez
2144 2737 313 60 combien

268 2815 80 61 de
395 2815 231 60 bribes
668 2815 61 60 le
790 2814 309 61 moindre
1134 2815 256 60 d'entre
1423 2833 174 42 nous
1646 2833 37 42 a
1715 2817 390 60 retrouvées
2135 2818 173 61 dans
2347 2819 101 61 les

267 2897 319 61 colonnes
619 2897 91 59 du
737 2899 114 60 Git
879 2900 200 70 Blas>
1113 2895 269 80 signées
1401 2897 441 62 Lemonnier!
1881 2897 535 64 Sivousconnais-

266 2978 268 60 naissez
571 2978 156 60 tous
753 2977 100 61 les
894 2980 374 58 Calvaires
1300 2994 128 61 que
1461 2978 70 60 la
1556 2978 579 80 parthénogénèse
2194 2980 193 82 belge
2420 2999 35 44 a

267 3059 401 79 engendrés,
705 3077 197 57 vous,
940 3059 149 61 seul
1119 3059 469 79 progéniteur!

347 3201 85 59 Et
463 3218 171 43 vous
665 3200 241 61 voulez
936 3218 130 61 que
1099 3218 174 44 nous
1305 3201 245 61 lisions
1592 3201 589 80 tranquillement,
2213 3203 210 61 froide-

267 3283 211 73 ment,
502 3299 122 43 vos
644 3281 577 75 enthousiasmes,
1245 3284 223 60 même
1503 3283 324 75 sincères,
1869 3284 223 62 même
2126 3285 314 60 mérités!

265 3382 172 61 pour
463 3382 123 43 nos
620 3364 175 80 pires
816 3364 311 61 ennemis
1161 3365 81 61 de
1272 3365 64 61 la
1363 3365 292 74 maison,
1675 3384 176 60 pour
1870 3366 101 61 les
1992 3372 453 57 auxiliaires

268 3445 468 78 domestiques
769 3445 117 79 qui
941 3444 449 80 interceptent
1430 3446 383 79 jusqu'aux
1843 3448 352 62 moindres
2247 3448 161 62 béné-

266 3526 162 61 fices
458 3526 115 79 qui
606 3546 173 41 nous
807 3528 391 78 pourraient
1221 3528 380 75 justement
1627 3529 299 62 revenir!

1896 3615 5 9 i

347 3650 86 59 Et
475 3666 172 45 vous
679 3666 172 46 nous
884 3652 405 76 maltraitez,
1331 3673 122 59 par
1495 3656 294 61 surcroît
1819 3675 15 55 ;
1866 3674 173 43 vous
2078 3674 81 43 en
2194 3657 259 61 arrivez
