2621 4023
1263 264 121 62 219

247 412 115 59 ton
388 407 323 60 bien-être
740 406 36 59 à
806 406 117 73 toi,
950 404 174 62 celui
1155 404 80 59 de
1266 404 69 58 ta
1361 401 267 62 femelle
1660 401 63 62 et
1756 400 90 59 du
1883 399 200 58 foetus
2130 392 252 81 qu'elle

254 489 247 61 allaite.

331 588 125 59 Car
500 585 81 70 si,
616 600 118 59 par
780 583 330 71 malheur,
1157 581 75 59 tu
1279 579 419 61 succombais
1740 594 158 43 sous
1944 576 59 60 le
2053 574 112 59 feu
2212 573 79 58 de
2319 571 66 60 la

253 668 198 78 garde
485 682 208 54 corse,
741 680 126 60 peu
899 664 79 57 de
1022 664 220 74 temps
1288 660 214 76 après,
1531 660 98 59 les
1670 660 237 73 jeunes
1937 656 268 60 avocats
2238 653 147 58 élus

254 766 118 61 par
396 749 100 57 tes
526 744 207 60 frères
763 743 385 59 survivants
1177 743 62 57 et
1271 758 118 58 par
1420 758 169 42 ceux
1622 736 421 79 qu'auraient
2070 731 312 79 indignés

255 847 74 40 sa
373 827 197 69 mort,
614 842 80 40 ne
726 820 513 79 manqueraient
1282 837 119 59 pas
1435 820 77 57 de
1563 818 318 59 réclamer
1924 818 35 57 à
2010 815 64 57 la
2108 811 274 61 tribune

255 904 512 83 parlementaire
809 903 117 59 des
975 900 313 79 pensions
1322 917 81 42 en
1454 899 232 58 faveur
1717 898 115 59 des
1873 912 249 44 veuves
2156 894 62 58 et
2267 893 118 57 des

259 987 339 78 orphelins
632 985 117 59 des
778 983 301 75 citoyens
1101 979 263 61 tombés
1394 995 168 59 pour
1591 978 62 58 la
1685 976 236 60 liberté
1957 994 10 38 :
2005 970 380 77 L'exemple

260 1070 80 59 de
369 1068 155 59 1848
554 1064 316 61 confirme
901 1061 190 60 l'avis
1125 1077 127 61 que
1276 1060 66 76 je
1373 1059 130 58 t'en
1535 1058 239 59 donne.

339 1166 198 58 Alors
590 1162 356 68 vraiment,
1007 1159 76 59 tu
1134 1157 225 61 aurais
1408 1154 323 76 accompli
1783 1153 65 58 la
1891 1150 282 60 mission
2220 1164 167 61 pour

259 1243 291 79 laquelle
602 1243 99 58 les
766 1239 269 61 Elohim
1084 1237 403 77 permettent
1542 1252 125 58 que
1714 1235 73 56 tu
1834 1230 284 77 respires
2169 1246 114 40 sur
2325 1227 64 58 la

260 1326 286 78 planète.
597 1323 198 60 Alors
838 1323 74 56 tu
955 1318 307 79 pourrais
1316 1333 156 43 sans
1517 1313 246 61 crainte
1807 1314 61 57 te
1919 1310 343 77 présenter
2304 1324 82 41 au

256 1406 350 80 jugement
659 1403 79 59 de
785 1402 199 70 Dieu,
1017 1399 98 60 les
1161 1398 221 58 mains
1427 1395 220 59 noires
1681 1394 80 59 de
1801 1392 251 77 poudre
2099 1390 62 58 et
2194 1388 141 58 dire
2370 1404 11 40 :

264 1510 29 33 «
341 1487 150 58 Mon
546 1483 201 71 Dieu,
778 1481 108 76 j'ai
936 1479 101 60 été
1069 1479 61 60 le
1172 1477 304 77 symbole
1510 1475 79 59 de
1636 1473 64 60 la
1730 1472 299 59 Douleur
2048 1467 338 61 Humaine

256 1566 116 78 j'ai
424 1564 244 75 rempli
716 1561 321 77 jusqu'au
1095 1558 162 60 bout
1308 1573 156 42 mon
1510 1553 227 61 devoir
1783 1549 479 60 d'avertisseur
2309 1562 81 42 en

261 1646 395 61 terrorisant
686 1643 341 76 l'égoisme
1062 1639 78 60 de
1167 1638 315 58 l'homme
1511 1634 116 76 qui
1671 1633 158 58 veut
1850 1629 208 79 jouir!
2116 1627 123 59 J'ai
2293 1642 64 42 ra-

263 1726 181 59 nimé
475 1726 167 58 dans
672 1723 194 59 l'âme
891 1722 117 58 des
1028 1718 373 78 puissants,
1417 1716 22 58 1
1465 1714 145 60 idée
1634 1709 389 62 moribonde
2055 1708 77 57 de
2163 1707 62 57 la
2250 1705 107 77 jus-

264 1807 149 60 tice.
449 1804 129 61 J'ai
628 1803 248 60 obtenu
922 1817 93 42 un
1040 1816 128 60 peu
1199 1798 155 76 plus
1401 1797 78 57 de
1530 1792 175 78 pain,
1737 1807 93 42 un
1862 1787 397 77 allégement
2311 1784 79 59 de

266 1887 299 71 labeurs,
598 1902 169 60 pour
796 1883 64 59 la
904 1879 365 61 multitude
1300 1878 118 58 des
1448 1873 349 61 laborieux
1836 1872 62 57 et
1943 1869 117 59 des
2091 1864 299 76 simples,

268 1970 62 58 et
364 1968 61 78 je
461 1966 143 59 suis
659 1964 178 59 mort
882 1962 37 58 à
965 1961 65 58 la
1072 1959 191 60 tâche
1312 1973 170 61 pour
1528 1950 340 63 satisfaire
1923 1966 35 40 a
1996 1948 183 58 votre
2208 1943 184 61 divin

266 2047 298 79 principe
599 2044 79 60 de
706 2041 254 62 charité
988 2042 249 76 jusque
1270 2038 61 59 le
1359 2034 297 63 sacrifice
1690 2033 79 57 de
1802 2046 155 42 mon
1985 2043 193 59 corps
2207 2027 10 57 !
2253 2044 28 36 »

346 2147 130 59 Les
504 2142 394 76 trompettes
927 2140 117 58 des
1091 2137 363 74 archanges
1509 2130 383 69 sonneront,
1938 2126 34 58 ô
2027 2121 367 69 mendiant,

270 2226 244 61 devant
537 2225 62 58 le
642 2222 188 60 trône
877 2220 79 58 de
987 2218 175 60 Dieu
1189 2218 8 58 !
1237 2217 63 59 et
1329 2218 75 55 tu
1432 2210 381 63 t'assoieras
1854 2226 37 39 a
1923 2222 72 42 sa
2039 2203 237 69 droite,
2323 2216 69 41 ce

270 2307 117 78 qui
421 2309 102 58 est
555 2302 388 62 infiniment
973 2300 155 77 plus
1147 2296 304 79 glorieux
1486 2309 125 61 que
1637 2286 442 78 d'engraisser
2107 2281 285 62 derrière

268 2406 92 42 un
392 2385 327 77 comptoir
763 2399 80 42 en
879 2378 323 78 empilant
1234 2377 117 57 des
1380 2373 178 60 louis
1591 2371 161 70 d'or,
1787 2368 62 59 et
1879 2382 80 43 en
1985 2359 410 82 proclamant

270 2488 93 40 un
390 2467 327 60 athéisme
763 2461 170 61 idiot
965 2460 117 77 qui
1130 2455 266 80 signifie
1455 2448 372 65 seulement
1851 2447 64 58 la
1944 2443 212 61 bêtise
2198 2455 200 62 repue

273 2551 63 60 et
364 2547 332 63 satisfaite
726 2545 79 58 de
853 2542 154 60 soi.*

354 2648 149 61 Sois
534 2645 279 74 martyr,
838 2638 321 80 jusqu'au
1186 2635 189 72 bout,
1406 2632 34 60 ô
1487 2627 367 71 mendiant,
1886 2639 155 44 mon
2076 2621 165 58 frère
2267 2622 9 55 !

355 2742 413 64 Renouvelle
801 2740 100 59 les
935 2734 308 62 miracles
1277 2726 389 65 d'austérité
1698 2726 63 59 et
1796 2724 77 58 de
1902 2720 285 61 douleur
2213 2718 150 58 inau-

278 2827 204 71 gurés
499 2842 119 61 par
644 2823 99 58 les
788 2818 301 62 ancêtres
1107 2813 337 62 chrétiens
1472 2812 166 57 dans
1663 2806 100 59 les
1782 2804 261 74 cirques
2065 2800 77 59 de
2166 2799 235 70 Rome,

278 2909 245 59 devant
566 2904 99 59 les
694 2916 337 63 parvenus
1078 2895 90 60 du
1195 2894 274 70 Forum,
1510 2889 63 60 et
1604 2888 98 57 les
1732 2879 405 82 prostituées
2170 2878 78 58 de
2286 2878 79 57 Su-

275 2989 201 61 burre
500 2988 12 58 !

358 3068 149 62 Sois
537 3063 413 79 magnifique
978 3059 78 60 de
1088 3059 114 57 ton
1235 3069 242 60 sang...
2023 3120 11 14 ,

357 3149 85 59 Et
485 3144 325 80 peut-être
846 3158 89 42 un
979 3139 180 78 jour,
1206 3137 61 58 le
1298 3128 255 82 pontife
1605 3128 79 58 de
1723 3125 228 69 Rome,
2010 3119 287 60 écartant
2343 3119 60 53 le

279 3231 175 59 voile
481 3228 296 60 d'erreur
800 3222 118 77 qui
948 3218 228 62 tombe
1201 3233 83 43 en
1309 3213 131 77 plis
1470 3209 234 60 lourds
1736 3222 117 43 sur
1882 3220 71 42 sa
2015 3203 160 66 tace,
2230 3213 131 43 com-

282 3309 288 75 prendra
599 3308 65 59 la
693 3304 183 60 faute
907 3302 80 58 de
1020 3314 120 45 son
1177 3294 232 79 église,
1458 3292 59 57 le
1544 3285 205 80 péché
1801 3285 54 55 «h
1869 3306 8 14 1
1928 3278 329 62 St-Piene
2291 3293 113 57 qui

282 3392 183 60 renie
515 3391 61 59 le
617 3401 279 65 pauvre,
950 3397 171 62 pour
1195 3393 70 43 se
1317 3374 254 60 donner
1616 3383 129 43 aux
1794 3364 346 76 puissants
2169 3364 63 52 et
2278 3373 129 40 aux

282 3473 221 60 riches

364 3551 228 63 Christ
622 3566 81 42 ne
754 3542 220 65 l'a-t-il
1007 3557 119 60 pas
1161 3535 96 60 dit
1294 3553 10 38 :
1345 3556 28 33 «
1408 3533 92 58 Le
1542 3540 248 67 pauvre
1836 3521 158 60 c'est
2042 3518 165 62 moi!
2254 3516 153 61 Mon

286 3648 323 62 royaume
644 3628 169 60 n'est
841 3641 116 61 pas
989 3622 80 58 de
1101 3634 71 45 ce
1206 3612 272 63 monde!
1509 3632 26 32 »
