2621 4023
1264 181 120 60 214

324 318 132 63 Oui
501 321 76 58 tu
606 318 149 61 dois
786 320 173 58 tuer.
1007 320 99 58 Ne
1137 318 204 60 doute
1373 336 121 60 pas
1529 336 129 61 que
1684 318 56 61 si
1771 320 100 59 les
1912 318 274 61 Eiohim
2227 320 64 59 te
2313 321 64 77 je-

238 400 221 59 tèrent
493 416 119 43 sur
642 400 64 58 la
734 398 292 79 planète,
1065 397 349 79 dépourvu
1463 400 118 59 des
1611 417 195 42 ruses
1839 398 447 75 nécessaires,
2323 402 80 61 de

240 481 65 60 la
343 480 249 59 faculté
648 481 80 58 de
778 480 201 59 saisir
1028 480 64 59 la
1122 480 298 61 douceur
1482 481 120 60 des
1649 481 167 60 soifs
1868 481 332 77 apaisées,
2253 481 157 62 c'est

242 561 204 77 qu'ils
479 562 64 59 te
578 560 418 61 destinèrent
1029 561 37 60 à
1109 577 329 61 propager
1481 561 61 61 le
1570 562 305 78 principe
1915 562 221 60 même
2168 562 79 60 de
2294 565 114 58 ton

244 642 340 60 existence
624 661 10 38 :
676 643 540 72 Vlmpossibilité
1247 647 86 55 de
1359 645 219 65 jouir.
1617 642 67 61 Si
1719 643 349 74 l'homme,
2112 660 82 43 en
2227 642 179 76 effet,

239 723 363 61 cherchant
633 723 61 60 le
734 723 336 74 bonheur,
1118 723 297 60 finissait
1461 743 119 58 par
1612 725 309 77 acquérir
1979 726 63 58 la
2075 725 333 61 certitude

240 805 80 58 de
399 821 74 42 sa
518 803 418 74 réalisation,
988 803 104 60 s'il
1148 805 351 77 parvenait
1555 805 37 59 à
1647 806 285 60 déduire
1981 805 387 61 mathémati-

245 886 322 75 quement
586 885 119 59 des
731 885 435 77 expériences
1186 885 352 61 d'histoire
1561 903 127 61 que
1707 886 342 79 l'hygiène
2067 886 341 79 physique

242 967 63 59 et
341 965 275 73 morale,
651 966 66 58 la
761 966 267 61 fortune
1057 966 413 79 pécuniaire,
1528 967 459 61 l'instruction
2015 970 35 58 à
2079 969 159 59 dose
2275 986 90 44 mo-

242 1045 194 61 dérée
465 1047 65 59 et
557 1047 453 77 progressive,
1061 1047 301 78 l'emploi
1411 1047 445 80 méthodique
1904 1050 118 60 des
2067 1049 341 61 excitants

238 1127 65 60 et
339 1127 117 60 des
492 1127 359 74 calmants,
907 1129 323 61 suffisent
1266 1129 37 58 à
1350 1129 244 61 établir
1635 1129 405 62 l'harmonie
2088 1131 188 60 entre
2308 1130 100 61 les

242 1209 389 59 sensations
666 1209 372 78 objectives
1068 1212 64 59 et
1165 1211 99 60 les
1307 1211 432 78 conceptions
1771 1211 447 79 subjectives,
2360 1212 48 60 il

237 1305 83 43 ne
343 1290 325 60 tarderait
703 1308 119 59 pas
855 1290 36 60 à
925 1291 331 61 délaisser
1298 1309 108 42 ses
1456 1292 371 61 tentatives
1861 1294 80 59 de
2015 1294 287 59 hausser
2347 1295 62 58 et

240 1369 390 62 d'accroître
662 1370 258 77 l'esprit
952 1372 78 60 de
1059 1372 65 60 la
1174 1389 167 43 race.
1378 1371 132 61 Son
1546 1374 147 58 seul
1755 1372 205 61 motif
1983 1374 212 78 d'agir
2234 1391 71 42 se
2332 1374 52 59 li-

238 1450 301 60 miterait
569 1451 178 60 alors
780 1469 85 42 au
901 1454 188 58 souci
1122 1454 80 59 de
1228 1452 188 79 jouir
1457 1454 593 61 immédiatement
2093 1456 189 59 selon
2309 1454 98 61 les

235 1530 344 80 principes
625 1532 81 60 de
755 1534 171 59 cette
977 1534 349 77 précieuse
1362 1534 402 62 découverte
1796 1554 13 55 ;
1861 1539 63 57 et
1971 1538 49 58 il
2073 1536 336 78 peinerait

235 1629 172 60 pour
440 1612 451 61 matérialiser
920 1615 62 60 le
1016 1615 295 61 sublime
1343 1615 80 60 de
1453 1634 122 42 son
1600 1616 139 61 être
1763 1616 136 60 afin
1932 1618 80 59 de
2040 1635 81 42 ne
2154 1635 71 44 se
2253 1618 156 77 plus

234 1694 187 59 créer
454 1695 80 60 de
571 1713 369 42 nouveaux
976 1696 242 74 désirs,
1251 1698 409 62 c'est-à-dire
1707 1699 80 58 de
1821 1700 360 60 nouvelles
2227 1699 146 62 souf-

238 1774 265 61 frances
571 1793 172 60 pour
786 1776 101 60 les
949 1776 368 75 satisfaire,
1354 1779 65 58 et
1468 1779 80 58 de
1602 1780 354 60 nouvelles
2020 1780 390 79 déceptions

237 1855 191 78 après
457 1856 661 63 l'assouvissement.
1152 1860 131 60 Les
1305 1859 331 79 quelques
1669 1860 290 61 milliers
1989 1861 80 61 de
2100 1861 309 79 citoyens

235 1936 118 77 qui
391 1936 392 63 détiennent
814 1939 65 60 la
917 1938 268 63 fortune
1240 1940 358 79 publique,
1634 1943 574 77 supprimeraient-

238 2016 161 60 sitôt
428 2035 162 42 sous
611 2019 62 60 le
705 2037 216 61 vague
945 2023 305 75 prétexte
1280 2023 80 59 de
1393 2023 388 76 répression
1833 2024 335 61 d'émeute
2201 2043 87 43 ou
2324 2025 82 60 de

235 2098 248 61 crimes
515 2099 440 77 imaginaires
988 2101 99 60 les
1133 2103 381 59 dissidents
1564 2104 80 60 de
1693 2105 173 60 cette
1917 2105 282 61 théorie.
2249 2105 158 60 Eux

234 2179 536 76 organiseraient
793 2179 495 81 l'exploitation
1320 2183 286 78 parfaite
1632 2187 65 58 et
1722 2185 353 62 définitive
2097 2188 119 59 des
2243 2206 124 59 peu-

235 2259 170 77 ples,
442 2260 488 64 abaisseraient
965 2264 102 61 les
1100 2267 137 58 arts
1266 2265 36 60 à
1335 2265 64 60 la
1433 2283 269 44 mesure
1733 2268 81 59 de
1844 2269 150 60 leur
2027 2269 369 79 digestion,

233 2340 443 64 nivèleraient
724 2344 101 61 les
884 2345 363 61 ambitions
1327 2345 384 76 fâcheuses,
1776 2350 63 59 et
1912 2350 497 78 quelques-uns

234 2424 281 58 maîtres
573 2424 80 60 de
694 2425 189 60 toute
931 2427 65 59 la
1043 2428 295 77 planète,
1380 2429 443 61 arriveraient
1876 2430 183 61 enfin
2105 2433 38 58 à
2159 2434 238 71 jouir,

235 2503 193 76 grâce
475 2504 36 58 à
536 2504 399 80 l'esclavage
971 2509 88 59 du
1094 2510 178 59 reste
1307 2510 79 59 de
1419 2509 63 60 la
1515 2528 148 43 race
1688 2512 346 61 humaine.

311 2583 291 78 N'ayant
633 2587 157 76 plus
835 2588 61 60 le
927 2589 361 61 stimulant
1320 2592 80 58 de
1433 2590 65 60 la
1529 2592 312 73 douleur,
1876 2594 99 60 les
2008 2594 231 79 génies
2269 2612 105 43 ces-

235 2664 292 60 seraient
560 2665 80 60 de
673 2668 342 76 produire.
1061 2670 461 61 Animalisées
1567 2691 122 58 par
1734 2691 93 42 un
1876 2674 131 61 dur
2058 2675 349 78 esclavage

233 2745 64 59 et
328 2762 121 60 par
480 2763 131 43 une
645 2747 357 78 ignorance
1028 2750 409 79 légalement
1463 2752 328 78 imposée,
1818 2754 99 61 les
1952 2773 263 45 masses
2246 2757 130 59 s'as-

230 2825 456 63 simileraient
715 2830 522 78 complètement
1268 2851 133 40 aux
1446 2833 190 61 bêtes
1672 2835 80 60 de
1786 2853 287 57 somme,
2108 2839 164 59 dont
2307 2839 101 59 est

231 2905 153 80 déjà
428 2907 56 59 si
512 2910 246 75 proche
803 2910 61 60 le
897 2929 260 60 paysan
1193 2913 244 61 actuel.
1473 2914 225 75 Enfin,
1730 2917 149 61 niée
1912 2936 171 60 pour
2121 2919 283 77 jamais,

230 2987 67 59 la
332 2988 92 60 fin
475 2989 82 61 de
590 2990 320 64 l'homme
940 2993 118 77 qui
1090 2997 100 58 est
1223 2996 79 59 de
1335 2999 443 75 comprendre
1813 3017 69 42 ce
1919 3002 140 60 mot
2088 3002 81 60 de
2199 3002 66 60 la
2302 3018 70 61 ge-

233 3068 162 61 nèse
427 3088 500 46 lui-les-dieux
962 3077 63 58 et
1058 3077 80 58 de
1188 3093 68 42 se
1287 3078 239 60 rendre
1564 3079 376 63 semblable
1970 3100 36 42 a
2035 3101 133 55 lui,

235 3147 363 66 fournirait
643 3154 156 78 plus
831 3156 35 58 à
903 3156 65 59 la
1004 3156 268 78 planète
1324 3175 73 43 sa
1430 3159 226 61 raison
1686 3162 203 61 d'être
1910 3163 171 61 dans
2121 3164 66 60 la
2218 3164 188 60 valse

233 3230 396 79 rythmique
681 3234 118 61 des
852 3238 215 60 irstres
1115 3239 299 77 parents.
1471 3241 427 62 L'harmonie
1942 3244 80 60 de
2073 3244 331 61 l'univers

233 3310 204 60 serait
508 3317 451 75 compromise
983 3337 14 55 ;
1068 3318 304 62 l'Œuvre
1434 3322 428 62 deviendrait
1919 3324 440 64 défectueuse
2388 3345 14 54 ;

233 3389 409 66 c'est-à-dire
678 3413 133 44 11011
846 3416 158 44 sens
1051 3401 87 72 et,
1169 3418 120 60 par
1322 3402 202 72 suite,
1560 3404 228 61 néant.

313 3470 172 63 Mais
545 3477 70 57 tu
675 3478 280 76 existes,
1005 3482 35 60 ô
1091 3482 377 61 mendiant.
1522 3484 96 61 Ta
1663 3487 293 61 voracité
2006 3488 396 61 instinctive

237 3554 227 71 guette
508 3554 61 61 le
623 3559 350 61 monsieur
1018 3580 200 43 cossu
1263 3564 117 78 qui
1423 3564 156 63 rêve
1621 3568 81 61 de
1727 3568 186 79 jouir
1946 3587 81 44 en
2073 3571 183 77 paix.
2298 3570 104 61 Tu
