2321 4066
793 453 76 42 LA
904 452 389 53 CHRONIQUE
1328 451 324 43 MUSICALE

349 465 77 30 102

396 602 32 37 Il
447 613 48 27 va
518 614 94 27 sans
631 602 86 39 dire
746 616 79 37 que
849 605 35 37 le
908 604 85 38 rôle
1014 604 50 37 de
1089 603 108 38 Nina
1218 602 108 40 avait
1348 603 63 37 été
1430 601 136 39 confié
1588 604 21 35 à
1631 601 186 38 madame
1839 600 214 49 Dugazon,
2074 606 39 32 et

343 677 78 38 que
443 666 96 37 c'est
575 665 77 38 elle
686 666 88 49 déjà
798 666 71 49 qui
905 665 133 39 l'avait
1068 666 96 49 joué
1186 670 21 33 à
1232 666 168 50 Choisy,
1434 665 97 37 chez
1563 664 38 37 le
1637 666 79 34 duc
1738 664 49 35 de
1811 661 176 50 Coigny,
2008 661 106 37 aussi

343 727 95 37 bien
460 739 78 38 que
563 739 68 25 sur
653 728 38 36 le
729 727 102 50 petit
868 728 158 38 théâtre
1061 741 80 37 que
1184 727 304 39 mademoiselle
1512 726 198 38 Guimard
1745 725 107 37 avait
1880 724 74 36 fait
1984 724 133 36 élever

344 790 99 36 dans
476 802 74 24 son
579 789 112 37 hôtel
714 798 248 41 somptueux
997 792 48 36 de
1075 790 37 38 la
1136 788 419 42 Chaussée-d'Antin.
1586 787 115 51 Déjà,
1732 799 79 38 peu
1832 788 48 38 de
1910 788 105 38 mois
2041 800 51 25 au-

343 860 209 40 paravant,
576 851 76 38 elle
684 852 106 36 avait
830 852 300 49 puissamment
1170 853 216 36 contribué
1409 864 50 24 au
1482 853 140 36 succès
1644 851 97 35 d'un
1769 848 71 50 joli
1862 851 102 49 petit
1987 851 124 49 opéra

343 912 50 37 de
421 912 208 50 Dalayrac,
673 913 38 37 la
744 915 103 45 Dot;
884 913 73 38 elle
978 926 123 26 sauva
1131 927 72 37 par
1226 927 73 25 son
1322 913 224 39 admirable
1585 912 332 49 interprétation,
1942 926 72 36 par
2036 924 76 26 son

343 973 127 39 talent
492 977 22 34 à
537 974 37 37 la
595 974 79 38 fois
697 974 31 37 si
751 976 190 48 expansif
969 984 39 29 et
1049 975 31 38 si
1112 983 196 40 contenu,
1339 976 32 38 si
1390 976 110 49 plein
1523 976 48 37 de
1598 983 81 30 tact
1702 982 39 30 et
1762 974 49 37 de
1832 986 283 29 convenance?

343 1049 50 25 en
416 1037 130 37 même
569 1047 130 39 temps
722 1048 80 37 que
822 1037 32 36 si
876 1037 233 49 intelligent
1127 1038 68 36 des
1218 1038 217 37 nécessités
1456 1037 49 37 de
1527 1037 37 37 la
1587 1040 134 44 scène,
1743 1049 44 25 ce
1809 1049 80 37 que
1919 1036 36 38 la
1978 1044 113 30 tenta-

343 1100 80 35 tive
445 1098 68 37 des
536 1106 165 28 auteurs
722 1098 121 48 avait,
866 1110 106 36 pour
1000 1098 201 49 l'époque,
1226 1100 265 36 d'audacieux
1513 1107 41 29 et
1572 1100 48 36 de
1643 1100 241 47 téméraire;
1910 1098 75 38 elle
2027 1107 81 40 sut,

345 1161 98 36 dans
468 1171 56 24 un
548 1171 64 24 cas
633 1158 31 37 si
687 1159 181 47 difficile,
892 1162 53 34 où
978 1159 27 37 il
1038 1160 58 36 lui
1132 1159 129 38 fallait
1283 1169 91 28 tout
1396 1162 170 36 deviner
1588 1169 40 28 et
1650 1164 53 34 où
1726 1160 78 38 elle
1827 1161 148 36 n'avait
1997 1160 118 49 point

348 1223 49 35 de
423 1221 174 47 modèle,
621 1220 116 36 saisir
756 1220 37 37 la
812 1221 130 37 limite
965 1221 153 49 précise
1138 1230 114 29 entre
1274 1234 43 25 ce
1339 1223 70 48 qui
1433 1223 56 37 lui
1512 1222 99 38 était
1646 1223 153 50 permis
1832 1231 39 29 et
1896 1235 44 25 ce
1962 1221 150 50 qu'elle

346 1295 50 25 ne
417 1283 134 37 devait
572 1282 118 49 point
727 1282 179 38 franchir
924 1294 8 36 ;
966 1282 74 38 elle
1070 1291 83 41 eut,
1177 1296 49 25 en
1249 1296 57 25 un
1331 1293 100 38 mot,
1454 1285 36 36 la
1517 1285 240 49 perception
1780 1293 126 41 nette,
1931 1284 184 47 absolue,

346 1346 48 35 de
417 1357 44 25 ce
489 1355 78 38 que
590 1343 38 37 le
655 1344 140 48 public
830 1345 186 47 pourrait
1053 1354 185 42 accepter
1268 1354 39 29 et
1330 1347 49 36 de
1401 1358 44 25 ce
1466 1347 100 48 qu'il
1604 1359 51 24 ne
1693 1347 153 36 saurait
1880 1354 235 41 supporter.

350 1406 87 38 Elle
476 1404 61 38 fut
568 1404 169 51 parfaite
773 1406 128 47 enfin,
935 1407 225 38 touchante
1196 1416 39 28 et
1266 1407 274 50 dramatique,
1573 1408 318 37 attendrissante
1911 1416 41 29 et
1976 1409 134 46 émue,

348 1468 237 51 pathétique
623 1475 38 30 et
695 1467 251 50 déchirante,
980 1468 133 50 pleine
1146 1470 49 37 de
1218 1470 194 47 candeur,
1438 1470 49 37 de
1510 1469 224 48 tendresse,
1760 1470 48 36 de
1831 1468 178 51 passion,
2032 1477 39 30 et
2094 1473 22 33 à

346 1543 45 26 ce
410 1529 114 50 point
552 1529 174 37 sublime
746 1538 39 28 et
807 1530 110 38 vraie
938 1543 79 36 que
1050 1533 57 35 les
1130 1531 189 38 hommes
1341 1531 275 51 sanglotaient
1649 1543 51 26 en
1736 1531 58 37 lui
1822 1539 153 42 voyant
2000 1529 118 50 jouer

355 1592 122 47 Nina,
499 1599 38 28 et
557 1590 100 50 qu'il
685 1602 51 26 ne
771 1603 40 25 se
842 1593 149 48 passait
1012 1592 119 49 point
1164 1594 48 36 de
1248 1594 131 37 soirée
1416 1597 52 34 où
1509 1594 198 48 quelques
1729 1594 171 36 femmes
1920 1606 51 24 ne
1994 1594 104 36 s'éva-

352 1654 215 37 nouissent
598 1665 50 24 au
668 1653 200 49 spectacle
890 1655 121 36 d'une
1033 1655 176 37 douleur
1230 1655 32 37 si
1282 1655 165 48 cruelle,
1472 1656 153 37 rendue
1648 1656 121 36 d'une
1793 1655 121 52 façon
1934 1654 31 37 si
1987 1655 114 36 saisis-

357 1722 126 29 sante.
514 1714 138 47 Aussi,
689 1726 83 25 non
796 1714 227 38 seulement
1054 1717 261 37 sauva-t-elle
1338 1717 34 37 la
1393 1717 128 49 pièce,
1543 1729 69 25 sur
1634 1717 36 37 le
1691 1725 165 41 compte
1878 1717 48 37 de
1947 1715 173 51 laquelle

355 1775 55 37 les
433 1783 165 29 auteurs
621 1775 191 37 n'étaient
832 1776 92 48 qu'à
944 1776 108 37 demi
1073 1780 195 46 rassurés,
1294 1779 100 36 mais
1419 1778 56 37 lui
1499 1778 313 50 procura-t-elle
1835 1790 55 25 un
1913 1778 202 38 immense

355 1839 153 43 succès,
532 1836 69 49 qui
624 1836 45 37 fit
689 1836 141 38 affluer
849 1840 22 34 à
892 1837 37 37 la
951 1838 421 39 Comédie-Italienne
1394 1852 81 25 une
1497 1840 110 37 foule
1631 1840 93 37 telle
1747 1841 127 48 qu'on
1896 1841 94 36 n'en
2010 1839 105 38 avait

355 1896 142 49 jamais
520 1910 147 25 encore
695 1909 91 26 vue.
823 1898 55 38 Ce
913 1899 69 49 qui
1014 1900 131 37 faisait
1177 1902 98 43 dire,
1306 1914 49 24 en
1378 1902 161 48 parlant
1568 1902 49 36 de
1651 1902 109 36 Nina
1781 1916 10 21 :
1813 1915 20 22 «
1858 1902 75 37 Les
1954 1902 162 49 paroles

351 1968 92 29 sont
463 1960 48 37 de
535 1960 241 49 Marsollier,
800 1962 36 37 la
859 1962 190 49 musique
1070 1971 57 30 est
1149 1964 48 37 de
1221 1964 211 51 Dalayrac,
1466 1964 101 38 mais
1590 1964 94 38 c'est
1708 1964 185 38 madame
1918 1966 196 47 Dugazon

350 2022 68 50 qui
441 2034 20 24 a
481 2022 69 37 fait
573 2022 36 36 la
630 2021 124 51 pièce.
779 2039 18 16 »

409 2177 79 41 Les
510 2177 175 41 extraits
710 2180 134 52 qu'on
868 2179 119 41 vient
1018 2180 52 40 de
1102 2180 77 41 lire
1212 2189 191 46 peuvent
1423 2182 169 40 donner
1621 2194 88 28 une
1737 2182 92 40 idée
1850 2181 53 40 de
1936 2181 177 42 l'attrait

354 2251 182 54 qu'offre
557 2251 38 41 le
619 2251 108 41 livre
748 2252 50 41 de
830 2252 62 43 M.
927 2253 170 42 Arthur
1122 2254 187 54 Pougin,
1335 2262 41 34 et
1408 2255 51 40 de
1488 2254 188 41 l'intérêt
1698 2268 87 40 que
1806 2254 188 41 l'auteur
2016 2268 22 26 a
2061 2267 53 27 su

350 2339 29 40 y
400 2325 228 55 répandre.
654 2325 71 41 On
747 2333 95 35 sent
863 2339 83 41 que
969 2328 57 39 les
1058 2329 204 53 portraits
1292 2328 131 54 qu'ils
1446 2342 112 26 nous
1588 2330 196 53 présente
1807 2339 96 30 sont
1934 2341 157 28 ressem-

353 2399 158 52 blants,
536 2413 85 40 que
657 2413 47 27 ce
741 2411 98 30 sont
875 2414 109 27 ceux
1013 2401 52 41 de
1099 2402 157 54 grands
1294 2403 181 52 artistes,
1500 2413 39 30 et
1570 2402 130 55 qu'ils
1729 2411 99 32 sont
1855 2404 136 40 tracés
2019 2416 101 27 avec

350 2472 262 56 sympathie.
639 2474 130 52 C'est,
794 2488 170 27 comme
986 2489 112 27 nous
1118 2476 37 40 le
1178 2476 166 41 disions
1366 2477 99 54 plus
1493 2476 125 48 haut,
1644 2484 97 33 tout
1766 2490 61 27 un
1849 2476 191 55 chapitre
2068 2477 52 40 de

348 2545 212 42 l'histoire
593 2547 204 41 théâtrale
835 2556 42 33 et
913 2549 207 41 musicale
1148 2549 59 42 du
1230 2551 329 40 dix-neuvième
1590 2551 127 41 siècle
1752 2551 76 53 qui
1861 2564 42 27 se
1941 2551 178 41 déroule

350 2622 160 40 devant
532 2635 77 27 nos
630 2635 131 41 yeux.
802 2622 59 41 Le
891 2627 145 37 succès
1065 2638 310 40 encouragera,
1414 2639 113 27 nous
1560 2625 250 55 l'espérons,
1834 2625 224 41 l'écrivain
2094 2629 24 37 à

350 2695 235 43 continuer
607 2709 44 27 sa
671 2696 156 53 galerie
854 2697 50 40 de
925 2698 200 54 portraits
1150 2707 40 31 et
1217 2704 22 35 à
1271 2712 114 27 nous
1406 2700 152 40 rendre
1582 2700 363 40 successivement
1975 2707 144 33 toutes

348 2784 68 28 ces
424 2769 184 56 figures
629 2769 34 40 si
689 2770 301 42 intéressantes
1014 2788 8 25 :
1049 2772 159 41 Caillot
1215 2806 9 26 ?
1242 2773 200 41 madame
1463 2774 172 51 Favart,
1654 2773 204 51 Clairval,
1882 2774 63 41 M,
1965 2784 39 29 et
2028 2787 62 26 ma-

349 2844 126 40 dame
504 2844 217 50 Laruette,
749 2843 170 54 Michu,
958 2843 219 55 Chenard,
1212 2845 63 41 M.
1307 2854 41 33 et
1377 2847 199 40 madame
1618 2846 141 54 Trial,
1792 2846 326 41 mademoiselle

349 2916 225 52 Colombe,
599 2916 319 42 mademoiselle
941 2917 222 52 Caroline,
1190 2919 181 51 Martin,
1397 2919 243 53 Ponchard,
1664 2920 60 40 les
1747 2921 104 40 trois
1874 2920 215 41 Saint-Au-

351 2989 94 50 bin,
467 3002 84 40 que
583 2989 141 54 sais-je
743 2993 14 38 ?
784 2991 35 40 Il
842 2992 68 39 n'a
931 3005 84 40 que
1051 2992 250 40 l'embarras
1323 2993 58 39 du
1401 2992 139 49 choix,
1566 3001 41 33 et
1628 3006 112 27 nous
1765 2994 38 39 le
1834 2994 184 40 laissons
2037 3007 52 27 vo-

351 3062 180 40 lontiers
552 3066 23 36 à
600 3077 44 25 sa
664 3063 247 53 discrétion,
943 3079 169 40 pourvu
1137 3065 105 54 qu'il
1277 3080 51 27 ne
1350 3080 111 27 nous
1488 3066 105 41 fasse
1618 3081 73 41 pas
1712 3074 99 48 trop
1833 3068 158 41 désirer
2012 3076 108 32 cette

353 3136 111 42 suite
488 3137 212 40 naturelle
721 3137 52 42 de
799 3138 219 42 l'aimable
1039 3140 178 41 volume
1237 3154 86 41 que
1345 3154 113 27 nous
1486 3153 135 30 avons
1640 3154 101 28 sous
1764 3142 60 40 les
1846 3156 132 40 yeux.

1484 3271 55 42 O.
1579 3271 84 41 LE
1702 3271 300 42 TRIOUX.
