2321 4066
644 463 267 42 FIGURES
945 453 586 62 D'OPÉRA-COMIQUE

1955 516 0 0 101

207 607 178 36 Dézèdes
409 619 49 25 en
482 616 69 29 eut
576 609 160 37 bientôt
759 609 98 37 écrit
877 609 36 37 la
936 610 202 48 musique,
1162 617 39 29 et
1222 616 104 30 cette
1358 609 178 37 bleuette
1569 610 232 40 charmante
1825 616 134 38 obtint

204 680 56 25 un
299 669 200 37 immense
523 673 151 46 succès,
697 672 101 36 dont
821 684 53 24 on
909 680 161 40 reporta
1093 679 90 28 tout
1223 670 35 36 le
1286 670 142 36 mérite
1451 683 69 24 sur
1542 673 182 36 madame
1750 675 207 50 Dugazon,

205 741 42 25 sa
268 730 224 50 principale
515 733 237 47 interprète.
779 731 173 48 Grimm,
976 731 69 49 qui
1069 731 141 37 n'était
1232 731 116 48 point
1371 731 280 39 enthousiaste
1669 735 47 34 de
1740 746 38 25 sa
1799 745 157 38 nature,

202 803 22 24 a
247 792 70 36 fait
339 792 47 36 de
406 793 182 44 l'artiste,
613 796 20 32 à
661 805 150 36 propos
834 793 49 36 de
905 802 103 28 cette
1037 792 126 48 pièce,
1187 804 56 24 un
1265 792 115 48 éloge
1403 793 99 36 dans
1532 793 133 49 lequel
1688 794 275 41 l'admiration

201 864 118 37 perce
339 853 21 36 à
382 853 156 48 chaque
557 853 107 49 ligne
689 864 6 25 :

205 930 18 15 «
252 927 105 36 pour
381 927 49 24 en
454 914 216 37 concevoir
693 914 123 36 l'effet
835 922 40 28 et
902 915 36 35 le
971 914 184 46 charme;
1180 914 26 36 il
1229 913 86 37 faut
1343 914 86 37 voir
1457 915 37 36 la
1522 915 252 49 pantomime
1797 917 55 37 du
1875 918 84 37 rôle

205 990 14 20 «
252 976 48 35 de
326 976 127 36 Babet
473 987 7 36 ;
507 975 26 36 il
557 974 86 37 faut
663 974 35 37 la
720 974 89 37 voir
832 983 163 29 surtout
1014 988 49 23 au
1093 976 149 36 second
1263 983 101 38 acte,
1389 976 97 36 dans
1509 977 38 35 la
1570 979 117 34 scène
1709 978 54 35 du
1785 990 150 25 raccom-

205 1051 14 21 «
251 1037 252 45 modement,
522 1049 105 36 pour
643 1037 126 36 sentir
788 1040 19 32 à
828 1037 93 47 quel
947 1037 114 48 point
1081 1049 53 24 on
1155 1045 98 41 peut
1273 1038 175 36 ranimer
1470 1045 39 29 et
1531 1035 178 51 rajeunir
1735 1051 50 24 au
1804 1038 157 39 théâtre

206 1115 17 15 «
254 1099 56 36 les
334 1098 216 36 situations
573 1098 131 36 même
727 1098 69 48 qui
820 1098 202 37 semblent
1043 1099 58 36 les
1128 1100 92 47 plus
1251 1111 196 35 connues,
1484 1099 58 36 les
1571 1099 92 48 plus
1694 1100 128 36 usées.
1850 1101 32 35 Il
1904 1109 60 28 est

204 1174 14 20 «
248 1159 82 38 vrai
350 1171 78 37 que
449 1167 90 28 tout
573 1171 43 24 ce
648 1160 71 47 qui
755 1168 61 27 est
844 1159 82 49 pris
950 1161 99 36 dans
1069 1161 37 36 la
1129 1169 159 38 nature,
1308 1169 92 29 tout
1419 1173 43 25 ce
1483 1161 70 48 qui
1577 1173 48 24 en
1647 1173 192 26 conserve
1861 1162 81 37 vrai-

204 1235 13 21 «
251 1230 110 28 ment
390 1222 36 36 le
448 1225 217 43 caractère,
691 1222 36 36 la
750 1222 150 37 touche
931 1223 196 49 originale
1163 1231 38 29 et
1232 1228 129 42 naïve,
1398 1235 50 25 ne
1483 1225 103 35 s'use
1620 1223 153 51 jamais.
1799 1225 90 45 Que
1912 1224 49 37 de

203 1297 14 20 «
250 1294 179 25 nuances
453 1282 100 37 fines
575 1291 39 29 et
635 1283 193 38 délicates
850 1284 36 37 la
909 1284 95 37 voix
1022 1285 48 36 de
1094 1285 184 36 madame
1303 1286 195 47 Dugazon
1520 1296 49 25 ne
1592 1285 278 36 donne-t-elle
1892 1297 70 36 pas

202 1358 16 20 «
249 1345 101 35 dans
373 1357 44 24 ce
440 1345 86 36 rôle
549 1357 77 24 aux
651 1345 256 48 expressions
942 1345 57 37 les
1034 1346 90 48 plus
1152 1345 164 49 simples
1335 1346 7 37 !
1371 1346 31 35 11
1425 1346 67 48 n'y
1515 1358 20 23 a
1557 1357 68 37 pas
1648 1357 79 24 une
1747 1347 47 35 de
1812 1357 61 24 ses
1896 1346 43 35 in-

202 1420 14 20 «
247 1405 190 48 flexions,
461 1405 26 36 il
509 1406 65 49 n'y
595 1419 21 23 a
637 1418 70 35 pas
729 1419 54 23 un
806 1414 265 29 mouvement
1088 1407 47 35 de
1153 1418 73 24 son
1250 1406 64 50 jeu
1333 1406 69 47 qui
1427 1404 175 49 n'ajoute
1621 1418 51 24 au
1693 1415 266 29 mouvement

204 1482 14 20 «
250 1468 48 36 de
320 1468 35 35 la
381 1470 134 43 scène,
540 1475 38 28 et
598 1479 49 24 ne
670 1468 37 35 la
728 1468 108 36 varie
858 1479 94 25 avec
974 1475 143 28 autant
1139 1468 48 35 de
1212 1465 126 39 vérité
1370 1478 78 36 que
1470 1467 48 36 de
1543 1468 134 46 grâce.
1705 1481 14 21 »

261 1573 103 40 Plus
404 1572 136 54 grand
583 1585 169 40 encore,
792 1571 228 54 peut-être,
1063 1572 66 39 fut
1166 1571 39 40 le
1241 1572 142 39 succès
1420 1584 84 40 que
1527 1571 196 40 madame
1747 1572 212 53 Dugazon

202 1645 146 41 obtint
369 1645 210 53 quelques
601 1646 159 39 années
783 1646 97 53 plus
900 1645 112 52 tard,
1035 1658 53 27 en
1112 1646 145 39 créant
1278 1644 37 41 le
1337 1644 85 40 rôle
1444 1645 50 39 de
1518 1644 119 40 Nina
1657 1644 107 41 dans
1785 1645 38 40 la
1846 1645 115 54 pièce

200 1719 192 41 fameuse
414 1719 51 40 de
489 1718 242 41 Marsollier
747 1728 39 31 et
814 1719 226 54 Dalayrac,
1067 1718 120 43 Nina
1209 1731 55 27 ou
1295 1719 42 40 la
1362 1719 129 39 Folle
1522 1732 90 39 par
1634 1731 158 28 amour
1808 1731 12 28 :

251 1830 75 37 Les
345 1836 174 42 gazettes
546 1829 162 37 avaient
726 1830 250 36 récemment
999 1829 187 49 rapporté
1211 1841 56 24 un
1294 1829 68 36 fait
1385 1828 211 37 touchant.
1623 1829 91 36 Une
1735 1829 117 48 jeune
1872 1829 84 37 fille

198 1893 69 35 des
290 1890 190 38 environs
505 1891 47 36 de
576 1891 133 36 Sedan
731 1891 198 36 attendait
952 1903 73 25 son
1046 1891 142 46 fiancé,
1211 1898 52 39 et,
1288 1902 104 36 pour
1414 1889 34 37 le
1471 1890 131 36 revoir
1629 1889 199 49 quelques
1865 1891 63 35 ins-

198 1961 108 30 tants
328 1954 90 48 plus
446 1954 74 45 tôt,
546 1952 97 37 était
664 1953 98 36 allée
781 1956 21 33 à
823 1965 39 24 sa
885 1960 215 30 rencontre
1126 1964 67 23 sur
1221 1951 35 36 la
1289 1959 132 28 route.
1459 1951 234 48 Quelqu'un
1714 1950 87 37 vint
1823 1949 20 38 à
1866 1952 90 45 elle,

206 2023 38 28 et
278 2015 57 36 lui
367 2015 134 48 apprit
531 2015 276 35 brutalement
842 2025 79 36 que
956 2014 36 36 le
1027 2013 120 49 jeune
1180 2012 165 36 homme
1373 2012 105 36 avait
1502 2012 61 36 été
1599 2013 134 47 frappé
1770 2012 47 36 de
1850 2020 107 29 mort

202 2077 146 36 subite.
379 2077 36 35 A
444 2084 104 28 cette
578 2075 205 44 nouvelle,
814 2086 79 24 une
924 2073 231 37 révolution
1180 2085 40 24 se
1255 2072 45 37 fit
1331 2073 98 35 dans
1463 2072 151 49 l'esprit
1651 2073 47 35 de
1733 2072 35 37 la
1808 2084 149 35 pauvre

200 2137 152 45 enfant,
377 2136 70 49 qui
470 2137 140 36 devint
642 2135 94 37 folle
760 2136 47 35 de
832 2135 187 37 douleur.
1059 2135 87 36 Elle
1186 2134 90 36 n'en
1312 2141 166 28 mourut
1516 2141 115 41 point
1667 2141 209 40 pourtant,
1916 2142 39 28 et

196 2199 180 49 pendant
399 2197 89 49 plus
511 2197 48 35 de
583 2196 66 36 dix
671 2209 85 34 ans,
781 2196 77 36 elle
879 2196 45 36 fit
943 2196 156 47 chaque
1119 2194 90 49 jour
1230 2194 89 49 plus
1342 2194 47 36 de
1410 2194 106 36 deux
1542 2193 124 37 lieues
1688 2194 21 35 à
1731 2194 91 48 pied
1850 2206 102 37 pour

196 2260 99 37 aller
320 2263 22 33 à
364 2258 191 37 l'endroit
578 2261 52 34 où
652 2258 74 36 elle
749 2257 105 38 avait
882 2258 138 48 espéré
1053 2265 165 28 trouver
1239 2255 103 37 celui
1364 2255 148 48 qu'elle
1535 2255 151 37 aimait.
1710 2255 166 36 Arrivée
1902 2255 50 49 là,

197 2321 76 36 elle
292 2319 208 51 s'asseyait
519 2332 69 24 sur
609 2331 78 25 une
710 2319 145 49 pierre,
881 2327 38 29 et
940 2317 149 51 passait
1119 2319 35 35 la
1177 2317 170 50 journée
1369 2316 22 37 à
1413 2316 205 48 attendre;
1652 2316 104 48 puis,
1786 2316 165 49 lorsque

195 2384 37 36 la
253 2384 90 36 nuit
362 2382 150 49 venait,
538 2383 73 37 elle
632 2383 83 36 s'en
738 2389 230 29 retournait
990 2381 233 37 tristement
1253 2392 50 25 en
1326 2379 130 38 disant
1479 2379 44 52 :

195 2458 70 37 pas
287 2457 147 25 encore
457 2444 130 37 arrivé
606 2444 7 37 !
635 2444 46 37 Je
705 2442 227 39 reviendrai
954 2441 176 40 demain.
1154 2456 14 20 »

244 2507 58 36 De
324 2518 43 24 ce
392 2505 66 37 fait
480 2505 147 44 divers,
647 2518 57 24 un
724 2505 70 36 des
816 2504 90 50 plus
941 2503 141 37 fidèles
1114 2502 320 38 collaborateurs
1457 2502 48 37 de
1529 2502 209 49 Dalayrac,
1772 2502 150 36 Marsol-

197 2568 87 47 lier,
310 2568 104 37 avait
444 2567 75 37 tiré
550 2580 55 23 un
627 2570 145 46 poème
813 2565 198 37 touchant
1051 2564 165 49 d'opéra
1254 2563 213 48 comique;
1508 2563 242 47 seulement,
1785 2562 100 36 dans
1915 2574 42 24 sa

198 2628 126 49 pièce,
348 2629 213 36 l'annonce
585 2627 48 37 de
654 2627 37 37 la
713 2634 107 30 mort
843 2627 53 35 du
917 2626 129 36 fiancé
1068 2625 139 37 n'était
1229 2636 79 36 que
1329 2625 37 35 le
1390 2624 169 37 résultat
1579 2624 121 35 d'une
1722 2634 150 25 erreur.
1900 2623 57 35 La

194 2690 121 48 jeune
332 2690 81 36 fille
437 2691 92 35 n'en
546 2688 187 38 devenait
748 2700 70 37 pas
841 2688 133 36 moins
989 2686 109 47 folle,
1122 2686 99 37 mais
1241 2686 34 36 le
1298 2693 139 28 retour
1458 2686 48 36 de
1526 2697 73 24 son
1622 2692 138 28 amant
1782 2684 56 35 lui
1862 2695 71 24 ren-

194 2753 84 36 dait
300 2752 36 36 la
360 2752 136 36 raison
522 2759 38 29 et
581 2751 137 37 venait
740 2749 168 37 faciliter
931 2749 34 36 le
988 2748 267 37 dcnoûment.
1296 2747 183 46 Lorsque
1519 2744 227 38 Marsollier
1773 2752 69 28 eut
1870 2752 62 28 ter-

196 2814 109 36 miné
327 2825 71 25 son
421 2812 131 48 livret,
578 2812 26 36 il
628 2812 35 36 le
686 2810 135 38 confia
840 2814 21 32 à
892 2810 211 49 Dalayrae,
1135 2808 69 49 qui
1238 2808 57 48 s'y
1317 2806 160 37 attacha
1496 2818 93 25 avec
1611 2805 160 49 passion
1796 2815 37 26 et
1855 2805 99 35 l'eut

196 2876 156 36 bientôt
371 2874 73 37 mis
463 2886 49 25 en
531 2874 203 47 musique.
750 2872 223 47 L'ouvrage
990 2870 106 37 avait
1113 2881 103 36 pour
1231 2868 92 36 titre
1338 2867 110 37 Nina
1463 2879 53 25 ou
1533 2865 250 50 laFollepar
1797 2877 159 26 amour.

246 2937 55 36 La
325 2935 194 38 tentative
543 2935 49 37 de
616 2933 235 38 Marsollier
873 2933 97 37 était
1005 2931 154 36 hardie.
1195 2929 166 47 Jamais,
1394 2940 48 24 en
1472 2930 153 35 France
1646 2926 52 36 du
1724 2925 147 45 moins,
1898 2938 50 23 on

194 2999 146 35 n'avait
360 2999 70 35 osé
453 2998 211 48 présenter
686 3008 50 24 en
761 2998 119 33 scène
903 3006 56 24 un
983 2994 84 36 être
1091 2992 110 48 privé
1224 2991 48 36 de
1296 2990 148 36 raison.
1467 2989 144 36 C'était
1634 2987 36 37 là
1692 2988 52 36 du
1768 2987 186 37 réalisme

193 3062 99 35 dans
312 3073 40 24 sa
373 3060 89 49 plus
486 3057 202 50 complète
711 3056 253 49 expression,
990 3062 39 29 et
1046 3055 57 35 les
1126 3053 102 36 amis
1252 3052 69 36 des
1340 3057 167 29 auteurs
1530 3048 192 38 n'étaient
1744 3048 116 49 point
1883 3060 60 23 ras-

194 3123 112 36 surés
329 3135 69 23 sur
421 3122 36 36 le
482 3128 84 29 sort
588 3119 70 49 qui
682 3118 169 49 pouvait
882 3117 186 37 attendre
1090 3126 80 26 une
1196 3113 96 38 telle
1316 3120 238 41 entreprise.
1580 3112 64 37 On
1679 3110 90 36 finit
1799 3122 71 36 par
1902 3108 55 37 les

193 3184 170 49 effrayer
384 3186 20 33 à
428 3196 42 24 ce
494 3182 105 51 sujet
623 3190 87 28 tant
730 3189 38 29 et
788 3181 32 36 si
844 3181 94 36 bien
962 3178 121 49 qu'ils
1107 3177 226 36 hésitèrent
1361 3182 120 28 avant
1502 3173 47 37 de
1571 3172 215 37 s'adresser
1804 3184 50 24 au
1873 3169 84 39 vrai

193 3246 152 49 public,
370 3253 39 28 et
430 3257 79 36 que
531 3256 71 37 par
626 3245 107 36 deux
762 3241 77 39 fois
877 3241 49 37 ils
962 3243 233 46 essayèrent
1233 3238 88 35 leur
1354 3235 113 50 pièce
1501 3247 49 25 en
1575 3234 99 49 petit
1697 3233 161 46 comité,
1885 3245 70 24 sur

193 3310 69 34 des
278 3304 178 40 théâtres
479 3307 257 36 d'amateurs.
775 3303 154 46 L'effet,
967 3302 85 37 loin
1081 3300 123 37 d'être
1241 3297 215 47 contraire,
1493 3304 120 42 ayant
1645 3295 185 49 surpassé
1863 3293 89 36 leur

193 3376 169 40 attente,
388 3368 44 36 ils
453 3380 40 25 se
516 3367 236 38 décidèrent
774 3366 110 37 enfin
906 3363 21 38 à
950 3365 35 36 la
1008 3361 192 51 produire
1223 3372 68 24 sur
1324 3360 38 35 le
1402 3358 157 36 théâtre
1582 3370 104 37 pour
1720 3354 133 51 lequel
1876 3354 74 37 elle

195 3431 104 36 avait
321 3431 60 36 été
404 3429 106 40 faite,
538 3428 250 39 c'est-à-dire
811 3431 21 33 à
860 3427 37 37 la
920 3421 439 48 Comédie-Italienne,
1381 3423 53 34 où
1455 3420 35 37 la
1510 3419 199 49 première
1740 3416 191 51 représen-

195 3492 130 37 tation
351 3504 46 24 en
423 3500 69 28 eut
513 3491 81 37 lieu
620 3492 35 35 le
684 3488 21 49 i
726 3488 21 49 5
768 3488 62 49 mai
859 3488 109 49 1786.
