2321 4066
798 479 77 41 LA
906 474 385 51 CHRONIQUE
1322 469 323 45 MUSICALE

432 523 0 0 130

344 630 192 49 déployer
574 640 94 27 avec
706 626 90 50 plus
823 626 48 37 de
905 624 186 44 richesse,
1124 623 54 35 où
1207 620 58 38 les
1298 617 100 39 trois
1432 618 173 36 facteurs
1635 614 208 38 essentiels
1865 614 54 37 du
1947 614 144 37 drame

343 696 172 52 lyrique,
539 696 35 38 le
592 698 158 47 poème,
788 694 36 37 le
849 693 120 38 chant
990 698 40 30 et
1050 689 235 38 l'orchestre
1321 684 178 39 arrivent
1517 697 23 23 a
1559 694 40 26 se
1621 682 143 37 fondie
1798 682 97 37 dans
1919 694 55 25 un
1996 689 95 30 tout

345 764 288 40 harmonieux.

394 842 95 49 Oui,
513 842 195 40 cherchez
739 847 91 32 tout
863 838 95 48 cela,
984 846 119 29 et.....
1125 844 115 31 votre
1263 837 142 48 procès
1429 845 88 26 sera
1538 830 158 39 bientôt
1717 828 85 50 fait,
1827 836 39 29 et
1887 828 81 37 lon
1989 838 101 28 vous

348 911 140 51 jettera
511 913 23 35 à
549 910 36 38 la
607 910 79 37 tête
708 916 103 30 cette
833 906 174 38 absurde
1029 905 175 49 épithète
1226 903 70 50 qui
1319 901 238 39 s'attachera
1578 903 22 34 à
1620 911 101 26 vous
1743 908 160 27 comme
1919 907 55 26 un
1994 895 80 49 stig-

346 987 106 28 mate
483 975 215 40 indélébile
720 988 9 24 :
765 974 94 38 c'est
883 985 56 24 un
960 971 245 50 wagnérien!
1242 969 244 48 Quiconque
1514 979 40 25 se
1576 977 174 39 propose
1773 976 55 25 un
1850 971 116 30 autre
1989 962 104 37 idéal

346 1058 78 36 que
453 1045 35 37 le
518 1042 151 40 Cheval
701 1042 49 37 de
766 1041 160 50 Bronze
948 1051 53 25 ou
1028 1039 38 36 la
1087 1037 298 38 Fanchonnette
1406 1044 57 28 est
1486 1048 55 24 un
1562 1033 253 50 wagnérien?
1851 1030 243 49 Quiconque

346 1111 140 39 n'écrit
501 1122 68 38 pas
583 1117 91 30 tout
694 1121 56 24 un
769 1108 122 49 opéra
907 1119 69 24 sur
997 1106 70 36 des
1091 1105 78 36 airs
1187 1104 47 36 de
1258 1102 199 50 quadrille
1479 1115 54 25 ou
1554 1103 48 36 de
1619 1101 282 44 contredanse,
1915 1108 179 39 manque

345 1181 48 35 de
416 1178 168 38 mélodie
587 1207 8 18 ,
622 1177 96 37 c'est
751 1187 56 25 un
828 1172 256 51 impuissant,
1109 1172 95 37 c'est
1233 1183 57 25 un
1308 1169 228 49 wagnérien
1548 1173 7 35 !
1583 1169 111 37 Bizet
1720 1169 98 37 était
1848 1181 57 25 un
1933 1169 134 49 wagné-

345 1248 102 45 rien,
470 1257 54 26 on
544 1245 49 36 Fa
616 1243 170 38 ressassé
821 1254 67 24 sur
910 1249 92 29 tous
1023 1239 55 38 les
1112 1246 93 29 tons
1233 1241 22 33 à
1276 1249 150 37 propos
1460 1237 49 37 de
1541 1237 180 37 chacune
1750 1237 48 37 de
1827 1247 62 27 ses
1915 1248 178 35 œuvres,

345 1314 100 36 mais
466 1312 28 37 il
514 1310 96 39 était
628 1308 275 50 incorrigible,
925 1305 197 52 paraît-il,
1143 1313 39 30 et
1203 1305 27 37 il
1254 1312 60 31 est
1332 1311 109 30 mort
1463 1303 230 50 wagnérien
1715 1304 182 37 endurci.

395 1399 62 37 Eh
485 1397 108 47 bien,
616 1397 37 48 je
671 1395 157 38 déclare
849 1406 79 38 que
960 1401 93 30 tous
1077 1404 101 26 ceux
1199 1391 69 50 qui
1288 1391 103 37 l'ont
1411 1388 165 51 qualifié
1598 1390 48 35 de
1673 1388 230 50 wagnérien
1924 1401 51 24 ne
1996 1400 74 25 con-

349 1465 178 38 naissent
547 1477 70 37 pas
638 1475 81 26 une
742 1470 95 30 note
861 1462 68 37 des
951 1460 217 50 partitions
1190 1460 48 36 de
1256 1460 195 47 Wagner,
1475 1469 70 38 pas
1565 1469 56 24 un
1644 1463 86 30 mot
1751 1456 48 37 de
1818 1467 62 26 ses
1901 1455 192 40 théories.

347 1535 51 36 Et
420 1531 32 40 si
472 1533 36 49 je
529 1540 102 29 mets
652 1538 87 30 tant
757 1529 184 38 d'ardeur
971 1531 22 34 à
1014 1527 196 38 défendre
1245 1527 114 36 Bizet
1377 1526 49 36 de
1458 1536 64 26 ces
1555 1523 269 50 imputations
1854 1523 171 49 ineptes,
2051 1534 43 25 ce

344 1601 103 38 n'est
468 1611 69 38 pas
558 1611 78 37 que
658 1598 36 49 je
716 1597 209 39 considère
960 1595 171 37 celles-ci
1162 1606 158 26 comme
1345 1604 81 26 une
1449 1592 200 38 calomnie
1679 1592 101 37 dont
1800 1590 27 37 il
1849 1590 176 49 importe
2047 1590 47 35 de

345 1669 109 38 laver
473 1679 40 25 sa
536 1665 208 48 mémoire,
767 1662 37 51 je
828 1663 104 38 tiens
954 1662 227 38 seulement
1202 1665 21 33 à
1245 1661 166 37 rétablir
1433 1660 35 37 la
1488 1660 127 38 vérité
1637 1659 71 37 des
1726 1658 107 47 faits,
1856 1657 110 39 voilà
1988 1664 105 31 tout.

395 1751 113 38 Bizet
532 1749 95 39 était
649 1762 55 25 un
727 1749 81 38 zélé
830 1747 182 50 partisan
1032 1748 48 37 de
1103 1747 38 37 la
1162 1747 169 37 mélodie
1359 1745 158 38 absolue
1523 1774 8 19 ,
1556 1753 39 29 et
1621 1744 84 38 cela
1729 1744 86 38 seul
1837 1743 107 38 suffit
1967 1741 20 39 à
2011 1743 63 37 éta-

346 1820 77 38 blir
444 1831 81 25 une
546 1817 170 38 scission
737 1816 199 49 complète
958 1822 111 31 entre
1091 1814 57 37 lui
1178 1822 38 29 et
1236 1815 36 36 le
1294 1813 143 37 maître
1469 1813 214 37 allemand.
1710 1813 61 35 En
1792 1810 72 38 fait
1885 1810 187 38 d'innova-

345 1884 109 40 tions
477 1884 265 49 subversives,
767 1884 26 37 il
814 1884 92 37 s'est
924 1889 300 32 constamment
1246 1881 135 37 étudié
1404 1883 21 33 à
1444 1879 125 38 écrire
1588 1880 47 36 de
1654 1879 37 37 la
1714 1878 189 49 musique
1931 1889 140 37 expres-

351 1954 96 49 sive,
471 1957 21 35 à
513 1952 193 39 chercher
726 1952 121 37 l'effet
870 1950 191 49 scénique
1077 1949 102 38 ainsi
1201 1961 79 36 que
1300 1947 266 49 l'expression
1583 1945 108 39 vraie
1705 1947 71 36 des
1795 1945 241 37 sentiments
2058 1951 39 30 et

348 2024 69 36 des
440 2024 235 42 caractères,
698 2022 22 35 à
741 2018 125 39 éviter
888 2030 95 27 avec
1016 2018 89 40 soin
1132 2018 58 36 les
1428 2023 39 29 et
1496 2015 57 37 les
1581 2022 274 30 contre-sens.
1886 2012 132 39 Parmi
2040 2013 57 37 les

346 2090 174 48 artistes,
539 2102 54 25 on
615 2088 204 49 distingue
840 2087 57 37 les
919 2086 137 51 génies
1073 2085 218 51 spontanés
1310 2091 40 31 et
1370 2084 56 37 les
1446 2083 136 50 génies
1606 2081 199 39 réfléchis.
1826 2081 114 38 Bizet
1954 2093 119 38 appar-

348 2157 127 37 tenait
501 2159 21 35 à
544 2158 37 36 la
602 2156 173 38 seconde
804 2154 172 47 famille;
1000 2153 132 38 c'était
1160 2164 56 25 un
1244 2151 121 50 esprit
1400 2150 205 38 méditatif
1626 2158 39 30 et
1687 2149 179 38 réfléchi.
1892 2149 110 37 Chez
2025 2148 71 49 lui,

347 2224 271 49 l'inspiration
638 2224 97 36 était
757 2229 201 31 rarement
979 2220 234 50 spontanée,
1244 2218 99 37 mais
1371 2222 21 33 à
1418 2218 109 37 force
1548 2219 48 35 de
1621 2216 238 39 recherches
1887 2224 39 29 et
1944 2216 49 36 de
2015 2223 61 28 tra-

346 2291 92 48 vail,
462 2291 27 37 il
511 2290 162 39 arrivait
692 2293 23 33 à
735 2290 157 37 donner
913 2292 22 34 à
957 2300 61 25 ses
1039 2288 107 37 idées
1167 2298 80 26 une
1269 2285 130 38 forme
1420 2285 71 49 qui
1520 2284 138 49 frappe
1689 2292 39 29 et
1755 2284 188 48 s'impose
1964 2286 21 33 à
2006 2283 74 36 l'es-

346 2358 82 50 prit
449 2358 134 48 plutôt
600 2356 147 50 qu'elle
769 2368 50 24 ne
838 2356 148 36 touche
1009 2354 36 38 le
1068 2366 113 26 cœur
1197 2361 40 30 et
1254 2353 163 38 charme
1439 2351 311 50 l'imagination.
1774 2351 56 36 La
1851 2350 175 37 mélodie
2049 2349 48 36 de

350 2424 113 38 Bizet
485 2432 59 30 est
564 2424 107 49 large
689 2431 39 29 et
750 2422 239 50 expressive,
1014 2434 73 24 son
1107 2420 226 49 harmonie,
1353 2418 187 51 toujours
1562 2421 79 35 très
1662 2417 222 48 travaillée,
1907 2425 59 30 est
1987 2429 82 26 rem-

347 2492 81 50 plie
449 2493 48 37 de
519 2491 252 39 successions
804 2499 38 29 et
876 2491 49 37 de
957 2490 278 37 modulations
1268 2488 160 37 hardies
1463 2495 39 30 et
1524 2495 175 30 souvent
1729 2484 219 40 nouvelles»
1990 2485 105 38 Mais

349 2559 94 37 c'est
464 2566 160 30 surtout
649 2570 74 26 son
750 2558 206 37 orchestre
988 2557 68 48 qui
1078 2555 124 38 trahit
1223 2556 37 36 la
1284 2554 108 37 main
1423 2554 96 36 d'un
1548 2553 143 37 maître
1727 2552 248 48 consommé,
2004 2552 96 37 c'est

348 2625 99 38 dans
468 2624 389 39 l'instrumentation
877 2637 78 37 que
975 2636 73 26 son
1072 2622 125 50 esprit
1218 2621 221 38 chercheur
1458 2629 39 29 et
1515 2620 209 37 laborieux
1745 2632 39 25 se
1806 2618 160 51 plaisait
1985 2622 20 33 à
2027 2631 49 24 en-

350 2700 127 31 tasser
498 2693 56 38 les
577 2690 301 41 combinaisons
900 2692 271 48 ingénieuses,
1195 2690 56 37 les
1274 2689 203 37 sonorités
1496 2688 215 49 piquantes
1743 2695 39 29 et
1803 2699 64 25 ces
1899 2686 109 37 mille
2030 2686 47 37 dé-

350 2761 90 38 tails
463 2763 47 35 de
529 2760 153 38 facture
701 2761 99 37 dont
819 2759 234 38 l'ensemble
1076 2758 203 36 constitue
1301 2756 37 37 le
1360 2755 148 37 coloris
1530 2767 50 24 en
1600 2755 203 47 musique.
1830 2753 113 37 Bizet
1964 2752 61 37 fut
2043 2765 56 24 un

350 2829 188 38 coloriste
561 2829 47 37 de
630 2827 174 51 premier
825 2827 131 37 ordre.
981 2826 68 37 Ses
1077 2836 158 26 œuvres
1258 2831 72 30 ont
1351 2835 49 25 eu
1421 2823 69 36 des
1517 2821 184 38 fortunes
1724 2821 253 45 différentes;
2002 2820 73 37 cha-

350 2908 102 26 cune
473 2897 136 36 d'elles
630 2904 116 41 porte
765 2895 37 37 la
822 2906 166 37 marque
1007 2893 96 36 d'un
1122 2892 82 38 vrai
1224 2892 139 36 talent.
1381 2890 82 37 Son
1485 2888 159 38 dernier
1667 2889 135 49 opéra,
1823 2888 174 37 Carmen
2004 2916 8 18 ,
2038 2895 60 30 est

349 2976 79 25 une
451 2961 193 53 partition
674 2961 293 51 remarquable,
991 2961 114 46 mais,
1135 2972 43 25 ce
1205 2958 70 50 qui
1308 2966 148 30 restera
1489 2968 158 26 comme
1680 2968 74 25 son
1787 2955 311 45 chef-d'œuvre,

349 3031 94 38 c'est
463 3038 102 30 cette
586 3031 188 36 adorable
797 3029 187 49 musique
1005 3029 48 36 de
1072 3026 271 48 lArlésienne,
1368 3024 70 50 qui
1456 3033 59 29 est
1534 3023 221 37 désormais
1777 3022 164 38 inscrite
1964 3033 50 25 au
2035 3022 43 36 ré-

346 3099 176 49 pertoire
544 3098 68 37 des
634 3098 193 37 Concerts
845 3097 48 36 de
912 3095 186 49 musique
1133 3093 198 49 classique
1362 3100 40 30 et
1421 3104 77 38 que
1520 3091 35 38 le
1586 3090 139 51 public
1745 3090 175 38 arrivera
1947 3090 60 36 tôt
2039 3101 55 25 ou

350 3166 88 37 tard
458 3168 20 33 à
498 3163 206 51 apprécier
725 3167 20 34 à
765 3176 42 25 sa
828 3163 194 38 véritable
1040 3162 151 38 valeur.

402 3252 111 36 Bizet
534 3259 59 29 est
615 3257 108 30 mort
743 3262 50 26 au
816 3257 184 31 moment
1027 3252 53 35 où
1101 3248 36 37 le
1167 3250 138 35 succès
1330 3244 111 40 allait
1465 3246 37 36 le
1524 3255 169 39 pousser
1715 3241 255 51 rapidement
2000 3241 101 39 dans

346 3332 80 26 une
449 3318 168 39 carrière
646 3318 97 49 qu'il
772 3318 105 38 avait
905 3328 223 40 parcourue
1160 3315 202 51 jusque-là
1393 3325 94 28 avec
1517 3314 189 36 honneur
1727 3320 40 29 et
1788 3324 84 25 non
1900 3325 69 36 pas
2002 3323 91 25 sans

343 3389 115 38 éclat.
484 3389 50 36 Sa
553 3394 110 42 perte
686 3394 57 30 est
764 3398 55 24 un
842 3387 126 49 grand
990 3385 108 39 deuil
1119 3398 104 37 pour
1238 3374 154 47 l'École
1415 3382 194 51 française
1628 3380 69 51 qui
1719 3388 164 41 compte
1903 3379 32 38 si
1952 3392 78 38 peu
2053 3380 48 36 de

343 3454 294 52 compositeurs
659 3454 49 38 de
730 3454 126 38 talent
878 3462 40 30 et
943 3453 200 50 d'avenir;
1165 3453 76 39 elle
1262 3464 22 27 a
1306 3452 63 38 été
1389 3450 206 42 vivement
1616 3450 193 40 ressentie
1833 3461 70 38 par
1927 3455 94 31 tous
2043 3447 37 37 le
