2321 4066
349 1143 363 74 REVUE
803 1148 193 71 DES
1080 1146 620 75 CONCERTS

147 1618 188 35 CONCERTS
369 1621 229 36 POPULAIRES
635 1637 7 21 :
686 1624 265 40 Reouverture.
987 1632 162 45 Georges
1181 1635 113 34 Bizet.
1329 1636 252 34 VArtésienne.
1616 1636 209 34 Ouverture
1858 1637 42 33 de

186 1675 117 34 Na'im
309 1702 8 15 ,
341 1677 43 33 de
411 1678 48 33 M.
484 1679 45 34 H.
554 1680 130 35 Reber.
708 1683 174 46 Musique
898 1697 97 32 pour
1017 1699 68 23 une
1105 1689 106 43 pièce
1236 1692 147 43 antique
1388 1717 7 15 ,
1421 1691 44 34 de
1490 1692 48 33 M.
1562 1692 192 33 Massenet.
1778 1692 123 35 Danse

187 1732 172 33 macabre
361 1758 9 18 ,
394 1733 43 34 de
459 1734 50 35 M.
532 1736 258 36 Saint-Saëns.
877 1740 374 42 CIRQUE-FERNANDO.
1342 1748 309 34 PARIS-CONCERT.

588 1925 40 26 ES
651 1915 198 39 Concerts
889 1919 233 49 populaires
1159 1929 73 29 ont
1270 1921 198 51 inauguré
1509 1922 37 38 le
1594 1934 42 37 17
1672 1924 164 36 octobre
1864 1923 38 37 la

593 1982 39 36 i5
639 1989 13 16 e
661 1985 129 36 année
807 1985 48 36 de
871 1985 90 38 leur
978 1986 218 42 existence.
1216 1990 77 36 Par
1306 2002 81 24 une
1402 1989 202 37 attention
1622 1992 78 34 très
1717 1990 181 48 délicate,

586 2051 69 47 qui
679 2063 88 24 sera
788 2052 209 49 appréciée
1021 2066 69 36 par
1114 2062 91 30 tous
1228 2056 56 36 les
1305 2056 186 38 hommes
1511 2058 47 37 de
1582 2070 128 35 cœur,
1731 2058 55 36 M.
1807 2059 72 35 Pas-

585 2117 149 50 deloup
757 2119 106 37 avait
884 2127 97 30 tenu
1001 2119 22 38 à
1043 2120 97 39 faire
1162 2122 58 38 les
1251 2123 209 38 honneurs
1493 2125 47 37 de
1574 2133 102 29 cette
1705 2125 197 49 première

586 2185 143 37 séance
762 2199 50 24 au
844 2199 151 36 pauvre
1031 2188 176 51 Gecfrges
1243 2190 124 49 Bizet,
1402 2204 78 36 que
1506 2193 37 36 la
1578 2200 106 29 mort
1706 2204 103 24 nous
1830 2205 21 24 a
1871 2191 30 37 si

584 2253 352 48 prématurément
956 2255 140 39 enlevé
1117 2269 51 25 au
1190 2259 103 36 mois
1314 2259 47 36 de
1382 2258 90 52 juin
1501 2259 176 38 dernier.
1715 2258 161 38 Admira-

587 2328 92 30 teur
700 2321 156 38 sincère
879 2322 48 38 de
950 2335 44 25 ce
1018 2324 103 38 beau
1143 2325 141 49 talent,
1315 2326 137 51 frappé
1485 2328 313 37 soudainement
1830 2340 72 36 par

146 2397 80 26 une
248 2386 48 38 de
316 2398 64 26 ces
401 2387 185 47 fatalités,
614 2391 86 48 qui,
724 2391 162 38 suivant
908 2405 80 25 une
1009 2394 234 49 expression
1265 2396 49 36 de
1338 2396 56 37 M.
1416 2396 99 37 Paul
1538 2397 47 36 de
1608 2396 290 49 Saint-Victor,

146 2453 185 39 donnent
388 2455 115 38 l'idée
551 2457 98 38 d'un
701 2459 126 38 crime
868 2462 175 36 commis
1089 2474 72 37 par
1206 2463 38 36 la
1289 2471 122 42 mort,
1460 2474 106 27 nous
1611 2465 131 47 aussi,
1796 2476 106 26 nous

146 2523 223 49 regardons
402 2537 160 26 comme
591 2538 58 25 un
680 2527 141 38 devoir
842 2528 49 37 de
919 2530 145 36 rendre
1089 2542 56 25 un
1168 2530 161 38 dernier
1350 2532 218 48 hommage
1589 2535 21 33 à
1635 2532 37 36 la
1705 2532 197 37 mémoire

148 2590 97 37 d'un
267 2590 215 51 musicien,
505 2593 102 38 dont
629 2606 104 25 nous
759 2607 127 26 avons
904 2595 189 50 toujours
1117 2599 225 48 encouragé
1361 2599 57 37 les
1441 2600 217 37 tendances
1680 2600 155 38 élevées
1866 2607 38 31 et

146 2659 153 48 auquel
322 2672 105 25 nous
447 2671 105 27 nous
573 2661 198 50 plaisions
793 2660 21 39 à
835 2663 136 49 prêter
990 2676 57 24 un
1068 2663 33 37 si
1124 2664 167 38 brillant
1319 2666 158 39 avenir.

197 2727 62 37 Né
281 2724 22 39 à
327 2727 112 38 Paris
457 2728 36 37 le
514 2741 48 37 27
585 2730 168 37 octobre
779 2730 110 49 1838,
912 2730 176 50 Georges
1112 2732 113 37 Bizet
1258 2740 207 41 remporta
1498 2734 37 36 le
1567 2735 175 47 premier
1775 2734 128 48 grand

147 2793 89 51 prix
258 2795 48 37 de
331 2797 129 36 Rome
483 2808 50 25 en
573 2798 110 49 1857.
717 2798 57 36 La
804 2799 133 37 même
968 2799 144 46 année,
1136 2799 26 37 il
1191 2800 97 36 était
1317 2800 204 50 proclamé
1550 2801 155 37 lauréat
1727 2803 98 35 dans
1844 2814 56 26 un

150 2874 202 27 concours
386 2864 98 37 d'un
515 2873 114 29 autre
648 2878 134 36 genre,
821 2874 145 30 ouvert
994 2880 71 36 par
1087 2867 56 37 M.
1170 2867 222 38 Offenbach
1422 2878 105 38 pour
1560 2869 37 36 la
1631 2869 271 50 composition

148 2930 121 38 d'une
291 2933 204 48 opérette;
520 2934 113 37 Bizet
653 2934 136 37 obtint
807 2934 37 37 le
866 2934 90 48 prix
978 2947 56 25 ex
1051 2947 112 38 œquo
1183 2947 93 26 avec
1300 2936 56 36 M.
1377 2936 173 49 Lecocq,
1573 2944 38 30 et
1634 2949 73 25 son
1728 2937 174 49 premier

149 3010 189 40 ouvrage,
357 3001 35 37 le
414 3001 181 37 Docteur
610 2998 192 52 Mirctcle,
825 3001 62 38 fut
907 3001 94 49 joué
1017 3015 68 24 sur
1106 3003 37 35 la
1166 3005 117 35 scène
1305 3003 68 37 des
1392 3003 180 41 Bouffes.
1596 3005 128 49 Après
1747 3017 74 25 son
1846 3017 40 25 re-

149 3073 95 31 tour
266 3068 48 38 de
336 3070 143 48 Rome,
498 3069 26 37 il
540 3069 152 38 débuta
711 3081 80 25 aux
813 3069 197 37 Concerts
1031 3069 231 51 populaires
1281 3082 73 37 par
1372 3083 56 25 un
1448 3071 175 54 Scherzo
1644 3073 48 36 de
1714 3073 165 49 sympho-

150 3131 67 41 nie
240 3144 39 30 et
299 3148 51 26 au
375 3137 394 51 Théâtre-Lyrique
793 3149 74 38 par
884 3149 57 25 un
963 3138 123 48 opéra
1107 3149 50 26 en
1181 3138 18 36 3
1224 3146 121 40 actes,
1380 3137 59 38 les
1468 3139 201 39 Pêcheurs
1700 3140 47 37 de
1767 3139 140 38 Perles

152 3203 149 51 (iB63J.
324 3205 76 38 Cet
423 3217 179 38 ouvrage
626 3205 187 38 dénotait
839 3203 97 40 chez
957 3217 75 25 son
1062 3212 146 31 auteur
1239 3217 57 25 un
1324 3205 80 38 réel
1435 3207 142 48 talent,
1613 3207 69 50 qui
1721 3207 186 40 s'affirma

150 3283 95 28 avec
268 3272 91 49 plus
380 3275 257 36 d'assurance
666 3282 145 41 quatre
830 3285 72 26 ans
922 3276 129 47 après,
1077 3273 98 36 dans
1195 3285 55 24 un
1274 3273 151 39 nouvel
1460 3275 122 48 opéra
1604 3287 49 26 en
1680 3287 26 36 4
1726 3284 122 39 actes,
1872 3275 35 38 la

148 3340 107 37 Jolie
275 3341 108 36 Fille
401 3341 48 38 de
470 3341 127 38 Perth
621 3342 150 49 (1867).
799 3342 57 37 La
875 3341 108 38 Jolie
1010 3341 107 36 Fille
1143 3341 48 36 de
1208 3341 125 37 Perth
1355 3354 97 36 posa
1477 3343 111 37 Bizet
1609 3344 100 37 dans
1731 3344 37 37 la
1787 3344 117 48 jeune

151 3409 112 37 école
284 3407 195 54 française
502 3419 38 28 et
562 3411 37 36 le
622 3410 46 38 fit
691 3422 144 38 ranger
853 3422 51 25 au
927 3410 174 38 nombre
1134 3410 69 37 des
1238 3410 297 50 compositeurs
1572 3424 69 26 sur
1673 3412 175 49 lesquels
1876 3411 28 38 il

152 3475 99 39 était
271 3477 149 49 permis
442 3479 47 37 de
515 3487 183 42 compter
715 3491 106 38 pour
837 3478 181 40 l'avenir.
1040 3478 37 38 A
1095 3478 127 51 partir
1243 3478 49 39 de
1309 3486 104 32 cette
1430 3480 170 49 époque,
1636 3480 111 39 Bizet
1767 3480 136 38 donna
