2321 4066
552 480 213 44 REVUE
798 480 113 42 DES
940 463 338 57 THÉÂTRES
1311 472 310 52 LYRIQUES

1881 471 78 41 135

268 633 45 42 Si
332 632 247 43 Bernadille
601 630 164 43 n'avait
786 641 75 44 pas
879 627 165 55 trempé
1063 625 108 41 dans
1192 622 40 42 la
1252 619 293 55 conspiration
1567 619 53 41 de
1659 635 19 21 «
1710 618 64 43 M.
1796 619 52 41 de
1868 618 76 42 Cel-

215 706 165 44 lamâre
402 722 19 22 »
435 721 11 37 ;
485 705 66 41 s'il
574 703 163 43 n'avait
757 716 75 41 pas
864 699 154 55 brigué
1037 697 38 42 la
1099 696 133 54 gloire
1259 693 216 42 d'enlever
1501 692 39 40 le
1561 691 169 52 Régent
1750 702 111 42 pour
1886 691 85 39 être

216 781 196 56 agréable
432 795 57 28 au
512 778 150 57 prince
681 777 52 42 de
756 774 225 55 Polignac,
1006 785 56 27 au
1084 771 83 40 duc
1203 769 49 41 de
1278 765 226 42 Richelieu
1524 776 40 30 et
1585 767 23 38 à
1630 764 40 41 la
1692 763 206 42 duchesse
1912 763 62 41 du

219 856 172 54 Maine;
414 853 69 43 s'il
504 852 139 43 s'était
664 849 205 43 contenté
889 847 54 42 de
964 853 131 34 rester
1115 843 38 42 le
1174 842 181 43 coiffeur
1385 838 218 44 ordinaire
1622 837 51 42 de
1693 837 41 42 la
1758 837 217 42 Duchesse

216 938 42 34 et
278 931 181 41 l'amant
478 927 117 43 chéri
617 926 50 40 de
689 924 42 42 la
753 922 110 43 belle
883 920 198 51 Toinon,
1103 915 256 44 cabaretière
1379 915 73 42 des
1475 913 162 52 Halles,
1661 924 115 29 nous
1796 910 180 43 aurions

220 1017 88 29 une
328 1003 118 56 pièce
475 999 225 43 mauvaise
724 997 52 40 de
798 994 146 43 moins
964 997 24 36 à
1010 992 269 54 enregistrer.

275 1075 243 44 Bernadille
540 1074 170 41 devenu
738 1069 319 56 conspirateur,
1085 1074 62 34 est
1175 1065 154 55 traqué
1350 1077 76 43 par
1446 1063 41 42 la
1509 1061 152 56 police.
1688 1059 37 43 Il
1754 1072 42 29 se
1818 1058 161 54 réfugie

220 1153 110 40 dans
351 1152 40 40 la
409 1148 208 43 chambre
639 1155 41 32 et
699 1144 109 42 dans
828 1143 61 42 les
912 1144 98 39 bras
1032 1141 52 41 de
1104 1139 184 43 Toinon
1307 1138 78 57 qui
1405 1150 54 30 ne
1477 1135 195 57 pourrait
1688 1135 39 41 le
1748 1133 232 43 soustraire

223 1240 86 28 aux
329 1223 248 44 recherches
597 1221 73 42 des
691 1228 150 47 agents
863 1218 61 43 du
949 1218 170 53 Régent
1141 1215 35 42 si
1199 1215 192 55 Margot,
1406 1213 42 41 la
1465 1211 273 54 Boulangère
1755 1223 87 28 aux
1861 1209 118 54 écus,

224 1315 53 28 ne
299 1300 63 42 lui
385 1298 158 58 prêtait
563 1296 249 42 assistance.

280 1375 172 53 Margot
485 1387 25 26 a
541 1370 273 57 rapidement
833 1367 139 56 gagné
1005 1379 87 28 une
1120 1376 144 44 grosse
1292 1364 173 40 fortune
1484 1374 53 28 en
1561 1373 42 27 se
1625 1359 163 41 mêlant
1807 1370 87 28 aux
1915 1355 46 42 af-

225 1450 125 42 faires
370 1449 53 42 de
446 1447 121 42 Law.
595 1446 92 42 Elle
710 1444 68 42 n'a
800 1456 75 42 pas
897 1455 110 42 pour
1029 1440 89 42 cela
1139 1439 141 54 quitté
1310 1451 43 27 sa
1388 1434 292 55 boulangerie.
1715 1432 92 41 Elle
1828 1445 24 28 a
1875 1430 81 42 sim-

226 1525 193 56 plement
441 1519 176 44 modifié
639 1533 45 28 sa
705 1519 126 50 façon
852 1515 51 42 de
925 1515 134 40 vivre.
1086 1512 73 42 On
1181 1511 40 41 la
1242 1510 96 42 voit
1357 1507 161 42 vendre
1540 1520 77 28 son
1642 1505 118 56 pain,
1785 1506 128 41 vêtue
1933 1502 52 41 de

226 1600 106 49 soie,
372 1604 205 35 couverte
612 1594 52 40 de
704 1592 220 41 diamants
953 1587 77 56 qui
1063 1586 176 42 orillent
1274 1597 99 27 sous
1409 1582 58 41 les
1508 1582 129 41 buees
1670 1578 52 42 de
1759 1580 41 39 la
1833 1577 150 41 faiine.

229 1671 166 53 Quand
416 1670 81 42 elle
529 1676 105 43 sort,
673 1674 153 47 quatre
847 1662 157 56 grands
1025 1658 186 56 laquais,
1246 1657 121 42 dorés
1401 1668 74 28 sur
1496 1653 215 52 tranches,
1744 1652 39 42 la
1813 1658 171 49 portent

226 1746 110 42 dans
358 1756 88 29 une
468 1741 147 42 chaise
635 1738 207 55 sculptée,
869 1733 295 57 peinturlurée
1195 1740 41 34 et
1259 1729 235 44 festonnée.
1527 1727 75 43 Un
1621 1724 136 44 suisse
1778 1736 177 43 empana-

228 1820 78 41 ché
327 1816 177 58 précède
526 1816 41 39 la
587 1813 144 42 déesse
752 1812 59 39 du
833 1809 115 56 jour.

282 1891 222 56 Singulier
526 1889 137 41 suisse
690 1886 234 42 d'ailleurs.
958 1883 65 41 De
1049 1878 413 53 Château-Thierry
1500 1875 31 41 il
1564 1882 62 34 est
1655 1887 114 28 venu
1802 1875 26 37 à
1858 1870 120 41 Paris

229 1981 103 29 avec
353 1980 65 28 un
438 1962 158 57 capital
617 1959 79 57 qui
723 1975 24 26 a
767 1958 153 53 fondu,
943 1968 170 29 comme
1133 1954 42 41 la
1199 1953 123 55 neige
1343 1949 104 43 fond
1470 1963 56 27 au
1548 1947 153 41 souffle
1720 1947 61 41 du
1801 1954 100 32 vent
1922 1943 61 40 du

231 2042 126 53 midi,
380 2039 108 42 dans
503 2051 67 28 ces
591 2035 164 42 mêmes
776 2030 292 59 spéculations
1086 2028 80 56 qui
1186 2035 79 34 ont
1284 2025 66 42 été
1366 2024 34 42 si
1424 2022 241 44 favorables
1688 2023 23 38 à
1729 2019 40 41 la
1788 2018 169 42 Boulan-

231 2119 115 52 gère.
374 2113 82 42 Par
477 2124 156 30 amour
653 2122 112 43 pour
785 2108 172 52 Margot
981 2104 33 42 il
1040 2105 97 40 s'est
1157 2102 79 43 fait
1260 2117 19 21 «
1303 2113 78 28 son
1410 2098 137 42 suisse
1570 2112 39 25 ».
1639 2094 35 42 Il
1696 2100 62 35 est
1781 2091 104 55 laid,
1908 2091 51 41 ba-

233 2190 87 52 nal,
344 2187 112 43 mais
482 2185 36 42 si
539 2184 145 43 entêté
703 2182 109 55 qu'il
833 2183 146 53 espère
1000 2179 89 42 être
1106 2176 115 42 aimé
1245 2188 60 29 un
1325 2173 100 56 jour
1534 2184 59 28 ou
1614 2169 171 40 l'autre.

287 2260 127 47 Voici
433 2260 40 42 le
493 2270 163 45 moyen
678 2254 178 43 inventé
884 2267 76 43 par
983 2251 176 55 Margot
1183 2260 111 45 pour
1321 2258 154 30 sauver
1495 2242 182 44 l'amant
1701 2240 52 41 de
1780 2251 78 28 son
1880 2236 112 42 amie

234 2336 182 45 Toinon
440 2349 10 28 :
471 2333 202 42 dérouter
689 2326 180 45 d'abord
893 2326 42 42 la
958 2324 137 57 police
1114 2336 55 30 en
1192 2321 160 42 faisant
1373 2317 183 59 prendre
1576 2329 56 28 au
1655 2311 258 58 perruquier
1932 2310 60 42 les

234 2411 145 44 habits
399 2410 61 41 du
482 2406 144 45 Suisse
648 2413 42 34 et
709 2404 39 42 le
767 2403 148 55 garder
938 2400 170 42 ensuite
1127 2397 104 42 chez
1252 2396 80 41 elle
1353 2408 53 28 en
1428 2391 165 56 qualité
1613 2390 52 40 de
1686 2387 176 42 mitron.
1886 2383 81 42 Toi-

236 2500 89 28 non
348 2484 93 42 voit
461 2496 47 28 ce
522 2486 230 47 sauvetage
774 2490 103 28 avec
897 2489 63 28 un
982 2472 150 58 plaisir
1151 2470 109 43 mêlé
1280 2463 318 59 d'inquiétude.
1617 2462 156 42 Dame,
1790 2474 21 26 c
1827 2470 62 29 est
1909 2470 84 40 que

239 2557 244 45 Bernadille
502 2565 65 33 est
588 2569 63 27 un
670 2554 110 40 beau
803 2564 112 42 gars,
939 2561 85 42 que
1047 2549 39 39 la
1109 2545 121 43 chair
1247 2551 63 34 est
1330 2541 142 51 faible,
1496 2549 38 31 et
1555 2550 85 42 que
1658 2537 169 51 Margot
1842 2540 62 33 est
1923 2545 48 26 su-

235 2636 99 56 jette
356 2637 24 39 à
399 2631 180 43 caution
598 2632 11 38 !
642 2627 91 41 Elle
761 2625 117 42 avait
899 2623 144 41 raison
1071 2621 41 42 la
1138 2620 226 56 pimpante
1391 2612 274 43 cabaretière.
1691 2612 40 38 A
1753 2607 126 56 peine
1899 2606 70 40 ins-

236 2709 101 43 tallé
357 2707 104 41 chez
483 2705 41 40 la
546 2700 286 53 Boulangère,
856 2697 40 41 le
916 2693 272 59 perruquier,
1212 2690 194 53 toujours
1429 2683 229 59 poursuivi
1679 2695 76 43 par
1790 2682 39 39 la
1858 2679 136 55 police

238 2785 78 54 qui
358 2781 72 42 n'a
475 2792 76 42 pas
586 2777 66 42 été
690 2775 249 53 longtemps
976 2770 115 53 dupe
1129 2766 52 42 de
1216 2764 40 41 la
1289 2758 308 50 substitution,
1635 2771 24 26 a
1693 2753 302 55 indignement

238 2856 172 56 trompé
432 2852 196 43 Toinon.
653 2847 235 55 Outragée,
921 2842 109 42 mais
1051 2841 200 42 l'aimant
1270 2847 170 41 encore,
1472 2829 163 46 celle-ci
1656 2828 121 41 vient
1809 2837 188 30 sommer

242 2928 248 47 Bernadille
518 2927 54 42 de
596 2922 164 44 choisir
780 2928 122 35 entre
935 2917 80 42 elle
1048 2923 42 33 et
1115 2913 187 55 Margot.
1336 2909 121 42 Cette
1487 2903 213 43 situation
1730 2913 85 42 que
1842 2905 96 35 tout
1959 2898 36 39 le

240 3004 160 44 monde
423 3016 24 28 a
471 2998 223 59 appréciée
713 2996 109 40 dans
842 2996 45 38 la
907 2991 122 43 Fille
1049 2989 56 41 de
1129 2985 203 44 madame
1350 2982 173 53 Angot,
1547 2984 64 34 est
1640 2973 204 43 tranchée
1865 2984 73 42 par
1960 2971 38 40 le

242 3077 255 60 perruquier
517 3073 78 57 qui
619 3071 170 43 revient
819 3081 101 28 sans
948 3074 221 44 vergogne
1202 3063 24 38 à
1261 3071 64 27 ses
1355 3064 205 47 premiers
1590 3060 192 31 amours.
1806 3045 192 53 Margot,

240 3154 214 51 furieuse,
475 3163 43 28 se
539 3161 138 42 venge
699 3157 76 29 sur
797 3143 39 42 le
854 3152 129 42 coup,
1006 3151 55 27 en
1082 3135 248 54 dénonçant
1352 3143 82 28 aux
1454 3133 152 48 agents
1625 3121 208 55 l'indigne
1853 3131 121 44 perru-

244 3229 146 56 quier;
428 3222 269 58 cependant,
737 3231 79 43 par
855 3227 65 30 un
962 3213 54 40 de
1059 3223 68 29 ces
1162 3206 282 44 revirements
1482 3200 36 42 si
1556 3196 206 45 soudains
1801 3194 103 40 chez
1940 3192 58 41 les

244 3304 196 48 femmes,
478 3298 81 42 elle
593 3294 165 43 déclare
786 3289 188 43 aussitôt
995 3284 157 57 qu'elle
1181 3295 23 28 a
1227 3278 155 44 menti.
1409 3276 62 41 La
1493 3272 138 59 police
1663 3270 80 43 fait
1773 3269 42 42 la
1844 3266 154 43 sourde

244 3377 149 44 oreille
413 3382 42 34 et
478 3368 245 47 Bernadille
744 3380 94 28 sera
861 3364 69 42 bel
951 3369 41 34 et
1014 3359 101 42 bien
1137 3355 84 43 mis
1242 3368 56 28 au
1320 3351 165 42 cachot.

304 3453 81 43 Les
407 3457 177 34 auteurs
601 3454 79 33 ont
697 3443 36 42 si
755 3440 101 43 bien
883 3434 187 58 compris
1096 3429 234 44 l'intensité
1355 3424 198 43 d'intérêt
1584 3421 146 42 offerte
1750 3431 77 43 par
1847 3429 66 29 ces
1936 3415 40 40 si-

248 3526 211 51 tuations,
477 3521 130 56 qu'ils
628 3526 80 36 ont
727 3516 101 57 jugé
849 3514 189 57 prudent
1056 3510 53 42 de
1129 3521 45 30 se
1193 3504 266 44 condamner
1472 3499 267 44 eux-mêmes
1753 3507 54 31 en
1827 3490 150 47 établis-
