2321 4066
816 465 76 42 LA
925 465 388 50 CHRONIQUE
1347 466 319 44 MUSICALE

371 474 80 42 104

362 620 137 31 nance
519 619 42 33 et
581 611 51 42 de
651 615 124 51 goût,
870 614 112 42 mais
1002 614 101 42 c'est
1122 628 56 29 au
1202 615 188 55 premier
1410 614 52 43 de
1483 629 69 28 ces
1572 616 188 42 théâtres
1779 630 86 42 que
1888 620 38 41 le
1952 624 175 51 progrès

362 695 42 28 se
437 682 50 42 fit
522 684 364 57 principalement
913 687 149 50 sentir,
1091 687 174 56 jusqu'à
1291 687 40 42 la
1354 701 139 30 venue
1528 689 52 42 de
1618 690 166 42 Lekain
1826 699 41 33 et
1887 691 52 42 de
1977 694 119 40 made-

363 757 197 43 moiselle
579 758 196 55 Clairon,
797 761 79 55 qui
898 761 244 42 donnèrent
1157 776 56 28 au
1236 762 425 61 Théâtre-Français
1679 779 87 28 une
1785 766 163 55 grande
1967 780 161 31 avance

360 846 73 28 sur
456 833 268 44 l'Académie
743 835 52 42 de
818 837 219 56 musique.

419 906 60 42 La
495 908 225 55 première,
740 910 323 43 mademoiselle
1079 912 206 56 Maupin,
1304 927 72 28 osa
1393 929 174 40 rompre
1582 929 99 29 avec
1699 915 262 56 l'habitude;
1981 920 118 40 made-

360 979 192 44 moiselle
574 982 202 56 Maupin,
802 983 36 41 si
870 997 172 28 connue
1064 999 75 41 par
1159 1000 64 26 ses
1244 987 169 55 galants
1449 997 41 33 et
1516 991 198 41 terribles
1745 991 194 56 exploits,
1977 993 120 41 made-

359 1054 195 42 moiselle
585 1056 205 57 Maupin,
816 1059 77 40 née
910 1058 279 57 d'Aubigny,
1209 1061 39 42 la
1271 1061 85 43 fille
1376 1063 106 42 d'un
1506 1066 222 40 secrétaire
1749 1066 59 42 du
1830 1075 140 34 comte
1991 1067 108 42 d'Ar-

360 1142 201 41 magnac,
580 1128 41 42 la
637 1129 157 42 femme
815 1131 106 42 d'un
941 1134 176 40 nommé
1135 1134 203 56 Maupin,
1361 1138 201 55 employé
1587 1141 108 40 dans
1722 1141 58 42 les
1801 1142 130 41 Aides
1951 1142 52 41 de
2024 1156 75 42 pro-

357 1203 137 50 vince,
514 1204 40 40 la
571 1206 223 40 maîtresse
809 1204 58 42 du
880 1207 151 53 prévôt
1048 1207 52 40 de
1117 1208 102 42 salle
1239 1208 207 57 Séranne,
1465 1213 324 43 mademoiselle
1812 1213 206 59 Maupin,
2043 1217 79 55 qui

354 1291 18 26 s
390 1277 118 40 étant
527 1277 138 56 éprise
686 1278 26 41 d
734 1291 60 28 un
827 1278 57 41 fol
905 1292 158 29 amour
1084 1294 115 42 pour
1222 1296 86 28 une
1327 1283 128 55 jeune
1478 1284 89 43 fille
1590 1288 52 39 de
1665 1288 236 55 Marseille,
1924 1291 38 40 la
1989 1305 134 40 pourr

355 1350 135 42 suivit
509 1350 156 56 jusque
687 1352 108 41 dans
816 1353 39 42 le
872 1363 192 34 couvent
1083 1360 56 37 où
1164 1369 65 28 ses
1260 1367 172 47 parents
1454 1359 208 43 l'avaient
1684 1363 159 55 placée,
1868 1372 42 33 et
1934 1364 183 42 l'enleva

354 1423 51 42 de
439 1437 45 29 sa
521 1424 149 56 prison
702 1429 23 38 à
753 1425 38 42 la
821 1425 152 43 faveur
1001 1428 105 42 d'un
1143 1429 164 43 violent
1329 1430 202 45 incendie
1564 1435 323 55 qu'elle-même
1915 1438 117 42 avait
2053 1438 44 42 al-

354 1496 136 44 lumé.

411 1570 186 43 Comme
613 1571 174 56 femme,
808 1574 320 43 mademoiselle
1147 1576 190 58 Maupin
1359 1579 152 43 n'était
1525 1594 75 42 pas
1615 1581 51 41 de
1680 1583 164 53 grande
1860 1584 132 53 taille,
2011 1585 111 42 mais

352 1644 81 42 elle
454 1645 103 42 était
578 1646 81 41 fort
677 1646 103 55 jolie
806 1661 9 28 :
839 1647 78 42 elle
940 1650 116 41 avait
1078 1650 51 42 de
1152 1651 139 42 beaux
1313 1653 192 43 cheveux
1524 1654 214 56 châtains,
1757 1656 51 42 de
1822 1659 159 56 grands
1999 1673 117 42 yeux

354 1717 137 52 bleus,
517 1717 38 42 le
589 1733 79 28 nez
688 1720 186 54 aquilin,
899 1736 86 27 une
1009 1722 102 56 jolie
1139 1725 170 42 bouche
1341 1735 42 34 et
1417 1741 86 27 une
1524 1741 131 42 gorge
1679 1731 433 55 remarquablement

353 1791 122 43 belle.
491 1791 184 43 Comme
692 1792 251 59 chanteuse,
960 1796 80 42 elle
1059 1811 53 28 ne
1130 1800 140 42 savait
1284 1814 75 42 pas
1376 1815 88 28 une
1482 1810 99 34 note
1595 1804 51 40 de
1666 1805 225 55 musique,
1907 1808 111 40 mais
2037 1809 81 40 elle

352 1867 215 56 suppléait
590 1872 22 37 à
632 1876 111 34 cette
764 1870 234 54 ignorance
1018 1886 78 42 par
1117 1888 87 27 une
1218 1876 162 53 grande
1401 1877 207 42 mémoire
1627 1888 40 33 et
1684 1880 79 42 elle
1785 1882 218 54 possédait
2025 1896 88 28 une

352 1940 108 41 belle
487 1940 100 41 voix
606 1955 146 40 grave.
775 1942 87 43 Son
888 1945 134 42 début
1040 1946 107 41 dans
1173 1947 143 42 Pallas
1341 1948 52 41 de
1420 1951 197 41 Cadmus
1638 1951 66 42 fut
1726 1966 59 27 un
1810 1956 160 39 succès.
1999 1955 118 42 Pour

352 2026 203 42 marquer
576 2027 46 28 sa
645 2017 373 55 reconnaissance,
1041 2020 80 40 elle
1147 2034 42 26 se
1219 2022 91 41 leva
1338 2022 110 42 dans
1474 2037 78 28 son
1575 2025 104 40 char
1699 2034 41 33 et
1769 2027 121 41 salua
1906 2027 38 41 le
1967 2028 149 55 public

350 2101 54 29 en
432 2089 123 41 étant
588 2103 77 28 son
702 2105 159 42 casque
894 2092 52 42 de
970 2093 122 59 façon
1129 2108 84 41 que
1237 2110 63 26 ses
1335 2097 125 53 longs
1496 2098 197 42 cheveux
1723 2102 250 41 tombèrent
1994 2116 52 27 en
2070 2117 43 27 se

348 2161 233 41 déroulant
612 2177 75 27 sur
721 2177 64 28 ses
819 2166 173 54 épaules
1016 2182 7 26 :
1050 2168 38 40 le
1111 2171 142 37 succès
1276 2169 153 42 devint
1462 2185 59 26 un
1557 2171 235 57 triomphe.
1831 2177 140 52 Après
1990 2185 123 39 .cette

350 2233 215 56 glorieuse
585 2235 151 53 soirée,
763 2237 38 42 la
823 2238 106 41 belle
951 2238 234 43 chanteuse
1206 2242 211 42 continua
1441 2247 23 37 à
1481 2242 122 54 jouer
1624 2258 59 27 un
1708 2260 83 40 peu
1811 2255 99 34 tous
1928 2248 58 41 les
2004 2251 109 40 rôles

347 2307 204 55 jusqu'au
587 2308 99 56 jour
722 2314 60 37 où
820 2312 322 43 mademoiselle
1177 2314 60 42 Le
1272 2316 191 41 Rochois
1501 2318 88 55 prit
1629 2333 45 28 sa
1716 2322 188 42 retraite.
1949 2322 160 43 C'était

352 2394 53 29 en
434 2383 111 54 1698
566 2398 10 33 ;
601 2384 317 43 mademoiselle
941 2385 189 56 Maupin
1152 2402 42 27 se
1211 2398 205 46 partagea
1437 2390 112 42 alors
1572 2393 58 41 les
1650 2394 209 55 premiers
1881 2396 110 41 rôles
2009 2411 103 28 avec

349 2456 363 42 mesdemoiselles
736 2459 183 42 Moreau
942 2469 41 33 et
1006 2462 250 43 Desmâtins
1279 2463 167 44 l'aînée.

405 2531 35 42 Il
461 2533 173 42 existait
654 2533 110 42 alors
786 2538 23 37 à
830 2534 176 57 l'Opéra
1029 2550 60 27 un
1112 2538 211 53 singulier
1342 2553 131 41 usage
1498 2557 9 24 :
1530 2554 89 28 une
1646 2543 153 42 actrice
1821 2547 189 42 n'aurait
2029 2561 76 40 pas

347 2619 77 29 cru
447 2608 188 53 pouvoir
655 2622 43 28 se
730 2609 225 54 dispenser
975 2610 51 42 de
1049 2611 114 42 tenir
1185 2614 193 55 quelque
1398 2614 127 42 chose
1552 2620 23 36 à
1606 2616 38 41 la
1667 2618 122 40 main
1822 2633 112 41 pour
1966 2629 145 34 entrer

347 2694 53 28 en
423 2684 138 42 scène.
588 2683 204 41 Thélaïre
828 2684 117 42 avait
974 2699 61 28 un
1063 2688 247 53 mouchoir,
1347 2688 225 55 Iphigénie
1595 2704 62 27 un
1680 2691 206 55 éventail,
1912 2697 195 52 Armide,

345 2754 170 54 Médée,
540 2764 123 33 toute
687 2756 57 42 fée
766 2770 58 28 ou
853 2757 348 54 enchanteresse,
1236 2761 135 42 tenait
1404 2777 89 26 une
1528 2764 203 54 baguette
1761 2766 110 50 d'or,
1906 2768 122 52 signe
2058 2770 53 41 de

345 2840 79 29 son
456 2830 188 53 pouvoir
677 2831 221 55 magique.
937 2832 125 42 Cette
1096 2832 190 56 sujétion
1316 2839 21 37 à
1361 2835 41 41 la
1439 2836 127 41 mode
1597 2840 257 42 contrariait
1887 2841 189 56 Maupin
2099 2858 8 26 :

344 2902 79 41 elle
446 2904 162 41 résolut
626 2905 51 40 de
700 2905 62 56 s'y
783 2906 252 52 soustraire,
1062 2907 110 41 mais
1190 2909 77 40 elle
1289 2909 188 43 attendit
1495 2924 110 40 pour
1628 2920 137 34 tenter
1785 2925 65 32 cet
1883 2917 107 41 essai
2013 2917 71 42 d'a-

344 2976 95 41 voir
462 2978 23 39 à
508 2978 113 40 créer
644 2992 61 27 un
729 2980 101 40 rôle.
858 2980 60 42 Ce
941 2980 67 42 fut
1029 2981 38 41 le
1098 2982 51 41 23
1173 2980 143 56 juillet
1343 2996 129 43 1702,
1495 2984 99 54 jour
1613 2991 58 36 où
1695 2987 79 41 elle
1794 2989 144 42 devait
1962 2994 122 53 repré-

345 3057 141 33 senter
513 3050 151 41 Médée
700 3051 106 42 dans
841 3053 157 56 l'opéra
1036 3055 51 40 de
1120 3056 190 41 Méduse
1317 3089 9 20 ,
1359 3057 52 41 de
1449 3057 62 41 De
1545 3060 41 39 la
1620 3060 176 54 Grange
1822 3072 41 32 et
1887 3064 220 47 Bouvard.

344 3123 151 41 Médée
517 3132 131 46 parut
683 3126 57 40 les
775 3127 140 42 mains
947 3128 122 42 vides
1109 3144 8 26 :
1154 3142 113 42 pour
1299 3131 38 40 le
1366 3141 139 46 temps
1528 3132 142 43 c'était
1695 3149 61 26 un
1779 3137 207 43 véritable
2008 3141 103 41 trait

343 3196 222 43 d'audace.
593 3213 20 25 «
634 3198 59 42 Ce
710 3201 87 40 rôle
814 3202 51 41 de
884 3202 277 55 magicienne
1178 3203 102 41 était
1298 3205 199 40 d'autant
1519 3206 96 54 plus
1636 3207 195 53 difficile,
1854 3226 85 39 que
1957 3213 151 42 Médée

344 3272 138 52 paraît
504 3269 198 56 toujours
726 3287 98 28 sans
847 3274 221 55 baguette,
1093 3290 99 28 sans
1215 3278 234 41 mouchoir
1479 3286 41 34 et
1553 3293 99 28 sans
1679 3283 204 51 éventail,
1909 3302 17 21 »
1963 3286 144 43 disent

345 3345 247 40 naïvement
611 3343 57 42 les
688 3344 125 43 frères
839 3348 187 43 Parfaict
1046 3351 108 39 dans
1175 3351 95 40 leur
1289 3351 317 43 Dictionnaire
1627 3354 78 41 des
1733 3354 230 46 Théâtres.

402 3415 329 45 Mademoiselle
754 3420 205 61 Maupin,
983 3438 77 41 par
1083 3424 211 52 malheur,
1319 3438 42 28 se
1392 3427 127 40 retira
1543 3436 96 48 trop
1662 3431 62 39 tôt
1752 3431 60 40 du
1843 3432 165 43 théâtre
2033 3434 71 41 :il

341 3492 270 52 appartenait
631 3497 20 36 à
678 3507 85 26 une
787 3494 159 43 femme
966 3498 52 41 de
1040 3512 76 28 son
1140 3500 210 40 caractère
1371 3499 52 42 de
1444 3511 142 44 porter
1609 3502 57 40 les
1691 3505 211 53 premiers
1921 3519 135 41 coups
2079 3512 21 35 à
