2321 4066
828 431 75 41 LA
936 432 383 54 CHRONIQUE
1354 435 314 42 MUSICALE

463 469 0 0 120

433 576 75 42 Un
529 578 197 56 critique,
745 580 106 42 dont
871 581 286 56 l'indulgence
1181 584 106 41 n'est
1308 596 76 44 pas
1407 583 284 56 précisément
1712 584 38 41 le
1771 584 145 43 défaut
1936 587 173 56 capital,

453 651 60 42 La
539 653 161 55 Harpe,
725 653 79 55 dit,
829 668 52 28 en
903 657 170 56 parlant
1094 658 51 41 de
1166 666 66 34 cet
1252 660 128 55 opéra
1404 671 9 30 :

425 795 14 21 «
469 783 145 50 Jephté
631 796 85 26 sera
739 785 185 49 toujours
952 788 166 38 nommé
1139 789 129 48 parmi
1293 788 58 39 les
1379 799 195 39 ouvrages
1601 787 231 39 estimables
1854 800 72 37 qui
1947 798 177 41 peuvent

370 846 312 37 recommander
703 846 36 38 la
759 848 196 37 mémoire
975 849 97 37 d'un
1094 858 157 30 auteur.
1272 850 108 38 C'est
1399 851 35 37 le
1454 849 86 39 seul
1561 854 22 34 à
1604 862 78 38 peu
1703 853 92 46 près
1816 850 70 50 qui
1907 850 99 39 fasse
2027 851 80 38 véri-

370 905 228 38 tablement
618 906 189 39 honneur
831 911 20 34 à
877 910 203 49 Peilegrin
1094 922 8 35 ;
1126 912 100 36 mais
1253 911 27 37 il
1312 912 122 47 suffit,
1457 924 104 37 pour
1590 912 35 36 le
1656 924 151 37 venger
1834 924 79 25 aux
1944 926 105 36 yeux
2077 915 49 37 de

372 973 100 30 tout
494 967 165 37 homme
681 968 272 47 raisonnable,
977 970 48 37 de
1052 970 179 49 l'injuste
1259 973 148 48 mépris
1428 973 101 37 dont
1550 985 55 26 on
1625 974 92 36 s'est
1738 973 70 49 plu
1828 976 21 35 à
1871 975 162 36 couvrir
2051 987 75 26 son

372 1038 112 36 nom,
504 1030 21 33 à
546 1040 118 25 cause
685 1028 49 37 de
757 1040 42 25 sa
821 1028 222 39 bonhomie
1066 1039 38 29 et
1124 1032 48 36 de
1195 1044 42 24 sa
1257 1035 206 46 pauvreté,
1482 1034 71 49 qui
1575 1046 51 26 ne
1648 1033 187 39 devaient
1855 1047 71 37 pas
1950 1035 83 38 être
2056 1036 70 38 des

372 1088 127 48 objets
520 1089 49 36 de
591 1088 215 40 ridicule...

420 1163 16 20 «
470 1149 135 38 Parmi
628 1157 113 30 toute
764 1157 104 31 cette
887 1150 108 38 foule
1019 1152 32 36 si
1080 1153 185 37 étourdie
1294 1162 39 29 et
1360 1155 33 37 si
1420 1156 116 37 vaine
1566 1158 48 35 de
1642 1169 77 26 nos
1745 1157 297 39 versificateurs
2071 1160 55 37 du

366 1210 107 49 jour,
499 1209 28 37 il
550 1217 59 30 est
630 1211 181 37 douteux
832 1211 99 48 qu'il
950 1225 26 36 y
999 1224 49 25 en
1069 1213 56 37 ait
1146 1226 56 24 un
1227 1215 68 48 qui
1317 1215 61 37 fût
1400 1227 50 26 en
1470 1217 80 36 état
1572 1218 48 35 de
1641 1217 97 38 faire
1759 1220 147 49 Jephté
1907 1248 8 8 .
1943 1221 54 37 Le
2020 1220 106 49 sujet

369 1270 140 39 n'était
535 1283 69 37 pas
630 1283 92 25 sans
743 1271 236 50 difficultés;
1004 1274 95 37 elles
1119 1283 92 29 sont
1233 1276 191 38 vaincues
1445 1289 96 25 avec
1569 1278 212 51 beaucoup
1806 1281 124 48 d'art;
1955 1282 37 36 la
2014 1282 112 49 pièce

369 1340 59 29 est
449 1335 78 34 très
546 1341 208 41 sagement
776 1334 206 47 conduite,
1007 1343 39 29 et
1067 1335 107 38 l'une
1197 1336 69 38 des
1287 1338 91 47 plus
1401 1338 242 38 touchantes
1665 1341 124 47 qu'on
1811 1341 56 36 ait
1893 1342 231 49 applaudies

367 1396 21 33 à
407 1393 172 49 l'Opéra.
602 1394 56 36 Le
680 1397 136 35 succès
837 1407 50 25 en
908 1394 62 38 fut
991 1399 81 35 très
1093 1397 139 47 grand,
1253 1405 39 29 et
1313 1410 40 25 se
1371 1399 155 37 soutint
1548 1402 21 34 à
1589 1408 134 28 toutes
1745 1401 57 37 les
1824 1402 185 47 reprises.
2028 1404 92 37 Une

367 1466 150 37 pompe
539 1454 211 49 religieuse
773 1464 39 29 et
833 1457 188 37 nouvelle
1039 1470 67 25 sur
1122 1470 43 25 ce
1184 1458 156 39 théâtre
1359 1460 73 37 dut
1454 1462 239 36 contribuer
1707 1464 21 34 à
1746 1461 121 39 l'effet
1885 1463 53 37 du
1959 1464 137 37 drame
2115 1476 9 26 :

369 1516 38 38 le
430 1516 101 48 style
551 1528 49 24 ne
617 1529 176 36 manque
809 1517 38 37 ni
866 1518 48 36 de
930 1519 126 37 vérité
1075 1520 40 36 ni
1131 1520 49 36 de
1199 1521 241 47 sentiment;
1466 1522 27 36 il
1514 1534 22 24 a
1555 1524 132 35 même
1707 1524 48 35 de
1773 1531 130 42 temps
1922 1536 49 25 en
1990 1532 132 43 temps

369 1578 49 36 de
440 1577 38 36 la
498 1577 202 46 noblesse,
723 1586 38 28 et
781 1578 129 48 parmi
931 1592 55 23 un
1009 1591 108 25 assez
1138 1582 125 48 grand
1292 1584 169 36 nombre
1491 1583 47 37 de
1574 1596 88 25 vers
1696 1583 152 49 faibles,
1881 1586 28 36 il
1940 1599 26 37 y
1999 1599 22 24 a
2052 1587 70 37 des

371 1639 164 36 beautés
562 1638 156 39 réelles.
746 1639 190 37 L'amour
963 1641 172 49 d'lphise
1164 1650 38 29 et
1228 1644 221 37 d'Ammon
1478 1653 60 28 est
1567 1646 121 36 d'une
1720 1646 214 38 invention
1962 1648 133 36 drama-

371 1698 125 48 tique,
527 1705 38 29 et
598 1697 129 37 forme
762 1710 56 25 un
852 1707 199 30 contraste
1085 1705 79 34 très
1197 1702 207 50 judicieux
1432 1712 113 30 entre
1574 1705 37 37 la
1633 1705 164 49 passion
1818 1707 185 38 forcenée
2025 1709 97 36 d'un

370 1757 121 51 jeune
512 1758 238 37 Ammonite
772 1767 39 29 et
832 1759 36 37 la
890 1761 208 37 tendresse
1122 1763 143 38 timide
1293 1777 78 35 que
1399 1765 35 37 le
1461 1766 140 36 devoir
1630 1768 164 36 combat
1819 1768 98 36 dans
1944 1769 36 37 le
2009 1782 113 24 cœur

370 1821 119 37 d'une
513 1820 82 37 fille
618 1821 177 39 d'lsraël.
821 1822 108 37 C'est
948 1834 42 25 ce
1013 1827 199 34 caractère
1233 1825 191 49 d'lphise,
1447 1825 32 37 si
1498 1827 94 36 bien
1612 1839 145 40 conçu,
1780 1829 68 48 qui
1871 1842 20 23 a
1914 1830 136 37 fourni
2070 1842 52 25 au

371 1884 118 47 poète
517 1894 55 24 un
600 1881 251 38 dénoûment
875 1883 183 36 d'autant
1085 1884 91 48 plus
1203 1885 198 48 heureux,
1425 1899 78 35 que
1534 1888 273 38 l'incertitude
1830 1893 52 33 où
1905 1881 217 47 l'Écriture

369 1954 105 24 nous
495 1954 21 23 a
539 1942 136 37 laissés
697 1955 67 24 sur
785 1943 37 36 le
844 1951 83 29 sort
949 1944 48 36 de
1018 1944 37 36 la
1077 1944 83 38 fille
1176 1945 48 37 de
1246 1946 159 48 Jephté,
1423 1950 235 46 permettait
1677 1949 48 36 de
1748 1950 194 37 chercher
1960 1951 36 37 le
2013 1952 84 37 vrai-

367 2003 220 38 semblable
611 2011 38 30 et
672 2004 193 37 d'écarter
886 2004 200 39 l'horreur
1107 2006 123 38 d'une
1257 2009 256 48 catastrophe
1540 2010 208 49 sanglante
1776 2011 70 50 qui
1867 2024 51 26 ne
1950 2013 167 47 pouvait

369 2076 71 36 pas
463 2062 50 38 ici
536 2064 82 37 être
640 2066 262 48 supportée...

420 2140 17 15 «
466 2124 54 37 Ce
543 2126 100 36 n'est
663 2137 69 37 pas
753 2126 37 36 là
812 2138 55 25 un
887 2126 252 38 dénoûment
1160 2128 200 49 vulgaire;
1387 2129 27 36 il
1440 2137 60 29 est
1527 2131 123 37 fondé
1680 2144 68 25 sur
1774 2133 58 36 les
1855 2132 107 39 idées
1984 2135 107 37 domi-

369 2192 142 29 nantes
534 2185 97 37 dans
651 2186 35 36 la
708 2185 124 49 pièce,
857 2196 39 28 et
918 2187 75 37 tiré
1017 2189 53 35 du
1092 2192 199 33 caractère
1313 2191 54 35 du
1388 2202 273 38 personnage;
1686 2193 26 36 il
1735 2206 154 37 prouve
1917 2196 177 38 certaine-

368 2253 112 28 ment
503 2245 98 37 dans
621 2246 175 37 l'auteur
817 2248 36 36 la
876 2249 287 37 connaissance
1185 2250 46 36 de
1254 2262 74 24 son
1348 2258 59 28 art
1430 2259 38 29 et
1489 2252 56 36 les
1568 2265 230 26 ressources
1817 2256 48 36 de
1885 2255 166 50 l'esprit.

419 2319 14 21 «
466 2307 136 45 Quant
630 2309 21 33 à
678 2307 37 37 la
742 2308 288 49 versification,
1059 2308 35 50 je
1120 2323 50 24 ne
1198 2310 136 37 citerai
1365 2323 78 36 que
1472 2314 36 35 le
1538 2316 247 47 monologue
1811 2316 47 36 de
1879 2317 146 48 Jephté
2048 2318 70 48 qui

369 2377 125 25 ouvre
513 2365 37 38 le
570 2366 229 49 cinquième
820 2377 86 29 acte
926 2380 8 26 :
959 2370 95 36 c'est
1068 2373 21 33 à
1108 2383 78 36 peu
1205 2375 91 45 près
1315 2371 36 37 la
1370 2384 158 26 mesure
1547 2374 54 36 du
1621 2375 121 49 degré
1760 2378 53 34 où
1832 2376 174 37 l'auteur
2020 2387 98 40 peut

367 2424 178 48 s'élever,
564 2435 38 29 et
622 2427 32 37 si
671 2439 42 26 ce
732 2429 102 36 n'est
853 2441 71 37 pas
942 2429 81 38 fort
1037 2435 90 45 près
1148 2432 54 36 du
1222 2433 187 48 premier,
1427 2434 94 37 c'est
1540 2436 107 36 aussi
1667 2437 80 37 fort
1767 2436 84 39 loin
1867 2439 53 36 du
1940 2439 172 37 dernier.

705 2537 193 45 Seigneur,
927 2549 45 23 un
994 2541 126 33 tendre
1135 2542 90 42 père
1245 2543 22 32 à
1291 2547 52 28 tes
1366 2543 130 34 ordres
1515 2545 148 39 soumis,

872 2593 75 34 Fut
957 2591 89 47 prêt
1065 2596 21 32 à
1107 2596 26 33 f
1136 2596 166 34 immoler
1318 2608 64 23 son
1402 2599 72 40 fils.

709 2647 55 34 Tu
786 2658 78 25 vois
887 2646 112 37 même
1020 2650 183 35 tendresse
1220 2657 34 28 et
1274 2649 112 37 même
1407 2651 219 38 obéissance.

875 2704 86 33 Ah!
981 2715 65 34 que
1068 2716 42 23 ne
1121 2707 144 44 puis-je
1287 2718 54 22 me
1347 2707 132 44 flatter

875 2759 35 32 D
912 2759 8 14 y
922 2759 142 34 obtenir
1084 2761 38 32 la
1142 2758 112 36 même
1281 2763 177 33 clémence

877 2814 76 41 Que
966 2825 99 33 pour
1082 2815 52 33 lui
1154 2820 37 28 tu
1202 2817 54 42 fis
1276 2816 158 34 éclater!

682 2867 76 33 J'ai
767 2868 81 42 fait
868 2869 143 34 dresser
1032 2870 132 44 l'autel,
1188 2876 34 28 et
1233 2872 32 44 f
1268 2872 143 32 attends
1435 2873 35 31 la
1490 2872 161 44 victime,

683 2921 92 34 Mon
797 2933 99 23 cœur
905 2924 134 42 frémit
1061 2925 46 33 du
1127 2936 96 33 sang
1240 2936 65 34 que
1324 2930 38 29 tu
1383 2937 63 23 vas
1467 2927 175 34 recevoir.

873 2980 93 33 Mon
989 2980 170 43 sacrifice
1179 2985 53 28 est
1252 2992 46 22 un
1320 2981 145 43 devoir;

705 3031 102 35 Mais
827 3033 123 34 hélas!
974 3044 82 23 mon
1077 3039 156 30 serment
1254 3036 75 33 n'en
1350 3041 54 28 est
1417 3047 70 32 pas
1508 3037 115 34 moins
1646 3048 45 23 un
1711 3040 123 35 crime.

416 3151 15 21 a
464 3139 303 39 Certainement
853 3144 58 36 dit
932 3145 167 48 Fréron,
1185 3158 55 24 un
1259 3147 126 47 grand
1405 3147 171 37 nombre
1598 3149 69 36 des
1688 3151 250 38 détracteurs
1959 3154 49 37 de
2027 3154 67 37 Pel-

365 3198 143 49 legrin,
531 3201 69 47 qui
624 3212 168 28 courent
814 3205 37 36 la
874 3206 131 36 même
1028 3207 182 47 carrière,
1237 3207 174 37 seraient
1433 3208 182 38 heureux
1635 3211 242 39 d'atteindre
1898 3226 52 25 au
1973 3217 143 37 mérite

367 3259 49 36 de
444 3260 144 49 Jephté
593 3290 5 8 .
625 3263 107 47 Qu'il
762 3278 26 35 y
817 3278 22 24 a
867 3266 267 49 d'harmonie,
1157 3269 49 36 de
1228 3269 220 37 sentiment
1469 3277 39 29 et
1529 3271 131 38 même
1682 3273 48 36 de
1753 3274 174 39 sublime
1949 3276 102 39 dans
2072 3290 43 25 ce

364 3323 144 46 poème
522 3323 7 35 !
554 3337 17 20 »

421 3424 223 57 Quelques
683 3428 116 55 jours
839 3436 122 51 après
997 3434 38 41 la
1073 3434 206 55 première
1313 3438 338 54 représentation
1685 3440 52 41 de
1961 3452 41 35 et
2035 3459 78 28 son
