2532 3279
248 356 90 28 Farben
353 361 50 26 und
417 361 45 27 hat
475 362 117 27 dennoch
607 361 49 28 fast
670 362 105 27 dieselbe
789 362 83 34 Tiefe,
891 362 52 27 und
960 363 64 26 nach
1043 362 61 27 Blau

248 395 50 26 und
311 399 63 26 Gelb
388 400 43 26 hat
447 411 58 17 man
519 402 39 26 die
570 401 91 27 Farben
674 402 115 26 ziemlich
803 403 67 25 reich
881 402 52 26 und
944 401 160 36 vollständig.

247 434 73 28 Auch
335 440 71 25 Grün
425 441 111 36 mangelt
556 442 69 24 nicht
647 441 77 36 (grün
745 441 161 33 Ultramarin,
927 441 90 35 jedoch
1037 441 67 25 noch

248 477 160 36 unerprobt!)

304 592 82 28 Ueber
406 596 52 25 sein
480 595 106 26 Fresko
606 598 10 23 I
634 596 40 25 im
689 598 139 24 Museum
850 595 114 27 schwebe
983 596 54 26 ihm
1057 604 47 17 nur

248 636 53 18 eine
325 632 177 28 unbestimmte
521 635 56 25 Idee
601 633 42 27 für
662 635 73 25 Farbe
756 635 52 25 und
828 634 132 37 Wirkung
982 644 53 16 vor.
1066 634 38 26 Sie

247 669 88 26 würde
350 672 52 26 sich
417 680 47 19 erst
479 673 66 26 beim
555 673 87 26 Malen
656 674 151 26 bestimmter
821 674 51 25 und
886 673 80 26 klarer
977 672 126 37 gestalten.

248 707 30 24 Er
292 708 89 34 denke,
397 721 23 16 es
435 715 81 23 müsse
529 712 126 26 vielleicht
669 720 77 19 etwas
761 722 51 17 von
827 713 41 25 der
882 712 168 35 Erscheinung
1064 711 40 26 des

247 745 115 36 jüngsten
382 752 114 25 Gerichts
518 761 50 17 von
589 751 187 36 Michelangelo
801 751 162 26 bekommen:
989 750 115 36 plastisch

249 789 154 26 vortretende
418 790 128 26 Gestalten
560 790 52 26 und
626 791 89 25 andere
728 792 27 24 in
768 790 155 26 Silhouetten
937 788 163 27 erscheinend.

248 824 46 26 Die
304 825 115 28 hinteren
430 828 77 26 obern
518 831 88 24 Putten
617 839 62 25 ganz
690 830 25 25 in
726 828 116 31 Luftton,
854 830 50 25 wie
915 829 25 24 in
950 826 154 38 gedämpfter

248 861 179 41 Erscheinung.
462 869 31 25 Er
514 867 80 27 denke
614 869 34 25 sie
667 868 126 26 vielleicht
813 877 62 26 ganz
895 868 47 24 mit
962 867 80 24 einem
1063 866 41 25 der

247 900 61 28 Luft
320 907 160 25 verwandten
491 907 132 26 Mittelton
634 916 28 16 zu
673 907 171 30 modellieren,
859 906 66 26 dann
936 906 81 35 einige
1027 903 77 27 kecke

248 938 61 35 (wie
324 952 25 17 er
363 952 78 28 sagte:
463 944 97 38 freche)
580 946 99 25 Lichter
699 944 93 27 darauf
809 945 52 25 und
882 945 39 25 ein
938 953 59 27 paar
1010 944 94 25 Striche

248 980 45 25 mit
312 983 79 26 reiner
409 984 74 26 Farbe
504 985 138 35 (vielleicht
662 984 133 26 hellrotem
811 982 161 36 Eisenoxyd.)
1014 984 28 23 In
1063 981 41 26 der

247 1018 150 29 weiblichen
418 1024 72 34 Figur
509 1023 109 26 müfsten
642 1023 66 26 dann
732 1022 56 27 aber
808 1022 73 26 Farbe
901 1021 52 26 und
973 1020 71 26 Licht
1068 1020 36 25 im

247 1055 122 31 höchsten
391 1063 125 35 Triumph
538 1063 175 25 heraustreten.
750 1063 50 24 Das
824 1063 52 23 Rot
899 1061 40 24 des
964 1058 140 27 Gewandes

248 1094 77 29 denkt
339 1109 25 16 er
377 1101 53 26 sich
444 1101 35 26 als
494 1101 40 26 ein
545 1111 106 16 warmes
662 1103 60 23 Rot.
743 1101 42 24 Ich
797 1099 87 26 würde
898 1099 52 25 ihm
961 1098 39 25 bei
1012 1097 92 26 diesem

248 1134 69 28 Bilde
338 1140 87 35 wenig
444 1140 85 26 helfen
549 1140 110 25 können.
687 1141 49 23 Das
757 1147 76 26 ganze
851 1137 54 25 Bild
926 1136 46 26 soll
993 1135 34 27 als
1049 1135 54 26 eine

248 1171 129 41 lebendige
388 1178 82 36 grofse
481 1179 83 26 Skizze
579 1179 149 25 erscheinen.
750 1178 50 24 Mir
811 1176 66 25 fehle
888 1176 39 25 die
938 1173 165 36 Leichtigkeit

248 1210 42 28 der
300 1216 165 37 Behandlung
479 1217 52 27 und
541 1217 104 27 Freiheit
659 1217 36 25 im
707 1216 94 26 Malen.
822 1215 43 25 Ich
876 1213 88 26 würde
977 1212 126 27 vielleicht

248 1250 26 26 in
288 1255 98 34 penible
397 1256 199 36 Aengstlichkeit
610 1254 127 28 verfallen.
757 1256 31 23 Er
798 1253 77 26 wolle
890 1252 47 26 den
950 1250 152 37 morgenden

248 1289 113 40 Sonntag
372 1295 25 25 in
408 1296 157 26 Nichtsthun
577 1295 154 34 verbringen,
743 1293 79 25 damit
832 1301 24 16 er
866 1300 39 17 am
918 1292 109 33 Montag
1038 1290 64 25 seine

248 1337 76 26 ganze
344 1333 75 27 Kraft
441 1334 149 27 beisammen
613 1333 65 26 habe
701 1331 51 27 und
776 1332 46 24 mit
845 1328 120 38 gröfserer
988 1328 115 36 geistiger

249 1368 148 40 Sammlung
411 1373 51 26 sein
476 1373 81 26 Werk
571 1373 122 35 beginnen
707 1371 93 26 könne.
834 1372 29 22 Es
878 1369 34 25 sei
930 1368 65 26 seine
1009 1366 78 27 Ueber-

248 1415 125 32 zeugung,
393 1411 54 27 dafs
465 1422 48 16 nur
532 1412 39 26 bei
585 1412 116 26 höchster
713 1409 114 37 geistiger
840 1410 172 34 Anspannung
1026 1412 76 20 etwas

248 1444 135 41 Tüchtiges
402 1451 53 26 und
475 1449 166 28 Bedeutendes
666 1449 112 36 geleistet
797 1446 101 27 werden
918 1445 91 26 könne.
1043 1443 59 27 Und

248 1493 44 18 wo
308 1488 39 26 die
358 1489 76 26 Alten
445 1496 77 20 etwas
534 1488 100 28 Grofses
645 1488 53 27 und
709 1488 138 26 Herrliches
860 1483 148 38 geschaffen,
1021 1482 81 28 haben

248 1522 34 27 sie
297 1535 23 17 es
334 1527 91 36 gewifs
440 1528 111 27 dadurch
565 1528 111 26 erreicht.
703 1526 106 27 Böcklin
827 1524 111 36 überlegt
956 1523 75 26 daher
1043 1522 59 35 lang

249 1565 52 25 und
315 1567 73 26 sucht
402 1568 53 25 sich
469 1567 86 27 scharf
570 1569 26 24 in
615 1568 39 25 die
669 1567 76 26 Sache
759 1563 222 28 hineinzudenken.
1009 1560 93 27 Glaubt

249 1609 26 17 er
293 1613 24 17 es
336 1605 66 26 dann
422 1616 30 16 zu
471 1607 90 30 haben,
580 1616 27 16 so
629 1606 81 26 merkt
730 1615 59 16 man
807 1604 54 27 ihm
880 1603 65 26 beim
959 1601 85 27 Malen
1063 1599 40 26 die

249 1639 83 30 innere
342 1644 150 37 Aufregung
502 1646 52 25 und
566 1646 40 25 die
615 1646 104 25 höchste
729 1642 179 37 Lebendigkeit
917 1641 41 27 für
969 1641 39 26 die
1018 1638 84 28 Arbeit

249 1687 42 23 an,
311 1692 28 16 so
359 1683 54 26 dafs
431 1684 54 26 ihm
502 1684 105 26 darüber
628 1685 39 25 die
684 1684 77 26 Hand
781 1684 88 30 zittert,
890 1681 83 27 indem
992 1680 33 25 sie
1046 1678 57 26 dem

251 1718 136 34 gleichsam
402 1723 128 26 fieberhaft
545 1722 250 28 vorausschaffenden
809 1724 72 34 Auge
894 1720 73 36 folgt.

548 1797 40 17 zz.
602 1789 145 25 November
762 1788 45 26 68.

309 1839 84 35 Später
407 1845 68 30 sagte
488 1849 37 17 er:
546 1849 24 17 er
583 1839 69 27 stelle
665 1840 53 26 sich
732 1840 27 26 in
773 1839 56 26 dem
844 1837 67 27 Bilde
926 1838 53 25 eine
993 1835 109 26 schwere

249 1871 68 30 hohe
331 1877 116 36 Aufgabe
465 1877 53 27 und
536 1877 111 32 riskiere,
668 1879 32 25 ob
722 1888 24 16 er
766 1878 42 26 der
826 1877 76 26 Sache
921 1877 63 25 Herr
1003 1874 99 27 werden

249 1909 94 37 könne,
362 1916 60 26 oder
441 1916 33 27 ob
495 1927 24 16 er
538 1916 71 27 dabei
627 1916 88 27 Fiasko
735 1917 93 26 mache.
859 1914 48 27 Oft
920 1915 73 26 käme
1011 1923 25 16 er
1052 1913 53 25 sich

249 1949 72 29 dabei
345 1965 46 17 vor
414 1956 50 26 wie
488 1956 41 26 ein
553 1956 139 30 Seiltänzer,
716 1955 42 26 der
782 1954 48 27 auf
849 1954 94 26 hohem
964 1952 47 27 Seil
1035 1952 68 36 gehe.

250 1990 138 30 Aehnliche
403 1993 111 28 Gefühle
532 1999 99 22 müssen
647 1995 44 26 ihn
711 1994 63 26 auch
793 1994 74 25 heute
881 1991 119 27 bedrückt
1014 1991 90 30 haben,

250 2026 65 30 denn
331 2042 24 16 er
369 2043 55 16 war
438 2033 47 26 den
499 2043 93 26 ganzen
606 2035 53 34 Tag
673 2033 144 26 verstimmt.

306 2071 219 27 Naturstudien
536 2073 44 26 hat
588 2082 25 16 er
621 2072 85 35 wenig
713 2081 30 16 zu
751 2071 92 26 diesem
851 2070 68 25 Bilde
928 2069 122 35 gemacht.
1066 2069 38 24 Zu

250 2104 49 29 den
311 2110 121 27 Tritonen
447 2112 43 25 hat
503 2121 25 16 er
545 2112 53 25 sich
614 2110 73 27 selbst
706 2111 34 25 im
754 2109 95 36 Spiegel
867 2108 152 35 gezeichnet,
1038 2107 25 26 d.
1077 2107 26 25 h.

250 2145 41 25 nie
315 2148 82 27 direkt
420 2149 108 37 kopiert,
552 2150 107 26 sondern
679 2149 26 26 in
725 2148 74 26 allem
819 2148 81 34 gleich
922 2146 47 26 auf
985 2146 39 25 die
1043 2148 46 23 Ver-

250 2187 129 37 wendung
393 2188 139 27 Rücksicht
546 2197 157 28 genommen.
726 2188 50 25 Zur
790 2186 149 26 weiblichen
953 2184 95 27 Gestalt
1061 2184 43 25 hat

249 2230 26 18 er
293 2234 49 18 nur
358 2236 12 17 z
376 2243 38 4 —
420 2237 11 25 3
448 2228 70 25 Male
537 2231 55 33 jene
613 2225 191 28 obenerwähnle
823 2227 77 23 Dame
917 2224 114 29 besucht,
1050 2223 54 26 sich

249 2260 65 34 aber,
327 2267 52 24 wie
393 2276 23 16 es
431 2268 104 29 scheint,
549 2276 48 17 nur
611 2264 48 28 auf
669 2266 42 25 das
722 2264 148 27 Anschauen
885 2262 51 26 und
947 2262 156 26 Beobachten

249 2297 154 34 beschieden.
434 2307 38 24 Zu
491 2306 47 26 den
558 2308 89 23 Putten
666 2303 98 27 endlich
784 2302 124 27 zeichnete
926 2302 52 24 sich
997 2299 107 27 Böcklin

249 2338 82 39 einige
345 2343 83 37 Köpfe
442 2346 64 24 nach
516 2344 109 27 Kindern
641 2344 75 25 seiner
727 2341 115 30 Freunde,
857 2341 92 25 meinte
959 2339 57 26 aber
1027 2339 75 29 dann,

249 2386 26 16 er
288 2379 86 29 könne
387 2383 34 25 sie
435 2384 69 25 nicht
519 2384 67 25 recht
600 2383 133 29 brauchen,
752 2381 33 26 sie
801 2380 116 27 brächten
931 2379 43 26 ihn
989 2387 43 16 aus
1046 2377 57 26 dem

248 2416 70 30 Text.
349 2423 27 24 In
391 2432 28 15 so
434 2422 132 36 allgemein
580 2422 118 36 gedachte
713 2420 126 27 Gestalten
857 2417 99 28 dürften
973 2417 72 26 keine
1061 2426 28 25 ge-

249 2463 64 21 naue
326 2460 188 37 Naturkopien,
536 2462 39 25 die
596 2472 50 16 von
667 2461 41 26 der
722 2462 83 25 Natur
823 2457 103 37 zufällig
945 2467 28 16 so
994 2456 59 26 oder
1074 2465 28 16 so

249 2496 122 32 gebildete
392 2501 104 25 Formen
516 2501 101 35 zeigten.
655 2501 89 26 Solche
764 2499 104 27 würden
891 2497 57 26 dem
969 2496 134 27 Beschauer

249 2535 111 34 sogleich
383 2548 43 17 aus
451 2540 57 25 dem
530 2540 69 25 Bilde
623 2539 123 27 auffallen
770 2539 52 27 und
845 2538 56 26 dem
928 2535 175 27 einheitlichen

249 2571 115 31 Interesse
385 2578 113 26 schaden.
533 2580 33 25 So
587 2579 66 27 auch
673 2578 99 28 verläfst
791 2578 54 27 sich
864 2576 105 27 Böcklin
993 2573 40 28 für
1056 2573 47 26 den

249 2611 74 38 Kopf
338 2615 43 26 der
400 2618 114 34 Magna
533 2627 109 27 parens
662 2618 51 26 rein
732 2616 48 28 auf
795 2617 42 27 das
853 2616 120 35 Gelingen
994 2615 25 24 in
1037 2613 66 26 einer

249 2653 131 36 günstigen
394 2656 101 30 Stunde,
514 2656 47 27 auf
572 2656 39 27 die
625 2657 104 26 erhöhte
743 2657 101 36 geistige
857 2656 151 33 Stimmung,
1027 2661 76 17 wenn

1182 372 25 17 er
1226 362 52 26 sich
1296 370 44 16 vor
1359 359 56 27 dem
1429 359 88 26 Fresko
1536 359 73 26 selbst
1629 359 107 27 befindet
1751 362 53 25 und
1818 361 49 27 auf
1881 363 40 26 die
1934 364 104 36 geistige

1182 403 182 33 Anspannung,
1384 398 26 25 in
1430 397 39 26 die
1487 397 43 26 ihn
1546 397 41 27 das
1602 398 118 27 Arbeiten
1734 401 27 24 in
1775 400 42 25 der
1831 403 207 26 entscheidenden

1182 439 93 26 Stunde
1289 438 102 34 bringen
1405 436 72 26 wird.
1504 436 42 25 Bei
1561 436 57 26 dem
1632 447 94 25 ganzen
1740 438 69 26 Bilde
1823 439 44 25 hat
1882 450 24 15 er
1921 441 57 25 dem
1993 443 30 24 Er-

1182 478 82 27 finden
1278 486 31 16 an
1324 478 47 24 Ort
1386 475 50 26 und
1451 474 72 26 Stelle
1538 475 41 25 das
1594 475 90 26 Meiste
1699 475 148 33 überlassen,
1867 479 52 24 und
1935 479 101 27 deshalb

1182 517 108 27 verstehe
1303 515 41 26 ich
1358 513 63 27 auch
1436 513 53 25 sehr
1502 513 85 31 wohl,
1603 513 53 26 dafs
1670 514 39 25 ein
1723 514 111 27 Anderer
1850 517 72 24 nicht
1940 524 46 28 gut
2005 528 30 16 an

1181 556 48 25 den
1243 554 116 26 Arbeiten
1373 552 150 26 teilnehmen
1537 551 80 31 kann,
1637 552 31 26 da
1681 562 23 16 es
1719 554 151 34 unmöglich
1884 555 43 30 ist,
1941 557 53 25 sich
2008 557 27 25 in

1182 595 38 25 die
1240 593 53 25 Idee
1314 592 62 26 eines
1391 590 113 27 Anderen
1529 591 51 24 und
1598 591 66 25 noch
1685 591 62 25 dazu
1767 592 65 26 eines
1851 593 114 27 Meisters
1985 596 50 25 wie

1182 632 105 28 Böcklin
1301 640 61 26 ganz
1375 629 210 30 hineinzufinden,
1603 639 76 16 wenn
1693 639 47 16 nur
1757 630 40 26 ein
1817 640 27 16 so
1859 630 102 27 leichter
1975 635 45 23 Ent-

1181 668 73 30 wurf
1263 679 29 17 zu
1307 668 101 28 Grunde
1422 668 68 34 liegt.

1479 742 12 16 z
1499 741 22 26 j.
1535 731 145 26 November
1695 731 44 26 68.

1239 785 42 27 Ich
1288 783 79 37 fragte
1375 784 113 29 Böcklin,
1502 784 33 25 ob
1550 783 39 26 die
1600 783 81 26 Bilder
1690 784 54 34 Iph
1751 784 66 34 igen
1824 784 26 25 ia
1862 784 53 35 (bei
1923 784 109 37 Schack)

1181 824 52 27 und
1257 823 116 37 Sappho
1402 823 120 35 (Sarasin)
1547 823 27 24 in
1598 822 41 25 der
1657 822 112 25 Technik
1800 823 54 25 sich
1875 824 54 25 sehr
1949 830 70 20 unter-

1182 863 124 28 schieden,
1324 861 51 26 und
1392 861 42 26 das
1448 861 60 26 Eine
1527 867 65 20 etwa
1610 860 162 35 vorwiegend
1790 861 110 26 Wachs-
1919 862 51 26 und
1990 863 43 26 das

1182 902 87 26 andere
1281 900 166 26 Harzmalerei
1461 900 41 25 sei.
1519 915 34 4 —
1569 901 31 23 Er
1614 905 161 20 antwortete:
1789 900 36 24 im
1837 900 195 36 Iphigeniabilde

1182 941 50 26 wie
1252 940 26 25 in
1297 939 42 26 der
1364 939 99 36 Sappho
1484 939 65 24 seien
1566 939 80 24 Harze
1668 938 161 34 vorwiegend
1850 939 63 35 (und
1932 939 41 26 das
1994 939 38 27 bei

1182 979 63 27 allen
1267 978 81 26 seinen
1367 977 140 26 Versuchen
1524 977 46 26 mit
1587 975 206 36 Wachsfarben).
1813 994 38 2 —
1870 979 49 25 Das
1934 979 98 26 Wachs

1182 1019 69 25 diene
1264 1026 47 17 nur
1323 1016 34 26 als
1371 1016 199 26 Schmelzmittel.
1589 1031 33 3 —

1237 1170 106 27 Böcklin
1358 1170 104 26 erzählte
1475 1180 51 16 von
1540 1170 115 27 Lenbach
1669 1170 52 27 und
1735 1173 97 35 Hagen.
1853 1173 39 25 Sie
1903 1172 128 27 beredeten

1180 1210 112 30 Böcklin,
1307 1210 45 25 mit
1367 1208 73 27 ihnen
1455 1218 142 17 zusammen
1612 1209 39 26 ein
1666 1210 93 26 Atelier
1777 1221 31 16 zu
1825 1212 114 27 nehmen.
1981 1214 50 25 Das

1180 1251 59 35 ging
1254 1248 56 27 aber
1335 1257 47 17 nur
1399 1248 97 35 wenige
1519 1249 114 26 Monate.
1668 1250 52 25 Aus
1746 1251 87 25 Anlass
1856 1261 52 16 von
1931 1253 100 35 Hagens

1180 1288 105 26 Portrait
1301 1286 47 36 gab
1369 1296 23 16 es
1412 1286 52 26 eine
1484 1286 200 38 Mifsstimmung
1701 1290 126 26 zwischen
1845 1291 114 26 Lenbach
1979 1291 52 27 und

1180 1326 113 30 Böcklin,
1308 1335 27 16 so
1350 1324 52 27 dafs
1418 1325 76 26 dieser
1507 1325 53 27 sich
1574 1326 148 37 zurückzog.

1238 1363 95 28 Schack
1346 1363 89 27 wollte
1447 1364 53 26 sich
1514 1364 117 27 Böcklins
1645 1367 146 36 Thätigkeit
1808 1369 80 36 gleich
1907 1369 42 27 der
1970 1372 48 24 Len-

1181 1404 72 26 bachs
1269 1402 157 37 verpfänden,
1446 1402 53 26 und
1512 1402 107 27 Böcklin
1638 1413 67 28 sagte
1722 1416 38 19 zu.
1805 1408 44 26 Als
1863 1408 96 27 Schack
1977 1408 57 27 aber

1181 1442 91 27 einmal
1286 1442 39 26 ein
1339 1441 53 26 Bild
1407 1441 117 27 Böcklins
1539 1442 111 33 mifsfiel,
1670 1446 96 26 schrieb
1785 1446 54 27 ihm
1853 1447 89 32 dieser,
1961 1458 26 16 er
2000 1449 34 25 sei

1180 1482 69 25 nicht
1263 1480 139 37 gebunden,
1417 1490 23 16 es
1454 1490 31 17 zu
1498 1481 107 26 nehmen
1621 1484 101 34 (Erste
1736 1486 192 37 Iphigenia),
1943 1487 51 27 und
2005 1497 27 16 so

1180 1522 73 25 hörte
1265 1520 43 25 der
1320 1518 125 27 Kontrakt
1452 1518 52 33 auf,
1519 1521 81 25 zumal
1610 1522 95 27 Schack
1714 1524 44 26 ihn
1766 1526 160 36 verpflichten
1936 1527 98 30 wollte,

1180 1561 39 25 nie
1234 1559 93 26 wieder
1341 1557 80 27 Bilder
1435 1559 46 25 mit
1495 1559 183 28 Wachsfarben
1693 1572 30 16 zu
1738 1564 90 26 malen.
1874 1567 87 35 Einige
1981 1567 55 25 Zeit

1180 1601 79 35 später
1274 1598 108 26 bestellte
1396 1607 25 16 er
1433 1597 90 36 jedoch
1534 1598 41 25 das
1587 1601 157 33 Quellbild
1760 1604 53 25 und
1827 1604 54 27 Hess
1896 1606 54 26 ihm
1964 1605 72 27 dabei

1180 1639 92 35 völlige
1281 1638 110 25 Freiheit.
1413 1637 60 35 (Das
1485 1643 60 19 erste
1556 1638 53 25 Bild
1622 1639 41 26 der
1673 1640 131 37 Iphigenia
1816 1644 25 24 in
1851 1644 185 27 Wachsfarben

1181 1678 67 26 hatte
1263 1678 45 25 mit
1323 1677 41 25 der
1378 1676 61 30 Zeit,
1454 1675 124 26 vielleicht
1598 1676 98 38 infolge
1715 1679 43 26 der
1775 1683 195 36 Bewunderung
1984 1693 51 17 von

1180 1717 76 27 seiten
1271 1716 39 26 des
1325 1714 152 30 Publikums,
1491 1715 90 25 immer
1595 1716 71 27 mehr
1685 1719 85 25 seinen
1784 1720 88 27 Beifall
1886 1722 149 36 gefunden.)

1238 1873 82 23 Heute
1339 1869 41 26 das
1400 1868 107 26 Fresko
1525 1869 61 26 lim
1600 1872 142 27 Museum
1755 1874 141 37 begonnen,
1933 1887 13 17 z
1967 1877 37 27 bis
2022 1889 10 24 3

1181 1909 193 27 Kalkschichten
1387 1907 46 25 mit
1451 1907 65 26 Sand
1530 1918 51 16 von
1595 1907 26 40 \
1634 1911 71 32 Zoll,
1722 1910 25 41 «j,
1762 1914 58 27 Zoll
1838 1916 53 25 und
1909 1926 11 25 3
1938 1918 98 29 Linien,

1181 1946 93 30 darauf
1290 1947 52 26 eine
1362 1946 99 26 Schicht
1480 1956 50 16 von
1552 1957 12 16 z
1589 1949 89 27 Linien
1699 1961 44 16 aus
1762 1953 68 26 Kalk
1853 1956 47 25 mit
1921 1957 114 25 weissem

1181 1985 198 38 Marmorpulver
1392 1985 53 25 und
1459 1985 65 26 diese
1534 1986 47 26 mit
1592 1988 194 36 Schlaghölzern
1800 1994 157 36 geschlagen,
1969 1996 67 26 dann

1181 2028 46 25 mit
1242 2026 56 26 dem
1312 2023 128 28 Brettchen
1446 2023 64 36 glatt
1518 2025 132 29 verrieben.
1679 2031 49 25 Der
1737 2032 87 25 Grund
1838 2034 31 25 ist
1879 2034 55 26 sehr
1942 2034 95 27 delikat

1182 2066 51 26 und
1246 2064 58 31 hell,
1317 2062 90 37 jedoch
1420 2062 70 26 nicht
1503 2073 29 16 so
1545 2064 52 27 hell
1610 2068 51 25 wie
1675 2069 79 26 reiner
1767 2071 75 30 Kalk,
1862 2073 48 26 auf
1921 2073 58 27 dem
1993 2073 43 27 das

1181 2103 207 36 daraufgestreute
1398 2101 87 27 weisse
1498 2104 202 37 Marmorpulver
1714 2108 79 28 durch
1806 2111 41 26 die
1854 2112 181 38 Feuchtigkeit,

1181 2144 39 26 die
1235 2153 23 15 es
1276 2140 101 36 aufsog,
1398 2139 92 27 dunkel
1510 2143 97 27 wurde.
1634 2145 146 35 (Vielleicht
1799 2151 105 26 enthielt
1918 2153 64 25 auch
1997 2152 39 26 die

1181 2183 115 26 vorletzte
1303 2179 100 27 Schicht
1418 2179 77 27 neben
1510 2180 57 27 dem
1578 2184 66 26 Sand
1651 2187 68 25 noch
1727 2194 78 20 etwas
1814 2190 221 38 Marmorpulver.)

1238 2222 51 24 Um
1302 2219 39 26 die
1355 2218 146 37 Zeichnung
1522 2220 180 38 aufzupausen,
1722 2227 88 26 wurde
1829 2228 48 27 auf
1892 2230 41 25 das
1953 2237 70 19 unter-

1181 2257 175 30 zuschiebende
1370 2258 146 36 Pauspapier
1534 2261 94 26 Röthel
1646 2263 101 36 (Bolus)
1769 2267 127 27 verrieben
1917 2270 51 25 und
1989 2270 36 25 als-

1181 2299 66 26 dann
1268 2298 39 25 die
1324 2299 129 23 Konturen
1473 2298 47 25 mit
1540 2299 82 26 einem
1643 2301 89 27 Griffel
1754 2304 139 34 (vielleicht
1914 2307 121 37 Bleistift)

1181 2334 204 38 durchgedrückt.

1239 2378 74 23 Dann
1341 2374 63 36 legte
1422 2374 105 27 Böcklin
1551 2376 49 26 den
1619 2378 92 27 oberen
1730 2381 55 26 Teil
1805 2382 49 26 mit
1880 2384 48 26 den
1948 2384 88 26 Putten

1181 2414 61 28 flink
1257 2414 45 26 mit
1317 2413 56 26 dem
1387 2411 105 28 Luftton
1506 2414 25 25 in
1545 2415 133 38 Wirkung
1692 2428 39 21 an,
1752 2420 42 26 das
1808 2422 73 26 Licht
1895 2424 46 25 mit
1956 2423 80 26 einem

1180 2456 56 24 Ton
1245 2453 79 36 (ohne
1338 2461 80 26 grosse
1426 2452 239 40 Berücksichtigung
1679 2457 43 26 der
1733 2460 145 36 Konturen)
1894 2463 54 25 und
1961 2462 76 26 malte

1181 2493 65 27 dann
1261 2492 47 26 den
1322 2490 106 27 Luftton
1442 2498 75 24 etwa,
1539 2493 50 26 wie
1611 2504 25 16 er
1655 2496 101 26 werden
1773 2498 81 27 sollte.
1898 2502 139 35 (Schwarz,

1181 2531 73 31 Kalk,
1279 2537 76 20 etwas
1376 2530 85 26 blauer
1471 2531 154 28 Ultramarin
1643 2534 53 26 und
1716 2542 78 20 etwas
1811 2542 104 31 grüner;
1934 2541 34 25 als
1984 2541 53 25 sich

1180 2572 41 26 das
1236 2570 56 27 aber
1306 2580 29 15 zu
1356 2569 52 26 kalt
1429 2570 96 31 erwies,
1545 2572 67 26 noch
1630 2574 99 35 tüchtig
1750 2576 129 35 hellgrüne
1898 2579 62 26 Erde
1981 2580 42 25 dar-

1181 2609 92 36 unter.)
1302 2611 72 24 Dann
1381 2609 104 27 wurden
1500 2609 38 27 die
1552 2610 115 28 obersten
1675 2614 90 26 Putten
1772 2616 88 26 weiter
1867 2617 27 25 in
1904 2618 133 36 Wirkung

1180 2658 42 18 zur
1236 2647 145 38 plastischen
1402 2649 168 37 Erscheinung
1591 2651 208 37 herausgebracht
1820 2656 51 25 und
1893 2666 79 19 zwar:
1992 2664 46 20 erst

1223 2844 0 0 251
