3538 4396
1764 113 29 49 3

197 238 162 65 obiger
381 240 213 47 Antwort
615 245 213 53 erörtert,
852 260 86 31 nur
961 244 123 48 dient
1103 263 51 29 zu
1181 247 128 47 mehr
1332 250 266 56 Nachricht,
1622 251 100 48 dass

198 318 119 45 mein
344 316 138 48 Vater
507 317 85 48 den
616 317 86 50 20.
720 318 118 65 Aug,
869 320 141 49 1785
1030 322 40 47 in
1095 322 137 49 Wien
1253 326 79 47 mit
1357 326 173 48 meiner
1554 329 169 48 Mutter

197 392 91 48 sich
320 395 263 48 vermählte.
617 396 113 47 Dass
752 397 68 48 ich
846 398 217 64 übrigens
1087 402 286 62 vorzügliche
1398 404 325 64 Geistesgaben

199 470 181 55 besitze,
423 471 228 49 verdanke
696 473 68 49 ich
808 476 193 47 meinem
1034 477 238 65 Schöpfer,
1316 480 90 48 und
1444 481 100 48 dass
1584 484 67 45 ich
1683 485 42 46 in

199 548 176 47 meiner
402 548 116 49 noch
548 548 166 50 kurzen
739 552 265 47 Lebenszeit
1036 553 131 49 mehr
1196 557 197 62 gesehen
1426 558 89 46 und
1547 560 179 63 gehört,

201 625 63 48 als
294 626 220 47 Mancher
545 627 40 47 in
618 628 172 63 fünfzig
815 628 191 56 Jahren,
1045 631 55 47 ist
1140 633 113 47 auch
1299 636 250 47 erweislich
1584 637 143 48 wahr.

203 703 114 46 Dass
347 702 69 48 ich
449 705 149 47 ferner
627 721 83 31 von
736 705 86 48 den
846 710 205 59 grössten
1079 708 371 65 Capellmeistern
1477 712 80 48 der
1580 722 147 40 ersten

199 779 122 49 Höfe
353 781 89 47 und
474 781 80 47 der
585 782 295 65 Hofcapellen
926 786 63 46 als
1029 786 69 47 ein
1137 787 179 48 solcher
1354 790 252 48 anerkannt
1638 791 92 57 bin,

201 856 80 48 der
326 857 88 48 den
448 858 324 65 Contrapunkt
814 861 160 66 richtig
1017 862 88 48 und
1145 866 238 62 gründlich
1425 867 165 48 studirt
1636 870 94 56 hat,

203 934 179 65 folglich
415 936 70 47 die
515 937 308 49 Instrumente
863 941 63 45 als
968 942 174 47 sowohl
1173 943 134 56 Text,
1350 946 250 48 Harmonie
1641 947 87 47 und

204 1013 281 65 Rhythmum
518 1014 132 47 nebst
672 1016 324 63 Singstimmen
1030 1019 160 64 richtig
1219 1039 51 29 zu
1303 1022 258 48 behandeln
1587 1026 145 54 weiss,

202 1089 123 47 dient
354 1107 51 31 zu
439 1092 174 47 meiner
645 1093 316 65 Beruhigung,
1001 1097 92 47 also
1137 1098 102 48 hört
1270 1117 86 29 nur
1387 1099 81 49 der
1496 1101 237 49 offenbare

202 1167 115 48 Neid
352 1168 90 47 und
476 1169 246 63 Missgunst
756 1172 184 48 Fehler!
998 1174 118 47 Mein
1150 1177 129 47 Gott!
1326 1177 72 47 Ich
1432 1180 87 44 will
1553 1180 47 63 ja
1633 1180 99 48 kein

207 1244 173 49 Cantor
416 1244 113 49 oder
559 1247 335 49 Stadtmusicus
923 1252 203 55 werden,
1175 1253 89 47 und
1308 1256 129 45 weiss
1473 1272 83 47 gar
1598 1258 136 56 wohl,

206 1322 101 48 dass
331 1340 51 29 zu
408 1323 151 48 diesen
587 1324 160 49 beiden
775 1328 185 53 Stellen,
984 1345 80 30 aus
1090 1331 274 48 mancherlei
1391 1332 248 57 Ursachen,
1665 1334 69 47 die

206 1399 222 64 gehörige
458 1402 243 48 Kenntniss
731 1404 91 47 und
857 1406 408 49 Geschicklichkeit
1295 1409 84 46 mir
1404 1409 117 47 fehle
1553 1430 41 28 u.
1620 1428 33 32 s.
1679 1428 55 32 w.

206 1477 75 48 Ich
316 1478 8 47 I
333 1493 96 33 asse
462 1479 114 47 mich
616 1480 105 47 sehr
750 1498 112 47 gern
893 1483 355 50 zurechtweisen
1290 1486 92 47 und
1413 1487 149 49 danke
1592 1491 105 47 Dem-

198 1554 203 66 jenigen,
432 1555 80 49 der
533 1558 116 47 mich
675 1559 79 47 mit
777 1561 393 57 Bescheidenheit,
1199 1563 113 48 aber
1335 1564 122 49 nicht
1481 1567 78 46 mit
1582 1567 121 48 Grob-

204 1633 92 48 heit
325 1633 91 48 und
441 1635 119 47 Stolz
590 1637 355 49 einherlrabend
975 1639 346 50 schulmeistern
1345 1643 100 47 will.
1481 1644 252 65 Uebrigens

202 1712 96 47 sind
331 1713 92 57 Sie,
466 1714 117 47 mein
615 1715 124 47 Herr
769 1715 188 56 Cantor,
999 1734 84 47 gar
1120 1719 123 47 nicht
1274 1722 117 46 mein
1421 1729 313 58 competenter

203 1789 203 56 Kichter,
438 1790 88 49 und
554 1792 67 47 ich
649 1793 86 48 will
761 1794 325 66 ebensowenig
1114 1813 83 31 von
1227 1798 144 48 Ihnen
1397 1806 140 42 etwas
1561 1801 172 57 lernen,

203 1867 64 47 als
293 1868 84 46 mir
400 1867 80 48 der
503 1869 228 48 sträfliche
756 1872 222 48 Gedanke
1007 1874 192 57 einfällt,
1227 1875 73 47 Sie
1324 1883 139 42 etwas
1484 1895 51 30 zu
1562 1878 169 50 lehren.

201 1944 176 48 Ferner
408 1945 118 49 habe
555 1947 67 48 ich
655 1949 116 47 auch
802 1950 124 47 nicht
954 1950 80 49 das
1065 1952 242 64 Geringste
1347 1971 148 47 gegen
1525 1955 71 49 die
1628 1955 78 50 bra-

201 2037 81 33 ven
312 2023 236 49 Individua
579 2025 76 47 des
687 2027 201 64 hiesigen
919 2028 289 57 Orchesters,
1250 2032 85 47 will
1369 2033 114 47 auch
1515 2034 217 62 glauben,

201 2099 101 50 dass
349 2103 119 46 Herr
513 2103 334 49 Stadtmusicus
890 2107 42 47 S.
978 2108 231 48 anführen
1257 2109 160 56 kann,
1469 2128 162 32 wenn
1675 2129 58 31 er

199 2194 106 31 nur
336 2179 130 48 will.
496 2180 102 47 Nur
630 2182 67 47 bei
729 2182 147 48 dieser
900 2184 129 62 Oper
1059 2185 76 47 hat
1164 2202 49 30 er
1243 2185 79 49 das
1354 2188 269 63 Gegentheil
1655 2190 57 47 lei-

199 2255 82 48 der
310 2259 176 62 gezeigt
517 2258 91 47 und
641 2260 84 46 mir
754 2260 203 49 dadurch
992 2262 85 48 den
1105 2264 155 47 Beifall
1286 2265 121 47 eines
1430 2274 123 40 sonst
1576 2284 47 31 so
1648 2272 56 58 gü-

198 2333 122 63 tigen
354 2335 89 47 und
486 2334 374 51 edeldenkenden
894 2339 263 48 Publicums
1199 2342 213 63 geraubt,
1457 2345 193 47 welches
1679 2363 53 29 zu

199 2413 98 47 edel
329 2413 156 56 denkt,
510 2415 63 46 als
597 2414 103 48 dass
722 2432 46 31 es
791 2415 85 48 den
903 2419 129 46 Keim
1059 2419 124 47 einer
1208 2420 318 65 aufgehenden
1552 2423 181 48 Pflanze

198 2507 51 29 zu
282 2490 223 48 ersticken
537 2494 185 63 geneigt
745 2498 138 44 wäre.
914 2495 84 47 Ein
1031 2495 151 48 klarer
1208 2498 175 48 Beweis
1413 2499 55 47 ist
1493 2499 145 50 davon
1662 2500 71 49 die

198 2570 296 62 gränzenlose
535 2571 337 65 Hochachtung
921 2573 89 48 und
1051 2574 378 51 enthusiastische
1469 2578 142 48 Liebe
1657 2579 76 48 für

199 2645 79 48 das
310 2645 252 66 freiberger
594 2649 257 58 Publicum,
895 2650 56 48 da
996 2651 116 47 mein
1143 2653 142 48 Vater
1327 2654 100 48 eine
1467 2672 156 48 grosse
1655 2657 51 48 be-

198 2725 184 48 rühmte
415 2725 343 51 Residenzstadt
789 2730 195 56 verliess,
1029 2730 99 48 eine
1171 2731 213 50 kostbare
1415 2734 133 48 Reise
1589 2735 143 49 anher

201 2803 295 55 unternahm,
536 2822 75 30 um
645 2805 97 48 hier
772 2823 71 30 am
879 2808 240 64 Umgange
1149 2809 144 48 dieses
1322 2827 48 30 so
1401 2811 204 65 gütigen,
1638 2813 70 48 bie-

199 2880 111 47 dern
343 2881 90 49 und
466 2883 457 49 freundschaftlichen
957 2886 263 49 Publicums
1251 2888 129 49 Theil
1424 2907 49 30 zu
1518 2891 213 56 nehmen,

199 2975 75 31 um
306 2960 122 47 seine
460 2961 208 61 wenigen
701 2964 118 47 alten
844 2965 127 64 Tage
1002 2965 42 47 in
1076 2965 168 48 diesem
1279 2966 129 49 edlen
1435 2968 151 48 Cirkel
1613 2970 115 47 noch

198 3035 211 50 verleben
439 3055 51 30 zu
524 3038 272 49 können.—
822 3041 99 49 Und
954 3059 130 31 wenn
1116 3043 67 47 ich
1218 3044 202 48 wirklich
1457 3046 163 47 Fehler
1652 3046 51 49 be-

198 3131 179 49 gangen
405 3116 138 56 hätte,
573 3134 48 32 so
649 3123 120 44 wäre
800 3135 46 32 es
876 3137 84 47 gar
989 3120 125 48 nicht
1140 3139 51 29 zu
1223 3124 321 60 verwundern,,
1580 3125 54 48 da
1660 3125 67 48 ich

198 3209 83 32 von
314 3192 100 49 dem
448 3195 243 48 Directeur
720 3195 77 50 des
827 3198 289 64 Schauspiels
1145 3217 51 30 zu
1227 3200 106 47 sehr
1363 3203 185 62 pressirt
1571 3203 160 48 wurde

198 3270 91 48 und
314 3270 85 48 den
425 3271 47 48 2.
496 3274 88 47 Act
613 3274 42 47 in
687 3275 90 47 vier
802 3276 157 64 Tagen
992 3276 297 65 geschrieben
1322 3279 119 48 habe
1467 3279 54 66 (?)
1548 3298 42 30 u.
1610 3297 33 31 s.
1672 3298 54 32 w.

328 3350 102 56 „Ich
457 3351 131 47 achte
613 3352 148 47 meine
791 3354 172 48 Hasser
990 3355 64 47 als
1078 3355 85 48 wie
1187 3355 79 48 das
1289 3358 348 63 Regenwasser.
1669 3360 59 48 So

199 3443 84 47 gar
316 3427 103 49 bald
452 3429 136 48 fliesst
616 3430 174 57 vorbei,
834 3432 89 47 und
957 3449 133 32 wenn
1120 3434 62 48 sie
1214 3434 116 48 mich
1361 3435 140 50 schon
1534 3438 194 54 meiden,

195 3521 50 32 so
269 3509 180 44 müssen
474 3507 62 47 sie
561 3507 113 49 doch
701 3510 164 56 leiden,
890 3510 102 48 dass
1017 3511 106 48 Gott
1149 3512 117 47 mein
1294 3512 157 49 Helfer
1473 3515 61 47 sei
1562 3533 41 30 u.
1620 3532 32 31 s.
1672 3533 55 32 w.

325 3586 145 53 „Dem
510 3585 326 51 unbekannten
870 3589 150 48 Herrn
1064 3606 80 31 aus
1177 3590 235 49 Chemnitz
1458 3593 151 48 dienet
1651 3612 79 30 zur

197 3662 266 58 Nachricht,
494 3664 101 48 dass
626 3665 67 48 ich
726 3665 79 49 das
838 3666 151 50 Bellen
1029 3667 172 49 kleiner
1233 3669 166 49 Hunde
1430 3670 123 48 nicht
1582 3671 145 50 achte.

1060 3746 79 56 „C.
1171 3747 59 49 M.
1262 3764 84 32 von

316 3820 83 47 Die
428 3821 221 50 Zänkerei
695 3822 87 49 rief
815 3824 116 47 noch
973 3825 109 47 zwei
1125 3833 140 40 matte
1297 3827 95 46 Für
1436 3826 90 48 und
1562 3827 166 50 Wider

197 3895 179 59 hervor,
396 3899 43 47 in
465 3899 138 49 deren
629 3901 146 47 einem
801 3918 103 31 man
936 3901 178 50 Weber
1139 3904 145 48 Glück
1310 3905 253 56 wünschte,
1598 3906 130 55 „dass

197 3991 48 31 er
275 3975 205 49 wirklich
513 3985 90 41 erst
634 3979 213 48 dreizehn
876 3980 144 48 Jahre
1050 3981 59 48 alt
1138 3982 79 56 sei,
1250 3984 97 45 weil
1380 3999 49 32 er
1458 3982 119 50 dann
1609 3985 116 47 noch

194 4052 99 49 Zeit
322 4052 135 59 habe,
498 4055 379 49 Bescheidenheit
913 4075 51 31 zu
1253 4060 89 47 und
1375 4060 163 49 endete
1568 4061 158 56 damit,

1824 254 100 48 Dass
1954 255 70 48 die
2056 257 216 50 Webers
2302 260 84 48 den
2420 263 153 48 Boden
2605 265 122 47 ihrer
2756 268 204 66 Stellung
2991 271 42 47 in
3063 271 79 49 der
3166 275 147 49 Gesell-

1824 334 144 47 schaft
1995 336 204 47 verloren
2233 339 90 47 und
2358 340 217 65 Freiberg
2606 344 251 48 verliessen.

1944 411 178 48 Weber
2160 415 168 47 erzählt
2366 416 41 47 in
2443 419 146 45 seiner
2619 419 519 70 selbstbiographischen
3171 429 166 57 Skizze,

1826 486 100 47 dass
1968 487 70 49 die
2078 490 125 63 Oper
2244 494 122 53 „Das
2861 500 70 47 die
2975 518 49 30 er
3061 504 137 48 selbst
3245 508 95 53 ,ein

1827 564 160 48 höchst
2018 567 194 47 unreifes
2253 569 86 47 und
2384 586 85 31 nur
2507 571 95 47 hier
2643 572 90 49 und
2765 574 53 48 da
2850 578 122 47 nicht
3001 595 110 46 ganz
3143 598 80 32 von
3259 585 54 46 Er-

1827 641 191 65 findung
2051 644 140 48 leeres
2489 658 152 47 nennt,
2685 651 156 48 weiter
2880 655 238 51 verbreitet
3156 660 184 50 worden

1827 720 79 56 sei,
1947 721 91 55 „als
2069 721 90 48 ihm
2189 725 139 46 selbst
2358 725 85 47 lieb
2474 726 91 47 sein
2874 732 62 47 Er
2965 743 116 54 sagt,
3118 738 62 47 sie
3209 739 60 47 sei
3299 740 42 47 in

1831 796 140 48 Wien
2009 797 65 48 14
2104 800 90 47 Mal
2225 801 223 64 gegeben,
2485 804 42 47 in
2558 805 122 65 Prag
2709 806 65 47 ins
2805 809 270 50 Böhmische
3106 814 239 58 übersetzt,

1829 872 42 47 in
1905 875 278 66 Petersburg
2224 880 78 46 mit
2333 879 152 48 Beifall
2527 882 197 63 gesehen
2768 885 201 49 worden.
3019 889 134 49 Trotz
3198 891 129 48 Heissi-

1831 967 87 46 gen
1948 952 381 60 Nachforschens,
2358 966 99 55 sagt
2487 959 90 47 sein
2614 960 162 65 Biogra
2784 964 75 62 pb,
2904 965 148 48 haben
3099 970 78 46 wir
3223 970 127 49 keine

1834 1030 306 48 Nachrichten
2177 1033 114 47 über
2319 1033 119 49 diese
2471 1036 367 65 Darstellungen,
2870 1042 79 46 mit
2978 1045 268 49 Ausschluss
3276 1047 50 47 de-

1834 1122 72 31 rer
1949 1108 42 46 in
2027 1108 155 56 Wien,
2227 1127 69 31 wo
2339 1112 62 47 sie
2442 1121 130 38 unter
2602 1115 99 47 dem
2735 1117 112 47 Titel
2889 1120 121 54 „Das
3039 1122 220 50 Mädchen
3289 1125 57 48 im

2259 1188 57 46 im
2348 1188 140 47 Jahre
2525 1190 142 49 1804
2711 1192 56 48 im
2817 1196 254 50 December
3119 1200 29 48 8
3181 1202 87 47 Mal
3312 1204 40 45 in

1835 1261 80 48 der
1939 1263 325 64 Leopoldsladt
2292 1267 207 64 gegeben
2532 1268 175 58 wurde,
2739 1272 229 50 auffinden
3002 1276 193 51 können.

2352 1343 319 66 (Fortsetzung
2702 1347 140 66 folgt.)

2376 1609 95 55 Aus
2507 1610 305 59 Rotterdam.

2310 1751 100 45 (Die
2453 1753 230 37 deutsche
2727 1757 149 47 Oper.)

2608 1862 96 34 Den
2747 1860 58 40 10.
2843 1865 261 35 December
3141 1864 111 41 1863.

1950 1957 174 48 Unsere
2166 1957 216 49 deutsche
2426 1959 128 64 Oper
2604 1961 76 48 hat
2718 1963 83 47 seit
2841 1963 101 48 dem
2991 1966 42 48 1.
3079 1966 269 64 September

1833 2033 172 48 wieder
2041 2034 257 64 begonnen.
2358 2037 231 48 Wiewohl
2623 2039 80 46 wir
2733 2039 79 49 mit
2841 2041 235 49 derselben
3109 2043 58 48 im
3201 2046 126 63 Allge-

1834 2112 314 48 roeinen'sehr
2176 2114 230 47 zufrieden
2450 2116 92 47 sein
2582 2117 197 57 können,
2822 2135 49 33 so
2902 2121 192 48 tauchen
3127 2122 113 48 doch
3272 2126 54 47 im-

1836 2206 95 30 mer
1961 2189 164 48 einmal
2158 2190 169 49 wieder
2358 2192 196 48 einzelne
2585 2194 221 49 Stimmen
2848 2198 79 46 mit
2968 2198 168 48 allerlei
3169 2201 160 48 Präten-

1832 2267 155 48 tionen
2030 2268 90 47 auf.
2182 2270 206 47 Worauf
2424 2270 90 47 sich
2554 2272 181 48 letztere
2770 2274 226 62 gründen,
3040 2277 53 47 ist
3123 2293 82 32 uns
3233 2279 122 49 nicht

1836 2345 111 47 klar.
2008 2345 92 49 Vor
2129 2345 81 47 der
2241 2347 256 64 Gründung
2528 2348 146 49 dieser
2704 2350 127 65 Oper
2868 2350 78 65 (sie
2979 2353 175 48 besteht
3175 2354 110 65 jetzt
3313 2358 40 47 in

1832 2422 80 48 der
1942 2423 168 48 vierten
2142 2424 179 65 Saison)
2366 2425 122 49 hatte
2525 2427 92 48 sich
2662 2428 265 49 Rotterdam
2960 2430 71 49 nie
3061 2432 122 48 einer
3215 2433 137 50 festen

1832 2500 128 65 Oper
1989 2518 52 29 zu
2073 2503 210 47 erfreuen
2314 2503 192 63 gehabt;
2538 2522 44 30 es
2613 2505 120 49 lebte
2763 2523 86 31 nur
2877 2523 83 32 von
2985 2508 79 48 der
3089 2510 159 49 Gnade
3272 2512 79 48 der

1833 2579 271 48 Directoren
2147 2579 58 48 im
2251 2582 137 59 Haag
2430 2582 112 48 oder
2581 2583 42 47 in
2656 2584 309 59 Amsterdam,
3008 2588 171 48 welche
3224 2590 129 47 meist

1832 2657 298 49 französische
2170 2659 111 47 oder
2321 2659 274 50 italienische
2636 2662 353 50 Gesellschaften
3029 2665 320 52 herbrachten.

1829 2734 87 48 Die
1946 2734 216 50 deutsche
2192 2737 127 64 Oper
2350 2738 76 47 hat
2455 2738 91 47 sich
2579 2745 90 41 erst
2699 2739 142 48 durch
2880 2740 80 50 das
2993 2743 162 65 jetzige
3186 2745 136 49 Unter-

1829 2813 196 48 nehmen
2063 2814 213 66 Eingang
2319 2817 280 48 verschaffen
2643 2820 200 56 müssen,
2887 2836 92 33 was
3017 2822 85 56 ihr,
3145 2824 84 46 wie
3271 2823 81 49 der

1832 2891 174 47 Besuch
2038 2893 132 53 lehrt,
2209 2893 302 49 vollkommen
2542 2894 227 66 gelungen
2801 2897 66 48 ist.
2928 2898 108 48 Wie
3065 2899 104 47 sehr
3197 2900 62 49 sie
3290 2903 57 46 im

1828 2985 171 47 ganzen
2048 2970 157 47 Lande
2246 2971 42 47 in
2328 2973 212 47 Ansehen
2584 2971 134 58 steht,
2763 2974 186 48 beweist
2990 2975 80 49 der
3107 2978 237 57 Umstand,

1829 3048 102 48 dass
1959 3048 139 48 selbst
2128 3049 317 65 Einladungen
2485 3067 100 31 vom
2618 3053 151 63 Haag,
2808 3069 70 32 wo
2910 3054 79 47 der
3021 3055 171 49 Besuch
3224 3058 123 47 einer

1828 3124 314 51 deutschen
2173 3126 74 65 Op
2255 3144 47 31 er
2330 3128 122 48 nicht
2481 3145 99 31 zum
2614 3129 144 48 feinen
2784 3132 126 47 Tone
2940 3132 178 63 gehört,
3149 3134 199 60 erfolgen

1829 3203 90 47 und
1951 3203 102 48 dass
2082 3204 71 48 die
2186 3205 224 48 Fremden
2441 3223 83 32 von
2556 3208 86 45 nah
2678 3208 86 47 und
2798 3208 94 48 fern
2923 3214 270 46 zuströmen.
3241 3213 105 47 Wir

1827 3281 96 47 sind
1968 3283 144 47 daher
2154 3281 80 50 der
2275 3285 526 48 Theater-Commission
2841 3306 51 29 zu
2937 3304 200 47 grossem
3187 3290 160 49 Danke

1828 3359 292 65 verpflichtet.
2159 3360 140 48 Sollte
2322 3361 47 64 je
2398 3361 80 49 der
2511 3363 93 48 Fall
2637 3363 236 57 eintreten,
2905 3364 100 48 dass
3034 3366 63 47 sie
3125 3368 90 47 sich
3248 3368 72 47 auf-

1827 3438 129 57 löste,
1994 3438 88 47 und
2116 3438 80 48 der
2225 3439 440 49 Theater-Director
2693 3458 86 30 nur
2810 3443 80 47 auf
2914 3443 120 48 seine
3065 3445 252 52 Tages-Ein-

2321 3492 3 16 ■
3136 3492 24 16 o

1828 3516 165 47 nähme
2024 3516 287 65 angewiesen
2344 3518 200 55 werden,
2573 3535 50 31 so
2655 3519 158 48 würde
2843 3520 205 48 derselbe
3079 3523 117 47 wohl
3228 3523 120 47 nicht

1829 3594 130 47 mehr
1983 3594 57 47 im
2065 3594 171 48 Stande
2259 3595 110 56 sein,
2399 3596 218 49 Künstler
2642 3598 79 47 mit
2742 3599 125 46 einer
2891 3600 301 47 monatlichen
3219 3601 127 64 Gage

1827 3689 84 32 von
1944 3671 340 52 800—1000
2316 3674 177 49 Gulden
2523 3693 52 30 zu
2608 3676 263 64 engagiren.
2924 3678 105 48 Wir
3057 3678 146 63 geben
3235 3695 109 46 gern

1825 3768 70 37 zu,
1926 3750 101 48 dass
2057 3751 115 47 auch
2205 3768 80 32 uns
2316 3753 198 48 einzelne
2544 3754 258 63 Mitglieder
2833 3755 120 47 nicht
2979 3772 217 48 zusagen:
3226 3756 113 47 doch

1828 3845 71 32 wo
1930 3830 116 62 gäbe
2076 3845 45 32 es
2152 3829 98 48 eine
2279 3830 179 57 Bühne,
2488 3848 55 32 an
2576 3831 197 49 welcher
2802 3834 85 46 alle
2918 3833 254 64 Mitglieder
3201 3834 141 65 gleich

1827 3913 82 57 gut
1937 3905 130 49 sind?
2111 3907 84 47 Ein
2220 3906 127 66 jedes
2382 3909 339 48 Unternehmen
2755 3925 121 32 muss
2904 3911 113 47 nach
3048 3911 150 47 seinen
3233 3911 82 47 Ver-

1827 3984 241 48 hältnissen
2114 3984 244 49 beurtheilt
2401 3986 200 55 werden,
2646 3986 90 48 und
2780 3986 174 50 danach
2994 3987 148 49 dürfte
3184 4005 160 32 unsere

1827 4064 128 62 Oper
1984 4062 85 49 den
2104 4062 152 49 besten
2288 4064 42 48 in
2363 4065 311 48 Deutschland
2704 4083 78 30 zur
2811 4066 119 48 Seite
2968 4084 51 29 zu
3051 4068 155 46 stellen
3236 4068 106 48 sein.

2977 4141 60 68 n
