3538 4396
1773 134 27 47 7

211 268 67 39 ter
315 260 160 48 wurde
520 261 105 49 dort
667 264 77 47 mit
775 264 350 67 Auszeichnung
1170 267 260 50 behandelt.
1489 273 62 46 Er
1580 274 161 47 erhielt

208 336 72 47 ein
305 336 281 65 königliches
607 340 465 66 Reise-Stipendium,
1105 344 194 47 welches
1322 345 75 47 ihn
1421 348 42 47 in
1487 348 85 48 den
1597 350 141 49 Stand

211 421 154 50 setzte,
389 415 157 48 Italien
579 418 89 47 und
696 419 280 48 Frankreich
1006 438 52 29 zu
1089 421 153 47 sehen.
1273 423 96 47 Auf
1387 423 80 49 der
1491 427 249 49 Rückreise

211 491 103 47 kam
348 509 48 31 er
432 493 144 50 1845
607 495 115 48 nach
756 496 159 55 Wien,
959 513 72 32 wo
1070 515 48 30 er
1160 499 123 47 seine
1321 499 203 67 künftige
1569 505 170 55 Gattin,

210 568 73 48 die
311 570 487 67 Hof-Schauspielerin
832 574 229 48 Christina
1090 576 240 64 Enghaus,
1373 578 177 49 kennen
1580 581 159 58 lernte,

210 646 78 49 mit
319 646 80 49 der
429 665 50 31 er
507 650 93 48 sich
631 651 59 46 im
724 650 243 64 folgenden
996 654 141 48 Jahre
1167 654 261 51 vermählte.
1486 659 93 47 Seit
1608 660 131 64 jener

207 724 98 48 Zeit
337 724 120 49 blieb
488 743 49 30 er
567 728 42 47 in
642 726 142 50 Wien
830 728 88 48 und
964 729 108 49 hielt
1109 731 122 47 seine
1259 731 326 51 Productivität
1628 738 88 62 glei-

208 800 114 49 chen
353 802 172 49 Schritt
553 804 82 48 mit
663 805 169 47 seinem
865 806 198 50 Ruhme.
1095 809 60 47 Es
1186 809 169 63 folgten
1386 811 91 47 sich
1505 814 130 47 rasch
1668 814 70 48 die

205 879 205 49 Dramen
686 882 191 56 „Michel

216 959 184 62 „Agnes
760 961 125 55 „Der
913 962 120 65 Ring
1063 962 76 49 des
1416 968 320 66 „Trauerspiel

207 1035 43 47 in
574 1037 245 49 Dieselben
854 1039 163 49 fanden
1054 1041 70 48 bei
1169 1041 81 50 der
1280 1044 145 48 Kritik
1473 1046 85 47 alle
1589 1048 120 47 Aner-

208 1111 235 67 kennung,
506 1114 209 66 dagegen
774 1115 71 49 bei
902 1117 102 49 dem
1061 1120 467 51 Theater-Publicum
1588 1125 150 62 wenig

208 1189 176 50 Gnade.
438 1190 182 49 Hebbel
662 1194 131 62 fügte
833 1195 92 47 sich
970 1196 42 47 in
1043 1197 152 47 seinen
1232 1199 201 48 Dramen
1465 1200 154 48 weder
1649 1201 86 48 den

207 1266 367 65 hergebrachten
606 1272 373 65 Anschauungen
1021 1274 82 48 der
1131 1276 182 64 Menge,
1359 1279 113 47 noch
1519 1279 85 48 den
1644 1288 66 40 tra-

206 1342 260 52 ditionellen
509 1349 482 67 Kunstforderungen,
1039 1352 92 47 und
1176 1352 80 49 das
1299 1355 239 48 Publicum
1585 1357 150 49 wollte

200 1422 115 48 eben
347 1423 162 50 keinen
540 1444 147 30 neuen
723 1429 124 63 Weg
887 1430 163 63 gehen.
1109 1432 136 47 Trotz
1275 1431 168 50 diesem
1473 1435 259 65 Zwiespalt,

198 1501 201 48 welcher
440 1502 143 50 durch
624 1506 320 65 missgünstige
973 1507 170 49 Neider
1181 1510 116 47 noch
1330 1511 195 64 genährt
1555 1514 176 57 wurde,

198 1577 157 50 hatten
640 1582 90 47 und
765 1585 175 54 „Maria
1296 1589 130 47 einen
1452 1590 277 61 glänzenden

198 1657 176 65 Erfolg.
407 1660 149 48 Kaum
589 1660 131 49 einen
751 1662 273 65 geringeren
1062 1665 155 48 hatten
1249 1665 71 49 die

195 1742 115 41 trotz
341 1735 81 48 der
451 1737 169 48 diesem
652 1740 170 48 Stücke
851 1757 48 32 so
932 1742 306 64 ungünstigen
1273 1746 428 48 Personal-Verhält-

196 1811 117 49 nisse
343 1813 81 47 der
454 1815 249 49 deutschen
736 1818 207 50 Rühnen.
983 1820 85 47 Die
1500 1840 227 48 errangen

195 1888 43 49 in
269 1890 171 49 diesem
469 1893 142 49 Jahre
654 1895 115 47 auch
816 1895 86 49 den
949 1896 41 49 k.
1023 1900 313 62 Preussischen
1371 1901 358 50 Dramen-Preis

197 1982 84 32 von
319 1967 143 51 1000
496 1971 215 49 Thalern.
757 1973 173 49 Ausser
960 1973 87 49 den
1078 1977 312 62 angeführten
1423 1978 203 49 Dramen
1658 1996 46 31 er-

196 2046 153 48 schien
381 2047 116 48 noch
540 2048 100 50 eine
669 2051 159 48 zweite
857 2052 478 69 Gedichtsammlung,
1373 2056 70 48 ein
1477 2057 126 48 Rand
1636 2060 62 47 No-

195 2123 160 55 vellen,
394 2125 80 49 das
523 2127 111 66 Idyll
677 2130 202 54 „Mutler
908 2131 90 48 und
1247 2149 50 33 so
1338 2133 85 49 wie
1462 2136 99 47 eine
1585 2137 145 47 Reihe

196 2201 237 49 kritischer
459 2205 90 48 und
568 2206 296 49 ästhetischer
880 2210 212 48 Aufsätze
1115 2210 42 48 in
1177 2211 313 65 periodischen
1513 2213 217 49 Rlättern.

195 2279 151 49 Schon
371 2281 238 59 erkrankt,
640 2283 223 51 arbeitete
893 2304 50 30 er
970 2288 116 47 noch
1118 2305 56 30 an
1205 2288 126 50 einer
1354 2291 231 63 Tragödie
1611 2293 90 54 „De-

429 2396 11 18 ,
462 2375 86 33 von
567 2361 81 48 der
668 2361 94 49 drei
781 2365 113 47 Acte
920 2365 148 64 fertig,
1094 2365 80 48 der
1198 2367 137 47 vierte
1358 2367 90 47 und
1475 2368 147 49 fünfte
1646 2386 86 31 nur

192 2453 100 31 zum
320 2437 129 49 Theil
475 2439 225 49 vollendet
720 2441 115 49 sind.
865 2443 50 47 In
939 2443 170 49 seinem
1133 2445 252 49 Nachlasse
1406 2447 80 47 soll
1512 2447 90 48 sich
1628 2465 78 30 aus-

192 2513 179 50 serdem
396 2514 82 50 der
496 2517 110 48 Plan
629 2535 53 30 zu
709 2519 147 49 einem
887 2522 158 53 „Jesus
1329 2523 91 49 und
1447 2526 207 47 Material
1678 2544 51 29 zu

192 2592 154 48 seinen
365 2593 273 60 Memoiren,
663 2597 203 49 letzteres
889 2616 99 30 zum
1010 2598 128 50 Theil
1162 2600 299 66 druckfertig,
1478 2602 252 51 vorfinden.

313 2671 180 48 Hebbel
520 2690 97 31 war
639 2676 83 45 seit
746 2676 179 64 einigen
949 2678 218 49 Monaten
1200 2678 164 56 krank,
1387 2678 114 50 doch
1529 2681 200 49 lauteten

192 2748 72 48 die
294 2749 308 51 Nachrichten
636 2753 284 67 keineswegs
949 2772 48 33 so
1037 2756 372 66 beunruhigend,
1449 2758 101 50 dass
1579 2761 71 47 ein
1680 2779 49 30 so

193 2827 347 51 schmerzliches
569 2832 234 65 Ereigniss
833 2833 41 48 in
907 2834 118 49 nahe
1058 2836 213 48 Aussicht
1299 2854 276 48 genommen
1609 2855 89 32 wer-

192 2904 86 49 den
305 2906 183 49 konnte.
520 2909 129 47 Noch
676 2927 71 31 am
774 2912 195 48 Abende
993 2930 78 31 vor
1100 2916 170 48 seinem
1297 2914 307 50 Hinscheiden
1630 2917 99 48 liess

193 2998 49 31 er
271 2983 90 47 sich
393 3000 85 33 von
509 2986 149 48 seiner
690 2989 199 49 Tochter
918 2989 87 50 den
1428 3010 82 31 von
1536 2993 193 50 Schiller

191 3062 222 57 vorlesen,
457 3072 171 41 musste
662 3064 168 66 jedoch
861 3067 71 48 die
962 3069 198 50 Lecture
1193 3072 336 47 unterbrechen
1562 3072 162 56 lassen,

193 3139 99 47 weil
324 3139 76 49 ihn
432 3141 80 49 das
537 3143 159 48 Hören
725 3162 52 29 zu
802 3146 105 47 sehr
935 3154 279 58 anstrengte.
1245 3149 105 49 Sein
1376 3149 203 56 Freund,
1604 3151 120 49 Prof.

193 3218 80 47 Dr.
300 3218 138 48 Ernst
462 3221 196 57 Brücke,
689 3224 229 47 verweilte
941 3226 85 47 den
1052 3226 159 49 letzten
1237 3228 99 65 Tag
1362 3227 89 48 und
1477 3228 150 47 Nacht
1651 3228 70 50 bei

192 3295 102 49 dem
319 3297 370 51 Verschiedenen
716 3302 65 47 bis
804 3321 52 29 zu
882 3303 101 48 dem
1010 3306 250 54 Momente,
1292 3322 71 32 wo
1386 3306 79 49 das
1489 3309 132 63 Auge
1644 3307 78 48 des

196 3374 213 48 Dichters
438 3375 92 50 sich
564 3378 76 47 für
669 3379 120 65 ewig
817 3381 184 49 schloss.
1053 3382 182 49 Hebbel
1266 3384 120 47 lebte
1414 3384 42 47 in
1489 3386 202 63 angeneh-

193 3468 102 32 men
320 3453 342 51 Verhältnissen
694 3458 89 47 und
816 3458 259 51 hinterlässt
1103 3462 99 48 eine
1222 3462 174 49 Witwe
1480 3462 71 49 die
1581 3464 115 65 allge-

193 3530 117 49 mein
342 3533 241 63 geachtete
611 3535 522 68 Hofschauspielerin—
1156 3539 90 49 und
1279 3542 99 47 eine
1407 3542 200 47 Tochter
1636 3558 83 32 von

188 3609 245 50 sechszehn
462 3612 190 50 Jahren.
683 3616 96 46 Der
803 3617 206 65 traurige
1033 3618 150 56 Trost,
1214 3618 85 50 den
1332 3619 72 47 die
1434 3619 260 50 Leichenöff-

189 3704 126 49 nung
339 3690 163 65 ergab,
529 3708 95 33 war
647 3693 99 58 der,
775 3693 102 50 dass
901 3694 130 50 keine
1058 3697 211 49 ärztliche
1294 3699 150 47 Kunst
1467 3699 57 47 im
1551 3699 173 49 Stande

188 3782 214 47 gewesen
427 3774 140 55 wäre,
597 3770 80 50 das
699 3772 157 49 Leben
880 3773 79 48 des
984 3774 213 50 Dichters
1218 3793 52 32 zu
1296 3777 284 65 verlängern,
1603 3777 118 48 denn

189 3843 73 49 die
285 3845 260 51 Krankheit
573 3848 190 51 bestand
796 3852 59 48 im
883 3853 347 50 Wesentlichen
1261 3854 42 49 in
1336 3856 125 47 einer
1490 3856 211 48 inveterir-

189 3929 74 42 ten
295 3924 543 71 Knochenerweichung,
868 3930 147 50 einem
1047 3933 43 47 in
1119 3933 170 48 seinem
1321 3933 161 48 letzten
1513 3934 208 49 Stadium

189 4000 301 52 unheilbaren
512 4005 188 51 Leiden.
729 4008 50 48 In
809 4009 169 48 seinem
1010 4009 140 50 schon
1180 4010 61 49 im
1270 4012 144 48 Jahre
1449 4010 144 50 1856
1623 4028 74 32 ver-

189 4078 166 51 fassten
380 4082 297 53 Testamente
708 4085 104 50 fand
843 4104 106 32 man
981 4088 212 65 folgende
1222 4088 96 49 drei
1343 4090 152 64 Dinge
1515 4089 209 65 verfügt:

1838 275 71 49 die
1942 278 187 48 Familie
2158 280 79 47 soll
2270 279 129 50 keine
2431 282 334 66 Todesanzeige
2795 288 220 57 erlassen;
3055 291 68 48 bei
3155 291 79 48 der
3264 294 54 47 Be-

1837 362 203 56 stattung
2064 354 80 47 der
2164 357 165 48 Leiche
2352 358 78 47 soll
2450 358 126 63 jedes
2599 360 241 65 Gepränge
2862 366 255 48 vermieden
3142 368 205 57 werden;

1839 447 55 30 an
1919 432 102 45 dem
2041 432 154 47 Grabe
2218 433 110 47 oder
2345 435 143 61 Sarge
2511 437 77 45 soll
2616 437 127 48 keine
2770 439 126 48 Rede
2917 443 210 61 gehalten
3152 444 195 50 werden.

1839 510 85 45 Am
1965 509 81 47 15.
2079 510 271 56 December,
2380 513 315 65 Nachmittags
2719 512 102 63 2%
2840 518 112 52 Uhr,
2985 521 100 47 fand
3118 521 70 47 die
3212 523 108 47 Reer-

1838 584 171 65 digung
2033 587 134 57 Statt,
2186 589 88 46 und
2300 606 120 30 zwar
2444 598 132 39 unter
2599 592 329 67 Respectirung
2949 598 146 47 seiner
3119 599 208 49 letztwilli-

1837 679 86 46 gen
1955 663 352 65 Verfügungen.
2365 667 93 47 Vor
2487 668 100 47 dem
2620 669 308 50 Sterbehause
2964 675 265 47 sammelten
3256 675 92 49 sich

1838 739 70 47 die
1938 740 385 64 Leidtragenden,
2365 744 211 47 Freunde
2618 747 89 45 und
2751 748 230 48 Verehrer
3022 750 77 49 des
3128 753 220 48 Dichters.

1839 818 106 47 Wir
1974 819 138 47 sahen
2145 822 153 53 Halm,
2327 822 176 54 Laube,
2535 824 321 56 Pralobevera,
2891 828 225 54 Fichtner,
3146 830 174 47 Sonnen-

1837 893 108 48 thal.
1989 896 93 46 Der
2111 896 99 64 Zug
2239 905 136 40 setzte
2403 899 90 46 sich
2526 900 113 47 nach
2672 900 99 47 dem
2804 903 248 49 Kirchhofe
3085 905 79 47 der
3196 907 127 47 Prote-

1837 979 176 41 stanten
2045 974 42 46 in
2117 975 342 48 Malzleinsdorf
2483 978 39 45 in
2557 978 278 66 Rewegung.
2869 982 268 57 Studenten,
3166 983 70 48 die
3265 984 85 48 den

1835 1050 117 62 Sarg
1976 1050 80 47 mit
2079 1050 144 48 einem
2252 1053 361 56 Lorberkranze,
2638 1054 83 48 den
2747 1056 69 47 ein
2840 1058 483 64 schwarz-roth-golde-

1837 1144 76 31 nes
1934 1128 122 47 Band
2079 1130 231 52 umwand,
2331 1131 294 63 geschmückt
2648 1133 172 56 hatten,
2839 1135 165 64 gingen
3022 1139 210 47 zunächst
3249 1139 99 47 dem

1835 1204 380 66 Leichenwagen.
2274 1208 48 47 In
2367 1209 157 63 langer
2554 1210 142 47 Reihe
2737 1211 165 64 folgten
2947 1213 69 49 die
3049 1215 181 64 Wagen
3274 1215 76 48 des

1835 1283 403 64 Trauergefolges:
2263 1285 204 56 Dichter,
2487 1286 234 49 Vertreter
2745 1288 80 48 der
2846 1290 319 65 Tagespresse,
3185 1294 137 46 Künst-

1834 1360 81 53 ler,
1946 1361 273 47 namentlich
2248 1363 254 48 zahlreiche
2526 1365 257 64 Mitglieder
2812 1366 79 49 der
2921 1369 214 53 Theater,
3165 1370 187 47 Männer

1834 1437 111 47 aller
1969 1437 169 49 Stände
2164 1437 88 49 und
2279 1439 295 49 Lebensalter
2597 1441 239 62 geleiteten
2862 1444 69 47 die
2953 1445 241 48 sterbliche
3221 1448 131 47 Hülle

1832 1515 78 47 des
1946 1516 208 47 Dichters
2195 1516 113 48 nach
2350 1517 101 49 dem
2491 1519 265 56 Kirchhofe,
2788 1538 70 32 wo
2888 1521 80 49 der
2997 1524 116 63 Sarg
3143 1524 83 47 still
3256 1524 69 47 ein-

1828 1592 188 65 gesenkt
2045 1594 174 49 wurde.

1950 1671 91 47 Das
2072 1671 384 64 umfangreichste
2489 1674 167 56 Werk,
2698 1675 78 48 das
2813 1676 92 47 sich
2950 1677 58 47 im
3041 1677 306 49 literarischen

1830 1747 247 50 Nachlasse
2097 1750 216 47 Hebbel's
2329 1750 239 56 vorfindet,
2587 1751 111 48 wird
2717 1754 91 47 sein
2826 1755 173 47 Drama

1829 1826 107 47 sein.
1969 1827 85 46 Die
2083 1827 93 49 drei
2209 1836 146 38 ersten
2380 1830 112 46 Acte
2515 1829 76 48 des
2615 1830 311 66 Trauerspiels
2957 1834 122 48 hatte
3108 1834 80 47 der
3213 1832 108 49 Dich-

1829 1910 69 41 ter
1927 1905 138 47 schon
2097 1923 77 30 vor
2204 1906 209 65 längerer
2434 1907 97 47 Zeit
2559 1909 239 54 vollendet,
2827 1910 56 47 da
2915 1911 222 48 überkam
3168 1911 75 47 ihn
3272 1928 77 31 vor

1830 1989 116 40 etwa
1976 1984 106 45 fünf
2096 1984 230 53 Wochen,
2351 1985 61 46 als
2431 2000 48 32 er
2496 2001 86 31 nur
2599 1986 115 47 noch
2732 1986 71 48 die
2820 1987 161 49 Hände
3005 2006 136 46 regen
3169 1989 180 57 konnte,

1830 2058 99 49 eine
1961 2060 306 63 unbesiegbar
2296 2061 281 64 drängende,
2605 2062 333 65 schöpferische
2969 2066 122 47 Lust.
3132 2067 48 46 In
3212 2070 109 44 wört-

1832 2137 83 47 lich
1950 2138 294 49 fieberhafter
2274 2138 290 67 Aufregung,
2608 2141 137 48 deren
2788 2159 48 30 er
2865 2144 121 47 nicht
3015 2146 122 46 Herr
3165 2144 183 48 werden

1832 2213 167 50 konnte
2032 2216 88 47 und
2205 2216 122 48 nicht
2357 2216 183 48 werden
2573 2219 167 55 wollte,
2783 2219 161 49 dachte
2976 2221 89 47 und
3094 2221 178 48 schrieb
3301 2238 49 30 er

1832 2309 71 31 am
1934 2293 167 49 vierten
2135 2295 89 47 und
2260 2295 175 48 fünften
2461 2297 125 47 Acte.
2629 2297 88 56 „Es
2747 2301 121 46 wäre
2897 2299 70 48 ein
2997 2301 233 47 seltsamer
3259 2301 60 46 Zu-

1978 2376 200 44 äusserte
2201 2390 48 32 er
2274 2389 144 48 gegen
2442 2375 99 47 eine
2564 2373 91 49 ihm
2682 2375 294 49 befreundete
2999 2379 164 52 Dame,
3190 2394 158 40 „wenn

1832 2448 85 58 ich,
1961 2451 85 46 wie
2091 2451 205 56 Schiller,
2347 2451 121 48 diese
2515 2452 162 48 Arbeit
2726 2455 62 45 als
2840 2456 143 46 Torso
3032 2456 315 47 zurücklassen

2102 2528 88 47 und
2237 2545 49 32 er
2327 2528 99 47 liess
2468 2530 122 48 nicht
2632 2530 76 57 ab,
2750 2531 78 48 das
2875 2532 234 48 Gedachte
3152 2535 78 45 mit
3272 2535 57 47 zit-

1832 2605 189 48 ternden
2055 2606 192 48 Händen
2294 2607 157 47 weiter
2489 2625 51 30 zu
2571 2607 254 56 schreiben,
2870 2608 65 49 bis
2977 2610 92 48 ihm
3100 2611 70 48 die
3204 2612 144 48 Feder

1832 2685 151 47 entfiel
2017 2685 88 47 und
2139 2683 79 50 das
2248 2686 151 48 Ganze
2431 2686 65 48 bis
2526 2686 82 48 auf
2632 2687 69 47 die
2740 2688 108 47 zwei
2879 2688 158 49 letzten
3067 2690 173 48 Scenen
3272 2707 76 31 vor

1830 2761 92 48 ihm
1956 2762 226 48 vollendet
2209 2763 87 64 lag.
2347 2763 99 47 Den
2478 2763 384 64 nachgelassenen
3260 2768 87 47 will

1830 2838 82 50 der
1942 2841 372 48 Künstlerverein
2695 2843 42 47 in
2773 2845 137 47 Wien
2940 2862 79 30 zur
3048 2846 300 65 Aufführung

1832 2917 209 65 bringen,
2070 2936 52 31 zu
2154 2920 217 48 welchem
2404 2920 130 48 Ende
2564 2920 360 64 Dingelstedt
2953 2922 77 48 das
3063 2923 149 49 Werk
3243 2925 84 47 voll-

1825 2996 146 48 enden
2002 2997 95 48 soll.

1825 3174 209 60 Fünftes
2064 3174 626 60 Gesellschafts-Concert
2720 3174 59 60 in
2809 3174 119 60 Köln
2958 3174 60 60 im
3048 3174 298 60 Gürzenich,

2005 3288 112 30 unter
2142 3283 167 48 Leitung
2339 3285 64 35 des
2432 3285 234 36 städtischen
2697 3286 318 47 Capellmeisters,
3045 3288 125 35 Herrn

2388 3361 225 28 Ferdinand
2641 3360 142 36 Hiller,

2133 3431 231 47 Dinstag,
2408 3433 84 34 den
2529 3431 61 39 29.
2634 3434 263 37 December
2939 3433 109 40 1863.

1932 3501 287 46 Programm.
2264 3502 129 35 Erster
2420 3502 123 36 Theil.
2592 3501 33 38 1.
2656 3504 171 35 Sinfonie
2855 3505 61 34 Nr.
2947 3504 23 37 6
3011 3518 75 23 von
3125 3506 135 35 Niels
3290 3508 58 34 W.

1828 3562 141 34 Gade.
2020 3559 34 37 2.
2084 3562 258 47 Sopran-Arie
2371 3575 68 23 aus
2642 3576 74 24 von
2745 3565 40 35 F.
2816 3565 102 35 Hill
2931 3576 50 24 er
3009 3565 195 45 (Fräulein
3232 3567 88 35 Pau-

1821 3621 101 36 line
1967 3624 159 33 Wiese
2138 3623 163 48 mann).
2357 3621 35 40 3.
2427 3624 165 36 Concert
2633 3627 39 32 in
2717 3625 135 36 C-moll
2891 3638 75 23 von
3006 3627 62 37 W.
3095 3628 44 34 A.
3169 3628 180 34 Mozart

1821 3682 118 47 (Frau
1973 3682 140 36 Clara
2148 3683 296 48 Schumann).

1926 3744 162 35 Zweiter
2119 3744 121 39 Theil.
2286 3743 36 37 4.
2360 3745 214 36 Ouvertüre
2609 3758 47 23 zu
2958 3758 74 24 von
3076 3748 271 37 Cherubini.

1821 3803 35 39 5.
1887 3804 229 36 Solostücke
2157 3807 61 33 für
2244 3807 224 35 Pianoforte
2511 3819 76 23 von
2627 3809 43 36 R.
2701 3808 263 35 Schumann
3006 3809 77 33 und
3123 3809 42 34 F.
3194 3809 156 34 Hiller

1825 3866 117 45 (Frau
1986 3865 303 49 Schumann).
2347 3866 34 40 6.
2427 3870 98 45 „Die
2567 3868 139 36 Flucht
2748 3869 65 34 der
2853 3869 165 46 heiligen
3272 3881 76 23 von

1825 3927 257 45 EichendorfF,
2123 3929 61 33 für
2211 3929 102 34 Chor
2340 3930 78 34 und
2447 3930 202 35 Orchester
2691 3931 210 46 componirt
2937 3941 75 24 von
3048 3930 103 34 Max
3180 3929 169 37 Bruch.

1825 3988 33 36 7.
1892 3988 138 35 Lieder
2056 4000 76 23 von
2161 3988 268 36 Schumann
2471 3990 194 47 (Fräulein
2703 3991 41 37 P.
2782 3989 334 48 Wiesemann).
3163 3988 34 39 8.
3226 3991 99 34 Phan-

1825 4050 97 35 tasie
1951 4049 60 34 für
2037 4049 231 45 Pianoforte,
2299 4050 102 36 Chor
2427 4052 78 34 und
2534 4050 213 46 Orchester,
2778 4051 70 46 Op.
2877 4049 60 46 80,
2967 4063 74 22 von
3077 4052 271 34 Beethoven

1825 4111 261 46 (Pianoforte:
2127 4111 101 35 Frau
2265 4112 299 46 Schumann).
