3548 4366
1878 175 0 0 380

250 270 70 47 die
350 269 305 65 rhythmische
687 268 316 48 Aehnlichkeit
1035 266 79 47 der
1155 266 159 47 beiden
1348 268 158 45 letzten
1536 266 130 47 Sätze
1696 265 70 48 die

247 346 395 63 Schlusswirkung
674 344 302 47 abschwächt.
1027 344 121 46 Herr
1181 344 275 62 Weingardt
1488 344 122 46 hatte
1642 343 99 47 übri-

249 442 108 47 gens
386 425 137 46 schon
553 423 42 47 in
626 424 143 46 einem
802 421 451 64 Concert-Vortrage
1295 421 59 46 im
1387 421 199 47 Theater
1625 419 112 48 docu-

249 501 218 49 mentiren
494 500 195 55 können,
721 498 169 47 welche
917 498 291 47 beträchtlich
1234 496 173 49 höhere
1431 498 127 47 Stufe
1589 498 40 45 in
1658 498 79 45 kur-

246 595 71 32 zer
346 579 97 46 Zeit
470 576 91 47 sein
594 575 234 64 Cellospiel
860 575 194 47 erreicht
1083 574 90 47 hat.

363 654 116 48 Was
510 654 70 46 die
609 654 149 62 Oper
790 651 184 55 betrifft,
1003 668 48 32 so
1083 653 160 45 wollen
1277 653 80 44 wir
1389 651 114 47 über
1535 651 229 47 Früheres

245 731 331 64 hinweggehen
620 729 88 48 und
753 745 82 31 von
880 730 84 46 den
1013 730 158 46 letzten
1206 729 348 63 Vorstellungen
1587 727 70 47 die
1688 727 77 47 des

611 807 263 56 erwähnen,
918 807 39 46 in
989 807 80 46 der
1101 806 81 46 wir
1221 806 117 47 Frau
1382 805 259 63 Caggiati
1685 821 80 32 aus

246 887 244 46 Hannover
523 885 74 46 für
627 884 70 47 die
720 882 325 50 Uebernahme
1074 882 80 47 der
1183 882 122 47 nicht
1333 882 112 49 allzu
1478 881 286 57 dankbaren,

244 962 110 47 aber
385 964 120 44 ihrer
534 961 188 47 Stimme
753 960 179 63 günstig
965 959 234 64 liegenden
1229 960 150 46 Partie
1408 960 80 46 der
1516 960 167 46 Bertha
1710 976 51 30 zu

244 1040 177 48 danken
453 1039 161 48 haben.
645 1037 127 49 Noch
804 1041 237 47 grösseren
1069 1036 130 48 Dank
1229 1037 217 47 schulden
1481 1037 80 46 wir
1594 1037 166 46 freilich

247 1119 117 47 Frau
411 1117 42 46 H
470 1131 123 32 aase
608 1143 13 6 -
639 1115 129 65 Capi
785 1122 50 40 ta
852 1115 8 47 i
877 1133 24 29 n
947 1114 156 58 dafür,
1147 1115 99 47 dass
1282 1115 63 46 sie
1387 1115 90 46 sich
1522 1114 80 47 der
1636 1115 128 47 Rolle

244 1194 78 47 der
345 1192 134 49 Fides
510 1200 217 54 unterzog
759 1191 89 47 und
874 1191 140 48 damit
1036 1191 80 47 der
1138 1191 233 47 schweren
1398 1191 365 63 Mühewaltung,

245 1271 127 47 ihren
404 1270 148 47 hohen
584 1271 176 62 Sopran
801 1270 75 45 für
905 1268 69 47 die
1011 1268 282 47 zahlreichen
1331 1268 133 47 tiefen
1498 1268 233 47 Mezzo-So-

241 1348 248 64 pranlagen
527 1347 146 46 dieser
703 1347 149 46 Partie
894 1346 190 63 gefügig
1126 1362 52 31 zu
1224 1346 203 47 machen.
1486 1345 275 63 Abgesehen

241 1441 81 31 von
354 1425 80 47 der
466 1423 94 47 rein
593 1425 277 47 materiellen
898 1422 360 65 Kraftwirkung,
1289 1422 71 47 die
1384 1422 224 48 natürlich
1639 1422 124 47 nicht

242 1502 195 48 erstrebt
468 1502 174 55 wurde,
682 1502 53 46 ist
763 1501 71 47 ihr
863 1501 93 47 dies
987 1501 115 47 denn
1135 1501 114 47 auch
1282 1501 42 46 in
1356 1502 125 46 einer
1512 1500 217 48 bewunde-

239 1578 379 65 rungswürdigen
651 1580 156 47 Weise
837 1580 244 62 gelungen,
1120 1578 90 47 und
1242 1595 91 30 was
1364 1578 113 47 noch
1514 1577 215 48 bewunde-

241 1656 375 65 rungswürdiger
658 1656 67 54 ist,
767 1657 61 46 sie
874 1656 77 47 hat
990 1663 113 40 trotz
1148 1655 80 48 der
1265 1655 203 48 dadurch
1515 1655 245 64 bedingten

240 1741 372 57 unausgesetzten
644 1733 420 47 Aufmerksamkeit
1103 1733 82 47 auf
1219 1732 71 48 die
1321 1733 189 47 Stimme
1539 1733 91 47 sich
1662 1733 99 47 eine

237 1829 49 30 so
315 1812 111 47 volle
461 1811 195 47 Freiheit
686 1811 80 47 der
795 1809 334 50 dramatischen
1162 1811 160 47 Action
1359 1829 50 29 zu
1442 1809 188 49 wahren
1662 1827 73 31 ver-

239 1889 167 54 mocht,
447 1888 100 47 dass
576 1888 83 46 wir
701 1889 42 46 in
774 1888 145 47 dieser
954 1888 255 64 Beziehung
1241 1888 68 46 die
1343 1888 131 47 Fides
1506 1896 132 39 unter
1665 1888 96 47 ihre

236 1966 316 64 glänzendsten
599 1964 87 49 und
730 1966 347 63 grossartigsten
1120 1966 273 62 Leistungen
1436 1966 172 47 stellen.
1666 1966 95 47 Der

236 2046 119 45 Ton-
399 2043 87 47 und
528 2043 230 47 mimische
790 2043 258 55 Ausdruck,
1087 2043 85 47 den
1204 2043 61 47 sie
1296 2042 272 48 namentlich
1602 2043 41 47 in
1675 2042 81 48 der

236 2121 334 48 Ivirchenscene
599 2119 85 49 den
719 2121 316 47 wechselnden
1058 2121 320 63 Stimmungen
1409 2121 108 63 gab,
1549 2137 95 32 war
1675 2137 84 31 von

236 2198 309 64 ergreifender
579 2197 258 48 Wahrheit.

355 2274 157 47 Durch
545 2274 78 47 das
653 2274 321 64 Engagement
1017 2273 80 48 der
1141 2274 121 49 Frau
1295 2274 169 47 Deetz
1510 2274 75 46 für
1632 2274 129 47 einen

237 2352 214 63 längeren
475 2352 453 65 Gastrollen-Cyklus
959 2351 229 64 (zunächst
1215 2352 292 63 Margarethe
1536 2352 59 47 im
1624 2352 140 47 Faust

235 2429 89 47 und
345 2429 120 49 dann
485 2429 133 49 Carlo
646 2428 202 65 Broschi)
875 2429 222 47 erwächst
1125 2429 80 47 der
1228 2429 128 65 Oper
1380 2428 82 50 auf
1486 2428 71 48 die
1581 2428 182 48 nächste

232 2508 97 47 Zeit
359 2507 168 47 wieder
557 2507 98 47 eine
689 2507 359 63 Bereicherung,
1093 2507 90 47 und
1229 2507 57 47 da
1318 2507 70 47 die
1418 2507 234 47 Direction
1686 2507 79 48 mit

233 2584 79 48 der
343 2585 274 64 Ergänzung
647 2584 80 47 der
759 2585 222 63 etwaigen
1013 2585 186 47 Lücken
1244 2584 337 52 unzweifelhaft
1623 2584 140 48 schon

235 2678 78 32 aus
358 2663 204 62 eigenem
607 2663 220 47 Interesse
879 2663 247 48 fortfahren
1176 2663 128 55 wird,
1355 2679 47 31 so
1449 2663 180 47 können
1676 2663 83 47 vtftr

233 2738 205 48 wirklich
470 2739 274 55 annehmen,
776 2739 99 47 dass
905 2739 79 47 der
1013 2740 128 63 Oper
1253 2747 120 40 etwa
1403 2739 85 48 wie
1517 2739 59 48 im
1622 2740 112 56 „Pro-

463 2818 70 46 die
557 2817 267 47 elektrische
848 2818 153 47 Sonne
1083 2824 141 41 etwas
1248 2822 113 61 spät,
1378 2817 113 49 aber
1509 2817 114 49 doch
1649 2817 83 48 end-

232 2895 84 47 lich
349 2895 70 47 ein
453 2895 203 47 besserer
686 2895 132 47 Stern
849 2894 228 65 aufgehen
1111 2894 127 48 wird.
1491 2894 194 66 (W\-Z.)

360 3143 89 54 Die
490 3143 434 73 Mozart-Stiftung
965 3145 52 55 in
1058 3146 273 56 Frankfurt
1370 3166 79 36 am
1489 3146 147 58 Main.

357 3278 77 47 Dr.
467 3278 278 48 Heinrich
787 3279 153 48 Weis
957 3295 165 33 mann
1167 3281 41 47 in
1252 3281 250 49 Frankfurt
1533 3298 72 32 am
1638 3284 125 47 Main

235 3351 77 49 hat
353 3355 241 55 „Blätter
639 3355 96 48 der
780 3358 367 63 Erinnerung
1191 3375 55 32 an
1285 3359 80 48 das
1408 3368 149 40 erste
1597 3360 133 50 deut-

232 3430 128 47 sche
405 3431 329 65 Sängerlest
772 3434 89 47 und
904 3450 55 32 an
1001 3435 69 47 die
1103 3436 257 65 Gründung
1390 3436 82 49 der
1512 3438 251 48 Mozart-

560 3511 40 46 in
632 3511 249 49 Frankfurt
912 3513 69 48 bei
1008 3514 50 47 F.
1084 3514 49 47 B.
1159 3514 233 60 Auffarth,
1429 3514 162 57 1863,
1625 3515 66 50 87
1718 3518 45 48 S.

232 3600 67 47 Gr.
326 3584 65 58 8.,
419 3586 79 48 mit
519 3587 108 47 zwei
651 3589 334 49 Illustrationen
1009 3590 397 66 herausgegeben,
1431 3593 137 50 deren
1595 3595 168 64 Ertrag

240 3662 75 45 lür
345 3662 88 49 den
467 3664 151 47 Fonds
649 3664 78 48 der
757 3675 260 53 genannten
1049 3669 200 65 Stiftung
1281 3669 230 49 bestimmt
1539 3671 67 49 ist.

349 3741 83 47 Die
463 3742 173 49 Blätter
677 3742 97 47 sind
814 3744 101 48 dem
962 3746 270 48 rühmlichst
1268 3748 258 49 bekannten
1561 3749 166 66 Compo-

235 3814 141 50 nisten
406 3817 222 51 Wilhelm
661 3820 187 65 Speyer,
890 3821 130 56 „dem
1054 3824 141 48 Vater
1224 3824 78 48 des
1331 3833 147 40 ersten
1510 3825 251 51 deutschen

235 3892 325 65 Sängerfestes,
583 3896 101 48 dem
711 3905 147 41 ersten
884 3900 291 48 Präsidenten
1199 3901 81 48 der

236 3970 241 61 gewidmet
501 3974 91 48 und
616 3975 230 48 enthalten
866 3977 212 49 zunächst
1097 3979 98 48 eine
1219 3980 270 48 Geschichte
1507 3981 76 48 des
1608 3981 126 50 frank-

239 4048 138 46 furter
908 4052 77 50 des
1027 4055 142 49 durch
1215 4057 151 49 diesen
1411 4060 349 49 veranstalteten

1867 265 311 65 Sängerfestes
2218 268 88 47 und
2353 268 80 48 der
2476 269 167 48 daraus
2687 270 469 65 hervorgegangenen
3201 273 195 47 Mozart-

1865 343 200 63 Stiltung
2095 345 40 45 in
2168 346 124 45 einer
2325 346 245 47 besonders
2603 348 75 45 für
2701 348 586 64 Männer-Gesangvereine
3317 367 53 29 an-

1864 420 246 47 ziehenden
2137 423 310 63 Darstellung,
2474 424 170 46 welche
2677 425 190 46 manche
2898 425 295 47 interessante
3223 426 147 47 Einzel-

1867 498 147 47 heiten
2046 498 184 48 enthält.
2260 500 134 46 Seine
2428 500 364 65 Ueberzeugung
2820 518 84 30 von
2937 501 84 49 den
3049 503 246 54 Gefahren,
3325 504 71 47 die

1865 573 101 46 dem
1992 575 395 64 Männergesange
2411 576 112 47 einst
2547 576 192 49 drohten
2767 578 89 47 und
2876 579 110 62 jetzt
3008 578 193 54 drohen,
3226 581 168 63 spricht

1864 649 81 48 der
1976 651 251 55 Verfasser,
2278 669 80 31 uns
2389 670 111 46 ganz
2545 670 80 31 aus
2668 654 81 47 der
2792 655 131 47 Seele
2964 655 289 57 schreibend,
3285 659 43 46 S.
3364 656 27 49 7

1864 745 94 29 aus.
2014 729 235 48 Nachdem
2287 746 48 31 er
2372 731 267 62 angeführt,
2681 733 100 45 dass
2812 733 80 47 der
2922 734 99 47 eine
3053 733 141 48 Feind
3226 734 142 47 dessel-

1867 805 101 57 ben,
2013 805 80 48 der
2124 807 249 63 politische,
2419 809 79 47 der
2531 809 77 47 das
2639 810 216 46 deutsche
2885 810 108 47 Lied
3039 827 48 31 so
3129 813 149 62 wenig
3311 813 83 47 wie

1864 881 69 48 die
1964 882 247 49 deutschen
2244 884 183 48 Farben
2467 886 195 55 mochte,
2705 886 90 47 sich
2831 886 261 48 hoffentlich
3126 887 75 47 für
3232 889 162 47 immer

1862 961 392 64 zurückgezogen,
2301 962 122 47 fährt
2458 979 50 30 er
2547 962 108 49 fort:
2697 965 125 53 „Der
2864 965 169 47 andere
3081 964 139 48 Feind
3264 965 129 58 aber,

1863 1035 80 47 der
1966 1036 108 64 jetzt
2116 1039 57 45 im
2204 1039 224 47 Schoosse
2467 1039 80 48 der
2579 1040 367 63 Gesangvereine
2988 1041 137 47 selbst
3168 1058 129 47 gross
3340 1060 52 29 zu

1863 1115 184 47 werden
2072 1115 152 54 droht,
2249 1116 53 47 ist
2324 1116 70 48 die
2419 1117 311 47 musicalische
2757 1117 387 66 Verkünstelurig,
3175 1120 78 47 das
3279 1120 84 47 Ver-

1864 1191 177 48 kennen
2085 1192 80 47 der
2210 1194 203 47 Gränzen
2457 1195 144 47 dieses
2645 1195 214 47 Gebietes
2902 1195 142 48 durch
3090 1196 71 47 die
3194 1197 165 65 Compo-

1863 1268 142 47 nisten
2038 1270 248 56 einerseits,
2318 1271 83 46 wie
2431 1270 301 48 andererseits
2756 1271 80 48 das
2861 1274 286 63 Preissingen
3172 1272 80 49 der
3281 1274 83 47 Ver-

1862 1346 114 55 eine,
2015 1346 79 48 das
2123 1347 296 65 riothwendig
2450 1348 69 47 die
2551 1350 310 63 Missachtung
2892 1350 81 48 der
2999 1351 172 48 soliden
3204 1351 152 48 Grund-

1862 1423 116 64 lage,
2023 1425 192 47 nämlich
2260 1426 78 46 des
2381 1426 406 48 volkstümlichen
2833 1428 434 64 Männergesanges,
3312 1446 79 31 zur

1864 1501 140 65 Folge
2036 1502 76 47 hat
2142 1502 89 47 und
2263 1503 146 46 sicher
2438 1503 116 47 auch
2585 1503 102 49 dem
2715 1503 232 50 Gedeihen
2979 1505 78 47 des
3087 1506 302 63 allgemeinen

1860 1577 247 48 deutschen
2140 1580 355 63 Sängerbundes
2527 1581 210 47 Schaden
2784 1582 190 64 bringen
3013 1582 92 47 und
3143 1600 51 30 zu
3242 1583 149 47 seiner

1860 1655 259 66 Aullösung
2151 1656 167 48 führen

1977 1735 85 47 Die
2089 1735 222 47 Concerte
2344 1736 116 47 beim
2485 1736 290 63 Sängerfeste
2805 1736 104 65 (28.
2996 1736 86 49 3O.
3106 1737 89 48 Juli
3229 1736 162 66 1838)

1860 1820 164 54 trugen
2056 1811 199 54 15,200
2281 1813 66 47 Fl.
2378 1813 70 47 ein
2481 1813 91 49 und
2603 1813 150 64 gaben
2787 1816 77 46 für
2893 1815 70 47 die
2989 1815 400 64 Mozart-Stiftung

1862 1888 129 47 einen
2020 1889 277 64 Reinertrag
2343 1906 82 32 von
2466 1906 86 30 nur
2598 1889 144 50 1200
2773 1891 86 57 Fl.,
2899 1891 80 47 der
3008 1892 92 46 sich
3133 1891 112 47 aber
3274 1892 117 47 noch

1862 1966 41 47 in
1948 1966 263 48 demselben
2254 1967 141 47 Jahre
2438 1968 274 47 namentlich
2768 1967 144 48 durch
2956 1967 315 67 Subscription
3316 1970 82 46 auf

1865 2043 149 48 5584
2048 2046 64 44 Fl.
2150 2046 270 47 vermehrte.
2480 2046 222 63 Beiläufig
2745 2046 213 47 erfahren
3003 2047 98 55 wir,
3146 2046 101 48 dass
3285 2047 111 63 jetzt

1865 2122 263 47 fünfzehn
2173 2122 318 48 verschiedene
2523 2123 590 64 Männer-Gesangvereine
3142 2123 42 48 in
3219 2124 146 49 Frank-

1867 2199 89 47 furt
1987 2216 71 30 am
2091 2201 124 47 Main
2248 2199 233 58 bestehen,
2514 2201 80 47 mit
2625 2199 109 50 550
2765 2201 313 64 Mitgliedern!

1983 2277 92 47 Das
2104 2277 428 65 Stiftungs-Capital
2575 2277 164 62 betrug
2780 2278 57 47 im
2888 2278 165 48 dritten
3083 2278 143 48 Jahre
3255 2279 141 47 schon

1872 2353 199 57 12,535
2109 2356 82 53 Fl.,
2234 2356 58 47 im
2324 2356 141 47 Jahre
2502 2354 142 50 1862
2692 2356 221 55 41,718.
2972 2357 86 47 Die
3102 2357 265 65 Haupt-Ein-

1864 2433 168 46 nahme
2064 2431 73 64 (an
2177 2432 199 57 12,000
2409 2432 84 66 Fl.)
2540 2433 217 48 brachten
2789 2434 71 47 die
2892 2434 222 49 Concerte
3146 2434 77 47 des
3265 2434 103 56 „Lie-

2222 2527 80 31 aus
2333 2511 199 48 anderen
2565 2512 214 57 Quellen,
2809 2511 70 48 die
2911 2512 217 63 übrigens
3157 2528 96 31 aus
3285 2512 82 47 fer-

1864 2603 172 32 neren
2076 2588 243 48 Kreisen
2348 2588 427 48 Deutschlands
2818 2606 101 30 nur
2960 2589 136 49 sehr
3138 2606 255 48 sparsam

1867 2664 238 56 flössen,
2142 2664 164 48 kamen
2335 2682 42 30 u.
2410 2667 54 45 A.
2498 2664 289 51 3—4000
2820 2667 65 48 Fl.
2918 2683 80 31 aus
3030 2667 254 48 Concerten
3317 2683 52 31 an-

1865 2742 135 48 derer
2032 2743 194 47 Vereine
2267 2743 89 47 und
2398 2743 85 47 den
2514 2744 587 65 Bühnen-Aufführungen
3142 2744 42 48 in
3214 2745 152 47 Frank-

1867 2819 90 48 furt
1985 2820 91 47 und
2102 2820 283 58 Mannheim,
2417 2820 151 49 ferner
2598 2838 80 31 aus
2704 2822 527 49 Virtuosen-Concerten
3259 2822 134 64 (Liszt

1868 2897 107 48 719
2008 2895 104 65 Fl.),
2161 2898 300 48 Geschenken
2507 2898 203 63 (Pfarrer
2738 2899 217 65 Sprüngli
2993 2900 43 47 in
3080 2899 81 48 der
3190 2899 203 48 Schweiz

1872 2974 145 50 1000
2051 2975 100 64 Fl.),
2203 2977 394 48 Vermächtnissen
2643 2977 203 64 (Kröger
2881 2978 41 47 in
2959 2978 248 48 Frankfurt
3246 2977 148 49 2000

1867 3052 85 64 Fl.)
1985 3071 40 30 u.
2056 3069 34 32 s.
2122 3069 55 32 w.

1986 3132 74 45 Bei
2093 3130 287 65 Anführung
2417 3130 80 49 der
2525 3132 314 64 Stipendiaten
2883 3132 80 48 der
2993 3133 403 65 Mozart-Stiftung

1865 3209 54 46 ist
1948 3208 44 48 S.
2025 3208 73 48 40
2130 3209 68 47 ein
2230 3209 201 47 Irrthum
2461 3227 52 29 zu
2546 3209 306 66 berichtigen:
2883 3210 128 49 Max
3040 3210 230 49 Bruch's
3304 3210 89 65 Op.

1872 3285 20 48 1
1937 3302 96 31 war
2061 3286 123 47 nicht
2213 3286 70 47 die
2309 3286 311 65 Composition
2650 3303 83 33 von
2776 3289 133 65 „Jery
2941 3288 90 48 und
3293 3304 78 32 son-

1865 3363 111 47 dern
2001 3379 83 32 von
2119 3364 211 56 „Scherz,
2352 3364 95 47 List
2471 3364 90 48 und
2805 3382 84 30 von
2917 3365 192 50 Goethe.
3140 3365 155 50 Ueber
3326 3365 71 48 die

1867 3440 576 66 fünfundzwanzigjährige
2466 3443 252 47 Jubelfeier
2748 3443 81 47 der
2857 3443 201 63 Stiftung
3088 3444 79 47 hat
3195 3443 70 48 die
3288 3443 81 48 Nie-

1865 3519 339 48 derrheinische
2225 3519 373 66 Musik-Zeitung
2625 3520 165 48 bereits
2820 3521 42 47 in
2894 3523 80 45 Nr.
2999 3521 72 49 28
3095 3521 142 49 dieses
3260 3521 108 49 Jahr-

1864 3613 172 47 ganges
2069 3598 233 48 berichtet.
2361 3599 84 46 Die
2478 3599 232 56 Festrede,
2740 3599 173 47 welche
2947 3599 135 48 Karl
3128 3600 152 47 Grün
3326 3598 68 48 bei

1864 3674 146 47 dieser
2036 3675 299 64 Gelegenheit
2358 3675 123 56 hielt,
2507 3676 53 47 ist
2583 3683 133 40 unter
2740 3675 102 48 dem
2869 3676 142 49 Titel:
3053 3676 199 58 „Musik
3288 3676 108 47 und

2136 3753 226 63 gedruckt
2400 3753 271 63 (Frankfurt
2699 3770 39 32 a.
2771 3755 77 55 M.,
2879 3753 71 48 bei
2983 3755 50 47 F.
3064 3755 50 47 B.
3148 3754 248 61 Auffarth).

1981 3829 77 47 Als
2093 3829 212 65 Beilagen
2351 3831 172 47 enthält
2565 3831 79 49 Dr.
2679 3831 314 49 Weismann's
3035 3830 217 50 Büchlein
3298 3831 98 47 eine

1864 3906 151 49 bisher
2041 3908 317 63 ungedruckte
2385 3909 293 63 Logenrede:
2714 3909 113 56 „Die
3090 3925 86 32 von
3200 3909 197 65 Ludwig

1864 3984 151 47 Börne
2060 3984 90 47 und
2197 3985 211 48 mehrere
2452 3986 83 47 auf
2572 3985 78 48 das
2679 3985 263 65 Sängerfest
2973 3986 90 49 und
3096 3986 71 49 die
3199 3988 195 47 Mozart-

1863 4061 201 65 Stiftung
2109 4061 266 66 bezügliche
2418 4062 343 58 Schriftstücke,
2805 4064 90 48 und
2941 4065 64 47 als
3049 4065 198 63 Anhang
3297 4064 99 47 eine
