3548 4366
1674 140 108 52 379

158 279 89 47 und
282 279 299 64 Verwaltung
612 279 78 48 des
719 282 202 47 Instituts
950 280 73 50 die
1050 282 338 66 vollständigste
1415 282 274 63 Bürgschaft

159 357 75 47 für
266 355 129 49 einen
426 372 48 32 so
498 357 206 48 sicheren
729 359 85 47 wie
838 359 130 48 edlen
995 359 191 48 Genuss.
1217 360 60 47 So
1299 360 115 47 sieht
1439 376 104 30 man
1570 359 118 47 denn

158 433 81 47 der
273 432 442 67 Wiedereröffnung
755 434 147 50 dieser
932 435 224 49 Concerte
1199 438 79 47 mit
1320 438 162 46 immer
1524 452 164 30 neuem

158 510 223 47 Interesse
412 518 241 56 entgegen.

280 587 85 46 Die
393 585 425 66 diesmalige—sie
849 588 105 49 fand
986 606 72 31 am
1096 589 81 48 10.
1209 589 41 48 d.
1280 592 102 47 Mts.
1412 592 120 47 Statt
1614 590 79 47 hat

161 663 144 63 gleich
338 679 56 32 an
426 664 81 47 der
537 665 225 47 Schwelle
791 667 85 47 den
911 668 338 63 Erwartungen
1293 668 99 47 eine
1429 675 119 40 erste
1578 668 114 47 volle

161 740 329 65 Befriedigung
534 743 223 63 gewährt.
812 744 61 47 Es
903 759 95 32 war
1030 744 142 48 durch
1218 745 253 64 glückliche
1499 747 160 45 Zusam-

163 818 302 63 menstellung
495 818 78 48 des
603 820 299 62 Programms
943 820 88 48 und
1076 821 71 47 die
1176 821 275 65 Bedeutung
1481 821 80 47 der
1592 823 75 45 mit-

164 894 265 48 wirkenden
462 898 153 53 Gäste,
658 898 154 47 Herrn
843 898 91 48 und
967 899 123 47 Frau
1125 900 284 55 Joachim,
1452 900 122 47 eines
1612 899 81 48 der

161 971 243 49 schönsten
431 973 238 48 Concerte.
700 973 109 48 Wir
840 975 158 47 hörten
1031 976 211 47 Mozart's
1476 975 218 56 Sinfonie,

167 1050 288 47 Cherubini's
474 1051 231 55 Fanisca-,
732 1053 296 47 Beethoven's
1053 1058 175 59 grösste
1244 1054 419 48 Leonoren-Ouver-

167 1135 123 46 ture;
330 1126 284 49 dazwischen
659 1144 83 32 von
791 1131 150 46 Herrn
976 1130 434 48 Concert-Director
1437 1131 256 49 Joachim

165 1202 79 49 das
290 1204 385 49 Beethoven'sche
703 1206 392 57 Violin-Concert,
1139 1208 69 47 ein
1251 1209 189 47 schönes
1485 1209 209 48 Andante

164 1296 81 31 aus
276 1279 101 48 dem
409 1281 165 48 dritten
607 1282 224 49 Concerte
861 1300 84 31 von
976 1284 201 66 Molique
1209 1285 89 47 und
1329 1285 68 47 ein
1426 1285 266 48 Präludium

164 1373 84 31 von
281 1357 119 47 Bach
697 1357 67 66 (E-dur),
765 1360 106 47 das
872 1361 98 47 durch
1014 1361 89 56 die,
1146 1362 84 47 wie
1279 1362 81 47 wir
1405 1362 160 55 hören,
1607 1379 84 32 von

163 1435 153 47 Herrn
341 1436 207 47 Joachim
572 1436 345 64 geschriebene,
941 1454 113 47 ganz
1084 1440 57 46 im
1169 1440 151 47 Geiste
1346 1440 159 47 Bach's
1537 1441 130 61 gehal-

160 1519 103 39 tene
294 1512 552 65 Orchester-Begleitung
889 1515 102 48 dem
1026 1516 342 48 Verständnisse
1411 1516 76 48 des
1518 1519 175 47 Hörers

160 1589 117 47 noch
308 1589 143 47 näher
482 1591 223 62 gebracht
734 1592 184 56 wurde;
957 1594 175 48 endlich
1162 1611 84 31 von
1280 1595 121 47 Frau
1429 1595 260 48 Joachim

161 1665 122 65 (geb.
319 1666 173 66 Weis)
539 1669 71 47 die
649 1686 155 47 grosse
833 1671 145 47 Scene
1021 1688 80 31 aus
1139 1672 102 49 dem
1274 1672 165 49 dritten
1471 1676 114 46 Acte
1614 1674 78 47 des

160 1743 234 65 Orpheus,
424 1745 176 48 sodann
630 1746 267 48 Schubert's
937 1749 233 54 „Kolma's
1438 1751 100 47 eine
1567 1751 93 47 Ton-

160 1821 239 65 dichtung,
429 1822 42 47 in
503 1822 80 48 der
615 1831 142 39 etwas
786 1840 84 32 von
896 1823 100 49 dem
1024 1826 151 47 Geiste
1199 1826 184 48 Gluck's
1407 1829 284 59 nachzittert;,

161 1898 91 47 und
294 1898 362 50 Mendelssohn's
700 1901 249 48 Beiselied:
1000 1903 190 65 „Bringt
1218 1903 78 47 des
1326 1906 215 47 treu'sten
1571 1905 89 48 Her-

329 1994 42 30 u.
395 1994 33 31 s.
455 1994 53 31 w.
539 1978 87 47 Um
658 1978 72 47 die
760 1980 251 48 vollendete
1042 1981 428 65 Meisterhaftigkeit
1498 2000 111 47 ganz
1637 2001 52 29 zu

160 2053 257 65 würdigen,
460 2056 80 47 mit
570 2056 199 48 welcher
798 2057 123 47 Herr
946 2058 228 56 Joachim,
1213 2060 81 47 der
1332 2060 92 48 sich
1456 2079 87 30 nur
1572 2062 117 47 noch

156 2131 140 48 selbst
325 2131 278 49 übertreffen
631 2132 138 60 kann,
794 2133 79 49 das
897 2135 385 49 Beethoven'sche
1301 2137 194 48 Concert
1515 2138 174 65 spielte,

158 2208 120 49 kann
320 2226 104 31 man
470 2227 86 30 nur
597 2227 159 47 sagen,
800 2211 118 56 dass,
963 2230 131 32 wenn
1125 2215 259 48 Beethoven
1416 2216 80 47 der
1532 2234 157 45 grosse

158 2286 169 63 Geiger
356 2304 212 47 gewesen
600 2292 138 50 wäre,
781 2288 80 47 der
893 2306 133 32 unser
1058 2291 112 48 Gast
1199 2292 69 53 ist,
1310 2309 49 30 er
1390 2310 44 30 es
1465 2295 146 45 sicher
1640 2310 48 32 so

156 2363 190 65 gespielt
371 2365 140 54 hätte,
541 2366 84 47 wie
656 2382 62 32 er.
749 2366 100 47 Auf
865 2368 219 64 analoger
1106 2370 138 48 Höhe
1269 2370 108 47 hielt
1405 2370 93 48 sich
1529 2375 130 44 natür-

156 2442 84 47 lich
273 2442 116 47 auch
422 2443 71 47 die
518 2445 309 63 Ausführung
857 2445 78 48 des
964 2447 357 65 Molique'schen
1353 2450 213 47 Andante
1598 2450 89 47 und

155 2519 78 47 des
263 2518 306 57 Präludiums,
615 2523 79 46 das
725 2522 122 47 Herr
875 2523 228 55 Joachim,
1147 2525 41 47 in
1231 2525 338 64 Erwiederung
1612 2526 77 48 des

153 2597 301 48 stürmischen
487 2601 271 62 Applauses,
803 2599 65 50 da
908 2617 112 50 capo
1062 2602 170 63 spielte.
1288 2605 102 45 Den
1431 2603 256 50 herrlichen

154 2676 77 47 Alt
261 2674 77 49 des
370 2677 236 47 Fräuleins
639 2677 131 47 Weis
814 2678 155 48 hatten
1014 2681 82 45 wir
1139 2681 97 47 hier
1277 2681 139 48 schon
1458 2682 156 48 früher
1644 2683 43 47 in

155 2752 145 65 Oper,
332 2752 195 48 Concert
556 2754 91 46 und
678 2754 270 49 Oratorium
992 2757 207 48 schätzen
1237 2758 192 62 gelernt.
1485 2759 200 49 Seitdem

153 2829 71 49 die
254 2832 222 62 Sängerin
520 2832 129 48 ihren
680 2833 179 48 Namen
901 2836 274 61 gewechselt
1203 2836 90 48 und
1326 2836 127 48 ihren
1487 2837 174 48 künstle-

154 2909 175 46 rischen
358 2909 384 65 Wirkungskreis
767 2911 291 59 beschränkt,
1090 2913 76 48 hat
1188 2913 71 48 die
1282 2914 249 49 Schönheit
1561 2917 124 47 ihrer

150 2986 192 48 Stimme
389 2987 91 47 sich
526 2988 114 47 noch
689 2989 353 64 ungehemmter
1078 2992 271 48 entwickeln
1379 2992 181 49 können
1593 2994 91 47 und

150 3063 71 47 ihr
250 3063 202 65 Vortrag
483 3064 99 49 eine
612 3066 116 48 noch
762 3066 172 48 höhere
964 3067 174 49 Weihe
1179 3069 221 50 erhalten.
1456 3071 106 48 Ihre
1592 3071 61 48 Or-

149 3142 283 65 pheus-Arie
462 3160 97 30 war
589 3144 100 46 eine
719 3144 399 66 Meisterleistung.
1152 3147 130 47 Auch
1313 3147 71 48 die
1415 3148 267 48 Schubert'-

148 3220 106 47 sche
286 3219 310 66 Composition
643 3222 211 48 möchten
885 3223 53 48 W
939 3222 11 20 r
955 3223 132 64 enige
1124 3241 48 32 so
1205 3224 86 49 wie
1321 3226 122 48 Frau
1473 3226 209 49 Joachim

148 3314 78 31 zur
257 3298 200 65 Geltung
489 3298 206 66 bringen.
751 3300 137 49 Nicht
916 3318 113 47 ganz
1058 3318 50 32 so
1136 3303 162 65 sprach
1331 3320 83 31 uns
1443 3304 80 49 das
1553 3306 98 47 Men-

148 3375 336 51 delssohn'sche
513 3378 111 48 Lied
657 3396 81 39 an;
771 3381 122 46 Frau
916 3381 208 49 Joachim
1157 3382 125 48 hatte
1312 3398 46 32 es
1388 3383 295 66 transponirt,

148 3455 113 47 aber
311 3457 78 45 für
438 3472 164 32 unsere
639 3457 525 67 Orchesterstimmung,
1214 3461 71 47 die
1335 3477 145 48 gegen
1524 3461 73 49 die
1637 3463 43 47 in

146 3534 250 47 Hannover
440 3534 293 64 eingeführte
779 3535 84 49 fast
903 3537 131 47 einen
1080 3538 167 48 halben
1279 3539 98 49 Ton
1423 3539 146 49 höher
1611 3541 69 53 ist,

148 3613 114 46 noch
296 3612 122 47 nicht
446 3629 168 49 genug.
649 3614 83 46 Die
756 3613 408 51 Verschiedenheit
1186 3617 148 48 dieser
1357 3617 322 63 Stimmungen

145 3690 248 47 veranlasst
440 3690 265 66 überhaupt
736 3692 275 49 mancherlei
1044 3694 498 64 Unzuträglichkeiten,
1586 3697 91 47 und

145 3767 114 48 über
290 3768 109 48 kurz
428 3769 112 47 oder
577 3770 108 65 lang
715 3769 178 50 dürften
926 3772 114 47 auch
1075 3772 82 47 wir
1186 3772 73 48 die
1288 3774 173 64 pariser
1491 3774 155 47 Stimm-

144 3847 152 62 gabel,
339 3845 71 50 die
452 3847 93 48 sich
588 3849 131 47 mehr
763 3849 88 48 und
899 3849 131 48 mehr
1072 3849 155 50 Boden
1270 3850 43 49 in
1363 3852 314 48 Deutschland

144 3924 202 57 erobert,
376 3924 238 66 adoptiren
648 3932 195 44 müssen.

259 4004 87 47 Die
376 4004 588 52 Sinfonie-Concerte
995 4005 214 50 kommen
1241 4024 91 31 nun
1364 4007 117 48 auch
1511 4007 44 48 in
1580 4007 69 48 die-

141 4096 93 33 sem
261 4082 188 49 Winter
479 4083 171 48 wieder
681 4101 51 30 zu
763 4084 183 50 Stande.
982 4085 68 49 Da
1080 4087 62 48 sie
1171 4085 85 49 den
1284 4087 269 63 Dirigenten
1580 4084 92 50 und

1785 284 58 47 im
1877 283 343 51 Wesentlichen
2251 288 115 47 auch
2398 287 79 48 das
2500 288 250 51 Orchester
2780 292 78 47 mit
2887 292 85 48 den
3002 294 271 49 Privat-Con-

1786 367 152 40 certen
1969 362 177 63 gemein
2180 362 167 57 haben,
2388 379 48 32 so
2468 366 156 45 würde
2654 382 45 31 es
2728 367 92 47 sich
2853 368 270 64 empfehlen,
3168 387 132 32 wenn

1787 438 62 47 sie
1873 437 143 48 durch
2041 440 69 47 ein
2136 442 239 63 möglichst
2398 442 338 49 verschiedenes
2760 444 221 50 Sinfonie-
3014 447 89 47 und
3128 448 145 47 Ouver-

1788 517 435 62 turen-Programm
2253 518 85 47 den
2370 518 296 49 Unterschied
2698 538 82 31 von
2807 523 133 62 jenen
2972 541 75 29 um
3077 540 49 31 so
3155 524 125 49 schär-

1792 592 65 47 fer
1885 594 306 47 accentuirten
2224 594 90 48 und
2345 595 132 49 dabei
2510 595 245 50 besonders
2784 600 91 46 sich
2900 600 69 47 die
2994 600 313 65 Wiedergabe

1792 667 97 48 hier
1918 669 114 47 noch
2065 669 122 48 nicht
2215 672 217 62 gehörter
2460 689 141 31 neuer
2632 674 256 50 Tonwerke
2928 677 245 64 angelegen
3213 680 96 46 sein

1792 745 173 50 liessen.
2019 748 98 46 Auf
2153 748 120 48 diese
2307 749 157 48 Weise
2507 750 78 47 hat
2623 750 90 49 sich
2757 752 82 47 der
2878 753 431 65 Gesangverein

1795 830 132 40 unter
1948 824 197 65 Leitung
2168 825 76 49 des
2267 828 154 47 Herrn
2447 828 176 63 Engel
2654 830 266 63 gegenüber
2943 832 79 47 der
3043 833 234 62 Sing-Aka-

1793 898 166 58 demie,
2000 900 79 47 mit
2108 901 80 49 der
2218 918 48 32 er
2301 904 42 46 in
2383 903 81 49 der
2492 905 303 65 Aufführung
2825 905 80 49 der
2933 924 183 47 grossen
3147 910 163 55 Bach-,

1796 975 331 50 Händel'schen
2159 997 42 30 u.
2232 995 31 32 s.
2295 997 53 31 w.
2374 981 244 49 Oratorien
2648 983 90 47 sich
2770 983 123 47 nicht
2924 1001 170 31 messen
3127 987 182 57 konnte,

1792 1055 84 47 seit
1903 1056 147 46 seiner
2075 1056 254 65 Gründung
2361 1075 78 31 vor
2469 1060 104 46 fünf
2588 1059 172 49 Jahren
2790 1061 98 47 eine
2911 1069 107 41 stets
3043 1063 267 49 wachsende

1793 1133 303 48 Theilnahme
2121 1134 79 47 mit
2221 1136 242 47 erworben
2488 1136 89 49 und
2595 1138 214 49 verdient.
2832 1139 130 48 Auch
2983 1140 121 47 seine
3128 1140 182 48 nächste

1793 1225 157 47 grosse
1980 1210 305 66 Aufführung
2326 1213 111 48 wird
2477 1214 143 48 einem
2660 1215 223 65 jüngeren
2914 1216 181 49 Meister
3123 1219 188 62 gerecht

1795 1285 207 50 werden:
2035 1288 151 48 Herrn
2218 1289 335 48 Meinardus
2583 1307 80 31 aus
2688 1291 287 65 Oldenburg,
2999 1294 108 62 jetzt
3135 1295 41 46 in
3202 1296 79 47 Glo-

1793 1379 108 47 gau,
1945 1364 157 48 dessen
2135 1366 267 49 Oratorium
2754 1370 73 46 für
2870 1369 150 48 diesen
3063 1371 162 47 Zweck
3268 1373 39 45 in

1796 1441 187 64 Angriff
2004 1459 275 47 genommen
2312 1445 66 48 ist.
2425 1445 160 65 Einige
2616 1446 152 49 Chöre
2798 1463 79 32 aus
2906 1446 256 50 demselben
3196 1467 87 29 wer-

1791 1517 86 49 den
1917 1520 81 46 wir
2044 1521 216 64 übrigens
2303 1522 137 47 schon
2472 1540 77 31 vor
2580 1524 81 47 der
2691 1524 301 62 Aufführung
3023 1525 76 47 des
3129 1526 180 47 Ganzen

1793 1595 176 48 kennen
2000 1597 169 49 lernen.
2200 1599 120 47 Herr
2351 1600 142 63 Engel
2527 1600 301 62 beabsichtigt
2860 1604 189 45 nämlich
3084 1604 56 45 im
3166 1604 143 48 Laufe

1791 1672 77 47 des
1900 1672 207 49 Winters
2136 1675 92 47 vier
2257 1676 187 48 Soireen
2483 1695 51 29 zu
2578 1680 318 56 veranstalten,
2939 1679 71 48 die
3052 1681 112 46 nach
3207 1680 102 47 dem

1792 1752 247 63 Vorgange
2069 1752 123 47 einer
2223 1754 230 54 früheren,
2491 1756 170 47 welche
2690 1773 184 47 grossen
2907 1757 212 63 Anklang
3150 1757 131 64 gefun-

1791 1827 104 55 den,
1937 1829 41 45 in
2019 1829 247 63 passender
2300 1830 339 66 Abwechslung
2671 1834 202 62 Gesang-
2907 1835 88 44 und
3027 1835 252 47 Instrumen-

1788 1906 461 64 tal-Compositionen
2282 1909 220 61 mässigen
2534 1910 220 62 Umfangs
2784 1910 207 63 bringen,
3033 1911 88 47 und
3152 1929 50 30 zu
3235 1914 50 45 de-

1790 2000 86 30 nen
1926 1984 81 48 der
2047 1985 353 63 Gesangverein,
2442 1987 70 47 die
2555 1986 273 65 neuerdings
2872 2004 81 30 von
2987 1989 149 47 Herrn
3168 1990 143 63 Engel

1790 2061 285 65 gegründete
2119 2062 292 56 Liedertafel,
2453 2080 49 31 so
2547 2065 83 47 wie
2675 2065 166 62 hiesige
2886 2065 89 47 und
3019 2069 292 62 auswärtige,

1790 2140 273 47 namentlich
2096 2140 354 49 hannoversche
2472 2144 190 47 Solisten
2695 2142 64 65 (so
2789 2144 41 45 in
2863 2142 80 49 der
2973 2151 146 40 ersten
3151 2145 156 48 Soiree

1790 2216 71 47 die
1892 2217 178 47 Herren
2102 2217 217 55 Lindner,
2365 2218 80 47 der
2477 2220 151 48 Cellist
2657 2220 78 47 des
2762 2221 362 47 Joachim'schen
3156 2222 123 56 Quar-

1788 2300 149 47 tettes,
1979 2293 90 47 und
2101 2293 80 47 der
2214 2295 165 47 Bassist
2411 2296 277 62 Bletzacker)
2733 2296 79 47 mit
2841 2296 102 48 dem
2975 2297 307 48 Concert-Ver-

1790 2371 217 47 anstalter
2033 2372 441 48 zusammenwirken
2507 2373 198 49 werden.

1909 2450 94 47 Vor
2032 2448 85 49 den
2143 2451 431 48 Privat-Concerten
2609 2452 147 47 haben
2787 2452 135 47 schon
2954 2469 162 30 unsere
3149 2452 158 48 beiden

1791 2526 560 58 Quartett-Vereine
2400 2530 98 47 ihre
2543 2530 169 66 Cyklen
2764 2528 169 49 wieder
2982 2528 193 50 eröffnet
3218 2531 88 47 und

1790 2603 81 49 der
1900 2606 140 46 ältere
2063 2605 80 48 der
2168 2606 178 48 Herren
2380 2607 240 65 Böttjer,
2652 2606 239 54 Arnold,
2920 2607 255 56 Sastedt,
3207 2608 67 47 Ca-

1790 2681 199 57 bisius,
2019 2681 97 57 der,
2146 2682 86 48 wie
2253 2683 123 49 nicht
2397 2701 52 31 zu
2473 2701 137 48 sagen
2635 2685 176 63 nöthig,
2839 2685 152 47 seinen
3022 2685 287 48 ehrenvollen

1786 2759 294 65 Standpunkt
2110 2759 177 49 bestens
2319 2761 266 66 behauptet,
2628 2762 166 48 bereits
2821 2763 127 55 zwei,
2992 2762 79 47 der
3095 2762 212 65 jüngere,

1787 2836 86 48 den
1905 2837 83 47 wir
2017 2837 114 48 nach
2162 2837 81 48 der
2272 2838 289 50 entschieden
2594 2838 221 48 leitenden
2845 2839 224 63 Stellung,
3113 2838 70 48 die
3212 2839 93 47 sein

1787 2923 144 40 erster
1971 2916 168 63 Geiger
2181 2916 251 57 einnimmt,
2472 2917 172 48 einfach
2688 2917 85 47 den
2815 2916 487 49 Jacobsohn'schen

1787 3010 177 30 nennen
1989 2992 198 57 können,
2211 2993 71 48 die
2305 3002 117 41 erste
2444 2996 156 47 Soiree
2623 2993 225 50 absolvirt.
2881 2994 85 47 Die
2992 2994 311 52 Fortschritte,

1787 3069 71 49 die
1887 3086 49 32 er
1965 3071 41 47 in
2039 3069 80 49 der
2149 3071 165 48 kurzen
2345 3073 97 47 Zeit
2479 3073 142 47 seines
2653 3072 244 47 Bestehens
2940 3071 228 64 gemacht,
3208 3072 95 47 sind

1787 3148 351 64 ungewöhnlich
2171 3148 89 48 und
2293 3151 68 45 ein
2392 3149 302 65 sprechendes
2715 3149 220 64 Zeugniss
2964 3165 83 33 von
3072 3148 99 48 dem
3203 3166 75 32 ern-

1783 3232 98 42 sten
1922 3224 354 50 künstlerischen
2308 3227 212 57 Streben,
2559 3245 83 30 von
2675 3226 101 49 dem
2809 3227 84 47 alle
2924 3226 273 63 Mitglieder,
3227 3242 78 32 vor

1785 3303 115 48 allen
1943 3302 80 48 der
2061 3303 169 55 Leiter,
2280 3303 169 50 beseelt
2488 3304 113 50 sind.
2656 3306 95 47 Das
2793 3303 288 65 Haydn'sche
3123 3302 177 49 G-dur-

1785 3381 233 58 Quartett,
2049 3381 78 46 mit
2157 3379 100 50 dem
2290 3382 71 47 die
2390 3383 159 48 Soiree
2580 3383 196 64 begann,
2817 3383 98 46 liess
2944 3397 56 32 an
3030 3381 276 48 Sauberkeit

1783 3458 90 48 und
1899 3458 419 65 Durchsichtigkeit
2348 3459 136 50 kaum
2517 3468 140 41 etwas
2685 3477 51 31 zu
2761 3458 243 50 wünschen
3037 3458 159 63 übrig;
3229 3459 76 47 für

1781 3537 71 48 die
1895 3537 304 64 Aufführung
2242 3537 77 49 des
2362 3538 171 50 darauf
2583 3538 240 65 folgenden
2879 3537 422 48 Marschner'schen

1781 3615 145 47 Trio's
2144 3613 149 66 (G-moll)
2294 3615 62 50 würde
2379 3617 146 48 sicher
2548 3615 79 50 der
2651 3615 265 66 Componist
2940 3614 113 50 allen
3080 3613 93 48 drei
3197 3614 78 47 Mit-

1779 3693 282 53 wirkenden,
2087 3693 86 47 den
2199 3694 180 48 Herren
2406 3695 203 64 Engel,
2632 3693 329 49 Jacobsohn
2987 3692 88 47 und
3104 3692 156 47 Wein-

1777 3769 196 66 gardt,
2019 3770 195 49 herzlich
2260 3770 71 49 die
2374 3772 133 48 Hand
2550 3772 225 64 gedrückt
2818 3770 160 49 haben.
3034 3768 267 48 Marschner

1774 3849 230 48 zeichnete
2027 3848 225 58 dasselbe,
2284 3850 204 65 obgleich
2521 3849 81 48 der
2633 3848 302 51 dramatische
2967 3845 89 49 und
3088 3845 78 49 der
3196 3847 76 48 Lie-

1776 3925 377 66 der-Componist
2181 3927 80 48 der
2290 3928 371 48 Kammermusik
2707 3927 127 48 darin
2873 3924 216 48 zuweilen
3122 3923 178 48 Gewalt

1774 4005 181 56 anthut,
1998 4022 110 48 gern
2154 4013 133 42 unter
2328 4005 153 49 seinen
2512 4005 258 65 derartigen
2803 4002 367 66 Compositionen
3201 4017 97 40 aus,

1774 4082 91 49 und
1895 4082 43 49 in
1970 4082 81 49 der
2082 4084 119 48 That
2230 4084 54 47 ist
2314 4099 45 33 es
2390 4083 121 49 reich
2544 4099 55 33 an
2624 4082 330 53 Schönheiten;
2983 4078 183 54 schade,
3197 4079 100 47 dass

2916 4151 76 72 [*]
