5085 6898
164 6660 60 62 98

162 160 278 94 Paul
516 159 696 99 Scheerbart

253 370 94 49 Die
387 370 123 58 Zeit,
549 376 269 46 vertreten
860 374 160 47 durch
1060 374 79 47 die
1182 372 206 58 Presse,
1435 373 133 49 weiß
1612 386 54 35 es

154 467 137 41 ganz
326 469 192 40 genau:
560 456 126 51 Paul
722 457 314 50 Scheerbart
1071 460 66 47 ist
1170 460 84 46 ein
1288 457 251 50 Phantast
1577 472 60 41 ge-

158 552 195 44 wesen,
388 544 75 45 ein
497 556 169 36 armer
697 541 144 56 Narr,
870 542 91 48 der
992 545 98 46 zeit
1120 545 172 46 seines
1319 541 205 51 Lebens
1554 542 113 49 fern

155 636 104 36 von
308 623 109 51 Zeit
465 628 103 47 und
614 626 175 49 Leben
838 628 278 47 existierte.
1167 624 365 59 Nachträglich
1579 627 59 47 be-

158 708 184 50 dauert
371 710 275 56 allerdings
673 724 104 35 von
806 712 177 47 seinen
1014 711 338 55 wohltätigen
1381 712 286 54 Freunden,

155 792 86 50 die
279 795 107 49 sich
430 796 219 48 darüber
685 797 216 54 freuten,
936 795 101 50 daß
1075 797 190 48 andere
1304 798 163 48 Leute
1505 795 130 48 wohl-

158 879 130 54 tätig
328 894 180 34 waren
545 882 100 46 und
684 883 73 44 sie
798 880 73 47 als
911 878 270 52 Zahlstelle
1220 882 294 48 benutzten.
1587 879 80 48 Da

157 960 128 52 Paul
326 962 311 50 Scheerbart
673 964 129 49 nach
843 965 128 48 alter
1007 966 279 49 deutscher
1327 965 130 49 Sitte
1498 964 169 53 jedem

155 1045 176 64 Mann,
362 1049 129 48 auch
520 1061 152 35 wenn
705 1063 53 33 er
790 1047 212 51 Dichter
1033 1064 127 42 war,
1192 1050 134 48 beim
1358 1048 155 49 Glase
1546 1047 119 49 Bier

160 1134 92 47 das
293 1132 79 48 Du
414 1132 169 60 anbot,
624 1133 250 48 vielmehr
916 1136 92 47 das
1054 1135 323 53 angebotene
1438 1132 81 49 Du
1577 1148 60 33 an-

160 1218 167 54 nahm,
353 1231 57 35 so
440 1219 216 47 standen
687 1220 128 47 eben
845 1220 94 50 alle
967 1219 337 50 Fachdichter
1331 1220 92 47 mit
1450 1219 102 49 ihm
1580 1220 84 48 auf

156 1304 225 46 trautem
411 1300 94 52 Du.
558 1302 95 48 Die
681 1303 246 55 Kollegen
957 1305 208 48 wollten
1195 1303 86 48 ihn
1315 1303 258 48 durchaus
1601 1317 64 33 zu

156 1386 107 49 sich
313 1387 412 54 herunterholen,
776 1390 80 46 die
922 1387 347 49 Sternenwelt
1336 1401 111 34 war
1513 1386 151 48 ihnen

153 1469 140 49 nicht
338 1470 168 49 sicher
549 1485 185 43 genug,
783 1487 82 33 um
910 1473 106 46 sich
1062 1472 201 48 dorthin
1308 1486 62 33 zu
1413 1470 251 56 begeben.

156 1552 87 51 Sie
279 1555 289 49 vermißten
607 1561 144 45 sonst
789 1571 61 32 an
883 1557 103 46 ihm
1021 1555 152 57 Alles,
1209 1570 112 34 was
1362 1558 73 46 sie
1472 1556 192 55 hatten,

157 1639 102 47 und
299 1640 211 49 deshalb
546 1655 112 33 war
695 1655 53 33 er
786 1639 254 53 Künstler.
1109 1639 65 50 Er
1212 1640 148 49 schuf
1397 1640 80 49 die
1517 1639 111 50 Men-

156 1723 162 49 schen
349 1724 137 48 nicht
522 1724 130 48 nach
686 1726 162 46 ihrem
886 1722 295 58 Ebenbilde,
1217 1739 54 34 er
1308 1723 179 49 erfand
1521 1722 115 50 Luft-

157 1806 185 51 schiffe
397 1812 100 46 und
554 1808 441 57 Fliegerbomben,
1059 1809 163 48 bevor
1284 1811 73 47 sie
1417 1807 248 50 erfunden

156 1892 235 61 wurden,
427 1908 53 33 er
516 1894 178 50 erfand
729 1894 216 50 beinahe
984 1895 90 48 das
1108 1893 316 59 Perpetuum
1459 1894 203 56 mobile,

154 1976 252 49 während
476 1978 81 48 die
619 1978 194 48 andern
883 1993 95 33 nur
1043 1978 395 55 perpetuierlich
1511 1977 155 50 mobil

154 2073 194 38 waren.
430 2060 138 50 Jetzt
609 2063 112 47 sind
762 2063 134 48 viele
940 2063 163 49 Leute
1150 2063 169 56 mobil,
1366 2064 81 47 die
1490 2063 172 49 früher

154 2145 139 49 nicht
327 2147 245 53 geglaubt
609 2147 191 61 hätten,
840 2147 97 48 daß
974 2163 54 34 es
1066 2148 221 54 möglich
1324 2149 161 47 wäre.
1527 2147 136 49 Aber

153 2242 62 36 so
256 2230 156 49 mobil
453 2232 101 48 wie
596 2230 126 50 Paul
767 2230 316 50 Scheerbart
1125 2232 204 50 können
1392 2236 74 44 sie
1533 2230 132 50 doch

153 2313 139 50 nicht
330 2315 229 48 werden.
625 2314 92 50 Bei
754 2316 151 48 ihnen
940 2319 66 47 ist
1045 2317 280 49 höchstens
1359 2317 85 48 die
1480 2317 185 48 Dornte

152 2398 204 58 mobile,
386 2399 250 50 während
673 2416 55 33 es
760 2401 81 50 bei
871 2399 128 50 Paul
1034 2400 316 51 Scheerbart
1385 2401 165 55 gleich
1581 2402 83 49 die

154 2496 169 42 ganze
363 2482 139 51 Welt
540 2498 127 35 war.
746 2484 137 55 Spaß
924 2484 118 49 muß
1084 2489 125 53 sein,
1253 2501 53 33 er
1350 2486 117 48 darf
1508 2498 155 42 sogar

157 2573 141 44 ernst
334 2582 310 41 genommen
680 2570 231 55 werden,
952 2584 93 34 nur
1085 2569 118 49 muß
1247 2584 54 34 er
1344 2568 138 51 nicht
1523 2571 142 47 ernst

154 2655 125 48 sein.
322 2651 137 50 Aber
501 2653 84 48 die
625 2654 244 55 Kollegen
915 2654 112 48 sind
1075 2668 57 35 so
1176 2668 124 35 vom
1361 2652 153 52 Ernst
1573 2653 92 49 des

154 2735 205 50 Lebens
396 2738 237 55 gepackt,
669 2737 97 49 daß
800 2741 74 45 sie
913 2739 97 48 den
1041 2737 240 54 Künstler
1320 2752 127 42 gern
1483 2738 157 49 mitlei-

154 2822 104 48 den
293 2824 171 48 lassen
502 2821 254 59 möchten,
794 2826 126 45 statt
955 2822 110 50 sich
1099 2825 90 48 mit
1224 2823 105 49 ihm
1365 2838 65 35 zu
1467 2821 198 51 freuen.

152 2903 201 51 Mitleid
379 2908 67 46 ist
474 2909 111 46 eine
615 2904 219 57 Tugend
858 2907 95 48 des
983 2905 286 59 Künstlers,
1300 2907 247 55 Kollegen
1576 2921 60 41 ge-

154 2988 262 52 brauchen
460 2991 170 48 davon
666 3003 96 36 -nur
807 2987 105 53 10%
959 2990 80 50 für
1082 2991 301 56 wohltätige
1425 2989 238 56 Zwecke,

153 3073 128 49 aber
313 3077 90 47 mit
429 3074 125 50 Leid
581 3077 66 47 ist
677 3075 132 49 noch
839 3075 152 50 keine
1022 3075 139 50 Welt
1187 3075 306 56 geschaffen
1524 3089 105 35 wor-

154 3158 116 50 den.
299 3158 79 49 Da
400 3162 124 51 ging
553 3174 54 34 es
632 3160 294 48 bedeutend
952 3164 318 51 vergnügter
1298 3175 79 34 zu.
1431 3160 137 49 Alles
1595 3162 70 46 im

154 3241 387 50 Weltenraume
571 3244 175 48 kreist.
806 3242 105 50 Nur
942 3246 79 50 die
1051 3244 371 50 Herrschaften
1457 3244 88 50 auf
1573 3246 90 46 der

154 3326 134 49 Erde
322 3328 181 48 stehen
537 3342 58 34 so
630 3329 114 56 still,
781 3329 95 48 daß
914 3332 72 46 sie
1026 3329 92 49 das
1151 3328 215 54 Kreisen
1402 3343 91 40 gar
1526 3329 138 48 nicht

154 3412 216 48 merken
402 3412 105 48 und
544 3427 54 35 es
635 3413 152 49 ihnen
823 3418 107 44 erst
968 3412 467 50 wissenschaftlich
1470 3413 163 49 bewie-

155 3509 93 35 sen
278 3497 215 47 werden
524 3495 136 49 muß.
720 3496 114 50 Und
864 3500 135 45 trotz
1032 3498 122 49 aller
1187 3497 379 48 Wissenschaft
1600 3500 67 45 ist

154 3578 154 50 ihnen
352 3579 79 48 die
475 3579 172 50 Sonne
691 3595 93 33 nur
828 3581 132 48 dazu
996 3583 71 49 da
1110 3584 73 45 sie
1230 3596 67 33 zu
1335 3580 329 49 bescheinen.

155 3661 175 53 Selbst
364 3665 92 47 das
489 3665 172 48 macht
694 3668 73 45 sie
800 3668 192 46 nervös
1026 3666 100 48 und
1159 3668 74 47 sie
1263 3665 194 49 suchen
1485 3668 150 52 angst-

157 3749 106 50 voll
331 3751 94 48 den
492 3750 262 58 Schatten,
820 3753 85 48 auf
969 3752 94 48 daß
1127 3751 76 49 ihr
1271 3750 190 52 Gehirn
1524 3750 139 51 nicht

156 3834 184 55 platze.
384 3833 129 51 Paul
555 3834 313 51 Scheerbart
911 3835 97 48 ließ
1054 3837 78 47 die
1176 3835 222 49 Gehirne
1444 3836 220 55 platzen.

154 3916 95 51 Die
292 3918 451 56 Dichterkollegen
789 3923 169 45 seiner
1002 3918 108 51 Zeit
1153 3921 100 49 und
1300 3920 159 49 deren
1497 3919 135 49 Nach-

155 4003 166 59 folger
360 4007 115 48 sind
516 4006 248 58 dagegen,
809 4007 120 49 weil
966 4008 75 46 sie
1080 4005 167 51 nichts
1290 4020 118 37 zum
1446 4005 217 50 Platzen

154 4089 181 50 haben.
367 4089 86 49 Sie
483 4090 217 48 machen
733 4091 91 48 das
856 4089 407 55 Kunstgeschäft
1293 4092 89 48 mit
1418 4090 89 51 der
1538 4090 95 48 Ero-

155 4174 71 47 tik
261 4174 99 48 und
391 4174 342 50 verkriechen
767 4174 106 50 sich
910 4189 81 34 am
1021 4174 200 51 Weibe.
1285 4174 128 50 Paul
1444 4174 189 50 Scheer-

155 4258 117 49 bart
311 4257 136 50 warf
491 4259 106 48 sich
640 4262 47 45 in
730 4260 98 47 den
869 4259 304 49 Weltraum.
1215 4259 119 50 Und
1375 4262 118 47 weil
1536 4257 129 50 Paul

156 4341 315 50 Scheerbart
504 4344 136 47 nicht
672 4347 180 44 immer
889 4343 192 58 schlief,
1114 4345 183 47 wurde
1331 4359 62 34 er
1425 4357 105 35 von
1563 4343 101 48 den

157 4425 373 55 Zeitgenossen
573 4442 117 33 zum
733 4427 379 49 Anti-Erotiker
1158 4432 229 45 ernannt.
1470 4428 197 48 Darum

155 4511 250 55 besingen
452 4512 79 48 die
577 4511 210 49 Andern
832 4512 97 49 den
973 4511 190 57 Schlaf,
1224 4511 250 49 während
1536 4511 129 49 Paul

160 4596 315 50 Scheerbart
513 4599 69 49 im
617 4597 204 50 Schlafe
861 4599 149 53 singt.
1068 4598 96 49 Die
1203 4599 192 48 andern
1434 4600 230 48 stürmen

158 4683 77 49 ins
281 4683 176 49 Leben
500 4682 123 50 wild
670 4683 194 55 hinaus,
911 4683 131 49 Paul
1087 4683 314 51 Scheerbart
1447 4687 215 46 stürmte

157 4782 97 35 aus
327 4766 120 52 dem
523 4768 189 51 Leben.
800 4769 94 49 Die
974 4770 193 50 andern
1243 4774 211 45 müssen
1532 4770 132 48 dazu

161 4859 107 45 erst
340 4855 226 55 sterben,
635 4854 250 50 während
949 4854 129 50 Paul
1148 4854 315 50 Scheerbart
1532 4854 132 50 auch

158 4941 173 48 dieses
422 4939 222 52 Sterben
739 4940 72 49 als
903 4941 577 58 Privatangelegenheit
1574 4942 60 49 be-

158 5027 272 55 trachtete,
514 5030 101 46 und
695 5028 108 48 sich
883 5028 89 47 das
1055 5026 166 56 Recht
1306 5026 167 57 nahm,
1555 5026 109 49 sich

157 5110 249 54 jederzeit
453 5110 224 55 beliebig
719 5113 52 46 in
818 5112 192 48 andere
1054 5111 205 49 Welten
1303 5126 66 34 zu
1415 5110 252 58 begeben,

158 5193 133 50 ohne
343 5195 80 49 die
459 5194 150 57 Erde,
668 5196 81 49 die
803 5195 108 49 sich
966 5196 525 55 größenwahnsinnig
1527 5194 140 49 Welt

154 5283 173 51 nennt,
372 5279 199 49 danach
613 5280 277 55 ergebenst
933 5295 65 33 zu
1036 5279 196 55 fragen.
1307 5280 105 48 Der
1454 5279 210 49 Dichter

156 5361 378 59 Shakespeare,
570 5364 98 47 den
701 5363 315 50 Scheerbart
1046 5365 243 54 übrigens
1323 5365 139 48 nicht
1497 5364 170 49 leiden

158 5448 210 57 konnte,
414 5450 87 49 hat
553 5452 173 53 eigens
775 5450 199 49 Narren
1026 5452 224 54 benützt,
1300 5465 86 34 um
1434 5452 230 54 Königen

159 5533 84 48 die
279 5532 269 50 Wahrheit
584 5549 63 32 zu
681 5549 176 40 sagen.
894 5534 94 49 Die
1027 5535 283 50 deutschen
1351 5534 290 50 Schriftstel-

160 5618 74 48 ler
271 5621 99 46 und
406 5619 74 49 ihr
514 5621 312 55 ungeistiger
866 5621 216 57 Anhang
1112 5621 296 55 empfinden
1446 5620 186 50 Scheer-

158 5701 117 50 bart
308 5703 74 48 als
409 5701 212 58 Narren,
655 5706 256 47 trotzdem
944 5709 74 44 sie
1049 5705 134 49 noch
1211 5709 151 51 lange
1396 5706 137 48 nicht
1564 5704 68 55 Kö-

156 5789 119 52 nige
326 5787 168 48 dieser
541 5786 133 50 Erde
721 5790 125 47 sind.
895 5789 197 54 Könige
1142 5791 111 47 sind
1300 5789 364 49 beherrschter

158 5875 104 49 und
302 5870 171 49 fühlen
518 5873 107 48 sich
671 5886 103 33 von
835 5874 182 50 Gottes
1080 5875 230 50 Gnaden.
1404 5873 260 49 Deutsche

159 5953 368 52 Schriftsteller
556 5956 113 49 sind
696 5959 109 47 sich
833 5958 160 49 selbst
1021 5972 187 41 genug.
1231 5958 99 49 Mir
1358 5958 133 49 noch
1516 5960 151 53 lange

159 6040 153 49 nicht.
353 6040 170 49 Wenn
563 6044 73 45 sie
674 6040 77 49 ihr
794 6040 255 51 Gewerbe
1089 6046 54 46 in
1184 6042 176 50 Erotik
1406 6043 100 48 und
1547 6057 90 34 ver-

160 6125 248 48 wandten
441 6125 201 55 Dingen
677 6140 94 33 nur
804 6129 48 44 in
885 6125 160 48 ihrem
1077 6127 227 49 schönen
1338 6126 148 49 Heim
1520 6128 147 48 allein

162 6206 265 51 betreiben
470 6211 219 47 würden
731 6213 100 47 und
872 6209 138 50 nicht
1045 6212 84 48 die
1168 6211 164 54 Kunst
1373 6212 161 49 damit
1579 6211 59 48 be-

163 6289 254 60 helligten,
454 6308 58 34 so
546 6294 192 50 könnte
772 6309 118 34 man
927 6297 72 46 sie
1036 6294 148 56 ruhig
1214 6296 88 50 auf
1338 6296 116 48 dem
1489 6295 143 56 Hypo-

165 6373 359 54 thekenmarkt
572 6379 367 49 herumstehen
992 6378 124 49 oder
1171 6381 108 48 sich
1331 6394 82 35 am
1470 6380 165 55 Rasen-

164 6462 145 50 sport
342 6465 246 50 ergötzen
615 6466 187 48 lassen.
858 6463 86 50 Sie
978 6462 204 49 dürften
1214 6465 132 48 nach
1375 6465 116 48 dem
1523 6463 108 49 Wet-

163 6547 80 46 ter
274 6543 173 57 sehen,
480 6546 249 54 gefallene
762 6548 190 50 Pferde
982 6547 286 51 bestaunen
1303 6548 101 49 und
1440 6548 108 50 sich
1584 6562 83 36 so-

1796 178 93 40 gar
1937 167 146 47 einen
2132 167 370 50 entsetzlichen
2547 167 214 50 Anblick
2803 168 273 49 darbieten
3119 168 189 50 lassen.

1798 246 86 51 Sie
1919 248 203 50 dürften
2160 250 127 49 über
2322 251 115 54 jede
2473 250 296 51 Dummheit
2804 252 195 56 lachen,
3038 253 81 48 die
3157 253 151 49 ihnen

1796 332 163 49 selbst
2003 332 318 60 widerfährt,
2366 335 124 47 aber
2531 338 74 46 sie
2645 335 184 50 sollten
2872 350 93 35 nur
3007 337 138 50 nicht
3186 351 92 36 ver-

1796 417 209 56 suchen,
2038 418 81 54 die
2144 417 139 50 Welt
2312 422 91 46 mit
2436 421 90 48 der
2558 420 133 50 Erde
2724 435 63 34 zu
2815 421 313 51 verdecken.
3159 422 148 49 Denn

1798 501 162 50 selbst
2010 502 75 50 ihr
2135 503 374 51 bescheidenes
2581 500 281 55 Plätzchen
2927 508 67 45 im
3060 505 248 51 Schatten

1795 587 147 48 wäre
1972 586 149 52 ihnen
2154 587 133 49 ohne
2316 587 172 51 Sonne
2519 591 140 47 nicht
2690 589 236 55 möglich.
2962 589 85 49 Sie
3080 590 226 49 könnten

1795 670 111 49 sich
1938 686 93 39 gar
2066 673 138 49 nicht
2239 673 121 49 kühl
2393 673 187 57 fühlen,
2617 688 154 34 wenn
2805 688 56 35 es
2899 675 237 48 daneben
3168 675 138 50 nicht

1796 755 114 49 heiß
1943 758 160 49 wäre.
2141 754 117 51 Und
2295 759 178 47 darum
2508 759 172 48 finden
2715 762 74 45 sie
2828 758 126 49 Paul
2993 757 315 50 Scheerbart

1798 843 229 59 grotesk,
2064 843 118 48 weil
2226 856 53 35 er
2319 844 138 49 nicht
2497 847 67 46 im
2605 844 247 50 Schatten
2895 847 178 47 sinnen
3114 845 190 49 wollte.

1794 926 294 49 Außerdem
2121 940 115 36 war
2276 928 151 49 ihnen
2480 929 127 49 Paul
2662 929 316 49 Scheerbart
3031 944 62 32 zu
3148 929 126 49 unbe-

1795 1012 260 49 scheiden.
2090 1011 86 50 Sie
2205 1012 204 49 freuten
2441 1014 111 48 sich
2585 1014 127 49 über
2745 1014 108 51 ihre
2884 1012 423 55 Mietswohnung

1796 1109 82 34 am
1910 1094 499 65 Kurfürstendamm,
2447 1113 55 33 er
2536 1099 174 47 wollte
2746 1098 165 54 gleich
2949 1100 146 46 einen
3129 1097 176 48 Palast

1796 1194 93 34 aus
1927 1180 122 48 Glas
2087 1181 182 49 haben.
2341 1180 115 51 Und
2494 1184 119 46 weil
2655 1184 73 46 sie
2764 1182 84 48 die
2884 1181 422 53 Mietswohnung

1796 1264 176 49 hatten
2021 1266 101 47 und
2168 1280 54 34 er
2267 1268 97 47 den
2409 1266 295 55 Glaspalast
2751 1266 138 49 nicht
2932 1266 156 55 hatte,
3134 1266 172 48 finden

1795 1351 74 46 sie
1911 1351 110 48 sich
2063 1349 296 55 überlegen.
2439 1349 195 49 Woher
2676 1350 134 48 weiß
2855 1364 133 42 man,
3037 1349 96 49 daß
3180 1349 126 48 Paul

1795 1431 315 50 Scheerbart
2156 1434 177 47 diesen
2377 1431 295 57 Glaspalast
2717 1433 135 50 nicht
2893 1434 156 48 hatte.
3132 1433 174 48 Selbst

1795 1517 89 48 der
1925 1515 246 59 Referent
2209 1518 89 48 der
2336 1518 335 49 Frankfurter
2711 1517 215 56 Zeitung
2983 1519 129 46 wird
3172 1518 133 48 doch

1795 1601 138 49 nicht
1972 1602 195 49 überall
2200 1616 252 41 gewesen
2488 1605 125 48 sein.
2647 1602 115 49 Und
2800 1617 55 35 es
2893 1605 112 47 sind
3043 1601 263 49 zwischen

1793 1685 220 51 Himmel
2059 1687 101 48 und
2207 1685 134 52 Erde
2388 1690 159 46 schon
2594 1687 135 49 viele
2777 1686 165 55 Dinge
2994 1685 310 56 geschehen,

1796 1787 104 34 von
1929 1775 167 48 denen
2132 1773 134 49 viele
2301 1774 107 48 sich
2445 1773 164 48 nichts
2638 1772 168 49 haben
2844 1774 234 51 träumen
3114 1772 188 57 lassen,

1794 1857 117 48 weil
1969 1856 155 50 ihnen
2180 1856 225 50 Träume
2463 1856 426 50 unberechenbar
2949 1856 127 49 sind.
3165 1855 138 48 Aber

1791 1941 247 55 wirklich,
2070 1956 118 34 man
2218 1941 134 48 kann
2381 1940 138 50 nicht
2546 1940 138 49 Alles
2715 1940 308 49 berechnen.
3051 1939 252 48 Mancher

1793 2026 212 49 rechnet
2049 2028 110 48 sein
2207 2039 196 42 ganzes
2445 2026 177 49 Leben
2668 2026 102 46 und
2820 2039 55 35 es
2927 2025 194 49 stimmt
3170 2023 133 49 doch

1791 2113 97 45 nie.
1963 2110 118 48 Und
2114 2110 163 49 vieles
2316 2112 241 56 stimmte,
2596 2124 155 34 wenn
2785 2112 87 48 die
2905 2110 201 48 andern
3144 2106 127 51 nach-

1791 2196 296 49 rechneten.
2121 2193 150 50 Nicht
2304 2195 85 48 die
2424 2195 205 49 Formel
2665 2198 65 45 ist
2771 2194 92 49 das
2903 2192 267 57 Ergebnis,
3210 2205 93 35 aus

1790 2280 120 48 dem
1946 2280 251 54 Ergebnis
2239 2280 135 48 zieht
2419 2293 118 35 man
2575 2280 85 48 die
2701 2279 218 50 Formel.
2990 2276 115 49 Und
3148 2290 154 35 wenn

1791 2379 120 34 man
1952 2364 110 50 sich
2098 2367 51 46 in
2193 2364 89 49 der
2324 2364 205 49 Formel
2573 2366 106 53 irrt,
2739 2365 195 47 stimmt
2997 2362 162 48 selbst
3225 2359 78 49 die

1793 2463 165 41 ganze
1994 2448 287 56 Rechnerei
2313 2448 152 50 nicht.
2498 2447 121 50 Also
2652 2447 128 50 Paul
2812 2447 316 50 Scheerbart
3160 2446 143 48 hatte

1793 2536 101 48 den
1930 2533 307 55 Glaspalast.
2304 2533 86 49 Ich
2425 2532 132 49 habe
2592 2531 82 50 ihn
2708 2531 242 56 gesehen.
3018 2530 118 49 Und
3170 2529 133 49 noch

1797 2620 80 48 ein
1925 2632 128 41 paar
2100 2617 303 61 Menschen,
2466 2631 68 34 an
2600 2617 157 48 deren
2825 2613 481 55 Glaubwürdigkeit

1794 2703 139 50 nicht
1965 2718 64 34 zu
2065 2702 239 50 zweifeln
2336 2704 82 47 ist.
2490 2700 232 57 Freilich,
2762 2700 163 49 Leute
2966 2700 79 46 die
3087 2712 62 33 an
3187 2697 119 48 dem

1799 2790 235 50 Glauben
2125 2787 240 52 zweifeln
2459 2788 113 50 sind
2660 2785 140 50 nicht
2889 2784 220 59 würdig,
3206 2785 98 48 den

1799 2874 295 58 Glaspalast
2193 2889 63 34 zu
2353 2872 173 50 sehen.
2627 2871 227 51 Deshalb
2951 2869 170 51 haben
3217 2868 86 49 ihn

1795 2961 134 50 auch
2014 2974 58 36 so
2153 2961 205 55 wenige
2444 2958 240 60 gesehen.
2784 2956 117 51 Und
2988 2957 77 48 die
3150 2955 123 49 kurz-

1797 3045 250 59 sichtigen
2153 3047 159 48 schon
2410 3044 153 57 lange
2670 3043 151 50 nicht.
2944 3042 94 49 Die
3143 3041 159 50 sehen

1793 3132 180 47 immer
2011 3145 93 34 nur
2147 3132 148 47 einen!
2335 3129 167 56 Stern,
2539 3143 156 33 wenn
2734 3132 112 44 eine
2883 3126 422 53 Sternschnuppe

1793 3216 222 54 gefallen
2052 3219 80 45 ist.
2171 3214 107 49 Der
2319 3213 143 50 Stein
2505 3217 64 45 ist
2613 3227 126 39 grau
2784 3215 101 45 wie
2932 3211 95 48 alle
3070 3209 234 48 Theorie.

1792 3299 96 50 Die
1924 3299 396 54 Kurzsichtigen
2359 3300 193 47 wissen
2592 3298 129 48 auch
2765 3310 181 43 genau,
2989 3293 98 49 daß
3126 3292 177 50 Nichts

1793 3385 110 49 sich
1943 3387 137 51 ewig
2116 3384 227 53 bewegt.
2425 3381 67 49 Es
2530 3381 120 49 muß
2692 3381 108 49 sich
2844 3381 129 48 eben
3020 3379 121 48 alles
3182 3392 91 33 aus-

1797 3469 175 50 ruhen.
2018 3469 123 49 Man
2169 3470 87 49 hat
2291 3471 174 51 eigens
2500 3470 110 46 eine
2643 3469 80 46 vis
2752 3467 227 54 inertiae,
3014 3466 112 47 eine
3157 3462 144 57 Kraft

1795 3553 89 50 der
1912 3552 248 55 Trägheit
2192 3552 262 49 erfunden.
2508 3549 105 51 Nur
2639 3551 150 47 keine
2819 3549 313 52 Aufregung.
3164 3547 139 48 Aber

1792 3637 252 51 während
2076 3640 74 44 sie
2184 3635 86 49 auf
2302 3636 79 48 die
2412 3634 145 56 Kraft
2587 3638 147 45 unter
2770 3633 107 49 sich
2910 3636 218 51 starren,
3160 3630 143 54 fliegt

1795 3722 80 48 die
1906 3719 146 55 Kraft
2085 3720 127 48 über
2247 3723 73 45 sie
2356 3734 120 41 weg
2515 3719 101 48 und
2657 3722 89 45 das
2784 3717 193 49 Gesetz
3009 3716 93 47 der
3140 3715 131 52 Träg-

1793 3805 105 50 heit
1942 3804 140 50 wirft
2126 3807 74 46 sie
2243 3804 86 48 auf
2368 3805 83 47 die
2494 3802 149 51 Erde.
2684 3801 129 49 Paul
2856 3800 315 50 Scheerbart
3214 3799 60 47 be-

1792 3893 175 51 wegte
2012 3891 107 48 sich
2164 3888 312 60 andauernd,
2521 3887 254 51 während
2818 3888 73 46 sie
2937 3888 89 45 mit
3073 3884 103 48 ihm
3221 3883 83 48 bei

1792 3975 154 50 Tisch
1988 3989 63 33 zu
2093 3977 164 45 sitzen
2298 3976 241 45 meinten.
2611 3971 143 49 Noch
2793 3971 136 48 beim
2971 3967 334 49 fünfzehnten

1797 4060 156 49 Glase
1982 4058 232 50 Pilsener
2244 4059 177 50 drehte
2451 4072 53 37 er
2534 4060 108 46 sich
2669 4060 50 45 in
2753 4056 89 48 der
2871 4055 155 56 Welt,
3051 4054 251 50 während

1794 4144 110 49 sich
1933 4148 51 44 in
2016 4144 154 48 ihnen
2205 4142 133 50 nach
2373 4144 116 47 dem
2524 4140 197 50 fünften
2756 4141 157 49 Glase
2946 4139 120 48 Bier
3104 4136 199 51 endlich

1795 4229 80 48 die
1909 4227 135 50 Erde
2077 4231 69 45 im
2181 4226 163 56 Kopfe
2384 4242 62 33 zu
2486 4226 193 49 drehen
2717 4225 218 55 begann.
2973 4223 147 49 Beim
3154 4222 120 48 sech-

1794 4317 113 46 sten
1956 4313 155 48 Glase
2159 4311 248 49 schliefen
2451 4313 73 46 sie
2570 4309 184 56 gemäß
2803 4310 117 48 dem
2969 4308 193 48 Gesetz
3212 4305 90 47 der

1795 4397 261 56 Tiägheit,
2100 4397 250 50 während
2390 4396 128 49 Paul
2557 4395 317 50 Scheerbart
2931 4394 137 48 beim
3125 4407 140 34 zwan-

1792 4485 202 52 zigsten
2038 4482 154 49 Glase
2255 4481 79 48 die
2394 4480 180 49 Fehler
2636 4479 393 54 Shakespeares
3087 4476 216 48 bewies.

1793 4566 146 49 Auch
1972 4565 364 58 Shakespeare
2370 4565 88 49 hat
2494 4568 142 46 seine
2669 4562 198 51 Fehler.
2901 4562 138 49 Aber
3076 4564 89 47 das
3201 4559 68 49 Ge-

1793 4654 114 46 setz
1950 4650 94 49 der
2087 4650 249 55 Trägheit
2381 4650 204 49 schützt
2632 4651 89 46 sie.
2811 4646 116 49 Und
2979 4646 80 49 die
3108 4644 197 50 andern

1794 4734 229 50 schlafen
2064 4734 160 49 schon
2262 4734 167 57 lange,
2469 4747 154 36 wenn
2662 4736 74 46 sie
2770 4732 267 48 bewiesen
3071 4730 232 47 werden.

1792 4818 112 49 Nun
1946 4820 124 48 aber
2110 4822 66 46 ist
2219 4833 119 34 man
2397 4819 217 52 allseitig
2673 4816 281 56 zufrieden,
3016 4814 96 48 daß
3174 4811 129 50 Paul

1794 4902 316 51 Scheerbart
2149 4904 99 52 dem
2283 4901 156 50 Stern
2474 4901 135 49 Erde
2644 4900 212 58 verließ,
2895 4901 84 48 die
3013 4899 135 49 Erde
3186 4896 117 50 muß

1798 4993 292 55 entgöttern
2110 4988 231 51 werden.
2373 4987 183 51 Götter
2588 4987 112 49 sind
2726 4986 164 50 nichts
2922 4988 77 48 für
3019 4983 284 52 ernsthafte

1792 5074 178 56 Leute,
2016 5074 80 48 die
2140 5076 108 47 sich
2291 5071 198 56 Könige
2550 5071 206 49 dünken
2811 5071 105 48 und
2971 5069 333 48 Erdarbeiter

1795 5158 128 49 sind.
1998 5157 137 50 Aber
2175 5171 202 35 warum
2416 5156 163 50 sollen
2614 5155 113 50 sich
2765 5155 140 49 nicht
2947 5153 183 50 Götter
3172 5150 135 51 auch

1796 5243 185 49 einmal
2027 5241 87 50 auf
2160 5246 88 46 der
2295 5240 136 50 Erde
2492 5239 275 58 aufhalten,
2825 5252 156 35 wenn
3039 5252 56 33 es
3152 5236 155 49 ihnen

1795 5326 138 55 Spaß
1981 5326 187 51 macht.
2216 5325 86 49 Sie
2349 5325 219 49 nehmen
2616 5324 327 49 niemandem
2995 5324 184 54 etwas,
3230 5322 74 47 sie

1792 5411 343 50 verkriechen
2171 5410 110 49 sich
2317 5409 139 50 nicht
2492 5414 48 45 in
2574 5411 84 46 die
2697 5407 214 55 Spalten
2944 5408 94 48 der
3077 5406 226 54 Organe,

1795 5495 81 49 die
1906 5495 160 49 schon
2094 5509 170 41 genug
2295 5495 204 48 besetzt
2532 5494 127 50 sind.
2694 5492 86 50 Sie
2814 5492 112 48 sind
2960 5491 225 54 Organe.
3219 5489 86 48 Sie

1794 5579 217 49 werden
2048 5578 272 57 gefunden,
2359 5578 131 49 auch
2528 5592 154 34 wenn
2723 5580 74 46 sie
2835 5577 202 54 verlegt
3075 5574 230 49 werden.

1797 5662 87 51 Sie
1913 5663 214 49 werden
2159 5677 154 40 sogar
2341 5663 217 58 verlegt,
2591 5662 132 49 auch
2752 5675 154 35 wenn
2940 5663 74 47 sie
3047 5661 137 48 nicht
3216 5672 61 40 ge-

1794 5748 195 51 funden
2028 5748 230 51 werden.
2304 5747 183 49 Götter
2526 5746 166 61 leben,
2728 5747 132 47 auch
2895 5759 156 34 wenn
3091 5747 74 46 sie
3206 5745 75 48 tot-

1801 5832 338 59 geschrieben
2176 5834 127 49 sind.
2355 5832 147 49 Denn
2543 5846 55 35 es
2634 5832 65 49 ist
2734 5830 210 59 göttlich
2980 5845 65 34 zu
3076 5831 166 49 leben.

1891 5987 213 49 Neulich
2140 5992 149 51 sagte
2326 5989 93 47 mir
2455 5988 219 56 jemand,
2713 5987 130 49 Paul
2880 5985 315 51 Scheerbart
3232 5983 76 48 sei

1799 6072 271 55 eigentlich
2102 6072 91 50 der
2225 6076 139 46 erste
2392 6071 384 56 Expressionist
2808 6083 267 44 gewesen.
3110 6068 197 57 Sicher,

1799 6157 133 48 denn
1969 6157 97 48 das
2102 6156 177 49 Leben
2318 6156 206 49 machte
2564 6155 87 49 auf
2690 6156 83 49 ihn
2811 6156 184 48 keinen
3033 6152 273 50 Eindruck.

1795 6240 290 55 Uebrigens
2130 6241 88 49 hat
2263 6255 55 35 es
2363 6241 132 48 noch
2538 6240 174 49 früher
2757 6242 148 47 einen
2948 6238 329 54 Expressioni-

1796 6329 117 45 sten
1948 6325 251 57 gegeben,
2243 6323 88 50 der
2370 6324 116 49 hieß
2520 6324 245 49 Heinrich
2798 6338 107 35 von
2939 6322 175 54 Kleist.

1890 6465 105 49 Der
2035 6466 157 48 letzte
2236 6465 205 49 Freund
2481 6479 105 35 von
2630 6463 130 51 Paul
2816 6463 316 51 Scheerbart
3191 6462 114 49 hieß

1798 6551 199 56 August
2038 6551 243 49 Stramm.

3533 171 117 50 Und
3688 174 148 49 Anna
3882 172 314 56 Scheerbart
4242 176 139 50 heißt
4421 175 82 50 die
4545 176 153 56 Frau,
4743 178 80 49 die
4868 179 79 49 für

3435 256 131 50 Paul
3596 257 315 53 Scheerbart
3944 259 152 52 lebte.

4352 378 277 49 Herwarth
4665 379 218 48 Walden

3437 849 208 94 Die
3727 842 428 95 Mücke

3527 1044 128 49 Was
3697 1047 65 47 ist
3803 1046 247 53 geistiges
4095 1040 306 56 Eigentum?
4455 1042 257 53 Geistiges
4761 1043 157 55 Eigen-

3436 1135 108 43 tum
3580 1131 65 48 ist
3681 1133 111 47 eine
3828 1129 296 50 Zeitschrift
4159 1131 77 48 für
4272 1128 282 49 Literatur-
4592 1128 104 48 und
4727 1128 188 49 Presse-

3435 1230 181 35 wesen
3709 1220 88 47 des
3888 1216 375 50 Journalisten-
4352 1216 101 48 und
4548 1210 370 53 Schriftsteller-

3435 1302 208 47 vereins
3756 1300 421 51 Urheberschutz
4292 1300 429 54 herausgegeben
4838 1312 106 35 voa

3437 1388 164 48 einem
3680 1387 166 50 Herrn
3926 1387 263 49 Friedrich
4267 1384 139 51 Huth
4475 1399 64 34 zu
4615 1383 301 50 Charlotten-

3434 1473 132 55 burg
3663 1473 81 47 bei
3846 1471 186 52 Berlin.
4137 1472 95 48 Die
4332 1472 341 48 Abonnenten
4774 1470 170 48 dieser

3434 1557 294 51 Zeitschrift
3796 1559 202 51 können
4075 1561 89 48 mit
4242 1560 60 47 25
4334 1553 68 62 %\
4470 1555 192 57 Rabatt
4739 1556 208 55 elegant

3434 1644 271 58 gebunden
3776 1643 78 50 für
3946 1644 153 48 Mark
4190 1647 29 46 4
4221 1676 62 4 —
4371 1645 112 47 eine
4573 1641 189 50 Schrift
4850 1641 94 49 des

3433 1730 169 49 Herrn
3648 1729 135 50 Huth
3849 1729 271 50 erwerben
4183 1730 137 57 „Das
4367 1727 166 58 Recht
4583 1729 90 48 des

3431 1814 247 49 erläutert
3715 1829 63 34 an
3816 1813 291 55 Beispielen
4147 1829 90 33 aus
4279 1816 89 47 der
4409 1813 391 57 Rechtspraxis.
4838 1810 107 48 Der

3430 1897 133 51 Herr
3595 1898 138 50 Huth
3766 1901 66 46 ist
3863 1898 173 49 ferner
4067 1898 370 49 Vorsitzender
4471 1900 91 47 der
4601 1896 310 56 Rechtskom-

3430 1985 213 47 mission
3681 1983 91 49 des
3811 1983 374 49 Journalisten-
4222 1983 101 47 und
4360 1981 587 51 Schriftstellervereins

3429 2066 422 51 Urheberschutz
3887 2066 53 50 E.
3979 2066 58 50 V.
4074 2067 85 49 Ich
4193 2067 137 49 kann
4364 2069 120 47 dem
4518 2068 285 48 Literatur-
4840 2062 105 50 und

3429 2150 376 51 Pressewesen
3833 2166 93 34 nur
3954 2156 162 51 raten,
4148 2151 108 49 sich
4282 2151 137 49 nicht
4441 2151 255 50 allzusehr
4724 2150 87 49 auf
4834 2149 83 49 die-

3431 2252 96 35 sen
3553 2237 170 50 Herrn
3756 2237 138 51 Huth
3924 2254 63 33 zu
4021 2237 287 50 verlassen.
4359 2237 148 49 Denn
4542 2236 80 51 die
4659 2236 288 49 deutsche»

3430 2323 243 50 Gerichte
3714 2326 196 46 wissen
3952 2323 334 49 entschieden
4331 2322 145 49 mehr
4518 2335 124 35 vom
4683 2319 230 50 Urheber-

3430 2409 182 49 schutz
3647 2410 73 48 als
3756 2410 91 48 der
3881 2407 205 57 Verein,
4128 2407 89 49 der
4255 2407 108 48 sich
4401 2410 149 45 unter
4590 2406 84 48 die
4708 2403 104 50 Hut
4847 2404 100 49 des

3428 2495 254 53 geistigen
3714 2493 301 54 Eigentums
4047 2491 238 56 begeben
4315 2491 103 48 hat.
4475 2491 109 49 Das
4613 2489 214 49 werden
4859 2487 88 50 die

3427 2577 202 49 Herren
3663 2578 119 49 bald
3817 2578 259 49 einsehen.
4138 2574 149 51 Nicht
4324 2571 243 53 einsehen
4601 2574 217 49 werden
4853 2575 94 53 sie,

3430 2676 114 36 was
3579 2663 163 53 Kunst
3777 2666 80 46 ist.
3911 2664 107 48 Das
4055 2664 65 48 ist
4158 2665 78 46 ein
4271 2663 220 49 anderes
4529 2662 154 56 Fach,
4721 2660 92 49 das
4852 2660 97 52 mit

3432 2748 117 49 dem
3579 2749 282 48 Literatur-
3894 2752 101 47 und
4023 2749 379 49 Pressewesen
4428 2746 169 52 nichts
4628 2761 65 34 zu
4722 2751 89 45 tun
4838 2745 104 50 hat.

3430 2832 66 49 Es
3544 2835 66 47 ist
3657 2833 82 48 für
3789 2837 149 45 einetfr
3985 2833 360 49 Stubenmaler
4395 2828 183 54 höchst
4630 2830 196 56 drollig,
4878 2843 68 35 zu

3430 2917 160 49 sehen
3620 2920 102 47 wie
3779 2932 92 34 aus
3905 2917 202 49 Farben
4142 2921 78 45 ein
4252 2917 115 49 Bild
4401 2916 242 50 entsteht.
4708 2916 101 48 Für
4839 2913 105 49 den

3429 3003 368 54 Herausgeber
3833 3005 138 49 eines
4002 3003 505 50 Pressefachblattes
4539 3002 185 53 höchst
4759 2999 185 58 drollig

3430 3103 63 34 zu
3539 3088 160 49 sehen
3743 3091 103 47 wie
3891 3103 94 34 aus
4026 3087 221 50 Worten
4297 3090 81 46 ein
4424 3088 219 48 Gedicht
4689 3084 253 51 entsteht:

3429 3171 172 60 „Nach
3632 3172 90 49 der
3750 3171 186 60 Probe,
3972 3172 79 48 die
4085 3175 94 45 mir
4214 3171 227 49 kürzlich
4475 3174 76 46 ins
4584 3171 142 47 Haus
4760 3167 158 58 geflat-

3429 3261 101 43 tert
3574 3260 80 53 ist,
3697 3257 117 47 muß
3858 3258 109 47 dies
4011 3260 111 45 eine
4163 3256 184 49 höchst
4391 3256 213 53 drollige
4652 3252 297 50 Zeitschrift

3429 3343 124 46 sein.
3618 3341 51 47 In
3706 3344 200 52 einigen
3941 3340 282 55 Zeitungen
4258 3344 66 45 ist
4360 3355 92 33 aus
4490 3341 117 46 dem
4647 3338 177 49 Sturm
4863 3340 83 46 ein

3430 3425 216 49 Gedicht
4106 3425 320 55 abgedruckt
4469 3424 231 55 worden,
4751 3423 193 48 dessen

3426 3508 275 49 Verfasser
3740 3511 79 46 ein
3854 3509 131 48 Herr
4024 3509 201 54 August
4264 3508 228 49 Stramm
4531 3510 80 46 ist.
4688 3507 106 47 Der
4838 3505 78 47 Ab-

3429 3592 158 49 druck
3635 3596 90 45 des
4159 3592 217 54 erfolgte
4420 3590 265 56 natürlich,
4730 3604 85 35 um
4860 3590 88 47 die

3424 3676 164 49 Leser
3623 3677 160 50 durch
3820 3678 82 47 die
3937 3678 139 47 Fülle
4112 3676 383 54 unfreiwilliger
4533 3674 184 53 Komik
4757 3689 64 34 zu
4860 3687 56 35 er-

3427 3761 200 50 heitern
3659 3762 102 48 und
3789 3761 162 55 Kritik
3981 3776 64 33 zu
4073 3761 136 49 üben
4237 3775 63 34 an
4329 3761 118 48 dem
4475 3759 293 49 Verstände
4800 3761 144 46 eines

3428 3844 344 58 Redakteurs,
3840 3846 228 48 welcher
4134 3849 180 45 seinen
4377 3844 198 49 Lesern
4645 3843 299 54 derartigen

3429 3930 248 50 Blödsinn
3943 3933 52 48 In
4026 3933 177 50 diesen
4231 3931 172 51 Zeilen
4426 3933 68 46 ist
4524 3944 93 35 nur
4648 3927 292 60 auffallend,

3424 4015 100 50 daß
3558 4016 116 49 dem
3703 4015 378 50 Vorsitzenden
4114 4020 89 47 der
4236 4015 534 56 Rechtskommission
4802 4011 141 50 Huth

3429 4100 90 49 der
3562 4101 245 49 Abdruck
3858 4104 137 46 eines
4043 4101 280 48 Gedichtes
4367 4099 252 49 natürlich
4667 4097 277 51 erscheint

3427 4185 107 48 Das
3567 4185 221 51 bereitet
3820 4188 94 45 mir
3945 4185 120 49 sehr
4098 4186 103 47 viel
4231 4184 357 54 unfreiwillige
4619 4182 184 54 Komik
4838 4180 104 49 und

3430 4284 55 34 es
3525 4270 244 49 erheitert
3806 4269 146 56 mich,
3993 4269 94 49 daß
4124 4283 119 34 man
4278 4269 161 48 durch
4476 4272 112 46 eine
4622 4266 288 57 Rechtsver-

3423 4353 210 55 letzung
3660 4352 162 54 Kritik
3851 4368 64 33 an
3946 4356 221 45 meinem
4198 4352 294 50 Verstände
4522 4352 134 49 üben
4687 4350 118 49 will.
4832 4350 107 48 Der

3428 4439 258 51 Verstand
3734 4439 89 50 der
3871 4439 380 56 Verständigen
4302 4439 199 50 scheint
4550 4439 76 47 für
4678 4438 80 47 die
4810 4436 133 50 Jura

3423 4524 111 49 also
3562 4523 134 49 doch
3721 4523 139 50 nicht
3890 4523 387 49 auszureichen.
4336 4523 291 55 Allerdings
4656 4521 173 50 haben
4858 4520 86 50 die

3423 4608 372 54 verständigen
3853 4607 212 50 Dichter
4124 4609 129 47 auch
4314 4609 112 47 eine
4484 4603 462 53 unverständliche

3423 4690 330 57 Vorstellung
3783 4706 125 35 vom
3938 4695 257 52 geistigen
4228 4690 286 56 Eigentum.
4549 4690 149 49 Denn
4733 4692 74 47 sie
4838 4689 78 50 las-

3428 4790 92 34 sen
3562 4776 109 48 sich
3707 4775 273 57 Eigentum
4019 4777 264 58 schützein,
4325 4790 115 34 was
4483 4776 151 49 ihnen
4673 4775 138 49 nicht
4849 4787 62 41 ge-

3427 4859 132 50 hört.
3626 4859 86 51 Sie
3749 4862 296 48 verändern
4089 4864 165 52 einige
4291 4860 185 50 Worte
4518 4875 92 35 aus
4650 4859 99 49 den
4786 4856 125 52 Dich-

3428 4948 193 51 tungen
3667 4945 90 49 der
3800 4944 204 51 Herren
4048 4946 216 58 Goethe,
4328 4944 215 50 Schiller
4602 4944 103 49 und
4761 4942 186 60 Heine,

3428 5030 217 48 machen
3695 5032 74 48 sie
3816 5029 81 49 für
3945 5031 92 48 das
4080 5031 286 49 Literatur-
4418 5031 103 49 und
4564 5028 381 49 Pressewesen

3427 5117 257 54 geeignet,
3729 5117 187 47 soweit
3965 5129 56 34 es
4069 5114 81 49 die
4202 5114 252 50 Gedichte
4502 5114 139 50 nicht
4686 5114 163 48 schon
4888 5112 57 47 in

3428 5197 111 50 sich
3573 5198 161 50 selbst
3769 5213 196 43 waren,
4003 5199 101 48 und
4139 5199 177 49 lassen
4351 5201 110 48 sich
4494 5198 84 49 die
4615 5196 327 53 Dichtungen

3426 5281 95 50 der
3554 5285 144 48 toten
3727 5282 251 56 Kollegen
4005 5283 267 50 bezahlen.
4337 5283 176 58 „Auch
4540 5296 125 34 vom
4694 5279 252 56 Kollegen

3428 5364 267 52 Barlösius
3735 5381 113 35 war
3893 5369 78 46 ein
4011 5366 281 51 treffliches
4336 5367 220 50 Gedicht
4593 5379 122 36 vom
4755 5363 159 50 Schüt-

3429 5452 299 54 zengraben
3766 5452 336 56 eingelaufen,
4142 5457 90 45 das
4269 5452 167 49 neben
4468 5451 228 49 anderem
4733 5448 212 50 Grüßen

3431 5551 95 34 aus
3559 5538 121 47 dem
3716 5538 156 49 Felde
3907 5551 92 34 zur
4038 5537 290 54 Verlesung
4573 5534 108 49 Das
4722 5532 224 51 Gedicht

3431 5623 65 47 ist
3543 5622 160 48 leider
3747 5622 250 49 natürlich
4040 5622 138 48 nicht
4225 5619 334 56 abgedruckt,
4606 5623 148 46 sonst
4799 5618 146 49 hätte

3431 5707 81 48 ich
3549 5721 159 43 gerne
3743 5707 152 50 Mark
3937 5710 85 46 100
4022 5737 66 6 —
4118 5704 566 53 Nachdruckshonorar
4722 5703 222 59 gezahlt,

3430 5805 154 34 wenn
3611 5793 84 48 ich
3720 5794 96 47 mir
3844 5792 177 49 diesen
4053 5791 260 50 Schützen
4342 5789 143 49 hätte
4516 5789 275 54 einfangen
4816 5788 98 49 kön-

3431 5889 114 37 nen.
3576 5876 123 49 Also
3732 5876 95 51 der
3859 5876 210 56 Kollege
4104 5875 264 48 Barlösius
4401 5875 150 56 weiß,
4585 5877 102 46 wie
4723 5871 226 52 trefflich

3432 5974 57 35 es
3517 5962 51 47 in
3595 5961 116 48 dem
3740 5960 460 56 Schützengraben
4229 5958 205 55 zugeht.
4464 5959 93 49 Ein
4582 5959 134 50 Herr
4744 5957 202 56 August

3433 6044 225 50 Stramm
3691 6045 136 49 weiß
3864 6059 55 35 es
3950 6047 136 46 nicht
4117 6042 102 49 und
4256 6045 89 47 der
4379 6043 326 54 blödsinnige
4738 6041 175 57 Redak-

3433 6132 113 46 teur
3573 6130 188 49 druckt
3792 6132 266 51 unsinnige
4090 6127 253 52 Gedichte
4377 6129 79 56 ab,
4487 6129 120 48 weil
4634 6128 83 49 ihn
4748 6127 205 53 sinnige

3433 6213 252 50 Gedichte
3719 6214 137 49 nicht
3888 6214 383 49 interessieren.
4335 6212 144 51 Auch
4511 6213 92 49 der
4637 6212 276 49 Hannover-

3431 6297 126 50 sche
3585 6296 183 55 Kurier
3799 6298 88 48 hat
3913 6297 255 49 natürlich
4195 6299 92 48 das
4323 6297 219 50 Gedicht

3431 6396 107 35 von
3586 6382 203 56 August
3844 6381 227 49 Stramm
4125 6381 390 57 nachgedruckt
4575 6382 103 48 und
4734 6379 220 60 „schlug

3434 6468 116 49 dem
3580 6467 176 50 Sturm
3787 6466 80 48 für
3901 6465 82 51 die
4013 6467 216 50 nächste
4262 6465 245 52 Nummer
4539 6465 270 57 folgendes
4844 6463 74 49 Ge-

3434 6552 138 49 dicht
3601 6565 121 36 vor:
