5085 6898
4849 6709 90 41 107

434 162 96 57 „Er
562 164 133 48 wird
723 161 104 49 ihm
856 164 143 51 mehr
1029 168 204 54 nützen,
1261 163 74 50 als
1369 165 75 47 dir
1474 166 45 51 ie
1552 166 93 48 das

130 245 168 51 Wehr
350 261 240 42 gewann.
596 250 10 17 4
614 250 9 17 '
692 246 188 59 Fragte
937 249 284 58 Guyddno:
1294 250 110 57 „Du
1458 250 188 49 kannst

126 332 266 59 «sprechen
447 333 102 48 und
602 333 103 50 bist
762 349 60 35 so
878 333 193 51 klein?'
1163 336 109 50 Ihm
1331 339 314 45 antwortete

132 417 254 56 Taliesin:
436 417 116 60 „Ich
584 419 84 49 bin
700 422 181 49 besser
911 422 225 49 imstand
1171 434 63 34 zu
1265 421 174 56 reden,
1472 421 74 50 als
1582 422 63 46 du

132 504 143 51 mich
302 520 65 36 zu
671 506 135 56 „Laß
834 506 178 49 mioh's
1039 507 178 58 hören,
1242 521 116 33 was
1388 509 68 46 du
1484 507 161 47 reden

411 591 95 48 rief
540 590 278 58 Guyddno.
872 591 122 51 Also
1035 605 128 41 sang
1199 591 248 50 Taliesin:

137 762 135 51 Dem
304 757 220 55 Wa'sser
561 762 179 51 wohnt
812 764 386 55 segenbegabte
1233 761 146 53 Kraft
1417 764 131 46 inne.

132 846 74 53 Es
234 849 69 47 ist
335 846 365 59 hochgerecht,
732 848 194 56 gerade
956 848 128 48 über
1120 847 122 51 Gott
1271 862 62 34 zu
1366 847 217 49 denken.

134 932 73 53 Es
236 934 161 49 ziemt
430 935 122 58 sich,
588 935 124 49 Gott
745 936 68 47 im
845 934 153 50 Ernst
1032 947 62 36 zu
1125 934 175 55 bitten,

132 1018 141 52 denn
308 1019 117 50 kein
462 1018 273 49 Hindernis
768 1019 221 56 besteht,
1029 1019 94 49 daß
1159 1021 95 46 wir
1294 1031 189 36 unsren

1172 1102 144 51 Lohn
1358 1106 287 57 gewinnen.

136 1186 179 53 Durch
348 1188 325 50 Nachsinnen
708 1190 134 47 weiß
880 1189 104 48 ich:
1041 1189 212 48 dreimal
1286 1192 151 48 ward
1472 1192 79 49 ich

1392 1277 253 55 geboren!

139 1361 158 51 Jener
339 1366 146 44 wäre
529 1362 161 55 elend,
737 1364 88 47 der
867 1361 134 49 nicht
1044 1361 153 49 käme

137 1450 106 48 und
275 1448 255 56 gewänne
569 1448 94 49 alle
698 1446 450 52 Wissenschaften
1182 1447 90 56 dqr
1306 1449 153 59 Weit,

133 1534 89 48 die
261 1534 48 48 in
326 1534 216 49 .meiner
577 1533 156 53 Brust
766 1532 306 56 gesammelt
1110 1535 126 47 sind.

139 1618 106 50 Der
276 1618 82 49 ich
384 1618 92 49 das
508 1618 289 49 Gewesene
826 1618 136 48 weiß

137 1708 110 48 und
284 1703 93 49 das
412 1704 198 56 künftig
648 1704 108 48 sich
799 1706 244 55 ereignet,

137 1789 85 50 Ich
257 1789 107 49 will
392 1806 116 34 zum
541 1790 171 47 Herrn
746 1788 170 62 beten,

117 1875 125 58 .daß
272 1875 81 49 ich
384 1874 235 49 Zuflucht
651 1875 49 47 in
730 1875 102 49 ihm
863 1877 224 56 erlange,

116 1962 127 58 .daß
284 1962 82 49 ich
402 1959 305 59 Beachtung
745 1963 47 47 in
833 1964 167 48 seiner
1042 1963 179 48 Gnade
1263 1963 252 58 gewinne.

139 2044 232 53 Mariens
410 2044 142 53 Söhn
590 2047 65 49 ist
687 2049 102 47 min
828 2046 215 57 Glaube,

130 2132 136 57 groß
292 2132 70 49 ist
387 2133 137 47 mein
548 2132 298 51 Entzücken
873 2149 67 34 an
968 2132 119 56 ihm,

136 2218 139 48 denn
311 2219 51 48 in
398 2216 102 49 ihm
535 2217 139 49 wird
710 2217 79 49 die
826 2218 139 50 Welt
1001 2219 204 56 ständig
1240 2219 244 49 erhalten.

139 2300 116 52 Von
288 2303 126 49 Gott
445 2304 124 47 kam
607 2317 71 42 es,
717 2304 96 48 daß
853 2304 80 48 ich
970 2304 134 49 mich
1140 2304 381 56 unterrichtete,

136 2387 104 49 daß
276 2389 168 50 meine
477 2388 312 58 Erwartung
828 2393 171 51 erregt
1037 2389 198 50 würde.

139 2471 107 51 Der
281 2471 183 53 wiahre
501 2474 530 57 Himmels-Schöpfer
1066 2475 237 56 gewährt

1255 2559 391 57 Beschirmung.

139 2639 71 52 Es
241 2646 68 47 ist
342 2644 111 49 eine
486 2645 179 49 wahre
693 2647 212 49 Absicht
938 2647 68 45 im
1039 2645 255 54 täglichen
1328 2647 168 49 Gebet

1278 2732 88 47 der
1399 2731 248 57 Heiligen,

138 2814 132 51 Gott
306 2816 89 48 der
431 2815 288 52 Erneuerer
754 2818 106 48 will
898 2819 73 47 sie
1010 2831 64 35 zu
1107 2817 114 51 'sich
1255 2818 230 55 bringen.

237 2984 115 52 Und
400 2985 229 55 sogleich
673 2989 101 55 gab
827 2987 128 48 Elfin
1005 2988 95 48 den
1150 2987 254 59 Fischzug
1452 2991 195 48 seinem

140 3070 205 58 [Weibe,
381 3073 102 48 und
519 3072 74 49 sie
629 3072 182 50 nährte
842 3072 84 48 ihn
961 3073 213 49 zärtlich
1210 3072 103 49 und
1348 3076 91 48 mit
1474 3074 172 50 Liebe.

138 3155 117 51 Von
285 3170 104 35 nun
418 3171 66 34 an
513 3155 154 51 nahm
696 3157 127 49 Elfin
851 3158 147 50 mehr
1027 3161 102 48 und
1155 3158 148 50 mehr
1338 3173 63 35 zu
1427 3160 113 56 Tag
1568 3160 78 50 für

140 3240 117 58 Tag
293 3255 65 32 an
394 3241 282 56 Reichtum,
712 3243 155 50 Liebe
903 3247 100 46 und
1041 3244 165 49 Gunst
1276 3260 121 33 vom
1436 3246 210 56 Könige.

202 3310 5 11 :

134 3323 232 50 Taliesin
407 3327 211 48 wohnte
657 3328 79 47 bei
775 3327 103 48 ihm
918 3331 76 46 bis
1038 3342 53 34 er
1132 3329 239 49 dreizehn
1410 3330 122 49 Jahr
1578 3331 68 47 alt

142 3422 131 36 war.
335 3409 209 49 Damals
607 3413 120 57 ging
786 3412 129 48 Elfin
978 3416 86 47 auf
1126 3416 111 48 eine
1283 3414 363 51 Weihnachts-

137 3494 290 55 Einladung
482 3512 118 33 zum
658 3497 167 49 Onkel
882 3498 244 54 Maelgun
1187 3498 342 61 Guyddned,,
1557 3501 88 46 der

135 3580 273 49 bisweilen
446 3580 251 51 während
750 3583 89 47 der
878 3582 412 49 Weihnachtzeit
1344 3586 47 46 in
1452 3585 193 48 seinem

138 3663 191 51 Schloß
356 3666 284 58 Dyganwy
669 3668 203 50 offenen
900 3668 104 50 Hof
1032 3668 187 50 abhielt
1245 3668 80 50 für
1357 3669 92 49 das
1481 3683 164 43 ganze

143 3749 218 56 Gefolge
407 3752 169 49 seiner
619 3751 199 51 Herren
878 3754 179 49 beider
1105 3754 187 60 Grade,
1353 3754 292 54 geistlicher

139 3840 107 49 und
276 3837 299 56 weltlicher,
607 3842 135 46 samt
778 3841 138 48 einer
950 3838 195 55 großen
1187 3839 459 58 dichtgedrängten

138 3921 167 49 Schar
334 3914 166 63 ißitter
533 3928 100 47 und
666 3924 262 56 Knappen.
974 3923 163 52 Unter
1168 3925 152 49 ihnen
1349 3925 158 50 erhob
1535 3924 110 51 sLh

137 4005 272 59 Gespräch
445 4012 101 47 und
583 4010 310 57 Redestreit,
933 4011 108 49 also
1074 4013 184 49 wurde
1295 4010 348 58 gesprochen:

177 4132 9 9 .
237 4092 155 55 „Gibt
437 4108 54 35 es
539 4097 47 46 in
639 4096 90 49 der
777 4110 200 41 ganzen
1021 4095 140 50 Welt
1209 4095 133 49 noch
1389 4098 147 48 einen
1585 4110 58 35 so

138 4182 198 55 großen
380 4182 163 57 König
583 4184 100 47 wie
729 4182 243 56 Maelgun
1018 4182 125 49 oder
1187 4182 299 59 Jemanden,
1527 4182 119 49 dem

143 4279 125 35 vom
324 4266 220 55 Himmel
601 4269 163 48 soviel
821 4268 264 57 geistliche
1142 4269 184 49 Gaben
1382 4268 260 49 verliehen

143 4352 216 49 wurden
396 4353 101 47 wie
531 4352 139 49 ihm?
728 4354 103 49 Vor
867 4353 188 50 Allem:
1098 4354 217 59 Gestalt,
1349 4353 296 58 Schönheit,

144 4433 202 59 Demut,
407 4436 203 58 Stärke,
671 4438 154 52 außer
887 4440 131 48 allen
1078 4440 407 49 Seelenkräften.
1559 4439 86 49 Sie

140 4524 185 53 sagten
366 4523 148 57 auch,
578 4524 94 47 daß
721 4525 87 49 der
851 4524 221 50 Himmel
1132 4524 100 51 ihm
1296 4527 90 48 mit
1449 4526 196 48 diesem

141 4606 163 50 Allem
333 4622 296 38 zusammen
665 4612 111 49 eine
812 4611 145 49 Gabe
994 4612 231 56 gegeben
1255 4612 156 59 hätte,
1445 4610 200 50 welche

138 4690 98 50 alle
271 4695 221 50 anderen
530 4695 276 54 überragte
843 4695 101 48 und
982 4697 139 47 diese
1158 4711 135 34 war:
1347 4695 294 57 Schönheit,

140 4777 247 57 Anstand,
455 4779 203 58 Anmut,
726 4779 253 50 Weisheit
1048 4783 100 46 und
1215 4778 431 52 Bescheidenheit

142 4864 169 50 seiner
359 4863 232 59 Königin,
645 4864 157 51 deren
851 4866 282 56 Tugenden
1184 4866 282 57 diejenigen
1522 4868 123 48 aller

143 4947 150 49 edlen
327 4949 203 50 Frauen
563 4952 105 47 und
704 4951 317 55 Jungfrauen
1063 4950 243 50 durchhin
1349 4953 91 48 das
1480 4966 165 41 ganze

141 5026 306 65 Königreich
477 5037 312 49 übertrafen.
819 5036 257 49 Hiernach
1103 5036 170 57 legten
1302 5038 73 48 sie
1402 5037 243 50 einander

141 5115 201 59 Fragen
396 5135 122 35 vor:
570 5136 114 36 wer
740 5120 90 50 hat
878 5121 231 57 tapfrere
1160 5121 177 56 Leute,
1392 5137 112 34 wer
1557 5122 89 49 hat

141 5203 254 50 schönere
434 5210 104 47 und
580 5206 285 51 schnellere
907 5204 188 50 Pferde
1135 5206 125 51 oder
1303 5206 341 58 Windhunde,

143 5301 111 35 wer
293 5291 88 48 hat
418 5291 354 56 geschicktere
814 5295 102 46 und
955 5292 222 51 weisere
1220 5291 208 49 Barden
1468 5324 62 5 —
1567 5295 77 49 afe

143 5368 279 62 Maelgun?

239 5457 72 47 Zu
337 5462 138 50 jener
502 5462 111 49 Zeit
640 5463 219 47 standen
883 5476 100 36 nun
1015 5463 78 49 die
1122 5460 206 52 Barden
1357 5463 67 48 im
1452 5463 193 57 großen

143 5541 240 52 Ansehen
419 5548 79 49 bei
537 5549 97 47 den
669 5547 241 49 Höheren
947 5551 68 44 im
1048 5547 174 58 Reich,
1259 5548 100 50 und
1402 5550 90 45 das
1527 5549 118 46 Amt

144 5626 173 61 Jener,
353 5631 75 48 die
459 5635 121 50 jetzt
610 5633 226 51 Herolde
869 5632 196 57 heißen,
1100 5633 349 50 verrichteten
1482 5634 163 55 keine,

142 5711 85 50 die
260 5714 141 51 nicht
419 5718 243 55 .gebildet
699 5733 197 43 waren,
941 5717 136 49 nicht
1131 5733 92 35 nur
1286 5718 235 49 erfahren
1578 5721 67 45 im

141 5795 185 54 Dienst
370 5799 88 51 der
495 5800 192 59 Könige
727 5805 102 49 und
867 5805 232 56 Fürsten,
1137 5805 224 48 sondern
1400 5803 244 50 beflissen

143 5887 105 46 lind
293 5884 138 51 wohl
477 5887 303 55 bewandert
826 5893 50 46 in
922 5890 375 59 Stammbaum,
1346 5891 299 55 Rüstungen

142 5972 106 48 und
282 5971 167 48 Taten
485 5971 94 49 der
612 5973 214 54 Fürsten
865 5978 101 48 und
1004 5976 193 56 Könige
1237 5975 100 50 und
1370 5978 69 46 im
1477 5976 135 55 Rede-

143 6056 150 50 fctreit
324 6055 124 54 über
482 6058 353 54 ausländische
867 6062 191 57 Reiche
1091 6061 103 49 und
1224 6061 77 48 die
1334 6059 311 50 Altertümer

143 6139 172 52 dieser
354 6142 204 59 Reiche,
598 6144 100 50 und
738 6161 95 34 vor
877 6149 148 49 allem
1065 6151 49 46 in
1154 6151 95 46 den
1292 6146 353 50 Jahrbüchern

143 6220 160 55 hoher
336 6227 276 52 Edelleute.
662 6230 86 50 Sie
778 6247 178 37 waren
996 6236 130 49 auch
1162 6238 129 46 stets
1326 6233 319 48 vorbereitet

143 6310 93 51 mit
282 6314 95 46 den
422 6315 304 52 Antworten
790 6319 47 48 in
885 6320 415 49 verschiedenen
1363 6316 281 58 Sprachen,

143 6392 195 61 Latein,
373 6399 355 58 Französisch,
759 6402 274 51 Walisisch
1070 6407 99 49 und
1206 6402 257 57 Englisch.
1498 6403 147 48 Samt

139 6479 71 49 all
241 6483 191 49 diesem
450 6499 179 35 waren
663 6490 73 47 sie
770 6489 158 58 große
948 6490 575 52 Geschichtsschreiber
1543 6488 102 51 und

1777 167 663 58 Urkunden-Aufzeichner,
2473 168 266 58 geschickt
2772 170 47 48 in
2849 167 276 50 bildenden
3154 167 97 50 Ver-

1777 266 91 35 sen
1893 256 105 47 und
2028 256 48 45 in
2107 255 141 52 jeder
2278 254 174 50 diesen
2488 254 265 57 Sprachen
2782 256 182 55 bereit,
2996 246 287 65 Englynieri

1778 352 62 35 zu
1885 339 230 49 machen.
2170 339 467 60 Vierundzwanzig
2686 341 169 49 dieser
2896 342 161 51 Leute

1778 424 135 49 beim
1955 416 124 61 Fefet
2120 427 47 47 in
2210 424 274 54 Maelguns
2528 427 192 55 Palast,
2764 427 135 50 ihrer
2943 426 126 50 aller
3110 427 172 55 Haupt

1778 508 114 49 hieß
1932 509 182 50 Heinin
2157 510 190 52 Vardd.

1872 595 264 50 Nachdem
2173 599 74 48 sie
2286 595 94 49 alle
2423 598 253 55 endigten,
2713 600 95 51 alle
2849 600 96 48 den
2978 596 161 60 König
3180 597 102 52 und

1779 683 140 47 seine
1948 682 183 49 Gaben
2159 682 203 58 lobend,
2392 681 226 55 geschah
2650 697 70 44 es,
2751 684 94 48 daß
2874 681 128 50 Elfin
3031 686 84 47 auf
3136 682 145 51 diese

1778 765 179 50 Weise
1992 769 211 55 sprach:
2259 767 193 56 „Wahr
2488 769 63 49 ist
2584 782 70 42 es,
2685 770 175 49 keiner
2897 769 73 48 als
3006 771 78 47 ein
3119 769 162 55 König

1779 852 135 50 kann
1953 855 89 47 mit
2083 855 164 48 einem
2284 853 163 55 König
2485 855 307 48 wetteifern.
2849 855 158 51 Wäre
3052 869 52 34 er
3147 855 135 48 nicht

1778 935 178 60 König,
1997 939 180 49 würde
2219 939 78 47 ich
2338 952 174 44 sagen,
2559 941 94 47 daß
2691 942 165 48 meine
2893 941 155 49 Weib
3087 944 195 46 ebenso

1779 1024 301 56 tugendhaft
2124 1026 73 47 sei
2239 1026 100 47 wie
2384 1026 178 54 irgend
2623 1028 110 48 eine
2789 1027 133 48 Frau
2983 1028 66 47 im
3108 1025 174 56 Reich.

1778 1111 138 46 Aber
1951 1112 127 48 auch
2116 1112 144 48 einen
2295 1108 207 49 Barden
2539 1109 131 49 habe
2705 1110 94 58 ich,
2838 1115 87 46 der
2956 1112 324 54 geschickter

1781 1195 74 50 als
1892 1195 94 50 alle
2606 1194 195 50 Binnen
2834 1197 212 49 kurzem
3081 1198 199 56 zeigten

1778 1280 193 48 Etliche
2004 1295 92 37 aus
2131 1284 113 46 dem
2276 1282 215 55 Gefolge
2524 1281 116 49 dem
2669 1283 195 55 Könige
2897 1282 93 48 alle
3018 1282 264 50 Prahlerei

1781 1381 104 35 von
1927 1366 127 49 Elfin
2102 1383 78 34 an.
2242 1367 116 49 Und
2404 1366 90 49 der
2540 1368 163 56 König
2750 1367 184 57 befahl,
2986 1368 93 49 daß
3132 1383 53 35 er
3231 1371 50 45 in

1781 1455 236 51 strenges
2048 1453 277 56 Gefängnis
2358 1455 201 54 gesetzt
2587 1454 194 54 werde,
2804 1455 79 48 bis
2909 1468 57 33 er
2998 1454 77 47 die
3095 1454 150 48 Wahr-

1780 1536 103 50 heit
1915 1538 174 54 wistee,
2125 1539 200 48 sowohl
2358 1537 126 48 über
2521 1537 79 49 die
2634 1537 282 56 Tugenden
2949 1539 168 49 seiner
3148 1538 132 48 Frau

1781 1623 73 48 als
1881 1625 131 48 auch
2043 1625 125 47 über
2203 1621 79 50 die
2312 1621 255 49 Weisheit
2590 1623 168 47 seines
2788 1620 221 52 Barden.

1875 1709 87 48 Als
2010 1706 126 51 Elfin
2186 1710 45 47 in
2280 1710 146 46 einen
2473 1707 325 51 Schloßturm
2846 1708 170 57 gelegt
3065 1708 218 50 worden

1778 1807 112 34 war
1917 1796 89 47 mit
2037 1796 136 47 einer
2203 1796 181 47 dicken
2412 1791 150 54 Kette
2590 1807 85 35 um
2705 1796 78 48 die
2809 1794 161 48 Füsse
2991 1825 64 5 —
3082 1808 54 34 es
3167 1807 114 36 war

1783 1880 110 49 eine
1938 1880 149 54 Kette
2133 1893 103 36 von
2286 1879 181 56 Silber,
2519 1883 61 46 da
2630 1895 53 34 er
2733 1879 321 57 königlichen
3103 1879 178 52 Blutes

1780 1979 111 36 war
1926 1995 64 5 —-
2026 1964 181 49 sandte
2248 1967 88 45 der
2372 1963 179 61 König,
2588 1967 103 47 wie
2735 1967 78 47 die
2855 1965 308 49 Geschichte
3206 1979 50 35 er-

1781 2050 148 56 zählt,
1964 2053 173 47 seinen
2170 2051 139 49 Sohn
2344 2050 146 54 Rhun
2523 2050 97 61 hin,
2657 2067 84 33 um
2774 2052 92 50 das
2898 2052 259 54 Betragen
3188 2051 92 51 des

1780 2135 212 48 Weibes
2036 2150 105 34 von
2182 2134 131 49 Elfin
2359 2151 64 33 zu
2468 2136 279 50 erkunden.
2810 2136 145 55 Rhun
3001 2151 113 35 war
3158 2136 124 49 aber

1781 2222 90 47 der
1914 2221 380 50 verworfenste
2338 2221 174 60 Mann,
2553 2221 101 50 und
2700 2239 55 34 es
2800 2223 99 54 gab
2944 2225 178 47 weder
3170 2223 111 48 eine

1778 2306 136 48 Frau
1963 2309 130 49 noch
2143 2309 78 47 ein
2269 2307 271 57 Mädchen,
2589 2311 90 46 mit
2720 2310 168 48 denen
2941 2324 52 34 er
3043 2309 238 55 Umgang

1778 2392 226 57 gepflegt
2032 2392 156 56 hatte,
2224 2394 77 49 die
2328 2395 135 49 nicht
2492 2393 165 50 Böses
2693 2396 124 48 über
2847 2394 83 47 ihn
2960 2393 322 57 gesprochen

1778 2476 192 51 hätten.
2026 2479 174 50 Indem
2233 2478 147 55 Ruhn
2418 2481 47 46 in
2503 2479 104 49 Eile
2644 2478 130 49 nach
2810 2478 156 49 Elfins
3006 2479 275 56 Wohnung

1778 2564 134 55 ging,
1951 2564 158 58 völlig
2144 2578 279 46 gesonnen,
2463 2566 125 49 über
2629 2568 185 47 dessen
2853 2564 150 50 Weib
3042 2564 238 49 Schande

1780 2665 58 33 zr
1879 2651 229 59 bringen,
2150 2653 149 53 sagte
2335 2651 227 48 Taliesin
2599 2652 167 48 seiner
2807 2652 198 54 Herrin,
3048 2651 102 48 wie
3191 2650 91 48 der

1779 2735 165 57 König
1985 2736 174 48 seinen
2198 2735 168 50 Herrn
2407 2738 77 46 ins
2523 2736 280 54 Gefängnis
2844 2738 151 56 legte,
3037 2736 100 49 und
3179 2735 101 50 wie

1778 2819 146 55 Rhun
1998 2820 193 49 eilends
2265 2821 294 57 daherkam,
2628 2824 89 48 mit
2791 2820 116 49 dem
2978 2822 302 56 Bestreben,

1780 2904 239 50 Schande
2065 2907 124 49 über
2237 2907 75 49 sie
2353 2921 64 33 zu
2461 2907 229 54 bringen.
2755 2907 105 51 Aus
2905 2907 120 48 dem
3071 2907 210 49 Grunde

1778 2991 301 50 veranlaßte
2135 3006 54 34 er
2248 2994 139 49 seine
2443 2991 200 60 Herrin,
2700 2994 112 47 eine
2812 2996 8 25 f
2821 3010 20 34 s
2901 2993 88 48 der
3046 2990 201 54 Küchen-

1778 3078 254 49 mädchen
2060 3079 48 48 in
2135 3076 133 50 ihrer
2293 3077 194 52 Tracht
2519 3077 327 60 anzuziehen,
2876 3090 113 35 was
3024 3078 78 49 die
3131 3076 120 50 Edel-

1778 3162 112 48 frau
1927 3178 126 42 gern
2086 3166 88 45 tat.
2226 3162 85 48 Sie
2341 3163 155 49 belud
2533 3161 80 49 die
2650 3164 183 49 Hände
2871 3163 88 48 der
2994 3162 160 55 Magd
3190 3164 91 46 mit

1777 3249 100 48 den
1921 3250 181 48 besten
2148 3248 211 56 Ringen,
2408 3250 77 47 die
2533 3249 72 47 sie
2653 3251 98 47 und
2801 3248 89 49 der
2934 3248 215 49 Gemahl
3192 3250 60 48 be-

1775 3347 201 36 lassen.

1872 3420 221 48 Taliesin
2129 3419 300 50 veranlaßte
2462 3422 140 45 seine
2637 3421 200 54 Herrin,
2873 3420 117 48 dem
3024 3420 258 49 Mädchen

1780 3503 140 47 diese
1969 3502 200 49 Gestalt
2214 3517 62 35 zu
2327 3504 166 54 geben
2543 3508 101 44 und
2696 3520 54 35 es
2799 3504 83 48 bei
2928 3503 186 49 Tische
3165 3519 117 34 zum

1778 3585 337 53 Abendessen
2157 3590 161 47 sitzen
2362 3605 61 33 zu
2463 3591 186 57 lassen,
2690 3593 100 46 und
2831 3606 53 33 er
2926 3589 146 49 schuf
3113 3603 52 35 es
3207 3603 73 41 so,

1780 3673 95 47 daß
1913 3672 91 48 das
2038 3673 393 48 Mädchen-wie
2471 3675 77 48 die
2579 3674 183 49 Herrin
2795 3674 233 49 erschien
3060 3678 104 46 und
3200 3674 80 48 die

1777 3757 186 50 Herrin
2007 3759 163 56 gleich
2215 3760 113 46 dem
2371 3758 273 50 Mädchen.
2700 3760 88 48 Als
2834 3762 74 46 sie
2953 3776 88 32 zur
3085 3759 168 49 schick-

1779 3844 162 48 lichen
1986 3844 109 50 Zeit
2137 3846 49 45 in
2231 3846 86 46 der
2363 3846 367 54 angegebenen
2774 3845 177 48 Weise
2990 3847 113 48 'sich
3144 3847 136 48 beim

1777 3927 300 50 Abendbrot
2148 3930 381 55 niedergesetzt
2598 3929 155 58 hatte,
2824 3929 238 58 gelangte
3133 3929 148 55 Rhun

1778 4013 237 57 plötzlich
2068 4028 63 35 zu
2161 4014 155 48 Elfins
2346 4014 275 58 Wohnung
2650 4013 101 51 und
2780 4015 180 49 wurde
2990 4029 125 42 gern
3142 4029 104 42 emp-

1778 4099 202 55 fangen,
2022 4102 130 47 denn
2196 4099 93 54 alle
2330 4100 190 50 Diener
2557 4101 230 48 kannten
2827 4099 80 49 ihn
2953 4114 182 44 genau.
3194 4100 86 49 Sie

1778 4183 248 50 brachten
2071 4185 81 49 ihn
2196 4185 191 48 eilends
2434 4200 116 34 zum
2588 4186 221 48 Zimmer
2857 4188 88 48 der
2987 4186 200 55 Herrin,
3231 4187 50 45 in

1778 4269 158 50 deren
1968 4267 352 57 Erscheinung
2360 4272 89 47 das
2482 4270 259 50 Mädchen
2775 4270 108 48 sich
2917 4284 124 35 vom
3076 4271 170 49 Abend-

1780 4364 150 42 essen
1960 4356 158 50 erhob
2146 4359 98 47 und
2275 4356 81 47 ihn
2385 4370 127 44 gern
2536 4357 486 50 bewillkommnete.
3068 4358 213 48 Danach

1779 4444 165 46 setzte
1974 4443 74 48 sie
2078 4442 106 48 sich
2211 4443 77 48 ein
2321 4443 214 48 zweites
2564 4441 107 48 Mal
2701 4442 198 49 wieder
2930 4458 118 33 zum
3075 4441 173 50 Abend-

1781 4539 151 35 essen
1962 4527 81 49 hin
2076 4527 99 47 und
2211 4529 89 47 mit
2330 4527 75 49 ihr
2438 4526 163 55 Rhun.
2643 4524 227 50 Alsdann
2901 4530 202 53 begann
3135 4527 147 55 Rhun

1779 4613 90 46 mit
1907 4615 114 47 dem
2059 4611 259 49 Mädchen
2358 4628 61 34 zu
2460 4612 264 56 scherzen,
2767 4614 79 48 die
2886 4612 97 50 still
3020 4613 98 47 das
3155 4611 96 50 Aus-

1779 4695 158 48 sehen
1969 4699 87 46 der
2087 4696 182 48 Herrin
2299 4695 285 50 bewahrte.
2627 4696 249 49 Wirklich
2903 4698 135 52 zeigt
3071 4700 78 47 die
3180 4699 69 48 Ge-

1778 4780 243 57 schichte,
2043 4782 96 48 daß
2183 4784 90 47 das
2293 4781 257 50 Mädchen
2596 4784 173 47 derart
2787 4783 278 47 berauscht
3083 4781 197 57 wurde,

1780 4866 97 49 daß
1920 4868 73 47 sie
2032 4866 281 51 einschlief.
2368 4866 91 50 Ein
2497 4867 209 56 Pulver,
2744 4868 229 50 welches
3015 4866 147 56 Rhun
3203 4867 78 49 ihr

1778 4955 50 46 in
1866 4954 102 49 den
2012 4952 174 49 Trank
2229 4955 154 55 getan
2424 4952 161 60 'hatte,
2631 4952 206 51 machte
2895 4954 77 49 *sie
3037 4966 57 35 so
3157 4954 123 47 derb

1779 5036 244 58 schlafen,
2054 5038 96 48 daß
2186 5039 74 49 sie
2292 5051 55 35 es
2370 5040 218 46 nimmer
2617 5038 171 57 fühlte,
2816 5037 77 50 als
2926 5052 53 34 er
3011 5051 107 35 von
3145 5038 135 48 ihrer

1778 5122 149 51 Hand
1968 5124 99 47 den
2094 5122 203 51 kleinen
2336 5123 186 55 Finger
2562 5122 271 57 abschnitt,
2873 5137 61 34 an
2975 5126 115 47 dem
3125 5123 156 49 Elfins

1778 5207 287 60 Siegelring
2096 5223 129 41 war,
2260 5207 99 49 den
2390 5223 58 35 er
2484 5209 126 48 kurz
2645 5208 190 50 vorher
2869 5209 194 49 seinem
3096 5209 185 49 Weibe

1779 5307 118 35 zum
1940 5293 285 49 Andenken
2272 5294 218 57 gesandt
2531 5294 159 48 hatte.
2749 5294 146 55 Rhun
2937 5294 182 50 kehrte
3164 5308 118 36 zum

1778 5380 165 56 König
1976 5380 193 48 zurück
2203 5381 91 49 mit
2327 5379 186 55 Finger
2545 5382 100 47 und
2681 5380 132 56 Ring
2847 5379 74 52 aKs
2951 5380 210 49 Beweis
3194 5394 88 34 um

1780 5479 63 35 zu
1886 5465 194 58 zeigen,
2126 5464 95 50 daß
2264 5480 55 36 er
2361 5465 83 49 ihn
2486 5479 106 35 von
2632 5464 138 51 ihrer
2810 5465 153 48 Hand
3008 5466 273 57 abschnitt,

1779 5550 130 50 ohne
1960 5552 73 48 sie
2085 5564 90 34 aus
2225 5554 115 47 dem
2385 5551 174 48 Schlaf
2606 5550 133 49 ihrer
2788 5550 384 57 Unmässigkeit
3218 5566 62 34 zu

1778 5634 234 50 wecken.

1874 5720 106 48 Der
2015 5718 164 59 König
2216 5721 164 48 freute
2420 5720 108 48 sich
2563 5719 232 50 höchlich
2838 5722 123 49 über
3004 5723 77 48 die
3116 5721 134 49 Nach-

1780 5805 129 51 richt
1956 5808 102 47 und
2104 5807 180 48 sandte
2329 5808 129 47 nach
2508 5808 95 47 den
2652 5806 180 56 Räten,
2886 5808 162 48 denen
3098 5822 53 33 er
3202 5805 81 50 die

1779 5905 164 43 ganze
1977 5890 309 52 Geschichte
2319 5904 122 36 vom
2477 5889 195 58 Beginn
2699 5907 64 34 an
2799 5891 242 50 erzählte.
3090 5892 65 48 Er
3186 5892 96 50 ließ

1778 5976 129 49 Elfin
1957 5992 92 34 aus
2102 5976 117 50 dem
2268 5976 281 57 Gefängnis
2598 5976 216 57 bringen
2864 5977 101 48 und
3015 5976 266 52 schmähte

1780 6062 81 49 ihn
1900 6076 185 43 wegen
2126 6062 168 49 seiner
2327 6061 280 49 Prahlerei.
2663 6061 299 51 Solcherart
3003 6062 186 55 sprach
3229 6077 54 35 er

1778 6161 65 34 zu
1890 6147 153 50 Elfin:
2109 6147 120 56 „Dir
2275 6148 74 46 sei
2396 6147 139 49 kund
2584 6149 211 52 jenseits
2849 6147 128 50 allen
3026 6148 256 58 Zweifels,

1782 6231 96 49 daß
1916 6250 24 34 e
1940 6236 7 33 ,
1947 6251 23 34 s
2005 6247 95 34 nur
2131 6230 213 50 Torheit
2381 6233 79 56 ist,
2498 6232 97 50 den
2625 6232 284 54 Tugenden
2946 6235 168 47 seiner
3147 6234 136 49 Frau

1780 6331 63 35 zu
1866 6319 221 53 glauben
2112 6319 183 49 weiter
2324 6317 72 48 als
2426 6332 55 35 er
2504 6319 77 48 sie
2607 6317 161 50 sehen
2793 6320 152 48 kann.
2982 6319 116 49 Und
3125 6319 158 51 damit

1783 6404 61 48 du
1914 6402 291 52 versichert
2274 6405 124 49 seist
2471 6404 87 47 der
2625 6403 412 53 Verdorbenheit
3103 6407 180 49 deines

1779 6487 229 58 Weibes,
2041 6488 139 51 siehe
2212 6489 108 49 hier
2348 6488 144 51 ihren
2522 6490 186 54 Finger
2735 6491 90 48 mit
2859 6490 200 49 deinem
3089 6490 167 56 Siegel-

3417 179 111 57 ring
3617 176 196 57 darauf,
3909 177 90 47 der
4091 190 105 36 von
4279 177 136 50 ihrer
4513 175 154 50 Hand
4757 173 162 51 letzte

3414 262 165 52 Nacht
3673 261 396 57 abgeschnitten
4166 262 197 56 wurde,
4463 261 73 50 als
4632 262 76 49 sie
4812 259 106 51 de»

3417 348 175 50 Schlaf
3687 349 95 48 des
3884 347 268 55 Rausches
4583 346 107 52 Ihm
4797 348 90 47 ant-

3414 438 223 45 wortete
3738 433 155 50 Elfin:
4002 430 318 59 „Mächtiger
4426 432 178 56 König,
4711 429 207 53 meine*

3416 520 130 57 Ring
3576 521 136 46 kann
3746 520 80 48 ich
3857 518 141 51 nicht
4026 516 332 59 verleugnen,
4388 515 134 50 denn
4557 533 54 36 er
4638 518 68 50 ist
4736 515 183 52 Viele*

3414 606 241 48 bekannt.
3702 607 136 46 Aber
3866 605 158 58 heftig
4054 604 257 55 behaupte
4336 602 97 59 ich,
4467 603 94 48 daß
4596 604 86 47 der
4713 604 206 56 Finger,

3412 707 67 35 an
3514 692 114 47 dem
3661 706 53 33 er
3749 706 127 41 war,
3904 692 81 48 nie
4021 692 88 47 der
4140 689 150 49 Hand
4319 689 197 47 meines
4547 687 212 49 Weibes
4792 701 94 36 ver-

3412 777 205 49 bunden
3658 788 128 42 war,
3824 777 129 47 denn
3992 775 147 49 wahr
4175 775 102 48 und
4312 771 184 59 gewiß,
4537 786 53 34 es
4630 773 138 56 giebt
4806 772 114 50 drei

3413 862 323 51 sonderliche
3771 862 179 55 Dinge,
3987 862 77 47 die
4097 874 63 34 zu
4191 858 104 49 ihm
4329 858 243 60 gehören,
4602 859 103 48 und
4738 858 183 49 keines

3412 963 104 36 von
3561 948 177 48 diesen
3786 946 215 58 gehörte
4044 944 179 54 jemals
4273 958 61 36 zu
4380 943 182 54 irgend
4611 944 165 46 einem
4821 943 96 49 der

3412 1037 184 56 Finger
3632 1035 195 48 meines
3861 1031 230 48 Weibes.
4141 1029 106 52 Das
4286 1032 137 46 erste
4455 1041 106 35 von
4596 1030 95 47 den
4726 1027 194 49 Dreien

3414 1125 79 57 ist,
3544 1122 95 49 daß
3687 1119 167 59 gewiß
3900 1118 167 48 dieser
4112 1116 130 55 Ring
4285 1116 80 48 nie
4408 1116 90 48 auf
4541 1113 162 48 ihrem
4748 1112 171 49 Daum

3412 1209 201 48 bleiben
3644 1207 198 54 würde,
3878 1219 86 35 wo
3998 1200 131 52 auch
4163 1202 134 48 mein
4330 1200 152 50 Weib
4515 1200 47 48 in
4600 1199 90 49 der
4726 1211 162 45 gegen-

3412 1295 253 54 wärtigen
3686 1290 197 52 Stunde
3911 1291 110 48 sein
4053 1293 167 52 möge,
4249 1288 64 49 ob
4342 1288 74 46 sie
4445 1286 144 58 sitze,
4617 1283 147 52 stehe
4790 1283 129 51 oder

3412 1377 326 57 niederliege.
3806 1377 268 55 Hingegen
4127 1372 161 51 könnt
4334 1371 79 49 ihr
4468 1371 222 48 deutlich
4743 1367 177 59 sehen,

3413 1465 96 50 daß
3539 1480 55 35 es
3622 1463 236 50 mühsam
3882 1476 128 45 war,
4034 1462 82 47 ihn
4146 1460 126 49 über
4299 1457 92 52 das
4417 1454 503 59 Kleinfingergelenk

3411 1553 94 47 der
3548 1550 151 49 Hand
3746 1564 64 34 zu
3853 1549 194 54 ziehen,
4092 1560 106 35 von
4245 1559 89 35 wo
4374 1544 176 48 dieser
4594 1540 325 60 geschnitten

3411 1637 197 47 wurde.
3668 1634 106 48 Das
3832 1636 186 46 zweite
4077 1631 134 58 Ding
4268 1630 83 60 ist,
4413 1627 98 50 daß
4568 1627 136 48 mein
4763 1624 155 51 Weib

3412 1722 80 47 nie
3532 1724 146 48 einen
3716 1720 243 56 Samstag
3998 1715 403 56 vorübergehen
4437 1714 98 49 ließ
4580 1714 100 50 seit
4715 1712 82 49 ich
4840 1712 84 51 sie

3411 1809 182 54 kenne,
3638 1807 130 49 ohne
3814 1806 95 49 daß
3956 1806 73 48 sie
4072 1803 84 50 die
4200 1801 162 56 Nägel
4403 1815 97 36 vor
4544 1802 122 48 dem
4708 1797 181 50 Zubett-

3412 1893 164 57 gehen
3611 1891 211 55 schälte,
3855 1888 102 50 und
3987 1889 78 51 ihr
4102 1889 160 49 könnt
4292 1885 157 58 völlig
4483 1885 174 60 sehen,
4691 1884 98 49 daß
4821 1881 100 52 der

3411 1978 161 54 Nagel
3614 1979 167 48 dieses
3821 1975 338 57 Kleinfingers
4204 1974 147 49 einen
4394 1972 183 48 Monat
4614 1973 120 53 lang
4776 1967 146 50 nicht

3411 2062 232 58 geschält
3677 2061 219 50 worden
3928 2062 81 47 ist.
4061 2059 107 48 Das
4206 2060 166 48 Dritte
4408 2056 252 49 wahrlich
4697 2056 81 56 ist,
4817 2050 100 51 daß

3414 2150 79 49 die
3521 2149 167 56 Hand,
3719 2147 183 50 woher
3937 2148 167 48 dieser
4133 2145 185 54 Finger
4349 2144 136 55 kam,
4517 2140 263 51 innerhalb
4808 2151 111 37 von

3415 2235 109 48 drei
3561 2234 194 59 Tagen,
3793 2232 99 51 ehe
3930 2232 90 49 der
4058 2231 183 57 Finger
4287 2228 388 58 abgeschnitten
4715 2224 208 58 wurde»

3412 2320 325 56 Roggenteig
3794 2318 242 56 geknetet
4092 2315 107 58 hat,
4255 2315 105 49 und
4421 2311 80 49 ich
4560 2312 139 48 kann
4752 2310 168 50 Eurer

3413 2404 262 57 Gütigkeit
3710 2403 317 58 versichern,
4067 2402 95 49 daß
4198 2401 134 49 mein
4368 2398 151 49 Weib
4558 2398 81 50 nie
4674 2398 210 56 Roggen-

3410 2492 107 53 teig
3551 2491 209 49 knetete
3793 2490 100 49 seit
3925 2488 74 51 sie
4031 2488 135 48 mein
4201 2483 151 51 Weib
4390 2484 284 57 geworden
4704 2483 83 49 ist.

3502 2576 82 50 Da
3625 2574 150 50 ward
3808 2573 94 52 der
3945 2574 165 56 König
4153 2569 246 58 gewaltig
4441 2569 178 56 zornig
4660 2569 86 48 auf
4784 2564 134 52 Elfin

3410 2677 186 42 wegen
3666 2663 173 49 -seines
3912 2657 356 51 beharrlichen
4341 2653 397 51 Widerstandes
4814 2650 107 52 und

3413 2750 194 54 darum,
3641 2747 94 49 daß
3769 2760 54 34 er
3857 2746 80 49 die
3967 2743 133 50 Güte
4130 2744 169 49 seines
4331 2740 213 51 Weibes
4576 2738 225 52 achtete.
4846 2737 72 52 Er

3411 2834 185 57 befahl,
3628 2833 82 49 ihn
3738 2845 118 36 zum
3883 2832 227 48 zweiten
4134 2828 107 51 Mal
4267 2829 78 48 ins
4377 2825 280 57 Gefängnis
4686 2840 63 34 zu
4776 2835 108 38 wer-

3410 2921 101 55 fen,
3544 2921 106 47 und
3685 2931 53 36 er
3774 2916 129 51 solle
3937 2916 188 47 daraus
4161 2912 139 50 nicht
4332 2912 120 50 eher
4484 2910 169 58 gelöst
4681 2908 238 58 werden,

3410 3006 80 50 bis
3538 3019 53 35 er
3638 3006 78 48 die
3761 3001 270 51 Wahrheit
4091 3000 172 51 seiner
4320 2996 270 52 Prahlerei
4646 2995 276 50 bewiesen

3412 3090 156 57 hätte,
3634 3088 204 50 sowohl
3905 3083 325 52 hinsichtlich
4280 3083 90 50 der
4423 3081 258 50 Weisheit
4741 3079 182 52 seines

3411 3173 207 52 Barden
3642 3176 102 48 wie
3772 3171 130 53 auch
3934 3172 91 51 der
4053 3170 282 60 Tugenden
4364 3169 173 50 seines
4564 3166 232 51 Weibes.

4346 3341 151 48 Forts
4505 3331 186 66 etzimg
4729 3335 128 58 folgt

3412 3926 671 125 Spielender
4161 3923 402 98 Knabe

3412 4113 191 57 Sophie
3638 4127 103 36 van
3776 4113 133 49 Leer

3411 4239 137 48 Zehn
3581 4237 277 51 Steinchen

3414 4337 175 49 sieben
3626 4335 207 50 Eicheln

3413 4439 78 45 ein
3528 4436 224 49 braunes
3787 4434 122 49 Tier

3412 4536 90 46 mit
3545 4531 260 51 silbernen
3843 4532 200 49 Füssea

3414 4727 181 54 Runde
3630 4727 271 55 Körnchen

3415 4825 79 50 die
3529 4825 168 58 Berge
4876 4811 15 83 ]
4921 4811 1 83 .

3415 4925 110 45 eine
3562 4923 394 57 Wasserpfütze

3416 5021 91 47 das
3542 5019 147 50 Meer

3416 5118 348 49 Grasbüschel

3414 5219 161 53 grüne
3610 5212 219 53 Wälder

3414 5411 91 49 Ein
3541 5411 154 55 Käfer

3413 5510 90 48 mit
3528 5508 211 57 Flügeln
3761 5510 103 48 wie
3895 5511 91 49 der
4016 5510 221 49 Himmel

3413 5605 103 48 und
3550 5607 128 46 noch
3710 5606 151 48 Einer

3414 5802 218 48 Warum
3661 5802 118 47 darf
3809 5815 121 36 man
3961 5803 154 54 Käfer
4150 5803 136 49 nicht
4322 5818 65 33 an
4424 5808 165 44 einem
4622 5805 171 47 Faden

4619 5899 302 50 aufreihen?

3417 5997 85 48 Sie
3535 5998 219 54 glänzen
3786 6011 59 36 so
3881 5997 160 50 schön
4073 6001 267 47 zwischen
4375 6001 291 53 Kastanien.
