4259 5387
354 4784 92 63 20

435 254 387 62 anerkannt.
915 253 127 62 Für
1111 253 138 61 ihre
1317 253 211 61 Kunst
1599 253 469 60 interessieren

434 365 140 61 sich
640 365 338 71 Forscher,
1048 364 395 61 Missionare
1510 360 128 62 und
1707 360 361 61 Matrosen.

435 476 121 61 Die
611 475 320 62 Forscher
983 474 334 62 schließen
1369 495 131 38 von
1549 470 227 61 diesen
1829 470 200 61 Kunst-

434 587 275 62 werken
748 586 105 60 auf
888 586 104 61 die
1031 580 1038 79 Stammeseigentümlichkeiten,

438 697 106 60 die
575 697 393 60 Missionare
1000 696 107 59 auf
1136 693 104 61 die
1271 692 343 76 Fähigkeit
1646 692 114 60 der
1790 690 279 71 Wilden,

439 807 127 61 den
599 805 467 79 Aberglauben
1099 827 79 38 zu
1204 803 352 70 wechseln,
1591 802 106 60 die
1730 801 344 61 Matrosen

439 917 273 77 bringen
752 917 103 60 die
893 916 452 60 Kuriositäten
1382 912 92 62 als
1514 912 320 62 Souvenir
1869 916 66 56 in
1969 911 102 60 die

439 1027 282 78 geliebte
790 1025 335 70 deutsche,
1190 1023 445 62 französische
1700 1022 158 61 oder
1924 1035 113 64 eng-

439 1138 204 61 lische
682 1138 280 73 Heimat,
1001 1135 201 60 damit
1235 1134 105 61 die
1381 1134 240 60 Bräute
1657 1132 128 61 und
1825 1132 250 61 Mütter

443 1255 205 54 etwas
689 1270 143 38 zum
870 1246 260 63 Lachen
1166 1246 129 60 und
1334 1268 143 37 zum
1516 1245 290 61 Staunen
1842 1242 232 61 haben.

441 1359 120 60 Die
662 1356 636 78 ethnographischen
1393 1355 278 61 Museen
1766 1350 311 65 sammeln

442 1468 341 63 sämtliche
826 1466 469 78 Gegenstände
1338 1464 260 62 zwecks
1638 1461 402 76 Vollständig-

444 1580 157 70 keit,
638 1583 122 57 wie
790 1602 147 37 man
974 1585 168 53 etwa
1175 1575 451 61 Briefmarken
1660 1596 78 37 zu
1768 1570 311 64 sammeln

444 1690 223 77 pflegt,
755 1688 408 76 Neuerdings
1212 1687 216 60 lassen
1477 1685 137 60 sich
1663 1680 413 62 Kunstmaler

445 1815 304 63 anregen,
822 1800 103 60 die
998 1797 334 61 Plastiken
1401 1799 63 55 in
1530 1793 122 61 Oel
1719 1791 320 61 wiederzu-

445 1911 231 78 geben,
732 1907 472 65 insbesondere
1261 1905 277 62 seitdem
1586 1902 141 64 sich
1783 1901 298 76 Gauguin

447 2021 374 79 persönlich
877 2021 166 60 nach
1101 2019 114 63 der
1272 2016 249 63 Südsee
1599 2014 298 77 begeben
1971 2012 109 59 hat

445 2133 130 62 und
622 2137 180 57 seine
848 2130 215 62 Bilder
1105 2130 107 61 auf
1252 2128 127 60 den
1422 2125 429 62 Kunstmarkt
1890 2145 192 38 wenn

450 2243 165 61 auch
656 2242 166 61 nach
866 2240 249 77 dreißig
1157 2238 247 61 Jahren
1450 2250 311 63 anzogen.

446 2353 84 62 Es
587 2358 82 57 ist
730 2353 461 73 ebensowenig
1246 2348 229 69 Kunst,
1532 2343 551 80 Negerplastiken

448 2463 509 69 nachzuahmen,
995 2464 124 58 wie
1162 2456 481 77 Michelangelo
1683 2479 77 37 zu
1802 2452 246 62 verklei-

448 2599 161 36 nern
671 2574 158 60 oder
884 2567 583 80 Sevresporzellan
1528 2590 77 37 zu
1664 2563 418 79 vergrößern.

450 2685 185 61 Ganz
716 2684 217 61 davon
1014 2679 392 79 abgesehen,
1472 2677 122 61 daß
1674 2674 225 62 weder
1981 2673 101 60 die

448 2795 247 63 Werke
770 2818 128 37 von
967 2789 481 77 Michelangelo
1518 2786 169 62 noch
1757 2785 103 60 die
1933 2783 114 61 Por-

451 2906 249 61 zellane
745 2928 129 37 von
919 2903 238 62 Sevres
1203 2908 203 52 etwas
1450 2902 114 57 mit
1604 2896 210 60 Kunst
1858 2917 78 38 zu
1974 2903 113 52 tun

453 3017 233 61 haben,
793 3015 83 61 Es
932 3013 136 61 läßt
1124 3011 137 62 sich
1317 3009 177 61 nicht
1550 3008 162 61 über
1767 3005 130 61 den
1957 3004 86 60 Ge-

454 3126 308 63 schmack
811 3127 294 65 streiten,
1156 3143 193 39 wenn
1395 3142 149 38 man
1593 3117 109 60 ihn
1749 3115 179 61 nicht
1979 3115 110 59 hat

453 3237 130 62 und
641 3236 163 61 auch
865 3235 160 61 über
1085 3233 101 60 die
1248 3231 230 70 Kunst,
1536 3251 194 38 wenn
1789 3249 147 37 man
1995 3227 92 59 sie

453 3349 180 60 nicht
679 3348 224 59 kennt.

455 3459 158 62 Man
649 3456 149 62 muß
837 3479 118 37 nur
996 3463 205 53 etwas
1240 3452 102 60 die
1383 3450 233 76 Augen
1655 3448 242 60 öffnen.
1967 3445 119 60 Die

453 3566 511 79 Ethnographen
1014 3562 397 69 versichern,
1463 3559 124 61 daß
1634 3558 216 60 dieses
1902 3555 141 62 Mäd-

457 3680 166 60 chen
680 3700 113 39 aus
850 3676 230 75 Kongo
1134 3673 169 62 Mais
1361 3669 314 64 sammelt.
1782 3667 107 62 Sie
1946 3689 108 37 ver-

458 3790 276 69 sichern,
779 3787 124 62 daß
944 3792 179 69 jener
1163 3783 396 75 Südseegott
1599 3777 351 78 eigentlich
1991 3781 102 55 ein

458 3899 471 77 aufgehängter
967 3893 361 78 englischer
1361 3892 351 60 Missionar
1748 3893 111 58 sei.
1894 3888 199 60 Diese

456 4009 571 75 Versicherungen
1113 4004 215 61 haben
1414 4000 441 62 künstlerisch
1938 3997 116 61 den-

460 4120 228 63 selben
727 4119 188 61 Wert
953 4115 130 63 und
1124 4112 359 63 denselben
1525 4110 174 70 Sinn,
1738 4113 124 56 wie
1903 4130 193 39 wenn

458 4228 575 64 Kunsthistoriker
1079 4223 398 79 versichern,
1525 4219 125 61 daß
1698 4220 105 60 auf
1850 4219 246 60 diesem

462 4340 143 62 Bild
666 4344 103 57 ein
827 4336 350 64 deutsches
1234 4334 331 62 Mädchen
1625 4330 267 63 Aehren
1948 4330 149 60 liest

461 4451 132 61 und
644 4451 107 61 auf
819 4452 211 73 jenem
1085 4445 182 62 Bilde
1338 4467 150 39 vom
1538 4440 311 63 Künstler
1919 4438 178 62 nicht

2194 247 147 63 Pius
2394 245 115 61 der
2561 244 277 71 Neunte,
2893 243 284 62 sondern
3228 241 435 74 Hieronymus
3714 238 116 61 der

2196 355 730 76 Siebenundsiebzigste
2982 355 282 76 gemeint
3316 356 100 58 ist.
3518 348 183 61 Ganz
3753 370 78 38 zu

2196 467 371 77 schweigen
2611 490 129 39 von
2781 465 128 60 den
2955 462 474 79 europäsichen
3475 458 354 63 Plastiken,

2197 577 156 60 Hier
2403 577 135 78 gibt
2587 601 70 37 es
2707 576 283 70 Kenner,
3041 575 104 60 die
3196 587 190 63 sogar
3432 569 398 77 behaupten,

2197 687 472 62 verschiedene
2740 691 332 57 steinerne
3143 682 346 72 Generale,
3561 679 273 61 Dichter

2201 798 158 62 oder
2446 797 242 62 andere
2772 796 451 61 Kuriositäten
3309 818 128 37 von
3521 789 312 63 einander

2199 907 508 63 unterscheiden
2752 929 78 38 zu
2871 906 282 61 können.

2199 1019 157 60 Man
2406 1016 190 63 sollte
2669 1016 178 61 nicht
2920 1016 287 61 betonen
3279 1013 351 70 brauchen,
3706 1009 127 63 daß

2202 1129 179 63 diese
2422 1127 207 76 Dinge
2670 1126 194 59 keine
2905 1124 522 78 Angelegenheit
3467 1124 115 60 der
3625 1121 210 61 Kunst

2203 1238 159 62 sind.

2202 1349 158 59 Man
2407 1348 175 60 öffne
2632 1346 101 60 die
2781 1345 232 75 Augen
3060 1344 128 59 und
3235 1343 156 61 sehe
3438 1342 135 62 sich
3615 1342 220 61 dieses

2204 1457 329 61 Mädchen
2572 1479 113 38 aus
2723 1455 229 75 Kongo
2995 1477 98 37 an.
3166 1453 104 62 Sie
3311 1453 173 60 kann
3522 1452 164 61 auch
3723 1473 112 39 aus

2206 1567 243 62 Stettin
2524 1569 156 67 sein,
2760 1564 158 62 oder
2990 1563 219 61 wohin
3279 1572 181 52 sonst
3535 1562 125 61 den
3714 1561 82 59 Be-

2206 1677 276 62 schauer
2522 1677 114 60 das
2681 1674 240 61 Gemüt
2965 1673 190 61 zieht.
3232 1672 82 61 Es
3358 1672 274 61 braucht
3675 1669 164 63 auch

2206 1788 154 60 kein
2394 1785 331 61 Mädchen
2764 1808 78 37 zu
2880 1788 157 59 sein.
3113 1784 157 59 Man
3311 1785 81 57 ist
3429 1781 177 61 nicht
3646 1780 194 61 dabei

2208 1912 324 63 gewesen,
2568 1895 130 61 und
2735 1894 161 61 Holz
2930 1894 206 61 bleibt
3173 1892 179 61 Holz.
3417 1892 140 61 Aus
3593 1890 248 61 diesem

2210 2008 205 62 Stück
2449 2006 160 61 Holz
2642 2010 81 56 ist
2759 2005 156 61 aber
2952 2008 100 56 ein
3084 2002 401 62 Kunstwerk
3516 2001 324 76 gefertigt.

2207 2119 158 60 Man
2403 2117 148 61 muß
2593 2115 202 62 schon
2836 2130 221 62 sagen:
3103 2114 322 76 gefertigt.
3501 2111 189 59 Denn
3729 2112 114 58 mit

2210 2228 115 60 der
2378 2227 190 63 Seele
2626 2226 134 60 läßt
2818 2225 136 61 sich
3012 2223 162 63 Holz
3230 2222 179 62 nicht
3465 2220 377 76 schneiden,

2208 2339 129 60 und
2405 2342 113 56 mit
2588 2336 189 61 Geist
2846 2335 294 62 schaffen
3208 2356 118 36 nur
3396 2332 445 59 Professoren,

2216 2449 445 77 (Anmerkung
2715 2447 99 60 für
2869 2445 102 61 die
3029 2443 282 62 Wilden:
3369 2442 340 60 Professor
3762 2443 82 58 ist

2212 2562 63 57 in
2314 2558 262 76 Europa
2616 2557 128 61 und
2787 2559 64 56 in
2890 2554 171 63 USA
3102 2553 102 61 die
3248 2551 456 78 Bezeichnung
3746 2551 99 59 für

2210 2669 254 60 Herren
2549 2667 127 61 und
2737 2667 270 68 Damen,
3088 2663 105 61 die
3250 2661 399 62 Ebenbilder
3733 2682 112 38 aus

2212 2779 184 62 Stein
2465 2778 157 61 oder
2687 2775 165 61 Holz
2919 2778 114 58 mit
3101 2777 293 56 innerem
3459 2769 387 78 Empfinden

2210 2889 205 61 durch
2449 2888 106 61 die
2597 2886 228 63 Hände
2863 2886 250 60 Dritter
3154 2883 274 77 anlegen
3465 2881 218 62 lassen
3719 2877 128 63 und

2214 3023 144 38 zum
2402 2998 240 63 Schluß
2687 2996 205 63 selbst
2939 2994 186 62 Hand
3173 2993 292 76 anlegen.
3555 2988 294 63 Nämlich

2215 3110 103 61 die
2365 3106 498 77 Meisterhand.)

2215 3225 137 62 Aus
2430 3224 162 61 Holz
2670 3223 324 77 gefertigt.
3100 3218 369 62 Zweifellos
3547 3217 111 60 hat
3736 3215 112 60 der

2214 3336 435 76 Kongoneger
2694 3334 102 60 die
2841 3332 354 76 Anregung
3239 3352 110 38 zur
3394 3328 456 74 Verfertigung

2216 3451 213 56 seines
2478 3442 476 64 Kunstwerkes
3006 3464 128 37 von
3184 3443 211 57 einem
3443 3437 244 61 Wesen
3736 3435 75 60 be-

2217 3557 323 68 kommen,
2590 3555 114 61 das
2757 3578 68 35 er
2878 3551 285 81 gesehen
3213 3550 128 60 hat.
3432 3548 130 59 Der
3609 3546 200 60 Unter-

2214 3666 227 62 schied
2482 3669 83 59 ist
2604 3688 118 37 nur
2762 3663 134 78 der,
2938 3661 124 61 daß
3106 3685 67 37 er
3212 3658 177 63 nicht
3428 3657 104 60 die
3572 3654 280 63 Absicht

2218 3777 203 70 hatte,
2474 3776 137 62 sich
2665 3777 101 57 ein
2818 3773 209 61 Photo
3079 3771 213 60 dieses
3345 3766 363 62 Mädchens
3761 3765 91 62 als

2217 3888 232 60 Ersatz
2490 3886 157 61 oder
2683 3882 466 76 Auffrischung
3187 3881 101 59 für
3327 3877 369 63 schlechtes
3741 3899 75 52 op-

2219 3998 242 61 tisches
2534 3994 403 62 Gedächtnis
3028 4015 77 37 zu
3173 3989 436 63 verschaffen.
3724 3985 130 60 Der

2220 4109 159 60 Reiz
2417 4131 111 38 zur
2569 4105 353 75 Schaffung
2961 4103 256 68 dessen,
3256 4125 135 37 was
3430 4122 147 37 man
3614 4097 200 59 Kunst-

2219 4219 186 61 werk
2470 4223 219 63 nennt,
2763 4219 81 57 ist
2916 4213 104 61 die
3091 4210 391 75 Gestaltung
3551 4207 114 61 der
3735 4205 80 59 Be-

2222 4342 379 65 wegungen,
2641 4329 102 59 die
2781 4351 69 38 er
2886 4329 65 57 in
2987 4324 173 61 ihrer
3197 4320 346 63 absoluten
3579 4316 231 62 Wesen-

2223 4440 136 61 heit
2390 4443 114 58 mit
2538 4437 182 64 Sicht
2754 4436 105 62 auf
2893 4435 105 60 die
3035 4434 368 73 Bewegung
3438 4428 167 62 ohne
3638 4427 176 62 Rück-
