2491 4142
553 498 333 44 INCENDIES
919 495 111 43 DES
1058 493 222 44 SALLES
1313 490 79 43 DE
1427 478 259 54 L'OPÉRA

1911 495 80 42 149

249 646 52 41 de
333 648 176 53 danger.
541 646 138 55 Collé,
692 650 23 38 à
737 647 77 54 qui
835 644 296 43 Castil-Blaze
1152 657 23 26 a
1192 640 229 57 emprunté
1443 648 184 46 presque
1658 640 92 35 mot
1770 644 113 44 pour
1903 631 92 42 mfet

248 720 39 41 le
307 721 105 41 récit
432 720 51 42 de
504 727 65 35 cet
590 720 215 53 incendie,
828 732 111 28 nous
961 717 225 53 renseigne
1206 729 75 26 sur
1307 714 59 41 les
1387 713 148 52 dégâts
1557 706 279 45 occasionnés
1859 718 76 42 par
1956 704 38 40 le

249 793 70 41 feu
343 807 54 28 au
425 793 143 43 Palais
590 792 230 43 lui-même
845 809 8 24 :
880 807 18 21 ce
919 791 61 40 La
1002 789 98 42 salle
1121 788 51 41 de
1192 788 190 54 l'Opéra,
1407 784 133 53 dit-il,
1564 790 61 34 est
1644 780 148 43 brûlée
1813 777 182 56 rezpied

249 880 69 27 rez
340 874 110 34 terre
472 882 7 26 :
504 867 32 39 il
554 867 74 53 n'y
650 880 23 26 a
689 879 73 40 pas
783 862 319 55 d'exagération
1124 864 23 37 à
1166 859 91 40 dire
1274 858 154 55 qu'elle
1445 871 23 26 a
1484 857 65 40 été
1566 854 231 42 consumée
1816 866 53 29 en
1891 851 103 53 cinq

249 948 151 46 quarts
418 939 177 42 d'heure
614 952 58 27 ou
703 950 86 29 une
809 937 132 41 heure
962 943 40 34 et
1023 933 143 41 demie
1186 946 56 27 au
1265 932 111 54 plus,
1396 937 41 35 et
1458 929 88 41 cela
1565 929 108 40 n'est
1694 942 74 41 pas
1785 929 211 39 étonnant

250 1026 58 26 vu
329 1012 60 40 les
412 1011 199 41 matières
633 1009 143 41 sèches
799 1016 40 33 et
858 1006 313 43 combustibles
1190 1003 251 55 auxquelles
1468 1002 38 40 le
1527 1002 69 40 feu
1618 1000 117 41 avait
1753 1003 23 36 à
1798 1013 42 27 se
1862 1012 104 41 pren-

246 1084 88 41 dre.
368 1084 59 41 Ce
448 1084 69 40 feu
540 1082 174 43 terrible
738 1082 164 40 n'avait
928 1080 125 56 point
1069 1080 333 40 heureusement
1426 1074 51 40 de
1499 1072 185 52 solidité,
1704 1070 109 41 mais
1832 1070 37 41 le
1883 1084 111 40 coup

246 1157 117 41 d'oeil
390 1171 53 26 en
474 1157 104 40 était
618 1155 262 54 effrayant...
908 1154 108 40 L'on
1038 1165 53 28 en
1113 1167 22 26 a
1157 1151 63 41 été
1241 1150 144 54 quitte
1419 1160 110 42 pour
1561 1144 210 56 quelques
1806 1143 188 41 combles

246 1230 166 51 brûlés;
436 1230 59 41 les
525 1229 226 55 planchers
783 1229 59 41 du
881 1227 186 55 premier
1093 1227 119 53 étage
1250 1224 123 40 n'ont
1398 1235 75 42 pas
1496 1221 140 40 même
1658 1217 197 51 souffert;
1875 1216 31 41 il
1924 1218 72 51 n'y

248 1303 114 42 avait
383 1304 107 40 dans
507 1317 67 27 ces
600 1303 157 54 parties
799 1302 51 40 de
886 1300 236 41 bâtiments
1159 1298 45 41 ni
1241 1296 217 52 tableaux,
1479 1293 45 41 ni
1549 1292 191 41 meubles
1770 1289 223 56 précieux;

247 1380 101 39 c'est
373 1377 334 41 l'antichambre
727 1375 70 41 des
816 1374 134 40 valets
971 1372 51 40 de
1043 1371 115 55 pied,
1181 1369 220 52 l'escalier,
1427 1380 85 28 une
1535 1365 159 54 galerie
1722 1372 41 33 et
1799 1364 59 40 les
1884 1362 91 54 loge-

247 1458 140 33 ments
409 1463 56 28 au
487 1449 147 41 dessus
654 1449 51 40 de
725 1454 106 35 tout'
847 1447 87 40 cela
958 1446 77 54 qui
1056 1452 75 33 ont
1153 1444 64 40 été
1238 1444 84 40 très
1346 1439 236 42 maltraités
1604 1452 74 42 par
1699 1438 37 40 le
1766 1437 88 41 feu.
1877 1438 117 39 Avec

247 1523 143 41 moins
421 1522 51 41 de
508 1531 99 31 cent
648 1521 120 41 mille
808 1520 139 40 francs
969 1531 57 28 on
1047 1518 88 41 fera
1170 1518 59 39 les
1251 1514 269 55 réparations
1541 1513 51 39 de
1611 1518 98 34 tout
1732 1511 105 40 cela.
1865 1525 16 23 »
1915 1510 80 40 Les

245 1596 224 55 capucins,
493 1596 59 39 les
574 1595 230 40 cordeliers
825 1602 40 32 et
887 1593 58 40 les
968 1590 212 54 récollets,
1204 1601 211 29 accourus
1442 1587 60 40 les
1522 1585 205 56 premiers
1748 1597 74 27 sur
1841 1583 38 40 le
1907 1583 87 40 lieu

246 1671 59 39 du
328 1670 209 51 désastre,
560 1668 120 40 selon
707 1668 39 40 la
778 1666 111 54 règle
922 1665 51 40 de
1006 1678 66 27 ces
1101 1664 144 39 ordres
1267 1661 313 54 monastiques,
1610 1658 299 54 organisèrent
1935 1657 61 39 les

247 1756 169 27 secours
439 1755 101 27 avec
563 1748 154 34 autant
735 1741 50 40 de
804 1739 291 40 dévouement
1122 1749 86 41 que
1238 1734 333 53 d'intelligence.
1611 1732 48 40 Je
1690 1745 52 26 ne
1763 1743 113 28 veux
1903 1729 93 41 rien

247 1816 202 41 insinuer
480 1822 145 34 contre
657 1814 40 40 la
727 1813 208 41 mémoire
966 1811 51 40 de
1046 1823 66 28 ces
1145 1810 209 40 honnêtes
1380 1820 104 41 gens
1503 1821 7 37 ;
1545 1806 108 40 mais
1679 1805 91 40 leur
1790 1802 207 42 conduite

248 1890 175 40 soulève
460 1902 62 27 un
559 1901 68 27 cas
658 1888 52 39 de
750 1886 252 41 conscience
1041 1884 100 40 bien
1178 1883 188 54 piquant
1394 1895 8 27 :
1443 1880 113 40 est-il
1586 1878 259 53 orthodoxe,
1878 1877 120 40 étant

249 1962 145 40 donné
437 1960 184 42 certains
669 1959 166 41 articles
877 1959 49 40 de
976 1956 185 42 conciles
1201 1962 146 34 contre
1380 1954 57 39 les
1475 1952 228 54 spectacles
1735 1956 41 34 et
1813 1950 60 39 les
1911 1948 65 40 his-

1790 2010 11 10 /

248 2037 151 51 trions,
427 2036 52 41 de
502 2034 254 42 contribuer
778 2037 23 36 à
825 2045 155 28 sauver
1002 2045 61 27 un
1086 2036 261 35 monument
1366 2026 243 42 condamné
1644 2038 76 41 par
1742 2023 176 53 l'Eglise
1939 2035 56 27 au

249 2109 70 41 feu
347 2109 153 40 céleste
520 2111 16 37 ?
560 2107 35 41 Il
632 2122 28 42 y
680 2120 24 27 a
745 2105 109 55 sujet
889 2109 23 36 à
943 2111 291 34 controverse.
1260 2100 118 52 Quoi
1401 2099 109 56 qu'il
1533 2112 54 27 en
1609 2097 94 49 soit,
1732 2109 111 42 pour
1876 2094 121 42 avoir

248 2182 149 41 écouté
417 2181 94 41 leur
533 2181 248 41 conscience
802 2186 40 34 et
874 2177 171 42 désobéi
1067 2191 85 27 aux
1178 2174 204 53 conciles,
1405 2173 58 41 les
1486 2171 193 42 récollets
1707 2176 41 34 et
1776 2169 61 41 les
1860 2182 108 41 capu-

250 2256 91 39 cins
369 2254 217 54 perdirent
613 2254 111 39 deux
752 2253 71 40 des
847 2253 127 40 leurs.
1002 2266 21 23 «
1047 2251 72 40 On
1139 2249 64 40 dit
1224 2247 109 54 qu'il
1354 2254 63 33 est
1439 2245 92 55 péri
1563 2244 160 54 quinze
1759 2254 234 42 personnes

249 2329 106 40 dans
376 2336 66 32 cet
464 2326 163 42 affreux
649 2326 184 42 désastre
857 2340 10 35 ;
889 2324 88 40 cela
1000 2324 108 40 n'est
1144 2336 74 41 pas
1237 2321 93 40 vrai
1357 2333 9 29 :
1397 2333 111 28 nous
1529 2331 53 28 en
1604 2329 188 28 sommes
1830 2315 162 56 quittes

252 2415 110 41 pour
386 2414 61 28 un
470 2399 170 42 récollet
662 2407 41 32 et
733 2411 61 28 un
817 2397 201 55 capucin.
1046 2413 16 22 »
1085 2395 243 41 Mémoires
1347 2394 52 40 de
1419 2393 175 40 Favart.

309 2474 58 40 Le
390 2474 249 41 lendemain
666 2472 140 40 même
827 2472 49 39 de
898 2469 247 52 l'incendie,
1176 2468 37 40 le
1249 2474 141 33 comte
1411 2466 49 40 de
1482 2462 402 52 Saint-Florentin,
1907 2461 57 42 mi-

254 2548 133 40 nistre
409 2555 40 33 et
470 2546 224 41 secrétaire
722 2545 161 49 d'Etat,
909 2541 203 43 adressait
1141 2545 23 36 à
1186 2540 133 41 Rebel
1340 2547 42 33 et
1406 2538 256 52 Francœur,
1690 2536 235 40 directeurs
1945 2535 51 40 de

252 2619 264 42 l'Académie
538 2620 50 40 de
613 2618 217 54 musique,
858 2618 72 39 des
950 2616 145 41 ordres
1119 2627 75 41 par
1213 2613 105 41 écrit
1340 2616 26 37 à
1395 2611 139 54 Veffet
1563 2611 224 40 d'assurer
1807 2621 93 28 aux
1920 2620 51 28 su-

239 2693 92 54 jets
347 2695 43 40 la
412 2692 241 42 continuité
673 2691 54 41 de
744 2691 94 41 leur
859 2691 102 50 état,
989 2703 50 26 en
1062 2688 256 55 enjoignant
1342 2688 25 38 à
1383 2686 169 40 chacun
1724 2682 54 41 de
1804 2694 52 28 ne
1868 2681 130 54 point

494 2773 42 33 et
564 2766 54 40 de
647 2778 46 28 se
720 2764 114 41 tenir
866 2762 105 54 prêt
999 2765 26 37 à
1046 2761 245 54 reprendre
1330 2759 110 40 dans
1475 2758 39 40 le
1545 2757 87 40 lieu
1667 2756 76 55 qui
1777 2768 113 29 aura
1927 2755 65 39 été

252 2839 244 42 déterminé
516 2850 51 29 en
593 2837 234 42 attendant
857 2837 44 40 la
922 2834 305 42 construction
1250 2834 129 39 d'une
1397 2830 204 42 nouvelle
1620 2830 128 40 salle.

309 2914 58 40 Le
388 2929 23 39 9
435 2912 120 52 avril,
583 2926 54 27 au
660 2912 103 53 soir,
781 2912 51 39 de
853 2910 153 54 petites
1027 2909 132 40 nuées
1178 2907 133 54 grises
1333 2905 217 42 flottaient
1581 2916 153 28 encore
1766 2902 232 41 au-dessus

251 2987 73 40 des
345 2985 123 41 fonds
498 2985 52 40 de
576 2985 176 54 l'Opéra
776 2999 8 37 ;
807 2983 143 41 c'était
969 2982 39 41 le
1030 2981 69 41 feu
1119 2980 78 55 qui
1230 2978 172 42 rendait
1432 2978 141 42 l'âme.
1613 2975 226 55 Quelques
1879 2975 119 53 jours

252 3063 137 51 après,
419 3058 30 40 il
472 3058 108 41 n'est
613 3057 91 55 déjà
743 3058 99 54 plus
878 3055 204 55 question
1103 3054 51 41 de
1180 3052 183 41 l'ancien
1396 3049 165 42 édifice.
1599 3049 89 41 Son
1721 3049 174 40 oraison
1931 3048 45 40 fu-

254 3132 127 40 nèbre
404 3140 61 32 est
498 3131 100 41 faite
624 3145 9 27 :
672 3147 17 22 «
714 3129 120 42 Vous
868 3142 53 28 ne
943 3142 70 27 me
1036 3126 139 56 parlez
1211 3125 141 55 point,
1376 3137 89 27 mes
1486 3136 146 41 anges,
1663 3122 107 41 écrit
1806 3121 192 43 Voltaire

251 3211 24 35 à
303 3204 271 54 d'Argental,
597 3205 50 39 de
668 3203 229 42 Pincendie
918 3203 51 40 de
988 3201 174 54 l'Opéra
1182 3216 8 24 :
1215 3200 100 39 c'est
1336 3211 87 28 une
1445 3197 153 54 justice
1617 3196 51 41 de
1685 3196 113 41 Dieu
1823 3208 9 28 :
1858 3208 56 28 on
1936 3194 62 40 dit

252 3293 84 41 que
367 3293 47 26 ce
436 3279 210 54 spectacle
680 3278 103 41 était
818 3277 35 40 si
877 3276 198 41 mauvais
1098 3274 108 55 qu'il
1228 3273 136 41 fallait
1399 3273 64 40 tôt
1484 3286 57 26 ou
1572 3270 94 42 tard
1699 3283 84 41 que
1817 3269 40 41 la
1891 3281 80 27 ven-

251 3366 158 41 geance
446 3351 147 41 divine
616 3350 166 42 éclatât
811 3366 16 22 »
852 3350 121 40 Tout
995 3356 63 33 est
1080 3348 100 40 bien
1204 3346 94 54 fini,
1324 3359 71 28 car
1416 3345 114 41 voici
1552 3345 61 40 les
1637 3345 108 39 bons
1780 3349 112 33 mots
1919 3340 77 54 qui

255 3433 195 34 courent-,
479 3439 22 23 «
526 3423 341 54 Mademoiselle,
891 3422 212 41 demande
1125 3434 85 27 une
1232 3420 160 54 grande
1413 3419 125 40 dame
1558 3420 22 38 à
1601 3417 159 53 Sophie
1780 3415 217 52 Arnould,

257 3498 307 41 racontez-moi
583 3512 44 26 ce
644 3497 84 53 qui'
744 3498 96 39 s'est
861 3497 120 53 passé
1002 3499 22 36 à
1046 3502 109 33 cette
1184 3493 175 42 terrible
1383 3492 211 41 incendie.
1623 3492 54 58 »
