2491 4142
538 428 335 44 INCENDIES
907 428 110 42 DES
1047 427 219 43 SALLES
1301 428 78 41 DE
1414 413 260 55 L'OPÉRA

1896 427 79 52 157

235 578 172 41 avaient
423 578 65 41 été
509 577 223 42 retrouvés
752 576 38 42 le
817 590 67 38 10,
908 590 57 28 on
996 576 185 40 n'aurait
1213 578 128 52 guère
1362 573 188 43 d'autres
1571 580 140 48 pertes
1734 576 23 35 à
1782 571 197 54 déplorer

236 652 141 56 parmi
412 652 38 41 le
487 651 226 56 personnel
734 651 51 40 de
805 649 190 55 l'Opéra.
1029 649 156 42 Gardel
1213 649 38 41 le
1277 648 151 53 Cadet,
1449 661 74 26 sur
1557 647 38 40 le
1614 653 89 34 sort
1724 644 167 55 duquel
1923 657 57 27 on

238 726 115 40 avait
372 738 139 40 conçu
532 724 71 41 des
633 724 197 49 craintes,
857 729 177 47 reparut
1061 722 167 39 bientôt
1260 721 94 40 sain
1376 728 40 33 et
1438 721 110 53 sauf,
1579 727 98 33 tout
1697 717 147 56 dispos
1871 728 114 43 pour

236 799 41 42 la
316 799 237 41 sarabande
587 806 42 33 et
664 798 39 41 la
737 797 236 40 chaconne.
995 794 97 41 Une
1120 794 169 54 pudeur
1311 793 306 55 intempestive
1639 790 264 55 compromit
1924 790 60 40 les

236 872 119 54 jours
375 872 51 40 de
447 873 41 39 la
504 869 214 43 Guimard
738 883 8 27 :
770 881 180 41 presque
973 879 84 27 nue
1076 865 107 41 dans
1207 865 40 41 la
1268 865 96 52 loge
1386 870 57 36 où
1465 865 80 41 elle
1572 864 232 53 changeait
1823 864 52 41 de
1895 863 65 42 toi-

238 943 117 49 lette,
375 943 79 42 elle
488 943 156 40 n'osait
668 953 54 28 en
752 939 127 41 sortir
901 947 40 31 et
968 952 28 39 y
1017 936 121 42 allait
1157 935 198 55 étouffer,
1382 936 230 54 lorsqu'un
1636 935 257 42 machiniste
1909 945 75 31 eut

239 1030 114 27 assez
372 1016 51 40 de
447 1016 196 54 présence
662 1011 176 55 d'esprit
861 1024 112 41 pour
990 1010 40 41 la
1052 1010 147 41 rouler
1221 1009 108 40 dans
1351 1009 73 39 des
1459 1008 195 49 rideaux,
1678 1015 41 32 et
1739 1008 246 53 l'emporter

239 1104 56 28 au
328 1090 171 41 dehors.
544 1088 195 53 Beaupré
775 1084 136 43 s'était
943 1085 73 41 tué
1049 1096 54 27 en
1138 1090 174 34 sautant
1332 1082 61 41 du
1415 1081 215 42 troisième
1651 1081 137 54 étage.
1824 1080 159 42 Castil-

240 1164 129 42 Blaze
390 1176 23 27 a
433 1161 78 43 fait
531 1161 51 41 de
610 1161 40 41 la
672 1168 116 33 mort
808 1159 60 42 du
889 1157 107 56 petit
1017 1156 129 43 Vidal
1169 1170 61 27 un
1245 1155 171 56 épisode
1438 1154 359 54 singulièrement
1818 1152 140 42 drama-

239 1237 122 54 tique
380 1250 9 27 :
427 1253 18 20 «
471 1235 163 52 Huart,
672 1231 244 55 vigoureux
950 1230 202 51 danseur,
1190 1229 131 40 d'une
1355 1227 120 42 taille
1500 1227 155 52 élevée,
1693 1230 177 51 n'ayant
1900 1239 85 40 que

239 1311 114 41 deux
372 1311 143 51 étages
535 1311 24 38 à
579 1306 207 55 franchir,
809 1319 43 26 se
866 1305 164 53 dirigea
1053 1316 93 28 vers
1169 1303 38 40 le
1228 1302 83 41 toit
1331 1302 132 40 d'une
1481 1300 229 54 boutique,
1729 1300 128 53 glissa
1877 1298 109 42 dans

242 1385 39 40 la
299 1381 476 43 Cour-des-Fontaines
795 1387 41 33 et
856 1378 150 41 tomba
1028 1390 73 26 sur
1120 1389 64 27 ses
1203 1375 132 54 pieds,
1722 1373 87 41 Son
1820 1372 163 55 jockey,

240 1469 158 45 garçon
426 1455 53 40 de
499 1453 162 56 quinze
681 1466 89 34 ans,
798 1451 103 42 était
922 1455 23 35 à
976 1451 40 39 la
1048 1448 163 41 fenêtre
1240 1456 42 33 et
1312 1447 156 41 n'osait
1501 1458 42 30 se
1562 1446 162 42 lancer.
1753 1444 148 42 Huart
1922 1443 63 42 lui

239 1531 103 40 tend
362 1532 61 39 les
443 1529 98 41 bras
565 1561 11 21 ,
600 1526 210 56 l'appelle,
832 1524 287 54 l'encourage,
1137 1522 146 41 disant
1305 1521 109 55 qu'il
1437 1527 62 34 est
1520 1521 96 53 prêt
1633 1522 25 38 à
1678 1519 39 41 le
1739 1519 207 52 recevoir,
1962 1522 23 35 à

238 1603 66 42 lui
327 1616 123 43 parer
470 1603 39 41 le
530 1615 129 41 coup.
690 1599 114 42 Rien
827 1611 53 29 ne
901 1606 80 45 put
1001 1596 169 41 décider
1202 1608 47 28 ce
1275 1594 301 50 malheureux,
1599 1606 75 42 pas
1696 1594 139 40 même
1857 1592 38 40 le
1915 1590 69 42 feu

240 1669 78 56 qui
342 1669 167 42 bientôt
529 1667 236 54 l'atteignit
785 1673 41 33 et
847 1665 38 41 le
906 1663 124 42 brûla
1051 1662 152 40 vivant
1223 1674 101 28 sous
1344 1662 61 39 les
1423 1673 114 42 yeux
1552 1659 51 41 de
1625 1672 76 28 son
1719 1660 170 40 maître.
1906 1674 18 22 »

300 1745 59 40 Le
378 1757 69 28 cas
468 1752 63 33 est
560 1743 240 41 émouvant
818 1755 9 37 ;
852 1738 109 42 mais
982 1738 38 41 le
1039 1737 125 55 point
1184 1734 128 42 faible
1333 1734 59 41 du
1418 1733 103 42 récit
1538 1734 52 41 de
1609 1733 286 42 Castil-Blaze
1916 1741 64 33 est

245 1831 86 42 que
350 1818 38 41 le
410 1817 117 42 sieur
541 1816 162 51 Huart,
721 1813 134 42 blessé
876 1813 81 41 très
973 1809 268 56 grièvement
1262 1808 107 41 dans
1383 1821 39 26 sa
1445 1807 146 52 chute,
1609 1806 107 41 était
1735 1806 100 41 hors
1853 1804 132 42 d'état

245 1891 53 40 de
325 1889 184 56 prendre
531 1889 59 41 les
612 1901 121 42 poses
756 1884 260 55 athlétiques
1036 1883 109 53 qu'il
1168 1882 65 40 lui
1253 1883 132 53 prête.
1412 1882 137 53 Après
1584 1879 210 42 l'histoire
1815 1878 59 42 du
1897 1878 66 41 vio-

248 1964 157 42 loniste
446 1963 170 42 Châlon
635 1994 10 16 ,
669 1974 57 28 on
748 1959 137 42 croira
914 1971 99 28 sans
1044 1957 126 54 peine
1190 1968 84 42 que
1294 1955 39 40 la
1356 1954 205 42 Garonne
1581 1953 164 42 coulait
1766 1957 23 37 à
1813 1953 174 42 Paris...

242 2037 59 40 du
328 2044 140 46 temps
486 2034 51 42 de
578 2032 307 43 Castil-Blaze.
916 2047 16 21 «
966 2029 187 50 Châlon,
1195 2025 246 54 violoniste,
1477 2025 147 42 restait
1657 2039 51 27 en
1749 2025 157 41 arrière
1934 2025 51 41 de

242 2110 213 55 quelques
476 2122 74 42 pas
568 2122 8 40 ;
601 2108 39 40 le
667 2108 115 39 volet
803 2105 129 41 d'une
963 2110 116 49 porte
1102 2103 193 39 battante
1314 2114 42 27 se
1377 2101 132 40 ferme
1529 2100 160 41 devant
1709 2099 79 41 lui.
1811 2098 173 43 Châlon

244 2183 76 42 fait
336 2183 52 40 de
409 2181 123 42 vains
549 2180 143 42 efforts
715 2192 112 42 pour
842 2175 207 51 l'ouvrir;
1918 2176 41 40 la
1972 2188 21 40 p
1755 2171 164 42 clouait
1942 2183 44 29 ce

246 2256 173 41 battant
439 2260 24 36 à
491 2268 77 28 son
589 2254 139 41 cadre.
766 2251 354 41 Heureusement
1142 2248 44 40 la
1196 2256 131 44 porte
1341 2245 194 55 jointait
1567 2246 91 41 mal
1695 2258 93 40 par
1819 2258 50 26 en
1892 2242 93 42 bas.

246 2329 233 56 Dépouillé
510 2328 52 40 de
580 2335 97 33 tous
717 2339 64 27 ses
813 2324 255 49 vêtements,
1091 2322 39 40 le
1149 2319 230 48 musicien,
1424 2319 162 40 couché
1615 2326 150 32 ventre
1805 2321 22 36 à
1859 2324 127 39 terre,

245 2402 184 56 s'aplatit
449 2414 169 29 comme
659 2414 61 28 un
756 2399 111 50 chat,
912 2410 62 28 un
1004 2395 157 49 lézard,
1182 2406 134 43 passe
1337 2406 59 29 au
1418 2392 210 42 laminoir
1633 2424 9 20 ,
1667 2400 41 32 et
1730 2390 200 56 parvient
1967 2394 23 35 à

241 2476 194 42 franchir
453 2476 37 41 le
513 2476 180 51 barrage
724 2485 51 28 en
795 2485 29 41 y
846 2471 177 39 laissant
1045 2468 41 40 la
1109 2480 109 42 peau
1252 2467 74 40 des
1355 2466 183 41 muscles
1573 2466 51 39 de
1646 2477 75 27 son
1747 2463 77 41 dos
1849 2476 8 27 :
1890 2462 73 55 plu-

245 2551 137 41 sieurs
414 2547 183 43 athlètes
617 2545 279 42 machinistes
921 2543 36 41 le
979 2541 173 42 tiraient
1177 2541 51 39 de
1248 2540 154 40 l'autre
1422 2540 106 40 côté.
1557 2538 35 41 Il
1608 2551 52 27 en
1675 2536 168 54 guérit;
1864 2535 123 52 mais,

245 2623 52 41 de
322 2636 45 28 sa
387 2622 83 52 vie,
509 2620 172 43 Châlon
709 2632 53 27 ne
785 2625 80 47 put
889 2616 104 40 faire
1015 2615 38 40 la
1077 2615 195 40 moindre
1295 2613 224 40 courbette
1544 2626 8 25 :
1577 2609 116 42 raide
1713 2622 168 29 comme
1905 2621 86 28 une

248 2705 140 33 statue
409 2693 275 56 égyptienne,
710 2691 30 42 il
759 2688 157 43 saluait
943 2689 53 41 de
1022 2688 41 41 la
1093 2686 137 42 main.
1257 2702 18 20 »
1300 2684 127 42 Voilà
1451 2697 60 28 un
1533 2684 175 41 homme
1745 2691 40 33 et
1807 2696 60 26 un
1890 2681 101 41 récit

250 2771 99 42 bien
372 2768 248 54 élastiques.

305 2843 62 41 La
395 2843 174 55 plupart
601 2841 72 40 des
693 2839 209 41 danseurs
936 2836 164 54 prirent
1120 2834 41 41 la
1184 2834 106 41 fuite
1312 2847 76 41 par
1408 2833 60 41 les
1486 2830 190 42 combles
1698 2830 72 41 des
1798 2829 192 41 maisons

248 2917 203 52 voisines,
476 2921 175 35 sautant
673 2913 49 41 de
744 2909 216 57 gouttière
987 2922 52 27 en
1070 2908 215 53 gouttière
1307 2916 42 31 et
1369 2919 43 28 se
1435 2904 260 57 précipitant
1714 2902 108 41 dans
1844 2903 42 39 la
1914 2914 77 28 rue

248 3004 55 28 au
325 2989 146 55 risque
493 2988 49 41 de
564 3001 43 26 se
626 2997 173 42 rompre
818 2983 38 42 le
876 2996 98 27 cou.
1003 2980 224 55 Quelques
1247 2979 232 42 danseuses
1504 2984 160 48 purent
1692 2983 222 33 retrouver
1934 2974 58 41 les

248 3063 189 42 couloirs
474 3062 50 41 de
546 3060 128 42 sortie
697 3072 74 28 sur
808 3058 39 40 la
871 3069 78 28 rue
990 3054 327 42 Saint-Honoré
1350 3060 42 33 et
1412 3065 42 27 se
1478 3051 229 41 sauvèrent
1728 3063 54 27 en
1802 3048 190 42 chemise

250 3138 107 57 (oui,
378 3135 292 51 mesdames!)
707 3145 75 42 par
804 3130 39 41 la
865 3129 119 56 place
1006 3129 57 39 du
1091 3125 325 56 Palais-Royal.
1445 3125 71 42 On
1542 3124 99 40 n'en
1664 3124 55 39 rit
1741 3123 123 54 point
1900 3133 93 43 trop

248 3224 74 27 sur
352 3210 38 41 le
411 3215 212 45 moment,
646 3205 111 41 mais
792 3204 171 40 bientôt
983 3215 56 27 on
1067 3200 73 55 n'y
1163 3200 85 41 tint
1270 3200 113 55 plus.
1420 3199 81 40 Les
1525 3199 137 39 beaux
1684 3195 156 56 esprits
1864 3195 51 41 de
1951 3195 39 41 la

249 3284 203 40 Terrasse
472 3281 73 41 des
568 3277 242 44 Feuillants
846 3289 42 27 se
914 3274 264 56 repassaient
1199 3284 119 32 entre
1347 3281 98 33 cent
1467 3270 303 57 plaisanteries
1810 3267 161 44 charita-

251 3357 89 41 bles
364 3369 87 28 une
476 3356 122 40 lettre
622 3351 156 42 badine
811 3349 216 40 attribuée
1046 3351 23 37 à
1090 3347 157 55 Sophie
1270 3346 201 42 Arnould
1492 3345 76 54 qui
1592 3342 141 43 faisait
1754 3342 188 42 allusion
1971 3345 21 34 à

249 3431 39 41 la
312 3431 301 41 mésaventure
635 3426 52 41 de
706 3439 67 28 ces
794 3438 182 40 pauvres
1001 3424 175 40 femmes
1199 3429 39 34 et
1258 3434 88 42 que
1377 3420 114 42 voici
1518 3432 7 27 :
