2491 4142
491 436 77 43 188

930 444 78 42 LA
1039 444 374 53 CHRONIQUE
1446 450 314 46 MUSICALE

577 595 70 35 par
663 583 215 40 l'adorable
908 588 181 38 madame
1109 590 136 49 Bosio,
1265 601 129 29 morte
1418 595 31 37 si
1467 594 132 51 jeune,
1622 598 146 49 Bettly
1786 601 173 39 n'obtint
1988 607 124 42 qu'un
2135 610 54 37 mé-

579 633 135 35 diocre
736 638 148 44 succès,
909 643 39 28 et
974 637 128 36 Adam
1134 640 92 35 n'en
1264 641 61 36 fut
1354 654 90 25 sans
1474 645 121 38 doute
1624 658 77 36 que
1740 650 317 40 médiocrement
2086 655 113 39 fâché

579 682 32 35 Il
648 689 59 27 est
742 690 150 30 certain
932 696 77 36 que
1037 685 36 37 la
1105 689 185 48 musique
1312 691 47 36 de
1397 692 144 52 Bettly
1587 703 58 28 est
1671 695 85 37 loin
1777 699 47 37 de
1857 701 128 38 valoir
2018 703 99 38 celle
2154 707 53 34 du

581 731 160 37 Chalet.

539 795 174 41 Gemma
720 829 9 20 ,
755 798 128 42 ballet
910 814 49 26 en
984 816 22 26 2
1039 810 123 47 actes,
1186 804 51 41 de
1258 806 241 58 Théophile
1521 810 197 56 Gautier,
1744 816 204 54 musique
1983 819 58 40 du
2074 829 139 34 comte

478 865 220 46 Gabrielli.
799 872 48 41 3i
874 874 85 39 mai
987 875 128 56 1854.

530 940 185 54 Hymne
747 946 25 38 à
811 946 44 40 la
884 947 152 42 Gloire
1042 983 7 18 ,
1082 960 183 49 cantate,
1290 956 164 53 paroles
1479 957 50 40 de
1566 958 261 58 Belmontet,
1853 964 200 55 musique
2089 966 51 41 de
2171 967 39 42 la

476 1012 115 42 reine
611 1014 285 45 Hortense.—
926 1012 22 67 i
970 1012 21 67 5
1013 1012 86 67 août
1128 1026 125 53 1854.

623 1088 64 37 On
716 1101 137 26 assure
875 1105 77 35 que
972 1094 56 37 les
1049 1098 184 47 strophes
1251 1099 47 36 de
1321 1101 55 37 M.
1402 1102 246 47 Belmontet,
1670 1110 173 45 naguère
1873 1110 161 37 offertes
2056 1124 71 33 par
2147 1113 59 37 lui

600 1185 45 20 os
674 1150 109 25 reiiie
802 1142 216 48 Hortense,
1037 1145 155 36 avaient
1213 1148 61 35 été
1297 1150 119 34 mises
1439 1162 48 23 en
1510 1164 185 36 musique
1717 1168 68 35 par
1808 1164 102 29 cette
1929 1158 202 47 princesse
2160 1173 48 25 en

578 1197 40 23 io
652 1198 34 34 o,
802 1191 202 43 peut-être
1039 1204 156 25 comme
1244 1195 73 36 elle
1350 1199 104 33 avait
1488 1200 76 35 mis
1604 1202 107 35 aussi
1750 1215 48 23 en
1839 1209 184 41 musique
2051 1209 37 35 le
2119 1218 89 32 trop

569 1235 160 35 fameux
759 1235 120 37 chant
906 1266 6 8 .
945 1239 173 36 Partant
1138 1254 105 36 pour
1274 1244 39 35 la
1336 1246 128 46 Syrie
1479 1276 7 16 ,
1523 1259 78 35 que
1622 1249 81 36 l'on
1723 1251 74 36 sait
1819 1253 253 46 aujourd'hui
2096 1260 112 34 avoir

571 1288 61 28 ete
663 1294 188 36 compose
873 1298 68 34 par
963 1298 136 25 son...
1136 1291 78 34 ami
1247 1291 37 35 le
1307 1291 149 38 flûtiste
1483 1296 166 48 Drouet,
1683 1307 106 28 mort
1816 1302 258 39 récemment.
2100 1306 108 42 Quoi

668 1343 38 48 Jr
710 1378 8 18 7
714 1343 22 22 n
752 1378 5 7 .
1091 1338 23 33 d
1131 1338 358 39 instrumentation
1512 1351 38 28 et
1585 1345 320 49 d'arrangement
1931 1351 48 35 de
2010 1352 23 34 Y
2037 1354 171 42 Hymne

570 1389 23 22 a
610 1381 38 32 la
665 1381 137 34 Gloire
819 1383 61 33 fut
896 1385 70 33 fait
985 1396 69 34 par
1071 1385 174 48 Georges
1268 1389 223 49 Bousquet,
1513 1393 143 37 ancien
1672 1407 88 35 prix
1776 1397 47 35 de
1841 1399 128 36 Rome
1990 1408 38 28 et
2051 1402 160 38 ex-chef

567 1427 24 33 d
608 1427 204 37 orchestre
834 1430 53 35 du
917 1431 378 53 Théâtre-Lyrique.

523 1492 64 39 La
611 1493 154 41 Nonne
783 1499 236 52 sanglante
1025 1532 8 20 ,
1066 1514 126 42 opéra
1213 1517 51 26 en
1289 1506 20 38 5
1334 1513 128 44 actes,
1491 1510 165 51 paroles
1685 1512 50 40 de
1758 1513 146 41 Scribe
1927 1523 41 32 et
1995 1516 205 41 Germain

474 1562 251 58 Delavigne,
752 1571 202 53 musique
974 1573 51 39 de
1047 1574 176 42 Charles
1251 1577 203 43 Gounod.
1558 1583 47 39 18
1630 1585 172 41 octobre
1828 1587 128 53 1854.

522 1639 65 40 La
608 1641 135 40 Fonti
760 1674 9 19 ,
793 1644 127 41 ballet
941 1658 53 29 en
1015 1659 22 28 2
1060 1657 126 41 actes,
1211 1649 49 42 de
1282 1651 230 55 Mazilher,
1538 1657 202 54 musique
1760 1658 51 40 de
1832 1659 85 42 Th.
1945 1661 198 43 Labarre.

471 1710 23 40 8
515 1710 163 54 janvier
703 1715 127 40 1855.

518 1784 84 41 Les
634 1786 161 54 Vêpres
813 1789 253 44 siciliennes
1072 1825 8 20 ,
1105 1795 127 52 opéra
1254 1809 52 28 en
1333 1799 20 38 5
1378 1807 126 45 actes,
1526 1802 164 51 paroles
1716 1802 51 42 de
1788 1804 142 42 Scribe
1958 1815 41 32 et
2022 1807 175 42 Charles

471 1855 259 57 Duveyrier,
746 1861 202 55 musique
969 1865 50 39 de
1040 1865 145 42 Verdi.
1283 1870 46 40 13
1353 1869 97 55 juin
1478 1873 127 41 1855.

517 1930 242 43 Sainte-Cl
761 1934 61 40 ait
837 1948 21 26 e
859 1966 11 19 ,
898 1950 125 40 opeia
1046 1952 51 26 en
1122 1941 19 39 3
1166 1949 123 43 actes,
1312 1943 166 53 paroles
1499 1945 51 40 de
1574 1945 190 43 Gustave
1787 1948 174 56 Oppelt,
1988 1954 202 53 musique

463 2000 59 42 du
545 2002 276 56 duciégnant
839 2007 245 44 Ferdinand
1103 2013 636 57 deSaxe-Cobourg-Gotha.—
1748 2034 53 41 27
1815 2026 238 50 septembre
2070 2027 75 40 185
2156 2029 38 39 5.

610 2077 171 37 Comme
802 2079 27 35 il
847 2093 25 34 y
898 2081 130 37 aurait
1049 2095 89 24 sans
1170 2086 122 36 doute
1312 2099 78 24 une
1414 2090 185 47 suprême
1623 2090 305 41 inconvenance
1950 2100 20 32 à
1990 2110 42 23 ce
2068 2099 126 42 qu'un

561 2127 211 37 souverain
812 2129 68 47 qui
912 2131 167 45 prétend
1112 2133 95 36 faire
1247 2135 47 35 de
1334 2136 86 35 l'art
1452 2138 36 35 le
1529 2138 179 38 montrât
1756 2154 77 24 aux
1860 2155 106 36 yeux
1999 2146 47 35 de
2088 2155 91 28 tous

558 2175 11 32 1
753 2176 47 35 de
824 2176 159 48 l'Opéra
1000 2206 7 18 ,
1051 2191 48 25 en
1126 2192 231 41 annonçant
1385 2186 31 35 S
1417 2185 282 49 ainte-Claire,
1740 2191 153 36 cachait
1926 2193 36 35 le
1997 2206 95 24 nom
2142 2197 53 35 du

560 2223 274 47 compositeur
865 2237 94 24 sous
980 2239 63 24 ces
1065 2228 188 50 initiales,
1278 2232 201 37 d'ailleurs
1494 2242 297 42 transparentes
1817 2249 6 25 :
1849 2241 40 34 F
1918 2242 53 36 D.
2002 2244 42 37 S.
2072 2244 47 36 C.

513 2288 192 54 Pantagj
721 2291 84 51 uel,
830 2293 130 52 opéia
990 2307 51 27 en
1066 2307 22 27 2
1115 2305 128 45 actes,
1267 2300 165 51 paroles
1453 2300 200 56 d'Henry
1675 2303 212 56 Trianon,
1912 2308 204 55 musique
2135 2314 48 38 de

458 2358 84 41 Th.
571 2361 199 42 Labarre.
866 2378 56 40 24
942 2366 221 43 décembre
1191 2371 125 41 1855.

604 2432 31 36 L
651 2434 149 47 unique
820 2437 316 47 représentation
1149 2442 46 35 de
1220 2450 61 28 cet
1298 2444 121 46 opéra
1434 2453 67 28 eut
1514 2446 80 37 lieu
1611 2460 49 24 en
1680 2450 190 47 présence
1887 2452 47 36 de
1955 2453 240 45 l'empereur

555 2488 39 27 et
615 2484 47 33 de
682 2498 10 19 1
710 2486 268 45 impératrice,
994 2495 38 28 et
1054 2489 37 35 la
1113 2501 166 26 censure
1302 2492 136 37 s'avisa
1461 2495 106 36 alors
1590 2496 63 49 d'y
1674 2498 209 38 découvrir
1906 2503 67 35 des
1995 2503 196 38 allusions

552 2533 216 45 politiques
815 2545 69 35 qui
924 2545 158 27 avaient
1105 2540 111 44 passé
1246 2541 315 46 complètement
1585 2544 235 50 inaperçues
1852 2561 102 34 pour
1987 2551 75 36 elle
2103 2556 19 32 à
2158 2554 36 35 la

555 2580 169 35 lecture.
748 2580 31 35 11
802 2582 127 36 arriva
945 2583 103 37 donc
1070 2588 95 44 ceci,
1184 2599 77 35 que
1281 2589 35 34 le
1338 2591 117 35 livret
1476 2592 62 35 fut
1553 2595 154 35 soumis
1733 2601 20 31 à
1769 2609 53 23 un
1841 2599 148 35 nouvel
2012 2611 165 26 examen

556 2634 39 28 et
616 2638 53 35 qu
687 2639 48 23 en
765 2637 104 28 suite
889 2632 47 33 de
955 2640 61 28 cet
1039 2644 185 35 examen,
1244 2637 246 37 méticuleux
1517 2651 90 25 sans
1634 2644 136 46 doute,
1797 2645 37 35 la
1863 2648 171 36 seconde
2060 2653 110 40 repré-

553 2677 204 34 sentation
777 2677 46 35 de
840 2678 259 51 Pantagruel
1102 2712 8 17 ,
1134 2685 206 36 annoncée
1360 2698 103 37 pour
1482 2689 35 35 le
1541 2689 46 35 26
1609 2690 226 45 décembre,
1859 2693 61 37 fut
1941 2695 191 38 interdite
2155 2707 38 28 et

555 2735 26 22 n
598 2730 68 28 eut
685 2724 139 46 jamais
841 2726 94 36 lieu.

517 2789 187 41 Cantate
726 2804 50 27 en
799 2792 227 43 Vhonneur
1040 2796 53 40 de
1109 2797 24 39 f
1138 2798 177 56 Armée,
1339 2802 164 54 paroles
1526 2804 201 57 d'Henry
1748 2808 214 56 Trianon,
1987 2812 205 56 musique

457 2860 207 43 d'Auber.
767 2878 47 27 12
836 2865 169 54 janvier
1035 2869 45 40 18
1094 2870 66 41 56.

510 2936 62 40 Le
596 2936 209 42 Corsaire
811 2972 8 18 ,
845 2940 129 41 ballet
993 2956 51 26 en
1070 2943 21 40 3
1117 2952 127 47 actes,
1265 2947 50 40 de
1338 2948 49 40 de
1410 2949 335 57 Saint-Georges
1768 2962 40 33 et
1831 2954 231 55 Mazillier,
2093 2973 65 28 mu-

455 3020 122 41 sique
598 3009 25 39 d
640 3010 199 54 Adolphe
861 3013 157 42 Adam.
1110 3018 49 40 23
1183 3018 165 53 janvier
1373 3022 125 42 1856.

513 3081 186 42 Cantate
703 3114 9 18 ,
732 3084 162 52 paroles
917 3087 235 45 d'Emilien
1179 3092 166 53 Pacini,
1367 3096 203 54 musique
1590 3097 129 43 d'Ad.
1745 3102 157 43 Adam,
2002 3119 51 35 17
2075 3119 114 28 mars

457 3154 124 40 1856.

598 3228 169 37 Donnée
789 3232 21 33 à
837 3231 10 36 1
865 3234 186 36 occasion
1072 3237 47 35 de
1138 3237 36 37 la
1197 3239 204 38 naissance
1421 3241 51 37 du
1498 3243 143 37 Prince
1665 3245 201 49 Impérial.

510 3295 205 49 Cantate,
739 3311 165 39 paioies
927 3300 49 40 de
999 3302 210 43 Bertrand
1243 3307 50 40 de
1327 3307 303 58 Saint-Rémy,
1672 3314 203 54 musique
1917 3317 50 40 de
2013 3317 174 42 Charles

451 3368 51 40 de
524 3368 159 42 Bériot.
788 3372 49 40 16
858 3371 94 55 juin
979 3375 124 43 1856.

598 3443 170 37 Donnée
788 3457 21 24 a
831 3444 12 37 1
859 3446 185 38 occasion
1065 3449 53 35 du
1139 3450 183 48 bapteme
1348 3455 54 36 du
1426 3456 141 37 Prince
1592 3458 202 48 Impérial.
