2491 4142
409 467 494 42 INAUGURATION
940 468 79 40 DE
1053 468 76 40 LA
1161 467 191 41 SALLE
1387 465 79 40 DE
1502 453 258 53 L'OPÉRA

1880 466 74 54 173

211 622 167 31 acteurs
412 612 75 56 qui
529 614 259 41 l'exécutent
828 622 98 32 sont
966 627 183 41 presque
1182 612 197 54 toujours
1403 611 205 42 sacrifiés.
1641 611 71 41 On
1751 611 107 40 n'est
1889 626 71 38 pas

213 699 114 28 venu
352 701 108 39 pour
477 701 99 37 eux,
597 702 57 26 on
675 697 62 30 est
755 701 113 26 venu
893 701 109 40 pour
1024 687 93 40 voir
1139 687 39 40 la
1199 687 202 40 nouvelle
1423 686 115 50 salle,
1568 693 40 32 et
1632 698 111 40 pour
1766 684 61 53 s'y
1850 683 103 41 faire

213 760 109 42 voir,
348 760 90 40 »Si
461 769 108 33 cette
606 760 203 40 réflexion
851 760 104 39 était
987 760 90 52 déjà
1112 760 116 39 vraie
1264 764 22 36 à
1321 767 106 32 cette
1456 761 179 52 époque,
1670 758 197 40 combien
1907 771 53 26 ne

213 833 194 40 l'est-elle
428 847 72 40 pas
522 835 238 52 davantage
784 833 50 39 de
858 846 75 26 nos
954 832 118 52 jours
1098 837 8 36 !

266 906 62 40 Le
350 906 171 41 Miroir
542 906 161 40 affirme
726 919 61 26 ses
810 905 229 40 tendances
1059 904 199 39 libérales
1279 904 106 39 dans
1405 912 108 32 cette
1536 905 151 52 phrase
1709 905 226 40 caractéris-

211 979 122 53 tique
353 993 7 25 :
390 998 16 16 v
435 980 79 39 Les
537 979 168 53 piétons
730 977 191 39 savaient
942 977 71 52 gré
1034 974 107 42 àM.
1165 975 159 39 Debret
1349 976 50 38 de
1422 984 140 32 toutes
1597 977 59 37 les
1679 977 279 52 précautions

211 1051 134 53 qu'on
367 1066 21 25 a
412 1051 133 54 prises
568 1064 110 39 pour
697 1049 175 41 l'entrée
893 1058 41 32 et
955 1051 39 38 la
1016 1049 146 50 sortie,
1183 1049 72 40 des
1277 1049 135 40 issues
1455 1050 226 52 ménagées
1716 1063 99 26 avec
1834 1059 66 31 art
1919 1059 40 31 et

208 1124 72 39 des
302 1123 115 40 abris
440 1124 195 54 préparés
656 1137 100 26 avec
776 1123 115 50 soin;
918 1124 59 39 les
1001 1136 233 40 personnes
1256 1123 59 39 du
1336 1130 207 46 parterre,
1570 1129 142 33 toutes
1737 1124 210 52 surprises

210 1195 166 41 d'avoir
397 1196 71 39 des
491 1196 138 53 places
652 1196 265 51 commodes,
941 1195 252 40 félicitaient
1216 1195 261 40 l'architecte
1499 1194 50 39 de
1590 1207 53 27 ne
1677 1194 127 55 point
1840 1195 119 40 avoir

212 1269 147 41 oublié
399 1270 98 52 qu'à
520 1268 196 56 l'époque
738 1272 57 38 où
821 1282 109 27 nous
946 1268 169 53 vivons,
1139 1268 30 40 il
1187 1282 51 26 ne
1258 1267 118 41 suffit
1399 1282 75 40 pas
1497 1268 49 39 de
1564 1267 211 41 satisfaire
1792 1268 59 40 les
1867 1282 67 39 pre-

211 1342 155 40 mières
386 1342 135 53 loges;
548 1343 208 54 l'opinion
779 1342 58 40 du
860 1350 184 45 parterre
1066 1355 23 26 a
1112 1341 100 40 bien
1239 1349 154 32 autant
1412 1341 26 39 d
1456 1340 279 54 importance.
1756 1340 81 40 »Il
1860 1340 96 40 faut

211 1427 85 40 que
325 1427 109 27 nous
472 1428 156 40 soyons
670 1414 190 40 devenus
891 1414 357 52 singulièrement
1289 1413 223 54 sybarites,
1543 1426 70 27 car
1649 1413 58 39 les
1743 1411 139 55 places
1908 1411 49 40 de

207 1495 206 45 parterre,
432 1488 76 53 qui
529 1487 281 54 paraissaient
828 1487 111 40 alors
961 1486 34 40 si
1013 1503 21 21 «
1053 1485 262 49 commodes,
1333 1503 15 19 »
1368 1498 110 28 nous
1495 1484 277 53 semblaient,
1787 1489 23 36 à
1826 1498 129 39 nous,

210 1561 313 39 extrêmement
551 1559 173 41 étroites
746 1568 40 32 et
809 1559 312 40 incommodes.
1143 1559 59 40 Le
1227 1560 139 39 même
1385 1558 171 54 journal
1577 1571 42 26 se
1641 1566 172 32 montre
1837 1558 102 39 satis-

211 1632 77 40 fait
306 1632 51 40 de
371 1632 259 41 l'exécution
656 1646 8 26 :
692 1649 16 21 «
733 1633 123 39 Tous
895 1632 59 40 les
990 1640 165 32 acteurs
1177 1640 78 32 ont
1276 1631 171 40 rivalisé
1471 1631 51 39 de
1558 1631 104 50 zèle,
1688 1630 118 41 dit-il
1829 1644 9 40 ;
1864 1644 61 25 ma-

218 1705 124 40 dame
377 1705 220 54 Branchu,
634 1705 172 40 Dérivis
841 1714 40 31 et
916 1705 184 40 Nourrit
1135 1712 77 32 ont
1233 1705 63 38 été
1333 1717 126 26 revus
1482 1716 100 27 avec
1622 1702 36 41 le
1693 1703 97 54 plus
1820 1702 134 54 grand

214 1778 163 53 plaisir.
402 1778 254 55 Cependant
677 1792 56 26 on
774 1778 263 54 remarquait
1074 1778 106 40 dans
1218 1778 94 39 leur
1337 1776 69 53 jeu
1441 1775 164 41 certain
1637 1776 218 39 embarras
1879 1775 77 53 qui

212 1851 181 41 naissait
419 1852 50 39 de
505 1852 41 40 la
581 1851 204 41 nouvelle
825 1853 184 52 épreuve
1043 1851 132 54 qu'ils
1198 1849 170 42 avaient
1399 1854 22 36 à
1454 1850 122 39 subir
1602 1863 7 26 :
1635 1849 30 40 il
1688 1853 109 35 n'est
1826 1862 73 40 pas
1923 1848 33 40 si

209 1922 122 42 facile
353 1924 133 54 qu'on
506 1925 37 39 le
566 1938 129 40 pense
717 1924 49 40 de
799 1924 167 54 quitter
1000 1938 58 26 un
1094 1924 188 40 modeste
1322 1928 298 48 appartement
1643 1934 109 41 pour
1775 1934 42 26 se
1839 1922 117 51 loger

206 1997 107 40 dans
355 2011 61 26 un
460 1996 151 54 palais,
650 2005 63 32 etc
840 1996 92 40 »Je
958 2009 107 27 vous
1082 1996 74 40 fais
1178 1998 125 51 grâce
1334 1995 49 39 de
1418 1994 40 40 la
1498 1993 111 40 suite
1644 1993 51 39 de
1735 1994 40 39 la
1813 1994 110 38 méta-

214 2070 152 54 phore.

266 2145 137 52 Après
420 2143 120 40 avoir
562 2143 137 40 rendu
731 2143 154 53 justice
915 2147 21 34 à
970 2142 177 40 l'œuvre
1169 2141 51 39 de
1244 2140 176 50 Debret,
1448 2145 35 35 le
1510 2140 191 40 Journal
1734 2140 53 39 de
1823 2140 134 40 Paris

213 2216 99 40 loue
329 2216 115 54 Jouy
462 2215 163 40 d'avoir
647 2215 141 40 réduit
811 2228 75 26 son
916 2215 128 52 opéra
1080 2227 52 26 en
1152 2213 103 40 trois
1285 2222 113 31 actes
1420 2226 52 27 en
1496 2220 185 33 mettant
1710 2213 38 39 le
1770 2213 160 39 dénoue-

213 2297 120 32 ment
352 2302 52 27 en
427 2289 163 51 action,
614 2289 98 53 puis
745 2288 29 39 il
803 2288 142 49 ajoute
966 2300 62 28 :«
1060 2287 59 39 La
1142 2286 205 54 musique
1370 2286 71 40 des
1463 2286 265 50 Bayadères
1749 2293 61 31 est
1840 2284 116 40 l'une

213 2363 72 39 des
307 2361 281 55 productions
618 2361 56 39 les
698 2361 97 53 plus
820 2359 319 54 remarquables
1170 2359 51 38 de
1244 2366 122 32 notre
1387 2358 111 39 école
1523 2372 7 25 :
1556 2366 106 31 cette
1684 2357 208 54 partition
1918 2365 41 31 et

210 2435 103 40 celle
334 2436 50 38 de
409 2432 262 42 Sémiramis
692 2441 78 31 ont
789 2434 118 52 placé
929 2432 60 39 M.
1015 2430 122 40 Catel
1155 2436 23 34 à
1201 2432 93 38 côté
1319 2430 52 39 de
1391 2429 243 41 Cherubini
1658 2437 39 31 et
1718 2429 50 39 de
1785 2429 167 40 Méhul.

211 2509 256 54 Cependant
484 2507 129 41 l'effet
635 2507 173 52 général
830 2506 51 39 de
896 2507 40 38 la
959 2505 342 54 représentation
1317 2518 23 25 a
1356 2505 64 38 été
1440 2503 107 40 froid
1566 2517 8 26 :
1600 2510 120 32 entre
1741 2502 37 40 le
1801 2502 154 40 second

210 2589 39 31 et
270 2580 38 40 le
329 2580 216 40 troisième
560 2587 107 45 acte,
691 2578 197 40 madame
904 2577 202 41 Branchu
1124 2577 91 53 qui,
1233 2576 170 54 jusqu'à
1424 2589 44 27 ce
1485 2583 208 44 moment,
1719 2575 117 40 avait
1851 2574 101 55 joué

209 2662 41 32 et
274 2653 156 40 chanté
450 2653 130 40 d'une
605 2651 190 41 manière
828 2652 256 50 contrainte,
1111 2665 23 25 a
1157 2650 76 41 fait
1256 2649 203 41 réclamer
1481 2648 289 53 l'indulgence
1791 2648 58 39 du
1872 2662 55 40 pu-

213 2727 84 40 blic
318 2740 112 41 pour
452 2740 85 27 une
559 2726 306 54 indisposition
882 2725 75 53 qui
974 2724 63 41 lui
1057 2724 107 40 ôtait
1183 2737 85 27 une
1285 2723 136 54 partie
1436 2722 50 40 de
1509 2735 64 28 ses
1590 2735 230 40 moyens...
1841 2721 113 40 Mais

214 2801 33 40 si
272 2801 158 54 Topera
451 2814 23 25 a
494 2801 65 39 été
581 2799 253 40 faiblement
856 2799 188 48 exécuté,
1072 2798 40 39 la
1133 2797 130 40 danse
1284 2810 91 26 aeu
1398 2803 97 33 tous
1511 2796 60 39 les
1593 2796 222 38 honneurs
1837 2794 51 40 de
1914 2795 39 39 la

208 2873 133 41 soirée
363 2873 69 41 :le
453 2872 71 54 joli
550 2872 129 40 ballet
700 2872 56 40 du
775 2873 172 39 Retour
962 2871 52 39 de
1032 2870 217 54 Zéphyre
1268 2883 22 26 a
1314 2869 78 40 fait
1414 2870 38 39 le
1474 2868 97 54 plus
1587 2867 137 54 grand
1743 2866 148 54 plaisir
1911 2874 40 32 et

207 2948 40 39 la
268 2961 106 26 cour
397 2946 203 41 brillante
620 2945 50 40 de
692 2945 288 54 Terpsichore
1002 2944 258 40 continuera
1291 2942 131 40 d'être
1443 2940 36 40 le
1509 2942 98 52 plus
1629 2940 130 40 ferme
1782 2940 171 40 soutien

208 3020 52 40 de
280 3019 265 41 l'Académie
568 3019 144 53 royale
733 3018 50 40 de
802 3018 220 53 musique.
1046 3032 21 23 »

263 3092 223 53 Toujours
526 3092 94 39 bien
658 3091 198 51 informé,
893 3090 38 40 le
960 3088 373 42 Constitutionnel
1364 3100 198 27 annonce
1588 3086 38 39 le
1655 3086 22 59 i
1699 3086 23 59 3
1744 3086 89 59 août
1853 3100 99 40 que,

214 3166 99 40 bien
328 3165 130 54 qu'on
477 3164 193 42 travaille
689 3164 97 53 jour
809 3173 39 30 et
869 3163 113 52 nuit,
1008 3161 172 54 l'Opéra
1217 3175 52 26 ne
1291 3174 157 41 pourra
1470 3161 86 38 être
1588 3159 217 53 inauguré
1825 3167 129 32 avant

213 3253 61 26 un
298 3238 125 53 mois,
458 3238 98 53 puis
576 3238 38 38 le
634 3236 250 40 lendemain
907 3236 30 39 il
957 3235 176 40 dément
1164 3234 244 40 sèchement
1436 3242 107 32 cette
1566 3231 198 42 nouvelle
1785 3245 168 26 comme

210 3313 34 38 si
267 3310 140 42 c'était
430 3323 61 26 un
512 3317 124 33 autre
665 3308 172 53 journal
857 3308 76 53 qui
966 3307 106 41 l'eût
1100 3307 181 40 donnée.
1302 3309 71 38 Au
1405 3305 248 41 lendemain
1674 3304 50 39 de
1751 3305 40 39 la
1813 3304 116 52 repré-

210 3384 230 51 sentation,
467 3381 193 41 Evariste
684 3380 245 41 Dumoulin
962 3380 76 40 fait
1075 3393 60 27 un
1173 3379 329 55 compte-rendu
1533 3383 23 35 à
1585 3378 39 40 la
1665 3376 139 40 diable
1834 3376 56 39 où
1921 3375 28 39 il

211 3457 220 54 reproduit
458 3456 60 41 les
540 3455 222 42 doléances
794 3454 71 41 des
898 3454 247 51 danseuses,
1168 3467 41 26 se
1230 3453 226 54 plaignant
1489 3452 132 53 qu'on
1648 3450 61 40 ait
1729 3448 222 54 supprimé
