2491 4142
953 479 76 39 LA
1059 475 379 49 CHRONIQUE
1470 473 312 42 MUSICALE

502 479 78 41 180

548 646 133 40 Mars
700 651 39 33 et
773 644 138 39 Vénus
916 677 8 17 ,
948 656 56 27 ou
1027 642 61 40 les
1111 641 143 40 Filets
1275 641 52 40 de
1355 639 198 51 Vulcain,
1580 638 130 40 ballet
1730 650 51 27 en
1803 648 28 41 4
1851 643 126 43 actes,
1999 635 50 40 de
2072 635 158 40 Blache

494 721 113 50 père,
631 717 204 52 musique
862 716 49 39 de
933 712 400 43 Schneittzhoëffer.
1431 725 53 41 29
1505 710 86 42 mai
1620 711 124 39 1826.

640 790 55 35 Ce
717 788 122 37 ballet
865 787 106 38 avait
995 788 58 37 été
1072 787 230 50 représenté
1330 785 327 49 précédemment
1674 786 22 33 à
1719 783 227 47 Bordeaux,
1970 785 20 33 à
2015 782 115 49 Lyon
2151 790 39 30 et
2208 785 21 34 à

592 837 216 38 Marseille.

548 907 61 38 Le
630 905 137 54 Siège
780 905 54 41 de
853 904 210 42 Corinthe
1068 937 9 20 ,
1094 905 130 54 opéra
1239 917 52 27 en
1312 901 20 41 3
1352 910 127 46 actes,
1495 900 166 56 paroles
1685 900 50 40 de
1759 898 203 42 Balocchi
1983 907 40 33 et
2036 899 193 55 Soumet,

494 978 205 55 musique
719 979 50 41 de
794 978 189 44 Rossini.
1086 992 22 38 9
1131 978 174 40 octobre
1328 976 127 41 1826.

640 1051 109 37 C'est
769 1062 80 26 une
871 1050 244 46 traduction,
1151 1062 53 24 ou
1235 1048 134 49 plutôt
1390 1058 79 26 une
1488 1045 233 49 adaptation
1740 1045 53 36 du
1813 1044 222 37 Maometto
2062 1043 48 37 de
2135 1044 72 35 Ros-

592 1100 90 38 sini.
708 1101 53 35 Le
782 1100 275 47 compositeur
1078 1097 178 37 remania
1280 1109 40 24 sa
1340 1096 191 47 partition
1545 1103 37 27 et
1601 1107 25 36 y
1641 1094 134 48 ajouta
1790 1094 204 48 plusieurs
2014 1103 217 26 morceaux

588 1160 227 35 nouveaux,
840 1155 112 28 entre
973 1154 135 29 autres
1128 1146 36 35 la
1184 1145 178 37 fameuse
1384 1143 265 37 Bénédiction
1659 1143 68 36 des
1745 1144 214 47 drapeaux.

546 1227 211 52 Astolphe
790 1232 42 33 et
851 1225 193 41 Joconde
1050 1256 8 19 ,
1091 1238 57 26 ou
1171 1225 61 38 les
1271 1223 229 40 Coureurs
1524 1221 290 51 d'aventures,
1860 1221 129 41 ballet
2027 1234 52 26 en
2118 1220 113 40 deux

494 1307 127 43 actes,
644 1298 226 47 d'Aumer,
896 1298 202 52 musique
1118 1296 223 40 d'Hérold.
1441 1307 53 41 29
1514 1293 165 54 janvier
1703 1293 126 54 1827.

545 1372 146 39 Moise
696 1403 10 19 ,
729 1372 126 53 opéra
878 1384 51 26 en
964 1384 28 39 4
1023 1379 126 43 actes,
1170 1368 163 55 paroles
1353 1368 50 40 de
1428 1366 201 41 Balocchi
1652 1375 40 31 et
1714 1368 50 38 de
1792 1366 131 54 Jouy,
1949 1364 201 55 musique
2177 1364 50 40 de

498 1444 189 40 Rossini.
785 1445 52 39 26
870 1457 110 26 mars
1009 1443 122 53 1827.

635 1515 245 49 Adaptation
909 1516 53 34 du
983 1514 116 36 Mosè
1126 1513 149 37 italien.
1295 1512 161 38 Rossini
1475 1512 101 38 revit
1596 1524 39 25 sa
1658 1510 206 51 partition,
1889 1510 98 49 qu'il
2010 1518 217 41 augmenta

590 1567 47 34 de
657 1564 199 49 plusieurs
876 1575 217 25 morceaux
1108 1574 225 26 nouveaux.

545 1643 61 41 Le
637 1642 188 41 Sicilien
833 1675 9 20 ,
872 1656 56 27 ou
959 1643 200 40 VAmour
1186 1642 192 53 peintre,
1409 1641 131 40 ballet
1561 1654 52 27 en
1635 1653 61 28 un
1713 1647 90 34 acte
1827 1639 179 54 (d'après
2041 1639 41 40 la
2109 1637 115 55 pièce

486 1717 50 40 de
571 1716 210 52 Molière),
806 1715 51 41 de
883 1716 126 49 Petit,
1035 1714 202 54 musique
1257 1716 50 39 de
1331 1714 249 40 Ferdinand
1600 1712 77 42 Sor
1698 1721 40 32 et
1759 1710 396 42 Schneittzhoëffer.
2171 1732 54 8 —

493 1805 43 25 11
566 1789 95 54 juin
689 1790 125 54 1827»

540 1862 220 50 Macbeth,
792 1862 126 54 opéra
945 1875 51 26 en
1037 1862 19 38 3
1091 1869 124 43 actes,
1241 1860 165 54 paroles
1427 1860 49 40 de
1500 1860 169 51 Rouget
1690 1857 52 41 de
1766 1856 113 42 Lisle
1907 1864 40 34 et
1968 1858 120 51 Aug.
2116 1856 109 53 Hix,

490 1935 204 54 musique
715 1935 50 39 de
783 1934 201 41 Chelard.
1088 1946 53 42 29
1164 1933 95 54 juin
1289 1934 125 53 1827.

635 2006 188 47 Chelard,
844 2006 137 37 artiste
1002 2006 95 36 d'un
1126 2006 125 46 grand
1282 2006 139 47 talent,
1450 2004 98 37 mais
1582 2017 75 36 peu
1686 2004 181 37 heureux
1888 2013 49 26 en
1957 2003 164 47 France,
2147 2003 78 37 alla

585 2057 90 48 plus
698 2056 87 35 tard
800 2056 178 35 s'établir
1012 2067 49 24 en
1080 2055 238 47 Allemagne
1351 2057 53 33 où
1423 2065 73 25 son
1509 2053 198 47 Macbeth,
1734 2053 165 46 traduit,
1917 2051 134 37 obtint
2071 2064 55 24 un
2144 2052 52 36 im-

588 2116 137 24 mense
747 2107 147 35 succès.

542 2185 65 39 La
628 2184 308 40 Somnambule
943 2216 9 21 ,
972 2196 56 27 ou
1046 2183 217 41 l'Arrivée
1281 2183 101 40 d'un
1394 2194 196 28 nouveau
1600 2180 225 54 seigneur,
1844 2180 131 41 ballet
1988 2193 51 27 en
2058 2180 20 40 3
2095 2188 129 44 actes,

489 2257 50 40 de
565 2258 142 40 Scribe
727 2265 40 32 et
790 2259 182 48 Aumer,
997 2256 204 54 musique
1218 2255 226 42 d'Hérold.
1550 2269 47 38 19
1620 2255 238 52 septembre
1890 2254 122 53 1827.

543 2331 66 39 La
631 2331 173 39 Muette
823 2330 54 40 de
902 2330 179 41 Portici
1084 2363 9 20 )
1114 2331 128 53 opéra
1261 2342 53 27 en
1337 2331 18 38 5
1383 2336 126 45 actes,
1536 2327 165 55 paroles
1723 2328 50 38 de
1795 2326 146 40 Scribe
1957 2334 39 32 et
2020 2326 207 41 Germain

492 2403 248 54 Delavigne,
767 2404 202 53 musique
990 2405 207 40 d'Auber.
1291 2416 52 41 29
1369 2403 153 40 février
1550 2401 124 44 1828,

546 2478 60 39 Le
633 2483 140 34 comte
812 2476 100 55 Ory
919 2510 10 19 ,
959 2478 129 53 opéra
1110 2490 52 26 en
1195 2490 22 26 2
1241 2483 127 44 actes,
1402 2474 164 56 paroles
1586 2474 50 40 de
1657 2473 141 41 Scribe
1816 2480 40 34 et
1879 2473 322 42 Delestre-Poir-

489 2563 92 38 son,
607 2549 204 54 musique
829 2549 50 40 de
905 2549 191 41 Rossini.
1194 2563 54 26 20
1272 2551 104 38 août
1404 2548 125 41 1828.

631 2622 136 36 Scribe
802 2629 38 29 et
873 2621 171 38 Poirson
1065 2622 158 37 avaient
1253 2621 133 36 donné
1414 2633 49 24 au
1488 2620 220 49 Gymnase,
1730 2630 49 25 en
1818 2619 108 47 1816,
1947 2631 56 24 un
2034 2617 71 50 joli
2125 2619 100 48 petit

583 2669 237 48 vaudeville,
859 2669 161 37 intitulé
1055 2671 34 35 le
1120 2671 139 36 Comte
1295 2669 88 49 Ory
1401 2685 8 30 ;
1434 2670 152 35 d'autre
1608 2676 101 40 part,
1735 2680 48 24 en
1809 2667 108 46 1825,
1940 2667 160 36 Rossini
2123 2666 104 38 avait

584 2718 99 36 écrit
704 2730 102 35 pour
827 2717 36 36 le
880 2718 174 36 Théâtre
1077 2719 153 44 Italien,
1256 2725 39 29 et
1313 2721 20 32 à
1355 2718 215 35 l'occasion
1592 2720 54 33 du
1678 2728 107 25 sacre
1820 2716 47 35 de
1900 2715 165 37 Charles
2091 2716 58 47 X,
2169 2728 56 23 un

583 2767 120 46 opéra
722 2768 47 34 de
800 2766 275 37 circonstance
1094 2767 62 36 :Il
1170 2766 178 50 Viaggio
1369 2777 25 24 a
1411 2765 154 46 Reims,
1601 2765 106 36 ossia
1748 2764 200 48 VAlbergo
1986 2764 63 36 del
2082 2763 142 50 Giglio

584 2815 122 36 d'oro.
726 2815 135 37 Scribe
884 2822 38 28 et
946 2817 171 34 Poirson
1138 2817 268 34 remanièrent
1437 2815 87 34 leur
1552 2813 223 37 vaudeville
1797 2824 103 36 pour
1930 2812 193 48 l'adapter
2145 2815 21 33 à
2187 2812 39 36 la

584 2863 187 48 musique
793 2864 52 34 du
891 2862 172 51 Viaggio
1103 2875 25 24 a
1160 2864 135 36 Reims
1300 2894 9 15 ,
1338 2862 158 36 Rossini
1531 2862 140 37 écrivit
1704 2873 102 36 pour
1827 2860 36 37 le
1883 2862 148 35 nouvel
2052 2872 172 36 ouvrage

583 2913 129 34 divers
733 2923 214 25 nouveaux
964 2923 230 34 morceaux,
1218 2920 39 27 et
1273 2913 35 34 le
1321 2918 90 29 tout
1429 2918 117 40 parut
1566 2914 21 32 à
1604 2910 172 49 l'Opéra,
1790 2920 94 26 avec
1919 2909 37 36 le
1978 2909 89 50 plus
2098 2909 127 48 grand

584 2963 152 45 succès,
755 2972 94 24 sous
870 2960 35 36 le
917 2960 93 36 titre
1033 2960 53 36 du
1110 2961 139 36 Comte
1272 2960 103 48 Ory.

541 3040 66 39 La
628 3040 120 39 Fille
769 3041 89 38 mal
877 3040 170 52 gardée
1049 3074 11 14 ,
1084 3040 129 40 ballet
1239 3053 52 27 en
1317 3053 22 26 2
1363 3047 126 45 actes,
1513 3039 51 40 de
1589 3037 248 44 Dauberval
1859 3047 41 33 et
1921 3040 182 52 Aumer,
2128 3050 65 28 mu-

487 3113 122 53 sique
630 3112 223 42 d'Hérold.
952 3127 49 40 17
1025 3114 233 39 novembre
1286 3113 124 40 1828.

635 3186 242 47 Représenté
898 3186 327 47 précédemment
1246 3189 21 33 à
1296 3185 230 37 Bordeaux.

539 3254 66 40 La
644 3252 129 40 Belle
802 3266 54 27 au
887 3252 92 41 bois
1009 3254 206 40 dormant
1220 3286 8 20 ,
1255 3253 129 42 ballet
1405 3267 53 27 en
1480 3266 29 40 4
1541 3259 128 45 actes,
1704 3252 51 40 de
1785 3250 146 43 Scribe
1966 3259 40 34 et
2038 3252 184 52 Aumer,

487 3327 203 53 musique
710 3325 227 42 d'Hérold.
1036 3339 53 42 27
1113 3327 108 41 avril
1249 3328 124 54 1829.

546 3400 249 41 Guillaume
837 3399 99 40 Tell
941 3431 10 21 ,
988 3400 127 52 opéra
1150 3414 54 26 en
1236 3414 27 39 4
1299 3408 126 44 actes,
1465 3399 165 56 paroles
1651 3400 180 54 d'Hipp.
1860 3399 71 42 Bis
1954 3406 40 34 et
2015 3399 51 41 de
2086 3398 134 56 Jouy,

486 3473 202 54 musique
703 3472 52 41 de
773 3471 189 44 Rossini.
1055 3473 19 40 3
1101 3475 103 39 août
1232 3473 125 54 1829.
