2997 4193
2864 4000 46 21 259

181 136 77 28 Herr
284 135 157 28 Theobald
465 133 107 28 wurde
599 132 134 32 unruhig.

145 188 153 31 Belästige
322 186 44 28 ich
389 184 67 30 sie?
477 185 97 32 fragte
596 192 32 20 er
649 183 73 29 sich.

127 258 5 7 ..
145 237 144 30 Dennoch
310 242 102 28 wagte
436 244 41 25 er,
499 242 91 21 wenn
612 234 76 29 auch
711 234 144 34 zögernd,
877 233 108 27 weiter

87 288 234 32 vorzudringen.

143 338 61 34 „So
223 338 115 27 •wollen
362 336 50 28 Sie
436 344 34 20 es
493 336 81 28 nicht

144 386 209 33 „Versuchen!
398 404 37 2 —
477 404 38 2 —
557 384 78 35 Wie,
680 385 79 27 Herr
804 379 180 32 Theobald?

143 487 77 28 Herr
246 487 158 28 Theobald
430 485 170 30 überwand
626 485 72 28 sich.

144 536 86 30 Ohne
259 537 42 28 ihr
329 538 43 26 ins
402 536 125 28 Gesicht
555 536 93 28 sehen
677 544 35 18 zu
741 534 129 32 können,
898 534 86 30 sagte

89 597 45 19 er:
158 587 113 35 „Dafür
294 588 61 27 will
378 586 45 28 ich
447 595 93 24 gerne
562 586 97 33 Sorge
682 588 104 29 tragen
811 609 5 5 .
841 607 5 5 .
868 607 5 5 .
894 590 90 21 wenn

89 637 48 29 Sie
159 640 152 31 gestatten
336 660 5 5 .
365 660 5 5 .

143 694 180 30 Schließlich
342 696 79 28 warf
440 705 31 19 er
492 696 78 28 doch
592 696 84 27 einen
696 693 84 28 Blick
802 703 34 19 zu
860 693 42 27 ihr
922 693 48 27 hin-

88 746 81 28 über.
192 745 50 29 Sie
263 746 48 33 lag
331 746 78 28 noch
432 747 118 27 ebenso'
569 744 219 33 unbeweglich,
811 743 62 30 ihre
894 743 92 28 Lider

87 796 170 29 bedeckten
284 797 43 27 die
351 797 116 33 Augen,
491 795 68 28 kein
583 793 63 34 Zug
668 795 28 27 in
721 793 93 28 ihrem
840 792 144 29 Gesichte

87 847 120 27 verriet:
226 846 52 28 sie.

142 895 98 35 „Wie;
259 896 50 28 Sie
331 894 134 30 wollen?
488 919 5 5 .
516 919 5 5 .
588 894 99 33 fragte
710 896 42 27 sie
776 893 125 35 endlich,
926 892 58 29 und

87 948 26 26 in
139 947 78 27 ihrer
242 947 96 32 Frage
365 948 47 30 lag
437 946 97 28 nichts
559 953 60 20 von
645 944 257 32 Ueberraschung
926 942 57 29 und

87 997 97 30 nichts
211 1006 59 19 von
298 996 126 29 Freude.

145 1055 95 35 „Was
273 1058 25 26 in
327 1056 122 27 •meinen
480 1054 125 31 Kräften
639 1053 89 33 steht,
896 1054 86 30 sagte

86 1105 81 29 Herr
185 1106 161 28 Theobald
372 1105 143 32 zögernd.
562 1103 66 35 „Ich
656 1104 78 28 habe
762 1103 114 28 freilich
904 1101 81 29 nicht

87 1157 68 31 viel,
171 1157 125 27 —aber
313 1164 91 19 wenn
423 1155 43 28 sie
483 1155 140 33 glauben,
641 1153 56 29 daß
716 1162 32 21 es
767 1154 179 28 ausreicht..

143 1206 61 29 Das
233 1206 103 28 dürfen
366 1204 50 29 Sie
444 1204 80 29 nicht
661 1207 85 30 sagte
775 1201 209 34 unbeweglich

85 1255 137 29 Fräulein
251 1255 153 29 Hermine.

141 1306 78 28 Herr
238 1303 157 31 Theobald
416 1314 67 20 war
508 1305 103 29 ratlos.

138 1353 157 34 '„Nehmen
319 1356 50 29 Sie
396 1365 32 20 es
452 1357 82 28 nicht

142 1406 81 32 „Das
249 1407 104 28 dürfen
379 1406 51 29 Sie
454 1406 81 30 nicht
666 1406 200 28 wiederholte
891 1405 75 28 Fräu-

86 1457 56 29 lein
167 1457 144 29 Hermine
335 1459 52 27 mit
412 1458 52 27 der
489 1457 137 33 gleichen
652 1455 230 34 Farblosigkeit,
906 1456 78 28 ohne

85 1508 54 28 mit
155 1508 85 28 einer
257 1507 138 33 Wimper
415 1515 37 21 zu
472 1507 127 29 zucken.

142 1556 103 37 „Habe
268 1558 44 28 ich
335 1558 50 28 Sie

142 1618 96 35 „Herr
258 1618 174 28 Theobald!
452 1616 75 29 Wer
548 1620 68 29 sagt
639 1616 88 28 Ihnen
751 1616 86 33 denn,
859 1614 56 29 daß
939 1614 46 28 ich

87 1669 46 28 Ihr
156 1668 76 29 Geld
253 1668 80 29 nicht
355 1668 118 33 nehme,
495 1676 50 20 um
565 1668 56 27 mir
642 1667 93 28 damit
759 1667 95 31 einige
875 1666 109 31 lustige

87 1717 84 35 Tage
202 1728 35 19 zu
270 1718 127 29 machten
430 1719 57 27 und
522 1718 76 27 dann
630 1717 116 28 wieder
778 1734 37 2 —
844 1717 124 26 unterzu-

142 1819 91 34 „Nein
254 1819 139 28 Fräulein
412 1819 92 28 reden
525 1818 49 28 Sie
595 1818 80 27 nicht
695 1816 50 28 so!
766 1840 5 4 .
793 1839 5 5 .
818 1839 5 5 .
863 1815 63 28 Das
946 1816 39 26 ist

85 1871 29 30 ja
134 1893 5 5 .
162 1867 4 36 .
188 1892 5 5 .
214 1869 82 30 Nein,
317 1870 77 33 nein,
415 1869 93 27 hören
529 1867 50 29 Sie

141 1927 94 36 „Wer
263 1931 67 31 sagt
356 1928 90 29 Ihnen
475 1927 77 30 das?
578 1928 123 29 Wissen
728 1928 50 29 Sie
806 1929 86 32 denn,
918 1937 66 19 wer

87 1978 44 28 ich
149 1978 72 28 bin?
241 1978 124 31 Kennen
386 1978 50 29 Sie
455 1978 102 29 mich?
576 1978 75 30 Wer
670 1979 90 32 bürgt
778 1979 90 28 Ihnen
890 1979 95 33 dafür,

88 2028 55 29 daß
168 2029 120 30 ich..Sie
313 2030 82 28 nicht
421 2039 36 19 an
485 2030 52 28 der
561 2029 81 29 Nase

141 2078 40 32 Es
201 2088 66 19 war
289 2088 54 24 gar
364 2079 90 34 nicht,
477 2080 43 28 als
541 2080 38 28 ob
601 2081 43 27 sie
666 2088 33 21 es
721 2081 52 32 sei,
797 2081 45 27 die
866 2079 117 33 sprach.

142 2129 157 33 Irgendein
318 2129 152 29 Miädchen
487 2130 49 33 lag
555 2130 49 29 auf
624 2131 67 28 dem
710 2130 83 34 Sofa,
813 2130 156 28 teilnahms-

87 2178 54 35 los,
174 2182 53 26 mit
261 2180 238 33 geschlossenen
534 2180 115 33 Augen,
684 2181 59 27 und
781 2189 54 20 aus
870 2181 114 27 seinem

87 2229 113 31 Munde
223 2230 109 28 kamen
348 2231 157 32 .gelassen,
529 2230 77 28 ohne
630 2231 62 28 sich
716 2239 36 19 zu
777 2230 208 32 überstürzen,

85 2277 119 38 Worte,
231 2279 108 30 Worte
369 2303 74 6 ...

143 2330 49 29 Sie
228 2339 104 20 waren
370 2331 124 33 farblos,
529 2331 61 28 fast
626 2331 75 28 ohne
736 2330 160 34 Betonung
933 2338 35 25 ge-

87 2381 159 32 sprochen,
268 2390 67 19 man
358 2382 114 28 konnte
494 2382 39 28 im
554 2380 125 30 Zweifel
702 2382 74 33 sein,
797 2382 38 27 ob
861 2382 54 30 die,
940 2381 45 27 die

87 2432 42 28 sie
150 2432 118 33 sprach,
289 2432 90 30 wach
398 2440 67 20 war
486 2432 74 28 oder
581 2430 114 30 schlief.

142 2481 63 30 Das
235 2483 125 32 einzige,
388 2482 148 28 wodurch
565 2483 43 27 sie
638 2482 65 28 eine
731 2481 124 28 Nuance
883 2481 102 28 Leben

87 2531 155 35 erhielten,
265 2541 55 19 nur
339 2533 87 27 einen
450 2531 115 34 Hauch,
589 2531 102 31 schien
715 2533 46 27 ein
785 2532 89 28 leiser
896 2531 89 32 Spott

88 2591 36 19 zu
143 2584 73 27 sein.
253 2582 78 28 Herr
350 2582 158 29 Theobald
527 2582 93 28 fühlte
642 2582 46 28 ein
708 2582 87 28 leiser
816 2580 89 33 Spott
925 2604 6 5 .
953 2605 5 5 .
980 2605 5 5 .

143 2643 65 35 „Ja,
230 2652 34 20 so
285 2643 89 28 leicht
397 2643 128 28 machen
545 2642 52 29 Sie
619 2649 32 22 es
673 2643 107 31 einem,
802 2640 51 29 Sie
875 2648 37 20 zu
933 2640 35 27 be-

87 2694 122 32 trügen!
231 2717 5 4 .
257 2716 6 5 .
284 2717 5 4 .
309 2693 114 28 Stellen
442 2692 51 29 Sie
512 2693 62 27 sich
596 2700 65 22 vor,
682 2693 57 26 wie
761 2691 73 28 alles
853 2690 131 28 kommt:

87 2752 68 19 man
174 2745 106 28 nimmt
299 2744 46 27 Ihr
365 2743 86 34 Geld,
470 2742 47 29 Ihr
536 2743 130 27 schönes
686 2741 86 30 Geld,
790 2740 78 28 Herr
887 2739 80 29 Theo-

89 2794 77 33 bald,
188 2803 67 19 man
280 2794 99 28 macht
401 2794 52 27 mit
477 2793 59 27 ihm
560 2793 111 27 davon.
695 2816 5 4 .
724 2815 5 5 .
771 2791 214 33 Irgendwohin

88 2861 36 3 —
146 2843 155 31 natürlich,
325 2843 80 29 wo's
430 2844 89 32 lustig
545 2845 36 26 ist
608 2865 5 6 .
637 2865 5 5 .
668 2865 5 5 .
709 2842 53 28 das
787 2841 93 28 findet
906 2840 77 29 sich!

89 2893 137 34 Jemand,
248 2894 51 27 der
318 2892 136 31 mitfährt
473 2891 4 36 .
498 2891 4 36 .
523 2891 4 36 .
548 2892 92 29 haha!
662 2915 5 4 .
686 2915 5 4 .
711 2891 4 36 .
736 2893 53 26 der
807 2891 94 28 findet
922 2891 63 28 sich

89 2942 91 29 auch!
205 2966 5 4 .
234 2965 5 5 .
261 2967 5 5 .
291 2942 76 29 Was
391 2943 54 28 soll
468 2951 70 19 man
563 2940 151 30 machen?
737 2940 72 29 M,an
834 2940 151 29 unterhält

89 2993 62 29 sich
171 2992 106 29 nicht?
296 2992 40 28 Zu
357 2992 130 30 Zweien,
505 3001 36 19 zu
562 2992 120 32 Dreien,
703 3001 35 19 zu
759 2991 226 28 Dutzenden...

88 3043 51 29 Sie
157 3043 97 28 haben
276 3044 65 27 eine
363 3042 135 32 Ahnung,
518 3050 65 20 was
605 3050 68 19 man
693 3042 104 28 treibt!
821 3065 5 4 .
848 3064 5 5 .
875 3064 5 5 .
912 3040 72 28 Man

90 3094 99 31 trinkt,
212 3102 68 20 man
306 3093 79 28 lacht
411 3115 5 5 .
441 3114 5 5 .
472 3116 5 4 .
501 3090 73 29 Man
597 3092 89 30 lacht,
710 3091 77 28 Herr
811 3090 172 29 Theobald!

89 3142 70 30 Man
181 3144 96 28 wälzt
302 3142 72 33 sich,
397 3161 38 2 —
458 3142 43 31 ja!
527 3165 5 5 .
556 3166 6 5 .
586 3164 6 5 .
625 3140 40 29 Es
689 3142 62 31 gibt
777 3142 36 27 da
837 3143 65 26 eine
927 3140 39 27 Ge-

89 3194 134 28 schichte
244 3217 5 5 .
268 3217 5 4 .
295 3190 4 32 .
320 3202 60 19 von
403 3194 96 27 einem
522 3192 78 28 alten
623 3190 90 29 Mann
734 3213 5 5 .
760 3213 5 6 .
785 3213 5 5 .
811 3191 92 28 haha!
926 3213 5 6 .
952 3214 5 5 .
979 3212 5 5 .

89 3244 53 28 der
159 3243 102 29 Huren
284 3243 75 28 Geld
379 3244 63 32 gibt
463 3266 5 5 .
490 3266 5 5 .
516 3267 5 5 .
541 3241 91 29 haha!
654 3264 5 5 .
680 3264 5 5 .
706 3241 4 35 .
729 3241 46 27 für
793 3241 113 27 nichts!
927 3241 4 35 .
952 3262 5 5 .
979 3241 4 35 .

87 3293 47 28 für
153 3293 113 28 nichts!

131 3343 87 29 •Was
235 3344 48 28 bin
301 3344 45 28 ich
365 3344 46 28 für
429 3345 46 26 ein
493 3342 223 31 jämmerlicher
734 3339 143 29 Mensch!
898 3343 85 29 sagte

89 3393 61 29 sich
175 3394 27 28 in
226 3393 166 29 Gedanken
416 3393 78 27 Herr
517 3392 165 28 Theobald.
724 3390 126 28 Warum
872 3389 111 28 breche

90 3443 44 28 ich
153 3443 80 28 nicht
254 3444 25 27 in
301 3443 164 28 Gelächter
483 3451 54 20 aus
558 3443 73 28 über
651 3441 93 28 mich!

144 3500 38 28 Er
206 3502 53 26 sah
284 3502 63 28 sich
371 3509 57 20 vor
452 3502 97 28 einem
571 3501 135 27 anderen
731 3499 116 33 stehen,
873 3498 52 27 der
952 3504 31 20 er

89 3551 94 28 selbst
207 3559 75 24 war,
306 3552 58 26 und
390 3551 54 28 sah
468 3551 71 33 sich,
564 3552 59 26 wie
649 3558 31 19 er
706 3550 73 27 über
806 3549 101 27 diesen
931 3554 34 21 an-

88 3601 92 27 deren
211 3600 107 31 lachte,
350 3601 57 26 und
450 3601 98 27 dieses
591 3600 162 27 Gelächter
793 3598 90 32 klang
924 3596 58 28 ihm

89 3650 118 32 gellend
228 3651 26 27 in
275 3650 45 27 die
343 3648 109 30 Ohren.
473 3650 30 28 In
522 3649 210 28 Wirklichkeit
752 3648 125 29 brachte
898 3655 31 19 er
951 3654 33 20 es

89 3709 54 19 nur
170 3708 35 19 zu
235 3700 82 27 einer
345 3700 229 28 verzweifelten
602 3699 190 32 Aeußerung,
821 3700 27 27 in
877 3698 46 27 die
952 3704 31 20 er

92 3750 76 27 allen
201 3751 103 27 seinen
336 3747 146 29 Schmerz
513 3750 60 27 und
605 3749 45 28 all'
684 3750 82 26 seine
795 3747 188 31 Entrüstung

92 3798 219 33 hineinpreßte:

145 3848 172 34 „Fräulein!
341 3870 5 6 .
369 3871 5 5 .

146 3898 96 34 „Herr
492 3901 86 29 sagte
603 3898 43 28 sie
672 3897 97 28 weich
795 3897 58 28 und
879 3897 105 30 schlug

90 3956 68 21 zum
178 3951 100 25 ersten
302 3947 79 29 Male
404 3948 45 27 die
469 3947 104 31 Augen
592 3947 57 27 auf.

1115 131 92 29 Hatte
1230 134 43 26 sie
1293 141 54 24 gar
1369 134 98 28 nichts
1488 133 131 34 gesagt?

1118 183 49 29 Sie
1188 192 113 26 sprang
1323 185 50 28 auf
1393 186 58 28 und
1474 186 114 28 reichte
1608 185 99 29 Herrn
1728 186 156 29 Theobald
1910 188 45 27 die

1061 233 96 30 Hand.
1197 234 67 32 „Ich
1281 235 107 28 nehme
1408 244 45 23 an,
1473 236 45 27 ich
1536 235 110 30 nehme
1758 237 54 28 rief
1831 237 42 27 sie
1892 244 64 21 aus.

1061 284 108 34 „Alles,
1187 292 67 21 was
1272 293 61 20 von
1354 285 89 28 Ihnen
1465 285 125 35 kommt,
1609 286 108 28 nehme
1737 286 46 27 ich
1802 286 53 29 an!
1875 286 80 28 Aber

1062 334 45 28 ich
1134 336 84 27 zahle
1242 343 35 20 es
1301 334 91 30 Ihnen
1418 335 127 28 zurück!
1572 336 82 28 Alles
1680 335 84 29 zahle
1792 336 45 28 ich
1864 336 91 28 Ihnen

1061 385 122 31 zurück,
1206 386 87 29 jeden
1313 385 148 31 Kreuzer!
1487 408 5 4 .
1515 408 5 5 .
1544 385 4 34 .
1571 385 87 28 Nicht
1680 386 96 33 wahr,
1799 385 50 28 Sie
1872 386 67 32 glau-

1061 435 57 27 ben
1137 445 32 21 es
1261 432 2 36 '
1281 435 50 28 Sie
1350 435 129 33 glauben
1500 444 32 20 es

1117 484 136 35 „Gewiß,
1274 484 139 29 Fräulein
1434 485 142 28 Hermine
1599 508 5 5 .
1627 484 4 35 .

1117 534 49 29 Sie
1192 534 87 29 hörte
1305 536 80 28 nicht
1411 535 58 34 auf,
1494 536 83 27 seine
1602 535 106 28 Hände
1735 544 34 19 zu
1797 535 159 28 schütteln;

1117 584 85 34 „Und
1228 585 49 28 Sie
1303 585 152 28 schenken
1483 593 32 19 es
1541 586 54 27 mir

1117 635 76 28 Herr
1216 635 157 29 Theobald
1394 636 107 27 wurde
1524 638 56 25 rot.

1117 686 81 27 Aber
1220 687 42 26 sie
1287 686 94 32 drang
1405 686 26 27 in
1456 685 62 28 ihn:
1545 685 118 34 „Sagen
1686 684 49 29 Sie
1760 693 42 26 es,
1826 684 56 28 daß
1905 684 50 28 Sie

1061 744 33 20 es
1120 737 56 27 mir
1203 735 81 29 nicht
1311 735 169 29 schenken!
1507 734 101 34 Sagen
1635 734 51 29 Sie
1714 743 41 22 es,
1783 742 94 25 sagen
1905 734 50 28 Sie

1117 835 56 34 „Ja
1198 835 4 34 .
1228 859 5 4 .
1258 856 5 7 .
1286 837 28 29 ja
1338 858 5 5 .
1367 858 6 5 .

1116 886 67 34 „Ich
1211 886 83 27 freue
1319 886 77 27 mich
1425 885 114 28 darauf.
1566 885 95 28 Jetzt!
1689 884 80 29 Jetzt
1799 884 83 28 freue
1910 883 46 29 ich

1061 936 79 28 mich'
1166 936 121 28 darauf!
1315 958 70 6 ...
1437 935 49 28 Ich
1514 936 104 28 werde
1646 935 78 28 heim
1749 934 105 28 fahren
1882 957 6 5 .
1916 957 5 5 .
1950 956 6 5 .

1060 987 78 27 heim
1156 1009 5 5 .
1179 1009 5 5 .
1201 1009 5 5 .
1222 986 126 28 Denken
1366 985 49 29 Sie
1431 985 77 28 sich:
1527 985 75 28 zehn
1621 984 91 29 Jahre
1729 993 66 20 war
1814 985 45 27 ich
1875 983 80 29 nicht

1060 1036 84 28 mehr
1165 1045 35 20 zu
1221 1035 119 30 Hause!
1361 1035 81 29 Zehn
1466 1035 92 28 Jahre
1579 1058 5 5 .
1606 1058 7 5 .

1115 1086 68 28 Und
1210 1086 77 28 ohne
1317 1087 94 28 daran
1439 1094 36 20 zu
1503 1085 126 34 denken,
1659 1084 54 29 daß
1741 1094 30 19 er
1799 1093 33 20 es
1862 1083 93 29 schon

1060 1136 111 31 wußte,
1190 1137 61 32 fing
1268 1138 43 28 sie
1330 1137 115 27 wieder
1467 1145 45 22 an,
1532 1136 60 28 ihm
1609 1144 60 19 von
1691 1135 97 32 allem,
1807 1143 60 19 von
1888 1134 68 28 dem

1060 1188 43 28 sie
1126 1187 47 27 ihn
1199 1187 93 27 schon
1315 1189 123 30 gestern
1461 1185 199 29 unterrichtet
1682 1185 91 33 hatte,
1795 1185 77 28 noch
1897 1186 45 26 ein-

1060 1237 59 28 mal
1143 1246 36 19 zu
1204 1236 155 29 erzählen:
1385 1244 59 20 von
1470 1236 94 28 ihrem
1589 1235 93 29 Dorfe
1707 1235 57 28 und
1790 1243 59 19 von
1874 1234 82 28 ihren

1061 1287 126 28 Leuten.
1214 1287 2 28 .

1115 1337 96 29 Dabei
1228 1337 69 29 kam
1314 1338 41 28 sie
1373 1339 26 26 in
1416 1337 84 29 ihrer.
1510 1336 180 35 Erzählung,
1710 1337 45 27 die
1774 1338 41 26 sie
1833 1337 27 27 in
1877 1335 79 28 ihrer

1059 1388 54 30 Art
1141 1387 188 34 sprunghaft,
1358 1395 180 20 verworren
1568 1387 58 27 und
1656 1386 77 28 ohne
1762 1385 173 29 Zusammen-

1059 1438 80 32 hang
1161 1438 196 30 vorbrachte,
1380 1438 106 28 immer
1507 1438 117 27 wieder
1649 1437 105 28 darauf
1778 1435 122 32 zurück,
1924 1444 32 19 er

1060 1490 89 31 möge
1169 1489 27 30 ja
1217 1488 80 28 nicht
1319 1488 138 33 glauben,
1480 1486 55 29 daß
1555 1488 43 27 sie
1620 1495 61 20 von
1700 1487 159 32 gemeinen
1879 1486 58 27 Leu-

1060 1543 60 29 ten,
1145 1538 77 29 ohne
1248 1538 128 33 Bildung
1403 1538 58 28 und
1488 1538 78 28 ohne
1590 1536 170 34 Erziehung
1786 1537 53 28 sei.

1116 1588 50 28 Sie
1187 1588 108 33 sprach
1317 1590 26 26 in
1366 1588 52 28 der
1439 1587 58 29 Tat
1519 1587 84 29 recht
1622 1587 134 33 gewählt
1778 1587 59 28 und
1857 1587 98 31 zeigte

1061 1638 63 29 sich
1151 1639 84 31 jeder
1265 1638 149 29 Situation
1444 1638 195 34 gewachsen,
1668 1638 37 32 ja,
1735 1638 97 27 einem
1863 1636 74 28 unbe-

1060 1689 183 33 fangeneren
1271 1688 193 29 Beobachter
1493 1689 42 27 als
1562 1687 98 28 Herrn
1687 1686 155 29 Theobald
1870 1688 86 26 wäre

1060 1739 91 29 kaum
1176 1740 83 29 jener
1285 1739 54 29 leis
1365 1738 148 28 ironische
1541 1737 65 29 Ton
1635 1737 77 28 ihrer
1749 1736 108 29 Worte
1894 1738 47 25 ent-

1060 1797 128 25 gangen,
1210 1790 53 27 mit
1286 1790 66 26 dem
1376 1789 43 28 sie
1441 1789 165 32 gleichsam
1630 1788 61 27 ihre
1715 1787 112 28 höhere
1849 1786 94 28 Intelli-

1060 1848 76 24 genz
1162 1839 175 28 markierte.
1383 1838 145 27 Dennoch
1556 1846 66 20 war
1651 1837 76 28 noch
1755 1845 34 20 so
1816 1837 59 27 viel
1903 1836 53 27 des

1060 1888 153 33 Frischen,
1237 1888 281 29 Unbekümmerten
1546 1889 57 27 und
1627 1886 116 29 Naiven
1769 1888 27 26 in
1822 1886 52 31 ihr,
1900 1885 56 29 daß

1061 1939 61 29 ihre
1152 1938 107 30 Worte
1287 1940 59 26 wie
1373 1938 179 32 prasselnde
1581 1937 122 28 Funken
1733 1936 118 34 stoben,
1879 1936 77 28 ohne

1062 1989 55 29 daß
1143 1990 45 27 die
1210 1989 225 33 Lebhaftigkeit
1458 1989 79 27 ihres
1561 1987 133 29 Wesens
1718 1989 43 26 sie
1787 1987 75 28 dazu
1886 1994 53 19 ver-

1060 2039 80 29 führt
1177 2039 91 31 hätte,
1308 2039 84 34 platt,
1432 2039 118 32 gemein
1588 2038 58 28 und
1686 2038 101 31 plump
1827 2037 54 28 roh
1920 2044 35 20 zu

1060 2090 135 27 werden.

1117 2140 96 31 Kaum
1245 2140 56 28 daß
1331 2140 63 28 sich
1423 2140 47 27 hin
1501 2140 58 27 und
1599 2139 116 27 wieder
1758 2138 90 27 durch
1891 2138 65 26 eine

1062 2190 102 32 Geste,
1185 2192 85 26 einen
1293 2189 94 33 Blick,
1408 2190 65 28 eine
1495 2188 161 33 Wendung
1678 2189 124 30 verriet,
1824 2196 65 19 wer
1913 2188 43 27 sie

1060 2249 75 19 war.

1117 2290 77 28 Herr
1220 2290 156 28 Theobald
1402 2289 89 28 hörte
1519 2288 43 29 ihr
1589 2291 198 30 angestrengt
1815 2296 44 25 zu,
1886 2295 53 19 ver-

1062 2340 125 33 schlang
1215 2342 43 26 sie
1287 2340 53 28 mit
1368 2341 102 27 seinen
1501 2338 123 29 Blicken
1655 2340 59 26 und
1744 2337 102 29 wußte
1879 2337 77 27 doch

1062 2390 90 35 nicht,
1177 2399 67 19 was
1270 2391 42 27 sie
1337 2391 96 31 sagte.

1119 2440 39 28 Er
1190 2441 120 28 machte
1342 2440 147 28 zuweilen
1523 2441 64 26 eine
1620 2439 92 28 kurze
1742 2437 206 33 Bemerkung,

1061 2491 99 28 nickte
1181 2491 60 28 viel
1261 2491 53 27 mit
1336 2491 67 26 dem
1423 2490 97 32 Kopfe
1541 2490 61 27 und
1622 2489 137 32 lächelte,
1782 2497 89 19 wenn
1894 2488 62 27 ihre

1060 2540 101 30 Zähne
1185 2541 185 32 aufblitzten,
1394 2539 194 29 mechanisch
1609 2539 62 28 mit.

1117 2591 42 28 Im
1182 2591 164 28 Geheimen
1370 2591 72 27 aber
1464 2598 56 26 sog
1543 2598 32 19 er
1595 2589 62 28 sich
1680 2590 53 27 mit
1755 2588 93 29 ihrem
1870 2587 86 28 Bilde

1060 2642 71 32 voll,
1159 2643 106 31 prägte
1293 2641 62 29 sich
1382 2641 87 30 jeden
1498 2639 152 29 einzelnen
1680 2639 79 28 ihrer
1787 2638 82 33 Züge
1900 2639 55 32 ein,

1063 2691 56 29 ließ
1152 2691 62 29 sich
1256 2691 87 28 keine
1385 2691 79 28 ihrer
1504 2690 100 28 vielen
1646 2688 307 30 charakteristischen

1062 2742 114 28 Gesten
1196 2742 58 28 und
1275 2741 96 29 Laute
1392 2740 158 33 entgehen.

1145 2791 55 29 Mit
1232 2792 76 28 allen
1338 2791 114 28 Fasern
1482 2792 99 26 seines
1613 2789 123 29 starken
1766 2789 189 32 Verlangens

1061 2843 84 28 hatte
1166 2850 31 20 er
1219 2841 63 30 sich
1305 2850 35 20 an
1364 2843 43 27 sie
1427 2841 211 33 geklammert.

1117 2891 38 29 Er
1174 2891 119 28 wußte:
1315 2892 44 27 ihr
1380 2890 65 29 Bild
1465 2891 106 28 würde
1591 2891 46 27 nie
1658 2890 84 28 mehr
1761 2890 27 27 in
1808 2889 58 29 ihm
1888 2897 51 19 ver-

1060 2942 95 32 gehen
1183 2965 70 5 ...

1682 2987 181 27 Fortsetzung
1889 2986 67 28 folgt

1063 3403 320 57 Märzlieh
1434 3402 132 56 den
1613 3400 127 55 Kur-

1058 3486 490 57 fürstendamm
1597 3482 314 57 herunter

1061 3594 60 29 Der
1152 3596 104 31 Kaiser
1289 3594 139 29 Wilhelm
1461 3591 310 31 Gedächtnis-Kirche
1803 3591 148 32 ragender

1858 3640 93 27 Turm

1060 3691 66 34 (der
1148 3695 49 28 auf
1218 3695 41 28 Bf
1265 3695 9 12 r
1277 3695 45 28 ehl
1345 3702 60 20 von
1427 3694 29 27 S.
1478 3692 41 29 M.
1540 3692 53 28 mit
1614 3692 68 27 dem
1705 3691 87 28 Stern
1815 3690 48 28 auf
1883 3690 68 27 dem

1841 3735 110 35 Kreuz)

1062 3794 77 28 sieht
1169 3794 91 29 heute
1294 3803 33 19 so
1359 3790 383 34 iibermangansauerkalig

1059 3843 183 33 gewaschen
1267 3852 62 19 aus.

1060 3893 62 28 Das
1143 3901 66 20 war
1233 3894 50 27 der
1306 3892 171 29 Märzwind
1500 3892 51 28 der
1575 3886 104 37 Nacht,

1061 3944 51 26 der
1133 3943 161 28 märzliche
1312 3942 113 31 Regen,

2032 140 363 38 vorfrühlingsfröstelnd,

2032 191 152 28 vielleicht
2201 192 73 29 aber
2293 193 73 28 auch
2653 204 7 7 '
2829 191 3 30 •

2031 258 38 2 —
2085 248 65 20 wer
2170 241 78 29 kann
2270 244 54 29 das
2343 244 127 27 wissen!
2489 263 36 2 —
2561 241 4 32 ,
2589 241 3 32 •

2034 290 44 27 ein
2102 289 172 31 heimlicher
2296 292 80 29 Gruß
2401 303 52 21 aus
2479 295 55 27 den
2558 294 116 35 Lüften,

2034 339 45 28 die
2102 340 75 29 eben
2197 342 58 27 mal
2275 344 108 31 nötige,
2405 345 118 28 absolut
2544 346 101 32 nötige
2665 345 143 29 Schleuse

2033 398 53 20 aus
2115 391 67 27 dem
2206 390 33 29 P.
2265 391 32 28 P.
2327 393 52 29 des
2394 393 358 33 'Zeppelin-Luftschiffes

2032 435 79 34 (war
2137 449 33 20 es
2194 440 78 28 Herr
2297 441 178 36 Silbergleit,
2500 444 110 31 Heller,
2636 453 53 24 gar
2714 443 204 37 NatterÖth?),

2034 489 45 28 die
2101 491 72 29 jetzt
2195 498 56 24 gen
2274 491 257 33 Schmargendorf

2032 539 177 33 unschuldig

2033 588 82 29 ihren
2139 590 147 32 goldenen
2312 590 153 35 Geierflug
2490 593 85 28 zieht.
2656 588 2 37 •

2534 652 101 28 Alfred
2660 654 125 29 Richard
2810 654 108 33 Meyer

2032 911 444 72 Empfohlene
2524 919 265 58 Bücher

2079 1000 49 27 Die
2152 1002 204 31 Schriftleitung
2379 1006 90 26 behält
2492 1007 56 26 sich
2572 1008 192 32 Besprechung
2788 1013 46 24 der
2858 1013 55 26 hier

2036 1046 152 24 genannten
2208 1045 104 27 Biicher
2330 1054 57 18 vor.
2421 1047 48 27 Die
2488 1049 167 31 Aufführung
2675 1053 128 26 bedeutet
2819 1055 100 26 bereits

2036 1084 59 24 eine
2113 1084 183 31 hrnpfehlung.
2331 1088 129 31 Verleger
2478 1092 121 26 erhalten
2617 1094 55 25 hier
2691 1095 72 25 nicht
2781 1098 138 25 erwähnte

2036 1125 107 27 Bücher
2164 1129 109 28 zurück,
2294 1129 60 26 fallis
2376 1131 155 30 Rückporto
2554 1135 137 31 beigefügt
2713 1140 103 26 wurde.

2031 1189 151 31 Albert
2204 1192 76 28 Ehr
2291 1197 46 24 ein
2349 1196 112 28 stein
2882 1196 34 36 \J

2069 1239 153 31 Tubutsch

2070 1288 55 31 Mit
2152 1291 209 37 Zeichnungen
2389 1305 60 21 von
2479 1296 139 32 Oskar
2647 1300 256 32 Kokoschka

2107 1340 111 35 Verlag
2242 1343 117 31 Jähoda
2383 1348 59 26 und
2467 1347 99 34 Siegel
2599 1353 9 33 /
2642 1350 87 30 Wien

2702 1397 2 25 '
2728 1409 9 13 j
2756 1397 3 25 i
2771 1397 2 25 '
2835 1397 1 25 •

2032 1416 151 30 Albert
2205 1418 257 34 Ehrenstein

2070 1467 61 29 Der
2153 1468 191 32 Selbstmord
2369 1474 81 27 eines
2472 1474 108 31 Katers

2106 1517 151 31 München
2291 1518 11 38 /'
2335 1521 109 36 Verlag
2472 1523 101 35 Georg
2598 1524 108 31 Müller

2030 1594 246 31 Alexandre
2302 1596 31 28 M
2347 1606 16 19 e
2376 1606 39 20 rc
2427 1607 16 19 e
2455 1608 14 19 r
2482 1608 15 19 e
2510 1608 16 19 a
2538 1609 16 19 u

2069 1644 126 31 Paroles
2220 1648 113 29 devant
2358 1649 26 28 la
2409 1649 53 28 Vie

2107 1695 42 29 La
2170 1696 53 28 Vie
2245 1691 10 38 /
2274 1696 41 30 Le
2338 1701 89 29 poete
2450 1695 10 34 /
2480 1700 42 28 La
2544 1699 149 30 Fimancee
2715 1698 11 39 /
2747 1703 42 28 La
2811 1703 108 30 fernrne

2107 1748 136 27 enceinte
2288 1742 9 39 /
2338 1748 42 28 La
2413 1748 85 30 Mere
2533 1750 169 30 Soi-Meme
2735 1747 14 34 ./
2784 1753 41 29 La
2861 1754 39 27 De-

2107 1804 102 21 meure
2232 1792 14 35 !
2268 1797 42 28 La
2336 1797 81 30 Morl

2143 1846 87 29 Paris
2262 1842 10 39 /
2305 1847 120 33 Eugene
2450 1848 136 34 Figuiere
2612 1855 29 25 et
2667 1851 56 31 Cie.
2745 1851 138 30 Editeurs

2030 1921 246 31 Alexandre
2302 1922 252 32 Mercereau

2069 1971 42 28 La
2136 1971 185 32 Litterature
2347 1978 29 26 et
2404 1976 42 28 les
2474 1975 85 29 Idees
2587 1975 162 31 Nottvelles

2106 2021 86 30 Paris
2225 2018 10 38 /
2266 2022 122 34 Eugene
2413 2023 135 33 Figuiere
2575 2029 28 26 et
2630 2025 53 30 Cie
2707 2026 139 29 Editeurs

2107 2071 165 30 Collection
2298 2073 123 32 „Revue

2032 2147 103 29 Jean
2159 2147 32 28 M
2205 2157 15 20 e
2234 2150 9 27 t
2256 2158 16 19 z
2283 2151 7 27 i
2303 2159 16 19 n
2332 2159 17 24 g
2363 2159 14 19 e
2391 2159 13 19 r

2068 2198 172 29 Alexandre
2265 2198 179 31 Mercereau
2480 2196 10 38 /
2523 2201 84 29 Essai
2632 2201 133 33 Critique

2105 2248 86 29 Paris
2224 2244 9 37 /
2266 2248 121 34 Eugene
2412 2250 135 32 Figuiere
2574 2254 28 25 et
2629 2250 52 29 Cie
2707 2251 138 28 Editeurs

2032 2323 73 29 Gui
2116 2324 26 28 11
2154 2333 16 19 a
2185 2333 56 20 um
2255 2334 14 19 e
2300 2325 274 32 Apollinaire

2067 2371 226 33 L'Enchanteur
2319 2375 194 30 Pourrissant
2909 2384 10 24 1

2068 2423 55 30 Mit
2151 2424 227 29 Holzschnitten
2407 2434 61 20 von
2498 2426 99 28 Andre
2627 2426 110 28 Derain

2106 2474 86 32 Paris
2228 2470 9 30 I
2269 2475 109 33 Verlag
2404 2475 191 32 Kahnweiler

2033 2549 72 28 Gui
2117 2550 26 28 11
2156 2558 45 20 au
2215 2558 28 19 m
2256 2559 14 19 e
2300 2551 275 32 Apollinaire

2067 2596 238 36 L'Heresiarque
2333 2603 28 26 et
2388 2599 54 30 Cie
2477 2595 10 39 /
2522 2600 146 29 Novellen

2105 2650 86 28 Paris
2227 2645 10 39 /
2270 2650 112 34 Verlag
2406 2650 94 29 Stock

2032 2725 73 29 Gui
2117 2726 25 28 11
2154 2735 47 19 au
2211 2735 32 19 m
2255 2735 15 20 e
2300 2726 274 33 Apollinaire

2067 2775 59 30 Les
2152 2775 139 30 Peintres
2317 2777 133 29 cubistes
2478 2771 10 39 /
2512 2775 195 30 Meditations
2735 2775 184 33 esthetiques

2105 2825 86 30 Paris
2223 2822 10 37 /
2265 2825 121 33 Eugene
2411 2825 136 33 Figuiere
2573 2829 29 25 et
2629 2825 52 28 Cie
2706 2825 139 28 Editeurs

2030 2902 150 28 Alfred
2203 2901 25 28 D
2241 2902 37 28 öb
2291 2902 7 28 l
2312 2902 7 27 i
2332 2911 17 19 n

2069 2951 54 29 Die
2151 2951 190 33 Ermordung
2371 2952 80 27 einer
2479 2951 208 28 Butterblume
2725 2945 10 38 /
2771 2949 145 28 Novellen

2104 3000 152 29 München
2293 2996 10 38 /
2336 3000 112 33 Verlag
2474 3000 102 38 Georg
2604 2999 107 28 Müller

2035 3076 242 29 Guillaume
2319 3075 273 33 Apollinaire

2067 3126 41 28 Le
2128 3126 146 28 Bestiaire
2294 3134 36 20 ou
2350 3124 131 33 Cortege
2501 3121 147 35 d'Orphee

2104 3175 89 30 Paris
2214 3171 11 34 /
2246 3175 110 33 Verlag
2382 3173 172 33 Deplanche

2032 3249 321 29 Henri-Martin
2394 3248 164 27 Barzun

2067 3299 92 29 L'Ere
2189 3300 36 27 du
2254 3299 110 28 Drame
2393 3292 10 31 /
2430 3297 68 28 Esai
2527 3297 34 28 de
2591 3295 152 33 Synthese
2771 3294 145 32 Poetique

2067 3349 148 28 Moderne

2103 3399 87 28 Paris
2213 3394 10 34 /
2245 3398 109 31 Verlag
2377 3396 120 31 Eugene
2519 3395 136 32 Figuiere
2679 3398 29 25 et
2731 3393 54 28 Cie

2105 3448 165 29 Collection
2298 3446 130 34 „Poeme
2458 3448 29 26 et

2029 3522 164 32 Eugene
2227 3519 212 28 Montfort

2065 3572 42 30 La
2134 3571 119 32 Turque
2279 3565 11 34 /
2316 3568 113 32 Roman
2457 3568 135 28 Parisien

2103 3620 86 29 Paris
2209 3614 13 35 /
2243 3617 353 31 Modern-Bibliotheque

2105 3670 140 28 Artherne
2267 3667 119 32 Fayard
2407 3671 28 25 et
2457 3666 53 28 Cie
2529 3662 10 34 /
2557 3666 136 27 Editeurs

2031 3825 251 30 Verantwortlich
2310 3825 45 27 für
2382 3825 45 27 die
2454 3821 235 31 Schriftleitung:

2031 3875 161 29 Herwarth
2216 3873 129 29 Waiden
2378 3868 8 36 /
2418 3872 98 28 Berlin
2542 3870 35 26 W
2601 3870 17 27 9
