2550 3751
2045 153 65 53 19

357 335 264 53 scientific
651 340 59 48 in
738 339 122 53 that
889 343 71 50 he
988 344 252 68 publicly
1268 353 319 50 scrutinizes
1614 355 219 52 neither
1861 358 86 52 his
1978 379 122 32 own

357 436 264 60 premises
651 457 104 32 nor
780 439 156 53 those
964 443 61 51 of
1053 443 104 52 Mr.
1189 444 199 55 Frank.

426 607 65 50 In
522 610 315 69 perplexity
872 628 54 38 at
959 616 94 52 the
1087 619 291 52 confusion
1411 622 26 51 I
1470 622 141 53 have
1645 626 268 64 outlined,
1945 630 26 50 I
2004 632 94 51 ask

357 706 59 48 of
446 704 95 54 the
571 707 133 52 New
737 710 295 68 Republic,
1062 716 46 49 is
1139 717 47 51 it
1214 716 365 71 deliberately
1611 743 29 30 a
1672 722 308 56 showroom
2011 729 89 52 for

362 797 73 51 all
477 819 232 34 manner
752 804 61 50 of
855 806 213 52 critical
1108 810 238 67 writing,
1386 812 110 51 bad
1542 814 109 52 and
1694 817 159 65 good,
1893 821 88 50 for
2026 825 74 48 all

357 891 163 52 kinds
554 894 60 50 of
647 896 360 65 approaches,
1039 900 274 67 exploded
1348 904 108 52 and
1489 906 213 52 tested?

426 1031 349 65 Woodstock,
802 1035 66 53 N.
897 1037 65 51 Y.
1410 1044 248 54 Gorham
1684 1047 63 52 B.
1778 1049 253 54 Munson.

431 1187 165 53 Note:
662 1191 103 53 Mr.
811 1192 212 55 Robert
1065 1195 188 53 Littell
1297 1201 46 48 is
1387 1219 71 32 an
1501 1200 183 53 editor
1727 1204 61 50 of
1830 1205 96 52 the
1968 1206 133 53 New

358 1285 277 66 Republic
675 1287 125 54 who
840 1309 127 50 may
1007 1292 70 51 be
1117 1294 348 63 introduced,
1507 1299 293 67 according
1839 1314 59 39 to
1941 1303 129 53 docu-

358 1400 252 56 mentary
644 1392 263 52 evidence
939 1397 60 48 in
1029 1413 93 50 my
1156 1395 196 65 hands,
1387 1418 57 33 as
1479 1419 29 32 a
1542 1419 131 33 man
1706 1402 123 52 who
1863 1404 239 52 believes

358 1480 121 51 that
508 1484 60 49 in
600 1487 331 63 proportion
962 1499 59 40 to
1047 1487 95 52 the
1173 1489 416 66 specialization
1617 1494 60 51 of
1702 1493 262 70 thinking
1993 1496 108 52 and

360 1576 218 64 writing
611 1576 196 52 visible
842 1579 60 50 in
936 1599 31 31 a
1000 1581 256 66 critique,
1288 1582 122 53 that
1443 1585 236 66 critique
1712 1586 252 53 becomes
1997 1588 105 52 less

360 1671 156 65 good.
590 1671 87 52 He
713 1672 115 54 also
864 1675 254 53 distrusts
1152 1691 144 40 most
1335 1691 260 56 attempts
1630 1695 59 38 to
1725 1696 88 54 get
1849 1684 162 52 down
2044 1698 58 40 to

357 1762 412 55 fundamentals
798 1767 108 51 and
935 1767 213 69 readily
1179 1770 202 53 admits
1405 1771 88 52 his
1523 1774 414 68 superficiality.

428 1945 118 52 The
591 1947 173 52 above
807 1949 162 52 letter
1012 1969 107 33 was
1161 1954 220 50 written
1425 1966 56 39 at
1522 1954 87 51 his
1655 1969 235 52 request.-

358 2038 304 69 cordingly,
696 2041 24 49 I
755 2042 269 67 cordially
1056 2046 171 49 invite
1259 2063 109 49 you
1397 2058 59 40 to
1491 2048 182 51 attack
1705 2067 106 43 me,
1842 2048 96 52 the
1969 2049 134 54 New

360 2132 275 66 Republic
684 2133 109 51 and
842 2134 94 53 the
986 2136 212 51 critical
1246 2137 288 53 standards
1584 2140 108 50 and
1740 2140 257 53 methods
2042 2143 61 51 of

356 2222 182 52 either
560 2223 94 52 the
681 2244 201 47 person
905 2246 63 32 or
990 2227 96 52 the
1109 2230 224 65 journal
1355 2242 58 40 to
1435 2230 97 52 the
1557 2242 187 41 extent
1766 2232 77 61 of,
1866 2251 112 47 say,
2001 2235 101 49 800

357 2316 196 62 words,
586 2317 184 52 which
800 2339 80 32 we
915 2319 142 52 shall
1091 2321 228 67 publish
1352 2322 381 68 immediately
1767 2344 56 32 as
1857 2344 31 32 a
1921 2325 177 52 letter.

365 2409 124 51 You
531 2428 103 32 can
673 2410 165 52 make
882 2414 44 49 it
971 2432 55 31 as
1070 2411 100 54 hot
1212 2433 57 32 as
1310 2432 111 48 you
1461 2414 129 52 like.
1670 2415 51 52 It
1762 2415 114 51 will
1919 2415 75 52 all
2037 2435 65 47 go

360 2500 258 69 through.
690 2503 52 49 If
775 2523 110 46 you
917 2503 141 53 have
1094 2524 58 32 so
1186 2505 168 52 much
1388 2519 58 40 to
1482 2505 247 69 disagree
1763 2507 339 53 with—with

360 2612 104 32 our
499 2594 237 51 attitude
769 2595 209 53 toward
1011 2595 95 54 the
1143 2597 196 52 reader
1373 2597 108 52 and
1517 2598 95 52 the
1647 2599 295 65 specialist,
1976 2599 128 61 this,

358 2692 92 50 for
475 2710 141 48 your
645 2692 127 52 sake
804 2712 57 32 as
889 2693 123 51 well
1046 2715 55 30 as
1133 2714 146 42 ours,
1306 2695 201 52 should
1537 2697 69 50 be
1637 2696 249 67 publicly
1917 2697 186 52 rather

361 2787 135 52 than
532 2787 275 69 privately
1169 2791 91 65 (R.
1300 2791 205 62 Littell,
1540 2794 165 50 letter
1739 2794 60 50 of
1837 2794 146 67 Sept.
2021 2796 83 59 24,

360 2881 132 62 '23).
564 2880 182 52 There
780 2881 259 52 followed
1079 2903 30 32 a
1142 2883 271 67 hurry-up
1449 2884 163 51 letter
1647 2885 192 51 before
1877 2885 27 51 I
1938 2885 164 52 could

360 2971 166 52 finish
559 2992 95 47 my
687 2985 308 41 statement.
1067 2974 346 67 Eventually,
1448 2975 95 52 the
1579 2989 309 50 statement,
1922 2976 182 54 which

361 3064 419 67 unfortunately
816 3065 114 52 had
962 3079 59 38 to
1056 3067 72 50 be
1167 3069 133 48 1100
1335 3065 178 54 words
1550 3067 129 67 long
1716 3081 61 39 to
1811 3088 163 32 cover
2008 3069 96 52 the

364 3161 161 58 issue,
572 3157 237 52 reached
855 3158 97 52 the
1001 3158 155 52 office
1206 3159 59 51 of
1312 3159 104 51 Mr.
1465 3159 203 52 Littell.
1754 3161 214 52 Silence
2016 3162 88 52 for

361 3250 208 50 several
601 3250 178 50 weeks
814 3250 107 52 and
953 3250 137 52 then
1122 3270 152 32 came
1310 3271 30 31 a
1372 3264 222 54 request
1623 3264 59 39 to
1714 3265 94 38 cut
1839 3255 45 49 it
1913 3265 60 39 to
2004 3255 100 49 800

361 3346 194 61 words,
590 3346 185 52 which
811 3346 184 52 would
1030 3347 140 52 have
1204 3360 188 39 meant
1427 3368 69 31 an
1532 3347 335 66 incomplete
1907 3349 197 52 attack.

361 3436 118 52 The
508 3436 211 54 invited
752 3450 153 51 guest
938 3438 252 52 declined
1223 3450 57 40 to
1311 3438 254 53 mutilate
1594 3438 245 63 himself,
1871 3438 108 53 and
2009 3438 95 53 the

360 3530 137 51 door
527 3529 270 52 slammed
827 3530 178 68 curtly
1035 3534 59 47 in
1120 3530 89 52 his
1239 3531 150 51 face.-

1448 3529 266 53 G.B.M.
