2778 4023
629 438 0 0 1290

1039 389 248 37 BULLETIN
1334 390 246 48 FRANÇAIS
1624 393 68 36 DE
1735 390 65 36 LA
1846 390 47 39 S»
1936 392 32 35 I.
2015 392 54 37 M.

503 538 219 57 larités.
785 538 92 57 On
943 553 368 56 remarquera
1379 539 286 59 l'absence
1735 539 71 56 de
1865 545 208 52 tenues
2139 546 57 51 et
2266 542 188 58 même
2519 547 76 55 de

507 621 229 56 valeurs
793 619 256 72 longues,
1096 635 64 38 ce
1205 616 100 77 qui
1353 627 86 48 est
1484 626 132 51 tout
1678 619 34 55 à
1774 618 111 56 fait
1945 621 301 57 conforme
2304 640 76 38 au
2439 625 155 57 désir

507 699 268 74 qu'avait
813 698 415 73 Moussorgsky
1264 702 71 53 de
1372 708 179 50 rester
1592 703 146 56 dans
1772 701 57 56 la
1865 706 139 52 note
2037 702 59 56 la
2129 701 131 73 plus
2314 706 277 56 naturelle

507 781 268 73 possible.
836 781 80 56 Le
973 781 290 54 caractère
1321 781 267 73 comique
1647 782 99 56 des
1811 781 369 58 intonations
2249 800 60 38 se
2366 786 225 56 traduit

507 861 215 75 parfois
738 879 104 54 par
861 861 99 56 des
977 859 333 58 intervalles
1332 880 322 43 anormaux
1684 867 60 50 et
1778 862 280 74 quelques
2088 868 165 52 sauts
2284 865 305 72 brusques.

508 943 117 74 J'ai
662 943 132 71 déjà
824 939 340 59 mentionné
1184 942 52 56 le
1255 943 119 56 rôle
1392 945 99 55 des
1523 942 287 58 divisions
1834 962 73 38 en
1929 943 229 59 triolets
2173 943 361 60 introduites
2557 948 37 54 à

507 1041 215 57 propos
741 1025 144 54 dans
899 1022 52 55 le
968 1039 168 38 cours
1151 1025 79 54 du
1244 1025 259 57 récitatif
1518 1026 213 54 chanté
1764 1041 117 55 que
1917 1023 296 59 constitue
2239 1027 73 55 de
2346 1027 149 57 bout
2516 1045 75 41 en

507 1108 146 55 bout
700 1108 155 50 cette
883 1102 415 61 déclamation.
1350 1106 80 54 Et
1480 1108 200 70 quand
1726 1103 211 74 j'aurai
1989 1107 142 56 noté
2177 1106 291 58 l'absence
2517 1110 73 56 de

506 1191 170 52 toute
701 1185 250 55 formule
976 1182 618 76 d'accompagnement
1617 1192 133 52 tant
1777 1186 116 56 soit
1922 1204 114 54 peu
2064 1187 527 71 conventionnelle,

511 1270 71 56 de
617 1270 130 50 tout
795 1262 394 74 remplissage,
1214 1266 232 71 j'aurai,
1461 1267 58 73 je
1564 1268 167 69 crois,
1752 1267 199 71 épuisé
1981 1267 83 56 les
2103 1286 336 54 remarques
2478 1287 114 54 que

511 1354 141 68 peut
704 1351 334 66 comporter
1089 1364 114 40 une
1254 1350 178 57 étude
1480 1350 312 56 sommaire
1823 1351 136 55 telle
1989 1367 113 53 que
2131 1348 57 73 je
2216 1350 56 56 la
2303 1352 286 69 présente.

625 1428 257 72 J'espère
948 1425 166 57 avoir
1178 1432 229 56 montré
1473 1431 450 74 quelques-unes
1992 1432 99 55 des
2155 1431 226 58 raisons
2445 1449 149 54 pour

511 1508 301 73 lesquelles
863 1508 57 55 la
972 1506 287 74 partition
1310 1512 313 71 posthume
1678 1512 71 56 de
1802 1512 414 73 Moussorgsky
2270 1511 124 57 doit
2441 1512 123 57 inté-

511 1609 179 38 resser
720 1596 136 50 tous
887 1591 80 55 les
1000 1588 330 61 musiciens.
1365 1592 381 57 L'exécution
1778 1594 283 72 publique
2093 1613 71 36 en
2197 1599 87 50 est
2319 1595 273 56 d'autant

512 1672 132 74 plus
690 1671 152 56 aisée
887 1690 131 56 que,
1039 1670 161 59 selon
1242 1672 52 56 le
1343 1691 134 38 vœu
1523 1676 80 55 du
1646 1675 210 54 maître
1904 1674 594 69 Rimski-Korsakov,
2547 1672 45 56 il

511 1770 128 38 sera
673 1751 251 58 interdit
967 1755 71 53 de
1076 1751 58 55 la
1172 1751 166 71 jouer
1376 1760 332 52 autrement
1752 1773 114 54 que
1905 1774 135 37 sous
2079 1755 57 54 la
2176 1755 185 54 forme
2402 1755 190 56 même

513 1851 113 52 que
671 1832 81 57 lui
803 1836 195 55 donna
1044 1850 106 38 son
1195 1840 211 51 auteur
1434 1855 13 34 :
1494 1840 58 49 et
1599 1836 103 56 nul
1749 1837 433 55 crchestrateur
2225 1854 74 38 ne
2347 1836 243 69 trahira,

511 1912 188 59 fût-ce
741 1933 72 39 en
857 1916 244 55 voulant
1143 1912 57 57 la
1242 1914 200 71 servir,
1485 1917 57 55 la
1583 1919 209 70 pensée
1835 1935 112 56 que
1992 1916 412 73 Moussorgsky
2446 1934 146 38 nous

513 2015 35 36 a
596 1995 215 72 léguée.

1822 2164 180 53 M-D.
2040 2164 493 53 Calvocoressi.
