2778 4023
2168 3643 63 38 XI

401 462 46 35 A.
475 461 186 40 PIRRO.
760 468 74 35 Les
856 470 326 46 correspondants
1206 472 52 36 du
1282 473 96 36 Père
1402 476 93 37 Mer
1495 487 130 28 senne.
1724 476 261 39 Publication
2008 480 49 33 de
2080 478 39 35 la

480 520 347 45 correspondance
851 521 193 39 musicale
1068 526 184 35 adressée
1277 526 25 34 à
1326 527 208 40 Mersenne
1559 537 42 31 et
1625 533 215 35 conservée
1866 533 25 35 à
1911 531 41 36 la
1968 530 153 37 Biblio-

482 570 150 47 thèque
675 572 234 38 Nationale.
941 575 89 37 Vol.
1080 588 30 30 i,
1158 580 11 43 (
1181 579 112 46 J.-B.
1338 581 143 48 Doni).
1618 586 66 35 Un
1727 587 163 35 volume
1931 585 88 44 in-4
2023 588 20 22 0
2070 586 49 34 de

482 632 75 27 200
602 636 124 35 pages
1863 621 4 56 '
2004 640 49 37 15
2070 639 47 34 fr.

485 716 49 28 On
551 725 18 19 a
586 717 48 28 dit
652 725 70 27 que,
739 718 79 28 dans
834 727 50 21 ses
900 728 164 28 ouvrages,
1082 722 162 30 Mersenne
1258 725 59 30 «le
1334 725 63 30 bon
1414 728 104 30 larron
1536 740 14 19 »
1582 732 52 27 n'a
1657 732 60 28 fait
1740 741 61 26 que
1823 741 79 19 nous
1921 734 204 27 transmettre

401 764 35 20 ce
455 764 62 27 que
534 765 49 19 ses
601 758 78 28 amis
698 758 44 27 lui
762 760 127 28 avaient
908 761 116 34 appris.
1044 760 80 30 Sans
1143 767 144 31 accepter
1305 768 243 34 complètement
1566 779 35 20 ce
1619 772 171 35 jugement,
1808 773 23 27 il
1855 773 70 27 faut
1949 771 177 36 cependant

400 798 197 27 reconnaître
618 805 60 27 que
697 797 162 30 Mersenne
878 799 72 29 bien
969 804 136 26 souvent
1124 811 18 19 a
1161 803 114 34 profité
1293 805 38 28 de
1350 806 180 32 l'érudition
1549 810 139 30 d'autrui
1701 821 7 25 ;
1733 813 21 27 il
1780 821 39 19 ne
1838 812 65 28 s'en
1922 811 94 29 cache
2036 812 90 36 point

403 875 41 15 TDA
453 844 21 19 n
476 844 57 46 °^.
534 845 28 19 m
562 876 7 7 .
564 845 16 19 e
611 847 15 19 r
628 845 39 38 ®^
668 845 105 39 uerni^
848 847 79 21 ceux
948 841 53 34 qui
1020 841 11 27 1
1044 844 56 25 ont
1117 844 171 34 renseigné.
1308 845 50 28 En
1376 847 97 29 lisant
1491 849 44 28 les
1555 850 107 30 lettres
1681 852 38 28 de
1745 861 49 19 ces
1819 851 244 29 collaborateurs
2083 851 43 28 du

428 877 51 27 ère
494 877 139 35 Minime,
647 878 24 27 il
686 878 48 26 est
748 878 190 30 intéressant
953 880 39 29 de
1006 883 163 28 retrouver
1184 892 34 19 ce
1235 884 76 34 qu'il
1332 890 166 32 emprunte
1520 892 32 25 et
1572 891 23 27 il
1610 894 48 25 est
1673 892 69 34 plus
1757 891 190 29 intéressant
1962 899 110 21 encore
2088 891 39 28 de

401 916 166 28 découvrir
583 916 163 35 beaucoup
770 918 39 28 de
831 920 265 36 renseignements
1125 923 76 35 qu'il
1227 924 52 28 n'a
1307 933 55 26 pas
1389 928 130 30 utilisés.
1547 929 87 29 Dans
1658 932 44 27 les
1730 932 75 28 trois
1832 932 141 28 volumes
2000 939 124 21 manus-

400 958 75 25 crits
496 964 162 21 conserves
678 956 18 28 à
715 957 30 28 la
772 958 222 37 Bibliothèque
1019 961 178 37 Nationale,
1218 963 79 29 dans
1324 965 139 30 d'autres
1487 970 130 28 recueils
1641 979 120 27 encore,
1787 980 41 20 au
1848 972 106 28 milieu
1978 972 39 28 de
2041 973 84 26 cette

400 996 266 34 correspondance
683 996 121 30 érudite
821 1002 32 24 et
869 1002 143 33 savante,
1030 1009 41 20 on
1086 1005 164 27 rencontre
1267 1004 39 28 de
1328 1007 201 29 nombreuses
1551 1010 118 35 lettres,
1688 1012 41 27 où
1751 1011 54 29 des
1822 1012 165 28 musiciens
2004 1019 121 21 comme

400 1036 199 35 TITELOUZE,
619 1045 44 19 DE
683 1038 123 36 Cousu,
825 1040 162 35 BOESSET,
1006 1040 54 29 des
1079 1043 128 28 curieux
1226 1045 32 26 et
1276 1044 55 28 des
1350 1047 217 37 archéologues
1593 1059 120 20 comme
1742 1050 83 35 J.-A.
1856 1052 82 34 BAN,
1968 1052 158 33 TRICHET,

398 1075 170 36 VILLIERS,
596 1078 98 34 DONI,
722 1079 82 29 etc...
833 1079 159 30 discutent
1020 1081 43 28 les
1092 1083 161 34 questions
1281 1085 172 31 musicales.

481 1115 43 28 Le
541 1117 133 34 premier
691 1118 146 30 fascicule
853 1120 40 28 de
910 1122 83 26 cette
1010 1123 267 34 correspondance
1293 1127 184 29 contiendra
1493 1129 44 28 les
1553 1129 108 29 lettres
1679 1130 39 28 de
1740 1130 86 35 J.-B.
1850 1131 94 34 Doni,
1963 1132 63 34 qui,
2044 1130 81 35 épris

400 1155 38 26 de
456 1155 30 28 la
503 1156 145 37 musique
666 1158 53 27 des
736 1159 137 35 anciens,
891 1169 78 19 nous
987 1163 132 33 apporte
1144 1162 38 28 de
1206 1164 146 34 précieux
1371 1167 211 36 témoignages
1606 1178 52 20 sur
1675 1170 185 28 l'évolution
1878 1171 38 27 de
1933 1171 31 27 la
1981 1171 143 34 musique

399 1201 38 20 en
456 1196 91 28 Italie
564 1205 42 19 au
625 1199 101 34 temps
743 1198 38 28 de
799 1200 242 35 MONTEVERDE,
1060 1202 39 28 de
1115 1202 232 31 FRESCOBALDI
1371 1209 33 26 et
1427 1207 39 29 de
1485 1208 233 32 KAPSBERGER.
1744 1210 91 30 Deux
1861 1210 107 29 traités
1992 1210 134 34 français

397 1236 109 27 nedits
524 1236 40 28 de
578 1237 81 29 Doni
675 1240 105 27 seront
795 1239 95 35 joints
905 1239 18 29 à
938 1249 49 20 ces
1001 1242 118 29 lettres.

393 1286 11 30 I

400 1355 42 34 P.
463 1356 210 37 AUBRY.
693 1379 52 4 —
759 1358 54 37 Le
835 1358 276 39 Chansonnier
1127 1363 180 44 français
1326 1365 44 35 de
1390 1366 207 36 VArsenal
1616 1369 114 43 (XIII®
1748 1369 149 45 siècle),
1923 1379 41 35 15
1984 1369 137 36 livrai-

478 1419 95 25 sons
602 1410 297 38 trimestrielles
929 1414 49 34 de
1010 1424 46 35 32
1081 1414 194 47 planches
1296 1419 327 47 phototypiques
1646 1432 99 25 avec
1764 1423 40 34 la
1827 1423 292 46 transcription

479 1463 71 34 des
573 1464 195 37 mélodies
791 1476 49 23 en
863 1466 193 36 notation
1081 1469 206 36 moderne.
1308 1471 167 35 Notices
1498 1484 75 35 par
1595 1473 53 36 M.
1674 1476 47 35 A.
1749 1475 191 49 Jeanroy,
1966 1477 154 45 profes-

478 1525 92 25 seur
590 1517 82 34 àla
693 1517 170 36 Faculté
885 1520 70 34 des
974 1520 143 35 lettres
1138 1522 49 35 de
1209 1523 214 37 Toulouse.
1447 1525 58 35 La
1524 1525 208 39 livraison.
1792 1555 22 9 ...
1874 1555 22 8 ..
2004 1531 51 36 10
2070 1529 47 34 fr.

481 1567 79 45 (On
584 1580 50 24 ne
658 1571 174 34 souscrit
857 1572 97 47 qu'à
976 1574 238 36 l'ensemble
1239 1577 49 34 de
1310 1577 40 35 la
1373 1578 293 46 publication.)

1454 1859 93 44 EN
1604 1844 520 64 PRÉPARATION

400 1992 46 35 L.
478 1992 74 34 DE
581 1993 71 35 LA
680 1993 337 39 LAURENCIE.
1126 1998 75 34 Les
1230 1997 228 37 Musiciens
1489 2002 45 34 de
1565 2002 39 35 la
1632 2001 168 37 Maison
1829 2004 54 35 du
1910 2004 97 47 Roy,
2037 2016 84 24 aux

481 2054 93 26 xvn
576 2051 15 17 e
618 2051 40 30 et
686 2052 99 30 XIII®
810 2049 152 35 siècles.
994 2049 255 45 (Inventaire
1277 2052 171 36 musical
1475 2054 49 34 de
1550 2054 40 35 la
1611 2054 110 37 Série
1750 2058 34 34 O
1789 2056 12 24 1
1829 2059 69 34 des
1927 2058 195 35 Archives

481 2098 272 47 Nationales.)
852 2101 119 37 Deux
994 2103 186 35 volumes
1204 2106 48 33 de
1279 2114 75 26 200
1378 2117 124 35 pages
1526 2109 169 35 chacun.

402 2190 45 34 E.
474 2190 269 37 BLOCHET.
845 2193 134 36 Traité
1000 2195 44 35 de
1068 2195 204 45 Musique,
1299 2199 190 44 composé
1512 2209 75 35 par
1609 2199 150 47 Sharaf
1778 2202 151 37 ed-Dm
1950 2202 171 37 Haroun

482 2244 115 42 (XIII®
616 2244 148 47 siècle),
788 2247 160 46 d'après
967 2248 36 33 le
1024 2249 225 35 manuscrit
1270 2251 156 45 orginal
1447 2252 49 34 de
1516 2252 39 35 la
1578 2253 289 48 Bibliothèque
1889 2256 230 36 Nationale.

479 2295 250 37 Traduction
764 2302 40 31 et
832 2299 214 37 fac-similé
1080 2303 53 33 du
1170 2306 111 32 texte
1309 2305 134 34 arabe.
1552 2306 64 35 Un
1645 2308 162 34 volume
1834 2308 87 44 in-4
1925 2312 19 21 0
1970 2311 48 34 de
2051 2319 71 25 100

480 2360 134 35 pages.

403 2441 51 34 H.
484 2441 75 34 DE
585 2441 233 38 CURZON.
926 2444 341 48 Correspondance
1293 2448 64 34 des
1384 2447 224 39 Directeurs
1633 2453 44 33 de
1705 2451 171 46 l'Opéra,
1905 2456 215 34 conservée

482 2505 82 24 aux
585 2495 198 35 Archives
804 2497 252 37 Nationales.
1081 2501 135 34 —Un
1239 2502 162 34 volume
1421 2502 89 44 in-4
1515 2506 19 20 0
1552 2503 49 34 de
1627 2512 71 36 150
1717 2515 136 35 pages.

405 2584 35 46 J.
474 2585 438 39 ECORCHEVILLE.
1028 2593 215 44 Catalogue
1272 2592 54 36 du
1354 2594 116 43 fonds
1501 2595 43 33 de
1575 2595 181 45 musique
1786 2599 190 34 ancienne
2004 2599 46 34 de
2081 2600 40 34 la

480 2638 273 47 Bibliothèque
782 2641 215 38 Nationale
1027 2645 203 46 (jusqu'en
1264 2648 127 43 1750).

404 2732 42 35 P.
475 2733 208 36 AUBRY.
786 2736 55 34 Le
868 2737 218 35 manuscrit
1110 2738 44 35 de
1181 2743 131 31 motets
1333 2741 45 35 de
1395 2741 274 49 Montpellier,
1695 2745 305 49 (Bibliothèque
2023 2747 100 36 Uni-

482 2786 226 42 versitaire,
732 2788 52 34 H.
812 2790 101 47 196).
934 2788 257 37 Fac-similés
1211 2795 40 31 et
1273 2795 329 47 transcriptions,
1625 2809 49 24 en
1697 2801 20 33 8
1738 2799 228 37 fascicules.

402 2876 45 36 L.
490 2877 195 37 LALOY.
818 2880 102 35 K'în
945 2884 81 42 poù
1032 2910 7 7 ,
1070 2882 167 37 Recueil
1263 2885 124 35 d'airs
1415 2898 103 35 pour
1544 2889 36 34 le
1619 2889 87 37 tfîn
1740 2901 52 25 ou
1826 2891 93 35 luth
1952 2891 170 41 chinois,

483 2931 214 36 transcrits
724 2933 49 34 de
798 2933 39 35 la
865 2934 219 36 tablature.

663 3085 56 34 Le
745 3086 156 35 Comité
929 3088 49 33 de
1004 3088 256 46 publication
1290 3100 8 25 :

1068 3180 33 29 P.
1121 3180 137 35 AUBRY,
1279 3182 41 29 M.

1025 3219 42 30 H.
1077 3220 138 29 EXPERT
1230 3222 33 29 L.
1279 3230 44 21 DE

1024 3259 36 31 G.
1082 3260 240 37 PROD'HOMME,

1343 3183 150 35 BRENET,
1510 3183 34 29 L.
1567 3183 168 36 DAURIAC,
1756 3185 29 35 J.
1809 3187 274 36 ECORCHEVILLE,

1336 3230 40 19 LA
1393 3222 208 36 LAURENCIE,
1615 3224 267 38 CH.MALHERBE,
1897 3227 36 29 E.
1949 3228 135 36 POIRÉE,

1347 3263 37 28 R.
1404 3263 169 35 ROLLAND,
1588 3263 28 35 J.
1629 3263 160 32 TIERSOT.

480 3355 190 38 Adresser
696 3359 54 35 les
776 3359 209 36 demandes
1010 3361 46 36 de
1081 3366 330 43 renseignements
1436 3371 33 31 et
1497 3368 53 34 les
1576 3366 188 38 bulletins
1790 3369 44 35 de
1859 3372 264 47 souscription

400 3423 23 34 à
449 3423 40 35 la
512 3420 245 37 SECTION
780 3423 77 37 DE
880 3425 183 44 PARIS,
1089 3431 37 38 6,
1155 3429 195 38 Chaussée
1373 3433 26 34 d
1401 3432 8 14 }
1415 3432 141 41 Antin,
1583 3433 131 36 Paris.
