2778 4023
692 340 218 46 PELLÉAS
945 352 60 33 ET
1042 341 274 46 MÉLISANDE
1352 354 29 33 A
1418 354 187 34 MUNICH

2164 398 0 0 1311

127 492 98 47 que
266 477 71 47 les
376 478 197 49 thèmes
615 480 61 47 de
719 478 233 63 Debussy
991 478 236 49 n'offrent
1269 496 61 31 en
1372 481 222 48 d'autres
1636 497 83 34 cas
1762 482 406 49 d'intéressantes

127 542 279 49 variations
436 543 339 64 pittoresques
802 543 134 47 aussi
964 544 116 47 bien
1110 560 97 45 que
1236 546 429 63 psychologiques.
1698 548 140 47 Nous
1867 552 300 45 trouverons

127 623 66 33 au
223 609 263 57 contraire,
516 626 91 45 par
634 609 50 49 la
710 608 145 61 suite,
886 624 69 34 un
985 611 189 47 certain
1202 626 187 48 groupe
1411 613 61 48 de
1500 614 193 49 thèmes
1724 614 298 63 développés
2046 630 122 34 avec

126 691 70 31 un
234 689 175 35 amour
446 675 198 63 spécial.

225 741 45 46 A
299 741 108 47 vrai
439 743 119 55 dire,
590 743 297 47 l'extension
917 743 204 48 verbale
1150 744 70 47 du
1249 746 176 60 poème
1455 746 124 47 rend
1608 748 117 61 déjà
1753 748 287 63 impossible
2069 762 99 33 une

130 807 157 47 solide
323 807 344 49 construction
699 809 333 61 thématique.
1071 810 232 63 Debussy
1338 814 274 45 contourne
1648 818 130 43 cette
1813 814 258 56 difficulté,
2107 828 63 31 en

130 873 199 49 élevant
352 875 287 61 quasiment
658 891 63 31 en
740 872 223 65 principe
981 873 49 49 la
1048 875 271 62 répétition
1338 876 233 51 similaire
1593 880 149 48 d'une
1761 895 67 32 ou
1846 880 62 47 de
1927 878 243 65 plusieurs

130 955 220 33 mesures
388 956 66 30 au
492 955 142 43 çpurs
674 941 59 47 de
769 941 225 57 l'œuvre,
1034 956 116 33 sans
1187 957 50 32 se
1276 942 187 48 soucier
1503 943 286 65 davantage
1825 946 63 48 de
1923 947 50 46 la
2008 945 162 48 vérité

130 1007 319 62 dramatique
479 1007 87 48 des
595 1022 249 48 passages,
875 1008 160 50 même
1063 1008 70 47 les
1162 1009 112 63 plus
1303 1009 305 61 importants
1640 1013 84 59 (1).

229 1073 79 47 Où
343 1074 50 46 la
431 1073 290 48 délicatesse
757 1073 247 47 naturelle
1043 1073 61 48 de
1145 1075 233 63 Debussy
1416 1092 50 30 se
1504 1078 160 46 révèle
1702 1078 48 47 la
1789 1078 113 63 plus
1940 1077 230 55 sensible,

131 1140 121 46 c'est
289 1140 127 48 dans
449 1140 44 46 le
526 1140 102 48 rôle
663 1140 69 47 du
765 1140 127 61 petit
929 1141 185 49 Ymold
1149 1145 48 43 et
1232 1141 126 49 dans
1392 1158 56 33 sa
1483 1145 317 60 pénétration
1834 1145 61 47 de
1927 1144 147 47 l'âme
2109 1144 62 47 de

131 1204 272 49 Mélisande
444 1207 83 58 (2).
569 1206 129 62 Quoi
733 1206 301 48 d'étonnant
1071 1207 88 46 dès
1190 1206 117 59 lors,
1345 1209 157 61 qu'un
1537 1210 172 46 souffle
1745 1210 134 47 aussi
1912 1210 174 61 fragile
2120 1224 51 32 se

130 1272 187 61 dissipe
351 1272 215 48 aussitôt
592 1272 18 47 ?
652 1273 86 59 (3).

228 1338 117 47 Aux
380 1338 170 62 points
587 1338 306 50 culminants
931 1338 61 48 de
1030 1339 223 59 l'action,
1278 1341 119 47 c'est
1438 1346 213 43 souvent
1690 1343 72 47 les
1782 1342 212 47 trémolo
2022 1342 63 47 de
2120 1339 51 47 la

127 1404 249 49 tradition
417 1406 85 60 qui
583 1404 239 50 viennent
864 1406 180 60 figurer
1084 1406 284 62 l'agitation
1410 1408 316 61 dramatique
1766 1425 63 31 en
1869 1409 139 61 place
2049 1407 123 47 d'un

131 1470 156 47 solide
327 1472 423 61 développement
790 1470 286 63 mélodique
1121 1474 90 59 (4).

226 1536 173 63 Ayant
436 1538 212 48 renoncé
686 1539 31 46 à
751 1536 48 47 la
837 1538 234 48 cohésion
1108 1539 334 61 dramatique,
1483 1541 233 60 Debussy
1753 1541 207 46 cherche
1999 1539 30 46 à
2065 1538 106 47 s'en

130 1602 357 63 dédommager
525 1604 128 47 dans
690 1604 44 47 le
774 1604 156 48 détail
967 1620 90 47 par
1094 1620 99 32 une
1231 1606 191 46 variété
1460 1606 59 47 de
1557 1606 227 61 rythmes
1819 1605 352 47 relativement

130 1670 343 48 considérable
510 1671 85 58 (5).
633 1668 109 49 Une
775 1674 221 52 retenue,
1030 1670 237 62 exagérée
1300 1671 297 62 cependant,
1617 1671 203 47 l'induit
1842 1672 30 46 à
1893 1686 70 32 un
1987 1668 185 63 emploi

130 1736 211 47 excessif
369 1736 62 47 de
458 1750 246 48 syncopes
733 1737 70 57 (6)
831 1740 51 43 et
910 1736 61 47 de
997 1737 196 46 triolets
1222 1738 85 60 (7).
1339 1738 67 46 Le
1433 1738 169 46 triolet
1650 1737 188 48 semble
1865 1737 160 48 même
2053 1736 119 45 chez

127 1802 73 47 lui
220 1802 141 47 avoir
380 1803 46 47 le
446 1803 239 61 privilège
707 1802 62 48 de
788 1803 223 47 traduire
1030 1802 338 62 l'impatience
1390 1808 49 42 et
1460 1804 299 63 l'agitation.
1784 1803 388 53 Certainement,

129 1883 54 33 ce
220 1868 170 48 triolet
431 1869 61 48 de
530 1869 234 61 Debussy
801 1884 208 46 marque
1047 1868 115 61 déjà
1198 1884 71 31 un
1306 1872 202 61 progrès
1547 1870 125 49 dans
1707 1869 343 55 raffinement,
2088 1881 84 33 sur

127 1934 224 62 l'emploi
376 1939 215 57 typique
616 1934 152 61 qu'en
794 1934 56 46 fit
875 1935 46 46 le
947 1933 194 48 dernier
1166 1934 144 47 héros
1336 1935 61 47 de
1422 1934 49 47 la
1495 1935 158 50 forme
1679 1934 235 49 musicale
1940 1931 232 56 dualiste,

127 2000 127 47 celui
287 2001 127 47 dont
447 2000 359 48 l'irréductible
840 2000 262 61 puissance
1135 2000 276 61 projective
1443 2015 52 33 se
1528 2001 212 47 détache
1775 2000 68 47 du
1875 1999 143 62 passé
2053 2011 120 33 avec

126 2066 46 47 le
213 2066 113 62 plus
366 2067 61 47 de
467 2066 153 48 belles
661 2080 275 47 promesses
978 2080 126 47 pour
1143 2066 228 53 l'avenir,
1413 2066 171 48 Anton
1626 2067 273 46 Bruckner.
1944 2062 223 48 Certains

126 2133 165 55 traits,
332 2133 119 46 chez
491 2133 247 61 Debussy,
778 2132 125 47 dont
942 2131 45 47 le
1023 2131 202 62 rythme
1264 2132 107 47 doit
1409 2133 340 50 évidemment
1787 2131 248 62 exprimer
2072 2143 101 32 une

126 2198 318 48 irrésolution
475 2199 86 59 (8),
590 2213 128 32 nous
745 2197 246 48 semblent
1020 2212 176 32 encore
1223 2198 117 47 bien
1368 2198 146 48 naïfs.
1546 2198 126 47 Mais
1700 2201 115 45 tant
1846 2212 66 32 au
1938 2195 145 63 point
2114 2194 61 47 de

126 2281 99 31 vue
267 2265 294 61 rythmique
604 2281 96 45 que
745 2264 336 60 dramatique,
1128 2278 54 32 ce
1226 2264 123 61 qu'il
1391 2281 36 47 y
1470 2282 29 33 a
1542 2264 334 64 d'également
1942 2260 233 57 ressassé,

127 2345 56 33 ce
213 2334 114 44 sont
356 2330 70 48 les
456 2331 196 63 soupirs
682 2330 61 48 de
774 2330 234 61 Debussy
1039 2330 84 61 (9).
1156 2330 79 47 En
1263 2331 265 55 revanche,
1559 2330 35 46 il
1625 2330 198 47 confère
1853 2344 66 32 au
1946 2326 132 49 trille
2107 2340 69 33 un

127 2399 254 45 caractère
412 2397 117 49 bien
562 2396 208 48 distinct
806 2399 115 56 (10).

226 2462 169 57 Enfin,
426 2463 46 46 le
501 2462 112 62 plus
643 2461 235 62 précieux
906 2465 183 58 apport
1119 2462 285 61 mélodique
1433 2466 50 43 et
1512 2462 293 62 rythmique
1836 2460 61 47 de
1927 2458 249 61 Debussy,

127 2529 31 46 à
188 2533 146 43 notre
367 2531 125 54 avis,
526 2528 216 48 consiste
775 2528 126 47 dans
934 2542 54 32 sa
1020 2528 262 61 fréquente
1315 2528 218 48 manière
1566 2528 272 60 d'appuyer
1871 2540 83 33 sur
1987 2524 166 47 l'inten-

136 2594 89 49 sité
380 2596 67 48 du
578 2601 82 43 ton
806 2594 130 57 isolé,
632 2596 59 47 de
726 2593 123 61 faire
1643 2594 215 49 ressortir
2140 2593 36 48 Vi
2026 2592 117 58 (11).

247 2689 62 48 (1)
341 2687 187 40 Surtout
550 2687 215 51 frappant
785 2698 46 38 p.
861 2695 75 38 117
962 2687 46 37 et
1031 2698 42 38 p.
1100 2696 95 29 210.

247 2749 63 47 (2)
342 2746 189 39 Surtout
569 2758 46 38 p.
658 2747 129 47 69-78
811 2760 10 30 ;
863 2747 51 35 82
937 2759 10 31 ;
1002 2755 79 28 100
1102 2759 10 31 ;
1162 2756 72 28 101
1263 2761 10 31 ;
1300 2758 77 36 114
1399 2761 10 31 ;
1435 2756 78 29 120
1534 2761 10 30 ;
1571 2746 74 48 167
1670 2759 9 30 ;
1707 2744 155 48 177-80
1883 2756 10 31 ;
1921 2742 76 37 182
2022 2754 10 31 ;
2056 2740 80 38 228
2160 2753 11 32 ;

134 2815 157 40 253-54
312 2820 10 31 ;
349 2806 82 48 256
452 2820 10 31 ;
489 2806 82 47 264
593 2820 10 30 ;
630 2804 82 39 266
734 2818 11 32 ;
771 2805 97 45 278.

248 2865 62 48 (3)
342 2862 163 41 Souffle
533 2866 129 36 court
689 2862 409 51 particulièrement
1126 2863 262 39 caractérisé
1415 2876 41 38 p.
1490 2874 92 38 243.

248 2924 63 47 (4)
343 2923 47 38 P.
423 2935 69 26 Ex.
524 2933 43 40 p.
606 2931 80 38 104
715 2922 49 37 et
795 2921 92 48 187.

248 2982 62 48 (5)
343 2980 47 40 P.
425 2992 67 26 Ex.
525 2992 43 39 p.
606 2992 93 35 199,
737 2978 117 51 ligne
891 2989 37 38 3.

248 3040 62 48 (6)
342 3040 47 38 P.
423 3051 68 27 Ex.
525 3051 43 40 p.
605 3049 141 39 70-71.

248 3100 62 48 (7)
343 3098 47 39 P.
425 3110 67 27 Ex.
525 3110 43 39 p.
601 3109 52 38 93
682 3098 46 37 et
754 3097 171 48 258-59.

248 3157 62 48 (8)
342 3156 48 39 P.
425 3167 67 28 Ex.
525 3168 46 38 p.
601 3157 133 47 48-49
756 3168 13 32 ;
798 3163 50 41 52
872 3168 11 32 ;
911 3154 52 38 82
986 3167 11 32 ;
1027 3154 66 37 86.

248 3217 64 48 (9)
343 3215 47 40 P.
425 3228 68 27 Ex.
527 3227 44 38 p.
606 3225 66 40 34.

248 3275 93 47 (10)
370 3274 52 39 V.
449 3285 44 40 p.
521 3284 48 38 91
600 3286 10 33 ;
632 3284 43 39 p.
705 3283 93 36 109,
822 3270 201 39 dernière
1044 3281 188 30 mesure.

254 3333 92 49 (11)
378 3332 47 39 P.
459 3345 70 26 Ex.
558 3344 42 39 p.
629 3332 57 37 60
707 3345 10 32 ;
743 3332 51 37 82
818 3345 12 32 ;
854 3340 57 38 90
931 3345 11 30 ;
972 3341 95 34 122;
1100 3341 156 38 1-2-79
1279 3345 10 32 ;
1333 3332 170 48 266-67.
1613 3330 154 38 Anton
1792 3326 230 38 Bruckner
2049 3323 123 40 aussi

139 3392 193 38 culmine
360 3402 195 39 presque
583 3391 205 48 toujours
817 3389 111 38 dans
957 3399 67 27 ses
1049 3389 289 50 symphonies
1367 3402 81 39 par
1476 3388 194 52 l'emploi
1696 3388 60 37 du
1777 3389 83 35 ton
1880 3384 121 45 isolé,
2024 3394 126 28 recon-

136 3450 224 38 naissable
379 3453 135 35 entre
534 3452 148 36 autres
700 3448 103 49 déjà
820 3448 105 38 chez
944 3446 126 39 Bach
1090 3448 60 50 (p.
1170 3460 67 27 Ex.
1259 3449 216 38 Concerto
1494 3460 56 27 en
1629 3448 171 37 mineur
1819 3449 112 44 pouf
1952 3454 23 27 2
1998 3441 174 40 violons

135 3510 48 35 et
205 3509 237 44 orchestre,
469 3507 71 38 III
543 3516 15 17 e
580 3506 176 51 partie),
780 3509 47 35 et
850 3505 92 49 qui,
967 3506 110 37 dans
1100 3507 129 37 toute
1251 3506 216 39 l'histoire
1491 3507 54 37 de
1569 3507 43 37 la
1634 3504 222 49 musique,
1877 3501 103 50 joue
2003 3511 61 28 un
2085 3498 91 41 rôle

135 3567 55 38 de
211 3567 43 39 la
275 3567 100 49 plus
398 3567 165 49 grande
585 3567 278 49 importance
884 3563 209 51 jusqu'ici
1115 3566 348 49 complètement
1485 3566 232 38 méconnu.
