2778 4023
847 354 129 33 DEUX
1018 354 251 35 VIOLISTES
1311 345 249 47 CÉLÈBRES

2102 357 122 47 1273

184 493 359 73 pourparlers
583 510 139 38 avec
760 512 80 35 un
879 493 285 55 créancier
1203 496 210 68 auquel
1446 497 43 52 il
1529 497 122 55 doit
1693 513 196 39 10.000
1927 497 190 70 livres;
2141 501 79 54 les

182 572 225 72 papiers
445 573 68 55 de
549 572 57 53 la
642 571 214 54 famille
893 572 330 70 Forqueray
1260 576 389 68 contiennent,
1678 578 33 52 à
1748 595 61 37 ce
1844 595 226 53 propos,
2108 597 111 37 une

181 653 165 54 lettre
375 652 354 70 autographe
762 652 69 53 de
865 649 442 71 Jean-Baptiste
1340 654 248 55 Antoine
1622 656 98 70 qui
1750 674 144 36 nous
1924 657 187 55 donne
2139 677 80 36 un

182 728 344 56 échantillon
569 728 69 55 de
667 746 64 35 sa
760 728 249 55 manière
1039 728 324 69 épistolaire
1388 752 14 46 ;
1471 732 52 55 le
1559 734 273 55 musicien
1867 734 141 54 écrit
2045 736 34 52 à
2115 754 103 38 son

179 809 104 68 fils,
323 809 142 54 dans
502 827 80 34 un
617 808 148 69 style
802 807 193 68 alerte,
1034 807 75 54 où
1138 826 167 52 perce
1335 808 56 55 la
1421 812 445 71 préoccupation
1899 816 69 53 de
1999 834 70 35 ne
2111 832 105 54 pas

178 887 121 70 agir
343 887 34 52 à
422 887 56 52 la
521 886 180 69 légère
727 907 12 46 ;
769 886 43 52 il
854 886 77 53 lui
969 887 280 53 demande
1279 888 287 56 d'assister
1595 891 33 52 à
1655 910 80 35 un
1760 892 244 70 premier
2034 908 151 41 verse-

178 971 156 49 ment
366 967 70 54 de
465 980 161 54 7.000
654 964 191 69 livres,
875 971 59 48 et
964 967 68 53 de
1058 967 241 67 prendre
1327 968 98 53 des
1444 968 403 57 informations
1886 988 95 37 sur
2012 972 49 56 le
2091 973 92 70 qui-

178 1046 133 53 dam
327 1044 179 70 «qu'il
531 1044 94 54 n'a
651 1061 104 52 pas
780 1043 300 55 l'honneur
1120 1046 69 53 de
1228 1047 360 68 connaître»,
1628 1048 268 69 ajoutant
1923 1068 111 53 que
2050 1052 160 55 «rien

176 1142 68 36 ne
282 1123 305 56 ressemble
626 1122 196 54 mieux
861 1123 35 52 à
935 1142 79 34 un
1053 1123 249 55 honnête
1334 1124 228 56 homme
1608 1128 178 69 qu'un
1830 1128 191 70 fripon
2054 1150 21 29 »
2110 1132 96 66 (1).

283 1201 290 54 Monsieur
617 1201 403 54 Prod'homme
1065 1207 179 63 ayant
1288 1203 194 69 publié
1526 1222 111 37 une
1679 1206 187 68 partie
1912 1208 76 54 du
2031 1212 148 51 testa-

173 1286 157 49 ment
366 1282 69 53 de
468 1279 718 70 Jean-Baptiste-Antoine
1221 1282 346 70 Forqueray,
1599 1288 315 51 testament
1948 1287 135 53 daté
2130 1288 76 54 du

172 1373 33 55 7
247 1359 127 69 juin
407 1373 157 56 1773,
610 1363 58 51 et
711 1359 192 69 rédigé
948 1376 104 53 par
1095 1361 215 53 devant
1353 1358 60 56 M
1413 1372 20 24 e
1476 1362 234 53 Giroust
1753 1368 58 50 et
1854 1364 58 52 M
1913 1376 21 23 e
1978 1364 226 69 Hamel,

169 1438 250 55 notaires
498 1438 34 52 à
588 1437 178 68 Paris,
825 1455 144 36 nous
1024 1437 348 71 signalerons
1428 1441 311 59 seulement
1804 1442 72 53 ici
1936 1443 269 70 quelques

168 1516 312 71 fragments
515 1516 374 54 intéressants
926 1517 72 54 de
1038 1522 89 49 cet
1165 1522 127 49 acte
1330 1536 112 52 que
1479 1524 163 50 notre
1680 1519 251 56 confrère
1969 1522 95 53 n'a
2101 1540 104 53 pas

168 1612 215 38 connus
418 1616 10 33 :

273 1772 21 28 «
334 1752 70 70 Je
444 1753 181 55 désire
663 1752 120 54 être
822 1754 220 52 enterré
1081 1768 140 40 avec
1259 1758 165 50 toute
1460 1756 57 53 la
1555 1756 279 54 modestie
1872 1756 328 55 chrétienne

163 1836 56 49 et
256 1830 139 70 qu'il
431 1832 113 54 soit
582 1830 107 69 dit,
725 1830 46 54 si
811 1830 142 56 faire
988 1848 59 38 se
1082 1837 159 65 peut,
1277 1833 52 53 le
1353 1837 141 68 Jour
1532 1834 68 55 de
1636 1851 136 37 mon
1809 1848 242 56 convoy,
2088 1853 112 37 une

163 1909 178 55 Messe
374 1910 197 67 haute,
606 1927 137 37 mon
778 1926 163 53 corps
973 1909 250 70 présent.

270 1988 69 70 Je
375 2007 147 37 veux
554 1988 141 71 qu'il
725 1988 113 55 soit
871 1988 89 55 dit
991 1993 58 50 et
1081 1988 234 69 célébré,
1346 2007 147 52 pour
1522 1989 52 55 le
1603 2007 165 53 repos
1802 1990 69 55 de
1903 2007 137 38 mon
2070 1992 127 56 âme

162 2068 139 55 dans
341 2067 80 56 les
468 2067 90 53 six
600 2067 144 54 mois
786 2067 98 71 qui
929 2067 263 54 suivront
1241 2084 136 37 mon
1418 2069 179 68 décès,
1639 2068 309 70 cinquante
1990 2086 207 38 messes

158 2147 194 54 basses
389 2164 70 37 en
485 2145 259 70 L'Eglise
771 2147 98 54 des
896 2145 327 55 Révérends
1251 2147 165 54 Pères
1442 2145 316 72 Augustins
1791 2147 69 54 de
1899 2147 71 53 N.
1997 2148 72 52 D.
2100 2148 97 55 des

156 2223 280 57 Victoires
492 2224 145 56 ainsi
694 2224 171 71 qu'en
917 2224 259 70 L'Eglise
1237 2225 69 54 de
1371 2225 384 68 l'lsle-Adam,
1805 2243 146 54 pour
2006 2225 190 56 raison

158 2302 310 71 desquelles
503 2319 208 39 messes
738 2302 43 53 il
813 2319 123 39 sera
967 2303 150 70 payé
1147 2303 348 56 rétribution
1526 2303 317 58 suffisante.

262 2382 71 70 Je
358 2384 188 54 donne
572 2387 59 49 et
656 2383 161 70 lègue
842 2399 116 37 aux
982 2398 246 54 pauvres
1258 2384 67 54 de
1349 2382 56 54 la
1429 2383 253 71 paroisse
1707 2383 485 56 Saint-Eustache

150 2459 55 53 la
244 2477 220 38 somme
507 2462 69 54 de
616 2473 69 56 50
724 2459 172 55 livres
936 2478 112 37 une
1087 2459 110 55 fois
1236 2462 169 68 payé,
1448 2465 58 50 et
1546 2460 230 72 pareille
1816 2478 218 37 somme
2074 2478 116 37 aux

150 2553 245 55 pauvres
438 2540 69 54 de
546 2539 58 53 la
656 2538 251 71 paroisse
963 2540 69 54 de
1084 2539 368 55 l'lsle-Adam
1505 2540 101 70 qui
1658 2545 195 50 seront
1908 2539 169 55 remis
2133 2545 55 49 et

153 2618 242 57 délivrés
437 2620 34 52 à
512 2618 141 57 MM.
692 2619 82 56 les
817 2620 171 54 Curés
1024 2620 157 55 desd.
1223 2619 170 55 Deux
1433 2619 286 70 paroisses
1750 2636 149 53 pour
1924 2618 121 54 être
2082 2634 106 55 par

149 2713 109 37 eux
300 2697 244 54 délivrés
584 2714 116 37 aux
741 2712 245 54 pauvres
1014 2697 80 54 les
1124 2697 128 69 plus
1286 2698 142 53 dans
1457 2698 51 53 le
1536 2697 217 54 besoin.
1786 2717 21 28 »

256 2853 73 57 Ce
367 2859 132 50 sont
536 2855 59 54 là
633 2853 359 56 d'édifiantes
1029 2859 58 50 et
1115 2853 343 56 charitables
1499 2852 369 72 dispositions
1895 2852 97 71 qui
2016 2869 136 54 prou-

145 2938 137 49 vent
314 2934 173 69 qu'en
517 2932 342 55 vieillissant
888 2932 53 54 le
973 2932 189 55 diable
1192 2933 195 54 s'était
1419 2933 108 54 fait
1559 2932 219 55 ermite.
1811 2930 181 70 Après
2023 2930 162 55 avoir

145 3010 217 55 déclaré
395 3012 141 71 qu'il
569 3029 35 37 a
635 3029 132 51 reçu
803 3008 202 73 depuis
1038 3010 240 56 environ
1311 3012 133 69 cinq
1479 3028 119 51 ans,
1635 3012 138 53 d'un
1805 3009 272 55 habitant
2114 3010 68 54 de

144 3089 319 71 Besançon,
499 3109 113 37 une
648 3107 223 38 somme
917 3090 70 54 de
1014 3103 165 41 1.000
1209 3088 173 57 livres
1420 3108 146 53 pour
1595 3089 52 53 le
1687 3088 493 56 remboursement

143 3168 168 54 d'une
338 3174 160 50 rente
529 3172 69 53 de
626 3182 70 54 50
723 3168 173 54 livres
926 3169 111 53 due
1065 3168 34 52 à
1125 3168 96 54 feu
1247 3169 97 55 Du
1371 3168 137 53 Bois
1534 3184 105 37 son
1664 3167 328 69 beau-père,
2020 3172 161 48 rente

143 3247 137 55 dont
311 3247 54 55 le
393 3248 141 56 titre
563 3268 72 36 ne
666 3245 232 74 figurait
930 3245 166 71 point
1129 3248 35 51 à
1193 3247 364 55 l'inventaire
1590 3247 162 69 après
1786 3247 161 53 décès
1981 3245 78 55 du
2092 3244 88 55 dit

139 3324 94 55 Du
267 3325 156 69 Bois,
460 3328 331 70 Forqueray
826 3324 211 71 stipule
1072 3343 112 51 que
1219 3343 63 37 ce
1317 3325 216 71 capital
1567 3342 126 38 sera
1726 3324 229 70 compté
1990 3323 186 70 parmi

136 3403 79 54 les
243 3422 235 53 propres
508 3407 69 54 de
606 3405 358 55 Marie-Rose
993 3404 96 53 Du
1118 3404 154 53 Bois.
1305 3404 155 67 Puis,
1487 3403 44 53 il
1557 3403 162 70 lègue
1748 3403 34 52 à
1810 3401 160 55 Delle
1999 3398 178 58 Marie

247 3583 62 47 (i)
341 3582 183 51 Papiers
546 3582 49 39 de
618 3583 44 40 la
682 3582 171 51 famille
877 3582 248 49 Forqueray
1131 3611 9 15 ,
1163 3579 152 41 Lettre
1338 3582 59 37 du
1418 3580 166 50 jeudi...
1610 3579 229 44 décembre
1864 3589 118 40 1773.
