2778 4023
813 341 130 33 DEUX
984 341 253 35 VIOLISTES
1277 333 251 46 CÉLÈBRES

2074 334 117 46 1271

160 479 186 59 violes'
396 480 100 55 des
538 498 187 37 meme
769 480 146 55 donc
964 498 139 37 vous
1148 498 142 38 vous
1333 486 206 53 serves'
1582 486 46 53 il
1668 503 92 37 me
1801 483 243 57 semblés
2086 499 112 54 que

158 577 140 39 vous
326 577 93 37 me
445 559 130 55 fîtes
602 559 241 56 lhoneur
872 560 70 55 de
971 578 90 37 me
1093 559 121 56 dire
1242 578 113 52 que
1383 577 143 42 vous
1554 566 80 54 Le
1660 563 190 56 tirries
1881 563 69 56 de
1977 560 225 58 venisse

158 658 72 38 ou
271 638 70 55 de
382 638 135 71 quel
560 639 148 66 (...)
754 642 165 51 autre
959 638 191 71 places
1195 639 242 57 dhitalie
1478 658 143 40 vous
1675 643 326 71 Lobligeres
2060 642 142 54 dans

160 737 67 38 en
254 732 75 39 vo
362 718 151 67 (...)
542 733 27 37 r
599 718 84 52 La
711 722 166 66 poste
906 718 247 70 quelque
1181 719 151 70 petit
1361 728 236 64 paquet.
1629 743 22 30 »
1682 723 97 66 (i).

266 856 92 54 En
387 855 163 70 dépit
581 856 69 54 de
679 873 104 37 son
812 856 385 71 orthographe
1229 858 69 54 de
1326 859 179 55 haute
1531 860 291 67 fantaisie,
1853 864 151 51 cette
2032 859 170 55 lettre

160 935 258 72 présente
457 934 52 54 le
548 933 129 71 plus
719 933 86 54 vif
839 934 233 54 intérêt.
1105 935 124 55 Elle
1257 941 225 50 montre
1517 938 496 71 qu'Espérandieu
2039 936 162 55 avait

160 1014 251 57 entendu
473 1013 333 69 Forqueray
872 1014 34 52 à
967 1013 389 68 l'lsle-Adam,
1411 1034 110 52 que
1590 1018 96 53 des
1750 1016 272 55 relations
2085 1015 117 55 fort

158 1091 232 59 intimes
430 1091 269 55 s'étaient
740 1093 243 54 établies
1023 1098 160 49 entre
1224 1094 81 54 les
1333 1096 151 52 deux
1511 1113 377 53 personnages
1916 1100 59 50 et
2002 1114 112 52 que
2150 1094 53 54 le

160 1170 274 56 musicien
475 1170 162 53 avait
678 1170 109 53 fait
830 1171 148 55 tenir
1022 1190 74 36 au
1135 1173 196 69 prince
1371 1174 162 70 royal
1574 1176 69 52 de
1685 1175 202 53 Prusse
1930 1176 97 52 des
2085 1192 79 35 ma-

158 1249 246 57 nuscrits
435 1250 70 53 de
534 1265 65 37 sa
630 1250 400 69 composition.
1065 1250 92 55 On
1185 1250 113 55 sait
1329 1269 130 52 que,
1484 1269 219 38 comme
1732 1270 104 37 son
1865 1253 177 67 oncle,
2074 1253 97 52 Fré-

161 1329 149 57 déric
346 1326 327 56 Guillaume
711 1328 58 53 II
809 1328 227 55 adorait
1072 1329 55 53 la
1163 1330 263 70 musique
1465 1331 97 66 (2).
1587 1331 102 54 S'il
1709 1350 70 36 ne
1801 1331 185 69 jouait
2008 1348 105 53 pas
2135 1330 68 55 de

157 1408 55 53 la
242 1406 144 55 flûte
419 1406 164 54 chère
616 1406 34 52 à
679 1406 200 55 l'élève
913 1409 68 53 de
1014 1408 305 69 Quantil
1348 1408 346 71 triomphait
1726 1425 95 38 sur
1850 1410 57 52 la
1936 1409 166 54 basse
2135 1409 68 54 de

161 1486 145 55 viole
331 1490 60 50 et
414 1485 53 55 le
496 1484 330 56 violoncelle
854 1488 141 53 dont
1018 1486 43 52 il
1088 1486 183 71 avait,
1286 1505 74 36 au
1388 1486 119 56 dire
1538 1489 68 54 de
1628 1486 364 70 Schletterer,
2009 1486 194 59 étudié

158 1564 54 54 la
242 1564 310 70 technique
584 1564 207 70 auprès
824 1565 70 55 de
927 1564 266 54 Graziani
1229 1570 57 50 et
1322 1566 138 55 d'un
1492 1565 410 56 violoncelliste
1934 1565 267 70 français,

160 1645 51 55 le
235 1644 236 54 fameux
496 1644 231 70 Duport
758 1645 96 66 (3).
885 1644 311 56 Passionné
1221 1662 146 53 pour
1393 1663 105 37 son
1519 1645 369 67 instrument,
1917 1663 61 37 ce
2004 1645 197 70 prince

158 1721 268 56 honorait
458 1721 83 55 les
574 1721 231 70 joueurs
840 1724 70 53 de
942 1722 166 54 basse
1144 1722 171 55 d'une
1346 1722 311 55 inlassable
1691 1724 390 53 munificence.
2117 1722 84 53 La

158 1801 167 56 lettre
368 1800 457 70 d'Espérandieu
870 1818 142 39 nous
1051 1800 52 55 le
1143 1800 109 53 fait
1295 1803 126 53 voir
1460 1806 294 65 envoyant
1797 1803 34 50 à
1870 1801 332 70 Forqueray

158 1899 111 37 une
298 1880 287 55 tabatière
617 1880 169 55 ornée
820 1881 70 54 de
920 1896 105 37 son
1055 1880 249 70 portrait
1332 1902 13 45 ;
1374 1880 43 52 il
1449 1880 161 53 avait
1644 1883 78 52 du
1752 1885 167 62 reste,
1949 1880 57 53 la
2035 1880 134 53 taba-

157 1959 141 54 tière
338 1957 186 68 facile,
567 1963 59 49 et
666 1957 127 72 plus
835 1959 151 66 tard,
1028 1957 226 70 lorsque
1296 1957 337 55 Boccherini
1676 1957 79 56 lui
1801 1959 168 54 dédia
2010 1976 80 36 un
2132 1959 71 53 de

160 2055 84 40 ses
269 2053 302 54 ouvrages,
594 2035 44 55 il
660 2036 80 55 lui
769 2036 66 55 fit
861 2036 288 71 parvenir,
1176 2043 270 64 rapporte
1473 2035 76 55 M.
1580 2036 429 70 Picquot,«une
2033 2036 169 55 lettre

161 2117 94 56 des
288 2116 130 71 plus
451 2116 317 70 gracieuses
802 2116 418 70 accompagnée
1254 2117 174 54 d'une
1461 2116 244 70 superbe
1736 2116 287 54 tabatière
2056 2131 109 39 rem-

158 2195 113 71 plie
311 2196 71 55 de
421 2196 223 65 ducats,
684 2200 59 50 et
783 2196 78 55 du
901 2194 252 70 diplôme
1192 2196 70 54 de
1301 2195 385 70 compositeur
1728 2196 67 54 de
1834 2195 57 53 la
1929 2194 270 54 chambre

162 2275 68 55 de
260 2274 56 54 S.
350 2274 79 53 M.
462 2272 334 72 prussienne
829 2293 20 28 »
884 2274 96 67 (4).

268 2354 85 53 La
400 2352 284 55 tabatière
731 2370 165 51 reçue
945 2369 102 53 par
1106 2352 330 70 Forqueray
1489 2351 165 69 était,
1713 2370 132 37 sans
1902 2354 192 64 doute,
2145 2351 56 53 la

276 2511 62 49 (1)
369 2510 185 49 Papiers
585 2509 47 38 de
663 2510 43 36 la
735 2507 175 49 famille
939 2509 261 51 Forqueray.
1232 2509 80 38 Ms.
1347 2521 20 38 3
1399 2521 74 38 pp.
1506 2509 64 39 La
1597 2510 269 49 suscription
1894 2510 60 37 du
1982 2509 61 49 pli
2070 2512 129 46 porte

162 2583 104 29 avec
298 2571 44 39 la
372 2570 202 39 mention
602 2569 231 50 imprimée
864 2580 18 26 «
911 2570 93 38 Hte
1035 2569 258 49 Allemagne
1324 2593 19 24 v
1361 2599 8 9 •
1404 2570 223 38 Monsieur
1660 2568 259 50 Forqueray
1981 2566 4 59 |
2037 2566 162 41 officier

162 2631 103 40 chez
287 2631 40 38 le
351 2629 87 38 Roi
458 2630 8 15 '
492 2629 105 38 chet
652 2629 5 56 |
701 2627 61 40 Le
787 2627 149 41 Selliet
960 2631 54 38 de
1037 2628 65 39 La
1126 2629 171 39 Reinne
1353 2630 5 55 |
1399 2640 78 27 rue
1500 2629 66 38 La
1588 2628 131 39 Croix
1742 2628 76 40 des
1841 2627 116 51 petit
1978 2628 163 48 champ
2172 2629 6 54 |

162 2693 99 49 prêt
286 2690 54 39 de
367 2690 65 38 La
456 2690 126 49 place
616 2689 77 37 des
736 2688 198 39 Victoire
981 2692 5 55 j
1042 2688 27 38 à
1094 2689 119 49 paris
1271 2685 4 62 |
1321 2686 73 40 On
1416 2688 57 38 lit
1497 2699 156 29 encore
1691 2699 73 27 sur
1797 2688 40 38 le
1872 2686 99 39 côté
2010 2687 59 38 du
2107 2685 61 51 pli
2187 2699 9 23 :

164 2766 17 26 4
211 2751 115 38 Avec
355 2760 63 27 un
445 2748 116 51 petit
589 2749 193 50 portrait
812 2749 60 38 du
900 2747 153 51 prince
1083 2749 54 38 de
1172 2759 152 39 prusse
1361 2759 86 38 que
1486 2748 126 49 Long
1656 2747 263 40 recomande
1961 2758 56 26 au
2058 2744 139 52 poste'

164 2810 52 40 de
243 2810 172 49 soigner
441 2811 118 37 cette
586 2808 166 38 Lettre'
781 2820 112 37 pour
920 2808 108 49 qu'il
1054 2819 55 28 ne
1135 2808 88 38 soit
1248 2807 130 51 point
1404 2808 157 40 Briset.
1592 2831 18 26 »

278 2871 61 47 (2)
371 2866 487 41 Frédéric-Guillaume
897 2867 46 38 II
978 2868 278 49 (1744-1797)
1288 2868 188 39 succéda
1505 2879 57 28 en
1597 2866 107 48 1786
1735 2878 57 27 au
1824 2866 140 48 grand
1995 2864 204 38 Frédéric

164 2940 80 28 son
278 2930 138 38 oncle.

278 2990 61 48 (3)
372 2991 58 36 H.
436 2989 77 39 -M.
553 2987 338 39 SCHLETTERER
910 3003 9 22 :
959 2986 135 50 Luigi
1127 2986 254 39 Boccherini
1419 2986 279 49 (Sammlung
1731 2984 328 40 musikalischer
2100 2982 84 39 Vor
2185 3004 16 6 -

165 3052 111 47 trâge
312 3048 333 50 herausgegeben
695 3059 79 27 von
823 3046 120 39 Paul
990 3044 105 50 Graf
1139 3045 267 50 Waidersee).
1443 3048 150 38 Vierte
1641 3045 153 45 Reihe,
1842 3044 193 50 Leipzig,
2081 3045 123 42 1882,

164 3120 42 39 p.
237 3118 93 40 125-
356 3109 39 37 Il
418 3121 32 37 y
473 3109 125 38 avait
623 3107 119 39 deux
765 3107 135 39 frères
920 3102 197 55 Duport,
1133 3110 104 35 tous
1261 3106 118 38 deux
1402 3106 341 39 violoncellistes
1768 3104 257 49 distingués.
2051 3104 59 38 Ce
2133 3103 71 38 fut

166 3166 280 51 Jean-Pierre
473 3169 179 50 Duport
678 3166 147 46 l'aîné,
855 3167 76 49 qui
959 3166 149 39 donna
1136 3166 76 38 des
1238 3166 151 49 leçons
1416 3179 58 26 au
1500 3166 149 49 prince
1675 3164 138 49 royal.
1844 3163 90 38 Son
1959 3164 113 38 frère
2102 3163 77 50 Jac-

165 3238 106 39 ques
298 3224 182 55 Duport
508 3228 40 38 le
578 3227 145 49 jeune,
743 3225 318 40 violoncelliste
1092 3226 59 37 du
1181 3227 150 48 prince
1363 3227 53 37 de
1447 3225 160 50 Conty,
1638 3225 40 38 le
1707 3224 223 50 remplaça
1960 3226 159 48 auprès
2150 3223 53 38 de

165 3285 485 42 Frédéric-Guillaume
684 3286 61 46 11,
780 3299 57 26 au
870 3288 202 37 moment
1103 3285 54 38 de
1188 3286 44 38 la
1264 3284 286 39 Révolution.
1585 3285 135 38 Voir:
1755 3285 154 36 MIEL:
1945 3283 151 38 Notice
2129 3294 75 27 sur

166 3346 168 50 Duport
365 3347 37 38 le
431 3347 126 51 jeune
590 3347 297 49 (1749-1819).
923 3344 200 38 Annales
1156 3344 47 38 de
1237 3345 43 37 la
1312 3344 158 39 Société
1502 3344 102 38 libre
1637 3343 69 39 des
1736 3342 277 39 Beaux-Arts
2019 3374 10 15 ,
2062 3343 139 44 Paris,

164 3408 33 36 t.
237 3417 67 29 vu
345 3408 41 48 (2
390 3417 15 17 e
443 3408 178 50 partie),
665 3419 77 38 pp.
793 3407 145 47 68-92.

279 3468 63 49 (4)
372 3466 49 39 L.
459 3467 208 47 PICQUOT
686 3481 10 24 :
731 3466 151 39 Notice
915 3476 75 26 sur
1024 3464 44 37 la
1114 3463 65 38 vie
1225 3467 36 33 et
1309 3466 57 36 les
1414 3473 203 39 ouvrages
1663 3462 47 37 de
1755 3461 135 50 Luigi
1935 3462 267 45 Boccherini,

167 3525 134 39 suivie
331 3528 57 37 du
417 3525 234 51 Catalogue
678 3526 203 38 raisonné
909 3525 48 36 de
986 3527 130 34 toutes
1145 3535 64 25 ses
1238 3533 171 35 œuvres,
1440 3526 90 34 tant
1559 3521 189 51 publiées
1779 3522 262 51 qu'inédites.
2066 3523 138 44 Paris,

172 3586 118 49 1851,
318 3599 73 38 pp.
428 3586 124 48 16-17
580 3589 48 36 et
654 3586 156 45 FÉTIS,
838 3588 34 35 t.
903 3584 36 45 I,
967 3596 42 38 p.
1040 3592 95 40 453.
