2778 4023
550 294 125 60 1238

1079 312 246 38 BULLETIN
1374 316 242 47 FRANÇAIS
1661 320 63 33 DE
1772 318 63 33 LA
1883 318 38 36 S.
1972 320 29 34 I.
2052 320 49 33 M.

546 461 88 52 est
673 454 325 61 admirable
1035 457 185 71 qu'un
1256 459 233 60 homme
1525 463 194 56 réduit
1757 462 34 53 à
1827 480 89 38 ses
1953 461 151 57 seuls
2141 480 242 54 moyens
2420 466 84 54 ait
2541 483 81 55 pu

544 535 148 58 ainsi
739 555 59 36 se
845 537 154 54 créer
1042 552 114 42 une
1200 538 209 72 langue
1455 543 151 55 aussi
1653 543 156 71 juste
1854 548 58 50 et
1958 544 154 52 aussi
2158 544 364 73 pénétrante.
2570 544 52 56 Il

543 636 72 38 ne
645 617 129 54 l'est
803 635 107 52 pas
941 618 188 57 moins
1156 619 182 70 qu'au
1366 622 202 58 milieu
1598 623 384 72 d'agitations
2011 629 59 49 et
2103 626 69 54 de
2202 624 191 55 soucis
2421 628 168 71 perpé-

541 695 153 56 tuels
732 695 46 54 il
821 697 87 54 ait
952 715 81 53 pu
1076 703 301 53 retrouver
1422 702 302 57 d'instinct
1771 702 249 72 quelque
2065 706 175 53 chose
2282 706 71 54 de
2396 704 225 74 l'espiit

543 774 305 73 classique,
906 793 63 38 ce
1024 795 130 39 sens
1212 781 70 54 de
1336 779 325 73 l'équilibre
1717 788 58 50 et
1836 786 99 53 des
1990 783 184 71 justes
2228 786 393 71 proportions,

543 856 100 72 qui
684 856 112 55 fait
836 858 72 55 de
943 857 135 56 telle
1118 861 71 53 de
1226 877 89 39 ses
1351 861 193 73 pièces
1582 881 114 39 une
1737 877 199 42 œuvre
1974 881 247 55 presque
2260 867 267 56 achevée.
2570 866 52 54 Il

543 936 191 55 fallait
778 936 144 71 qu'il
961 936 95 55 fût
1104 938 287 60 vraiment
1438 944 70 55 de
1553 949 152 50 cette
1747 943 189 71 lignée
1981 943 283 71 classique
2289 966 14 47 ;
2344 944 44 54 il
2429 946 193 56 fallait

544 1016 144 71 qu'il
728 1017 201 71 portât
970 1035 73 38 en
1083 1017 81 57 lui
1209 1037 81 39 un
1329 1040 116 54 peu
1487 1026 70 54 de
1597 1023 122 56 leur
1760 1023 166 73 génie
1967 1029 59 50 et
2071 1026 70 54 de
2181 1023 122 57 leur
2344 1042 162 55 sang.

543 1097 114 54 Par
694 1113 107 40 son
839 1097 281 70 hérédité,
1160 1116 73 39 en
1271 1101 165 69 effet,
1473 1103 44 53 il
1555 1121 60 38 se
1653 1104 268 56 rattache
1963 1104 34 54 à
2035 1122 134 38 eux.

654 1578 89 55 Né
786 1577 36 54 à
866 1578 292 70 Roubaix,
1203 1599 72 38 en
1321 1582 160 69 1865,
1522 1580 43 56 il
1607 1582 148 54 était
1800 1600 105 52 par
1947 1600 65 37 sa
2055 1585 173 67 mère,
2290 1585 53 54 le
2393 1586 200 56 descert-

541 1657 145 56 dant
765 1658 70 55 de
916 1664 207 64 quatre
1169 1660 365 71 générations
1617 1664 68 53 de
1735 1662 235 55 maîtres
2027 1665 69 53 de
2171 1664 256 72 chapelle
2488 1662 108 57 alle-

540 1737 229 70 mands,
856 1736 81 57 les
1017 1740 268 58 Schmidt
1343 1744 69 54 de
1499 1741 368 72 Buckeburg,
1920 1763 69 35 en
2072 1744 375 72 Westphalie.
2505 1745 116 56 Son

539 1817 156 71 père,
734 1818 239 68 Breton,
1011 1820 147 54 était
1202 1839 149 38 venu
1391 1824 68 54 de
1500 1824 231 54 Rennes
1768 1827 192 52 tenter
1994 1824 58 53 la
2087 1824 236 57 fortune
2360 1844 76 37 au
2470 1841 149 55 pays

541 1898 99 55 des
686 1898 194 55 tissus.
931 1900 150 52 Mais
1125 1901 202 55 c'était
1376 1921 78 36 un
1500 1902 225 69 rêveur,
1773 1905 191 70 poète,
2013 1921 81 37 un
2140 1921 114 54 peu
2303 1904 315 72 mystique,

537 1976 103 72 qui
678 1977 210 56 n'était
925 1996 105 52 pas
1068 1982 148 54 doué
1251 1999 146 53 pour
1434 1981 80 56 les
1551 1981 232 56 affaires
1810 2004 13 48 ;
1856 1984 44 52 il
1933 1984 326 55 travaillait
2295 1986 324 71 beaucoup,

537 2074 136 39 sans
723 2058 178 72 profit
951 2061 388 69 appréciable,
1391 2066 316 52 soutenant
1746 2064 35 52 à
1816 2064 59 54 la
1899 2064 112 54 fois
2042 2062 60 56 la
2132 2067 210 69 charge
2366 2065 71 56 de
2464 2066 156 55 deux

537 2136 275 70 maisons,
846 2137 155 56 l'une
1039 2141 36 52 à
1111 2140 181 70 Paris,
1320 2142 208 55 l'autre
1551 2144 34 52 à
1621 2144 275 54 Roubaix
1917 2164 8 33 :
1955 2144 48 54 si
2021 2144 138 57 bien
2185 2146 138 70 qu'à
2343 2159 71 57 47
2432 2163 122 50 ans,
2577 2145 44 53 il

535 2216 208 58 tomba
770 2217 374 71 paralytique
1185 2225 58 49 et
1260 2221 192 55 traîna
1484 2221 236 71 jusqu'à
1754 2240 65 37 sa
1837 2230 175 61 mort,
2028 2243 74 36 en
2141 2226 163 71 1873,
2322 2244 113 37 une
2469 2225 120 54 exis-

532 2301 169 52 tence
725 2296 400 71 douloureuse,
1146 2301 143 55 dont
1304 2301 82 56 les
1404 2301 355 57 souffrances
1774 2304 226 57 étaient
2030 2306 268 70 toujours
2323 2305 297 57 dominées

534 2393 106 54 par
673 2376 52 55 le
760 2377 158 55 souci
958 2379 142 69 qu'il
1136 2380 162 53 avait
1336 2382 69 55 de
1438 2381 84 55 les
1558 2382 205 55 cacher
1798 2403 119 36 aux
1948 2384 172 58 siens.
2159 2389 84 53 La
2277 2387 154 55 mère
2464 2391 156 50 resta

540 2473 204 50 veuve,
799 2470 142 41 avec
993 2459 144 53 trois
1189 2459 105 54 fils.
1351 2461 171 55 Deux
1572 2461 225 57 étaient
1853 2465 133 70 déjà
2037 2471 202 49 morts.
2294 2466 160 55 Avec
2508 2483 111 38 une

536 2535 326 56 admirable
902 2539 246 71 énergie,
1190 2540 104 56 elle
1334 2541 71 55 fit
1443 2541 124 55 face
1608 2559 118 38 aux
1769 2544 314 56 difficultés
2124 2547 72 54 de
2235 2546 56 55 la
2332 2545 287 60 situation

539 2616 77 55 où
647 2615 105 54 elle
782 2634 60 38 se
874 2619 283 54 trouvait.
1193 2620 179 54 Elève
1406 2622 70 55 de
1509 2621 178 69 Fétis,
1711 2625 70 53 de
1814 2625 383 68 Michelot,de
2223 2627 155 58 Mme
2402 2626 213 70 Pleyel,

536 2700 60 51 et
622 2701 235 52 surtout
889 2699 70 54 de
984 2716 106 38 son
1124 2701 136 70 père
1287 2700 130 56 Cari
1443 2701 291 71 Schmidt,
1760 2702 106 56 elle
1894 2705 164 55 avait
2087 2707 239 68 obtenu,
2355 2725 71 37 en
2451 2704 164 72 1848,

536 2774 53 57 le
625 2776 251 70 premier
915 2779 133 69 prix
1087 2781 71 55 de
1195 2780 179 71 piano
1412 2799 78 38 au
1528 2781 442 59 Conservatoire
2012 2787 70 55 de
2122 2786 296 55 Bruxelles
2461 2804 12 36 :
2513 2785 103 57 elle

539 2857 196 56 donna
785 2859 99 54 des
927 2859 195 68 leçons
1170 2862 70 54 de
1285 2861 287 71 musique,
1622 2862 36 52 à
1705 2864 294 54 Roubaix.
2242 2883 7 43 î
2270 2897 14 10 •
2312 2878 17 59 f
2380 2893 6 8 -

653 2937 112 55 Par
805 2955 115 39 une
959 2939 311 58 bizarrerie
1313 2944 70 53 de
1424 2947 227 64 nature,
1694 2944 102 71 qui
1840 2946 150 55 n'est
2032 2964 107 55 pas
2178 2963 127 39 rare
2350 2947 144 56 dans
2535 2947 80 55 les

541 3015 120 56 vies
701 3020 101 53 des
840 3019 330 69 musiciens,
1212 3021 146 56 Paul
1395 3022 222 70 Dupin,
1659 3026 145 55 dans
1840 3043 107 39 son
1984 3026 262 70 enfance,
2282 3044 61 39 se
2381 3034 235 49 montra

535 3096 211 56 rebelle
789 3097 35 54 à
861 3102 139 53 tout
1038 3100 434 72 enseignement
1514 3101 263 57 musical.
1820 3105 147 56 Sans
2011 3109 196 66 doute,
2248 3125 61 37 se
2348 3106 270 57 buta-t-il

537 3175 36 53 à
620 3194 63 37 ce
733 3194 114 53 que
893 3179 83 56 les
1024 3186 528 51 commencements
1600 3189 106 49 ont
1757 3184 254 72 d'ingrat
2059 3191 60 50 et
2169 3188 296 57 d'irritant
2492 3208 14 49 ;
2555 3193 59 50 et

535 3273 148 38 ceux
732 3257 99 70 qui
880 3259 433 71 l'entouraient,
1362 3261 218 71 malgré
1624 3262 124 56 leur
1795 3265 299 71 affection,
2144 3287 71 36 ne
2262 3273 199 50 surent
2511 3283 104 57 pas

534 3340 382 67 comprendre
953 3358 63 38 ce
1058 3341 98 70 qui
1197 3359 59 37 se
1294 3342 224 70 passait
1560 3344 145 54 dans
1743 3350 153 51 cette
1934 3348 188 69 petite
2160 3349 130 54 âme
2331 3349 283 68 d'enfant,

535 3417 395 72 orgueilleuse,
979 3421 342 61 incertaine,
1374 3428 59 49 et
1485 3422 284 73 obstinée,
1823 3444 114 53 que
1988 3428 57 55 la
2102 3429 265 71 musique
2418 3428 165 57 boule-

540 3496 213 56 versait
788 3516 72 40 en
892 3509 202 62 secret,
1129 3508 57 49 et
1222 3501 99 71 qui
1357 3520 59 37 se
1449 3504 280 56 révoltait
1762 3513 199 49 contre
1995 3525 148 40 ceux
2176 3509 100 71 qui
2314 3510 301 56 voulaient

534 3575 58 56 la
643 3576 82 56 lui
785 3584 343 67 apprendre.
1185 3582 97 55 Un
1335 3582 267 58 accident
1659 3602 157 39 assez
1871 3604 176 53 grave
2117 3589 131 56 vint
2323 3588 291 58 d'ailleurs
