2778 4023
427 310 130 39 1220

967 311 257 40 BULLETIN.
1263 314 244 50 FRANÇAIS
1552 319 65 36 DE
1662 319 66 36 LA
1775 320 39 36 S.
1865 320 29 36 I.
1945 322 50 33 M.

423 458 271 57 tenaient
732 477 114 40 une
883 459 253 73 auberge
1172 461 36 53 à
1246 462 277 60 Roncole.
1564 466 119 59 Son
1719 471 132 53 acte
1890 468 71 57 de
1998 468 328 74 naissance,
2366 473 140 59 daté

431 539 81 56 du
550 555 69 40 12
657 541 241 54 octobre
939 539 164 70 1813,
1142 546 89 51 est
1269 542 198 75 rédigé
1504 565 75 39 en
1613 547 216 74 langue
1866 546 311 72 française.
2219 552 81 57 Le
2337 553 142 58 terri-

426 619 152 56 toire
619 619 80 58 du
736 619 152 56 Taro
925 619 244 56 formait
1208 641 23 29 «
1265 641 84 39 un
1387 626 71 56 de
1495 645 107 39 nos
1642 626 442 75 départements
2124 650 77 38 au
2232 632 134 57 delà
2404 635 102 57 des

427 698 179 75 Alpes
656 721 40 34 »,
748 701 148 56 Sous
943 702 58 55 la
1049 702 164 57 main
1260 708 348 59 souveraine
1656 710 73 56 de
1778 708 329 73 Napoléon,
2155 712 221 60 l'ltalie
2427 717 80 56 du

430 779 166 56 Nord
628 778 274 74 jouissait
938 800 77 38 au
1049 781 191 58 moins
1275 786 73 56 de
1381 786 58 57 la
1471 787 270 59 sécurité.
1781 788 151 58 Mais
1969 791 151 57 voici
2161 792 167 60 venir
2361 814 152 54 pour

428 859 109 58 elle
610 862 74 56 de
758 862 337 72 dangereux
1164 863 367 63 libérateurs.
1608 870 109 56 Les
1792 871 224 58 armées
2091 877 421 55 austro-russes

427 939 345 59 terrorisent
814 942 83 56 les
940 942 262 74 villages.
1247 946 87 56 La
1373 945 217 63 femme
1633 951 82 56 du
1755 951 334 57 locandiere
2135 955 73 56 de
2252 956 260 57 Roncole

427 1020 265 71 s'enfuit,
743 1022 393 72 épouvantée,
1188 1044 73 38 en
1310 1035 228 53 serrant
1589 1047 109 40 son
1748 1030 207 58 enfant
2009 1032 149 57 dans
2208 1053 90 38 ses
2348 1037 158 60 bras.

437 1102 239 72 L'église
715 1103 80 56 du
837 1103 210 74 village
1082 1105 82 58 lui
1204 1105 150 59 offre
1391 1129 82 38 un
1509 1111 161 57 asile.
1711 1112 223 57 Tandis
1974 1133 114 53 que
2126 1113 52 58 le
2218 1134 292 40 massacre

427 1188 60 50 et
531 1181 316 59 l'incendie
892 1186 132 56 font
1071 1201 137 57 rage
1256 1206 76 37 au
1379 1190 239 64 dehors,
1672 1191 58 56 la
1783 1193 158 55 mère
1994 1193 255 72 éperdue
2305 1204 204 52 monte

424 1262 326 75 jusqu'aux
791 1265 229 57 cloches
1062 1280 143 44 avec
1249 1285 108 41 son
1396 1271 278 72 précieux
1715 1270 265 59 fardeau.
2027 1275 128 56 Elle
2197 1279 216 57 attend
2451 1277 59 57 là

427 1361 117 56 que
577 1342 60 61 la
670 1345 182 56 horde
887 1345 256 57 furieuse
1179 1346 89 56 ait
1301 1350 252 58 terminé
1589 1369 109 40 son
1735 1370 202 39 œuvre
1975 1356 71 56 de
2082 1374 269 56 carnage.
2390 1357 121 59 Son

428 1425 92 54 fils
549 1428 90 51 est
670 1426 201 55 sauvé.
906 1426 169 58 Cette
1104 1427 207 75 fragile
1348 1431 109 69 vie,
1489 1432 101 73 qui
1626 1434 206 55 devait
1865 1434 123 58 être
2018 1436 46 55 si
2100 1436 172 71 forte,
2308 1439 205 57 devait

426 1520 110 41 son
576 1503 157 58 salut
775 1524 77 38 au
892 1505 230 58 clocher
1161 1510 185 58 natal.
1390 1511 147 57 Sous
1576 1512 286 60 l'humble
1905 1516 115 55 toit
2064 1517 72 56 de
2176 1516 222 74 l'église
2440 1520 72 56 de

430 1585 280 71 Roncole,
761 1586 177 57 Verdi
990 1588 166 56 avait
1205 1606 135 54 reçu
1387 1609 230 43 comme
1668 1614 79 38 un
1792 1597 221 56 second
2059 1597 301 73 baptême.

543 1667 109 55 Les
990 1667 287 69 Enfances
1679 1668 172 58 Verdi
1269 1670 131 59 font
1449 1693 84 38 un
1581 1676 293 57 touchant
1926 1677 209 71 poème
2187 1679 325 73 villageois.

428 1745 159 57 Pour
620 1747 193 70 cadre,
847 1752 159 52 cette
1037 1755 233 66 nature,
1305 1751 313 62 solennelle
1650 1759 61 52 et
1744 1755 193 70 triste,
1974 1757 100 75 qui
2112 1775 62 40 se
2209 1765 302 66 prosterne

426 1844 81 40 au
549 1826 140 74 pied
733 1830 71 57 de
847 1827 339 75 l'Apennin.
1233 1831 131 57 Une
1407 1850 251 53 masure,
1705 1854 76 38 au
1825 1836 206 57 milieu
2078 1840 100 56 des
2224 1841 287 59 chanvres

428 1911 61 52 et
550 1915 102 49 des
710 1912 148 51 maïs
907 1930 11 34 :
979 1911 143 56 c'est
1179 1910 278 72 l'osteria,
1515 1919 179 52 tenue
1745 1934 108 55 par
1898 1919 170 57 Carlo
2114 1919 177 58 Verdi
2340 1926 61 52 et
2444 1939 67 41 sa

428 1990 236 54 femme.
695 1989 277 58 L'enfant
1001 1992 239 70 grandit
1270 1994 146 55 dans
1446 1995 283 57 l'humble
1758 1999 272 72 auberge.
2064 2000 51 55 Il
2143 2006 89 51 est
2261 2016 251 59 songeur

426 2067 322 59 silencieux
784 2075 61 51 et
887 2071 203 56 docile.
1134 2072 228 61 Parfois
1400 2094 82 37 un
1520 2076 286 57 musicien
1846 2080 312 58 ambulant
2196 2080 116 58 fait
2351 2082 161 58 halte

428 2151 225 56 devant
708 2150 59 58 la
827 2166 226 56 pauvre
1117 2151 289 60 demeure.
1472 2155 297 74 Giuseppe
1832 2160 198 71 quitte
2092 2163 258 55 aussitôt
2403 2180 109 41 son

426 2229 223 55 travail
680 2248 80 38 ou
790 2248 89 39 ses
912 2230 142 71 jeux
1080 2253 14 48 ;
1123 2232 44 54 il
1199 2234 226 69 écoute,
1458 2254 76 38 en
1565 2241 223 66 extase,
1823 2239 82 56 les
1938 2258 137 39 sons
2108 2259 116 55 que
2263 2243 55 55 le
2350 2260 122 42 men-

430 2309 171 57 diant
656 2310 257 57 virtuose
968 2312 107 56 tire
1125 2314 144 56 d'un
1319 2315 271 60 mauvais
1651 2316 216 60 violon.
1928 2321 79 55 Le
2063 2324 138 53 curé
2256 2323 82 57 lui
2398 2321 115 59 fait

424 2390 191 54 servir
656 2390 58 54 la
757 2409 203 38 messe.
1007 2392 98 55 Un
1146 2394 133 71 jour
1324 2394 71 56 de
1438 2395 138 71 fête,
1621 2397 250 59 l'enfant
1919 2403 71 54 de
2032 2401 206 57 chœur
2282 2423 35 38 a
2360 2403 146 57 failli

427 2471 259 71 négliger
731 2472 53 58 le
831 2474 223 54 service
1106 2474 168 58 divin
1299 2497 14 47 ;
1362 2476 221 73 l'orgue
1630 2477 81 58 lui
1771 2483 167 54 avait
1997 2484 193 56 donné
2246 2490 137 67 trop
2439 2489 72 53 de

428 2551 402 60 distractions.
865 2554 88 56 De
983 2559 201 51 retour
1216 2574 76 41 au
1321 2556 166 73 logis,
1517 2556 44 56 il
1592 2560 232 71 supplie
1856 2579 109 41 son
1994 2564 136 71 père
2164 2566 71 55 de
2266 2565 82 56 lui
2384 2584 96 55 per-

428 2637 217 54 mettre
670 2635 392 71 d'apprendre
1095 2635 58 55 la
1174 2636 289 71 musique.
1487 2637 98 58 Un
1608 2640 179 56 vieux
1807 2643 196 71 prêtre
2031 2645 80 55 du
2144 2645 301 74 voisinage
2475 2665 35 37 a

427 2717 325 67 justement
776 2733 115 38 une
907 2715 262 71 épinette
1188 2716 34 54 à
1249 2717 240 69 vendre;
1514 2735 79 38 on
1616 2737 73 39 en
1713 2721 112 55 fait
1856 2724 118 56 don
2009 2725 35 53 à
2075 2724 251 60 l'enfant
2361 2728 149 54 ravi.

543 2795 168 56 Cette
765 2795 282 72 épinette,
1105 2796 175 56 Verdi
1339 2799 56 53 la
1448 2815 285 46 conserva
1785 2805 273 70 toujours
2114 2824 228 40 comme
2397 2827 115 39 une

426 2874 224 72 relique
711 2881 60 51 et
832 2894 229 42 comme
1122 2897 76 36 un
1260 2878 300 58 talisman.
1623 2876 127 62 Elle
1818 2886 276 72 occupait
2163 2907 116 37 une
2345 2888 167 73 place

430 2955 328 57 d'honneur
794 2958 146 55 dans
971 2975 67 38 sa
1071 2958 141 55 villa
1246 2959 71 54 de
1350 2959 385 73 Sant'Agata.
1772 2964 98 57 Un
1903 2965 151 71 jour,
2089 2987 78 35 un
2205 2969 99 55 des
2337 2968 140 56 fami-

431 3032 129 58 liers
598 3036 80 57 du
713 3038 211 55 maître
959 3044 100 49 eut
1096 3039 57 54 la
1188 3039 279 56 curiosité
1504 3041 329 74 d'explorer
1866 3045 53 56 le
1960 3048 137 54 vieil
2128 3048 382 59 instrument.

427 3114 149 57 Sous
624 3135 82 38 un
753 3119 101 56 des
902 3126 312 49 marteaux
1263 3120 80 55 du
1390 3120 236 70 clavier,
1672 3123 44 54 il
1763 3125 310 57 découvrit
2120 3128 393 75 l'inscription

426 3195 278 60 suivante
751 3219 11 34 :
807 3220 23 30 «
873 3200 113 56 Par
1028 3200 139 70 moi,
1211 3200 242 56 Stefano
1496 3201 318 74 Cavaletti,
1858 3205 198 59 furent
2100 3208 143 56 faits
2293 3212 35 53 à
2369 3228 108 42 nou-

426 3292 156 41 veau
626 3285 61 50 et
734 3280 197 72 garnis
979 3283 72 54 de
1099 3281 124 56 cuir
1269 3281 83 55 les
1396 3289 357 51 sautereaux
1801 3288 71 56 de
1927 3294 156 51 cette
2136 3290 286 73 épinette,
2478 3292 35 54 à

426 3356 251 77 laquelle
714 3361 103 72 j'ai
859 3361 219 73 adapté
1117 3380 114 40 une
1269 3361 226 73 pédale.
1538 3364 79 55 Et
1655 3365 102 71 j'ai
1800 3368 112 54 fait
1951 3370 429 71 gratuitement
2420 3389 92 38 ces

426 3444 358 53 sautereaux
833 3460 75 37 en
963 3449 223 66 voyant
1244 3443 82 54 les
1377 3444 223 55 bonnes
1663 3445 383 73 dispositions
2106 3469 114 54 que
2279 3457 233 53 montre

426 3516 54 57 le
534 3520 174 71 jeune
764 3523 295 72 Giuseppe
1105 3523 175 57 Verdi
1321 3542 150 53 pour
1514 3529 330 69 apprendre
1885 3530 34 54 à
1960 3547 213 40 sonner
2211 3530 149 57 ledit
2393 3534 89 55 ins-

428 3605 285 55 trument.
757 3626 22 29 »
964 3605 358 70 Qu'était-ce
1372 3623 114 52 que
1542 3606 245 58 Stefano
1843 3610 293 59 Cavaletti
2172 3619 23 48 ?
2253 3614 130 56 Une
2440 3614 71 56 de
