2778 4023
832 351 131 35 DEUX
1005 353 255 35 VIOLISTES
1302 346 251 48 CÉLÈBRES

2092 363 123 49 1257

164 490 227 55 «billets
409 491 69 54 de
492 491 281 71 banque».
795 489 147 55 Mais
961 492 52 55 le
1039 495 222 69 Régent
1282 497 342 75 s'empressa
1646 506 71 56 de
1739 505 51 55 le
1813 506 404 71 dédommager

161 569 442 74 princièrement
643 572 70 53 de
749 576 153 49 cette
937 577 178 65 perte.
1156 574 93 55 Au
1284 583 164 62 reste,
1473 581 51 54 le
1561 582 230 57 violiste
1828 584 282 72 comptait
2149 589 70 54 de

161 650 186 55 riches
395 653 59 51 et
502 649 297 71 puissants
847 656 375 64 protecteurs.
1275 654 88 56 De
1412 659 185 56 même
1646 680 111 53 que
1805 681 104 37 son
1965 670 217 49 contem-

163 728 221 74 porain,
418 728 349 71 Jean-Ferry
807 728 196 70 Rebel,
1031 729 44 54 il
1104 732 162 54 avait
1297 751 67 37 su
1392 753 58 37 se
1480 744 208 51 mettre
1703 741 113 56 fort
1845 742 136 56 bien
1995 762 71 37 en
2082 761 136 38 cour

164 814 56 51 et
254 807 332 71 s'attacher,
603 828 73 37 en
690 809 221 71 qualité
927 810 264 69 d'élèves,
1212 813 98 55 des
1343 832 379 57 personnages
1758 823 68 55 de
1857 822 357 57 distinction.

165 890 74 55 Sa
268 888 207 70 charge
507 889 70 55 de
608 889 176 54 Basse
815 889 72 56 de
916 889 152 56 viole
1100 890 34 53 à
1161 890 57 55 la
1251 892 282 58 Chambre
1565 899 77 54 du
1674 901 107 53 Roi
1812 901 79 56 lui
1927 902 179 55 valait
2138 922 78 37 un

160 967 343 56 traitement
556 968 70 55 de
676 967 106 53 600
845 968 202 56 Livres
1099 972 99 66 (1),
1250 973 211 69 auquel
1509 976 391 72 s'ajoutaient,
1952 987 164 50 outre
2164 982 52 56 le

165 1053 271 50 montant
498 1048 69 55 de
603 1064 88 37 ses
748 1048 423 70 gratifications
1209 1053 78 65 (2)
1345 1057 58 49 et
1461 1053 50 56 le
1567 1056 132 69 prix
1757 1061 68 53 de
1880 1077 89 37 ses
2004 1061 210 70 leçons,

161 1128 82 53 les
267 1127 283 61 bénéfices
565 1144 112 53 que
691 1125 81 56 lui
790 1128 404 70 rapportaient
1247 1131 101 54 des
1396 1134 269 54 tournées
1716 1137 70 53 de
1837 1143 257 51 concerts
2145 1158 71 37 en

164 1205 291 73 province.

276 1285 162 55 Nous
469 1302 231 51 savons,
734 1305 73 35 en
837 1285 160 70 effet,
1033 1287 355 71 qu'Antoine
1423 1289 332 73 Forqueray
1786 1310 256 57 voyagea
2075 1313 140 38 avec

164 1365 50 56 le
257 1365 218 55 célèbre
520 1364 368 70 Jean-Pierre
931 1367 272 71 Guignon
1242 1373 59 50 et
1344 1369 120 55 s'en
1506 1371 112 53 alla
1660 1390 58 38 se
1759 1372 142 57 faire
1943 1378 273 54 entendre

167 1445 142 55 dans
344 1444 412 71 quelques-uns
793 1445 102 55 des
930 1452 259 48 concerts
1237 1447 493 71 qu'organisaient
1765 1451 80 55 les
1880 1453 338 56 Académies

167 1525 67 54 de
267 1523 265 71 musique
565 1523 99 72 qui
700 1542 58 37 se
790 1524 304 56 fondèrent
1128 1543 105 54 par
1264 1532 167 51 toute
1462 1527 57 54 la
1553 1529 215 56 France
1801 1548 116 37 aux
1948 1532 267 56 environs

167 1605 68 55 de
268 1616 160 58 1725.
465 1603 93 56 En
591 1618 161 55 1727,
788 1604 252 56 Antoine
1075 1607 336 70 Forqueray
1440 1607 134 70 joue
1631 1609 34 52 à
1698 1609 226 55 Rennes
1957 1617 57 48 et
2038 1611 149 55 inter-

163 1683 180 72 prète,
360 1699 141 40 avec
539 1701 105 38 son
681 1684 348 70 partenaire,
1068 1705 113 35 une
1219 1692 202 51 sonate
1461 1688 69 55 de
1570 1687 207 56 Michel
1825 1688 252 56 Mascitti
2110 1711 12 46 ;
2162 1691 56 54 la

165 1764 488 69 correspondance
705 1764 79 55 du
833 1764 181 55 maire
1066 1766 68 54 de
1185 1767 241 67 Nantes,
1481 1766 218 57 Gérard
1748 1768 232 69 Mellier,
2009 1769 108 54 fait
2167 1769 52 54 le

164 1843 128 71 plus
327 1844 184 69 grand
544 1844 158 69 éloge
739 1844 78 54 du
851 1843 279 56 musicien
1169 1847 97 66 (3).

272 1922 74 54 Ce
387 1922 177 54 serait
607 1927 153 51 cette
802 1923 283 67 année-là,
1143 1924 226 70 d'après
1409 1924 245 56 l'article
1696 1942 111 53 que
1849 1943 146 37 nous
2037 1942 182 38 avons

161 2000 275 55 transcrit
481 2000 130 70 plus
655 2002 164 67 haut,
866 2002 358 71 qu'Antoine
1269 2003 334 70 Forqueray
1646 2022 60 37 se
1749 2004 176 54 serait
1969 2004 171 55 retiré
2186 2006 33 52 à

160 2080 227 55 Mantes
414 2101 13 47 ;
471 2079 150 56 mais
661 2079 43 54 il
734 2088 89 48 est
845 2080 278 70 probable
1167 2100 112 52 que
1323 2088 155 50 cette
1523 2084 136 54 date
1702 2088 88 50 est
1834 2083 381 70 prématurée.

163 2160 90 54 En
295 2174 160 55 1727,
493 2160 43 54 il
574 2160 179 70 figure
794 2178 95 37 sur
1702 2160 173 55 YEtat
2126 2162 64 52 de
1598 2162 186 71 parmi
1826 2163 82 55 les
1946 2163 234 70 sympho-

160 2238 179 57 nistes
374 2239 68 55 de
474 2239 57 54 la
563 2239 580 71 Chapelle-Musique,
1179 2242 34 52 à
1245 2240 127 55 côté
1406 2240 292 56 d'Alarius
1730 2242 244 70 Verloge
2008 2242 99 67 (4),
2140 2246 78 63 et,

160 2319 52 55 le
248 2334 65 40 21
354 2317 300 56 décembre
690 2333 162 55 1733,
884 2319 43 54 il
960 2326 87 49 est
1083 2323 232 52 nommé
1351 2341 22 28 «
1407 2322 239 54 chantre
1683 2319 68 57 de
1784 2321 56 54 la
1875 2321 340 68 Chambre»,

161 2416 94 37 sur
290 2398 56 53 la
384 2397 312 56 démission
732 2398 70 55 de
837 2398 351 69 Jean-Louis
1226 2399 70 56 de
1330 2399 180 71 Bury,
1547 2401 207 69 charge
1792 2401 141 54 dont
1967 2399 252 54 héritera

161 2496 106 37 son
302 2478 89 52 fils
431 2478 447 70 Jean-Baptiste
913 2479 257 55 Antoine
1210 2481 79 66 (5)
1318 2524 9 9 .

271 2553 147 57 Mais
465 2558 34 52 à
545 2562 152 49 cette
742 2558 244 70 époque,
1030 2558 257 56 Antoine
1331 2559 335 71 Forqueray
1711 2563 90 50 est
1848 2557 135 71 déjà
2027 2555 112 54 fixé
2186 2557 33 51 à

278 2718 63 48 (1)
374 2717 264 49 Forqueray
674 2714 140 52 figure
849 2728 75 26 sur
948 2717 145 38 l'Etat
1117 2719 53 37 de
1205 2717 44 38 la
1285 2718 171 39 France
1492 2718 27 38 à
1541 2717 141 52 partir
1706 2717 52 38 de
1794 2715 104 49 1698
1931 2714 128 48 (Etat
2094 2713 120 49 1698.

163 2775 36 46 I,
240 2785 95 40 225.
366 2778 112 38 Etat
508 2775 168 52 1699,
777 2775 34 52 ;
845 2775 134 52 Etat
1009 2788 120 37 1702,
1155 2777 36 45 I,
1219 2780 114 47 229).

278 2837 62 49 (2)
384 2838 72 38 En
504 2847 121 37 1717,
669 2837 32 37 il
742 2837 167 39 touche
954 2846 82 39 250
1080 2838 133 39 livres
1256 2850 74 27 sur
1370 2839 63 38 les
1476 2839 169 44 Menus,
1689 2848 172 30 comme
1903 2830 310 54 gratification.

163 2896 129 39 Arch.
320 2902 92 34 nat.
441 2900 36 37 O
483 2905 7 16 1
514 2898 125 47 2846,
664 2897 44 37 f°
731 2908 69 38 23-

279 2960 62 47 (3)
374 2958 110 38 Voir
514 2957 27 37 à
570 2969 48 27 ce
647 2957 120 50 sujet
795 2962 128 35 notre
951 2969 196 38 ouvrage
1167 2975 9 22 :
1207 2957 286 42 L'Académie
1523 2957 47 38 de
1599 2957 210 49 Musique
1837 2959 37 32 et
1902 2953 36 37 le
1968 2950 174 39 Concert
2169 2949 47 38 de

163 3018 167 37 Nantes
356 3018 27 37 à
412 3016 168 39 VHôtel
605 3018 47 37 de
680 3017 44 38 la
747 3016 166 40 Bourse
940 3019 299 48 (1727-1767),
1266 3032 75 38 pp.
1369 3030 146 37 40-41.
1543 3016 65 39 La
1632 3016 132 39 lettre
1791 3015 75 49 qui
1891 3013 138 38 relate
2053 3011 44 37 la
2120 3009 72 50 pré-

164 3088 128 29 sence
326 3078 27 38 à
387 3079 180 38 Rennes
601 3079 54 38 de
689 3077 262 51 Forqueray
996 3090 57 26 ou
1100 3079 88 38 For
1189 3081 132 45 croix,
1356 3080 124 39 selon
1513 3089 87 27 une
1634 3077 76 37 des
1745 3074 287 40 nombreuses
2066 3069 125 38 ortho-

163 3138 190 50 graphes
384 3141 59 37 du
474 3150 107 28 nom
612 3139 53 38 de
695 3141 129 36 notre
854 3139 229 45 musicien,
1115 3143 130 46 porte
1273 3142 44 37 la
1347 3141 105 37 date
1484 3138 59 38 du
1577 3147 47 37 17
1656 3135 182 38 octobre
1872 3142 119 38 1727.
2023 3129 97 39 Elle
2148 3130 68 37 est

163 3198 201 40 adressée
389 3201 27 38 à
440 3197 170 40 Gérard
635 3199 182 45 Mellier,
845 3200 139 39 maire
1009 3199 55 38 de
1087 3199 189 52 Nantes,
1303 3213 80 38 par
1408 3199 58 37 M.
1495 3198 53 38 de
1572 3197 43 38 la
1639 3194 231 43 Boissière,
1903 3189 207 40 trésorier
2141 3189 76 37 des

163 3256 133 40 Etats
323 3260 54 38 de
404 3260 237 49 Bretagne.
694 3258 66 40 La
786 3258 156 39 Sonate
970 3260 53 38 de
1049 3260 214 45 Mascitti,
1282 3260 128 50 jouée
1437 3259 26 37 à
1489 3258 178 38 Rennes
1692 3265 80 39 par
1799 3251 208 49 Guignon
2032 3251 45 36 et
2112 3246 78 38 For-

163 3328 170 41 queray
358 3320 115 38 était
499 3321 226 48 peut-être
753 3331 87 27 une
868 3320 54 38 de
948 3319 129 39 celles
1106 3321 54 38 de
1186 3321 28 36 Y
1221 3320 141 50 Opéra
1391 3322 151 48 quarta
1570 3316 147 48 (1711)
1747 3310 151 40 dédiée
1925 3309 27 37 à
1978 3308 238 37 l'Electeur

165 3378 53 39 de
239 3378 190 41 Bavière
452 3381 75 48 qui
549 3380 71 38 fut
640 3391 61 27 un
722 3380 77 38 des
819 3382 281 47 protecteurs
1122 3381 54 39 de
1196 3381 201 38 Mascitti
1416 3383 47 35 et
1484 3380 53 37 de
1557 3376 259 48 Forqueray
1835 3373 45 37 et
1901 3369 90 50 qui,
2012 3379 56 27 en
2092 3377 122 37 1711,

163 3437 183 40 résidait
384 3440 28 37 à
450 3439 281 51 Compiègne.

278 3500 63 47 (4)
372 3500 104 38 Etat
501 3500 47 37 de
577 3500 44 38 la
645 3500 167 39 France
817 3531 9 14 ,
859 3509 121 38 1727,
1009 3499 35 46 I,
1071 3512 43 38 p.
1147 3501 92 38 186.
1269 3501 38 37 Il
1332 3512 31 38 y
1387 3500 124 38 avait
1538 3498 113 37 alors
1675 3493 110 37 trois
1810 3491 179 49 joueurs
2015 3488 53 37 de
2099 3485 115 38 viole

163 3556 26 38 à
219 3557 43 40 la
294 3558 221 46 Cha,m,bre
536 3579 8 22 :
580 3562 145 37 Marin
757 3561 177 43 Marais,
970 3558 367 41 Léonard-Henri
1371 3560 108 38 Itier
1510 3560 46 36 et
1589 3556 145 36 Pierre
1767 3549 203 39 Danican
2002 3545 211 39 Philidor.

278 3620 63 48 (5)
372 3620 133 47 Arch,
528 3625 93 35 nat.
646 3622 54 38 O
720 3631 69 37 77,
813 3620 43 37 fo
879 3631 94 37 343.
