2778 4023
538 322 127 48 1254

1062 326 244 36 BULLETIN
1355 329 241 45 FRANÇAIS
1640 330 65 33 DE
1752 327 62 33 LA
1860 326 41 36 S.
1950 327 29 33 I.
2029 326 51 34 M.

534 468 243 58 suivant
821 468 80 58 du
1362 470 261 54 Mercure
1964 472 200 70 galant
1488 472 213 59 d'avril
1748 470 164 70 1682,
1957 472 146 56 dont
2157 470 55 57 le
2266 470 332 72 rédacteur,

535 547 167 73 après
740 547 165 56 avoir
948 547 159 71 parlé
1164 550 79 56 du
1284 550 193 56 Persêe
1521 556 71 55 de
1634 551 187 70 Lully,
1872 550 200 71 ajoute
2118 571 11 35 :

629 682 20 29 «
669 661 145 49 Cette
836 661 213 50 matière
1070 677 81 34 me
1174 663 97 47 fait
1292 668 239 47 souvenir
1554 668 124 49 d'un
1701 668 132 61 petit
1858 667 217 62 Prodige
2096 667 90 62 qui
2207 670 251 60 surprend
2480 675 118 44 tous

527 747 130 31 ceux
689 730 88 61 qui
809 729 47 47 le
889 730 342 48 connoissent.
1252 731 70 47 Le
1355 734 101 48 Fils
1491 735 62 48 de
1588 736 63 46 M.
1673 735 226 62 Forcray
1926 738 161 59 ayant
2117 750 63 32 eu
2207 735 270 50 l'honneur
2510 738 88 48 dès

525 799 132 62 l'âge
680 797 64 49 de
767 806 28 50 5
819 811 108 41 ans,
952 796 64 48 de
1036 797 146 60 jouer
1204 797 195 50 devant
1421 801 47 48 le
1492 802 117 63 Roy
1629 802 63 49 de
1713 801 51 48 la
1786 802 158 49 Basse
1967 802 63 47 de
2051 801 190 59 violon,
2266 802 50 49 S.
2341 804 66 47 M.
2432 820 62 32 en
2514 805 84 47 fut

525 865 44 48 si
594 867 242 46 contente
863 863 203 61 qu'Elle
1093 865 232 50 ordonna
1352 868 158 61 qu'on
1534 870 92 62 luy
1651 870 85 47 fist
1762 868 289 63 apprendre
2077 868 31 47 à
2133 870 144 59 jouer
2293 870 64 48 de
2372 871 51 47 la
2440 872 157 47 Basse

525 931 64 48 de
618 931 149 47 viole.
800 928 134 48 C'est
962 945 73 33 un
1065 931 321 51 Instrument
1413 937 104 47 très
1546 936 218 48 difficile.
1797 936 318 61 Cependant,
2145 936 35 47 il
2208 952 31 31 a
2265 937 43 47 si
2335 937 119 48 bien
2482 952 87 49 pro-

527 997 88 48 fité
641 998 89 50 des
758 997 193 61 Leçons
979 997 125 62 qu'il
1131 1013 29 32 a
1187 1015 188 45 reçues,
1407 1003 120 61 qu'à
1553 1003 207 61 présent
1786 1003 124 62 qu'il
1940 1006 78 44 est
2046 1003 91 61 âgé
2165 1003 65 47 de
2255 1017 31 48 7
2311 1004 30 47 à
2368 1004 29 47 8
2424 1021 109 41 ans,
2560 1004 37 47 il

524 1070 185 42 trouve
735 1077 99 48 peu
859 1064 63 48 de
946 1079 274 47 personnes
1245 1068 89 61 qui
1356 1069 47 47 le
1427 1070 230 61 puissent
1682 1070 181 64 égaler.
1892 1072 192 45 Toutes
2106 1070 73 49 les
2202 1072 98 47 fois
2325 1073 126 61 qu'il
2474 1073 123 47 s'est

525 1131 235 63 présenté
793 1147 66 33 au
894 1133 130 45 Dîné
1056 1131 71 49 du
1160 1133 131 62 Roy,
1325 1135 181 64 depuis
1538 1139 220 61 quelque
1789 1142 185 57 temps,
2009 1138 35 45 il
2076 1153 30 32 a
2137 1138 119 61 joué
2287 1139 232 62 pendant
2547 1139 50 47 le

528 1199 169 62 Repas
729 1213 124 33 avec
882 1199 268 62 beaucoup
1181 1200 489 63 d'aplaudissement
1713 1205 63 48 de
1821 1205 157 47 Leurs
2010 1205 258 62 Majestez.
2303 1206 130 47 Rien
2462 1206 133 49 n'est

524 1266 114 60 plus
670 1265 405 48 extraordinaire
1108 1266 129 48 dans
1268 1283 71 33 un
1370 1274 91 58 âge
1492 1271 43 47 si
1565 1288 100 45 peu
1696 1272 196 47 avancé
1916 1288 10 39 ;
1960 1275 51 43 et
2044 1286 56 33 ce
2132 1272 126 61 qu'il
2283 1288 36 47 y
2340 1289 31 30 a
2393 1274 63 47 de
2480 1272 115 63 plus

523 1331 270 57 étonnant,
820 1332 124 47 c'est
970 1347 99 47 que
1092 1347 92 33 son
1211 1335 123 48 Père
1357 1342 76 43 est
1456 1338 47 46 le
1525 1338 108 47 seul
1657 1338 89 63 qui
1767 1338 93 63 luy
1883 1338 74 47 ait
1981 1340 134 45 servi
2139 1338 63 47 de
2227 1340 198 57 Maître,
2452 1341 116 61 quoi-

524 1398 126 62 qu'il
675 1415 65 31 ne
767 1399 118 60 joue
911 1415 92 45 pas
1031 1399 62 49 de
1117 1401 50 47 la
1193 1401 148 58 viole,
1370 1408 52 43 et
1449 1406 125 61 qu'il
1601 1406 180 59 sçache
1808 1404 286 50 seulement
2119 1406 50 47 la
2197 1406 235 63 Musique
2457 1423 22 30 »
2507 1408 85 59 (1).

646 1492 227 55 Notons
919 1493 174 70 qu'en
1137 1493 160 70 1682,
1350 1496 252 57 Antoine
1649 1500 334 72 Forqueray
2026 1498 166 56 avait
2239 1515 68 38 10
2353 1519 104 38 ans
2484 1523 14 47 ;
2542 1500 53 57 le

552 1572 257 53 Mercure
826 1572 52 55 le
918 1572 254 70 rajeunit
1214 1575 147 55 donc
1400 1577 248 71 quelque
1686 1596 114 54 peu
1839 1599 72 37 en
1948 1578 81 56 lui
2072 1578 333 58 attribuant
2446 1595 34 56 7
2519 1597 78 39 ou

532 1650 33 53 8
599 1669 123 50 ans,
760 1650 146 54 mais
938 1657 135 50 tout
1107 1652 52 56 le
1193 1656 210 54 monde
1437 1656 116 54 sait
1588 1675 111 53 que
1732 1660 81 53 les
1847 1658 233 56 enfants
2113 1658 270 73 prodiges
2416 1677 60 39 se
2510 1661 56 53 ré-

528 1730 230 71 signent
781 1730 397 58 difficilement
1201 1735 36 52 à
1256 1733 227 56 vieillir.
1508 1737 79 55 Le
1610 1755 165 37 cours
1792 1740 99 53 des
1912 1756 106 37 ans
2038 1738 245 56 s'écoule
2311 1757 149 53 pour
2481 1759 114 37 eux

528 1826 141 38 avec
701 1829 113 36 une
833 1811 226 54 lenteur
1094 1829 112 53 que
1230 1832 71 36 ne
1339 1816 234 55 connaît
1609 1816 167 71 point
1817 1818 53 55 le
1910 1835 274 37 commun
2208 1818 97 55 des
2336 1820 253 56 mortels.

641 1890 147 71 Quoi
809 1890 142 71 qu'il
965 1910 71 37 en
1069 1892 133 69 soit,
1219 1895 265 68 présenté
1518 1896 35 52 à
1586 1897 175 54 Louis
1795 1897 149 54 XIV
1978 1896 99 57 dès
2110 1898 149 72 l'âge
2294 1898 70 56 de
2399 1912 33 56 5
2467 1918 125 50 ans,

528 1968 254 56 Antoine
821 1971 334 71 Forqueray
1192 1973 351 69 semblerait,
1583 1994 76 37 au
1699 1976 122 56 dire
1860 1977 79 56 du
2294 1980 166 53 avoir
2499 1980 63 56 dé-

527 2048 142 54 buté
699 2066 97 37 sur
825 2048 57 55 la
913 2050 165 55 basse
1112 2051 69 54 de
1212 2052 215 69 violon,
1461 2058 59 50 et
1553 2072 61 36 ce
1645 2056 177 53 serait
1854 2075 96 37 sur
1981 2057 209 55 l'ordre
2223 2056 79 57 du
2333 2058 83 55 roi
2452 2058 142 72 qu'il

527 2127 193 55 aurait
767 2128 196 71 appris
1009 2128 57 55 la
1111 2131 167 54 basse
1327 2132 70 55 de
1445 2133 169 55 viole.
1666 2136 270 55 L'article
1983 2136 403 72 nécrologique
2433 2140 160 70 parle

528 2207 70 55 de
636 2225 108 37 son
781 2207 254 56 habileté
1074 2226 147 53 pour
1250 2211 81 54 les
1366 2211 403 71 instruments,
1803 2221 60 48 et
1894 2215 172 57 laisse
2098 2234 106 53 par
2237 2218 356 70 conséquent

527 2286 57 54 la
615 2292 167 65 porte
815 2293 240 50 ouverte
1089 2290 34 52 à
1155 2288 253 57 diverses
1436 2291 498 72 interprétations.
1971 2296 285 71 Toujours
2289 2297 157 55 est-il
2479 2316 114 54 que

525 2365 83 55 les
647 2367 153 53 deux
839 2368 339 55 documents
1216 2370 431 58 reconnaissent
1685 2390 113 53 que
1833 2375 54 54 le
1924 2375 170 70 jeune
2132 2376 259 56 virtuose
2428 2379 164 54 n'eut

528 2446 227 54 d'autre
787 2446 206 54 maître
1023 2465 113 52 que
1167 2466 104 37 son
1300 2451 152 68 père,
1485 2456 59 48 et
1572 2451 43 52 il
1645 2459 141 63 peut
1817 2455 255 70 paraître
2101 2456 305 69 étonnant,
2440 2457 149 56 ainsi

525 2542 112 52 que
665 2525 53 54 le
748 2542 302 55 remarque
1077 2528 53 55 le
1157 2528 257 55 Mercure
1418 2575 13 23 ,
1464 2547 112 54 que
1605 2532 223 56 celui-ci
1861 2554 71 35 ne
1963 2537 220 54 connût
2211 2555 106 52 pas
2345 2536 57 55 la
2432 2539 128 53 tech-

523 2605 178 69 nique
739 2606 70 54 de
843 2606 57 53 la
937 2606 167 57 viole.
1145 2607 328 57 Observons
1507 2612 281 55 toutefois
1825 2633 111 52 que
1972 2615 52 54 le
2061 2617 259 52 Mercure
2357 2619 70 53 de
2463 2617 130 70 juin

525 2685 143 68 1738
708 2683 243 73 indique
996 2704 112 53 que
1151 2687 53 53 le
1237 2688 132 70 père
1407 2688 312 58 d'Antoine
1757 2692 165 55 avait
1958 2695 90 53 été
2085 2715 20 28 «
2139 2696 117 53 très
2301 2696 291 56 médiocre

522 2762 208 56 écolier
779 2766 70 53 de
901 2766 212 53 Marais
1151 2787 39 47 »,
1230 2785 61 37 ce
1328 2767 99 70 qui
1466 2770 247 68 pouvait
1762 2772 195 55 suffire
2000 2791 147 54 pour
2192 2775 141 73 qu'il
2376 2779 96 52 sût
2508 2776 82 56 les

522 2842 290 72 principes
845 2846 70 53 de
947 2846 56 53 la
1035 2846 151 56 viole
1242 2850 118 67 (pp.
1398 2853 354 67 1733-1734).

637 2922 177 56 Elevé
850 2926 70 53 de
952 2926 57 52 la
1043 2925 186 55 même
1263 2926 170 70 façon
1466 2945 111 52 que
1610 2928 81 55 les
1728 2931 198 71 Pages,
1963 2934 255 55 Antoine
2254 2936 338 71 Forqueray

523 3001 91 56 fut
649 3020 229 53 pourvu
914 3006 34 52 à
985 3021 69 55 17
1090 3024 103 37 ans
1231 3007 171 55 d'une
1438 3008 206 72 charge
1681 3012 70 52 de
1786 3012 281 56 musicien
2103 3015 289 56 ordinaire
2429 3017 70 54 de
2533 3016 57 55 la

520 3081 303 70 Chambre,
881 3102 71 37 en
1008 3085 447 71 remplacement
1515 3087 68 55 de
1640 3088 235 58 Gabriel
1931 3092 262 71 Expirly,
2254 3095 303 56 démission-

520 3160 177 57 naire.
735 3163 77 55 Le
845 3163 202 56 brevet
1084 3166 69 55 de
1187 3186 22 28 «
1240 3165 202 69 joueur
1478 3167 68 55 de
1578 3167 174 57 violle
1770 3171 69 53 de
1866 3171 56 53 la
1952 3172 287 56 Chambre
2272 3195 21 28 »
2326 3181 263 50 remonte

522 3257 74 38 au
636 3242 146 53 mois
823 3245 68 53 de
932 3245 299 56 décembre
1273 3245 141 72 1689
1455 3247 96 68 (2).

636 3347 63 47 (1)
731 3347 198 39 Mercure
962 3349 153 49 galant
1116 3381 9 14 ,
1159 3351 114 38 avril
1310 3350 119 46 1682,
1454 3365 78 37 pp.
1558 3363 199 40 331-332.

638 3407 61 47 (2)
733 3407 70 39 En
827 3410 116 37 voici
965 3410 40 38 le
1025 3413 128 36 texte
1174 3427 9 23 :
1209 3424 19 26 «
1244 3408 152 41 Brevet
1416 3410 48 38 de
1484 3411 156 50 joueur
1661 3414 49 37 de
1732 3415 132 38 violle
1888 3417 48 37 de
1961 3417 43 37 la
2028 3416 210 41 Chambre
2260 3423 113 46 pour
2393 3420 192 39 Antoine

518 3467 263 49 Forqueray.

635 3541 17 25 «
682 3527 335 53 Aujourd'huy,
1054 3532 175 39 dernier
1264 3532 235 39 décembre
1540 3532 122 49 1689,
1698 3535 40 39 le
1772 3534 107 54 Roy
1908 3541 155 36 estant
2098 3538 26 38 à
2157 3539 249 49 Versailles,
2443 3544 143 49 ayant

515 3598 88 28 une
638 3589 322 40 connoissance
991 3593 286 49 particulière
1311 3593 55 39 de
1398 3591 294 52 l'expérience
1723 3600 48 35 et
1802 3598 204 51 capacité
2040 3610 86 40 que
2160 3600 195 41 Antoine
2391 3603 167 51 Forque-
