2778 4023
533 352 124 50 1230

1063 355 246 34 BULLETIN
1358 356 244 46 FRANÇAIS
1646 356 63 33 DE
1758 355 61 33 LA
1867 354 38 35 S.
1956 354 29 34 I.
2036 354 50 32 M.

537 501 135 67 rire,
711 501 70 54 de
824 515 145 56 peur
1005 518 20 28 «
1062 498 334 73 d'outrager
1429 502 56 55 la
1518 499 216 58 beauté
1766 499 292 54 inconnue
2094 518 39 34 ».
2172 498 152 55 C'est
2359 498 59 54 là
2451 515 128 39 assu-

540 581 230 54 rément
813 597 116 37 une
963 578 293 71 prudente
1294 581 276 57 méthode
1607 597 150 56 pour
1792 578 334 71 s'épargner
2167 578 98 56 des
2303 577 306 72 repentirs.

540 661 81 54 Le
661 657 205 74 public
911 657 438 71 d'aujourd'hui
1393 679 73 36 en
1506 679 102 38 use
1646 659 344 70 largement.
2036 657 50 55 Il
2127 662 238 67 accepte
2406 676 114 53 que
2558 657 53 56 le

540 739 179 70 juste,
760 737 54 55 le
860 737 123 55 vrai
1028 742 59 50 et
1122 737 57 56 le
1217 738 154 56 beau
1409 759 59 36 se
1508 742 340 71 présentent
1889 739 35 53 à
1961 737 81 55 lui
2082 755 139 39 sous
2263 739 101 54 des
2401 738 213 71 figures

537 818 427 73 inquiétantes.
1019 817 334 74 Quelqu'un
1401 840 34 35 a
1484 821 289 73 prétendu
1821 837 116 54 que
1985 822 156 51 cette
2187 818 231 71 largeur
2469 817 116 57 d'in-

539 897 312 72 telligence
892 898 199 55 venait
1127 899 71 55 de
1227 898 60 55 la
1320 898 192 59 fausse
1545 902 181 55 honte
1760 902 72 53 de
1867 917 22 29 «
1920 916 73 37 ne
2025 915 106 54 pas
2164 898 258 71 paraître
2455 915 161 38 assez

539 978 232 56 avancé
805 997 41 35 ».
883 978 317 73 Beaucoup
1235 981 70 54 de
1334 999 141 53 gens
1506 1000 72 37 ne
1611 985 133 50 sont
1777 979 46 54 si
1857 978 203 57 hardis
2091 997 115 52 que
2238 996 171 55 parce
2442 978 174 73 qu'ils

541 1062 108 52 ont
703 1076 149 53 peur
908 1057 229 58 d'avoir
1189 1077 161 54 peur.
1409 1061 90 56 On
1552 1060 408 73 n'empêchera
2020 1058 170 73 point
2256 1060 82 55 les
2402 1058 217 73 esprits

543 1136 274 73 chagrins
864 1138 70 57 de
977 1155 61 40 se
1080 1138 318 59 demander
1556 1140 56 72 je
1655 1157 71 38 ne
1783 1140 163 71 parle
1990 1156 115 53 que
2162 1138 155 57 d'art
2355 1138 164 55 —si
2563 1138 53 56 le

539 1222 266 52 moment
835 1236 72 38 ne
935 1217 179 56 serait
1142 1236 107 55 pas
1282 1237 151 40 venu
1463 1220 228 60 d'avoir
1717 1237 83 40 un
1826 1236 116 56 peu
1969 1233 204 59 peur...
2202 1218 154 57 Mais
2392 1218 45 55 il
2464 1220 152 57 n'est

537 1316 115 55 que
690 1302 194 67 temps
924 1298 71 57 de
1033 1298 228 57 revenir
1299 1301 36 54 à
1372 1301 195 57 Verdi.
1866 1308 6 42 i
1938 1298 3 73 ;

652 1378 153 69 Non,
844 1378 256 56 l'auteur
1139 1380 70 55 de
1247 1381 130 53 Don
1414 1381 203 57 Carlos
1651 1378 379 74 n'abdiquait
2069 1397 107 54 pas
2202 1380 93 69 ;il
2332 1378 282 59 évoluait.

536 1456 126 58 Son
704 1457 315 71 éloquence
1063 1460 342 55 enflammée
1445 1460 336 72 s'imposait
1824 1460 55 54 la
1923 1458 76 57 loi
2049 1461 100 56 des
2192 1460 381 72 grammaires
2599 1481 17 48 ;

539 1556 66 38 sa
653 1538 212 73 fougue
910 1556 61 38 se
1016 1538 381 73 disciplinait.
1448 1541 77 54 Et
1572 1541 153 72 puis,
1777 1545 129 52 tout
1953 1540 125 55 cela
2139 1541 109 70 dit,
2305 1541 45 53 il
2408 1540 210 57 restait

540 1617 499 75 passionnément,
1086 1617 390 71 jalousement
1517 1620 227 57 italien.
1795 1620 250 72 Qu'elles
2094 1620 262 58 vinssent
2404 1621 185 58 d'Alle-

543 1716 212 53 magne
804 1717 79 37 ou
935 1700 240 69 qu'elles
1231 1700 260 61 vinssent
1545 1703 69 55 de
1666 1703 242 68 France,
1959 1701 82 56 les
2087 1700 320 58 influences
2456 1706 131 51 trou-

549 1778 201 56 vèrent
785 1797 74 37 en
888 1778 85 55 lui
1011 1796 81 39 un
1127 1778 181 73 esprit
1340 1781 205 71 souple
1579 1799 76 36 au
1688 1778 222 59 service
1947 1781 175 57 d'une
2152 1780 468 73 imperturbable

548 1857 257 57 volonté.
844 1857 224 74 Depuis
1103 1863 193 51 trente
1330 1877 124 52 ans,
1490 1860 53 57 le
1578 1861 143 57 rude
1754 1877 230 56 paysan
2016 1861 274 57 lombard
2322 1861 300 57 labourait

537 1954 113 39 son
695 1940 237 71 champ.
981 1940 110 54 Les
1136 1956 293 39 semences
1472 1940 243 57 avaient
1759 1941 216 71 germé,
2018 1942 56 55 le
2116 1941 111 57 ciel
2268 1941 172 57 avait
2483 1941 136 57 béni

539 2035 113 39 son
686 2017 198 56 effort.
924 2017 163 57 Voici
1125 2037 115 54 que
1271 2016 55 58 le
1362 2020 249 57 vaillant
1647 2018 234 58 ouvrier
1914 2022 222 57 entend
2167 2021 194 74 parler
2397 2023 71 55 de
2500 2022 82 56 mé-

546 2097 211 57 thodes
802 2098 302 58 nouvelles
1141 2098 265 73 ignorées
1452 2101 100 56 des
1594 2102 285 56 ancêtres.
1927 2101 51 55 Il
2022 2120 34 38 a
2097 2107 137 69 trop
2280 2103 70 58 de
2390 2121 232 54 sagesse

543 2195 152 54 pour
738 2177 315 57 s'obstiner
1100 2180 145 56 dans
1289 2180 103 56 des
1435 2180 263 58 routines
1743 2182 410 57 condamnées.
2202 2183 51 56 Il
2289 2181 120 58 fait
2455 2182 168 57 venir

541 2255 87 57 les
657 2257 263 56 manuels
950 2258 78 55 où
1054 2263 136 51 sont
1222 2258 218 58 décrits
1470 2276 94 40 ces
1592 2258 278 74 procédés
1891 2263 334 69 modernes,
2238 2262 44 56 il
2300 2262 318 70 s'informe,

540 2335 46 55 il
631 2337 232 71 profite,
906 2337 44 55 il
996 2351 316 60 progresse.
1363 2338 146 58 Mais:
1552 2355 94 41 ses
1706 2342 166 71 pieds
1932 2349 225 52 restent
2218 2345 268 56 attachés
2544 2363 80 36 au

544 2416 217 71 champ
794 2416 357 57 héréditaire
1178 2439 13 48 ;
1222 2418 44 55 il
1299 2435 60 39 se
1392 2437 358 55 cramponne
1785 2422 36 55 à
1852 2422 60 55 la
1947 2422 192 57 vieille
2172 2423 264 58 charrue.
2474 2423 150 56 «Eh

541 2495 141 72 quoi
710 2498 13 55 !
758 2497 80 56 lui
875 2497 195 57 disent
1100 2500 81 54 les
1212 2500 225 56 bonnes
1467 2517 141 55 gens
1637 2501 102 74 qui
1772 2502 148 57 l'ont
1957 2523 78 38 vu
2061 2505 214 70 naître,
2307 2505 160 57 est-il
2496 2503 126 58 vrai

541 2594 118 54 que
713 2592 147 42 vous
913 2596 143 54 ayez
1106 2580 224 71 changé
1360 2580 82 80 ?»
1565 2580 41 80 «
1647 2580 534 80 Regardez-moi,
2227 2584 356 76 répondit-il
2609 2605 15 50 ;

544 2670 143 43 avec
729 2657 285 71 quelques
1053 2656 158 61 rides
1250 2664 58 50 et
1345 2658 57 56 le
1443 2660 136 57 halo
1621 2664 71 55 de
1730 2661 409 75 l'expérience,
2177 2665 210 73 n'ai-je
2426 2683 107 55 pas
2571 2665 54 56 le

544 2736 193 58 même
784 2737 200 73 visage
1015 2744 23 50 ?
1087 2740 301 72 Regardez
1434 2759 98 39 ma
1575 2741 262 60 moisson
1877 2744 286 60 dernière.
2213 2746 260 57 N'est-ce
2517 2763 107 55 pas

543 2816 273 72 toujours
860 2817 55 56 le
959 2818 191 60 même
1191 2820 94 56 blé
1339 2817 100 75 qui
1485 2839 212 53 pousse
1740 2840 99 42 sur
1879 2825 57 57 le
1980 2827 216 71 champ
2234 2826 172 58 natal
2450 2829 76 54 où
2568 2826 57 71 je

539 2912 165 42 veux
743 2897 225 57 mourir
997 2904 24 50 ?
1062 2919 23 30 »

661 2977 284 74 Exemple
1004 2980 297 72 peut-être
1357 2980 221 73 unique
1636 2984 149 57 dans
1843 2985 291 61 l'histoire
2195 2990 70 56 de
2317 2987 143 59 l'art
2487 3005 138 38 :ce

543 3057 215 59 maître
805 3057 230 60 illustre
1086 3060 296 72 acceptait
1435 3062 71 56 de
1555 3079 64 39 se
1668 3062 213 60 refaire
1932 3084 115 41 une
2098 3067 338 71 éducation,
2489 3085 136 38 sans

541 3136 130 58 rien
699 3138 191 58 renier
926 3141 71 57 de
1029 3158 108 39 son
1165 3140 175 57 idéal.
1358 3141 169 58 Cette
1561 3142 262 60 attitude
1851 3145 235 75 imposa
2115 3147 216 60 silence
2347 3150 36 55 à
2411 3147 216 59 l'envie

543 3216 345 61 elle-même.
934 3220 86 54 La
1058 3221 337 56 renommée
1440 3221 70 57 de
1556 3222 175 60 Verdi
1773 3226 462 57 s'universalisa.
2281 3230 90 56 De
2413 3229 212 57 l'autre

546 3296 132 56 côté
723 3299 70 57 de
833 3299 59 55 la
935 3300 425 57 Méditerranée
1398 3301 233 72 régnait
1672 3305 54 56 le
1771 3306 227 57 dernier
2040 3310 101 55 des
2181 3310 321 56 Pharaons.
2547 3309 80 54 Le

546 3375 261 59 khédive
846 3379 199 60 Ismaïl
1081 3379 196 58 aurait
1311 3399 77 38 eu
1423 3381 341 60 l'ambition
1801 3386 71 57 de
1908 3387 263 58 recevoir
2215 3389 149 57 àsa
2401 3403 140 43 cour
2573 3387 54 56 le

545 3456 292 58 musicien
866 3459 54 57 le
950 3460 134 72 plus
1109 3460 286 73 applaudi
1430 3462 74 56 de
1528 3462 302 75 l'Europe.
1866 3467 176 58 Verdi
2077 3469 179 57 n'alla
2282 3469 174 73 point
2489 3470 138 55 chez

544 3535 57 56 le
648 3537 291 71 Pharaon,
986 3540 151 60 mais
1176 3541 43 53 il
1261 3542 298 58 consentit
1606 3545 35 53 à
1680 3545 83 58 lui
1807 3546 152 59 faire
2002 3550 236 71 présent
2286 3550 144 58 d'un
2470 3547 126 59 chef-

554 3617 282 60 d'œuvre.
887 3621 226 72 Depuis
1158 3621 289 74 plusieurs
1492 3626 235 69 années,
1771 3626 44 56 il
1858 3629 234 57 n'avait
2139 3631 127 57 rien
2313 3633 193 55 donné
2552 3648 75 37 au
