2778 4023
873 360 129 35 DEUX
1044 360 252 36 VIOLISTES
1338 352 249 46 CÉLÈBRES

2126 350 120 59 1265

211 499 324 71 chirurgien
574 501 141 69 juré,
760 501 336 55 demeurant
1138 519 99 37 rue
1279 504 97 53 des
1418 505 216 56 Ballets
1677 508 67 53 de
1785 512 151 49 cette
1975 505 272 71 paroisse.

211 578 269 56 L'enfant
529 584 86 50 est
661 579 89 52 fils
799 579 70 55 de
916 579 719 71 Jean-Baptiste-Antoine
1683 587 348 69 Forqueray,
2079 584 137 56 bour-

211 656 155 71 geois
393 659 67 53 de
487 658 178 67 Paris,
691 663 57 48 et
775 656 69 58 de
868 658 357 56 Marie-Rose
1250 661 95 53 Du
1371 660 136 55 Bois
1531 679 103 38 son
1656 665 228 69 épouse,
1912 663 338 57 demeurant

211 754 100 37 rue
341 739 96 53 des
466 738 218 54 Ballets
713 738 68 53 de
809 741 151 51 cette
986 738 270 71 paroisse.
1287 739 79 55 Le
1392 743 231 68 parrain
1651 744 247 55 Etienne
1923 744 325 70 Dagourné,

211 815 451 70 gagne-deniers,
699 815 57 53 la
794 815 286 55 marraine
1118 816 179 55 Marie
1335 818 285 70 Lapierre,
1659 821 112 55 fille
1809 821 270 70 majeure,
2117 827 133 49 tous

212 894 152 53 deux
403 912 100 36 rue
544 895 98 53 des
681 894 216 54 Ballets
938 895 68 53 de
1047 899 151 51 cette
1239 896 257 56 Paroisse
1522 919 14 46 ;
1574 904 133 50 tous
1748 905 101 50 ont
1888 901 158 70 signé
2083 919 73 36 en
2195 900 56 54 la

212 975 225 52 minute
470 994 22 28 »
529 975 96 65 (i).

323 1051 91 55 On
902 1069 210 53 propos
1141 1055 70 53 de
1236 1053 56 54 la
1320 1055 134 55 date
1484 1056 68 54 de
1580 1055 56 55 la
1663 1058 296 56 naissance
1988 1060 68 54 de
2078 1059 172 69 Jean-

212 1130 491 71 Baptiste-Marie,
755 1148 111 52 que
917 1147 103 38 son
1071 1133 132 69 père
1255 1133 213 57 semble
1521 1135 161 52 avoir
1733 1136 243 55 courtisé
2036 1136 215 55 d'assez

211 1210 128 70 près
383 1227 63 35 sa
493 1209 299 54 deuxième
833 1209 234 67 fiancée,
1112 1210 261 70 puisque,
1400 1213 179 53 marié
1621 1215 512 69 postérieurement
2177 1233 74 36 au

214 1303 67 38 10
309 1305 152 36 mars
491 1302 160 54 1741,
675 1288 42 52 il
743 1288 79 53 lui
853 1288 241 54 naissait
1120 1308 80 35 un
1226 1290 86 52 fils
1339 1290 52 55 le
1418 1303 30 56 5
1479 1293 138 52 août
1645 1293 253 67 suivant,
1924 1293 113 54 soit
2065 1294 186 53 moins

214 1368 68 53 de
314 1379 32 55 5
380 1365 145 55 mois
569 1368 164 68 après
765 1384 104 37 son
898 1366 272 71 mariage.
1206 1369 90 53 On
1339 1370 259 70 pourrait
1632 1371 144 54 donc
1809 1389 273 54 supposer
2112 1371 140 70 qu'il

212 1445 308 70 s'agissait,
558 1464 71 36 en
666 1446 256 71 l'espèce,
964 1448 170 53 d'une
1171 1448 457 69 régularisation.

322 1525 144 70 Quoi
507 1524 140 70 qu'il
695 1543 70 35 en
813 1523 131 69 soit,
992 1524 221 57 l'année
1261 1526 97 73 qui
1409 1526 178 55 suivit
1635 1545 103 38 son
1785 1529 268 68 mariage,
2082 1529 170 68 Jean-

211 1603 549 71 Baptiste-Antoine
811 1604 264 56 obtenait
1127 1604 57 54 la
1234 1605 342 56 survivance
1623 1608 169 53 d'une
1837 1609 203 70 charge
2086 1609 68 53 de
2197 1606 56 54 la

211 1681 264 70 musique
522 1684 70 53 de
635 1681 57 55 la
737 1683 281 55 Chambre
1063 1700 96 38 sur
1203 1684 311 54 démission
1562 1686 70 55 de
1675 1703 105 37 son
1824 1688 133 68 père
2002 1685 251 55 Antoine

212 1763 94 67 (14
342 1761 324 70 septembre
704 1765 183 66 1742).

324 1900 22 28 «
392 1882 87 52 De
524 1898 105 53 par
673 1879 53 55 le
775 1882 149 69 Roy,
972 1881 198 56 Grand
1213 1882 353 56 Chambelan
1613 1883 69 55 de
1729 1883 233 69 France,
2008 1883 248 70 premier

212 1958 414 70 gentilhomme
665 1962 69 52 de
771 1964 165 50 notre
974 1959 301 69 Chambre,
1314 1961 246 70 premier
1597 1963 58 52 M
1655 1973 22 24 e
1712 1967 59 50 et
1808 1963 58 51 M
1867 1971 40 23 es
1941 1962 314 55 ordinaires

212 2042 167 49 notre
419 2037 177 67 hôtel,
638 2038 57 52 M
699 2046 39 24 es
779 2044 57 49 et
878 2038 371 55 controlleurs
1289 2041 289 68 généraux
1620 2042 68 53 de
1728 2046 165 48 notre
1933 2039 224 56 maison
2197 2046 58 49 et

212 2117 271 53 chambre
521 2135 116 35 aux
676 2116 243 68 deniers,
954 2116 186 55 Salut.
1174 2118 107 53 Sur
1316 2118 52 55 le
1405 2118 295 55 favorable
1738 2124 197 65 rapcrt
1971 2119 101 72 qui
2111 2136 145 38 nous

212 2212 35 36 a
280 2197 92 52 été
405 2194 112 55 fait
554 2196 69 54 de
656 2196 57 53 la
747 2213 281 52 personne
1063 2197 70 53 de
1167 2196 723 71 Jean-Baptiste-Antoine
1924 2199 333 70 Forqueray

212 2278 58 51 et
309 2274 70 55 de
413 2291 106 38 son
554 2272 277 58 affection
866 2276 35 52 à
934 2279 165 51 notre
1133 2274 234 56 service.
1404 2277 52 52 A
1491 2293 90 37 ces
1617 2293 196 39 causes
1855 2295 144 37 nous
2034 2277 222 53 l'avons

212 2352 378 71 cejourd'huy
620 2358 202 50 retenu
853 2358 58 50 et
941 2371 106 52 par
1077 2371 92 37 ces
1199 2356 291 67 présentes
1521 2354 221 71 signées
1775 2357 69 53 de
1876 2359 165 51 notre
2077 2354 178 69 main,

212 2436 268 50 retenons
517 2450 71 35 en
623 2432 57 53 la
717 2432 205 70 charge
960 2431 70 55 de
1065 2432 139 54 l'Un
1242 2433 98 55 des
1378 2433 266 56 chantres
1683 2433 70 56 de
1789 2434 57 54 la
1882 2433 266 71 musique
2187 2434 70 54 de

212 2514 166 50 notre
409 2509 300 69 Chambre,
739 2516 247 48 vacante
1015 2527 105 52 par
1148 2509 59 54 la
1230 2511 311 55 démission
1570 2512 34 52 à
1634 2511 297 55 condition
1976 2512 69 54 de
2073 2511 154 54 survi-

214 2603 181 41 vance
440 2587 311 56 d'Antoine
793 2589 333 69 Forqueray
1166 2606 104 38 son
1311 2592 152 67 père,
1509 2588 224 57 dernier
1772 2607 326 53 possesseur
2142 2591 86 53 d'l-

214 2667 155 56 celle.
413 2668 151 53 Pour
604 2685 105 53 par
746 2667 110 56 led.
900 2668 331 69 Forqueray
1269 2668 88 55 fils
1395 2668 207 55 l'avoir
1641 2673 59 51 et
1739 2686 226 38 exercer
2003 2687 71 36 en
2112 2668 116 55 l'ab-

214 2763 165 38 sence
422 2751 57 50 et
524 2746 342 54 survivance
913 2747 70 53 de
1025 2763 106 38 son
1174 2746 87 54 dit
1305 2748 152 70 père,
1501 2766 73 35 en
1617 2747 168 68 Jouir
1827 2753 58 50 et
1950 2766 132 35 uzer
2144 2765 116 36 aux

214 2826 306 67 honneurs,
573 2824 318 69 Autorités,
944 2824 409 70 prérogatives,
1405 2824 325 71 privilèges,
1785 2824 353 69 Franchises,
2190 2824 45 54 li-

214 2903 208 67 bertés,
473 2920 188 53 gages,
714 2903 201 67 droits,
967 2903 213 66 Fruits,
1230 2904 221 69 profits,
1501 2920 243 38 revenus
1792 2909 59 49 et
1902 2904 355 55 émolumens

215 2983 367 52 accoutumés
616 2987 59 49 et
709 2997 41 53 y
784 2987 367 66 apartenans,
1185 2982 109 56 tels
1329 2987 58 49 et
1423 2982 339 54 semblables
1795 2983 173 69 qu'en
1993 2982 165 68 Jouit
2183 3000 75 36 ou

215 3059 123 55 doit
367 3060 168 69 Jouir
559 3060 112 55 led.
703 3060 331 72 Forqueray
1061 3062 133 70 père
1221 3066 57 49 et
1307 3077 62 38 ce
1395 3066 132 49 tant
1555 3059 142 70 qu'il
1722 3077 145 38 nous
1894 3060 203 70 plaira,
2125 3077 133 39 sans

215 3139 354 69 qu'avenant
600 3139 52 55 le
684 3139 163 55 décès
894 3140 69 54 de
992 3139 137 56 l'Un
1188 3157 76 37 ou
1308 3139 70 55 de
1434 3138 222 69 l'autre,
1712 3139 56 52 la
1799 3140 204 69 charge
2068 3138 190 71 puisse

215 3217 118 54 être
370 3219 235 69 réputée
642 3223 246 50 vacante
925 3236 80 53 ny
1037 3218 344 70 impétrable
1418 3234 95 37 sur
1548 3217 53 56 le
1639 3217 320 68 survivant,
2012 3219 246 54 attendu

214 3295 52 55 le
300 3297 116 54 don
447 3314 111 51 que
590 3313 144 40 nous
767 3297 102 69 luy
901 3316 71 37 en
1004 3297 216 54 faisons
1249 3297 98 54 dès
1391 3297 33 52 à
1447 3297 230 69 présent
1711 3302 57 48 et
1802 3313 134 38 sans
1969 3294 142 72 qu'il
2144 3295 114 55 soit

329 3476 61 45 (1)
421 3474 172 38 Extrait
626 3476 57 37 dit
716 3477 173 48 registre
924 3474 247 51 baptistaire
1206 3474 48 37 de
1289 3474 164 52 l'église
1486 3474 144 47 royale
1664 3478 38 33 et
1732 3476 258 48 paroissiale
2024 3476 47 37 de
2100 3474 157 42 Saint-

215 3532 118 39 Paul
361 3533 25 37 à
415 3535 131 37 Paris
552 3566 6 7 .
592 3535 275 39 Collationné
896 3535 28 38 à
950 3535 218 49 l'original
1196 3535 40 38 le
1265 3545 51 37 27
1348 3533 233 42 décembre
1615 3542 118 40 1759.
1768 3534 148 48 (Arch.
1949 3536 53 38 de
2032 3536 42 38 la
2102 3535 154 50 |Seine.

214 3593 193 39 Minutes
448 3594 194 46 Bouron,
684 3596 157 48 Moisy,
882 3595 283 47 successeur).
