2602 4359
350 263 676 142 HAUTE
1153 263 985 137 COUTURE

598 506 371 60 Monsieur
1061 505 113 53 Aa
1260 506 626 70 l’antiphilosophe

170 905 297 72 Capitaine
506 905 9 54 !

96 1026 82 53 les
229 1023 245 64 bolides,
526 1021 86 55 les
656 1021 189 55 forces
886 1023 278 52 ouvertes
1200 1020 73 55 de
1323 1021 53 54 la
1445 1023 247 54 cascade
1756 1038 152 41 nous
1958 1028 332 62 menaçent,
2330 1025 50 52 le

97 1126 178 55 nœud
308 1126 103 53 des
457 1127 289 67 serpents,
791 1123 52 53 le
881 1122 161 54 fouet
1088 1122 72 54 de
1215 1123 245 53 chaînes
1514 1129 295 63 avançent
1852 1124 528 73 triomphalement

96 1230 147 53 dans
265 1228 82 55 les
368 1244 146 54 pays
531 1226 371 57 contaminés
928 1226 72 56 de
1019 1226 208 56 fureur
1252 1227 384 71 perpétuelle,

168 1374 297 72 Capitaine
497 1376 10 53 !

95 1496 189 51 toutes
340 1493 82 53 les
463 1491 369 56 accusations
885 1490 102 55 des
1036 1490 287 55 animaux
1379 1491 349 65 maltraités,
1782 1508 72 38 en
1909 1508 308 39 morsures
2283 1509 64 37 au-

91 1595 211 55 dessus
350 1595 79 52 du
478 1594 84 65 lit,
618 1594 244 55 baillent
900 1609 73 38 en
1023 1609 236 38 rosaces
1306 1594 71 55 de
1424 1611 165 54 sang,
1639 1595 52 54 la
1735 1595 159 70 pluie
1940 1595 103 54 des
2095 1597 173 53 dents
2304 1597 73 53 de

92 1697 193 69 pierre
319 1700 55 52 et
401 1697 84 53 les
520 1697 199 53 taches
752 1696 406 54 d’excrément
1197 1697 151 53 dans
1390 1697 84 53 les
1521 1712 174 54 cages
1744 1712 151 40 nous
1945 1698 432 56 ensevelissent

90 1814 72 40 en
190 1804 317 49 manteaux
537 1799 454 55 interminables
1026 1814 236 40 comme
1297 1799 52 55 la
1389 1800 188 71 neige,

162 1943 298 70 Capitaine
500 1946 9 53 !

90 2061 81 54 les
214 2061 213 55 clartés
469 2063 80 54 du
591 2063 266 54 charbon
909 2063 297 54 devenant
1241 2063 237 70 phoque
1528 2064 209 53 foudre
1803 2064 222 53 insecte
2082 2077 141 40 sous
2288 2068 85 49 tes

90 2178 172 54 yeux,
294 2164 84 54 les
404 2166 322 53 escadrons
760 2164 417 65 d'hallucinés,
1211 2166 81 54 les
1338 2169 298 50 monstres
1681 2169 29 49 à
1760 2181 165 47 roue,
1979 2167 83 52 les
2104 2166 117 53 cris
2269 2166 103 53 des

88 2267 450 54 somnambules
587 2267 404 70 mécaniques,
1036 2269 85 53 les
1170 2272 295 51 estomacs
1509 2267 256 70 liquides
1807 2282 104 40 sur
1955 2269 103 53 des
2100 2267 272 55 tablettes

87 2368 284 69 d’argent,
411 2370 82 52 les
526 2374 281 51 cruautés
841 2370 103 53 des
990 2371 184 54 fleurs
1229 2370 346 55 carnivores
1615 2371 359 54 envahiront
2024 2371 51 54 la
2124 2370 246 70 journée

88 2470 211 70 simple
332 2477 56 49 et
421 2474 198 54 rurale
653 2477 54 51 et
737 2473 50 55 le
813 2473 233 55 cinéma
1080 2473 73 55 de
1196 2477 96 54 ton
1330 2473 278 55 sommeil

157 2615 302 71 Capitaine
491 2619 9 53 !

87 2735 216 67 prends
337 2736 182 68 garde
545 2752 115 37 aux
698 2751 154 53 yeux
882 2736 166 54 bleus
1743 2746 188 50 Tristan
1972 2747 186 49 TZARA.

1744 2747 188 48 Tristan
1974 2748 182 47 TZARA

626 3374 192 44 y^e-n

979 3379 42 39 2s.

374 3545 31 33 «
444 3532 179 59 Allons,
654 3532 54 60 je
755 3544 120 37 oous
911 3532 253 60 pardonne
1209 3534 49 45 et
1289 3532 55 60 Je

261 3633 82 59 qui
371 3634 290 47 conduisent
687 3636 30 46 à
750 3635 87 47 des
869 3635 328 60 égarements.
1231 3645 33 36 »

1419 3377 63 40 (X
1626 3352 164 65 xÿïey
1791 3384 62 35 /

1390 3531 106 50 dois
1541 3534 253 57 respecter
1821 3531 86 48 des
1946 3531 248 60 principes

1446 3715 189 59 Marquis
1684 3715 55 45 de
1787 3711 163 49 SdDE.
