3259 4366
141 4054 47 35 84

197 258 154 36 osèrent
368 263 83 33 tout
471 260 239 50 simplement
728 268 39 33 et
786 278 81 23 sans
887 265 137 38 détour
1044 268 60 36 éta-

197 310 50 39 ler
279 312 75 39 leur
384 315 150 38 couleur
565 318 19 36 à
619 317 129 46 l'huile,
783 334 43 23 au
860 320 68 38 lieu
962 322 161 38 d'imiter

195 383 117 33 grâce
332 384 18 23 a
372 371 70 38 elle
462 388 43 22 un
526 372 80 39 bois
626 390 93 29 rare,
742 376 130 38 éveilla
894 376 32 38 le
946 393 176 23 courroux

195 425 92 38 dans
327 426 31 38 le
400 426 228 42 landerneau
668 431 68 38 des
775 435 149 36 artistes
963 433 137 39 décora-

193 486 113 34 teurs.
330 482 61 38 On
415 485 200 49 écarquilla
640 486 50 39 les
713 503 92 35 yeux
827 494 40 33 et
891 505 44 22 on
959 490 45 39 fit
1027 506 70 23 sem-

195 537 102 39 blant
324 539 50 37 de
402 541 139 37 n'avoir
565 545 128 47 jamais
718 544 71 38 fait
814 560 117 34 usage
957 546 50 39 de
1035 563 64 22 cou-

193 592 92 40 leurs
313 597 19 35 à
362 595 130 40 l'huile.

191 656 61 38 Ce
274 661 60 46 qui
358 663 211 36 amènerait
590 664 19 35 à
635 663 184 45 conclure,
844 680 74 35 que
941 682 64 23 ces
1026 683 20 21 «
1065 683 36 22 ar-

190 715 107 37 tistes
316 731 20 21 »
368 720 248 46 supposaient
647 734 74 35 que
753 720 92 39 leurs
878 723 169 39 meubles
1079 731 40 31 et

190 769 230 51 charpentes
475 774 244 49 peinturlurés
771 793 45 22 en
872 793 21 21 «
934 781 183 37 imitation

192 825 80 38 bois
305 843 20 22 »
360 831 151 37 avaient
545 834 109 46 passé
690 847 89 35 pour
812 834 68 38 des
912 834 125 52 objets
1070 852 45 21 en

190 882 80 38 bois
296 884 154 39 naturel.
478 887 89 37 Pour
592 903 57 22 ma
678 894 93 44 part,
798 889 37 39 ils
863 891 101 38 n'ont
988 895 127 47 jamais

188 941 66 34 été
278 954 75 34 que
377 941 68 38 des
468 957 21 21 «
508 942 308 50 badigeonneurs
834 962 31 28 »,
891 952 41 32 et
955 963 69 22 non
1051 964 64 35 pas

187 994 69 39 des
283 999 161 36 artistes.

188 1058 43 36 En
259 1074 45 22 ce
331 1063 60 46 qui
419 1077 190 24 concerne
636 1065 28 36 la
694 1065 225 39 décoration
948 1082 45 22 en
1020 1073 91 39 stuc,

186 1113 30 37 la
248 1114 44 38 loi
322 1116 48 37 du
400 1120 244 37 revêtement
672 1124 165 47 pourrait
866 1125 82 35 être
976 1124 114 38 formu-

185 1170 58 38 lée
267 1187 149 24 comme
439 1177 69 36 suit
534 1190 7 23 :
567 1176 31 37 le
621 1181 80 34 stuc
725 1183 58 33 est
806 1180 231 50 susceptible
1061 1181 49 37 de

183 1232 83 32 tout
290 1235 209 40 ornement,
524 1254 50 6 —
595 1233 83 37 sauf
701 1234 50 38 de
776 1235 92 37 celui
894 1236 50 38 de
969 1235 30 39 la
1025 1253 64 21 con-

183 1286 178 36 struction
388 1301 45 22 en
461 1286 151 51 briques
637 1291 210 38 naturelles.
872 1293 61 36 On
961 1295 149 35 croirait

181 1340 126 38 inutile
341 1342 209 39 d'affirmer
584 1345 152 50 pareille
770 1348 199 44 évidence,
1004 1349 85 38 telle-

182 1402 105 32 ment
316 1398 80 37 cela
429 1414 44 23 va
506 1400 51 37 de
587 1404 67 41 soi;
687 1404 223 49 cependant
939 1409 84 33 tout
1054 1408 36 34 ré-

181 1460 192 31 cemment
405 1470 140 24 encore
578 1473 45 22 on
658 1461 109 35 attira
802 1475 83 22 mon
918 1464 188 35 attention

179 1524 56 21 sur
263 1524 70 24 une
360 1510 140 39 bâtisse
527 1513 93 37 dont
645 1530 45 21 on
720 1517 170 47 peignait
915 1532 45 22 en
987 1533 118 33 rouge

179 1564 51 38 les
257 1580 94 24 murs
377 1571 134 47 crépis,
541 1585 45 22 en
614 1586 21 34 y
661 1571 169 38 simulant
855 1572 69 38 des
950 1576 108 47 joints
1084 1576 19 35 à

177 1620 113 39 l'aide
329 1622 50 38 de
417 1623 6 37 I
428 1626 106 46 ignés
572 1625 190 40 blanches.
800 1629 56 36 Est
892 1628 47 38 du
979 1632 124 36 même

176 1677 112 38 ordre
311 1679 30 36 la
363 1685 178 34 coutume
562 1684 26 35 si
609 1683 238 47 généralisée
871 1684 49 38 de
945 1686 157 49 peindre

177 1733 51 38 les
265 1737 156 36 cuisines
459 1752 45 22 en
543 1740 147 36 imitant
727 1742 68 36 des
835 1756 177 24 carreaux
1051 1743 50 37 de

174 1789 167 40 faïence.

174 1845 119 46 Quels
326 1862 74 35 que
432 1852 122 35 soient
587 1851 50 38 les
669 1855 203 36 matériaux
905 1855 196 50 employés

176 1916 91 34 pour
303 1906 138 36 revêtir
476 1905 69 38 des
583 1910 122 47 parois
740 1909 166 45 murales,
945 1926 74 34 que
1052 1928 47 22 ce

172 1961 123 35 soient
331 1959 69 39 des
436 1964 161 47 papiers,
634 1969 180 40 tentures,
849 1966 250 40 toiles-cirées

172 2029 45 22 ou
245 2018 109 47 tapis,
383 2020 128 47 jamais
539 2023 141 35 ceux-ci
710 2036 46 22 ne
784 2022 199 39 devraient
1011 2040 66 23 vou-

173 2070 62 37 loir
260 2074 121 35 imiter
408 2072 29 38 la
467 2074 133 50 brique
626 2091 45 22 ou
700 2076 29 38 la
760 2080 122 47 pierre
908 2079 49 38 de
983 2080 114 39 taille.

169 2126 62 38 On
257 2130 208 48 comprend
490 2132 19 35 à
537 2135 154 46 présent
715 2138 182 46 pourquoi
924 2135 50 38 les
999 2136 78 38 mail-

170 2183 68 38 lots
267 2184 69 38 des
363 2185 206 40 danseuses
596 2194 84 32 sont
705 2190 85 37 d'un
819 2191 102 38 effet
950 2195 24 35 si
1004 2196 74 35 anti-

169 2239 232 51 esthetique.
434 2243 46 36 Le
512 2246 243 37 revêtement
785 2246 47 38 du
863 2263 109 34 corps
1004 2255 90 43 peut

167 2310 40 23 se
234 2295 96 39 faire
358 2312 45 23 en
428 2303 110 34 toute
564 2300 161 46 couleur,
752 2326 51 5 —
826 2304 84 37 sauf
934 2320 45 22 en
1007 2321 66 23 cou-

166 2350 76 39 leur
265 2352 111 40 chair.

169 2407 52 37 Un
250 2411 183 36 matériau
462 2411 50 37 de
541 2415 242 37 revêtement
812 2430 46 23 ne
887 2422 92 44 peut
1006 2434 65 22 con-

165 2478 126 24 server
319 2464 29 38 la
379 2466 150 39 couleur
558 2469 191 48 originale,
780 2486 74 35 que
882 2472 148 51 lorsque
1058 2475 33 38 le

164 2523 182 36 matériau
370 2524 131 37 revêtu
524 2530 59 32 est
602 2525 50 38 de
675 2526 30 37 la
729 2529 124 37 même
875 2530 163 40 couleur.

163 2578 100 36 Ainsi
289 2577 32 38 le
345 2578 59 37 fer
428 2582 77 35 noir
528 2596 39 22 se
593 2585 209 36 recouvrira
825 2584 76 38 fort
928 2585 85 40 bien
1038 2587 50 38 de

163 2632 184 47 goudron,
379 2650 42 22 un
454 2635 80 39 bois
565 2652 131 35 pourra
728 2641 83 37 être
841 2644 130 35 revêtu
1002 2643 85 38 d'un

162 2693 107 33 autre
297 2689 90 46 bois,
418 2691 173 50 placage,
622 2701 283 44 marquettage,
931 2722 51 5 —
1006 2715 82 23 sans

160 2759 75 35 que
259 2745 68 38 l'on
351 2747 113 38 doive
490 2764 91 34 pour
602 2750 80 38 cela
704 2754 140 37 teinter
867 2752 32 40 le
922 2754 80 39 bois
1026 2759 60 46 qui

160 2804 120 36 revêt.
301 2803 54 38 De
376 2806 123 36 même
520 2821 45 22 on
588 2822 132 34 pourra
741 2813 186 35 recouvrir
948 2827 42 21 un
1011 2815 50 35 mé-

159 2856 50 39 tal
238 2858 85 38 d'un
353 2865 106 33 autre
488 2862 124 44 métal,
644 2866 71 36 soit
741 2866 19 36 à
790 2864 111 40 l'aide
931 2867 47 38 du
1007 2868 75 44 feu,

159 2916 71 35 soit
256 2930 46 22 en
329 2915 31 37 le
389 2916 245 49 galvanisant.
661 2923 96 35 Mais
783 2921 32 38 le
843 2925 168 48 principe
1037 2925 46 37 du

160 2973 242 37 revêtement
448 2975 177 37 interdira
671 2980 164 47 toujours
880 2978 206 41 l'imitation

158 3027 47 37 du
237 3031 182 35 matériau
449 3031 20 35 à
501 3034 186 35 recouvrir
715 3034 19 36 à
766 3032 111 40 l'aide
907 3036 47 37 du
985 3037 79 37 colo-

156 3088 82 32 rant
256 3086 60 46 qui
337 3084 32 37 le
388 3100 195 25 recouvre.
602 3087 100 38 Voilà
724 3093 182 47 pourquoi
927 3107 45 22 on
992 3108 68 32 gou-

156 3139 185 38 dronnera
367 3140 31 38 le
421 3141 68 45 fer,
515 3158 45 22 ou
584 3159 45 21 on
654 3144 31 38 le
711 3146 155 48 peindra
892 3163 95 24 avec
1011 3165 69 22 une

155 3196 150 37 couleur
329 3211 19 22 a
375 3196 4 57 I
399 3197 93 39 huile
516 3214 45 22 ou
586 3215 45 22 on
656 3200 31 38 le
711 3206 210 35 recouvrira
947 3220 65 33 par
1037 3222 42 21 un

155 3252 173 48 procédé
359 3253 50 37 de
441 3254 283 48 galvanisation,
757 3262 88 35 mais
875 3262 128 48 jamais
1033 3278 46 22 on

153 3323 46 22 ne
224 3307 32 39 le
280 3323 21 22 «
327 3309 289 49 badigeonnera
641 3329 21 21 »
687 3313 112 39 d'une
824 3318 121 36 teinte
972 3316 86 40 bron-

151 3379 79 28 zée,
265 3380 45 22 ce
343 3368 59 47 qui
437 3368 229 38 reviendrait
696 3372 19 34 à
750 3370 32 38 le
814 3376 186 35 recouvrir
1031 3389 46 23 en

151 3422 145 36 imitant
321 3437 43 22 un
390 3422 127 39 métal.

155 3481 266 38 Mentionnons
467 3482 222 48 également
734 3485 51 38 les
832 3487 156 50 plaques
1033 3506 46 22 en

150 3537 87 45 grès
269 3540 40 33 et
339 3552 45 21 en
419 3540 122 47 pierre
573 3540 200 46 artificiels,
807 3543 94 38 dont
932 3544 51 38 les
1013 3561 62 23 uns

148 3596 152 33 tentent
324 3593 22 36 d
365 3596 121 35 imiter
508 3594 50 39 les
583 3603 224 43 pavements
828 3615 45 21 en
898 3605 174 41 terrazzo,

149 3647 49 38 les
224 3654 126 33 autres
374 3648 49 39 les
446 3654 98 46 tapis
571 3667 164 35 persans.
762 3655 267 47 Evidemment,
1055 3659 18 38 il

147 3719 20 34 y
190 3718 86 23 aura
301 3708 164 48 toujours
489 3707 68 39 des
579 3723 93 33 gens
696 3712 60 48 qui
781 3711 205 50 prendront
1009 3730 64 23 ces

148 3759 158 50 plaques
334 3776 92 35 pour
454 3779 46 22 ce
531 3765 153 49 qu'elles
714 3768 233 49 prétendent
976 3772 94 43 être,

144 3839 50 6 —
226 3816 51 38 les
310 3817 237 52 fabriquants
582 3825 239 36 connaissent
853 3824 74 38 leur
962 3826 92 38 clien-

144 3872 90 39 tèle.

146 3930 240 44 Néanmoins,
420 3935 194 36 messieurs
644 3934 50 38 les
726 3937 217 44 imitateurs,
977 3953 93 24 mes-

1229 268 114 37 sieurs
1373 267 50 39 les
1453 268 231 40 architectes
1712 285 45 23 en
1786 271 111 45 simili,
1926 289 90 23 vous
2043 274 115 39 faites

1230 322 125 39 fausse
1398 329 121 34 route.
1562 326 122 38 Lame
1728 326 171 40 humaine
1942 335 58 32 est
2041 331 116 38 chose

1229 385 86 45 trop
1345 380 147 45 élevée,
1524 386 88 46 trop
1640 383 167 45 sublime,
1842 400 90 35 pour
1964 401 74 35 que
2067 403 90 23 vous

1230 438 154 47 puissiez
1406 436 29 39 la
1459 442 171 46 tromper
1655 454 65 35 par
1743 456 65 23 vos
1831 446 101 33 tours
1954 443 138 48 grands
2116 449 40 34 et

1230 495 126 46 petits.
1379 496 34 35 A
1436 496 75 35 vrai
1534 494 92 45 dire,
1654 501 107 33 notre
1786 512 140 35 pauvre
1952 499 117 38 chiffe
2096 499 40 39 hu-

1228 551 122 35 maine
1382 555 58 33 est
1470 550 162 39 tombée
1665 567 45 23 en
1743 558 108 34 votre
1886 557 167 48 pouvoir.
2086 556 67 38 Elle

1228 619 45 23 ne
1301 605 152 50 dispose
1482 621 74 35 que
1582 607 50 38 de
1660 611 83 48 cinq
1771 625 82 23 sens
1882 625 91 36 pour
1999 611 41 38 lui
2072 628 62 34 per-

1227 666 138 33 mettre
1390 662 50 38 de
1464 665 156 48 séparer
1643 664 32 38 le
1698 668 74 35 vrai
1797 666 48 38 du
1868 666 97 39 faux.
1990 668 37 38 Et
2053 668 29 37 là
2106 671 47 35 où

1225 716 50 38 les
1299 720 83 47 cinq
1406 734 83 23 sens
1511 734 46 23 ne
1583 727 167 42 peuvent
1773 723 203 44 atteindre,
2002 725 94 37 c'est
2120 724 30 38 là

1224 787 75 35 que
1344 779 108 33 votre
1498 775 189 46 domaine,
1732 783 108 33 votre
1886 782 120 46 règne
2051 796 76 22 com-

1224 844 147 24 mence.
1398 833 96 36 Mais
1518 831 28 38 là
1573 847 152 31 encore,
1753 837 125 36 même
1902 835 43 45 là,
1969 852 90 23 vous
2082 837 51 37 fai-

1221 890 59 33 tes
1305 886 125 38 fausse
1454 893 121 33 route.
1602 889 158 49 Peignez
1783 906 56 23 sur
1864 891 32 38 le
1922 891 155 52 plafond
2103 909 45 22 en

1223 941 89 44 bois,
1336 958 45 22 en
1403 942 97 46 haut,
1524 943 31 38 le
1578 944 75 51 plus
1673 945 88 40 haut
1781 948 174 49 possible,
1978 948 50 39 les
2049 950 80 37 meil-

1221 997 119 38 leures
1364 1014 20 21 «
1410 1002 259 38 incrustations
1696 1018 32 23 ».
1757 1004 76 38 Nos
1860 1020 159 34 pauvres
2043 1021 102 34 yeux,

1219 1053 92 38 dans
1334 1054 75 39 leur
1431 1054 125 40 bonne
1576 1057 63 45 foi,
1663 1074 21 35 y
1705 1062 162 37 croiront
1889 1064 196 47 peut-être
2107 1068 39 32 et

1219 1109 161 40 devront
1413 1111 50 39 les
1494 1119 198 45 accepter.
1725 1118 96 36 Mais
1854 1121 107 34 notre
1993 1119 134 38 sensibi-

1218 1164 62 38 lité
1299 1166 22 37 d
1328 1169 94 36 ivine
1442 1184 45 22 ne
1505 1172 97 35 croit
1621 1185 66 35 pas
1706 1173 19 36 à
1745 1188 64 23 vos
1828 1178 101 33 tours
1947 1173 51 38 de
2019 1189 105 36 passe-

1219 1236 123 34 passe.
1377 1224 95 38 Dans
1503 1241 66 22 vos
1599 1229 156 37 intarses
1787 1228 50 39 les
1871 1229 75 50 plus
1979 1230 146 39 adroite-

1217 1284 102 32 ment
1340 1294 20 21 «
1384 1282 206 38 incrustées
1611 1299 33 28 »,
1668 1283 70 38 elle
1764 1288 147 46 perçoit
1934 1286 84 50 qu'il
2043 1288 57 48 n'y
2123 1302 18 22 a

1216 1348 74 34 que
1315 1335 50 38 de
1391 1336 28 37 la
1446 1337 150 39 couleur
1619 1341 19 35 à
1666 1339 131 40 l'huile.

1394 1414 160 50 (Traduit
1587 1431 65 36 par
1684 1418 208 51 Stéphanie
1923 1420 219 53 Chandler.)

1213 1569 267 68 REVUE
1579 1574 147 68 DES
1818 1576 320 68 REVUES

1209 1736 466 42 ANGLETERRE

1209 1838 19 21 «
1259 1825 88 37 THE
1392 1826 314 41 ARCHITECTES
1749 1831 234 38 JOURNAL
2015 1848 19 22 »

1211 1879 48 37 N°
1289 1882 110 37 2053.

1211 1935 80 38 Une
1327 1936 185 39 brasserie
1547 1939 92 39 dans
1675 1940 29 38 la
1742 1942 118 44 Sarre,
1900 1958 66 35 par
1999 1943 120 39 l'archi-

1206 1996 109 33 tecte
1342 1992 50 39 O.
1418 1993 197 50 Zollînger.

1207 2046 48 37 N°
1285 2049 112 37 2054.

1206 2102 108 38 Ecole
1339 2105 19 36 à
1388 2105 200 45 Leicester,
1616 2123 66 34 par
1708 2107 122 40 l'arch.
1858 2110 103 39 E.-G.
1987 2111 146 39 Fowler.

1204 2234 371 50 BELGIQUE

1200 2337 20 22 «
1249 2324 369 44 ARCHITECTURE
1662 2331 47 37 ET
1752 2332 277 42 URBANISME
2057 2352 22 22 »

1201 2378 48 38 N°
1280 2382 34 36 3.

1200 2435 155 39 Vauban
1386 2444 40 32 et
1454 2455 64 22 nos
1546 2440 140 40 vieilles
1713 2443 110 46 villes,
1856 2460 66 35 par
1952 2446 31 38 le
2013 2451 114 47 major

1200 2491 33 37 F.
1269 2491 172 41 Delvaux.

1200 2548 131 37 Extrait
1360 2549 47 38 du
1439 2558 158 43 rapport
1627 2569 55 23 sur
1712 2554 234 42 l'urbanisme
1976 2575 45 22 en
2054 2559 54 38 Bel-

1197 2605 127 48 gique,
1357 2612 179 43 présente
1567 2624 65 34 par
1662 2611 39 37 V.
1732 2612 201 48 Bourgeois
1962 2630 44 21 au
2037 2631 66 34 qua-

1194 2662 136 36 trième
1369 2661 177 50 Congrès
1587 2665 262 41 International
1889 2669 214 41 d'Architec-

1193 2719 84 33 ture
1309 2717 203 41 Moderne.

1195 2771 266 40 Architecture
1493 2781 40 32 et
1565 2780 143 46 poésie,
1742 2794 65 35 par
1837 2781 38 37 V.
1910 2783 212 47 Bourgeois.

1191 2908 20 21 «
1238 2895 249 40 BRUXELLES
1510 2914 21 21 »

1193 2949 49 37 N°
1274 2952 33 36 8.

1192 3005 46 36 Le
1286 3006 76 38 rôle
1409 3009 112 37 social
1570 3011 50 37 de
1669 3012 234 40 l'urbanisme
1954 3031 65 35 par
2068 3020 50 36 M.

1190 3060 169 40 Schmitz.

1192 3116 187 40 Malheurs
1408 3126 40 32 et
1477 3125 144 46 espoirs
1651 3124 50 37 de
1731 3126 221 46 Tervueren,
1987 3129 63 37 Par
2079 3130 38 37 V.

1191 3173 212 49 Bourgeois.

1190 3229 169 45 Louvain,
1403 3231 80 38 ville
1523 3234 161 39 satellite
1727 3236 51 38 de
1821 3239 185 45 Bruxelles,
2052 3256 65 34 par

1185 3285 34 36 J.
1247 3285 171 40 Stevens.

1184 3420 20 23 «
1232 3407 174 40 CUIVRE
1446 3412 47 36 ET
1533 3413 179 39 LAITON
1739 3432 21 22 »

1185 3462 49 37 N°
1272 3466 78 37 127.

1185 3518 44 36 La
1256 3520 207 50 technique
1490 3522 47 38 du
1565 3527 124 37 cuivre
1716 3532 40 33 et
1783 3527 51 38 de
1860 3544 60 23 ses
1946 3528 166 50 alliages.

1180 3666 21 21 «
1232 3652 57 37 LA
1329 3654 285 50 TECHNIQUE
1660 3661 79 37 DES
1781 3662 228 39 TRAVAUX
2038 3681 21 21 »

1182 3707 31 37 N
1219 3712 8 9 L
1228 3707 2 39 '
1263 3711 33 35 5.

1180 3763 107 38 Ecole
1317 3767 165 38 normale
1511 3769 334 50 d'enseignement
1875 3778 184 46 ménager
2087 3778 20 36 à

1181 3820 98 43 Brno,
1310 3821 98 39 arch.
1437 3824 174 40 Bohuslav
1640 3827 111 39 Fuchs
1778 3834 40 33 et
1846 3830 162 40 Polasek.

1178 3874 195 40 Golf-club
1396 3880 19 35 à
1440 3879 118 46 Tokio,
1585 3897 66 35 par
1675 3886 46 35 A.
1748 3885 192 50 Raymond
1965 3894 40 31 et
2027 3889 60 38 Tsu-

1175 3935 102 34 tomu
1305 3932 119 40 Sakai.

2265 291 21 21 «
2315 277 253 47 L'EQUERRE
2597 294 21 21 »

2265 332 111 39 Avril.

2267 388 64 38 Les
2357 388 63 39 lois
2444 390 51 38 de
2519 390 30 38 la
2575 395 143 39 nature,
2743 393 21 35 à
2792 406 141 36 propos
2956 392 87 38 d'un
3069 393 129 39 article

2264 444 48 37 du
2337 445 58 38 Dr.
2419 446 32 38 P.
2473 447 161 38 Winter.

2262 535 20 22 «
2314 521 71 39 LES
2427 524 289 38 BEAUX-ARTS
2743 541 20 21 »

2263 576 50 38 N°
2352 579 78 36 124.

2263 632 64 37 Les
2357 637 73 33 arts
2462 633 205 52 plastiques
2696 635 94 40 dans
2821 636 32 39 le
2887 638 35 37 III
2930 642 11 12 e
2973 638 124 45 Reich,
3130 654 66 36 par

2262 689 52 36 M.
2343 688 49 39 G.
2422 689 163 40 Marlier.

2262 743 49 37 N°
2350 746 78 37 126.

2262 799 254 39 Entièrement
2552 806 183 35 consacré
2771 806 20 35 à
2830 804 279 40 l'architecture
3147 822 46 22 en

2261 853 191 52 Belgique.

2258 910 161 40 Articles
2440 912 50 38 de
2512 915 52 35 M.
2586 913 179 40 Casteels
2785 931 57 22 sur
2863 931 20 22 «
2907 917 46 38 Le
2975 917 101 38 beau
3100 918 92 38 dans

2259 966 278 40 l'architecture
2583 974 41 33 et
2668 969 30 38 la
2743 974 60 35 vie
2850 973 205 38 modernes
3086 990 21 21 »
3151 979 40 33 et

2257 1037 20 21 «
2312 1023 251 39 L'architecte
2597 1026 125 38 Victor
2756 1028 121 38 Horta
2911 1045 32 29 »,
2978 1029 50 38 de
3064 1033 52 35 M.
3152 1031 37 37 K.

2258 1078 246 47 Hamerlinck,
2530 1096 57 22 sur
2609 1096 21 22 «
2658 1082 45 37 Le
2729 1082 218 47 Corbusier,
2974 1087 137 48 apôtre
3138 1087 51 37 de

2255 1133 279 41 l'architecture
2564 1137 184 40 moderne
2777 1155 32 28 »,
2837 1145 41 33 et
2904 1155 20 22 «
2954 1141 212 39 Mallet-Ste-

2254 1206 89 23 vens
2371 1206 31 29 »,
2432 1192 51 38 de
2512 1193 33 38 P.
2573 1194 33 37 L.
2635 1193 182 51 Flouquet
2844 1211 56 23 sur
2927 1211 20 23 «
2977 1199 210 38 Matériaux

2254 1261 203 31 nouveaux,
2489 1251 152 36 science
2674 1250 182 46 nouvelle,
2890 1268 172 23 nouveau
3094 1253 76 51 lyris-

2252 1317 60 23 me
2336 1319 32 28 »,
2394 1308 76 34 etc.

2252 1359 153 38 Suivent
2430 1360 185 51 quelques
2640 1364 183 48 réponses
2850 1365 20 36 à
2899 1364 69 38 des
2995 1368 169 47 question-

2251 1417 120 36 naires
2402 1418 167 49 toujours
2601 1417 51 39 les
2683 1420 144 36 mêmes
2857 1442 51 6 —
2941 1435 8 23 :

2248 1486 21 21 «
2293 1471 128 39 L'idée
2446 1472 183 39 moderne
2655 1474 149 39 est-elle
2829 1477 285 49 pratiquement
3137 1493 46 23 en

2249 1529 211 46 régression
2483 1528 17 38 ?
2529 1544 20 22 »

2248 1597 21 21 «
2298 1583 79 38 Toit
2406 1583 78 51 plat
2512 1600 45 22 ou
2588 1585 131 38 incliné
2742 1587 17 36 ?
2787 1603 32 27 »,
2849 1602 21 21 «
2900 1588 90 38 Pour
3020 1604 45 23 ou
3097 1605 64 22 con-

2244 1642 59 33 tre
2328 1638 223 40 l'ornement
2573 1657 32 27 »,
2632 1646 77 34 etc.

2246 1729 20 21 «
2294 1715 286 40 OPBOUWEN
2608 1735 20 20 »

2247 1770 40 38 N'
2327 1773 34 35 9.

2246 1826 64 37 Les
2338 1842 191 24 nouveaux
2557 1829 170 40 meubles
2755 1832 238 51 métalliques
3022 1834 50 38 de
3101 1835 60 38 l'ar-

2243 1881 169 40 chitecte
2440 1884 103 38 Oud.

2244 1938 292 40 L'architecture
2563 1941 232 51 métallique.

2239 2070 310 41 FRANCE

2238 2162 21 21 «
2286 2147 275 41 CHANTIERS
2587 2167 32 29 »,
2662 2153 131 48 Alger.

2240 2203 48 37 N°
2320 2207 34 35 5.

2238 2259 198 50 Quelques
2469 2267 103 44 ports
2601 2263 199 50 d'Algérie
2833 2281 8 23 :
2875 2267 35 38 III
2942 2267 129 51 Alger,
3104 2285 65 36 par

2239 2317 53 36 M.
2326 2317 37 37 R.
2398 2318 196 39 Madmon.

2234 2396 21 22 «
2284 2382 406 43 L'ARCHITECTURE
2715 2404 22 22 »

2235 2439 90 37 Maî.

2234 2494 44 37 La
2303 2498 148 35 croisée
2474 2496 184 49 d'ogives,
2687 2515 66 35 par
2778 2503 52 37 M.
2855 2503 163 40 Aubert.

2235 2550 46 37 Le
2312 2566 182 24 concours
2526 2553 47 37 du
2605 2569 171 25 nouveau
2809 2557 114 39 Palais
2953 2559 70 39 des
3055 2562 88 49 Expo-

2230 2607 139 37 sitions.

2233 2662 204 39 Nouveaux
2461 2666 190 48 procédés
2674 2667 47 38 du
2745 2684 157 34 serrage
2924 2671 69 39 des
3014 2688 125 34 maçon-

2230 2720 133 36 neries.

2227 2799 19 21 «
2275 2785 406 43 L'ARCHITECTURE
2723 2793 388 41 D'AUJOURD'HUI
3141 2815 20 21 »

2229 2841 48 37 N°
2309 2844 33 35 2.

2228 2897 171 38 L'œuvre
2421 2899 50 38 de
2495 2901 110 38 Peter
2627 2903 171 39 Behrens.

2227 2952 190 51 Comptes
2446 2957 136 38 rendus
2613 2958 50 38 de
2695 2959 30 37 lâ
2758 2963 160 36 récente
2950 2964 208 49 Exposition

2225 3008 51 38 de
2308 3009 248 42 l'habitation.

2227 3065 46 37 Le
2312 3065 155 50 pavillon
2504 3068 69 38 des
2609 3070 147 48 gorilles
2792 3073 93 38 dans
2921 3074 33 38 le
2989 3092 80 28 zoo,
3107 3078 51 38 de

2226 3121 172 45 Londres,
2443 3124 231 40 architectes
2719 3142 7 23 :
2768 3143 149 37 groupe
2960 3133 197 40 Tecton-B.

2224 3176 189 41 Lubetkin.

2224 3232 80 38 Plan
2335 3234 22 37 d
2377 3238 301 46 aménagement
2706 3245 41 32 et
2775 3241 237 40 d'extension
3043 3245 51 38 de
3125 3246 29 38 la

2221 3288 81 38 ville
2330 3290 50 38 de
2409 3292 199 45 Marseille,
2641 3309 66 34 par
2735 3295 124 40 l'arch.
2888 3299 79 39 urb.
2996 3302 34 38 J.
3058 3302 75 38 Gre-

2222 3343 79 40 ber.

2222 3400 133 48 Sièges
2386 3417 46 22 en
2465 3403 222 42 aluminium.

2220 3456 267 41 Conférences
2507 3460 51 38 de
2578 3464 98 37 MM.
2700 3464 104 46 Lods,
2828 3466 325 48 Mallet-Stevens,

2219 3513 86 36 Emo
2331 3514 233 50 Goldfinger
2591 3518 284 50 (L'isolométrie
2905 3523 227 50 photométri-

2219 3569 100 50 que).

2216 3649 22 22 «
2268 3635 277 41 URBANISME
2571 3656 21 21 »

2216 3690 111 39 Avril.

2219 3745 249 40 L'urbanisme
2495 3750 102 45 rural,
2628 3767 66 35 par
2722 3757 52 37 M.
2803 3756 33 38 L.
2865 3759 160 39 Lacroix.

2216 3803 45 37 La
2303 3803 216 41 circulation
2559 3806 51 40 de
2651 3812 119 46 grand
2812 3813 113 40 trafic
2966 3816 92 39 dans
3100 3817 52 39 les

2215 3858 334 49 agglomérations,
2576 3879 67 35 par
2666 3868 53 37 M.
2743 3868 49 38 H.
2815 3868 161 43 ôiraud.

2228 3914 68 39 lots
2322 3916 214 47 insalubres,
2566 3935 66 34 par
2660 3924 53 37 M.
2742 3925 33 37 L.
2803 3926 142 41 Basalo.
