2456 4201
653 294 266 31 ESTAMPIES
956 295 56 30 ET
1050 297 185 30 DANSES
1270 298 215 30 ROYALES

1962 302 79 41 177

87 484 304 52 manuscrit
795 484 143 55 Add.
1154 487 203 53 28550
839 491 73 50 du
946 492 208 52 British
1178 493 282 53 Muséum.
1500 497 102 49 Les
1629 508 170 38 textes
1825 496 215 68 publiés

85 576 99 52 par
211 559 283 52 Johannès
512 562 166 50 Wolf
694 564 138 50 dans
867 583 59 33 sa
948 567 319 67 magistrale
1298 569 249 52 Histoire
1591 569 64 54 de
1699 571 52 50 la
1798 572 239 51 notation

114 635 236 50 mesurée
650 634 65 52 de
891 639 39 50 i
930 639 119 50 250
1300 640 32 49 à
1439 640 157 63 1460
948 658 70 33 en
1064 642 343 53 fournissent
1445 645 241 51 d'autres
1742 647 295 67 exemples,

85 722 220 39 surtout
334 710 137 51 dans
496 710 77 51 les
607 728 216 36 œuvres
842 714 65 51 de
934 733 343 50 provenance
1310 717 282 66 italienne,
1616 737 129 34 avec
1770 722 48 49 la
1839 720 199 65 forme,

84 800 149 35 assez
250 800 105 51 peu
383 784 290 68 régulière,
1333 794 167 53 verto,
887 802 53 38 et
965 790 211 65 l'autre,
1200 792 303 66 meilleure,
1848 797 185 61 Enfin,

82 874 76 34 un
184 858 305 52 théoricien
537 861 72 50 du
655 861 314 66 quinzième
998 864 182 65 siècle,
1204 865 232 67 Egidius
1477 869 65 50 de
1575 868 246 66 Murino,
1850 869 188 69 publié

84 934 133 51 dans
241 934 76 51 les
635 934 114 67 Scriptores
750 938 75 49 de
826 939 78 49 De
905 939 421 67 Coussemaker,
1352 959 141 34 nous
1536 945 185 50 donne
1746 945 77 50 les
1859 945 178 69 règles

81 1007 72 51 du
185 1007 114 51 clos
325 1021 52 37 et
402 1009 65 50 de
489 1009 232 52 l'ouvert
754 1011 137 51 dans
928 1012 50 51 la
1002 1014 212 51 ballade
1238 1015 197 69 simple
1465 1029 52 37 et
1553 1016 223 65 double,
1812 1019 136 51 dans
1989 1019 48 52 le

78 1081 190 52 virelai
296 1082 199 69 simple
527 1098 53 38 et
604 1086 201 52 double
832 1099 52 39 et
903 1089 137 49 dans
1067 1089 48 50 le
1148 1090 265 52 rondeau.

139 1237 96 47 Isto
260 1240 149 44 modo
434 1240 145 46 debet
604 1239 104 47 fieri
735 1240 201 47 ballada
962 1244 209 57 simplex
1192 1255 9 31 :
1227 1245 48 43 in
1298 1245 158 57 primo
1482 1242 75 46 fac
1578 1253 224 49 apertum
1831 1254 47 35 et
1900 1244 106 47 clau-

77 1321 127 42 sum,
219 1316 47 37 et
287 1308 175 46 ultimo
481 1307 78 47 fac
578 1310 222 45 clausum
824 1310 334 47 solummodo.

137 1374 119 46 Item
278 1374 195 47 ballada
509 1377 178 57 duplex
711 1377 149 46 habet
884 1388 223 49 apertum
1128 1388 48 36 et
1205 1380 226 44 clausum
1456 1388 111 36 ante
1591 1390 46 35 et
1663 1388 148 37 rétro.

137 1442 119 47 Item
282 1444 265 46 vironellus
570 1446 207 57 simplex
795 1446 150 45 habet
970 1456 112 35 ante
1103 1456 226 48 apertum
1366 1457 46 36 et
1437 1447 221 46 clausum
1698 1457 148 36 rétro.

136 1509 119 47 Item
278 1512 269 45 vironellus
571 1513 177 57 duplex
776 1512 150 47 habet
948 1513 263 46 dimidium
1239 1523 223 48 apertum
1483 1523 46 36 et
1571 1514 223 46 clausum
1836 1524 112 36 ante
1981 1524 47 37 et

75 1589 222 48 apertum
316 1590 47 36 et
379 1580 224 46 clausum
625 1590 148 37 rétro.

137 1646 118 47 Item
278 1649 249 45 rondellus
548 1649 148 45 habet
716 1660 224 48 apertum
964 1659 129 47 ante,
1121 1650 201 58 quando
1343 1647 174 49 finitur
1540 1651 50 45 in
1686 1660 47 36 et
1756 1650 146 46 debet
1923 1665 107 32 esse

73 1716 214 55 décima;
319 1726 45 37 et
390 1717 198 59 quando
613 1716 169 48 finitur
801 1719 130 54 in/a,
948 1717 145 47 debet
1116 1733 109 31 esse
1249 1720 191 57 quinta,
1467 1727 45 36 et
1538 1729 127 35 rétro
1690 1719 226 45 clausum
1940 1717 87 60 (2).

141 1882 87 50 En
263 1882 288 64 revanche,
584 1900 142 36 nous
743 1900 66 35 ne
835 1900 210 54 voyons
1070 1885 158 69 point
1239 1885 235 53 l'intérêt
1496 1888 65 50 de
1601 1888 334 67 rapprocher
1957 1888 67 52 ici

72 1955 76 51 les
174 1957 142 50 deux
339 1970 171 39 textes
533 1959 64 49 de
621 1959 326 68 l'Anonyme
980 1960 74 51 IV
1073 1960 74 67 (3)
1180 1974 52 37 et
1253 1961 65 51 de
1341 1961 136 51 Jean
1509 1962 66 50 de
1611 1960 276 53 Garlande
1919 1964 104 63 (4),

71 2030 136 51 dont
239 2049 54 33 se
320 2045 126 37 sont
468 2031 171 52 servis
678 2034 168 67 Hugo
877 2034 275 53 Riemann
1183 2035 75 67 (5)
1286 2048 52 38 et
1382 2035 219 51 Walter
1632 2035 280 52 Niemann
1950 2037 75 66 (6)

71 2121 142 51 pour
227 2103 286 70 expliquer
531 2107 77 50 les
630 2106 348 69 expressions
1009 2110 66 51 de
1230 2121 51 38 et
1569 2126 11 35 :
1605 2108 36 51 il
1657 2125 141 36 nous
1815 2110 208 52 semble

71 2196 105 51 que
198 2197 87 33 ces
313 2181 275 66 citations,
616 2199 105 50 peu
768 2182 191 52 claires
992 2201 99 51 par
1112 2183 399 64 elles-mêmes,
1552 2183 306 66 n'ajoutent
1903 2186 120 51 rien

70 2257 28 47 à
129 2271 57 34 ce
214 2271 106 52 que
353 2271 142 36 nous
524 2274 198 33 savons
759 2255 137 67 déjà.

137 2507 76 50 La
251 2505 288 52 définition
566 2524 106 49 que
706 2524 141 34 nous
880 2525 169 34 avons
1074 2526 74 50 pu
1181 2510 217 51 donner
1440 2511 124 67 plus
1618 2511 134 52 haut
1798 2514 65 49 de
1903 2514 96 50 l'es-

66 2580 206 68 tampie
297 2581 136 51 n'est
463 2597 214 47 encore,
706 2582 46 50 si
782 2581 165 52 claire
985 2582 258 64 soit-elle,
1279 2583 207 69 qu'une
1528 2586 309 65 définition,
1878 2587 140 51 mais

67 2656 428 51 heureusement
534 2674 140 33 nous
702 2657 305 67 possédons
1040 2657 94 51 des
1166 2658 330 51 documents
1516 2660 286 67 pratiques
1830 2661 95 67 qui
1950 2679 68 34 en

65 2743 232 39 mettent
319 2731 76 51 les
419 2732 286 51 moindres
736 2731 196 52 détails
960 2749 67 34 en
1063 2731 160 52 relief
1241 2746 52 38 et
1326 2746 147 51 sont,
1511 2738 28 47 à
1564 2747 158 38 notre
1757 2737 229 51 connais-

65 2822 177 43 sance,
270 2806 76 51 les
378 2806 125 67 plus
528 2804 293 53 anciennes
849 2822 215 36 œuvres
1094 2807 65 51 de
1191 2807 260 67 musique
1486 2808 424 54 instrumentale
1943 2812 72 51 du

63 2896 202 52 moyen
291 2886 116 63 âge,
440 2879 98 70 qui
557 2898 140 35 nous
724 2881 177 50 soient
920 2897 324 51 parvenues.
1274 2882 43 49 Il
1337 2882 156 69 s'agit
1514 2883 354 65 d'additions,
1886 2902 127 51 que,

63 2956 137 49 dans
236 2956 77 50 les
346 2956 299 68 premières
684 2959 205 49 années
942 2957 72 51 du
1047 2957 375 67 quatorzième
1455 2958 184 64 siècle,
1679 2959 340 52 c'est-à-dire

65 3031 499 66 postérieurement
585 3034 26 47 à
639 3032 48 49 la
711 3031 279 52 rédaction
1023 3032 252 67 générale
1307 3033 73 51 du
1398 3033 331 65 manuscrit,
1764 3051 76 34 un
1867 3051 111 35 ama-

63 3117 120 39 teur
205 3104 127 51 bien
364 3105 148 53 avisé
538 3123 28 33 a
592 3105 156 51 faites
781 3123 94 35 sur
907 3105 266 67 quelques
1205 3105 163 51 folios
1394 3107 187 51 blancs
1614 3108 72 52 du
1709 3108 310 52 manuscrit

110 3304 57 54 (1)
211 3305 150 41 WOLF
406 3306 161 53 (IOH.),
614 3305 267 41 Geschichte
927 3305 82 41 der
1048 3304 490 42 Mensural-Notation
1579 3320 81 27 von
1705 3308 302 51 1250-1460,

62 3364 206 56 Leipzig,
298 3379 128 41 1904,
456 3367 19 41 3
501 3366 92 42 vol.
616 3366 118 42 in~B.
769 3366 115 40 Voir
904 3366 66 41 les
1087 3380 121 27 XXVII
1232 3375 43 33 et
1300 3380 88 28 LXI.

113 3426 59 53 (2)
195 3427 70 40 DE
292 3427 358 50 COUSSEMAKER,
679 3428 108 52 SS.,
811 3427 83 49 111,
926 3427 95 42 128.

113 3487 62 54 (3)
197 3488 85 42 SS.
291 3520 10 20 y
326 3489 34 50 I,
389 3489 50 42 35
448 3504 25 39 7
479 3521 10 11 .

113 3549 62 53 (4)
199 3549 106 50 SS.,
331 3549 35 49 T,
390 3563 95 42 117.

175 3608 33 55 15)
209 3608 202 44 RIEMANN
453 3611 112 53 (H.),
1134 3610 268 43 Geschichte
1743 3610 82 42 der
1846 3608 161 44 Musikt

62 3669 203 56 Leipzig,
298 3671 123 55 1898.

112 3730 58 56 (6)
198 3732 221 41 NIEMANN
458 3733 127 54 (W.),
630 3733 122 40 Über
774 3732 75 41 die
876 3732 314 41 abweichende
1230 3733 271 56 Bedeutung
1538 3733 81 42 der
1661 3733 256 57 Ligaturen
1957 3734 49 42 in

62 3791 81 42 der
264 3794 415 42 Mensuraltheorie
1130 3794 81 40 der
1331 3794 104 40 Zeit
1585 3805 80 31 vor
1780 3794 226 42 lohannes
1557 3794 209 56 Leipzig,
1796 3809 127 41 1902.
