<?xml version="1.0" encoding="UTF-8"?>
<alto xmlns:xsi="http://www.w3.org/2001/XMLSchema-instance" xmlns="http://www.loc.gov/standards/alto/ns-v2#" xsi:schemaLocation="http://www.loc.gov/standards/alto/ns-v2# http://www.loc.gov/standards/alto/alto-v2.0.xsd" xmlns:xlink="http://www.w3.org/1999/xlink">
	<Description>
		<MeasurementUnit>mm10</MeasurementUnit>
		<sourceImageInformation>
			<fileName>//fileserver7/IN2/Princeton/Batch3/bmtnabh/1906/09/15_01/00000472.tif</fileName>
		</sourceImageInformation>
		<OCRProcessing ID="OCRPROCESSING_1">
			<preProcessingStep>
				<processingSoftware>
					<softwareCreator>CCS Content Conversion Specialists GmbH, Germany</softwareCreator>
					<softwareName>CCS docWORKS</softwareName>
					<softwareVersion>6.6-1.18</softwareVersion>
				</processingSoftware>
			</preProcessingStep>
			<ocrProcessingStep>
				<processingSoftware>
					<softwareCreator>ABBYY (BIT Software), Russia</softwareCreator>
					<softwareName>NA</softwareName>
				</processingSoftware>
			</ocrProcessingStep>
		</OCRProcessing>
		<OCRProcessing ID="OCRPROCESSING_2">
			<preProcessingStep>
				<processingSoftware>
					<softwareCreator>CCS Content Conversion Specialists GmbH, Germany</softwareCreator>
					<softwareName>CCS docWORKS</softwareName>
					<softwareVersion>6.6-1.18</softwareVersion>
				</processingSoftware>
			</preProcessingStep>
			<ocrProcessingStep>
				<processingSoftware>
					<softwareCreator>ABBYY (BIT Software), Russia</softwareCreator>
					<softwareName>FineReader</softwareName>
					<softwareVersion>10.0</softwareVersion>
				</processingSoftware>
			</ocrProcessingStep>
		</OCRProcessing>
	</Description>
	<Styles>
		<TextStyle ID="TXT_0" FONTSIZE="29" FONTFAMILY="Times New Roman"/>
		<TextStyle ID="TXT_1" FONTSIZE="19" FONTFAMILY="Times New Roman"/>
		<TextStyle ID="TXT_2" FONTSIZE="19" FONTFAMILY="Times New Roman" FONTSTYLE="italics"/>
		<ParagraphStyle ID="PAR_CENTER" ALIGN="Center"/>
		<ParagraphStyle ID="PAR_BLOCK" ALIGN="Block"/>
	</Styles>
	<Layout>
		<Page ID="P40" PHYSICAL_IMG_NR="40" HEIGHT="4201" WIDTH="2456" PC="0.945">
			<TopMargin ID="P40_TM00001" HPOS="0" VPOS="0" WIDTH="2456" HEIGHT="191"/>
			<LeftMargin ID="P40_LM00001" HPOS="0" VPOS="191" WIDTH="395" HEIGHT="3662"/>
			<RightMargin ID="P40_RM00001" HPOS="2390" VPOS="191" WIDTH="66" HEIGHT="3662"/>
			<BottomMargin ID="P40_BM00001" HPOS="0" VPOS="3853" WIDTH="2456" HEIGHT="348"/>
			<PrintSpace ID="P40_PS00001" HPOS="395" VPOS="191" WIDTH="1995" HEIGHT="3662">
				<TextBlock ID="P40_TB00001" HPOS="669" VPOS="728" WIDTH="1444" HEIGHT="103" STYLEREFS="TXT_0 PAR_CENTER">
					<TextLine ID="P40_TL00001" HPOS="669" VPOS="728" WIDTH="1443" HEIGHT="103">
						<String ID="P40_ST00001" HPOS="669" VPOS="746" WIDTH="384" HEIGHT="85" CONTENT="GLUCK" WC="0.99" CC="03003"/>
						<SP ID="P40_SP00001" HPOS="1053" VPOS="831" WIDTH="66"/>
						<String ID="P40_ST00002" HPOS="1119" VPOS="746" WIDTH="130" HEIGHT="79" CONTENT="ET" WC="0.94" CC="10"/>
						<SP ID="P40_SP00002" HPOS="1249" VPOS="831" WIDTH="61"/>
						<String ID="P40_ST00003" HPOS="1310" VPOS="741" WIDTH="274" HEIGHT="81" CONTENT="JEAN" WC="0.98" CC="1006"/>
						<SP ID="P40_SP00003" HPOS="1584" VPOS="831" WIDTH="68"/>
						<String ID="P40_ST00004" HPOS="1652" VPOS="728" WIDTH="460" HEIGHT="92" CONTENT="D'UDINE" WC="0.96" CC="0435261"/>
					</TextLine>
				</TextBlock>
				<TextBlock ID="P40_TB00002" HPOS="395" VPOS="1191" WIDTH="1995" HEIGHT="2662" STYLEREFS="TXT_1 PAR_BLOCK">
					<TextLine ID="P40_TL00002" HPOS="466" VPOS="1192" WIDTH="1917" HEIGHT="85">
						<String ID="P40_ST00005" HPOS="466" VPOS="1211" WIDTH="59" HEIGHT="54" CONTENT="Si" WC="1.00" CC="00"/>
						<SP ID="P40_SP00004" HPOS="525" VPOS="1265" WIDTH="31"/>
						<String ID="P40_ST00006" HPOS="556" VPOS="1211" WIDTH="112" HEIGHT="51" CONTENT="l'on" WC="0.96" CC="6253"/>
						<SP ID="P40_SP00005" HPOS="668" VPOS="1265" WIDTH="23"/>
						<String ID="P40_ST00007" HPOS="691" VPOS="1210" WIDTH="196" HEIGHT="51" CONTENT="estime" WC="0.99" CC="200310"/>
						<SP ID="P40_SP00006" HPOS="887" VPOS="1265" WIDTH="28"/>
						<String ID="P40_ST00008" HPOS="915" VPOS="1224" WIDTH="106" HEIGHT="53" CONTENT="que" WC="0.98" CC="060"/>
						<SP ID="P40_SP00007" HPOS="1021" VPOS="1277" WIDTH="28"/>
						<String ID="P40_ST00009" HPOS="1049" VPOS="1201" WIDTH="503" HEIGHT="71" CONTENT="l'impersonnalité" WC="0.79" CC="1043405005003102"/>
						<SP ID="P40_SP00008" HPOS="1552" VPOS="1277" WIDTH="36"/>
						<String ID="P40_ST00010" HPOS="1588" VPOS="1212" WIDTH="82" HEIGHT="39" CONTENT="est" WC="1.00" CC="000"/>
						<SP ID="P40_SP00009" HPOS="1670" VPOS="1277" WIDTH="29"/>
						<String ID="P40_ST00011" HPOS="1699" VPOS="1199" WIDTH="51" HEIGHT="52" CONTENT="la" WC="0.81" CC="30"/>
						<SP ID="P40_SP00010" HPOS="1750" VPOS="1277" WIDTH="26"/>
						<String ID="P40_ST00012" HPOS="1776" VPOS="1195" WIDTH="275" HEIGHT="72" CONTENT="première" WC="0.99" CC="53084240"/>
						<SP ID="P40_SP00011" HPOS="2051" VPOS="1277" WIDTH="21"/>
						<String ID="P40_ST00013" HPOS="2072" VPOS="1192" WIDTH="209" HEIGHT="73" CONTENT="qualité" WC="0.99" CC="2443101"/>
						<SP ID="P40_SP00012" HPOS="2281" VPOS="1277" WIDTH="34"/>
						<String ID="P40_ST00014" HPOS="2315" VPOS="1193" WIDTH="68" HEIGHT="51" CONTENT="de" WC="0.99" CC="00"/>
					</TextLine>
					<TextLine ID="P40_TL00003" HPOS="395" VPOS="1270" WIDTH="1988" HEIGHT="80">
						<String ID="P40_ST00015" HPOS="395" VPOS="1285" WIDTH="334" HEIGHT="65" CONTENT="l'historien," WC="1.00" CC="003300041013"/>
						<SP ID="P40_SP00013" HPOS="729" VPOS="1350" WIDTH="24"/>
						<String ID="P40_ST00016" HPOS="753" VPOS="1284" WIDTH="37" HEIGHT="50" CONTENT="il" WC="0.77" CC="04"/>
						<SP ID="P40_SP00014" HPOS="790" VPOS="1350" WIDTH="27"/>
						<String ID="P40_ST00017" HPOS="817" VPOS="1282" WIDTH="117" HEIGHT="52" CONTENT="faut" WC="0.98" CC="0150"/>
						<SP ID="P40_SP00015" HPOS="934" VPOS="1350" WIDTH="31"/>
						<String ID="P40_ST00018" HPOS="965" VPOS="1282" WIDTH="304" HEIGHT="51" CONTENT="détourner" WC="0.99" CC="040307306"/>
						<SP ID="P40_SP00016" HPOS="1269" VPOS="1350" WIDTH="53"/>
						<String ID="P40_ST00019" HPOS="1322" VPOS="1279" WIDTH="96" HEIGHT="50" CONTENT="des" WC="1.00" CC="000"/>
						<SP ID="P40_SP00017" HPOS="1418" VPOS="1350" WIDTH="33"/>
						<String ID="P40_ST00020" HPOS="1451" VPOS="1289" WIDTH="232" HEIGHT="39" CONTENT="travaux" WC="0.99" CC="3302060"/>
						<SP ID="P40_SP00018" HPOS="1683" VPOS="1350" WIDTH="44"/>
						<String ID="P40_ST00021" HPOS="1727" VPOS="1272" WIDTH="348" HEIGHT="69" CONTENT="historiques" WC="1.00" CC="61000300700"/>
						<SP ID="P40_SP00019" HPOS="2075" VPOS="1350" WIDTH="47"/>
						<String ID="P40_ST00022" HPOS="2122" VPOS="1271" WIDTH="78" HEIGHT="49" CONTENT="M." WC="0.86" CC="11"/>
						<SP ID="P40_SP00020" HPOS="2200" VPOS="1350" WIDTH="43"/>
						<String ID="P40_ST00023" HPOS="2243" VPOS="1270" WIDTH="140" HEIGHT="50" CONTENT="Jean" WC="0.98" CC="0070"/>
					</TextLine>
					<TextLine ID="P40_TL00004" HPOS="396" VPOS="1346" WIDTH="1985" HEIGHT="81">
						<String ID="P40_ST00024" HPOS="396" VPOS="1362" WIDTH="266" HEIGHT="65" CONTENT="d'Udine," WC="0.80" CC="04040600"/>
						<SP ID="P40_SP00021" HPOS="662" VPOS="1427" WIDTH="37"/>
						<String ID="P40_ST00025" HPOS="699" VPOS="1373" WIDTH="197" HEIGHT="40" CONTENT="auteur" WC="0.99" CC="050006"/>
						<SP ID="P40_SP00022" HPOS="896" VPOS="1427" WIDTH="24"/>
						<String ID="P40_ST00026" HPOS="920" VPOS="1361" WIDTH="165" HEIGHT="50" CONTENT="d'une" WC="0.99" CC="00420"/>
						<SP ID="P40_SP00023" HPOS="1085" VPOS="1427" WIDTH="26"/>
						<String ID="P40_ST00027" HPOS="1111" VPOS="1352" WIDTH="408" HEIGHT="71" CONTENT="monographie" WC="1.00" CC="02044604000"/>
						<SP ID="P40_SP00024" HPOS="1519" VPOS="1427" WIDTH="27"/>
						<String ID="P40_ST00028" HPOS="1546" VPOS="1351" WIDTH="151" HEIGHT="53" CONTENT="aussi" WC="0.99" CC="26000"/>
						<SP ID="P40_SP00025" HPOS="1697" VPOS="1427" WIDTH="23"/>
						<String ID="P40_ST00029" HPOS="1720" VPOS="1347" WIDTH="305" HEIGHT="70" CONTENT="subjective" WC="0.99" CC="0505000450"/>
						<SP ID="P40_SP00026" HPOS="2025" VPOS="1427" WIDTH="24"/>
						<String ID="P40_ST00030" HPOS="2049" VPOS="1346" WIDTH="302" HEIGHT="70" CONTENT="qu'intéres" SUBS_TYPE="HypPart1" SUBS_CONTENT="qu'intéressante" WC="1.00" CC="0602000500"/>
						<HYP HPOS="2351" VPOS="1346" WIDTH="30" CONTENT="-"/>
					</TextLine>
					<TextLine ID="P40_TL00005" HPOS="398" VPOS="1419" WIDTH="1985" HEIGHT="72">
						<String ID="P40_ST00031" HPOS="398" VPOS="1453" WIDTH="155" HEIGHT="38" CONTENT="sante" SUBS_TYPE="HypPart2" SUBS_CONTENT="qu'intéressante" WC="1.00" CC="00000"/>
						<SP ID="P40_SP00027" HPOS="553" VPOS="1491" WIDTH="38"/>
						<String ID="P40_ST00032" HPOS="591" VPOS="1440" WIDTH="71" HEIGHT="49" CONTENT="du" WC="0.83" CC="03"/>
						<SP ID="P40_SP00028" HPOS="662" VPOS="1491" WIDTH="42"/>
						<String ID="P40_ST00033" HPOS="704" VPOS="1433" WIDTH="275" HEIGHT="55" CONTENT="chevalier" WC="1.00" CC="000000206"/>
						<SP ID="P40_SP00029" HPOS="979" VPOS="1491" WIDTH="40"/>
						<String ID="P40_ST00034" HPOS="1019" VPOS="1432" WIDTH="197" HEIGHT="54" CONTENT="Gluck." WC="0.99" CC="034000"/>
						<SP ID="P40_SP00030" HPOS="1216" VPOS="1491" WIDTH="38"/>
						<String ID="P40_ST00035" HPOS="1254" VPOS="1430" WIDTH="143" HEIGHT="52" CONTENT="Loin" WC="1.00" CC="0000"/>
						<SP ID="P40_SP00031" HPOS="1397" VPOS="1491" WIDTH="43"/>
						<String ID="P40_ST00036" HPOS="1440" VPOS="1430" WIDTH="66" HEIGHT="49" CONTENT="de" WC="1.00" CC="00"/>
						<SP ID="P40_SP00032" HPOS="1506" VPOS="1491" WIDTH="37"/>
						<String ID="P40_ST00037" HPOS="1543" VPOS="1427" WIDTH="244" HEIGHT="52" CONTENT="s'effacer" WC="1.00" CC="000000020"/>
						<SP ID="P40_SP00033" HPOS="1787" VPOS="1491" WIDTH="33"/>
						<String ID="P40_ST00038" HPOS="1820" VPOS="1423" WIDTH="241" HEIGHT="54" CONTENT="derrière" WC="0.99" CC="00660460"/>
						<SP ID="P40_SP00034" HPOS="2061" VPOS="1491" WIDTH="45"/>
						<String ID="P40_ST00039" HPOS="2106" VPOS="1439" WIDTH="101" HEIGHT="34" CONTENT="son" WC="0.99" CC="030"/>
						<SP ID="P40_SP00035" HPOS="2207" VPOS="1491" WIDTH="35"/>
						<String ID="P40_ST00040" HPOS="2242" VPOS="1419" WIDTH="141" HEIGHT="68" CONTENT="sujet" WC="0.98" CC="04700"/>
					</TextLine>
					<TextLine ID="P40_TL00006" HPOS="398" VPOS="1497" WIDTH="1985" HEIGHT="89">
						<String ID="P40_ST00041" HPOS="398" VPOS="1533" WIDTH="142" HEIGHT="53" CONTENT="pour" WC="0.97" CC="2076"/>
						<SP ID="P40_SP00036" HPOS="540" VPOS="1586" WIDTH="24"/>
						<String ID="P40_ST00042" HPOS="564" VPOS="1512" WIDTH="324" HEIGHT="54" CONTENT="dissimuler" WC="1.00" CC="0000406006"/>
						<SP ID="P40_SP00037" HPOS="888" VPOS="1586" WIDTH="33"/>
						<String ID="P40_ST00043" HPOS="921" VPOS="1529" WIDTH="85" HEIGHT="33" CONTENT="ses" WC="1.00" CC="000"/>
						<SP ID="P40_SP00038" HPOS="1006" VPOS="1586" WIDTH="33"/>
						<String ID="P40_ST00044" HPOS="1039" VPOS="1512" WIDTH="184" HEIGHT="68" CONTENT="goûts," WC="0.99" CC="010005"/>
						<SP ID="P40_SP00039" HPOS="1223" VPOS="1586" WIDTH="29"/>
						<String ID="P40_ST00045" HPOS="1252" VPOS="1525" WIDTH="86" HEIGHT="34" CONTENT="ses" WC="1.00" CC="000"/>
						<SP ID="P40_SP00040" HPOS="1338" VPOS="1586" WIDTH="40"/>
						<String ID="P40_ST00046" HPOS="1378" VPOS="1503" WIDTH="338" HEIGHT="71" CONTENT="aspirations" WC="1.00" CC="00012010260"/>
						<SP ID="P40_SP00041" HPOS="1716" VPOS="1586" WIDTH="33"/>
						<String ID="P40_ST00047" HPOS="1749" VPOS="1515" WIDTH="53" HEIGHT="39" CONTENT="et" WC="0.86" CC="02"/>
						<SP ID="P40_SP00042" HPOS="1802" VPOS="1586" WIDTH="42"/>
						<String ID="P40_ST00048" HPOS="1844" VPOS="1519" WIDTH="85" HEIGHT="34" CONTENT="ses" WC="1.00" CC="000"/>
						<SP ID="P40_SP00043" HPOS="1929" VPOS="1586" WIDTH="33"/>
						<String ID="P40_ST00049" HPOS="1962" VPOS="1498" WIDTH="216" HEIGHT="66" CONTENT="haines," WC="1.00" CC="0000000"/>
						<SP ID="P40_SP00044" HPOS="2178" VPOS="1586" WIDTH="46"/>
						<String ID="P40_ST00050" HPOS="2224" VPOS="1498" WIDTH="37" HEIGHT="51" CONTENT="il" WC="0.91" CC="10"/>
						<SP ID="P40_SP00045" HPOS="2261" VPOS="1586" WIDTH="44"/>
						<String ID="P40_ST00051" HPOS="2305" VPOS="1497" WIDTH="78" HEIGHT="51" CONTENT="les" WC="0.98" CC="500"/>
					</TextLine>
					<TextLine ID="P40_TL00007" HPOS="398" VPOS="1573" WIDTH="1983" HEIGHT="83">
						<String ID="P40_ST00052" HPOS="398" VPOS="1591" WIDTH="235" HEIGHT="62" CONTENT="affirme," WC="0.99" CC="51007014"/>
						<SP ID="P40_SP00046" HPOS="633" VPOS="1653" WIDTH="34"/>
						<String ID="P40_ST00053" HPOS="667" VPOS="1590" WIDTH="77" HEIGHT="50" CONTENT="les" WC="1.00" CC="000"/>
						<SP ID="P40_SP00047" HPOS="744" VPOS="1653" WIDTH="23"/>
						<String ID="P40_ST00054" HPOS="767" VPOS="1587" WIDTH="305" HEIGHT="69" CONTENT="développe" WC="1.00" CC="000201050"/>
						<SP ID="P40_SP00048" HPOS="1072" VPOS="1656" WIDTH="34"/>
						<String ID="P40_ST00055" HPOS="1106" VPOS="1597" WIDTH="52" HEIGHT="38" CONTENT="et" WC="0.88" CC="20"/>
						<SP ID="P40_SP00049" HPOS="1158" VPOS="1656" WIDTH="54"/>
						<String ID="P40_ST00056" HPOS="1212" VPOS="1583" WIDTH="176" HEIGHT="69" CONTENT="prend" WC="0.99" CC="06000"/>
						<SP ID="P40_SP00050" HPOS="1388" VPOS="1656" WIDTH="35"/>
						<String ID="P40_ST00057" HPOS="1423" VPOS="1585" WIDTH="246" HEIGHT="66" CONTENT="prétexte" WC="0.99" CC="07600000"/>
						<SP ID="P40_SP00051" HPOS="1669" VPOS="1656" WIDTH="33"/>
						<String ID="P40_ST00058" HPOS="1702" VPOS="1580" WIDTH="67" HEIGHT="50" CONTENT="de" WC="0.92" CC="01"/>
						<SP ID="P40_SP00052" HPOS="1769" VPOS="1656" WIDTH="33"/>
						<String ID="P40_ST00059" HPOS="1802" VPOS="1590" WIDTH="127" HEIGHT="39" CONTENT="tous" WC="0.98" CC="0160"/>
						<SP ID="P40_SP00053" HPOS="1929" VPOS="1656" WIDTH="50"/>
						<String ID="P40_ST00060" HPOS="1979" VPOS="1577" WIDTH="77" HEIGHT="50" CONTENT="les" WC="0.96" CC="440"/>
						<SP ID="P40_SP00054" HPOS="2056" VPOS="1656" WIDTH="46"/>
						<String ID="P40_ST00061" HPOS="2102" VPOS="1573" WIDTH="279" HEIGHT="52" CONTENT="incidents" WC="1.00" CC="020000000"/>
					</TextLine>
					<TextLine ID="P40_TL00008" HPOS="399" VPOS="1649" WIDTH="1985" HEIGHT="82">
						<String ID="P40_ST00062" HPOS="399" VPOS="1668" WIDTH="65" HEIGHT="51" CONTENT="de" WC="0.91" CC="01"/>
						<SP ID="P40_SP00055" HPOS="464" VPOS="1719" WIDTH="33"/>
						<String ID="P40_ST00063" HPOS="497" VPOS="1667" WIDTH="51" HEIGHT="50" CONTENT="la" WC="0.99" CC="00"/>
						<SP ID="P40_SP00056" HPOS="548" VPOS="1719" WIDTH="24"/>
						<String ID="P40_ST00064" HPOS="572" VPOS="1666" WIDTH="86" HEIGHT="51" CONTENT="vie" WC="0.99" CC="003"/>
						<SP ID="P40_SP00057" HPOS="658" VPOS="1719" WIDTH="23"/>
						<String ID="P40_ST00065" HPOS="681" VPOS="1667" WIDTH="66" HEIGHT="50" CONTENT="de" WC="0.88" CC="02"/>
						<SP ID="P40_SP00058" HPOS="747" VPOS="1719" WIDTH="34"/>
						<String ID="P40_ST00066" HPOS="781" VPOS="1681" WIDTH="103" HEIGHT="34" CONTENT="son" WC="0.99" CC="030"/>
						<SP ID="P40_SP00059" HPOS="884" VPOS="1719" WIDTH="33"/>
						<String ID="P40_ST00067" HPOS="917" VPOS="1665" WIDTH="163" HEIGHT="49" CONTENT="héros" WC="0.99" CC="00800"/>
						<SP ID="P40_SP00060" HPOS="1080" VPOS="1719" WIDTH="29"/>
						<String ID="P40_ST00068" HPOS="1109" VPOS="1677" WIDTH="143" HEIGHT="54" CONTENT="pour" WC="0.97" CC="0337"/>
						<SP ID="P40_SP00061" HPOS="1252" VPOS="1731" WIDTH="32"/>
						<String ID="P40_ST00069" HPOS="1284" VPOS="1676" WIDTH="145" HEIGHT="34" CONTENT="nous" WC="0.98" CC="0060"/>
						<SP ID="P40_SP00062" HPOS="1429" VPOS="1731" WIDTH="27"/>
						<String ID="P40_ST00070" HPOS="1456" VPOS="1672" WIDTH="232" HEIGHT="54" CONTENT="exposer" WC="1.00" CC="0000006"/>
						<SP ID="P40_SP00063" HPOS="1688" VPOS="1731" WIDTH="28"/>
						<String ID="P40_ST00071" HPOS="1716" VPOS="1672" WIDTH="85" HEIGHT="33" CONTENT="ses" WC="1.00" CC="000"/>
						<SP ID="P40_SP00064" HPOS="1801" VPOS="1731" WIDTH="27"/>
						<String ID="P40_ST00072" HPOS="1828" VPOS="1654" WIDTH="189" HEIGHT="51" CONTENT="chères" WC="0.99" CC="104700"/>
						<SP ID="P40_SP00065" HPOS="2017" VPOS="1731" WIDTH="24"/>
						<String ID="P40_ST00073" HPOS="2041" VPOS="1649" WIDTH="264" HEIGHT="54" CONTENT="théories." WC="0.99" CC="002073004"/>
						<SP ID="P40_SP00066" HPOS="2305" VPOS="1731" WIDTH="29"/>
						<String ID="P40_ST00074" HPOS="2334" VPOS="1651" WIDTH="50" HEIGHT="49" CONTENT="A" WC="0.38" CC="6"/>
					</TextLine>
					<TextLine ID="P40_TL00009" HPOS="398" VPOS="1726" WIDTH="1986" HEIGHT="78">
						<String ID="P40_ST00075" HPOS="398" VPOS="1743" WIDTH="51" HEIGHT="51" CONTENT="la" WC="0.98" CC="00"/>
						<SP ID="P40_SP00067" HPOS="449" VPOS="1794" WIDTH="21"/>
						<String ID="P40_ST00076" HPOS="470" VPOS="1743" WIDTH="75" HEIGHT="50" CONTENT="fin" WC="1.00" CC="000"/>
						<SP ID="P40_SP00068" HPOS="545" VPOS="1794" WIDTH="25"/>
						<String ID="P40_ST00077" HPOS="570" VPOS="1742" WIDTH="66" HEIGHT="50" CONTENT="de" WC="1.00" CC="00"/>
						<SP ID="P40_SP00069" HPOS="636" VPOS="1794" WIDTH="27"/>
						<String ID="P40_ST00078" HPOS="663" VPOS="1757" WIDTH="104" HEIGHT="35" CONTENT="son" WC="0.96" CC="019"/>
						<SP ID="P40_SP00070" HPOS="767" VPOS="1794" WIDTH="29"/>
						<String ID="P40_ST00079" HPOS="796" VPOS="1741" WIDTH="248" HEIGHT="62" CONTENT="volume," WC="0.99" CC="0506007"/>
						<SP ID="P40_SP00071" HPOS="1044" VPOS="1803" WIDTH="24"/>
						<String ID="P40_ST00080" HPOS="1068" VPOS="1737" WIDTH="47" HEIGHT="67" CONTENT="je" WC="0.73" CC="40"/>
						<SP ID="P40_SP00072" HPOS="1115" VPOS="1804" WIDTH="27"/>
						<String ID="P40_ST00081" HPOS="1142" VPOS="1734" WIDTH="207" HEIGHT="54" CONTENT="n'avais" WC="1.00" CC="0400000"/>
						<SP ID="P40_SP00073" HPOS="1349" VPOS="1804" WIDTH="25"/>
						<String ID="P40_ST00082" HPOS="1374" VPOS="1738" WIDTH="278" HEIGHT="66" CONTENT="peut-être" WC="0.99" CC="005030060"/>
						<SP ID="P40_SP00074" HPOS="1652" VPOS="1804" WIDTH="26"/>
						<String ID="P40_ST00083" HPOS="1678" VPOS="1750" WIDTH="99" HEIGHT="50" CONTENT="pas" WC="1.00" CC="000"/>
						<SP ID="P40_SP00075" HPOS="1777" VPOS="1804" WIDTH="25"/>
						<String ID="P40_ST00084" HPOS="1802" VPOS="1729" WIDTH="191" HEIGHT="70" CONTENT="appris" WC="0.99" CC="600700"/>
						<SP ID="P40_SP00076" HPOS="1993" VPOS="1804" WIDTH="28"/>
						<String ID="P40_ST00085" HPOS="2021" VPOS="1726" WIDTH="363" HEIGHT="72" CONTENT="grand'chose" WC="0.76" CC="06060305400"/>
					</TextLine>
					<TextLine ID="P40_TL00010" HPOS="399" VPOS="1799" WIDTH="1990" HEIGHT="78">
						<String ID="P40_ST00086" HPOS="399" VPOS="1818" WIDTH="66" HEIGHT="51" CONTENT="de" WC="1.00" CC="00"/>
						<SP ID="P40_SP00077" HPOS="465" VPOS="1869" WIDTH="27"/>
						<String ID="P40_ST00087" HPOS="492" VPOS="1817" WIDTH="137" HEIGHT="51" CONTENT="neuf" WC="0.99" CC="0050"/>
						<SP ID="P40_SP00078" HPOS="629" VPOS="1869" WIDTH="16"/>
						<String ID="P40_ST00088" HPOS="645" VPOS="1834" WIDTH="97" HEIGHT="34" CONTENT="sur" WC="0.96" CC="036"/>
						<SP ID="P40_SP00079" HPOS="742" VPOS="1869" WIDTH="25"/>
						<String ID="P40_ST00089" HPOS="767" VPOS="1816" WIDTH="236" HEIGHT="52" CONTENT="l'auteur" WC="0.99" CC="00050057"/>
						<SP ID="P40_SP00080" HPOS="1003" VPOS="1869" WIDTH="26"/>
						<String ID="P40_ST00090" HPOS="1029" VPOS="1814" WIDTH="33" HEIGHT="50" CONTENT="d" WC="1.00" CC="0"/>
						<String ID="P40_ST00091" HPOS="1068" VPOS="1811" WIDTH="263" HEIGHT="66" CONTENT="'Armide," WC="0.72" CC="40050047" STYLEREFS="TXT_2"/>
						<SP ID="P40_SP00081" HPOS="1331" VPOS="1877" WIDTH="43"/>
						<String ID="P40_ST00092" HPOS="1374" VPOS="1809" WIDTH="143" HEIGHT="52" CONTENT="mais" WC="0.98" CC="0054"/>
						<SP ID="P40_SP00082" HPOS="1517" VPOS="1877" WIDTH="31"/>
						<String ID="P40_ST00093" HPOS="1548" VPOS="1807" WIDTH="190" HEIGHT="68" CONTENT="j'avais" WC="1.00" CC="3200010"/>
						<SP ID="P40_SP00083" HPOS="1738" VPOS="1877" WIDTH="26"/>
						<String ID="P40_ST00094" HPOS="1764" VPOS="1806" WIDTH="98" HEIGHT="50" CONTENT="fait" WC="1.00" CC="2000"/>
						<SP ID="P40_SP00084" HPOS="1862" VPOS="1877" WIDTH="27"/>
						<String ID="P40_ST00095" HPOS="1889" VPOS="1804" WIDTH="183" HEIGHT="69" CONTENT="ample" WC="1.00" CC="00010"/>
						<SP ID="P40_SP00085" HPOS="2072" VPOS="1877" WIDTH="55"/>
						<String ID="P40_ST00096" HPOS="2127" VPOS="1799" WIDTH="230" HEIGHT="55" CONTENT="connais" SUBS_TYPE="HypPart1" SUBS_CONTENT="connaissance" WC="0.99" CC="0260412"/>
						<HYP HPOS="2357" VPOS="1799" WIDTH="32" CONTENT="-"/>
					</TextLine>
					<TextLine ID="P40_TL00011" HPOS="400" VPOS="1877" WIDTH="1981" HEIGHT="77">
						<String ID="P40_ST00097" HPOS="400" VPOS="1911" WIDTH="163" HEIGHT="34" CONTENT="sance" SUBS_TYPE="HypPart2" SUBS_CONTENT="connaissance" WC="1.00" CC="00002"/>
						<SP ID="P40_SP00086" HPOS="563" VPOS="1945" WIDTH="32"/>
						<String ID="P40_ST00098" HPOS="595" VPOS="1910" WIDTH="129" HEIGHT="34" CONTENT="avec" WC="0.98" CC="4003"/>
						<SP ID="P40_SP00087" HPOS="724" VPOS="1945" WIDTH="20"/>
						<String ID="P40_ST00099" HPOS="744" VPOS="1891" WIDTH="144" HEIGHT="52" CONTENT="celui" WC="0.98" CC="40460"/>
						<SP ID="P40_SP00088" HPOS="888" VPOS="1945" WIDTH="33"/>
						<String ID="P40_ST00100" HPOS="921" VPOS="1892" WIDTH="96" HEIGHT="49" CONTENT="des" WC="1.00" CC="000"/>
						<SP ID="P40_SP00089" HPOS="1017" VPOS="1945" WIDTH="26"/>
						<String ID="P40_ST00101" HPOS="1043" VPOS="1889" WIDTH="204" HEIGHT="51" CONTENT="Chants" WC="0.97" CC="309454" STYLEREFS="TXT_2"/>
						<SP ID="P40_SP00090" HPOS="1247" VPOS="1945" WIDTH="27"/>
						<String ID="P40_ST00102" HPOS="1274" VPOS="1886" WIDTH="65" HEIGHT="52" CONTENT="de" WC="0.71" CC="05" STYLEREFS="TXT_2"/>
						<SP ID="P40_SP00091" HPOS="1339" VPOS="1945" WIDTH="21"/>
						<String ID="P40_ST00103" HPOS="1360" VPOS="1884" WIDTH="54" HEIGHT="52" CONTENT="la" WC="0.67" CC="06" STYLEREFS="TXT_2"/>
						<SP ID="P40_SP00092" HPOS="1414" VPOS="1945" WIDTH="19"/>
						<String ID="P40_ST00104" HPOS="1433" VPOS="1884" WIDTH="221" HEIGHT="70" CONTENT="Jungle." WC="0.99" CC="0007067" STYLEREFS="TXT_2"/>
						<SP ID="P40_SP00093" HPOS="1654" VPOS="1954" WIDTH="28"/>
						<String ID="P40_ST00105" HPOS="1682" VPOS="1883" WIDTH="62" HEIGHT="51" CONTENT="Je" WC="0.63" CC="07"/>
						<SP ID="P40_SP00094" HPOS="1744" VPOS="1954" WIDTH="30"/>
						<String ID="P40_ST00106" HPOS="1774" VPOS="1898" WIDTH="70" HEIGHT="35" CONTENT="ne" WC="1.00" CC="00"/>
						<SP ID="P40_SP00095" HPOS="1844" VPOS="1954" WIDTH="27"/>
						<String ID="P40_ST00107" HPOS="1871" VPOS="1882" WIDTH="146" HEIGHT="49" CONTENT="m'en" WC="1.00" CC="0000"/>
						<SP ID="P40_SP00096" HPOS="2017" VPOS="1954" WIDTH="27"/>
						<String ID="P40_ST00108" HPOS="2044" VPOS="1877" WIDTH="183" HEIGHT="71" CONTENT="plains" WC="1.00" CC="010030"/>
						<SP ID="P40_SP00097" HPOS="2227" VPOS="1954" WIDTH="30"/>
						<String ID="P40_ST00109" HPOS="2257" VPOS="1889" WIDTH="124" HEIGHT="58" CONTENT="pas'" WC="0.99" CC="0402"/>
					</TextLine>
					<TextLine ID="P40_TL00012" HPOS="400" VPOS="1953" WIDTH="1987" HEIGHT="75">
						<String ID="P40_ST00110" HPOS="400" VPOS="1969" WIDTH="49" HEIGHT="51" CONTENT="le" WC="0.71" CC="50"/>
						<SP ID="P40_SP00098" HPOS="449" VPOS="2020" WIDTH="26"/>
						<String ID="P40_ST00111" HPOS="475" VPOS="1971" WIDTH="313" HEIGHT="49" CONTENT="tête-à-tête" WC="0.99" CC="04004730400"/>
						<SP ID="P40_SP00099" HPOS="788" VPOS="2020" WIDTH="14"/>
						<String ID="P40_ST00112" HPOS="802" VPOS="1985" WIDTH="128" HEIGHT="33" CONTENT="avec" WC="0.99" CC="0005"/>
						<SP ID="P40_SP00100" HPOS="930" VPOS="2020" WIDTH="23"/>
						<String ID="P40_ST00113" HPOS="953" VPOS="1967" WIDTH="77" HEIGHT="51" CONTENT="M." WC="0.78" CC="04"/>
						<SP ID="P40_SP00101" HPOS="1030" VPOS="2020" WIDTH="22"/>
						<String ID="P40_ST00114" HPOS="1052" VPOS="1966" WIDTH="141" HEIGHT="49" CONTENT="Jean" WC="0.98" CC="0055"/>
						<SP ID="P40_SP00102" HPOS="1193" VPOS="2020" WIDTH="24"/>
						<String ID="P40_ST00115" HPOS="1217" VPOS="1961" WIDTH="246" HEIGHT="54" CONTENT="d'Udine" WC="0.92" CC="0000500"/>
						<SP ID="P40_SP00103" HPOS="1463" VPOS="2020" WIDTH="28"/>
						<String ID="P40_ST00116" HPOS="1491" VPOS="1972" WIDTH="83" HEIGHT="39" CONTENT="est" WC="1.00" CC="000"/>
						<SP ID="P40_SP00104" HPOS="1574" VPOS="2020" WIDTH="33"/>
						<String ID="P40_ST00117" HPOS="1607" VPOS="1958" WIDTH="151" HEIGHT="70" CONTENT="plein" WC="0.99" CC="00060"/>
						<SP ID="P40_SP00105" HPOS="1758" VPOS="2028" WIDTH="24"/>
						<String ID="P40_ST00118" HPOS="1782" VPOS="1957" WIDTH="395" HEIGHT="68" CONTENT="d'agréments," WC="1.00" CC="000944000002"/>
						<SP ID="P40_SP00106" HPOS="2177" VPOS="2028" WIDTH="25"/>
						<String ID="P40_ST00119" HPOS="2202" VPOS="1966" WIDTH="51" HEIGHT="38" CONTENT="et" WC="1.00" CC="00"/>
						<SP ID="P40_SP00107" HPOS="2253" VPOS="2028" WIDTH="20"/>
						<String ID="P40_ST00120" HPOS="2273" VPOS="1953" WIDTH="114" HEIGHT="51" CONTENT="l'on" WC="0.97" CC="2009"/>
					</TextLine>
					<TextLine ID="P40_TL00013" HPOS="400" VPOS="2028" WIDTH="1984" HEIGHT="85">
						<String ID="P40_ST00121" HPOS="400" VPOS="2062" WIDTH="69" HEIGHT="34" CONTENT="ne" WC="0.69" CC="60"/>
						<SP ID="P40_SP00108" HPOS="469" VPOS="2096" WIDTH="26"/>
						<String ID="P40_ST00122" HPOS="495" VPOS="2043" WIDTH="211" HEIGHT="53" CONTENT="saurait" WC="0.99" CC="0055000"/>
						<SP ID="P40_SP00109" HPOS="706" VPOS="2096" WIDTH="21"/>
						<String ID="P40_ST00123" HPOS="727" VPOS="2060" WIDTH="194" HEIGHT="53" CONTENT="passer" WC="0.99" CC="030006"/>
						<SP ID="P40_SP00110" HPOS="921" VPOS="2113" WIDTH="18"/>
						<String ID="P40_ST00124" HPOS="939" VPOS="2054" WIDTH="124" HEIGHT="39" CONTENT="cent" WC="1.00" CC="0000"/>
						<SP ID="P40_SP00111" HPOS="1063" VPOS="2113" WIDTH="19"/>
						<String ID="P40_ST00125" HPOS="1082" VPOS="2038" WIDTH="158" HEIGHT="70" CONTENT="vingt" WC="0.99" CC="00800"/>
						<SP ID="P40_SP00112" HPOS="1240" VPOS="2113" WIDTH="19"/>
						<String ID="P40_ST00126" HPOS="1259" VPOS="2054" WIDTH="166" HEIGHT="53" CONTENT="pages" WC="1.00" CC="04000"/>
						<SP ID="P40_SP00113" HPOS="1425" VPOS="2113" WIDTH="24"/>
						<String ID="P40_ST00127" HPOS="1449" VPOS="2053" WIDTH="68" HEIGHT="35" CONTENT="en" WC="1.00" CC="00"/>
						<SP ID="P40_SP00114" HPOS="1517" VPOS="2113" WIDTH="22"/>
						<String ID="P40_ST00128" HPOS="1539" VPOS="2035" WIDTH="126" HEIGHT="69" CONTENT="plus" WC="0.98" CC="0260"/>
						<SP ID="P40_SP00115" HPOS="1665" VPOS="2113" WIDTH="20"/>
						<String ID="P40_ST00129" HPOS="1685" VPOS="2034" WIDTH="324" HEIGHT="52" CONTENT="charmante" WC="1.00" CC="000500000"/>
						<SP ID="P40_SP00116" HPOS="2009" VPOS="2113" WIDTH="22"/>
						<String ID="P40_ST00130" HPOS="2031" VPOS="2028" WIDTH="353" HEIGHT="71" CONTENT="compagnie." WC="1.00" CC="0400070002"/>
					</TextLine>
					<TextLine ID="P40_TL00014" HPOS="398" VPOS="2109" WIDTH="1991" HEIGHT="78">
						<String ID="P40_ST00131" HPOS="398" VPOS="2122" WIDTH="172" HEIGHT="52" CONTENT="Aussi" WC="0.99" CC="35000"/>
						<SP ID="P40_SP00117" HPOS="570" VPOS="2174" WIDTH="31"/>
						<String ID="P40_ST00132" HPOS="601" VPOS="2121" WIDTH="128" HEIGHT="52" CONTENT="bien" WC="1.00" CC="0100"/>
						<SP ID="P40_SP00118" HPOS="729" VPOS="2174" WIDTH="33"/>
						<String ID="P40_ST00133" HPOS="762" VPOS="2119" WIDTH="37" HEIGHT="52" CONTENT="il" WC="0.94" CC="10"/>
						<SP ID="P40_SP00119" HPOS="799" VPOS="2174" WIDTH="31"/>
						<String ID="P40_ST00134" HPOS="830" VPOS="2119" WIDTH="119" HEIGHT="51" CONTENT="faut" WC="0.99" CC="0060"/>
						<SP ID="P40_SP00120" HPOS="949" VPOS="2174" WIDTH="30"/>
						<String ID="P40_ST00135" HPOS="979" VPOS="2115" WIDTH="271" HEIGHT="72" CONTENT="posséder" WC="1.00" CC="00300004"/>
						<SP ID="P40_SP00121" HPOS="1250" VPOS="2187" WIDTH="23"/>
						<String ID="P40_ST00136" HPOS="1273" VPOS="2131" WIDTH="109" HEIGHT="34" CONTENT="une" WC="0.99" CC="300"/>
						<SP ID="P40_SP00122" HPOS="1382" VPOS="2187" WIDTH="34"/>
						<String ID="P40_ST00137" HPOS="1416" VPOS="2110" WIDTH="383" HEIGHT="71" CONTENT="personnalité" WC="0.99" CC="005015040026"/>
						<SP ID="P40_SP00123" HPOS="1799" VPOS="2187" WIDTH="53"/>
						<String ID="P40_ST00138" HPOS="1852" VPOS="2109" WIDTH="338" HEIGHT="67" CONTENT="vigoureuse" WC="0.99" CC="0002650600"/>
						<SP ID="P40_SP00124" HPOS="2190" VPOS="2187" WIDTH="54"/>
						<String ID="P40_ST00139" HPOS="2244" VPOS="2119" WIDTH="145" HEIGHT="55" CONTENT="pour" WC="0.97" CC="0075"/>
					</TextLine>
					<TextLine ID="P40_TL00015" HPOS="403" VPOS="2183" WIDTH="1986" HEIGHT="84">
						<String ID="P40_ST00140" HPOS="403" VPOS="2198" WIDTH="397" HEIGHT="69" CONTENT="transparaître" WC="1.00" CC="0640000602060"/>
						<SP ID="P40_SP00125" HPOS="800" VPOS="2267" WIDTH="35"/>
						<String ID="P40_ST00141" HPOS="835" VPOS="2194" WIDTH="142" HEIGHT="52" CONTENT="ainsi" WC="1.00" CC="00002"/>
						<SP ID="P40_SP00126" HPOS="977" VPOS="2267" WIDTH="28"/>
						<String ID="P40_ST00142" HPOS="1005" VPOS="2211" WIDTH="129" HEIGHT="34" CONTENT="sous" WC="1.00" CC="0010"/>
						<SP ID="P40_SP00127" HPOS="1134" VPOS="2267" WIDTH="27"/>
						<String ID="P40_ST00143" HPOS="1161" VPOS="2190" WIDTH="213" HEIGHT="68" CONTENT="chaque" WC="0.99" CC="040061"/>
						<SP ID="P40_SP00128" HPOS="1374" VPOS="2267" WIDTH="35"/>
						<String ID="P40_ST00144" HPOS="1409" VPOS="2206" WIDTH="137" HEIGHT="52" CONTENT="page" WC="0.98" CC="0700"/>
						<SP ID="P40_SP00129" HPOS="1546" VPOS="2267" WIDTH="25"/>
						<String ID="P40_ST00145" HPOS="1571" VPOS="2189" WIDTH="74" HEIGHT="51" CONTENT="du" WC="0.67" CC="06"/>
						<SP ID="P40_SP00130" HPOS="1645" VPOS="2267" WIDTH="42"/>
						<String ID="P40_ST00146" HPOS="1687" VPOS="2187" WIDTH="152" HEIGHT="50" CONTENT="récit." WC="0.99" CC="500033"/>
						<SP ID="P40_SP00131" HPOS="1839" VPOS="2267" WIDTH="40"/>
						<String ID="P40_ST00147" HPOS="1879" VPOS="2183" WIDTH="151" HEIGHT="54" CONTENT="C'est" WC="0.98" CC="43205"/>
						<SP ID="P40_SP00132" HPOS="2030" VPOS="2267" WIDTH="38"/>
						<String ID="P40_ST00148" HPOS="2068" VPOS="2184" WIDTH="145" HEIGHT="51" CONTENT="donc" WC="1.00" CC="0000"/>
						<SP ID="P40_SP00133" HPOS="2213" VPOS="2267" WIDTH="45"/>
						<String ID="P40_ST00149" HPOS="2258" VPOS="2197" WIDTH="131" HEIGHT="35" CONTENT="avec" WC="1.00" CC="0000"/>
					</TextLine>
					<TextLine ID="P40_TL00016" HPOS="403" VPOS="2256" WIDTH="1985" HEIGHT="87">
						<String ID="P40_ST00150" HPOS="403" VPOS="2291" WIDTH="109" HEIGHT="35" CONTENT="une" WC="0.95" CC="660"/>
						<SP ID="P40_SP00134" HPOS="512" VPOS="2326" WIDTH="27"/>
						<String ID="P40_ST00151" HPOS="539" VPOS="2269" WIDTH="534" HEIGHT="74" CONTENT="quasi-admiration" WC="1.00" CC="0700330000630000"/>
						<SP ID="P40_SP00135" HPOS="1073" VPOS="2343" WIDTH="33"/>
						<String ID="P40_ST00152" HPOS="1106" VPOS="2284" WIDTH="145" HEIGHT="52" CONTENT="pour" WC="0.98" CC="0207"/>
						<SP ID="P40_SP00136" HPOS="1251" VPOS="2343" WIDTH="23"/>
						<String ID="P40_ST00153" HPOS="1274" VPOS="2282" WIDTH="102" HEIGHT="35" CONTENT="son" WC="1.00" CC="000"/>
						<SP ID="P40_SP00137" HPOS="1376" VPOS="2343" WIDTH="24"/>
						<String ID="P40_ST00154" HPOS="1400" VPOS="2265" WIDTH="167" HEIGHT="51" CONTENT="afflux" WC="0.97" CC="037769"/>
						<SP ID="P40_SP00138" HPOS="1567" VPOS="2343" WIDTH="38"/>
						<String ID="P40_ST00155" HPOS="1605" VPOS="2263" WIDTH="207" HEIGHT="52" CONTENT="d'idées" WC="0.99" CC="0300150"/>
						<SP ID="P40_SP00139" HPOS="1812" VPOS="2343" WIDTH="35"/>
						<String ID="P40_ST00156" HPOS="1847" VPOS="2279" WIDTH="106" HEIGHT="51" CONTENT="que" WC="0.95" CC="850"/>
						<SP ID="P40_SP00140" HPOS="1953" VPOS="2343" WIDTH="27"/>
						<String ID="P40_ST00157" HPOS="1980" VPOS="2256" WIDTH="408" HEIGHT="72" CONTENT="j'entreprends" WC="1.00" CC="7000400071000"/>
					</TextLine>
					<TextLine ID="P40_TL00017" HPOS="404" VPOS="2335" WIDTH="1986" HEIGHT="71">
						<String ID="P40_ST00158" HPOS="404" VPOS="2349" WIDTH="65" HEIGHT="52" CONTENT="de" WC="1.00" CC="00"/>
						<SP ID="P40_SP00141" HPOS="469" VPOS="2401" WIDTH="40"/>
						<String ID="P40_ST00159" HPOS="509" VPOS="2349" WIDTH="261" HEIGHT="51" CONTENT="chicaner" WC="0.99" CC="20110006"/>
						<SP ID="P40_SP00142" HPOS="770" VPOS="2401" WIDTH="38"/>
						<String ID="P40_ST00160" HPOS="808" VPOS="2348" WIDTH="47" HEIGHT="51" CONTENT="le" WC="0.81" CC="30"/>
						<SP ID="P40_SP00143" HPOS="855" VPOS="2401" WIDTH="34"/>
						<String ID="P40_ST00161" HPOS="889" VPOS="2361" WIDTH="310" HEIGHT="36" CONTENT="savoureux" WC="0.99" CC="000156059"/>
						<SP ID="P40_SP00144" HPOS="1199" VPOS="2401" WIDTH="32"/>
						<String ID="P40_ST00162" HPOS="1231" VPOS="2340" WIDTH="241" HEIGHT="52" CONTENT="écrivain" WC="1.00" CC="00300000"/>
						<SP ID="P40_SP00145" HPOS="1472" VPOS="2401" WIDTH="43"/>
						<String ID="P40_ST00163" HPOS="1515" VPOS="2355" WIDTH="96" HEIGHT="36" CONTENT="sur" WC="0.98" CC="004"/>
						<SP ID="P40_SP00146" HPOS="1611" VPOS="2401" WIDTH="38"/>
						<String ID="P40_ST00164" HPOS="1649" VPOS="2339" WIDTH="78" HEIGHT="51" CONTENT="les" WC="0.98" CC="300"/>
						<SP ID="P40_SP00147" HPOS="1727" VPOS="2401" WIDTH="50"/>
						<String ID="P40_ST00165" HPOS="1777" VPOS="2335" WIDTH="352" HEIGHT="71" CONTENT="aphorismes" WC="0.86" CC="0046300000"/>
						<SP ID="P40_SP00148" HPOS="2129" VPOS="2406" WIDTH="33"/>
						<String ID="P40_ST00166" HPOS="2162" VPOS="2348" WIDTH="196" HEIGHT="54" CONTENT="person" SUBS_TYPE="HypPart1" SUBS_CONTENT="personnels" WC="0.99" CC="006010"/>
						<HYP HPOS="2358" VPOS="2348" WIDTH="32" CONTENT="-"/>
					</TextLine>
					<TextLine ID="P40_TL00018" HPOS="404" VPOS="2414" WIDTH="1295" HEIGHT="71">
						<String ID="P40_ST00167" HPOS="404" VPOS="2425" WIDTH="121" HEIGHT="52" CONTENT="nels" SUBS_TYPE="HypPart2" SUBS_CONTENT="personnels" WC="0.98" CC="6050"/>
						<SP ID="P40_SP00149" HPOS="525" VPOS="2477" WIDTH="43"/>
						<String ID="P40_ST00168" HPOS="568" VPOS="2427" WIDTH="137" HEIGHT="49" CONTENT="dont" WC="1.00" CC="0200"/>
						<SP ID="P40_SP00150" HPOS="705" VPOS="2477" WIDTH="32"/>
						<String ID="P40_ST00169" HPOS="737" VPOS="2424" WIDTH="37" HEIGHT="51" CONTENT="il" WC="0.66" CC="05"/>
						<SP ID="P40_SP00151" HPOS="774" VPOS="2477" WIDTH="38"/>
						<String ID="P40_ST00170" HPOS="812" VPOS="2441" WIDTH="29" HEIGHT="33" CONTENT="a" WC="1.00" CC="0"/>
						<SP ID="P40_SP00152" HPOS="841" VPOS="2477" WIDTH="30"/>
						<String ID="P40_ST00171" HPOS="871" VPOS="2422" WIDTH="164" HEIGHT="52" CONTENT="étoilé" WC="1.00" CC="000000"/>
						<SP ID="P40_SP00153" HPOS="1035" VPOS="2477" WIDTH="42"/>
						<String ID="P40_ST00172" HPOS="1077" VPOS="2437" WIDTH="102" HEIGHT="33" CONTENT="son" WC="0.99" CC="030"/>
						<SP ID="P40_SP00154" HPOS="1179" VPOS="2477" WIDTH="40"/>
						<String ID="P40_ST00173" HPOS="1219" VPOS="2418" WIDTH="163" HEIGHT="51" CONTENT="étude" WC="0.99" CC="50500"/>
						<SP ID="P40_SP00155" HPOS="1382" VPOS="2477" WIDTH="28"/>
						<String ID="P40_ST00174" HPOS="1410" VPOS="2414" WIDTH="289" HEIGHT="71" CONTENT="gluckiste." WC="0.91" CC="0000102021"/>
					</TextLine>
					<TextLine ID="P40_TL00019" HPOS="474" VPOS="2484" WIDTH="1916" HEIGHT="67">
						<String ID="P40_ST00175" HPOS="474" VPOS="2503" WIDTH="110" HEIGHT="48" CONTENT="Dès" WC="0.97" CC="620"/>
						<SP ID="P40_SP00156" HPOS="584" VPOS="2551" WIDTH="27"/>
						<String ID="P40_ST00176" HPOS="611" VPOS="2499" WIDTH="212" HEIGHT="52" CONTENT="l'abord" WC="1.00" CC="3000010"/>
						<SP ID="P40_SP00157" HPOS="823" VPOS="2551" WIDTH="22"/>
						<String ID="P40_ST00177" HPOS="845" VPOS="2516" WIDTH="143" HEIGHT="34" CONTENT="nous" WC="0.99" CC="0060"/>
						<SP ID="P40_SP00158" HPOS="988" VPOS="2551" WIDTH="35"/>
						<String ID="P40_ST00178" HPOS="1023" VPOS="2510" WIDTH="247" HEIGHT="37" CONTENT="sommes" WC="1.00" CC="020000"/>
						<SP ID="P40_SP00159" HPOS="1270" VPOS="2551" WIDTH="32"/>
						<String ID="P40_ST00179" HPOS="1302" VPOS="2494" WIDTH="131" HEIGHT="49" CONTENT="fixés" WC="1.00" CC="00010"/>
						<SP ID="P40_SP00160" HPOS="1433" VPOS="2551" WIDTH="34"/>
						<String ID="P40_ST00180" HPOS="1467" VPOS="2508" WIDTH="97" HEIGHT="34" CONTENT="sur" WC="0.95" CC="056"/>
						<SP ID="P40_SP00161" HPOS="1564" VPOS="2551" WIDTH="24"/>
						<String ID="P40_ST00181" HPOS="1588" VPOS="2508" WIDTH="58" HEIGHT="33" CONTENT="sa" WC="0.83" CC="03"/>
						<SP ID="P40_SP00162" HPOS="1646" VPOS="2551" WIDTH="31"/>
						<String ID="P40_ST00182" HPOS="1677" VPOS="2488" WIDTH="264" HEIGHT="53" CONTENT="méthode" WC="1.00" CC="0004001"/>
						<SP ID="P40_SP00163" HPOS="1941" VPOS="2551" WIDTH="48"/>
						<String ID="P40_ST00183" HPOS="1989" VPOS="2488" WIDTH="66" HEIGHT="50" CONTENT="de" WC="1.00" CC="00"/>
						<SP ID="P40_SP00164" HPOS="2055" VPOS="2551" WIDTH="55"/>
						<String ID="P40_ST00184" HPOS="2110" VPOS="2484" WIDTH="195" HEIGHT="53" CONTENT="travail" WC="1.00" CC="2500000"/>
						<SP ID="P40_SP00165" HPOS="2305" VPOS="2551" WIDTH="33"/>
						<String ID="P40_ST00185" HPOS="2338" VPOS="2494" WIDTH="52" HEIGHT="42" CONTENT="et" WC="0.93" CC="00"/>
					</TextLine>
					<TextLine ID="P40_TL00020" HPOS="407" VPOS="2560" WIDTH="1983" HEIGHT="71">
						<String ID="P40_ST00186" HPOS="407" VPOS="2593" WIDTH="101" HEIGHT="34" CONTENT="son" WC="0.99" CC="030"/>
						<SP ID="P40_SP00166" HPOS="508" VPOS="2627" WIDTH="32"/>
						<String ID="P40_ST00187" HPOS="540" VPOS="2575" WIDTH="203" HEIGHT="52" CONTENT="dédain" WC="1.00" CC="000020"/>
						<SP ID="P40_SP00167" HPOS="743" VPOS="2627" WIDTH="33"/>
						<String ID="P40_ST00188" HPOS="776" VPOS="2575" WIDTH="95" HEIGHT="51" CONTENT="des" WC="1.00" CC="000"/>
						<SP ID="P40_SP00168" HPOS="871" VPOS="2627" WIDTH="33"/>
						<String ID="P40_ST00189" HPOS="904" VPOS="2573" WIDTH="171" HEIGHT="50" CONTENT="fiches" WC="1.00" CC="000030"/>
						<SP ID="P40_SP00169" HPOS="1075" VPOS="2627" WIDTH="33"/>
						<String ID="P40_ST00190" HPOS="1108" VPOS="2566" WIDTH="470" HEIGHT="56" CONTENT="documentaires." WC="1.00" CC="00050001007003"/>
						<SP ID="P40_SP00170" HPOS="1578" VPOS="2627" WIDTH="25"/>
						<String ID="P40_ST00191" HPOS="1603" VPOS="2565" WIDTH="196" HEIGHT="52" CONTENT="Jeand" WC="0.94" CC="00200"/>
						<SP ID="P40_SP00171" HPOS="1799" VPOS="2627" WIDTH="24"/>
						<String ID="P40_ST00192" HPOS="1823" VPOS="2564" WIDTH="208" HEIGHT="65" CONTENT="Udine," WC="0.85" CC="003300"/>
						<SP ID="P40_SP00172" HPOS="2031" VPOS="2629" WIDTH="27"/>
						<String ID="P40_ST00193" HPOS="2058" VPOS="2560" WIDTH="97" HEIGHT="71" CONTENT="qui" WC="0.96" CC="074"/>
						<SP ID="P40_SP00173" HPOS="2155" VPOS="2631" WIDTH="33"/>
						<String ID="P40_ST00194" HPOS="2188" VPOS="2560" WIDTH="140" HEIGHT="52" CONTENT="tient" WC="0.98" CC="85200"/>
						<SP ID="P40_SP00174" HPOS="2328" VPOS="2631" WIDTH="33"/>
						<String ID="P40_ST00195" HPOS="2361" VPOS="2561" WIDTH="29" HEIGHT="48" CONTENT="à" WC="0.33" CC="6"/>
					</TextLine>
					<TextLine ID="P40_TL00021" HPOS="404" VPOS="2637" WIDTH="1984" HEIGHT="83">
						<String ID="P40_ST00196" HPOS="404" VPOS="2669" WIDTH="69" HEIGHT="34" CONTENT="ne" WC="0.56" CC="80"/>
						<SP ID="P40_SP00175" HPOS="473" VPOS="2703" WIDTH="34"/>
						<String ID="P40_ST00197" HPOS="507" VPOS="2669" WIDTH="98" HEIGHT="51" CONTENT="pas" WC="1.00" CC="000"/>
						<SP ID="P40_SP00176" HPOS="605" VPOS="2720" WIDTH="26"/>
						<String ID="P40_ST00198" HPOS="631" VPOS="2667" WIDTH="195" HEIGHT="53" CONTENT="passer" WC="0.99" CC="006006"/>
						<SP ID="P40_SP00177" HPOS="826" VPOS="2720" WIDTH="26"/>
						<String ID="P40_ST00199" HPOS="852" VPOS="2665" WIDTH="143" HEIGHT="54" CONTENT="pour" WC="0.97" CC="0317"/>
						<SP ID="P40_SP00178" HPOS="995" VPOS="2720" WIDTH="24"/>
						<String ID="P40_ST00200" HPOS="1019" VPOS="2665" WIDTH="77" HEIGHT="35" CONTENT="un" WC="0.65" CC="60"/>
						<SP ID="P40_SP00179" HPOS="1096" VPOS="2720" WIDTH="33"/>
						<String ID="P40_ST00201" HPOS="1129" VPOS="2659" WIDTH="83" HEIGHT="39" CONTENT="rat" WC="0.97" CC="600"/>
						<SP ID="P40_SP00180" HPOS="1212" VPOS="2720" WIDTH="33"/>
						<String ID="P40_ST00202" HPOS="1245" VPOS="2646" WIDTH="66" HEIGHT="50" CONTENT="de" WC="1.00" CC="00"/>
						<SP ID="P40_SP00181" HPOS="1311" VPOS="2720" WIDTH="37"/>
						<String ID="P40_ST00203" HPOS="1348" VPOS="2643" WIDTH="409" HEIGHT="68" CONTENT="bibliothèque," WC="0.99" CC="0002025047630"/>
						<SP ID="P40_SP00182" HPOS="1757" VPOS="2720" WIDTH="25"/>
						<String ID="P40_ST00204" HPOS="1782" VPOS="2640" WIDTH="216" HEIGHT="52" CONTENT="déclare" WC="0.99" CC="0001070"/>
						<SP ID="P40_SP00183" HPOS="1998" VPOS="2720" WIDTH="30"/>
						<String ID="P40_ST00205" HPOS="2028" VPOS="2656" WIDTH="9" HEIGHT="37" CONTENT=":" WC="0.49" CC="5"/>
						<SP ID="P40_SP00184" HPOS="2037" VPOS="2720" WIDTH="33"/>
						<String ID="P40_ST00206" HPOS="2070" VPOS="2656" WIDTH="27" HEIGHT="32" CONTENT="«" WC="0.40" CC="5"/>
						<SP ID="P40_SP00185" HPOS="2097" VPOS="2720" WIDTH="37"/>
						<String ID="P40_ST00207" HPOS="2134" VPOS="2637" WIDTH="161" HEIGHT="52" CONTENT="Nous" WC="0.98" CC="0360"/>
						<SP ID="P40_SP00186" HPOS="2295" VPOS="2720" WIDTH="27"/>
						<String ID="P40_ST00208" HPOS="2322" VPOS="2651" WIDTH="66" HEIGHT="35" CONTENT="ne" WC="0.77" CC="04"/>
					</TextLine>
					<TextLine ID="P40_TL00022" HPOS="408" VPOS="2714" WIDTH="1982" HEIGHT="81">
						<String ID="P40_ST00209" HPOS="408" VPOS="2748" WIDTH="24" HEIGHT="29" CONTENT="«" WC="0.87" CC="1"/>
						<SP ID="P40_SP00187" HPOS="432" VPOS="2777" WIDTH="29"/>
						<String ID="P40_ST00210" HPOS="461" VPOS="2729" WIDTH="324" HEIGHT="49" CONTENT="donnerons" WC="1.00" CC="020006000"/>
						<SP ID="P40_SP00188" HPOS="785" VPOS="2778" WIDTH="27"/>
						<String ID="P40_ST00211" HPOS="812" VPOS="2744" WIDTH="98" HEIGHT="51" CONTENT="pas" WC="1.00" CC="000"/>
						<SP ID="P40_SP00189" HPOS="910" VPOS="2795" WIDTH="27"/>
						<String ID="P40_ST00212" HPOS="937" VPOS="2726" WIDTH="65" HEIGHT="51" CONTENT="de" WC="1.00" CC="00"/>
						<SP ID="P40_SP00190" HPOS="1002" VPOS="2795" WIDTH="23"/>
						<String ID="P40_ST00213" HPOS="1025" VPOS="2719" WIDTH="414" HEIGHT="71" CONTENT="bibliographie" WC="1.00" CC="0001410700000"/>
						<SP ID="P40_SP00191" HPOS="1439" VPOS="2795" WIDTH="22"/>
						<String ID="P40_ST00214" HPOS="1461" VPOS="2720" WIDTH="67" HEIGHT="51" CONTENT="de" WC="1.00" CC="00"/>
						<SP ID="P40_SP00192" HPOS="1528" VPOS="2795" WIDTH="25"/>
						<String ID="P40_ST00215" HPOS="1553" VPOS="2717" WIDTH="199" HEIGHT="54" CONTENT="Gluck." WC="1.00" CC="000002"/>
						<SP ID="P40_SP00193" HPOS="1752" VPOS="2795" WIDTH="44"/>
						<String ID="P40_ST00216" HPOS="1796" VPOS="2717" WIDTH="108" HEIGHT="50" CONTENT="Les" WC="1.00" CC="000"/>
						<SP ID="P40_SP00194" HPOS="1904" VPOS="2795" WIDTH="27"/>
						<String ID="P40_ST00217" HPOS="1931" VPOS="2730" WIDTH="273" HEIGHT="52" CONTENT="ouvrages" WC="0.99" CC="05030030"/>
						<SP ID="P40_SP00195" HPOS="2204" VPOS="2795" WIDTH="40"/>
						<String ID="P40_ST00218" HPOS="2244" VPOS="2714" WIDTH="117" HEIGHT="50" CONTENT="d'en" SUBS_TYPE="HypPart1" SUBS_CONTENT="d'en«" WC="0.84" CC="0020"/>
						<HYP HPOS="2361" VPOS="2714" WIDTH="29" CONTENT="-"/>
					</TextLine>
					<TextLine ID="P40_TL00023" HPOS="412" VPOS="2789" WIDTH="1978" HEIGHT="73">
						<String ID="P40_ST00219" HPOS="412" VPOS="2825" WIDTH="24" HEIGHT="27" CONTENT="«" SUBS_TYPE="HypPart2" SUBS_CONTENT="d'en«" WC="1.00" CC="0"/>
						<SP ID="P40_SP00196" HPOS="436" VPOS="2852" WIDTH="26"/>
						<String ID="P40_ST00220" HPOS="462" VPOS="2803" WIDTH="213" HEIGHT="52" CONTENT="semble" WC="1.00" CC="000001"/>
						<SP ID="P40_SP00197" HPOS="675" VPOS="2855" WIDTH="35"/>
						<String ID="P40_ST00221" HPOS="710" VPOS="2819" WIDTH="95" HEIGHT="34" CONTENT="sur" WC="0.97" CC="062"/>
						<SP ID="P40_SP00198" HPOS="805" VPOS="2855" WIDTH="27"/>
						<String ID="P40_ST00222" HPOS="832" VPOS="2801" WIDTH="265" HEIGHT="52" CONTENT="l'homme" WC="1.00" CC="0003000"/>
						<SP ID="P40_SP00199" HPOS="1097" VPOS="2855" WIDTH="28"/>
						<String ID="P40_ST00223" HPOS="1125" VPOS="2811" WIDTH="52" HEIGHT="39" CONTENT="et" WC="0.92" CC="01"/>
						<SP ID="P40_SP00200" HPOS="1177" VPOS="2855" WIDTH="27"/>
						<String ID="P40_ST00224" HPOS="1204" VPOS="2797" WIDTH="229" HEIGHT="53" CONTENT="l'œuvre" WC="0.99" CC="0404050"/>
						<SP ID="P40_SP00201" HPOS="1433" VPOS="2855" WIDTH="24"/>
						<String ID="P40_ST00225" HPOS="1457" VPOS="2808" WIDTH="128" HEIGHT="38" CONTENT="sont" WC="0.97" CC="0174"/>
						<SP ID="P40_SP00202" HPOS="1585" VPOS="2855" WIDTH="24"/>
						<String ID="P40_ST00226" HPOS="1609" VPOS="2797" WIDTH="113" HEIGHT="49" CONTENT="très" WC="1.00" CC="0200"/>
						<SP ID="P40_SP00203" HPOS="1722" VPOS="2855" WIDTH="23"/>
						<String ID="P40_ST00227" HPOS="1745" VPOS="2810" WIDTH="109" HEIGHT="52" CONTENT="peu" WC="0.98" CC="005"/>
						<SP ID="P40_SP00204" HPOS="1854" VPOS="2862" WIDTH="27"/>
						<String ID="P40_ST00228" HPOS="1881" VPOS="2790" WIDTH="335" HEIGHT="52" CONTENT="nombreux." WC="0.99" CC="120060603"/>
						<SP ID="P40_SP00205" HPOS="2216" VPOS="2862" WIDTH="45"/>
						<String ID="P40_ST00229" HPOS="2261" VPOS="2789" WIDTH="97" HEIGHT="50" CONTENT="Jus" SUBS_TYPE="HypPart1" SUBS_CONTENT="Jus«" WC="0.89" CC="000"/>
						<HYP HPOS="2358" VPOS="2789" WIDTH="32" CONTENT="-"/>
					</TextLine>
					<TextLine ID="P40_TL00024" HPOS="409" VPOS="2863" WIDTH="1979" HEIGHT="86">
						<String ID="P40_ST00230" HPOS="409" VPOS="2902" WIDTH="23" HEIGHT="25" CONTENT="«" SUBS_TYPE="HypPart2" SUBS_CONTENT="Jus«" WC="1.00" CC="0"/>
						<SP ID="P40_SP00206" HPOS="432" VPOS="2927" WIDTH="29"/>
						<String ID="P40_ST00231" HPOS="461" VPOS="2879" WIDTH="167" HEIGHT="70" CONTENT="qu'ici" WC="0.99" CC="050100"/>
						<SP ID="P40_SP00207" HPOS="628" VPOS="2949" WIDTH="26"/>
						<String ID="P40_ST00232" HPOS="654" VPOS="2879" WIDTH="113" HEIGHT="51" CONTENT="l'on" WC="0.97" CC="1453"/>
						<SP ID="P40_SP00208" HPOS="767" VPOS="2949" WIDTH="24"/>
						<String ID="P40_ST00233" HPOS="791" VPOS="2879" WIDTH="129" HEIGHT="51" CONTENT="n'en" WC="0.99" CC="0005"/>
						<SP ID="P40_SP00209" HPOS="920" VPOS="2949" WIDTH="26"/>
						<String ID="P40_ST00234" HPOS="946" VPOS="2876" WIDTH="146" HEIGHT="52" CONTENT="avait" WC="0.98" CC="07015"/>
						<SP ID="P40_SP00210" HPOS="1092" VPOS="2949" WIDTH="19"/>
						<String ID="P40_ST00235" HPOS="1111" VPOS="2874" WIDTH="191" HEIGHT="69" CONTENT="publié" WC="0.99" CC="060200"/>
						<SP ID="P40_SP00211" HPOS="1302" VPOS="2949" WIDTH="36"/>
						<String ID="P40_ST00236" HPOS="1338" VPOS="2872" WIDTH="175" HEIGHT="69" CONTENT="qu'un" WC="0.97" CC="76060"/>
						<SP ID="P40_SP00212" HPOS="1513" VPOS="2949" WIDTH="34"/>
						<String ID="P40_ST00237" HPOS="1547" VPOS="2870" WIDTH="119" HEIGHT="52" CONTENT="seul" WC="0.99" CC="0004"/>
						<SP ID="P40_SP00213" HPOS="1666" VPOS="2949" WIDTH="35"/>
						<String ID="P40_ST00238" HPOS="1701" VPOS="2886" WIDTH="68" HEIGHT="35" CONTENT="en" WC="1.00" CC="00"/>
						<SP ID="P40_SP00214" HPOS="1769" VPOS="2949" WIDTH="24"/>
						<String ID="P40_ST00239" HPOS="1793" VPOS="2870" WIDTH="214" HEIGHT="49" CONTENT="France" WC="1.00" CC="030030"/>
						<SP ID="P40_SP00215" HPOS="2007" VPOS="2949" WIDTH="24"/>
						<String ID="P40_ST00240" HPOS="2031" VPOS="2869" WIDTH="88" HEIGHT="67" CONTENT="(!)," WC="0.58" CC="6341"/>
						<SP ID="P40_SP00216" HPOS="2119" VPOS="2949" WIDTH="27"/>
						<String ID="P40_ST00241" HPOS="2146" VPOS="2881" WIDTH="79" HEIGHT="36" CONTENT="un" WC="0.34" CC="57"/>
						<SP ID="P40_SP00217" HPOS="2225" VPOS="2949" WIDTH="27"/>
						<String ID="P40_ST00242" HPOS="2252" VPOS="2863" WIDTH="136" HEIGHT="51" CONTENT="livre" WC="1.00" CC="00030"/>
					</TextLine>
					<TextLine ID="P40_TL00025" HPOS="409" VPOS="2941" WIDTH="1981" HEIGHT="83">
						<String ID="P40_ST00243" HPOS="409" VPOS="2978" WIDTH="23" HEIGHT="25" CONTENT="«" WC="1.00" CC="0"/>
						<SP ID="P40_SP00218" HPOS="432" VPOS="3003" WIDTH="27"/>
						<String ID="P40_ST00244" HPOS="459" VPOS="2959" WIDTH="110" HEIGHT="48" CONTENT="très" WC="0.97" CC="0750"/>
						<SP ID="P40_SP00219" HPOS="569" VPOS="3007" WIDTH="27"/>
						<String ID="P40_ST00245" HPOS="596" VPOS="2955" WIDTH="263" HEIGHT="69" CONTENT="complet," WC="1.00" CC="14003000"/>
						<SP ID="P40_SP00220" HPOS="859" VPOS="3024" WIDTH="43"/>
						<String ID="P40_ST00246" HPOS="902" VPOS="2952" WIDTH="302" HEIGHT="60" CONTENT="d'ailleurs," WC="0.99" CC="01040103663"/>
						<SP ID="P40_SP00221" HPOS="1204" VPOS="3024" WIDTH="37"/>
						<String ID="P40_ST00247" HPOS="1241" VPOS="2950" WIDTH="48" HEIGHT="51" CONTENT="le" WC="0.96" CC="00"/>
						<SP ID="P40_SP00222" HPOS="1289" VPOS="3024" WIDTH="26"/>
						<String ID="P40_ST00248" HPOS="1315" VPOS="2947" WIDTH="174" HEIGHT="52" CONTENT="Gluck" WC="0.98" CC="03800" STYLEREFS="TXT_2"/>
						<SP ID="P40_SP00223" HPOS="1489" VPOS="3024" WIDTH="25"/>
						<String ID="P40_ST00249" HPOS="1514" VPOS="2954" WIDTH="50" HEIGHT="44" CONTENT="et" WC="0.60" CC="43" STYLEREFS="TXT_2"/>
						<SP ID="P40_SP00224" HPOS="1564" VPOS="3024" WIDTH="22"/>
						<String ID="P40_ST00250" HPOS="1586" VPOS="2945" WIDTH="214" HEIGHT="53" CONTENT="Piccini" WC="1.00" CC="0000000" STYLEREFS="TXT_2"/>
						<String ID="P40_ST00251" HPOS="1809" VPOS="2987" WIDTH="10" HEIGHT="20" CONTENT="," WC="1.00" CC="0"/>
						<SP ID="P40_SP00225" HPOS="1819" VPOS="3024" WIDTH="34"/>
						<String ID="P40_ST00252" HPOS="1853" VPOS="2945" WIDTH="66" HEIGHT="51" CONTENT="de" WC="1.00" CC="00"/>
						<SP ID="P40_SP00226" HPOS="1919" VPOS="3024" WIDTH="37"/>
						<String ID="P40_ST00253" HPOS="1956" VPOS="2942" WIDTH="246" HEIGHT="54" CONTENT="Gustave" WC="1.00" CC="0501000"/>
						<SP ID="P40_SP00227" HPOS="2202" VPOS="3024" WIDTH="52"/>
						<String ID="P40_ST00254" HPOS="2254" VPOS="2941" WIDTH="102" HEIGHT="51" CONTENT="Des" SUBS_TYPE="HypPart1" SUBS_CONTENT="Des«" WC="0.74" CC="600"/>
						<HYP HPOS="2356" VPOS="2941" WIDTH="34" CONTENT="-"/>
					</TextLine>
					<TextLine ID="P40_TL00026" HPOS="409" VPOS="3016" WIDTH="1981" HEIGHT="72">
						<String ID="P40_ST00255" HPOS="409" VPOS="3054" WIDTH="22" HEIGHT="25" CONTENT="«" SUBS_TYPE="HypPart2" SUBS_CONTENT="Des«" WC="0.89" CC="1"/>
						<SP ID="P40_SP00228" HPOS="431" VPOS="3079" WIDTH="31"/>
						<String ID="P40_ST00256" HPOS="462" VPOS="3031" WIDTH="381" HEIGHT="52" CONTENT="noiresterres." WC="0.72" CC="0535006055004"/>
						<SP ID="P40_SP00229" HPOS="843" VPOS="3083" WIDTH="36"/>
						<String ID="P40_ST00257" HPOS="879" VPOS="3030" WIDTH="78" HEIGHT="53" CONTENT="Ce" WC="0.95" CC="00"/>
						<SP ID="P40_SP00230" HPOS="957" VPOS="3083" WIDTH="29"/>
						<String ID="P40_ST00258" HPOS="986" VPOS="3030" WIDTH="225" HEIGHT="49" CONTENT="volume" WC="0.99" CC="044500"/>
						<SP ID="P40_SP00231" HPOS="1211" VPOS="3083" WIDTH="35"/>
						<String ID="P40_ST00259" HPOS="1246" VPOS="3044" WIDTH="55" HEIGHT="32" CONTENT="se" WC="1.00" CC="00"/>
						<SP ID="P40_SP00232" HPOS="1301" VPOS="3083" WIDTH="26"/>
						<String ID="P40_ST00260" HPOS="1327" VPOS="3024" WIDTH="173" HEIGHT="52" CONTENT="réfère" WC="0.99" CC="602240"/>
						<SP ID="P40_SP00233" HPOS="1500" VPOS="3083" WIDTH="28"/>
						<String ID="P40_ST00261" HPOS="1528" VPOS="3040" WIDTH="128" HEIGHT="34" CONTENT="avec" WC="1.00" CC="0000"/>
						<SP ID="P40_SP00234" HPOS="1656" VPOS="3083" WIDTH="38"/>
						<String ID="P40_ST00262" HPOS="1694" VPOS="3022" WIDTH="291" HEIGHT="66" CONTENT="beaucoup" WC="0.99" CC="00070350"/>
						<SP ID="P40_SP00235" HPOS="1985" VPOS="3088" WIDTH="36"/>
						<String ID="P40_ST00263" HPOS="2021" VPOS="3020" WIDTH="66" HEIGHT="50" CONTENT="de" WC="1.00" CC="00"/>
						<SP ID="P40_SP00236" HPOS="2087" VPOS="3088" WIDTH="52"/>
						<String ID="P40_ST00264" HPOS="2139" VPOS="3016" WIDTH="123" HEIGHT="52" CONTENT="soin" WC="0.99" CC="0002"/>
						<SP ID="P40_SP00237" HPOS="2262" VPOS="3088" WIDTH="27"/>
						<String ID="P40_ST00265" HPOS="2289" VPOS="3031" WIDTH="101" HEIGHT="36" CONTENT="aux" WC="0.99" CC="030"/>
					</TextLine>
					<TextLine ID="P40_TL00027" HPOS="410" VPOS="3095" WIDTH="1681" HEIGHT="81">
						<String ID="P40_ST00266" HPOS="410" VPOS="3130" WIDTH="23" HEIGHT="26" CONTENT="«" WC="1.00" CC="0"/>
						<SP ID="P40_SP00238" HPOS="433" VPOS="3156" WIDTH="29"/>
						<String ID="P40_ST00267" HPOS="462" VPOS="3107" WIDTH="274" HEIGHT="69" CONTENT="quelques" WC="0.99" CC="06000602"/>
						<SP ID="P40_SP00239" HPOS="736" VPOS="3176" WIDTH="33"/>
						<String ID="P40_ST00268" HPOS="769" VPOS="3121" WIDTH="271" HEIGHT="52" CONTENT="ouvrages" WC="0.98" CC="36740900"/>
						<SP ID="P40_SP00240" HPOS="1040" VPOS="3176" WIDTH="24"/>
						<String ID="P40_ST00269" HPOS="1064" VPOS="3101" WIDTH="309" HEIGHT="52" CONTENT="allemands" WC="1.00" CC="000004000"/>
						<SP ID="P40_SP00241" HPOS="1373" VPOS="3176" WIDTH="27"/>
						<String ID="P40_ST00270" HPOS="1400" VPOS="3101" WIDTH="289" HEIGHT="50" CONTENT="consacrés" WC="1.00" CC="004000500"/>
						<SP ID="P40_SP00242" HPOS="1689" VPOS="3176" WIDTH="33"/>
						<String ID="P40_ST00271" HPOS="1722" VPOS="3101" WIDTH="30" HEIGHT="47" CONTENT="à" WC="0.43" CC="5"/>
						<SP ID="P40_SP00243" HPOS="1752" VPOS="3176" WIDTH="35"/>
						<String ID="P40_ST00272" HPOS="1787" VPOS="3097" WIDTH="238" HEIGHT="51" CONTENT="l'auteur" WC="0.99" CC="40040106"/>
						<SP ID="P40_SP00244" HPOS="2025" VPOS="3176" WIDTH="33"/>
						<String ID="P40_ST00273" HPOS="2058" VPOS="3095" WIDTH="33" HEIGHT="50" CONTENT="d" WC="1.00" CC="0"/>
					</TextLine>
					<TextLine ID="P40_TL00028" HPOS="410" VPOS="3197" WIDTH="207" HEIGHT="39">
						<String ID="P40_ST00274" HPOS="410" VPOS="3206" WIDTH="23" HEIGHT="27" CONTENT="«" WC="0.55" CC="4"/>
						<SP ID="P40_SP00245" HPOS="433" VPOS="3233" WIDTH="31"/>
						<String ID="P40_ST00275" HPOS="464" VPOS="3197" WIDTH="100" HEIGHT="39" CONTENT="etc." WC="0.98" CC="0440"/>
						<SP ID="P40_SP00246" HPOS="564" VPOS="3236" WIDTH="31"/>
						<String ID="P40_ST00276" HPOS="595" VPOS="3205" WIDTH="22" HEIGHT="26" CONTENT="»" WC="0.47" CC="5"/>
					</TextLine>
					<TextLine ID="P40_TL00029" HPOS="478" VPOS="3243" WIDTH="1910" HEIGHT="83">
						<String ID="P40_ST00277" HPOS="478" VPOS="3258" WIDTH="95" HEIGHT="55" CONTENT="On" WC="1.00" CC="00"/>
						<SP ID="P40_SP00247" HPOS="573" VPOS="3313" WIDTH="42"/>
						<String ID="P40_ST00278" HPOS="615" VPOS="3276" WIDTH="68" HEIGHT="33" CONTENT="ne" WC="0.82" CC="03"/>
						<SP ID="P40_SP00248" HPOS="683" VPOS="3313" WIDTH="35"/>
						<String ID="P40_ST00279" HPOS="718" VPOS="3270" WIDTH="132" HEIGHT="56" CONTENT="peut" WC="0.97" CC="0740"/>
						<SP ID="P40_SP00249" HPOS="850" VPOS="3326" WIDTH="25"/>
						<String ID="P40_ST00280" HPOS="875" VPOS="3256" WIDTH="277" HEIGHT="70" CONTENT="mépriser" WC="0.99" CC="00071068"/>
						<SP ID="P40_SP00250" HPOS="1152" VPOS="3326" WIDTH="33"/>
						<String ID="P40_ST00281" HPOS="1185" VPOS="3255" WIDTH="127" HEIGHT="68" CONTENT="plus" WC="0.99" CC="0050"/>
						<SP ID="P40_SP00251" HPOS="1312" VPOS="3326" WIDTH="51"/>
						<String ID="P40_ST00282" HPOS="1363" VPOS="3250" WIDTH="429" HEIGHT="53" CONTENT="cavalièrement" WC="1.00" CC="1000105720170"/>
						<SP ID="P40_SP00252" HPOS="1792" VPOS="3326" WIDTH="42"/>
						<String ID="P40_ST00283" HPOS="1834" VPOS="3248" WIDTH="76" HEIGHT="51" CONTENT="les" WC="0.98" CC="330"/>
						<SP ID="P40_SP00253" HPOS="1910" VPOS="3326" WIDTH="50"/>
						<String ID="P40_ST00284" HPOS="1960" VPOS="3247" WIDTH="145" HEIGHT="51" CONTENT="deux" WC="0.99" CC="0060"/>
						<SP ID="P40_SP00254" HPOS="2105" VPOS="3326" WIDTH="30"/>
						<String ID="P40_ST00285" HPOS="2135" VPOS="3243" WIDTH="253" HEIGHT="54" CONTENT="volumes" WC="0.98" CC="9345040"/>
					</TextLine>
					<TextLine ID="P40_TL00030" HPOS="408" VPOS="3318" WIDTH="1979" HEIGHT="81">
						<String ID="P40_ST00286" HPOS="408" VPOS="3337" WIDTH="122" HEIGHT="52" CONTENT="d'A." WC="0.86" CC="0004"/>
						<SP ID="P40_SP00255" HPOS="530" VPOS="3389" WIDTH="32"/>
						<String ID="P40_ST00287" HPOS="562" VPOS="3337" WIDTH="63" HEIGHT="51" CONTENT="B." WC="1.00" CC="00"/>
						<SP ID="P40_SP00256" HPOS="625" VPOS="3389" WIDTH="36"/>
						<String ID="P40_ST00288" HPOS="661" VPOS="3336" WIDTH="176" HEIGHT="63" CONTENT="Marx," WC="0.99" CC="12200"/>
						<SP ID="P40_SP00257" HPOS="837" VPOS="3399" WIDTH="32"/>
						<String ID="P40_ST00289" HPOS="869" VPOS="3333" WIDTH="174" HEIGHT="51" CONTENT="Gluck" WC="1.00" CC="00002" STYLEREFS="TXT_2"/>
						<SP ID="P40_SP00258" HPOS="1043" VPOS="3399" WIDTH="25"/>
						<String ID="P40_ST00290" HPOS="1068" VPOS="3338" WIDTH="51" HEIGHT="45" CONTENT="et" WC="0.56" CC="80" STYLEREFS="TXT_2"/>
						<SP ID="P40_SP00259" HPOS="1119" VPOS="3399" WIDTH="15"/>
						<String ID="P40_ST00291" HPOS="1134" VPOS="3347" WIDTH="83" HEIGHT="36" CONTENT="ses" WC="0.98" CC="230" STYLEREFS="TXT_2"/>
						<SP ID="P40_SP00260" HPOS="1217" VPOS="3399" WIDTH="21"/>
						<String ID="P40_ST00292" HPOS="1238" VPOS="3345" WIDTH="209" HEIGHT="37" CONTENT="œuvres" WC="0.99" CC="204401" STYLEREFS="TXT_2"/>
						<SP ID="P40_SP00261" HPOS="1447" VPOS="3399" WIDTH="26"/>
						<String ID="P40_ST00293" HPOS="1473" VPOS="3326" WIDTH="253" HEIGHT="70" CONTENT="(Berlin)," WC="0.99" CC="710640050"/>
						<SP ID="P40_SP00262" HPOS="1726" VPOS="3399" WIDTH="36"/>
						<String ID="P40_ST00294" HPOS="1762" VPOS="3324" WIDTH="230" HEIGHT="53" CONTENT="traitant" WC="0.99" CC="05002300"/>
						<SP ID="P40_SP00263" HPOS="1992" VPOS="3399" WIDTH="33"/>
						<String ID="P40_ST00295" HPOS="2025" VPOS="3323" WIDTH="66" HEIGHT="51" CONTENT="de" WC="1.00" CC="00"/>
						<SP ID="P40_SP00264" HPOS="2091" VPOS="3399" WIDTH="42"/>
						<String ID="P40_ST00296" HPOS="2133" VPOS="3322" WIDTH="49" HEIGHT="51" CONTENT="la" WC="0.96" CC="00"/>
						<SP ID="P40_SP00265" HPOS="2182" VPOS="3399" WIDTH="33"/>
						<String ID="P40_ST00297" HPOS="2215" VPOS="3318" WIDTH="172" HEIGHT="71" CONTENT="partie" WC="0.99" CC="005030"/>
					</TextLine>
					<TextLine ID="P40_TL00031" HPOS="405" VPOS="3394" WIDTH="1982" HEIGHT="87">
						<String ID="P40_ST00298" HPOS="405" VPOS="3412" WIDTH="322" HEIGHT="69" CONTENT="technique," WC="0.99" CC="3016300600"/>
						<SP ID="P40_SP00266" HPOS="727" VPOS="3481" WIDTH="29"/>
						<String ID="P40_ST00299" HPOS="756" VPOS="3411" WIDTH="275" HEIGHT="67" CONTENT="l'ouvrage" WC="0.99" CC="046605500"/>
						<SP ID="P40_SP00267" HPOS="1031" VPOS="3481" WIDTH="35"/>
						<String ID="P40_ST00300" HPOS="1066" VPOS="3408" WIDTH="66" HEIGHT="51" CONTENT="de" WC="1.00" CC="00"/>
						<SP ID="P40_SP00268" HPOS="1132" VPOS="3481" WIDTH="26"/>
						<String ID="P40_ST00301" HPOS="1158" VPOS="3405" WIDTH="318" HEIGHT="69" CONTENT="Siegmeyer" WC="0.91" CC="100000006"/>
						<SP ID="P40_SP00269" HPOS="1476" VPOS="3481" WIDTH="33"/>
						<String ID="P40_ST00302" HPOS="1509" VPOS="3416" WIDTH="52" HEIGHT="38" CONTENT="et" WC="0.96" CC="00"/>
						<SP ID="P40_SP00270" HPOS="1561" VPOS="3481" WIDTH="33"/>
						<String ID="P40_ST00303" HPOS="1594" VPOS="3402" WIDTH="144" HEIGHT="51" CONTENT="celui" WC="0.98" CC="30362"/>
						<SP ID="P40_SP00271" HPOS="1738" VPOS="3481" WIDTH="36"/>
						<String ID="P40_ST00304" HPOS="1774" VPOS="3402" WIDTH="66" HEIGHT="51" CONTENT="de" WC="1.00" CC="00"/>
						<SP ID="P40_SP00272" HPOS="1840" VPOS="3481" WIDTH="36"/>
						<String ID="P40_ST00305" HPOS="1876" VPOS="3398" WIDTH="197" HEIGHT="53" CONTENT="Riedel" WC="0.90" CC="200003"/>
						<SP ID="P40_SP00273" HPOS="2073" VPOS="3481" WIDTH="34"/>
						<String ID="P40_ST00306" HPOS="2107" VPOS="3394" WIDTH="280" HEIGHT="71" CONTENT="(Vienne)," WC="0.99" CC="670000063"/>
					</TextLine>
					<TextLine ID="P40_TL00032" HPOS="407" VPOS="3476" WIDTH="1981" HEIGHT="72">
						<String ID="P40_ST00307" HPOS="407" VPOS="3501" WIDTH="52" HEIGHT="39" CONTENT="et" WC="1.00" CC="00"/>
						<SP ID="P40_SP00274" HPOS="459" VPOS="3540" WIDTH="23"/>
						<String ID="P40_ST00308" HPOS="482" VPOS="3487" WIDTH="149" HEIGHT="52" CONTENT="aussi" WC="0.99" CC="05003"/>
						<SP ID="P40_SP00275" HPOS="631" VPOS="3540" WIDTH="35"/>
						<String ID="P40_ST00309" HPOS="666" VPOS="3487" WIDTH="48" HEIGHT="51" CONTENT="le" WC="1.00" CC="00"/>
						<SP ID="P40_SP00276" HPOS="714" VPOS="3540" WIDTH="34"/>
						<String ID="P40_ST00310" HPOS="748" VPOS="3486" WIDTH="136" HEIGHT="51" CONTENT="livre" WC="0.99" CC="30020"/>
						<SP ID="P40_SP00277" HPOS="884" VPOS="3540" WIDTH="22"/>
						<String ID="P40_ST00311" HPOS="906" VPOS="3483" WIDTH="302" HEIGHT="54" CONTENT="d'Antoine" WC="1.00" CC="020403000"/>
						<SP ID="P40_SP00278" HPOS="1208" VPOS="3540" WIDTH="37"/>
						<String ID="P40_ST00312" HPOS="1245" VPOS="3479" WIDTH="232" HEIGHT="55" CONTENT="Schmid" WC="0.95" CC="002000"/>
						<SP ID="P40_SP00279" HPOS="1477" VPOS="3540" WIDTH="28"/>
						<String ID="P40_ST00313" HPOS="1505" VPOS="3478" WIDTH="301" HEIGHT="70" CONTENT="(Leipzig)," WC="0.99" CC="6050044604"/>
						<SP ID="P40_SP00280" HPOS="1806" VPOS="3548" WIDTH="27"/>
						<String ID="P40_ST00314" HPOS="1833" VPOS="3476" WIDTH="98" HEIGHT="69" CONTENT="qui" WC="0.97" CC="033"/>
						<SP ID="P40_SP00281" HPOS="1931" VPOS="3548" WIDTH="39"/>
						<String ID="P40_ST00315" HPOS="1970" VPOS="3476" WIDTH="102" HEIGHT="50" CONTENT="fixe" WC="1.00" CC="0000"/>
						<SP ID="P40_SP00282" HPOS="2072" VPOS="3548" WIDTH="34"/>
						<String ID="P40_ST00316" HPOS="2106" VPOS="3490" WIDTH="128" HEIGHT="35" CONTENT="avec" WC="1.00" CC="0000"/>
						<SP ID="P40_SP00283" HPOS="2234" VPOS="3548" WIDTH="47"/>
						<String ID="P40_ST00317" HPOS="2281" VPOS="3486" WIDTH="107" HEIGHT="37" CONTENT="une" WC="0.95" CC="380"/>
					</TextLine>
					<TextLine ID="P40_TL00033" HPOS="405" VPOS="3544" WIDTH="1984" HEIGHT="87">
						<String ID="P40_ST00318" HPOS="405" VPOS="3562" WIDTH="240" HEIGHT="53" CONTENT="minutie" WC="0.99" CC="0006005"/>
						<SP ID="P40_SP00284" HPOS="645" VPOS="3615" WIDTH="28"/>
						<String ID="P40_ST00319" HPOS="673" VPOS="3559" WIDTH="212" HEIGHT="72" CONTENT="précise" WC="0.99" CC="0702000"/>
						<SP ID="P40_SP00285" HPOS="885" VPOS="3631" WIDTH="36"/>
						<String ID="P40_ST00320" HPOS="921" VPOS="3572" WIDTH="127" HEIGHT="40" CONTENT="tous" WC="0.98" CC="0150"/>
						<SP ID="P40_SP00286" HPOS="1048" VPOS="3631" WIDTH="33"/>
						<String ID="P40_ST00321" HPOS="1081" VPOS="3558" WIDTH="77" HEIGHT="51" CONTENT="les" WC="0.99" CC="200"/>
						<SP ID="P40_SP00287" HPOS="1158" VPOS="3631" WIDTH="37"/>
						<String ID="P40_ST00322" HPOS="1195" VPOS="3556" WIDTH="198" HEIGHT="53" CONTENT="détails" WC="1.00" CC="0106000"/>
						<SP ID="P40_SP00288" HPOS="1393" VPOS="3631" WIDTH="26"/>
						<String ID="P40_ST00323" HPOS="1419" VPOS="3553" WIDTH="440" HEIGHT="70" CONTENT="biographiques" WC="1.00" CC="0017720000000"/>
						<SP ID="P40_SP00289" HPOS="1859" VPOS="3631" WIDTH="28"/>
						<String ID="P40_ST00324" HPOS="1887" VPOS="3549" WIDTH="210" HEIGHT="54" CONTENT="relatifs" WC="0.99" CC="50320500"/>
						<SP ID="P40_SP00290" HPOS="2097" VPOS="3631" WIDTH="47"/>
						<String ID="P40_ST00325" HPOS="2144" VPOS="3551" WIDTH="29" HEIGHT="47" CONTENT="à" WC="0.25" CC="7"/>
						<SP ID="P40_SP00291" HPOS="2173" VPOS="3631" WIDTH="33"/>
						<String ID="P40_ST00326" HPOS="2206" VPOS="3544" WIDTH="153" HEIGHT="56" CONTENT="Chris" SUBS_TYPE="HypPart1" SUBS_CONTENT="Christophe-Willibald." WC="0.64" CC="45710"/>
						<HYP HPOS="2359" VPOS="3544" WIDTH="30" CONTENT="-"/>
					</TextLine>
					<TextLine ID="P40_TL00034" HPOS="407" VPOS="3622" WIDTH="1977" HEIGHT="87">
						<String ID="P40_ST00327" HPOS="407" VPOS="3636" WIDTH="514" HEIGHT="73" CONTENT="tophe-Willibald." SUBS_TYPE="HypPart2" SUBS_CONTENT="Christophe-Willibald." WC="0.88" CC="0004003000013103"/>
						<SP ID="P40_SP00292" HPOS="921" VPOS="3709" WIDTH="34"/>
						<String ID="P40_ST00328" HPOS="955" VPOS="3637" WIDTH="51" HEIGHT="51" CONTENT="A" WC="1.00" CC="0"/>
						<SP ID="P40_SP00293" HPOS="1006" VPOS="3709" WIDTH="24"/>
						<String ID="P40_ST00329" HPOS="1030" VPOS="3651" WIDTH="69" HEIGHT="34" CONTENT="ne" WC="1.00" CC="00"/>
						<SP ID="P40_SP00294" HPOS="1099" VPOS="3709" WIDTH="34"/>
						<String ID="P40_ST00330" HPOS="1133" VPOS="3632" WIDTH="323" HEIGHT="53" CONTENT="considérer" WC="0.99" CC="0300300503"/>
						<SP ID="P40_SP00295" HPOS="1456" VPOS="3709" WIDTH="24"/>
						<String ID="P40_ST00331" HPOS="1480" VPOS="3650" WIDTH="108" HEIGHT="50" CONTENT="que" WC="0.98" CC="060"/>
						<SP ID="P40_SP00296" HPOS="1588" VPOS="3709" WIDTH="42"/>
						<String ID="P40_ST00332" HPOS="1630" VPOS="3631" WIDTH="49" HEIGHT="49" CONTENT="la" WC="0.84" CC="30"/>
						<SP ID="P40_SP00297" HPOS="1679" VPOS="3709" WIDTH="34"/>
						<String ID="P40_ST00333" HPOS="1713" VPOS="3627" WIDTH="340" HEIGHT="72" CONTENT="production" WC="0.99" CC="0630520420"/>
						<SP ID="P40_SP00298" HPOS="2053" VPOS="3709" WIDTH="41"/>
						<String ID="P40_ST00334" HPOS="2094" VPOS="3622" WIDTH="290" HEIGHT="67" CONTENT="française," WC="1.00" CC="0400004000"/>
					</TextLine>
					<TextLine ID="P40_TL00035" HPOS="408" VPOS="3699" WIDTH="1982" HEIGHT="85">
						<String ID="P40_ST00335" HPOS="408" VPOS="3732" WIDTH="74" HEIGHT="34" CONTENT="on" WC="1.00" CC="00"/>
						<SP ID="P40_SP00299" HPOS="482" VPOS="3766" WIDTH="47"/>
						<String ID="P40_ST00336" HPOS="529" VPOS="3728" WIDTH="133" HEIGHT="56" CONTENT="peut" WC="0.99" CC="0060"/>
						<SP ID="P40_SP00300" HPOS="662" VPOS="3784" WIDTH="29"/>
						<String ID="P40_ST00337" HPOS="691" VPOS="3714" WIDTH="282" HEIGHT="51" CONTENT="s'étonner" WC="0.99" CC="004000705"/>
						<SP ID="P40_SP00301" HPOS="973" VPOS="3784" WIDTH="46"/>
						<String ID="P40_ST00338" HPOS="1019" VPOS="3712" WIDTH="66" HEIGHT="52" CONTENT="de" WC="1.00" CC="00"/>
						<SP ID="P40_SP00302" HPOS="1085" VPOS="3784" WIDTH="35"/>
						<String ID="P40_ST00339" HPOS="1120" VPOS="3709" WIDTH="124" HEIGHT="54" CONTENT="voir" WC="0.98" CC="0016"/>
						<SP ID="P40_SP00303" HPOS="1244" VPOS="3784" WIDTH="29"/>
						<String ID="P40_ST00340" HPOS="1273" VPOS="3709" WIDTH="139" HEIGHT="51" CONTENT="Jean" WC="1.00" CC="0000"/>
						<SP ID="P40_SP00304" HPOS="1412" VPOS="3784" WIDTH="33"/>
						<String ID="P40_ST00341" HPOS="1445" VPOS="3707" WIDTH="247" HEIGHT="54" CONTENT="d'Udine" WC="0.90" CC="0400200"/>
						<SP ID="P40_SP00305" HPOS="1692" VPOS="3784" WIDTH="53"/>
						<String ID="P40_ST00342" HPOS="1745" VPOS="3705" WIDTH="220" HEIGHT="53" CONTENT="oublier" WC="0.99" CC="0003006"/>
						<SP ID="P40_SP00306" HPOS="1965" VPOS="3784" WIDTH="49"/>
						<String ID="P40_ST00343" HPOS="2014" VPOS="3703" WIDTH="47" HEIGHT="49" CONTENT="le" WC="1.00" CC="00"/>
						<SP ID="P40_SP00307" HPOS="2061" VPOS="3784" WIDTH="49"/>
						<String ID="P40_ST00344" HPOS="2110" VPOS="3699" WIDTH="249" HEIGHT="53" CONTENT="conscien" SUBS_TYPE="HypPart1" SUBS_CONTENT="consciencieux" WC="1.00" CC="21000100"/>
						<HYP HPOS="2359" VPOS="3699" WIDTH="31" CONTENT="-"/>
					</TextLine>
					<TextLine ID="P40_TL00036" HPOS="408" VPOS="3770" WIDTH="1979" HEIGHT="83">
						<String ID="P40_ST00345" HPOS="408" VPOS="3791" WIDTH="159" HEIGHT="52" CONTENT="cieux" SUBS_TYPE="HypPart2" SUBS_CONTENT="consciencieux" WC="0.98" CC="50060"/>
						<SP ID="P40_SP00308" HPOS="567" VPOS="3843" WIDTH="19"/>
						<String ID="P40_ST00346" HPOS="586" VPOS="3792" WIDTH="226" HEIGHT="51" CONTENT="volume" WC="0.99" CC="002600"/>
						<SP ID="P40_SP00309" HPOS="812" VPOS="3843" WIDTH="35"/>
						<String ID="P40_ST00347" HPOS="847" VPOS="3791" WIDTH="66" HEIGHT="50" CONTENT="de" WC="1.00" CC="00"/>
						<SP ID="P40_SP00310" HPOS="913" VPOS="3843" WIDTH="28"/>
						<String ID="P40_ST00348" HPOS="941" VPOS="3788" WIDTH="336" HEIGHT="52" CONTENT="Barbedette" WC="0.90" CC="0050000040"/>
						<SP ID="P40_SP00311" HPOS="1277" VPOS="3843" WIDTH="26"/>
						<String ID="P40_ST00349" HPOS="1303" VPOS="3784" WIDTH="208" HEIGHT="69" CONTENT="(1822)," WC="0.72" CC="3024430"/>
						<SP ID="P40_SP00312" HPOS="1511" VPOS="3853" WIDTH="45"/>
						<String ID="P40_ST00350" HPOS="1556" VPOS="3782" WIDTH="272" HEIGHT="71" CONTENT="mépriser" WC="0.99" CC="00044004"/>
						<SP ID="P40_SP00313" HPOS="1828" VPOS="3853" WIDTH="34"/>
						<String ID="P40_ST00351" HPOS="1862" VPOS="3782" WIDTH="47" HEIGHT="50" CONTENT="le" WC="0.78" CC="40"/>
						<SP ID="P40_SP00314" HPOS="1909" VPOS="3853" WIDTH="44"/>
						<String ID="P40_ST00352" HPOS="1953" VPOS="3779" WIDTH="136" HEIGHT="52" CONTENT="livre" WC="0.99" CC="20061"/>
						<SP ID="P40_SP00315" HPOS="2089" VPOS="3853" WIDTH="46"/>
						<String ID="P40_ST00353" HPOS="2135" VPOS="3778" WIDTH="66" HEIGHT="51" CONTENT="de" WC="1.00" CC="00"/>
						<SP ID="P40_SP00316" HPOS="2201" VPOS="3853" WIDTH="56"/>
						<String ID="P40_ST00354" HPOS="2257" VPOS="3770" WIDTH="130" HEIGHT="56" CONTENT="Miel" WC="0.99" CC="1002"/>
					</TextLine>
				</TextBlock>
			</PrintSpace>
		</Page>
	</Layout>
</alto>
