2456 4201
747 257 57 29 LA
839 256 223 37 MUSIQUE
1099 258 59 30 EN
1196 247 208 40 ALGÉRIE

1974 253 82 40 213

158 475 21 28 2
185 464 17 19 e
226 456 245 47 Ghessen.
582 456 39 45 O
641 473 111 28 mon
775 456 118 58 âme,
922 462 26 41 ô
967 475 110 28 mon
1096 460 166 44 basilic
1267 495 11 20 y
1387 460 192 46 Comme
1597 468 46 38 tu
1669 476 70 30 me
1764 460 264 58 tyrannises
2042 458 19 45 !

89 527 134 56 —Je
244 525 120 57 bois,
388 532 41 37 et
453 541 109 28 mon
583 541 129 29 verre
736 543 58 27 ne
814 534 109 54 peut
940 527 106 60 plus
1069 544 71 28 me
1159 528 178 62 suffire.

153 612 20 39 3
180 601 17 19 e
221 592 243 48 Ghessen.
575 592 248 48 Comment
858 595 115 60 ai-je
994 605 66 51 pu
1105 597 176 44 retenir
1303 614 96 29 mes
1429 598 186 56 larmes,
1730 598 182 57 lorsque
1937 597 128 44 m'est

86 675 236 52 parvenue
345 669 45 37 ta
416 662 146 56 lettre,
675 666 26 40 ô
738 663 41 44 le
794 664 106 58 plus
925 664 122 44 aimé
1068 665 79 43 des
1182 665 224 46 hommes.

153 731 201 46 Metlaâ.
383 755 58 7 —
453 730 59 55 Je
533 730 82 44 t'ai
638 730 103 46 obéi
762 748 176 28 comme
962 749 61 28 au
1034 732 189 55 Sultan,
1251 735 79 44 dès
1350 751 86 43 que
1462 742 47 37 tu
1549 752 46 27 m
1613 750 51 29 ets
1690 738 146 43 avoué
1862 734 40 44 le
1921 739 147 39 secret

94 802 54 44 de
173 807 78 37 ton
280 815 183 29 amour.

157 868 210 58 Redjou.
481 866 57 45 Si
563 867 43 44 la
637 869 143 58 faute
800 869 220 60 provient
1051 870 55 43 de
1130 870 83 54 toi,
1320 887 147 28 avoue
1498 887 61 44 qu
1578 871 87 44 elle
1695 871 221 61 provient
1940 868 128 46 aussi

92 955 64 28 un
174 946 91 50 peu
289 937 56 43 de
384 943 83 38 toi.
519 936 159 44 —En
699 943 99 38 tout
830 953 94 37 cas,
950 937 42 59 f
1000 945 182 53 accepte
1216 939 45 44 la
1299 938 209 46 décision
1547 956 86 42 que
1676 939 271 61 t'inspirera
1985 945 80 36 ton

96 1022 139 29 cœur.

157 1073 69 45 Le
251 1073 169 58 redjou
447 1070 204 61 (retour)
673 1088 52 30 se
749 1073 175 46 chante
946 1089 84 31 sur
1053 1090 68 30 un
1141 1074 249 57 fragment
1415 1076 283 58 mélodique
1719 1078 101 56 pris
1849 1092 61 28 au
1935 1089 98 31 com-

100 1151 307 38 mencement
434 1142 59 46 de
518 1142 44 45 la
586 1142 239 46 chanson.

679 1343 85 46 EL
801 1342 131 46 KEL
966 1341 243 46 ELLADI
1248 1341 240 46 SABANI

728 1444 214 41 Chanson
974 1456 79 28 sur
1085 1445 39 39 le
1156 1442 138 42 Mode
1326 1442 113 41 Sika

527 1541 226 45 Composée
780 1552 71 33 par
874 1539 214 37 Mohamed
1116 1540 77 35 ben
1217 1537 62 37 Ali
1306 1537 155 47 Sfindja
1486 1537 160 46 d'Alger

425 1604 78 36 Sur
526 1604 68 36 des
622 1605 157 44 paroles
803 1602 257 45 empruntées
1084 1603 20 34 à
1130 1613 53 23 un
1204 1600 119 37 vieux
1346 1598 150 37 recueil
1522 1598 47 37 de
1590 1597 157 46 poésies
