2456 4201
366 245 89 52 236

888 259 57 29 LE
982 259 243 32 MERCURE
1260 259 221 33 MUSICAL
1604 253 209 52 15-IX-06

552 528 83 47 LA
803 528 338 59 MUSIQUE
1172 528 62 59 EN
1265 528 186 59 SUISSE

418 667 357 43 L'Association
798 670 81 42 des
906 670 262 44 Musiciens
1188 672 190 45 Suisses
1413 689 25 28 a
1467 675 159 44 donné
1650 677 26 42 à
1700 677 44 42 la
1767 677 65 44 fin
1857 680 59 42 de
1945 681 91 42 mai
2060 695 51 29 sa
2142 682 113 42 VII»
2271 682 93 45 fête

359 729 236 50 annuelle,
609 731 25 40 à
658 731 281 45 Neuchâtel.
955 733 65 42 Ce
1038 747 113 29 nom
1169 748 9 28 :
1204 752 19 23 «
1246 736 306 44 Association
1574 740 82 41 des
1682 740 263 44 Musiciens
1971 742 191 45 Suisses
2180 761 39 36 »,
2238 747 125 42 a-t-il

359 792 186 53 besoin,
562 807 122 43 pour
718 793 225 60 indiquer
977 811 53 29 ce
1054 798 114 56 qu'il
1192 798 212 58 désigne,
1423 802 57 42 de
1499 801 138 58 longs
1658 806 386 53 commentaires,
2065 808 143 55 qu'en
2228 809 109 44 cher-

359 854 143 43 chant
526 856 109 42 bien
656 856 117 44 dans
794 858 67 43 les
884 858 355 59 bibliothèques
1272 861 40 54 je
1329 864 216 53 pourrais
1571 879 120 29 vous
1711 867 202 53 donner,
1941 882 114 29 mon
2077 869 120 43 Dieu
2224 877 10 38 !
2262 881 102 35 tout

357 931 186 30 comme
564 933 65 28 un
662 929 150 46 autre,
851 922 132 44 dates
1016 924 26 42 à
1079 922 177 59 l'appui
1277 925 18 43 ?
1320 926 67 42 La
1410 928 274 55 profession
1707 929 57 43 de
1803 931 236 44 musicien
2070 934 122 43 n'est
2224 935 139 56 guère

356 980 107 55 plus
489 980 140 44 facile
652 995 58 28 en
737 982 163 45 Suisse
921 999 92 40 que
1039 986 117 42 dans
1184 996 103 33 tout
1311 997 131 33 autre
1462 1002 133 44 pays.
1621 991 76 42 On
1722 992 77 56 n'y
1825 992 176 43 délivre
2030 994 136 57 point
2191 997 57 42 de
2262 999 102 56 prix

356 1043 58 42 de
449 1046 148 40 Rome
693 1044 152 45 faut-il
872 1049 96 41 s'en
986 1048 235 56 plaindre,
1248 1051 38 43 si
1312 1051 106 57 prix
1441 1053 57 42 de
1535 1055 148 41 Rome
1710 1065 70 33 est
1801 1070 264 44 synonyme
2093 1060 57 42 de
2180 1061 151 57 Lenep-

353 1119 92 29 veu
484 1119 62 29 ou
572 1108 58 42 de
658 1108 203 44 Pessard
886 1108 17 43 ?
925 1110 75 44 On
1035 1127 28 39 y
1089 1126 25 29 a
1148 1113 126 42 deux
1297 1128 64 28 ou
1383 1114 120 45 trois
1526 1115 410 56 Conservatoires,
1964 1121 118 41 mais
2116 1136 156 30 aucun
2308 1127 55 42 de

356 1180 79 31 ces
460 1178 183 34 centres
677 1170 272 57 artistiques
982 1187 201 43 propres
1216 1176 24 40 à
1272 1184 207 47 tremper
1510 1178 42 43 le
1580 1178 236 45 caractère
1843 1190 45 33 et
1912 1183 25 40 à
1970 1183 160 43 ouvrir
2152 1187 180 54 complè-

352 1240 179 34 tement
554 1231 182 57 l'esprit
760 1235 110 42 d'un
908 1236 140 55 jeune
1074 1237 251 44 musicien.
1364 1241 59 41 Et
1448 1255 89 27 nos
1565 1244 370 54 compositeurs,
1969 1259 203 30 revenus
2196 1249 144 44 d'Alle-

355 1307 169 43 magne
550 1309 63 29 ou
634 1296 57 43 de
717 1297 194 55 France,
939 1300 132 42 n'ont
1105 1300 141 57 guère
1277 1302 109 55 plus
1410 1303 57 42 de
1493 1302 175 45 facilité
1712 1305 27 43 à
1762 1320 48 28 se
1833 1307 116 43 faire
1971 1309 136 54 jouer
2131 1311 119 42 dans
2275 1326 86 31 nos

355 1366 217 34 concerts
597 1358 377 58 symphoniques
1000 1376 93 40 que
1115 1363 117 42 dans
1277 1378 119 30 ceux
1420 1366 59 42 de
1507 1366 130 43 Paris
1664 1381 60 29 ou
1758 1369 57 42 de
1843 1371 177 43 Berlin.
2048 1373 313 46 D'excellents

355 1419 170 56 esprits
550 1434 50 29 se
624 1430 108 33 sont
753 1422 178 57 affligés
958 1424 57 42 de
1034 1434 73 33 cet
1124 1425 94 44 état
1232 1427 56 43 de
1308 1428 186 43 choses.
1522 1428 150 57 Après
1696 1432 230 57 quelques
1951 1436 177 43 années
2152 1437 208 44 d'efforts

356 1481 343 56 persévérants,
726 1485 351 57 quelques-uns
1174 1498 46 33 et
1261 1490 26 42 à
1308 1490 105 42 leur
1435 1490 94 43 tête
1555 1493 62 40 M.
1649 1494 87 42 Ed.
1766 1495 183 42 Combe
2040 1507 84 33 ont
2153 1499 151 43 réussi
2337 1502 24 41 à

353 1546 169 42 fonder
555 1556 121 33 cette
700 1549 320 50 Association,
1051 1551 78 56 qui
1170 1566 25 28 a
1241 1566 122 41 pour
1411 1555 84 42 but
1537 1556 57 42 de
1621 1570 24 28 «
1670 1556 187 43 donner
1883 1573 91 29 aux
2013 1563 348 55 compositeurs

356 1607 178 44 suisses
567 1608 258 45 l'occasion
858 1612 56 43 de
940 1627 48 28 se
1011 1613 116 43 faire
1154 1617 246 42 connaître
1433 1631 58 29 en
1517 1620 82 40 des
1642 1617 213 46 festivals
1896 1622 312 57 périodiques
2234 1643 38 35 »,
2305 1629 55 41 de

357 1687 18 23 «
404 1669 201 45 faciliter
626 1672 45 42 la
693 1673 299 55 publication
1018 1677 57 42 de
1101 1677 126 43 leurs
1272 1692 189 31 œuvres
1502 1695 40 38 »,
1584 1683 57 42 de
1676 1696 22 28 «
1742 1682 204 44 faciliter
1976 1686 176 43 l'étude
2185 1688 57 43 de
2264 1688 97 43 leur

355 1743 68 34 art
449 1749 90 26 aux
564 1735 166 54 jeunes
767 1737 258 44 musiciens
1067 1741 515 55 exceptionnellement
1623 1746 150 42 doués
1815 1763 40 34 »,
1890 1757 45 33 et
1982 1749 41 41 d'
2058 1764 23 28 <(
2107 1750 255 46 intervenir

356 1796 171 57 auprès
555 1797 82 43 des
663 1799 226 44 autorités
932 1815 123 42 pour
1081 1804 214 42 soutenir
1320 1807 44 41 la
1402 1820 141 30 cause
1570 1808 56 43 de
1667 1809 44 41 la
1754 1810 222 56 musique
2012 1821 45 33 et
2103 1813 82 44 des
2218 1817 112 42 musi-

355 1858 133 44 ciens
514 1876 40 28 ».

414 1923 89 41 Les
530 1924 241 42 auditions
805 1926 57 42 de
896 1928 264 43 Neuchâtel
1192 1940 83 33 ont
1299 1931 98 54 joui
1431 1933 138 42 d'une
1609 1933 362 58 interprétation
2010 1942 347 54 remarquable.

359 1986 36 41 L
414 1985 242 44 orchestre
684 1987 137 42 Kaim
861 1989 56 42 de
956 1990 198 43 Munich
1187 1993 278 43 constituait
1489 1995 45 42 la
1575 2010 153 29 masse
1766 1998 379 54 instrumentale,
2173 2011 45 33 et
2239 2004 122 42 deux

355 2057 131 33 cents
512 2058 235 34 amateurs
772 2051 344 56 neuchâtelois,
1131 2069 113 28 sous
1265 2056 292 44 l'excellente
1577 2059 235 43 direction
1829 2062 57 41 de
1907 2063 64 41 M.
1994 2063 364 59 Rôthlisberger,

355 2111 252 43 formaient
631 2112 68 42 les
731 2114 205 45 chœurs.
964 2116 167 43 Divers
1171 2119 282 55 organistes,
1481 2130 44 33 et
1568 2136 123 41 pour
1715 2123 42 41 la
1785 2124 220 56 musique
2046 2126 57 43 de
2137 2128 222 43 chambre

356 2172 67 43 les
450 2173 240 44 meilleurs
738 2185 228 45 quatuors
992 2191 43 29 et
1063 2180 188 43 solistes
1278 2183 57 41 de
1361 2192 136 33 notre
1532 2198 131 42 pays,
1700 2185 234 55 prêtaient
1959 2187 103 43 leur
2100 2204 257 30 concours.

357 2238 104 40 Aux
478 2250 342 42 programmes,
854 2239 68 42 les
948 2254 186 31 œuvres
1161 2245 56 40 de
1249 2244 131 56 vingt
1404 2254 44 33 et
1472 2260 65 28 un
1560 2248 367 54 compositeurs.
1958 2251 60 41 Et
2043 2253 314 53 maintenant,

358 2311 90 42 que
483 2298 117 53 dire,
635 2299 139 43 sinon
799 2302 207 42 illustrer
1039 2319 85 40 par
1163 2306 81 42 des
1278 2320 138 29 noms
1460 2307 66 43 les
1553 2310 260 43 tendances
1847 2325 91 43 que
1963 2314 43 55 je
2034 2316 326 43 mentionnais

358 2361 116 41 dans
500 2375 76 27 ma
597 2362 216 44 dernière
839 2364 134 43 lettre
997 2365 18 43 ?

411 2424 284 42 Tendances
722 2426 290 45 allemandes
1038 2430 197 42 d'abord
1335 2434 224 54 Wagner,
1589 2436 217 50 Brahms,
1839 2446 61 40 et,
1927 2438 60 42 ici
2006 2448 45 33 et
2081 2439 61 53 là,
2171 2442 188 43 Strauss

359 2500 62 28 ou
442 2488 164 54 Reger.
636 2487 224 57 Musique
886 2489 167 44 lourde
1080 2493 56 42 de
1161 2492 261 45 littérature
1456 2505 44 33 et
1520 2497 56 41 de
1606 2499 199 42 morale.
1836 2500 52 42 Je
1910 2514 58 28 ne
1996 2502 90 56 m'y
2109 2504 250 43 attarderai

358 2547 154 56 point,
533 2548 45 43 la
601 2549 191 56 plupart
815 2552 57 42 de
898 2566 76 29 ces
1002 2568 186 29 œuvres
1210 2566 141 47 ayant
1372 2558 117 42 vécu
1512 2559 25 41 à
1561 2560 139 55 peine
1726 2561 205 56 l'espace
1949 2563 113 43 d'un
2088 2575 209 35 concert.

419 2612 89 40 Les
562 2612 113 42 lieds
722 2627 111 30 avec
868 2629 456 44 accompagnement
1369 2621 56 43 de
1469 2632 204 46 quatuor
1716 2624 26 42 à
1784 2625 170 42 cordes
2003 2627 62 42 du
2107 2627 252 45 violoniste

360 2673 141 43 Henri
526 2676 217 42 Marteau
769 2686 107 33 sont
898 2679 24 42 à
941 2679 298 48 l'extrême...
1341 2685 239 55 pourquoi
1599 2685 198 55 allais-je
1818 2688 98 42 dire
1935 2690 205 43 extrême
2163 2693 194 54 gauche,

359 2735 45 42 la
441 2736 401 46 traditionnaliste
869 2741 220 56 musique
1124 2744 268 45 allemande
1424 2746 251 44 serait-elle
1701 2750 124 42 donc
1855 2751 106 55 plus
1989 2754 24 40 à
2057 2754 180 56 gauche
2269 2768 88 43 que

357 2797 44 42 la
426 2798 402 47 révolutionnaire
856 2805 218 56 musique
1100 2806 233 57 française
1356 2808 18 42 ?
1470 2810 69 42 les
1573 2810 119 43 lieds
1711 2812 58 42 de
1801 2813 214 44 Marteau
2036 2817 322 54 représentent

359 2860 122 43 donc
506 2861 14 41 1
539 2871 206 36 extreme
769 2866 234 43 tendance
1032 2869 285 45 allemande.
1353 2872 125 42 C'est
1503 2873 110 41 Max
1641 2875 166 55 Reger,
1849 2876 114 43 c'est
1994 2878 45 42 la
2063 2879 162 42 dureté
2260 2880 73 41 har-

357 2923 228 57 monique
620 2926 56 42 de
702 2928 231 56 quelques
957 2944 226 43 passages
1209 2933 82 43 des
1324 2933 239 44 dernières
1589 2949 187 31 œuvres
1803 2938 57 42 de
1888 2940 290 53 Beethoven,
2207 2942 148 57 érigée

359 2999 58 28 en
439 2987 214 56 principe
687 2991 281 56 esthétique,
994 3003 44 32 et
1063 2994 111 42 c'est
1204 2995 42 43 le
1273 2998 303 55 contrepoint
1617 2999 117 42 dans
1762 3014 51 29 ce
1843 3001 114 56 qu'il
1988 3012 115 46 peut
2127 3006 129 41 avoir
2300 3006 54 41 de

356 3048 108 56 plus
487 3049 168 44 factice
695 3062 45 32 et
764 3055 57 42 de
846 3055 108 54 plus
997 3057 315 43 antimusical.
1339 3059 223 57 Musique
1601 3074 123 44 pour
1750 3064 277 56 imprimeur
2072 3067 155 55 plutôt
2268 3081 86 42 que

357 3124 123 43 pour
504 3113 249 43 musicien.
791 3116 301 45 Laissons-la
1114 3121 24 40 à
1165 3121 65 43 M.
1261 3121 235 45 Simrock.

417 3173 49 43 si
499 3175 65 43 M.
595 3177 213 42 Marteau
830 3180 188 51 cultive,
1042 3182 82 41 des
1158 3183 241 43 dernières
1434 3199 186 30 œuvres
1644 3188 58 41 de
1731 3189 289 56 Beethoven,
2048 3191 45 43 la
2116 3192 238 43 hardiesse

357 3236 334 58 harmonique,
708 3240 66 43 M.
796 3243 272 44 Emmanuel
1082 3246 127 42 Moor
1296 3248 243 56 Hongrois
1555 3250 211 44 résidant
1787 3266 59 28 en
1867 3254 162 43 Suisse
2112 3269 57 28 en
2187 3255 168 44 cultive

357 3299 42 43 la
426 3302 287 58 Stimmung.
763 3304 98 42 Son
908 3316 205 46 quatuor
1157 3308 24 42 à
1208 3310 169 42 cordes
1421 3320 70 34 est
1514 3325 94 29 une
1651 3327 160 29 œuvre
1836 3316 94 42 très
1963 3315 212 54 fouillée,
2221 3318 133 42 d'une

357 3371 234 35 structure
618 3365 313 59 harmonique
955 3370 262 55 puissante,
1244 3381 45 34 et
1331 3373 80 56 qui
1437 3388 59 27 ne
1520 3388 258 44 manquera
1804 3391 82 42 pas
1913 3379 57 42 de
1997 3380 202 55 paraître
2222 3381 24 42 à
2270 3393 83 29 nos

357 3424 242 45 confrères
623 3428 330 45 d'outre-Rhin
968 3433 243 57 profonde,
1235 3434 120 44 ainsi
1381 3436 138 56 qu'ils
1545 3437 194 46 aiment.
1771 3440 49 42 Si
1863 3440 89 43 elle
1987 3443 214 42 contient
2225 3442 103 57 quel-

359 3501 115 43 ques
492 3503 223 44 passages
742 3493 286 54 charmants,
1055 3509 186 30 comme
1267 3497 41 43 le
1335 3499 146 42 début
1496 3501 63 40 du
1585 3501 226 53 Scherzo,
1826 3503 89 43 elle
1940 3514 70 33 est
2032 3506 138 42 d'une
2190 3515 138 33 atmos-

357 3551 145 54 phère
529 3563 351 35 constamment
905 3571 186 42 opaque
1133 3568 44 33 et
1201 3560 161 44 dense.
1403 3563 60 41 Et
1491 3563 25 40 à
1543 3563 98 42 dire
1667 3564 42 43 le
1731 3565 115 49 vrai,
1882 3567 44 55 je
1952 3581 75 29 me
2054 3567 137 44 méfie
2217 3569 55 41 de
2313 3567 40 41 la

360 3613 218 45 sincérité
605 3617 56 42 de
687 3628 122 33 cette
833 3621 176 54 pensée
1035 3622 228 44 musicale
1297 3624 81 56 qui
1403 3633 109 35 veut
1535 3628 219 54 toujours
1783 3630 253 54 prétendre
2063 3645 60 28 au
2138 3631 213 44 sublime.

362 3676 165 44 Est-ce
550 3678 110 43 bien
679 3680 121 43 ainsi
820 3683 114 55 qu'il
957 3683 100 43 faut
1074 3686 228 42 entendre
1326 3696 45 33 et
1389 3688 156 43 suivre
1564 3688 393 59 l'enseignement
1974 3694 56 42 de
2052 3695 268 42 Beethoven
2337 3692 17 42 ?

416 3739 148 55 Après
586 3755 76 29 ces
689 3743 91 42 néo
804 3758 63 28 ou
893 3746 497 59 pseudo-classiques,
1414 3749 32 42 il
1472 3751 224 44 convient
1717 3755 57 42 de
1800 3755 303 43 mentionner
2130 3758 221 55 quelques

365 3812 183 31 œuvres
595 3804 332 58 scolastiques,
981 3809 140 43 d'une
1178 3812 288 55 application
1509 3823 46 33 et
1596 3815 142 44 d'une
1784 3831 191 43 sagesse
2016 3819 233 54 louables,
2297 3817 54 42 de

363 3861 137 43 Peter
526 3864 327 47 Fassbaender
857 3903 11 17 s
894 3871 107 43 Cari
1026 3872 176 55 Vogler
1227 3883 45 34 et
1298 3875 117 43 Paul
1442 3878 202 45 Benner,
