<?xml version="1.0" encoding="UTF-8"?>
<alto xmlns:xsi="http://www.w3.org/2001/XMLSchema-instance" xmlns="http://www.loc.gov/standards/alto/ns-v2#" xsi:schemaLocation="http://www.loc.gov/standards/alto/ns-v2# http://www.loc.gov/standards/alto/alto-v2.0.xsd" xmlns:xlink="http://www.w3.org/1999/xlink">
	<Description>
		<MeasurementUnit>mm10</MeasurementUnit>
		<sourceImageInformation>
			<fileName>//fileserver7/IN2/Princeton/Batch3/bmtnabh/1906/09/15_01/00000439.tif</fileName>
		</sourceImageInformation>
		<OCRProcessing ID="OCRPROCESSING_1">
			<preProcessingStep>
				<processingSoftware>
					<softwareCreator>CCS Content Conversion Specialists GmbH, Germany</softwareCreator>
					<softwareName>CCS docWORKS</softwareName>
					<softwareVersion>6.6-1.18</softwareVersion>
				</processingSoftware>
			</preProcessingStep>
			<ocrProcessingStep>
				<processingSoftware>
					<softwareCreator>ABBYY (BIT Software), Russia</softwareCreator>
					<softwareName>FineReader</softwareName>
					<softwareVersion>10.0</softwareVersion>
				</processingSoftware>
			</ocrProcessingStep>
		</OCRProcessing>
	</Description>
	<Styles>
		<TextStyle ID="TXT_0" FONTSIZE="12" FONTFAMILY="Times New Roman"/>
		<TextStyle ID="TXT_1" FONTSIZE="19" FONTFAMILY="Times New Roman"/>
		<TextStyle ID="TXT_2" FONTSIZE="19" FONTFAMILY="Times New Roman" FONTSTYLE="italics"/>
		<TextStyle ID="TXT_3" FONTSIZE="16" FONTFAMILY="Times New Roman" FONTSTYLE="italics"/>
		<TextStyle ID="TXT_4" FONTSIZE="17" FONTFAMILY="Times New Roman"/>
		<TextStyle ID="TXT_5" FONTSIZE="11" FONTFAMILY="Times New Roman" FONTSTYLE="bold"/>
		<TextStyle ID="TXT_6" FONTSIZE="10" FONTFAMILY="Times New Roman" FONTSTYLE="bold italics"/>
		<TextStyle ID="TXT_7" FONTSIZE="16" FONTFAMILY="Times New Roman"/>
		<ParagraphStyle ID="PAR_LEFT" ALIGN="Left"/>
		<ParagraphStyle ID="PAR_RIGHT" ALIGN="Right"/>
	</Styles>
	<Layout>
		<Page ID="P7" PHYSICAL_IMG_NR="7" HEIGHT="4201" WIDTH="2456" PC="0.867">
			<TopMargin ID="P7_TM00001" HPOS="0" VPOS="0" WIDTH="2456" HEIGHT="335">
				<TextBlock ID="P7_TB00001" HPOS="655" VPOS="246" WIDTH="849" HEIGHT="86" STYLEREFS="TXT_0 PAR_LEFT">
					<TextLine ID="P7_TL00001" HPOS="656" VPOS="270" WIDTH="848" HEIGHT="36">
						<String ID="P7_ST00001" HPOS="656" VPOS="270" WIDTH="268" HEIGHT="33" CONTENT="ESTAMPIES" WC="0.52" CC="336665720"/>
						<SP ID="P7_SP00001" HPOS="924" VPOS="303" WIDTH="38"/>
						<String ID="P7_ST00002" HPOS="962" VPOS="273" WIDTH="60" HEIGHT="30" CONTENT="ET" WC="0.65" CC="06"/>
						<SP ID="P7_SP00002" HPOS="1022" VPOS="303" WIDTH="34"/>
						<String ID="P7_ST00003" HPOS="1056" VPOS="274" WIDTH="190" HEIGHT="31" CONTENT="DANSES" WC="0.98" CC="834000"/>
						<SP ID="P7_SP00003" HPOS="1246" VPOS="305" WIDTH="38"/>
						<String ID="P7_ST00004" HPOS="1284" VPOS="274" WIDTH="220" HEIGHT="32" CONTENT="ROYALES" WC="0.99" CC="2200500"/>
					</TextLine>
				</TextBlock>
				<TextBlock ID="P7_TB00002" HPOS="1988" VPOS="278" WIDTH="79" HEIGHT="41" STYLEREFS="TXT_1 PAR_RIGHT">
					<TextLine ID="P7_TL00002" HPOS="1988" VPOS="278" WIDTH="79" HEIGHT="41">
						<String ID="P7_ST00005" HPOS="1988" VPOS="278" WIDTH="79" HEIGHT="41" CONTENT="173" WC="0.30" CC="829"/>
					</TextLine>
				</TextBlock>
			</TopMargin>
			<LeftMargin ID="P7_LM00001" HPOS="0" VPOS="335" WIDTH="64" HEIGHT="3537"/>
			<RightMargin ID="P7_RM00001" HPOS="2069" VPOS="335" WIDTH="387" HEIGHT="3537"/>
			<BottomMargin ID="P7_BM00001" HPOS="0" VPOS="3872" WIDTH="2456" HEIGHT="329"/>
			<PrintSpace ID="P7_PS00001" HPOS="64" VPOS="335" WIDTH="2005" HEIGHT="3537">
				<TextBlock ID="P7_TB00003" HPOS="76" VPOS="474" WIDTH="1993" HEIGHT="2951" STYLEREFS="TXT_1 PAR_LEFT">
					<TextLine ID="P7_TL00003" HPOS="94" VPOS="474" WIDTH="1975" HEIGHT="74">
						<String ID="P7_ST00006" HPOS="94" VPOS="474" WIDTH="76" HEIGHT="53" CONTENT="dit" WC="1.00" CC="000"/>
						<SP ID="P7_SP00004" HPOS="170" VPOS="527" WIDTH="18"/>
						<String ID="P7_ST00007" HPOS="188" VPOS="477" WIDTH="29" HEIGHT="47" CONTENT="à" WC="0.79" CC="2"/>
						<SP ID="P7_SP00005" HPOS="217" VPOS="527" WIDTH="21"/>
						<String ID="P7_ST00008" HPOS="238" VPOS="490" WIDTH="59" HEIGHT="33" CONTENT="sa" WC="1.00" CC="00"/>
						<SP ID="P7_SP00006" HPOS="297" VPOS="527" WIDTH="25"/>
						<String ID="P7_ST00009" HPOS="322" VPOS="490" WIDTH="150" HEIGHT="34" CONTENT="sœur" WC="0.98" CC="0064"/>
						<SP ID="P7_SP00007" HPOS="472" VPOS="527" WIDTH="34"/>
						<String ID="P7_ST00010" HPOS="506" VPOS="487" WIDTH="11" HEIGHT="37" CONTENT=":" WC="0.60" CC="3"/>
						<SP ID="P7_SP00008" HPOS="517" VPOS="527" WIDTH="39"/>
						<String ID="P7_ST00011" HPOS="556" VPOS="493" WIDTH="25" HEIGHT="30" CONTENT="«" WC="1.00" CC="0"/>
						<SP ID="P7_SP00009" HPOS="581" VPOS="527" WIDTH="42"/>
						<String ID="P7_ST00012" HPOS="623" VPOS="475" WIDTH="259" HEIGHT="51" CONTENT="Madame" WC="1.00" CC="000000"/>
						<SP ID="P7_SP00010" HPOS="882" VPOS="527" WIDTH="22"/>
						<String ID="P7_ST00013" HPOS="904" VPOS="477" WIDTH="267" HEIGHT="65" CONTENT="Béatrice," WC="1.00" CC="000024000"/>
						<SP ID="P7_SP00011" HPOS="1171" VPOS="542" WIDTH="30"/>
						<String ID="P7_ST00014" HPOS="1201" VPOS="495" WIDTH="98" HEIGHT="51" CONTENT="par" WC="0.97" CC="402"/>
						<SP ID="P7_SP00012" HPOS="1299" VPOS="546" WIDTH="25"/>
						<String ID="P7_ST00015" HPOS="1324" VPOS="496" WIDTH="200" HEIGHT="35" CONTENT="amour" WC="0.98" CC="03155"/>
						<SP ID="P7_SP00013" HPOS="1524" VPOS="546" WIDTH="23"/>
						<String ID="P7_ST00016" HPOS="1547" VPOS="496" WIDTH="142" HEIGHT="51" CONTENT="pour" WC="0.99" CC="0105"/>
						<SP ID="P7_SP00014" HPOS="1689" VPOS="547" WIDTH="21"/>
						<String ID="P7_ST00017" HPOS="1710" VPOS="479" WIDTH="115" HEIGHT="52" CONTENT="moi" WC="0.97" CC="051"/>
						<SP ID="P7_SP00015" HPOS="1825" VPOS="547" WIDTH="26"/>
						<String ID="P7_ST00018" HPOS="1851" VPOS="491" WIDTH="55" HEIGHT="40" CONTENT="et" WC="0.89" CC="02"/>
						<SP ID="P7_SP00016" HPOS="1906" VPOS="547" WIDTH="22"/>
						<String ID="P7_ST00019" HPOS="1928" VPOS="496" WIDTH="141" HEIGHT="52" CONTENT="pour" WC="0.98" CC="0114"/>
					</TextLine>
					<TextLine ID="P7_TL00004" HPOS="92" VPOS="547" WIDTH="1971" HEIGHT="75">
						<String ID="P7_ST00020" HPOS="92" VPOS="562" WIDTH="119" HEIGHT="40" CONTENT="tout" WC="0.99" CC="0300"/>
						<SP ID="P7_SP00017" HPOS="211" VPOS="602" WIDTH="29"/>
						<String ID="P7_ST00021" HPOS="240" VPOS="547" WIDTH="359" HEIGHT="67" CONTENT="l'entourage," WC="0.99" CC="740604042721"/>
						<SP ID="P7_SP00018" HPOS="599" VPOS="614" WIDTH="29"/>
						<String ID="P7_ST00022" HPOS="628" VPOS="566" WIDTH="140" HEIGHT="34" CONTENT="vous" WC="0.96" CC="5901"/>
						<SP ID="P7_SP00019" HPOS="768" VPOS="614" WIDTH="24"/>
						<String ID="P7_ST00023" HPOS="792" VPOS="550" WIDTH="172" HEIGHT="68" CONTENT="plaise" WC="0.99" CC="040304"/>
						<SP ID="P7_SP00020" HPOS="964" VPOS="618" WIDTH="28"/>
						<String ID="P7_ST00024" HPOS="992" VPOS="551" WIDTH="149" HEIGHT="69" CONTENT="prier" WC="0.98" CC="04404"/>
						<SP ID="P7_SP00021" HPOS="1141" VPOS="620" WIDTH="30"/>
						<String ID="P7_ST00025" HPOS="1171" VPOS="554" WIDTH="279" HEIGHT="52" CONTENT="Rambaut" WC="0.95" CC="3000000"/>
						<SP ID="P7_SP00022" HPOS="1450" VPOS="620" WIDTH="23"/>
						<String ID="P7_ST00026" HPOS="1473" VPOS="555" WIDTH="162" HEIGHT="67" CONTENT="qu'au" WC="1.00" CC="20000"/>
						<SP ID="P7_SP00023" HPOS="1635" VPOS="622" WIDTH="25"/>
						<String ID="P7_ST00027" HPOS="1660" VPOS="571" WIDTH="134" HEIGHT="35" CONTENT="nom" WC="0.98" CC="060"/>
						<SP ID="P7_SP00024" HPOS="1794" VPOS="622" WIDTH="15"/>
						<String ID="P7_ST00028" HPOS="1809" VPOS="555" WIDTH="66" HEIGHT="51" CONTENT="de" WC="1.00" CC="00"/>
						<SP ID="P7_SP00025" HPOS="1875" VPOS="622" WIDTH="35"/>
						<String ID="P7_ST00029" HPOS="1910" VPOS="567" WIDTH="153" HEIGHT="40" CONTENT="votre" WC="1.00" CC="02010"/>
					</TextLine>
					<TextLine ID="P7_TL00005" HPOS="92" VPOS="625" WIDTH="1973" HEIGHT="75">
						<String ID="P7_ST00030" HPOS="92" VPOS="641" WIDTH="193" HEIGHT="36" CONTENT="amour" WC="0.99" CC="30005"/>
						<SP ID="P7_SP00026" HPOS="285" VPOS="677" WIDTH="22"/>
						<String ID="P7_ST00031" HPOS="307" VPOS="636" WIDTH="52" HEIGHT="38" CONTENT="et" WC="0.96" CC="00"/>
						<SP ID="P7_SP00027" HPOS="359" VPOS="677" WIDTH="32"/>
						<String ID="P7_ST00032" HPOS="391" VPOS="625" WIDTH="65" HEIGHT="50" CONTENT="de" WC="1.00" CC="00"/>
						<SP ID="P7_SP00028" HPOS="456" VPOS="677" WIDTH="25"/>
						<String ID="P7_ST00033" HPOS="481" VPOS="639" WIDTH="156" HEIGHT="38" CONTENT="votre" WC="0.97" CC="81070"/>
						<SP ID="P7_SP00029" HPOS="637" VPOS="677" WIDTH="35"/>
						<String ID="P7_ST00034" HPOS="672" VPOS="631" WIDTH="179" HEIGHT="62" CONTENT="grâce," WC="0.99" CC="560100"/>
						<SP ID="P7_SP00030" HPOS="851" VPOS="693" WIDTH="30"/>
						<String ID="P7_ST00035" HPOS="881" VPOS="626" WIDTH="37" HEIGHT="51" CONTENT="il" WC="1.00" CC="00"/>
						<SP ID="P7_SP00031" HPOS="918" VPOS="693" WIDTH="28"/>
						<String ID="P7_ST00036" HPOS="946" VPOS="626" WIDTH="75" HEIGHT="52" CONTENT="ait" WC="1.00" CC="000"/>
						<SP ID="P7_SP00032" HPOS="1021" VPOS="693" WIDTH="47"/>
						<String ID="P7_ST00037" HPOS="1068" VPOS="631" WIDTH="28" HEIGHT="47" CONTENT="à" WC="0.80" CC="1"/>
						<SP ID="P7_SP00033" HPOS="1096" VPOS="693" WIDTH="25"/>
						<String ID="P7_ST00038" HPOS="1121" VPOS="628" WIDTH="229" HEIGHT="53" CONTENT="chanter" WC="1.00" CC="0303001"/>
						<SP ID="P7_SP00034" HPOS="1350" VPOS="693" WIDTH="25"/>
						<String ID="P7_ST00039" HPOS="1375" VPOS="646" WIDTH="53" HEIGHT="36" CONTENT="et" WC="0.70" CC="05"/>
						<SP ID="P7_SP00035" HPOS="1428" VPOS="693" WIDTH="32"/>
						<String ID="P7_ST00040" HPOS="1460" VPOS="634" WIDTH="29" HEIGHT="48" CONTENT="à" WC="0.33" CC="6"/>
						<SP ID="P7_SP00036" HPOS="1489" VPOS="693" WIDTH="40"/>
						<String ID="P7_ST00041" HPOS="1529" VPOS="644" WIDTH="287" HEIGHT="39" CONTENT="retrouver" WC="0.99" CC="400300007"/>
						<SP ID="P7_SP00037" HPOS="1816" VPOS="693" WIDTH="20"/>
						<String ID="P7_ST00042" HPOS="1836" VPOS="647" WIDTH="59" HEIGHT="35" CONTENT="sa" WC="1.00" CC="00"/>
						<SP ID="P7_SP00038" HPOS="1895" VPOS="693" WIDTH="25"/>
						<String ID="P7_ST00043" HPOS="1920" VPOS="631" WIDTH="145" HEIGHT="69" CONTENT="gaîté" WC="0.78" CC="30025"/>
					</TextLine>
					<TextLine ID="P7_TL00006" HPOS="91" VPOS="702" WIDTH="319" HEIGHT="51">
						<String ID="P7_ST00044" HPOS="91" VPOS="702" WIDTH="221" HEIGHT="51" CONTENT="d'antan" WC="0.87" CC="0400220"/>
						<SP ID="P7_SP00039" HPOS="312" VPOS="753" WIDTH="36"/>
						<String ID="P7_ST00045" HPOS="348" VPOS="703" WIDTH="9" HEIGHT="47" CONTENT="!" WC="1.00" CC="0"/>
						<SP ID="P7_SP00040" HPOS="357" VPOS="753" WIDTH="30"/>
						<String ID="P7_ST00046" HPOS="387" VPOS="721" WIDTH="23" HEIGHT="26" CONTENT="»" WC="0.59" CC="4"/>
					</TextLine>
					<TextLine ID="P7_TL00007" HPOS="160" VPOS="776" WIDTH="1905" HEIGHT="75">
						<String ID="P7_ST00047" HPOS="160" VPOS="777" WIDTH="71" HEIGHT="50" CONTENT="Et" WC="0.81" CC="11"/>
						<SP ID="P7_SP00041" HPOS="231" VPOS="827" WIDTH="33"/>
						<String ID="P7_ST00048" HPOS="264" VPOS="776" WIDTH="256" HEIGHT="52" CONTENT="madame" WC="1.00" CC="000000"/>
						<SP ID="P7_SP00042" HPOS="520" VPOS="828" WIDTH="25"/>
						<String ID="P7_ST00049" HPOS="545" VPOS="777" WIDTH="250" HEIGHT="52" CONTENT="Béatrice" WC="0.99" CC="11604250"/>
						<SP ID="P7_SP00043" HPOS="795" VPOS="829" WIDTH="31"/>
						<String ID="P7_ST00050" HPOS="826" VPOS="777" WIDTH="86" HEIGHT="52" CONTENT="fut" WC="0.99" CC="200"/>
						<SP ID="P7_SP00044" HPOS="912" VPOS="829" WIDTH="25"/>
						<String ID="P7_ST00051" HPOS="937" VPOS="778" WIDTH="210" HEIGHT="52" CONTENT="d'assez" WC="1.00" CC="0010003"/>
						<SP ID="P7_SP00045" HPOS="1147" VPOS="830" WIDTH="33"/>
						<String ID="P7_ST00052" HPOS="1180" VPOS="782" WIDTH="205" HEIGHT="66" CONTENT="grande" WC="0.99" CC="600500"/>
						<SP ID="P7_SP00046" HPOS="1385" VPOS="848" WIDTH="43"/>
						<String ID="P7_ST00053" HPOS="1428" VPOS="781" WIDTH="301" HEIGHT="53" CONTENT="courtoisie" WC="0.99" CC="0303032050"/>
						<SP ID="P7_SP00047" HPOS="1729" VPOS="848" WIDTH="28"/>
						<String ID="P7_ST00054" HPOS="1757" VPOS="795" WIDTH="52" HEIGHT="39" CONTENT="et" WC="1.00" CC="00"/>
						<SP ID="P7_SP00048" HPOS="1809" VPOS="848" WIDTH="23"/>
						<String ID="P7_ST00055" HPOS="1832" VPOS="786" WIDTH="200" HEIGHT="65" CONTENT="généro" SUBS_TYPE="HypPart1" SUBS_CONTENT="générosité" WC="0.98" CC="010692"/>
						<HYP HPOS="2032" VPOS="786" WIDTH="33" CONTENT="-"/>
					</TextLine>
					<TextLine ID="P7_TL00008" HPOS="92" VPOS="852" WIDTH="1942" HEIGHT="74">
						<String ID="P7_ST00056" HPOS="92" VPOS="852" WIDTH="98" HEIGHT="52" CONTENT="sité" SUBS_TYPE="HypPart2" SUBS_CONTENT="générosité" WC="0.99" CC="0040"/>
						<SP ID="P7_SP00049" HPOS="190" VPOS="904" WIDTH="32"/>
						<String ID="P7_ST00057" HPOS="222" VPOS="868" WIDTH="143" HEIGHT="51" CONTENT="pour" WC="0.98" CC="0060"/>
						<SP ID="P7_SP00050" HPOS="365" VPOS="919" WIDTH="26"/>
						<String ID="P7_ST00058" HPOS="391" VPOS="852" WIDTH="147" HEIGHT="69" CONTENT="prier" WC="0.99" CC="06003"/>
						<SP ID="P7_SP00051" HPOS="538" VPOS="921" WIDTH="33"/>
						<String ID="P7_ST00059" HPOS="571" VPOS="853" WIDTH="285" HEIGHT="52" CONTENT="Rambaut" WC="0.98" CC="0000000"/>
						<SP ID="P7_SP00052" HPOS="856" VPOS="921" WIDTH="30"/>
						<String ID="P7_ST00060" HPOS="886" VPOS="853" WIDTH="67" HEIGHT="51" CONTENT="de" WC="1.00" CC="00"/>
						<SP ID="P7_SP00053" HPOS="953" VPOS="921" WIDTH="36"/>
						<String ID="P7_ST00061" HPOS="989" VPOS="856" WIDTH="241" HEIGHT="66" CONTENT="prendre" WC="0.99" CC="0500050"/>
						<SP ID="P7_SP00054" HPOS="1230" VPOS="922" WIDTH="33"/>
						<String ID="P7_ST00062" HPOS="1263" VPOS="857" WIDTH="280" HEIGHT="51" CONTENT="réconfort" WC="0.99" CC="105300050"/>
						<SP ID="P7_SP00055" HPOS="1543" VPOS="922" WIDTH="31"/>
						<String ID="P7_ST00063" HPOS="1574" VPOS="870" WIDTH="53" HEIGHT="39" CONTENT="et" WC="0.92" CC="01"/>
						<SP ID="P7_SP00056" HPOS="1627" VPOS="922" WIDTH="29"/>
						<String ID="P7_ST00064" HPOS="1656" VPOS="875" WIDTH="143" HEIGHT="51" CONTENT="pour" WC="0.99" CC="0040"/>
						<SP ID="P7_SP00057" HPOS="1799" VPOS="926" WIDTH="32"/>
						<String ID="P7_ST00065" HPOS="1831" VPOS="858" WIDTH="203" HEIGHT="51" CONTENT="l'amou" WC="0.91" CC="500000"/>
					</TextLine>
					<TextLine ID="P7_TL00009" HPOS="90" VPOS="927" WIDTH="1971" HEIGHT="71">
						<String ID="P7_ST00066" HPOS="90" VPOS="927" WIDTH="152" HEIGHT="52" CONTENT="d'elle" WC="1.00" CC="020000"/>
						<SP ID="P7_SP00058" HPOS="242" VPOS="979" WIDTH="32"/>
						<String ID="P7_ST00067" HPOS="274" VPOS="927" WIDTH="67" HEIGHT="51" CONTENT="de" WC="1.00" CC="00"/>
						<SP ID="P7_SP00059" HPOS="341" VPOS="979" WIDTH="19"/>
						<String ID="P7_ST00068" HPOS="360" VPOS="940" WIDTH="253" HEIGHT="39" CONTENT="montrer" WC="1.00" CC="0200200"/>
						<SP ID="P7_SP00060" HPOS="613" VPOS="979" WIDTH="19"/>
						<String ID="P7_ST00069" HPOS="632" VPOS="946" WIDTH="76" HEIGHT="34" CONTENT="un" WC="0.91" CC="01"/>
						<SP ID="P7_SP00061" HPOS="708" VPOS="980" WIDTH="35"/>
						<String ID="P7_ST00070" HPOS="743" VPOS="927" WIDTH="184" HEIGHT="71" CONTENT="visage" WC="0.98" CC="940080"/>
						<SP ID="P7_SP00062" HPOS="927" VPOS="998" WIDTH="33"/>
						<String ID="P7_ST00071" HPOS="960" VPOS="929" WIDTH="185" HEIGHT="51" CONTENT="moins" WC="0.99" CC="03050"/>
						<SP ID="P7_SP00063" HPOS="1145" VPOS="998" WIDTH="27"/>
						<String ID="P7_ST00072" HPOS="1172" VPOS="931" WIDTH="263" HEIGHT="52" CONTENT="soucieux" WC="0.99" CC="02531000"/>
						<SP ID="P7_SP00064" HPOS="1435" VPOS="998" WIDTH="33"/>
						<String ID="P7_ST00073" HPOS="1468" VPOS="946" WIDTH="51" HEIGHT="37" CONTENT="et" WC="0.88" CC="02"/>
						<SP ID="P7_SP00065" HPOS="1519" VPOS="998" WIDTH="20"/>
						<String ID="P7_ST00074" HPOS="1539" VPOS="933" WIDTH="65" HEIGHT="50" CONTENT="de" WC="1.00" CC="00"/>
						<SP ID="P7_SP00066" HPOS="1604" VPOS="998" WIDTH="31"/>
						<String ID="P7_ST00075" HPOS="1635" VPOS="932" WIDTH="136" HEIGHT="52" CONTENT="faire" WC="0.99" CC="60200"/>
						<SP ID="P7_SP00067" HPOS="1771" VPOS="998" WIDTH="23"/>
						<String ID="P7_ST00076" HPOS="1794" VPOS="951" WIDTH="109" HEIGHT="34" CONTENT="une" WC="0.95" CC="560"/>
						<SP ID="P7_SP00068" HPOS="1903" VPOS="998" WIDTH="22"/>
						<String ID="P7_ST00077" HPOS="1925" VPOS="951" WIDTH="102" HEIGHT="34" CONTENT="nou" SUBS_TYPE="HypPart1" SUBS_CONTENT="nouvelle" WC="0.98" CC="014"/>
						<HYP HPOS="2027" VPOS="951" WIDTH="34" CONTENT="-"/>
					</TextLine>
					<TextLine ID="P7_TL00010" HPOS="89" VPOS="1001" WIDTH="1972" HEIGHT="76">
						<String ID="P7_ST00078" HPOS="89" VPOS="1002" WIDTH="133" HEIGHT="52" CONTENT="velle" SUBS_TYPE="HypPart2" SUBS_CONTENT="nouvelle" WC="0.99" CC="60110"/>
						<SP ID="P7_SP00069" HPOS="222" VPOS="1054" WIDTH="19"/>
						<String ID="P7_ST00079" HPOS="241" VPOS="1001" WIDTH="271" HEIGHT="52" CONTENT="chanson." WC="0.99" CC="26200560"/>
						<SP ID="P7_SP00070" HPOS="512" VPOS="1054" WIDTH="22"/>
						<String ID="P7_ST00080" HPOS="534" VPOS="1001" WIDTH="149" HEIGHT="54" CONTENT="C'est" WC="0.99" CC="40000"/>
						<SP ID="P7_SP00071" HPOS="683" VPOS="1055" WIDTH="25"/>
						<String ID="P7_ST00081" HPOS="708" VPOS="1004" WIDTH="146" HEIGHT="51" CONTENT="alors" WC="0.98" CC="04440"/>
						<SP ID="P7_SP00072" HPOS="854" VPOS="1055" WIDTH="36"/>
						<String ID="P7_ST00082" HPOS="890" VPOS="1022" WIDTH="107" HEIGHT="50" CONTENT="que" WC="0.96" CC="650"/>
						<SP ID="P7_SP00073" HPOS="997" VPOS="1072" WIDTH="23"/>
						<String ID="P7_ST00083" HPOS="1020" VPOS="1004" WIDTH="299" HEIGHT="63" CONTENT="Rambaut," WC="0.84" CC="00000606"/>
						<SP ID="P7_SP00074" HPOS="1319" VPOS="1072" WIDTH="26"/>
						<String ID="P7_ST00084" HPOS="1345" VPOS="1023" WIDTH="142" HEIGHT="51" CONTENT="pour" WC="0.98" CC="0053"/>
						<SP ID="P7_SP00075" HPOS="1487" VPOS="1074" WIDTH="18"/>
						<String ID="P7_ST00085" HPOS="1505" VPOS="1007" WIDTH="49" HEIGHT="52" CONTENT="la" WC="0.98" CC="00"/>
						<SP ID="P7_SP00076" HPOS="1554" VPOS="1074" WIDTH="19"/>
						<String ID="P7_ST00086" HPOS="1573" VPOS="1007" WIDTH="189" HEIGHT="52" CONTENT="raison" WC="0.99" CC="000303"/>
						<SP ID="P7_SP00077" HPOS="1762" VPOS="1074" WIDTH="31"/>
						<String ID="P7_ST00087" HPOS="1793" VPOS="1026" WIDTH="108" HEIGHT="51" CONTENT="que" WC="0.95" CC="750"/>
						<SP ID="P7_SP00078" HPOS="1901" VPOS="1077" WIDTH="21"/>
						<String ID="P7_ST00088" HPOS="1922" VPOS="1026" WIDTH="139" HEIGHT="34" CONTENT="vous" WC="0.99" CC="0202"/>
					</TextLine>
					<TextLine ID="P7_TL00011" HPOS="90" VPOS="1079" WIDTH="1973" HEIGHT="74">
						<String ID="P7_ST00089" HPOS="90" VPOS="1096" WIDTH="162" HEIGHT="34" CONTENT="venez" WC="1.00" CC="00001"/>
						<SP ID="P7_SP00079" HPOS="252" VPOS="1130" WIDTH="22"/>
						<String ID="P7_ST00090" HPOS="274" VPOS="1079" WIDTH="199" HEIGHT="65" CONTENT="d'ouïr," WC="0.99" CC="0030043"/>
						<SP ID="P7_SP00080" HPOS="473" VPOS="1144" WIDTH="18"/>
						<String ID="P7_ST00091" HPOS="491" VPOS="1079" WIDTH="60" HEIGHT="51" CONTENT="fit" WC="0.94" CC="752"/>
						<SP ID="P7_SP00081" HPOS="551" VPOS="1144" WIDTH="24"/>
						<String ID="P7_ST00092" HPOS="575" VPOS="1096" WIDTH="110" HEIGHT="35" CONTENT="une" WC="0.98" CC="600"/>
						<SP ID="P7_SP00082" HPOS="685" VPOS="1144" WIDTH="23"/>
						<String ID="P7_ST00093" HPOS="708" VPOS="1079" WIDTH="303" HEIGHT="69" CONTENT="estampida" WC="0.80" CC="403305001" STYLEREFS="TXT_2"/>
						<SP ID="P7_SP00083" HPOS="1011" VPOS="1148" WIDTH="33"/>
						<String ID="P7_ST00094" HPOS="1044" VPOS="1098" WIDTH="68" HEIGHT="33" CONTENT="en" WC="0.66" CC="06"/>
						<SP ID="P7_SP00084" HPOS="1112" VPOS="1148" WIDTH="22"/>
						<String ID="P7_ST00095" HPOS="1134" VPOS="1098" WIDTH="89" HEIGHT="33" CONTENT="ces" WC="0.97" CC="402"/>
						<SP ID="P7_SP00085" HPOS="1223" VPOS="1148" WIDTH="16"/>
						<String ID="P7_ST00096" HPOS="1239" VPOS="1095" WIDTH="226" HEIGHT="48" CONTENT="termes," WC="1.00" CC="0020005"/>
						<SP ID="P7_SP00086" HPOS="1465" VPOS="1148" WIDTH="24"/>
						<String ID="P7_ST00097" HPOS="1489" VPOS="1083" WIDTH="106" HEIGHT="51" CONTENT="don" WC="0.98" CC="040" STYLEREFS="TXT_2"/>
						<SP ID="P7_SP00087" HPOS="1595" VPOS="1148" WIDTH="25"/>
						<String ID="P7_ST00098" HPOS="1620" VPOS="1084" WIDTH="322" HEIGHT="69" CONTENT="Raimbaut\" WC="0.79" CC="000300059" STYLEREFS="TXT_2"/>
						<SP ID="P7_SP00088" HPOS="1942" VPOS="1153" WIDTH="19"/>
						<String ID="P7_ST00099" HPOS="1961" VPOS="1101" WIDTH="102" HEIGHT="52" CONTENT="per" WC="0.78" CC="060" STYLEREFS="TXT_2"/>
					</TextLine>
					<TextLine ID="P7_TL00012" HPOS="105" VPOS="1155" WIDTH="1835" HEIGHT="72">
						<String ID="P7_ST00100" HPOS="105" VPOS="1159" WIDTH="216" HEIGHT="64" CONTENT="aquesta" WC="0.39" CC="9338907" STYLEREFS="TXT_2"/>
						<SP ID="P7_SP00089" HPOS="321" VPOS="1223" WIDTH="4"/>
						<String ID="P7_ST00101" HPOS="325" VPOS="1171" WIDTH="166" HEIGHT="51" CONTENT="ra\on" WC="0.66" CC="13900" STYLEREFS="TXT_2"/>
						<SP ID="P7_SP00090" HPOS="491" VPOS="1223" WIDTH="462"/>
						<String ID="P7_ST00102" HPOS="953" VPOS="1172" WIDTH="98" HEIGHT="51" CONTENT="que" WC="0.95" CC="308" STYLEREFS="TXT_2"/>
						<SP ID="P7_SP00091" HPOS="1051" VPOS="1223" WIDTH="134"/>
						<String ID="P7_ST00103" HPOS="1185" VPOS="1172" WIDTH="94" HEIGHT="34" CONTENT="POS" WC="0.57" CC="902" STYLEREFS="TXT_3"/>
						<SP ID="P7_SP00092" HPOS="1279" VPOS="1223" WIDTH="139"/>
						<String ID="P7_ST00104" HPOS="1418" VPOS="1162" WIDTH="150" HEIGHT="62" CONTENT="avet\" WC="0.59" CC="50049" STYLEREFS="TXT_2"/>
						<SP ID="P7_SP00093" HPOS="1568" VPOS="1224" WIDTH="-441"/>
						<String ID="P7_ST00105" HPOS="1127" VPOS="1155" WIDTH="813" HEIGHT="72" CONTENT="ausit,fet\" WC="0.78" CC="4000010627" STYLEREFS="TXT_2"/>
						<SP ID="P7_SP00094" HPOS="1940" VPOS="1227" WIDTH="-588"/>
						<String ID="P7_ST00106" HPOS="1352" VPOS="1158" WIDTH="289" HEIGHT="69" CONTENT="'stampida" WC="0.79" CC="700700003" STYLEREFS="TXT_2"/>
					</TextLine>
					<TextLine ID="P7_TL00013" HPOS="797" VPOS="1253" WIDTH="379" HEIGHT="49">
						<String ID="P7_ST00107" HPOS="797" VPOS="1253" WIDTH="223" HEIGHT="47" CONTENT="Kalenda" WC="0.90" CC="0010500" STYLEREFS="TXT_4"/>
						<SP ID="P7_SP00095" HPOS="1020" VPOS="1300" WIDTH="26"/>
						<String ID="P7_ST00108" HPOS="1046" VPOS="1257" WIDTH="130" HEIGHT="45" CONTENT="maia" WC="0.88" CC="4000" STYLEREFS="TXT_4"/>
					</TextLine>
					<TextLine ID="P7_TL00014" HPOS="796" VPOS="1322" WIDTH="397" HEIGHT="48">
						<String ID="P7_ST00109" HPOS="796" VPOS="1322" WIDTH="63" HEIGHT="47" CONTENT="Ni" WC="0.69" CC="60" STYLEREFS="TXT_4"/>
						<SP ID="P7_SP00096" HPOS="859" VPOS="1369" WIDTH="22"/>
						<String ID="P7_ST00110" HPOS="881" VPOS="1323" WIDTH="92" HEIGHT="47" CONTENT="flor" WC="0.57" CC="5650" STYLEREFS="TXT_4"/>
						<SP ID="P7_SP00097" HPOS="973" VPOS="1370" WIDTH="21"/>
						<String ID="P7_ST00111" HPOS="994" VPOS="1323" WIDTH="60" HEIGHT="47" CONTENT="de" WC="1.00" CC="00" STYLEREFS="TXT_4"/>
						<SP ID="P7_SP00098" HPOS="1054" VPOS="1370" WIDTH="23"/>
						<String ID="P7_ST00112" HPOS="1077" VPOS="1322" WIDTH="116" HEIGHT="48" CONTENT="faia." WC="0.76" CC="40303" STYLEREFS="TXT_4"/>
					</TextLine>
					<TextLine ID="P7_TL00015" HPOS="795" VPOS="1389" WIDTH="487" HEIGHT="51">
						<String ID="P7_ST00113" HPOS="795" VPOS="1389" WIDTH="64" HEIGHT="48" CONTENT="Ni" WC="0.89" CC="20" STYLEREFS="TXT_4"/>
						<SP ID="P7_SP00099" HPOS="859" VPOS="1437" WIDTH="23"/>
						<String ID="P7_ST00114" HPOS="882" VPOS="1402" WIDTH="113" HEIGHT="38" CONTENT="cant" WC="0.61" CC="3083" STYLEREFS="TXT_4"/>
						<SP ID="P7_SP00100" HPOS="995" VPOS="1440" WIDTH="19"/>
						<String ID="P7_ST00115" HPOS="1014" VPOS="1392" WIDTH="268" HEIGHT="48" CONTENT="d'ausell..." WC="0.83" CC="03000047101" STYLEREFS="TXT_4"/>
					</TextLine>
					<TextLine ID="P7_TL00016" HPOS="150" VPOS="1510" WIDTH="1906" HEIGHT="71">
						<String ID="P7_ST00116" HPOS="150" VPOS="1511" WIDTH="71" HEIGHT="51" CONTENT="Et" WC="0.93" CC="01"/>
						<SP ID="P7_SP00101" HPOS="221" VPOS="1562" WIDTH="33"/>
						<String ID="P7_ST00117" HPOS="254" VPOS="1510" WIDTH="45" HEIGHT="52" CONTENT="le" WC="0.56" CC="62"/>
						<SP ID="P7_SP00102" HPOS="299" VPOS="1562" WIDTH="26"/>
						<String ID="P7_ST00118" HPOS="325" VPOS="1510" WIDTH="303" HEIGHT="71" CONTENT="biographe" WC="1.00" CC="000050000"/>
						<SP ID="P7_SP00103" HPOS="628" VPOS="1581" WIDTH="49"/>
						<String ID="P7_ST00119" HPOS="677" VPOS="1511" WIDTH="184" HEIGHT="67" CONTENT="ajoute" WC="0.98" CC="073500"/>
						<SP ID="P7_SP00104" HPOS="861" VPOS="1581" WIDTH="26"/>
						<String ID="P7_ST00120" HPOS="887" VPOS="1529" WIDTH="11" HEIGHT="35" CONTENT=":" WC="0.40" CC="5"/>
						<SP ID="P7_SP00105" HPOS="898" VPOS="1581" WIDTH="53"/>
						<String ID="P7_ST00121" HPOS="951" VPOS="1533" WIDTH="24" HEIGHT="28" CONTENT="«" WC="0.47" CC="5"/>
						<SP ID="P7_SP00106" HPOS="975" VPOS="1581" WIDTH="34"/>
						<String ID="P7_ST00122" HPOS="1009" VPOS="1512" WIDTH="157" HEIGHT="54" CONTENT="Cette" WC="0.99" CC="40010"/>
						<SP ID="P7_SP00107" HPOS="1166" VPOS="1581" WIDTH="370"/>
						<String ID="P7_ST00123" HPOS="1536" VPOS="1515" WIDTH="82" HEIGHT="52" CONTENT="fut" WC="0.98" CC="040"/>
						<SP ID="P7_SP00108" HPOS="1618" VPOS="1581" WIDTH="33"/>
						<String ID="P7_ST00124" HPOS="1651" VPOS="1515" WIDTH="128" HEIGHT="52" CONTENT="faite" WC="1.00" CC="00000"/>
						<SP ID="P7_SP00109" HPOS="1779" VPOS="1581" WIDTH="33"/>
						<String ID="P7_ST00125" HPOS="1812" VPOS="1533" WIDTH="95" HEIGHT="34" CONTENT="sur" WC="0.98" CC="032"/>
						<SP ID="P7_SP00110" HPOS="1907" VPOS="1581" WIDTH="33"/>
						<String ID="P7_ST00126" HPOS="1940" VPOS="1516" WIDTH="116" HEIGHT="52" CONTENT="l'air" WC="0.99" CC="00006"/>
					</TextLine>
					<TextLine ID="P7_TL00017" HPOS="82" VPOS="1585" WIDTH="1965" HEIGHT="71">
						<String ID="P7_ST00127" HPOS="82" VPOS="1586" WIDTH="62" HEIGHT="51" CONTENT="de" WC="1.00" CC="00"/>
						<SP ID="P7_SP00111" HPOS="144" VPOS="1637" WIDTH="136"/>
						<String ID="P7_ST00128" HPOS="280" VPOS="1586" WIDTH="32" HEIGHT="50" CONTENT="X" WC="0.27" CC="7" STYLEREFS="TXT_2"/>
						<SP ID="P7_SP00112" HPOS="312" VPOS="1637" WIDTH="5"/>
						<String ID="P7_ST00129" HPOS="317" VPOS="1585" WIDTH="284" HEIGHT="70" CONTENT="estampida" WC="0.52" CC="986120049" STYLEREFS="TXT_2"/>
						<SP ID="P7_SP00113" HPOS="601" VPOS="1655" WIDTH="1"/>
						<String ID="P7_ST00130" HPOS="602" VPOS="1605" WIDTH="45" HEIGHT="51" CONTENT="que" WC="1.00" CC="000"/>
						<SP ID="P7_SP00114" HPOS="647" VPOS="1656" WIDTH="33"/>
						<String ID="P7_ST00131" HPOS="680" VPOS="1587" WIDTH="78" HEIGHT="51" CONTENT="les" WC="1.00" CC="000"/>
						<SP ID="P7_SP00115" HPOS="758" VPOS="1656" WIDTH="28"/>
						<String ID="P7_ST00132" HPOS="786" VPOS="1587" WIDTH="282" HEIGHT="69" CONTENT="jongleurs" WC="0.99" CC="754000640"/>
						<SP ID="P7_SP00116" HPOS="1068" VPOS="1656" WIDTH="20"/>
						<String ID="P7_ST00133" HPOS="1088" VPOS="1587" WIDTH="221" HEIGHT="52" CONTENT="avaient" WC="1.00" CC="0000000"/>
						<SP ID="P7_SP00117" HPOS="1309" VPOS="1656" WIDTH="27"/>
						<String ID="P7_ST00134" HPOS="1336" VPOS="1589" WIDTH="158" HEIGHT="67" CONTENT="jouée" WC="0.98" CC="35500"/>
						<SP ID="P7_SP00118" HPOS="1494" VPOS="1656" WIDTH="34"/>
						<String ID="P7_ST00135" HPOS="1528" VPOS="1605" WIDTH="96" HEIGHT="36" CONTENT="sur" WC="0.97" CC="070"/>
						<SP ID="P7_SP00119" HPOS="1624" VPOS="1656" WIDTH="46"/>
						<String ID="P7_ST00136" HPOS="1670" VPOS="1590" WIDTH="147" HEIGHT="52" CONTENT="leurs" WC="0.98" CC="50050"/>
						<SP ID="P7_SP00120" HPOS="1817" VPOS="1656" WIDTH="37"/>
						<String ID="P7_ST00137" HPOS="1854" VPOS="1590" WIDTH="193" HEIGHT="66" CONTENT="violes," WC="1.00" CC="0040000"/>
					</TextLine>
					<TextLine ID="P7_TL00018" HPOS="94" VPOS="1662" WIDTH="1975" HEIGHT="70">
						<String ID="P7_ST00138" HPOS="94" VPOS="1663" WIDTH="236" HEIGHT="68" CONTENT="aquesta'," WC="0.80" CC="020600313" STYLEREFS="TXT_2"/>
						<SP ID="P7_SP00121" HPOS="330" VPOS="1731" WIDTH="234"/>
						<String ID="P7_ST00139" HPOS="564" VPOS="1662" WIDTH="271" HEIGHT="69" CONTENT="stampida" WC="0.86" CC="00430002" STYLEREFS="TXT_2"/>
						<SP ID="P7_SP00122" HPOS="835" VPOS="1731" WIDTH="309"/>
						<String ID="P7_ST00140" HPOS="1144" VPOS="1663" WIDTH="60" HEIGHT="69" CONTENT="fo" WC="1.00" CC="00" STYLEREFS="TXT_2"/>
						<SP ID="P7_SP00123" HPOS="1204" VPOS="1732" WIDTH="105"/>
						<String ID="P7_ST00141" HPOS="1309" VPOS="1663" WIDTH="165" HEIGHT="65" CONTENT="facha" WC="0.78" CC="06004" STYLEREFS="TXT_2"/>
						<SP ID="P7_SP00124" HPOS="1474" VPOS="1732" WIDTH="214"/>
						<String ID="P7_ST00142" HPOS="1688" VPOS="1683" WIDTH="31" HEIGHT="33" CONTENT="a" WC="0.37" CC="6" STYLEREFS="TXT_2"/>
						<SP ID="P7_SP00125" HPOS="1719" VPOS="1732" WIDTH="19"/>
						<String ID="P7_ST00143" HPOS="1738" VPOS="1663" WIDTH="84" HEIGHT="53" CONTENT="las" WC="0.97" CC="061" STYLEREFS="TXT_2"/>
						<SP ID="P7_SP00126" HPOS="1822" VPOS="1732" WIDTH="182"/>
						<String ID="P7_ST00144" HPOS="2004" VPOS="1681" WIDTH="65" HEIGHT="36" CONTENT="no" WC="0.97" CC="00" STYLEREFS="TXT_2"/>
					</TextLine>
					<TextLine ID="P7_TL00019" HPOS="77" VPOS="1737" WIDTH="631" HEIGHT="69">
						<String ID="P7_ST00145" HPOS="77" VPOS="1737" WIDTH="178" HEIGHT="69" CONTENT="fasion" WC="0.81" CC="050014" STYLEREFS="TXT_2"/>
						<SP ID="P7_SP00127" HPOS="255" VPOS="1806" WIDTH="25"/>
						<String ID="P7_ST00146" HPOS="280" VPOS="1755" WIDTH="61" HEIGHT="34" CONTENT="en" WC="1.00" CC="00" STYLEREFS="TXT_2"/>
						<SP ID="P7_SP00128" HPOS="341" VPOS="1806" WIDTH="27"/>
						<String ID="P7_ST00147" HPOS="368" VPOS="1738" WIDTH="81" HEIGHT="51" CONTENT="las" WC="0.99" CC="010" STYLEREFS="TXT_2"/>
						<SP ID="P7_SP00129" HPOS="449" VPOS="1806" WIDTH="17"/>
						<String ID="P7_ST00148" HPOS="466" VPOS="1737" WIDTH="175" HEIGHT="53" CONTENT="violas" WC="0.98" CC="506050" STYLEREFS="TXT_2"/>
						<SP ID="P7_SP00130" HPOS="641" VPOS="1806" WIDTH="20"/>
						<String ID="P7_ST00149" HPOS="661" VPOS="1757" WIDTH="47" HEIGHT="33" CONTENT="»." WC="0.68" CC="50" STYLEREFS="TXT_2"/>
					</TextLine>
					<TextLine ID="P7_TL00020" HPOS="143" VPOS="1812" WIDTH="1908" HEIGHT="72">
						<String ID="P7_ST00150" HPOS="143" VPOS="1812" WIDTH="159" HEIGHT="52" CONTENT="Voilà" WC="0.98" CC="60220"/>
						<SP ID="P7_SP00131" HPOS="302" VPOS="1864" WIDTH="33"/>
						<String ID="P7_ST00151" HPOS="335" VPOS="1815" WIDTH="149" HEIGHT="50" CONTENT="donc" WC="0.98" CC="0160"/>
						<SP ID="P7_SP00132" HPOS="484" VPOS="1865" WIDTH="45"/>
						<String ID="P7_ST00152" HPOS="529" VPOS="1813" WIDTH="267" HEIGHT="54" CONTENT="l'histoire" WC="1.00" CC="0100003130"/>
						<SP ID="P7_SP00133" HPOS="796" VPOS="1867" WIDTH="39"/>
						<String ID="P7_ST00153" HPOS="835" VPOS="1830" WIDTH="12" HEIGHT="37" CONTENT=":" WC="0.28" CC="7"/>
						<SP ID="P7_SP00134" HPOS="847" VPOS="1867" WIDTH="35"/>
						<String ID="P7_ST00154" HPOS="882" VPOS="1832" WIDTH="59" HEIGHT="35" CONTENT="ce" WC="0.77" CC="40"/>
						<SP ID="P7_SP00135" HPOS="941" VPOS="1867" WIDTH="29"/>
						<String ID="P7_ST00155" HPOS="970" VPOS="1815" WIDTH="133" HEIGHT="68" CONTENT="qu'il" WC="0.99" CC="04020"/>
						<SP ID="P7_SP00136" HPOS="1103" VPOS="1883" WIDTH="42"/>
						<String ID="P7_ST00156" HPOS="1145" VPOS="1816" WIDTH="117" HEIGHT="52" CONTENT="faut" WC="0.98" CC="3060"/>
						<SP ID="P7_SP00137" HPOS="1262" VPOS="1883" WIDTH="52"/>
						<String ID="P7_ST00157" HPOS="1314" VPOS="1816" WIDTH="208" HEIGHT="51" CONTENT="retenir" WC="0.99" CC="3000025"/>
						<SP ID="P7_SP00138" HPOS="1522" VPOS="1883" WIDTH="21"/>
						<String ID="P7_ST00158" HPOS="1543" VPOS="1832" WIDTH="68" HEIGHT="36" CONTENT="au" WC="0.68" CC="06"/>
						<SP ID="P7_SP00139" HPOS="1611" VPOS="1883" WIDTH="41"/>
						<String ID="P7_ST00159" HPOS="1652" VPOS="1815" WIDTH="160" HEIGHT="69" CONTENT="point" WC="0.99" CC="00060"/>
						<SP ID="P7_SP00140" HPOS="1812" VPOS="1884" WIDTH="32"/>
						<String ID="P7_ST00160" HPOS="1844" VPOS="1816" WIDTH="67" HEIGHT="52" CONTENT="de" WC="1.00" CC="00"/>
						<SP ID="P7_SP00141" HPOS="1911" VPOS="1884" WIDTH="37"/>
						<String ID="P7_ST00161" HPOS="1948" VPOS="1834" WIDTH="103" HEIGHT="34" CONTENT="vue" WC="1.00" CC="000"/>
					</TextLine>
					<TextLine ID="P7_TL00021" HPOS="80" VPOS="1888" WIDTH="1503" HEIGHT="73">
						<String ID="P7_ST00162" HPOS="80" VPOS="1888" WIDTH="453" HEIGHT="71" CONTENT="musicologique," WC="0.84" CC="00003004520600"/>
						<SP ID="P7_SP00142" HPOS="533" VPOS="1959" WIDTH="31"/>
						<String ID="P7_ST00163" HPOS="564" VPOS="1891" WIDTH="132" HEIGHT="52" CONTENT="c'est" WC="1.00" CC="00100"/>
						<SP ID="P7_SP00143" HPOS="696" VPOS="1959" WIDTH="49"/>
						<String ID="P7_ST00164" HPOS="745" VPOS="1909" WIDTH="107" HEIGHT="50" CONTENT="que" WC="0.98" CC="050"/>
						<SP ID="P7_SP00144" HPOS="852" VPOS="1959" WIDTH="42"/>
						<String ID="P7_ST00165" HPOS="894" VPOS="1892" WIDTH="77" HEIGHT="51" CONTENT="les" WC="1.00" CC="000"/>
						<SP ID="P7_SP00145" HPOS="971" VPOS="1959" WIDTH="27"/>
						<String ID="P7_ST00166" HPOS="998" VPOS="1892" WIDTH="218" HEIGHT="69" CONTENT="paroles" WC="0.99" CC="0034700"/>
						<SP ID="P7_SP00146" HPOS="1216" VPOS="1961" WIDTH="24"/>
						<String ID="P7_ST00167" HPOS="1240" VPOS="1893" WIDTH="65" HEIGHT="51" CONTENT="de" WC="1.00" CC="00"/>
						<SP ID="P7_SP00147" HPOS="1305" VPOS="1961" WIDTH="36"/>
						<String ID="P7_ST00168" HPOS="1341" VPOS="1892" WIDTH="49" HEIGHT="51" CONTENT="la" WC="0.79" CC="40"/>
						<SP ID="P7_SP00148" HPOS="1390" VPOS="1961" WIDTH="40"/>
						<String ID="P7_ST00169" HPOS="1430" VPOS="1892" WIDTH="153" HEIGHT="69" CONTENT="pièce" WC="1.00" CC="00120"/>
					</TextLine>
					<TextLine ID="P7_TL00022" HPOS="77" VPOS="1964" WIDTH="1971" HEIGHT="73">
						<String ID="P7_ST00170" HPOS="77" VPOS="1964" WIDTH="179" HEIGHT="53" CONTENT="furent" WC="0.99" CC="422001"/>
						<SP ID="P7_SP00149" HPOS="256" VPOS="2017" WIDTH="23"/>
						<String ID="P7_ST00171" HPOS="279" VPOS="1971" WIDTH="330" HEIGHT="63" CONTENT="composées" WC="1.00" CC="000000100"/>
						<SP ID="P7_SP00150" HPOS="609" VPOS="2034" WIDTH="26"/>
						<String ID="P7_ST00172" HPOS="635" VPOS="1984" WIDTH="96" HEIGHT="52" CONTENT="par" WC="0.97" CC="026"/>
						<SP ID="P7_SP00151" HPOS="731" VPOS="2036" WIDTH="26"/>
						<String ID="P7_ST00173" HPOS="757" VPOS="1967" WIDTH="282" HEIGHT="52" CONTENT="Rambaut" WC="0.84" CC="0000055"/>
						<SP ID="P7_SP00152" HPOS="1039" VPOS="2036" WIDTH="20"/>
						<String ID="P7_ST00174" HPOS="1059" VPOS="1968" WIDTH="67" HEIGHT="51" CONTENT="de" WC="1.00" CC="00"/>
						<SP ID="P7_SP00153" HPOS="1126" VPOS="2036" WIDTH="27"/>
						<String ID="P7_ST00175" HPOS="1153" VPOS="1967" WIDTH="470" HEIGHT="70" CONTENT="Vaqueiraspour" WC="0.81" CC="8005000000440"/>
						<SP ID="P7_SP00154" HPOS="1623" VPOS="2037" WIDTH="21"/>
						<String ID="P7_ST00176" HPOS="1644" VPOS="1973" WIDTH="115" HEIGHT="46" CONTENT="être" WC="0.98" CC="1540"/>
						<SP ID="P7_SP00155" HPOS="1759" VPOS="2037" WIDTH="26"/>
						<String ID="P7_ST00177" HPOS="1785" VPOS="1968" WIDTH="263" HEIGHT="69" CONTENT="adaptées" WC="1.00" CC="20000000"/>
					</TextLine>
					<TextLine ID="P7_TL00023" HPOS="77" VPOS="2041" WIDTH="1087" HEIGHT="68">
						<String ID="P7_ST00178" HPOS="77" VPOS="2057" WIDTH="89" HEIGHT="37" CONTENT="sur" WC="1.00" CC="000"/>
						<SP ID="P7_SP00156" HPOS="166" VPOS="2094" WIDTH="36"/>
						<String ID="P7_ST00179" HPOS="202" VPOS="2058" WIDTH="109" HEIGHT="35" CONTENT="une" WC="0.96" CC="650"/>
						<SP ID="P7_SP00157" HPOS="311" VPOS="2094" WIDTH="25"/>
						<String ID="P7_ST00180" HPOS="336" VPOS="2041" WIDTH="248" HEIGHT="53" CONTENT="mélodie" WC="0.99" CC="0018000"/>
						<SP ID="P7_SP00158" HPOS="584" VPOS="2094" WIDTH="28"/>
						<String ID="P7_ST00181" HPOS="612" VPOS="2041" WIDTH="428" HEIGHT="53" CONTENT="instrumentale" WC="1.00" CC="0500250040020"/>
						<SP ID="P7_SP00159" HPOS="1040" VPOS="2094" WIDTH="34"/>
						<String ID="P7_ST00182" HPOS="1074" VPOS="2044" WIDTH="90" HEIGHT="65" CONTENT="(i)." WC="0.63" CC="1274"/>
					</TextLine>
					<TextLine ID="P7_TL00024" HPOS="136" VPOS="2180" WIDTH="1906" HEIGHT="75">
						<String ID="P7_ST00183" HPOS="136" VPOS="2180" WIDTH="224" HEIGHT="52" CONTENT="Venons" WC="0.98" CC="601260"/>
						<SP ID="P7_SP00160" HPOS="360" VPOS="2232" WIDTH="47"/>
						<String ID="P7_ST00184" HPOS="407" VPOS="2183" WIDTH="351" HEIGHT="52" CONTENT="maintenant" WC="1.00" CC="0004005060"/>
						<SP ID="P7_SP00161" HPOS="758" VPOS="2235" WIDTH="32"/>
						<String ID="P7_ST00185" HPOS="790" VPOS="2188" WIDTH="29" HEIGHT="47" CONTENT="à" WC="0.69" CC="3"/>
						<SP ID="P7_SP00162" HPOS="819" VPOS="2235" WIDTH="32"/>
						<String ID="P7_ST00186" HPOS="851" VPOS="2184" WIDTH="50" HEIGHT="51" CONTENT="la" WC="1.00" CC="00"/>
						<SP ID="P7_SP00163" HPOS="901" VPOS="2235" WIDTH="49"/>
						<String ID="P7_ST00187" HPOS="950" VPOS="2185" WIDTH="238" HEIGHT="51" CONTENT="seconde" WC="0.99" CC="0023600"/>
						<SP ID="P7_SP00164" HPOS="1188" VPOS="2236" WIDTH="27"/>
						<String ID="P7_ST00188" HPOS="1215" VPOS="2185" WIDTH="140" HEIGHT="53" CONTENT="série" WC="0.99" CC="00540"/>
						<SP ID="P7_SP00165" HPOS="1355" VPOS="2238" WIDTH="34"/>
						<String ID="P7_ST00189" HPOS="1389" VPOS="2187" WIDTH="66" HEIGHT="51" CONTENT="de" WC="1.00" CC="00"/>
						<SP ID="P7_SP00166" HPOS="1455" VPOS="2238" WIDTH="27"/>
						<String ID="P7_ST00190" HPOS="1482" VPOS="2185" WIDTH="183" HEIGHT="70" CONTENT="pièces" WC="0.99" CC="002300"/>
						<SP ID="P7_SP00167" HPOS="1665" VPOS="2255" WIDTH="44"/>
						<String ID="P7_ST00191" HPOS="1709" VPOS="2187" WIDTH="333" HEIGHT="52" CONTENT="établissant" WC="1.00" CC="01002000002"/>
					</TextLine>
					<TextLine ID="P7_TL00025" HPOS="77" VPOS="2255" WIDTH="1961" HEIGHT="75">
						<String ID="P7_ST00192" HPOS="77" VPOS="2255" WIDTH="42" HEIGHT="51" CONTENT="le" WC="1.00" CC="00"/>
						<SP ID="P7_SP00168" HPOS="119" VPOS="2306" WIDTH="22"/>
						<String ID="P7_ST00193" HPOS="141" VPOS="2260" WIDTH="269" HEIGHT="49" CONTENT="caractère" WC="1.00" CC="007000410"/>
						<SP ID="P7_SP00169" HPOS="410" VPOS="2309" WIDTH="39"/>
						<String ID="P7_ST00194" HPOS="449" VPOS="2259" WIDTH="74" HEIGHT="52" CONTENT="du" WC="0.65" CC="06"/>
						<SP ID="P7_SP00170" HPOS="523" VPOS="2311" WIDTH="28"/>
						<String ID="P7_ST00195" HPOS="551" VPOS="2276" WIDTH="185" HEIGHT="53" CONTENT="genre." WC="0.99" CC="900500"/>
						<SP ID="P7_SP00171" HPOS="736" VPOS="2329" WIDTH="59"/>
						<String ID="P7_ST00196" HPOS="795" VPOS="2258" WIDTH="77" HEIGHT="54" CONTENT="Ce" WC="0.65" CC="70"/>
						<SP ID="P7_SP00172" HPOS="872" VPOS="2329" WIDTH="34"/>
						<String ID="P7_ST00197" HPOS="906" VPOS="2274" WIDTH="129" HEIGHT="37" CONTENT="sont" WC="0.97" CC="0445"/>
						<SP ID="P7_SP00173" HPOS="1035" VPOS="2329" WIDTH="25"/>
						<String ID="P7_ST00198" HPOS="1060" VPOS="2260" WIDTH="273" HEIGHT="69" CONTENT="quelques" WC="1.00" CC="06000200"/>
						<SP ID="P7_SP00174" HPOS="1333" VPOS="2329" WIDTH="33"/>
						<String ID="P7_ST00199" HPOS="1366" VPOS="2274" WIDTH="174" HEIGHT="38" CONTENT="textes" WC="1.00" CC="000000"/>
						<SP ID="P7_SP00175" HPOS="1540" VPOS="2329" WIDTH="19"/>
						<String ID="P7_ST00200" HPOS="1559" VPOS="2267" WIDTH="329" HEIGHT="63" CONTENT="empruntés" WC="1.00" CC="000230010"/>
						<SP ID="P7_SP00176" HPOS="1888" VPOS="2330" WIDTH="38"/>
						<String ID="P7_ST00201" HPOS="1926" VPOS="2265" WIDTH="29" HEIGHT="49" CONTENT="à" WC="0.31" CC="6"/>
						<SP ID="P7_SP00177" HPOS="1955" VPOS="2330" WIDTH="32"/>
						<String ID="P7_ST00202" HPOS="1987" VPOS="2263" WIDTH="51" HEIGHT="51" CONTENT="la" WC="0.83" CC="30"/>
					</TextLine>
					<TextLine ID="P7_TL00026" HPOS="77" VPOS="2329" WIDTH="838" HEIGHT="75">
						<String ID="P7_ST00203" HPOS="77" VPOS="2329" WIDTH="292" HEIGHT="56" CONTENT="littérature" WC="1.00" CC="00005010120"/>
						<SP ID="P7_SP00178" HPOS="369" VPOS="2385" WIDTH="33"/>
						<String ID="P7_ST00204" HPOS="402" VPOS="2334" WIDTH="74" HEIGHT="52" CONTENT="du" WC="1.00" CC="00"/>
						<SP ID="P7_SP00179" HPOS="476" VPOS="2386" WIDTH="27"/>
						<String ID="P7_ST00205" HPOS="503" VPOS="2337" WIDTH="182" HEIGHT="49" CONTENT="même" WC="0.99" CC="0300"/>
						<SP ID="P7_SP00180" HPOS="685" VPOS="2386" WIDTH="27"/>
						<String ID="P7_ST00206" HPOS="712" VPOS="2348" WIDTH="203" HEIGHT="56" CONTENT="temps." WC="1.00" CC="000003"/>
					</TextLine>
					<TextLine ID="P7_TL00027" HPOS="1046" VPOS="2432" WIDTH="26" HEIGHT="26">
						<String ID="P7_ST00207" HPOS="1046" VPOS="2432" WIDTH="26" HEIGHT="26" CONTENT="#" WC="0.17" CC="8" STYLEREFS="TXT_5"/>
					</TextLine>
					<TextLine ID="P7_TL00028" HPOS="617" VPOS="2516" WIDTH="905" HEIGHT="59">
						<String ID="P7_ST00208" HPOS="617" VPOS="2516" WIDTH="43" HEIGHT="47" CONTENT="E" WC="1.00" CC="0" STYLEREFS="TXT_4"/>
						<SP ID="P7_SP00181" HPOS="660" VPOS="2563" WIDTH="23"/>
						<String ID="P7_ST00209" HPOS="683" VPOS="2516" WIDTH="179" HEIGHT="54" CONTENT="Marot," WC="0.68" CC="105713" STYLEREFS="TXT_4"/>
						<SP ID="P7_SP00182" HPOS="862" VPOS="2570" WIDTH="28"/>
						<String ID="P7_ST00210" HPOS="890" VPOS="2532" WIDTH="89" HEIGHT="43" CONTENT="par" WC="1.00" CC="000" STYLEREFS="TXT_4"/>
						<SP ID="P7_SP00183" HPOS="979" VPOS="2575" WIDTH="24"/>
						<String ID="P7_ST00211" HPOS="1003" VPOS="2518" WIDTH="230" HEIGHT="45" CONTENT="cortoisie" WC="0.87" CC="050200002" STYLEREFS="TXT_4"/>
						<SP ID="P7_SP00184" HPOS="1233" VPOS="2575" WIDTH="18"/>
						<String ID="P7_ST00212" HPOS="1251" VPOS="2517" WIDTH="43" HEIGHT="58" CONTENT="je" WC="1.00" CC="00" STYLEREFS="TXT_4"/>
						<SP ID="P7_SP00185" HPOS="1294" VPOS="2575" WIDTH="26"/>
						<String ID="P7_ST00213" HPOS="1320" VPOS="2527" WIDTH="45" HEIGHT="36" CONTENT="te" WC="0.78" CC="40" STYLEREFS="TXT_4"/>
						<SP ID="P7_SP00186" HPOS="1365" VPOS="2575" WIDTH="36"/>
						<String ID="P7_ST00214" HPOS="1401" VPOS="2521" WIDTH="121" HEIGHT="54" CONTENT="prie," WC="0.99" CC="05003" STYLEREFS="TXT_4"/>
					</TextLine>
					<TextLine ID="P7_TL00029" HPOS="622" VPOS="2584" WIDTH="714" HEIGHT="60">
						<String ID="P7_ST00215" HPOS="622" VPOS="2586" WIDTH="121" HEIGHT="45" CONTENT="Mon" WC="0.95" CC="067" STYLEREFS="TXT_4"/>
						<SP ID="P7_SP00187" HPOS="743" VPOS="2631" WIDTH="23"/>
						<String ID="P7_ST00216" HPOS="766" VPOS="2584" WIDTH="185" HEIGHT="47" CONTENT="meffait" WC="0.82" CC="4140001" STYLEREFS="TXT_4"/>
						<SP ID="P7_SP00188" HPOS="951" VPOS="2631" WIDTH="24"/>
						<String ID="P7_ST00217" HPOS="975" VPOS="2586" WIDTH="222" HEIGHT="58" CONTENT="pardone" WC="0.87" CC="0001070" STYLEREFS="TXT_4"/>
						<SP ID="P7_SP00189" HPOS="1197" VPOS="2644" WIDTH="21"/>
						<String ID="P7_ST00218" HPOS="1218" VPOS="2587" WIDTH="118" HEIGHT="52" CONTENT="moi," WC="0.98" CC="0404" STYLEREFS="TXT_4"/>
					</TextLine>
					<TextLine ID="P7_TL00030" HPOS="617" VPOS="2653" WIDTH="809" HEIGHT="62">
						<String ID="P7_ST00219" HPOS="617" VPOS="2654" WIDTH="56" HEIGHT="61" CONTENT="Je" WC="0.81" CC="30" STYLEREFS="TXT_4"/>
						<SP ID="P7_SP00190" HPOS="673" VPOS="2715" WIDTH="34"/>
						<String ID="P7_ST00220" HPOS="707" VPOS="2653" WIDTH="121" HEIGHT="46" CONTENT="ferai" WC="1.00" CC="00200" STYLEREFS="TXT_4"/>
						<SP ID="P7_SP00191" HPOS="828" VPOS="2715" WIDTH="23"/>
						<String ID="P7_ST00221" HPOS="851" VPOS="2668" WIDTH="95" HEIGHT="32" CONTENT="une" WC="0.96" CC="540" STYLEREFS="TXT_4"/>
						<SP ID="P7_SP00192" HPOS="946" VPOS="2715" WIDTH="20"/>
						<String ID="P7_ST00222" HPOS="966" VPOS="2655" WIDTH="243" HEIGHT="58" CONTENT="estampie" WC="0.76" CC="00305072" STYLEREFS="TXT_4"/>
						<SP ID="P7_SP00193" HPOS="1209" VPOS="2715" WIDTH="21"/>
						<String ID="P7_ST00223" HPOS="1230" VPOS="2655" WIDTH="40" HEIGHT="44" CONTENT="si" WC="1.00" CC="00" STYLEREFS="TXT_4"/>
						<SP ID="P7_SP00194" HPOS="1270" VPOS="2715" WIDTH="25"/>
						<String ID="P7_ST00224" HPOS="1295" VPOS="2654" WIDTH="131" HEIGHT="57" CONTENT="jolie," WC="0.99" CC="003003" STYLEREFS="TXT_4"/>
					</TextLine>
					<TextLine ID="P7_TL00031" HPOS="617" VPOS="2721" WIDTH="824" HEIGHT="60">
						<String ID="P7_ST00225" HPOS="617" VPOS="2723" WIDTH="140" HEIGHT="45" CONTENT="Balle" WC="0.99" CC="10102" STYLEREFS="TXT_4"/>
						<SP ID="P7_SP00195" HPOS="757" VPOS="2768" WIDTH="22"/>
						<String ID="P7_ST00226" HPOS="779" VPOS="2739" WIDTH="67" HEIGHT="29" CONTENT="un" WC="0.74" CC="05" STYLEREFS="TXT_4"/>
						<SP ID="P7_SP00196" HPOS="846" VPOS="2768" WIDTH="21"/>
						<String ID="P7_ST00227" HPOS="867" VPOS="2725" WIDTH="137" HEIGHT="56" CONTENT="petit," WC="0.99" CC="003043" STYLEREFS="TXT_4"/>
						<SP ID="P7_SP00197" HPOS="1004" VPOS="2781" WIDTH="24"/>
						<String ID="P7_ST00228" HPOS="1028" VPOS="2723" WIDTH="44" HEIGHT="58" CONTENT="je" WC="0.81" CC="30" STYLEREFS="TXT_4"/>
						<SP ID="P7_SP00198" HPOS="1072" VPOS="2781" WIDTH="25"/>
						<String ID="P7_ST00229" HPOS="1097" VPOS="2721" WIDTH="99" HEIGHT="47" CONTENT="t'an" WC="0.79" CC="0107" STYLEREFS="TXT_4"/>
						<SP ID="P7_SP00199" HPOS="1196" VPOS="2781" WIDTH="25"/>
						<String ID="P7_ST00230" HPOS="1221" VPOS="2724" WIDTH="108" HEIGHT="56" CONTENT="proi" WC="0.75" CC="0360" STYLEREFS="TXT_4"/>
						<SP ID="P7_SP00200" HPOS="1329" VPOS="2781" WIDTH="27"/>
						<String ID="P7_ST00231" HPOS="1356" VPOS="2723" WIDTH="85" HEIGHT="58" CONTENT="(2)." WC="0.71" CC="7003" STYLEREFS="TXT_4"/>
					</TextLine>
					<TextLine ID="P7_TL00032" HPOS="1009" VPOS="2857" WIDTH="1060" HEIGHT="27">
						<String ID="P7_ST00232" HPOS="1009" VPOS="2857" WIDTH="26" HEIGHT="27" CONTENT="#" WC="0.28" CC="7" STYLEREFS="TXT_4"/>
						<SP ID="P7_SP00201" HPOS="1035" VPOS="2884" WIDTH="1018"/>
						<String ID="P7_ST00233" HPOS="2053" VPOS="2859" WIDTH="16" HEIGHT="25" CONTENT="*" WC="1.00" CC="0" STYLEREFS="TXT_6"/>
					</TextLine>
					<TextLine ID="P7_TL00033" HPOS="622" VPOS="2906" WIDTH="734" HEIGHT="50">
						<String ID="P7_ST00234" HPOS="622" VPOS="2907" WIDTH="123" HEIGHT="49" CONTENT="Guis" WC="0.98" CC="0330" STYLEREFS="TXT_4"/>
						<SP ID="P7_SP00202" HPOS="745" VPOS="2956" WIDTH="24"/>
						<String ID="P7_ST00235" HPOS="769" VPOS="2908" WIDTH="99" HEIGHT="47" CONTENT="dou" WC="0.76" CC="700" STYLEREFS="TXT_4"/>
						<SP ID="P7_SP00203" HPOS="868" VPOS="2956" WIDTH="26"/>
						<String ID="P7_ST00236" HPOS="894" VPOS="2907" WIDTH="143" HEIGHT="47" CONTENT="tabor" WC="0.91" CC="00040" STYLEREFS="TXT_4"/>
						<SP ID="P7_SP00204" HPOS="1037" VPOS="2956" WIDTH="26"/>
						<String ID="P7_ST00237" HPOS="1063" VPOS="2922" WIDTH="62" HEIGHT="31" CONTENT="au" WC="0.69" CC="06" STYLEREFS="TXT_4"/>
						<SP ID="P7_SP00205" HPOS="1125" VPOS="2956" WIDTH="24"/>
						<String ID="P7_ST00238" HPOS="1149" VPOS="2906" WIDTH="207" HEIGHT="47" CONTENT="flahutel" WC="0.80" CC="06005003" STYLEREFS="TXT_4"/>
					</TextLine>
					<TextLine ID="P7_TL00034" HPOS="614" VPOS="2977" WIDTH="701" HEIGHT="57">
						<String ID="P7_ST00239" HPOS="614" VPOS="2977" WIDTH="134" HEIGHT="47" CONTENT="Leur" WC="0.99" CC="1012" STYLEREFS="TXT_4"/>
						<SP ID="P7_SP00206" HPOS="748" VPOS="3024" WIDTH="23"/>
						<String ID="P7_ST00240" HPOS="771" VPOS="2977" WIDTH="87" HEIGHT="47" CONTENT="fait" WC="1.00" CC="0000" STYLEREFS="TXT_4"/>
						<SP ID="P7_SP00207" HPOS="858" VPOS="3024" WIDTH="26"/>
						<String ID="P7_ST00241" HPOS="884" VPOS="2986" WIDTH="128" HEIGHT="36" CONTENT="ceste" WC="0.83" CC="01060" STYLEREFS="TXT_4"/>
						<SP ID="P7_SP00208" HPOS="1012" VPOS="3024" WIDTH="23"/>
						<String ID="P7_ST00242" HPOS="1035" VPOS="2977" WIDTH="244" HEIGHT="57" CONTENT="estampie" WC="0.96" CC="00100020" STYLEREFS="TXT_4"/>
						<SP ID="P7_SP00209" HPOS="1279" VPOS="3034" WIDTH="28"/>
						<String ID="P7_ST00243" HPOS="1307" VPOS="2987" WIDTH="8" HEIGHT="32" CONTENT=":" WC="0.54" CC="4" STYLEREFS="TXT_4"/>
					</TextLine>
					<TextLine ID="P7_TL00035" HPOS="614" VPOS="3045" WIDTH="642" HEIGHT="55">
						<String ID="P7_ST00244" HPOS="614" VPOS="3047" WIDTH="280" HEIGHT="53" CONTENT="Ghivalala," WC="0.82" CC="5007040000" STYLEREFS="TXT_4"/>
						<SP ID="P7_SP00210" HPOS="894" VPOS="3100" WIDTH="23"/>
						<String ID="P7_ST00245" HPOS="917" VPOS="3047" WIDTH="108" HEIGHT="45" CONTENT="dori" WC="0.69" CC="7400" STYLEREFS="TXT_4"/>
						<SP ID="P7_SP00211" HPOS="1025" VPOS="3100" WIDTH="17"/>
						<String ID="P7_ST00246" HPOS="1042" VPOS="3045" WIDTH="214" HEIGHT="47" CONTENT="doreaus" WC="0.75" CC="7405000" STYLEREFS="TXT_4"/>
					</TextLine>
					<TextLine ID="P7_TL00036" HPOS="613" VPOS="3111" WIDTH="523" HEIGHT="61">
						<String ID="P7_ST00247" HPOS="613" VPOS="3115" WIDTH="262" HEIGHT="47" CONTENT="Chivalala" WC="0.90" CC="150000000" STYLEREFS="TXT_4"/>
						<SP ID="P7_SP00212" HPOS="875" VPOS="3162" WIDTH="21"/>
						<String ID="P7_ST00248" HPOS="896" VPOS="3115" WIDTH="140" HEIGHT="46" CONTENT="dorie" WC="0.75" CC="02342" STYLEREFS="TXT_4"/>
						<SP ID="P7_SP00213" HPOS="1036" VPOS="3162" WIDTH="18"/>
						<String ID="P7_ST00249" HPOS="1054" VPOS="3111" WIDTH="82" HEIGHT="61" CONTENT="(3)." WC="0.73" CC="2700" STYLEREFS="TXT_4"/>
					</TextLine>
					<TextLine ID="P7_TL00037" HPOS="1035" VPOS="3215" WIDTH="25" HEIGHT="26">
						<String ID="P7_ST00250" HPOS="1035" VPOS="3215" WIDTH="25" HEIGHT="26" CONTENT="#" WC="0.19" CC="8" STYLEREFS="TXT_5"/>
					</TextLine>
					<TextLine ID="P7_TL00038" HPOS="1007" VPOS="3248" WIDTH="1062" HEIGHT="27">
						<String ID="P7_ST00251" HPOS="1007" VPOS="3248" WIDTH="25" HEIGHT="27" CONTENT="#" WC="0.29" CC="7" STYLEREFS="TXT_4"/>
						<SP ID="P7_SP00214" HPOS="1032" VPOS="3275" WIDTH="1021"/>
						<String ID="P7_ST00252" HPOS="2053" VPOS="3248" WIDTH="16" HEIGHT="26" CONTENT="*" WC="1.00" CC="0" STYLEREFS="TXT_6"/>
					</TextLine>
					<TextLine ID="P7_TL00039" HPOS="612" VPOS="3299" WIDTH="618" HEIGHT="49">
						<String ID="P7_ST00253" HPOS="612" VPOS="3301" WIDTH="77" HEIGHT="47" CONTENT="Cil" WC="0.97" CC="006" STYLEREFS="TXT_4"/>
						<SP ID="P7_SP00215" HPOS="689" VPOS="3348" WIDTH="35"/>
						<String ID="P7_ST00254" HPOS="724" VPOS="3301" WIDTH="185" HEIGHT="47" CONTENT="vieleur" WC="0.95" CC="1000001" STYLEREFS="TXT_4"/>
						<SP ID="P7_SP00216" HPOS="909" VPOS="3348" WIDTH="23"/>
						<String ID="P7_ST00255" HPOS="932" VPOS="3299" WIDTH="184" HEIGHT="47" CONTENT="vielent" WC="0.56" CC="9006264" STYLEREFS="TXT_4"/>
						<SP ID="P7_SP00217" HPOS="1116" VPOS="3348" WIDTH="22"/>
						<String ID="P7_ST00256" HPOS="1138" VPOS="3299" WIDTH="92" HEIGHT="45" CONTENT="lais" WC="0.99" CC="0041" STYLEREFS="TXT_4"/>
					</TextLine>
					<TextLine ID="P7_TL00040" HPOS="609" VPOS="3363" WIDTH="819" HEIGHT="62">
						<String ID="P7_ST00257" HPOS="609" VPOS="3369" WIDTH="350" HEIGHT="47" CONTENT="Canconnetez" WC="0.82" CC="30721003100" STYLEREFS="TXT_4"/>
						<SP ID="P7_SP00218" HPOS="959" VPOS="3416" WIDTH="25"/>
						<String ID="P7_ST00258" HPOS="984" VPOS="3378" WIDTH="47" HEIGHT="37" CONTENT="et" WC="1.00" CC="00" STYLEREFS="TXT_4"/>
						<SP ID="P7_SP00219" HPOS="1031" VPOS="3416" WIDTH="24"/>
						<String ID="P7_ST00259" HPOS="1055" VPOS="3368" WIDTH="267" HEIGHT="57" CONTENT="estampiez" WC="0.99" CC="000090554" STYLEREFS="TXT_4"/>
						<SP ID="P7_SP00220" HPOS="1322" VPOS="3425" WIDTH="19"/>
						<String ID="P7_ST00260" HPOS="1341" VPOS="3363" WIDTH="87" HEIGHT="61" CONTENT="(4)." WC="0.41" CC="8086" STYLEREFS="TXT_4"/>
					</TextLine>
				</TextBlock>
				<TextBlock ID="P7_TB00004" HPOS="64" VPOS="3498" WIDTH="1963" HEIGHT="374" STYLEREFS="TXT_7 PAR_LEFT">
					<TextLine ID="P7_TL00041" HPOS="113" VPOS="3499" WIDTH="1914" HEIGHT="64">
						<String ID="P7_ST00261" HPOS="113" VPOS="3504" WIDTH="56" HEIGHT="56" CONTENT="(1)" WC="0.63" CC="262"/>
						<SP ID="P7_SP00221" HPOS="169" VPOS="3560" WIDTH="27"/>
						<String ID="P7_ST00262" HPOS="196" VPOS="3506" WIDTH="73" HEIGHT="43" CONTENT="On" WC="0.80" CC="03"/>
						<SP ID="P7_SP00222" HPOS="269" VPOS="3560" WIDTH="21"/>
						<String ID="P7_ST00263" HPOS="290" VPOS="3518" WIDTH="217" HEIGHT="33" CONTENT="trouvera" WC="0.99" CC="05060550"/>
						<SP ID="P7_SP00223" HPOS="507" VPOS="3560" WIDTH="20"/>
						<String ID="P7_ST00264" HPOS="527" VPOS="3509" WIDTH="41" HEIGHT="42" CONTENT="le" WC="0.77" CC="40"/>
						<SP ID="P7_SP00224" HPOS="568" VPOS="3560" WIDTH="23"/>
						<String ID="P7_ST00265" HPOS="591" VPOS="3518" WIDTH="123" HEIGHT="33" CONTENT="texte" WC="0.99" CC="30040"/>
						<SP ID="P7_SP00225" HPOS="714" VPOS="3560" WIDTH="24"/>
						<String ID="P7_ST00266" HPOS="738" VPOS="3507" WIDTH="196" HEIGHT="43" CONTENT="musical" WC="0.98" CC="6500233"/>
						<SP ID="P7_SP00226" HPOS="934" VPOS="3560" WIDTH="27"/>
						<String ID="P7_ST00267" HPOS="961" VPOS="3509" WIDTH="56" HEIGHT="40" CONTENT="de" WC="1.00" CC="00"/>
						<SP ID="P7_SP00227" HPOS="1017" VPOS="3560" WIDTH="27"/>
						<String ID="P7_ST00268" HPOS="1044" VPOS="3506" WIDTH="286" HEIGHT="57" CONTENT="Vestampida" WC="0.63" CC="7054705006" STYLEREFS="TXT_3"/>
						<SP ID="P7_SP00228" HPOS="1330" VPOS="3563" WIDTH="26"/>
						<String ID="P7_ST00269" HPOS="1356" VPOS="3504" WIDTH="56" HEIGHT="42" CONTENT="de" WC="1.00" CC="00"/>
						<SP ID="P7_SP00229" HPOS="1412" VPOS="3563" WIDTH="25"/>
						<String ID="P7_ST00270" HPOS="1437" VPOS="3503" WIDTH="234" HEIGHT="43" CONTENT="Rambaut" WC="0.79" CC="0160040"/>
						<SP ID="P7_SP00230" HPOS="1671" VPOS="3563" WIDTH="16"/>
						<String ID="P7_ST00271" HPOS="1687" VPOS="3502" WIDTH="55" HEIGHT="42" CONTENT="de" WC="1.00" CC="00"/>
						<SP ID="P7_SP00231" HPOS="1742" VPOS="3563" WIDTH="26"/>
						<String ID="P7_ST00272" HPOS="1768" VPOS="3499" WIDTH="259" HEIGHT="57" CONTENT="Vaqueiras" WC="0.89" CC="000000305"/>
					</TextLine>
					<TextLine ID="P7_TL00042" HPOS="65" VPOS="3563" WIDTH="1627" HEIGHT="63">
						<String ID="P7_ST00273" HPOS="65" VPOS="3563" WIDTH="105" HEIGHT="45" CONTENT="dans" WC="0.96" CC="6370"/>
						<SP ID="P7_SP00232" HPOS="170" VPOS="3608" WIDTH="24"/>
						<String ID="P7_ST00274" HPOS="194" VPOS="3568" WIDTH="168" HEIGHT="44" CONTENT="l'étude" WC="0.99" CC="1416500"/>
						<SP ID="P7_SP00233" HPOS="362" VPOS="3612" WIDTH="25"/>
						<String ID="P7_ST00275" HPOS="387" VPOS="3572" WIDTH="25" HEIGHT="40" CONTENT="à" WC="0.56" CC="4"/>
						<SP ID="P7_SP00234" HPOS="412" VPOS="3612" WIDTH="27"/>
						<String ID="P7_ST00276" HPOS="439" VPOS="3571" WIDTH="202" HEIGHT="55" CONTENT="laquelle" WC="1.00" CC="00020000"/>
						<SP ID="P7_SP00235" HPOS="641" VPOS="3626" WIDTH="26"/>
						<String ID="P7_ST00277" HPOS="667" VPOS="3570" WIDTH="32" HEIGHT="42" CONTENT="il" WC="0.80" CC="40"/>
						<SP ID="P7_SP00236" HPOS="699" VPOS="3626" WIDTH="26"/>
						<String ID="P7_ST00278" HPOS="725" VPOS="3580" WIDTH="70" HEIGHT="32" CONTENT="est" WC="1.00" CC="000"/>
						<SP ID="P7_SP00237" HPOS="795" VPOS="3626" WIDTH="25"/>
						<String ID="P7_ST00279" HPOS="820" VPOS="3570" WIDTH="80" HEIGHT="42" CONTENT="fait" WC="1.00" CC="1000"/>
						<SP ID="P7_SP00238" HPOS="900" VPOS="3626" WIDTH="21"/>
						<String ID="P7_ST00280" HPOS="921" VPOS="3569" WIDTH="203" HEIGHT="43" CONTENT="allusion" WC="0.99" CC="06050006"/>
						<SP ID="P7_SP00239" HPOS="1124" VPOS="3626" WIDTH="22"/>
						<String ID="P7_ST00281" HPOS="1146" VPOS="3571" WIDTH="24" HEIGHT="39" CONTENT="à" WC="0.72" CC="2"/>
						<SP ID="P7_SP00240" HPOS="1170" VPOS="3626" WIDTH="24"/>
						<String ID="P7_ST00282" HPOS="1194" VPOS="3568" WIDTH="44" HEIGHT="41" CONTENT="la" WC="0.67" CC="06"/>
						<SP ID="P7_SP00241" HPOS="1238" VPOS="3626" WIDTH="25"/>
						<String ID="P7_ST00283" HPOS="1263" VPOS="3575" WIDTH="109" HEIGHT="33" CONTENT="note" WC="0.99" CC="6000"/>
						<SP ID="P7_SP00242" HPOS="1372" VPOS="3626" WIDTH="23"/>
						<String ID="P7_ST00284" HPOS="1395" VPOS="3565" WIDTH="297" HEIGHT="56" CONTENT="précédente." WC="0.99" CC="55264007004"/>
					</TextLine>
					<TextLine ID="P7_TL00043" HPOS="114" VPOS="3627" WIDTH="1564" HEIGHT="64">
						<String ID="P7_ST00285" HPOS="114" VPOS="3627" WIDTH="56" HEIGHT="55" CONTENT="(2)" WC="0.52" CC="372"/>
						<SP ID="P7_SP00243" HPOS="170" VPOS="3682" WIDTH="29"/>
						<String ID="P7_ST00286" HPOS="199" VPOS="3631" WIDTH="232" HEIGHT="52" CONTENT="BARTSCH," WC="0.53" CC="43407664"/>
						<SP ID="P7_SP00244" HPOS="431" VPOS="3683" WIDTH="21"/>
						<String ID="P7_ST00287" HPOS="452" VPOS="3633" WIDTH="236" HEIGHT="58" CONTENT="Altfranf." WC="0.69" CC="006005077" STYLEREFS="TXT_3"/>
						<SP ID="P7_SP00245" HPOS="688" VPOS="3691" WIDTH="28"/>
						<String ID="P7_ST00288" HPOS="716" VPOS="3634" WIDTH="207" HEIGHT="54" CONTENT="Roman\" WC="0.98" CC="066429" STYLEREFS="TXT_3"/>
						<SP ID="P7_SP00246" HPOS="923" VPOS="3691" WIDTH="26"/>
						<String ID="P7_ST00289" HPOS="949" VPOS="3631" WIDTH="89" HEIGHT="41" CONTENT="und" WC="0.77" CC="320" STYLEREFS="TXT_3"/>
						<SP ID="P7_SP00247" HPOS="1038" VPOS="3691" WIDTH="19"/>
						<String ID="P7_ST00290" HPOS="1057" VPOS="3628" WIDTH="337" HEIGHT="44" CONTENT="Pastourellen." WC="0.70" CC="3600501020367" STYLEREFS="TXT_3"/>
						<SP ID="P7_SP00248" HPOS="1394" VPOS="3691" WIDTH="27"/>
						<String ID="P7_ST00291" HPOS="1421" VPOS="3627" WIDTH="59" HEIGHT="54" CONTENT="11," WC="0.52" CC="454"/>
						<SP ID="P7_SP00249" HPOS="1480" VPOS="3691" WIDTH="29"/>
						<String ID="P7_ST00292" HPOS="1509" VPOS="3627" WIDTH="70" HEIGHT="53" CONTENT="35," WC="0.71" CC="404"/>
						<SP ID="P7_SP00250" HPOS="1579" VPOS="3691" WIDTH="32"/>
						<String ID="P7_ST00293" HPOS="1611" VPOS="3640" WIDTH="67" HEIGHT="40" CONTENT="19." WC="0.63" CC="144"/>
					</TextLine>
					<TextLine ID="P7_TL00044" HPOS="111" VPOS="3688" WIDTH="639" HEIGHT="60">
						<String ID="P7_ST00294" HPOS="111" VPOS="3688" WIDTH="57" HEIGHT="56" CONTENT="(3)" WC="0.52" CC="147"/>
						<SP ID="P7_SP00251" HPOS="168" VPOS="3744" WIDTH="26"/>
						<String ID="P7_ST00295" HPOS="194" VPOS="3692" WIDTH="49" HEIGHT="42" CONTENT="ID" WC="0.52" CC="26"/>
						<String ID="P7_ST00296" HPOS="250" VPOS="3725" WIDTH="29" HEIGHT="21" CONTENT="M" STYLE="subscript" WC="1.00" CC="9"/>
						<SP ID="P7_SP00252" HPOS="279" VPOS="3746" WIDTH="28"/>
						<String ID="P7_ST00297" HPOS="307" VPOS="3694" WIDTH="105" HEIGHT="42" CONTENT="ibid." WC="0.85" CC="00007" STYLEREFS="TXT_3"/>
						<String ID="P7_ST00298" HPOS="422" VPOS="3728" WIDTH="12" HEIGHT="17" CONTENT="9" STYLE="subscript" WC="1.00" CC="0" STYLEREFS="TXT_3"/>
						<SP ID="P7_SP00253" HPOS="434" VPOS="3746" WIDTH="27"/>
						<String ID="P7_ST00299" HPOS="461" VPOS="3695" WIDTH="84" HEIGHT="50" CONTENT="111," WC="0.60" CC="4604"/>
						<SP ID="P7_SP00254" HPOS="545" VPOS="3746" WIDTH="27"/>
						<String ID="P7_ST00300" HPOS="572" VPOS="3709" WIDTH="71" HEIGHT="38" CONTENT="21," WC="0.46" CC="744"/>
						<SP ID="P7_SP00255" HPOS="643" VPOS="3747" WIDTH="33"/>
						<String ID="P7_ST00301" HPOS="676" VPOS="3707" WIDTH="74" HEIGHT="41" CONTENT="49." WC="0.53" CC="354"/>
					</TextLine>
					<TextLine ID="P7_TL00045" HPOS="112" VPOS="3747" WIDTH="1914" HEIGHT="63">
						<String ID="P7_ST00302" HPOS="112" VPOS="3752" WIDTH="56" HEIGHT="53" CONTENT="(4)" WC="0.76" CC="700"/>
						<SP ID="P7_SP00256" HPOS="168" VPOS="3805" WIDTH="24"/>
						<String ID="P7_ST00303" HPOS="192" VPOS="3753" WIDTH="146" HEIGHT="44" CONTENT="Gilles" WC="1.00" CC="000004" STYLEREFS="TXT_3"/>
						<SP ID="P7_SP00257" HPOS="338" VPOS="3805" WIDTH="23"/>
						<String ID="P7_ST00304" HPOS="361" VPOS="3756" WIDTH="54" HEIGHT="43" CONTENT="de" WC="1.00" CC="00" STYLEREFS="TXT_3"/>
						<SP ID="P7_SP00258" HPOS="415" VPOS="3805" WIDTH="34"/>
						<String ID="P7_ST00305" HPOS="449" VPOS="3755" WIDTH="119" HEIGHT="44" CONTENT="Chin" WC="0.97" CC="0001" STYLEREFS="TXT_3"/>
						<String ID="P7_ST00306" HPOS="576" VPOS="3790" WIDTH="9" HEIGHT="19" CONTENT="," WC="1.00" CC="0"/>
						<SP ID="P7_SP00259" HPOS="585" VPOS="3809" WIDTH="34"/>
						<String ID="P7_ST00307" HPOS="619" VPOS="3754" WIDTH="169" HEIGHT="56" CONTENT="poème" WC="0.98" CC="15060"/>
						<SP ID="P7_SP00260" HPOS="788" VPOS="3810" WIDTH="27"/>
						<String ID="P7_ST00308" HPOS="815" VPOS="3756" WIDTH="56" HEIGHT="42" CONTENT="de" WC="0.82" CC="03"/>
						<SP ID="P7_SP00261" HPOS="871" VPOS="3810" WIDTH="36"/>
						<String ID="P7_ST00309" HPOS="907" VPOS="3753" WIDTH="191" HEIGHT="44" CONTENT="Gautier" WC="0.99" CC="0042501"/>
						<SP ID="P7_SP00262" HPOS="1098" VPOS="3810" WIDTH="42"/>
						<String ID="P7_ST00310" HPOS="1140" VPOS="3753" WIDTH="56" HEIGHT="41" CONTENT="de" WC="1.00" CC="00"/>
						<SP ID="P7_SP00263" HPOS="1196" VPOS="3810" WIDTH="33"/>
						<String ID="P7_ST00311" HPOS="1229" VPOS="3753" WIDTH="239" HEIGHT="53" CONTENT="Tournay," WC="0.54" CC="06544094"/>
						<SP ID="P7_SP00264" HPOS="1468" VPOS="3810" WIDTH="23"/>
						<String ID="P7_ST00312" HPOS="1491" VPOS="3765" WIDTH="41" HEIGHT="28" CONTENT="v." WC="0.21" CC="86"/>
						<SP ID="P7_SP00265" HPOS="1532" VPOS="3810" WIDTH="50"/>
						<String ID="P7_ST00313" HPOS="1582" VPOS="3762" WIDTH="130" HEIGHT="41" CONTENT="1147," WC="0.57" CC="67600"/>
						<SP ID="P7_SP00266" HPOS="1712" VPOS="3810" WIDTH="31"/>
						<String ID="P7_ST00314" HPOS="1743" VPOS="3747" WIDTH="160" HEIGHT="56" CONTENT="publié" WC="0.98" CC="060227"/>
						<SP ID="P7_SP00267" HPOS="1903" VPOS="3810" WIDTH="36"/>
						<String ID="P7_ST00315" HPOS="1939" VPOS="3761" WIDTH="87" HEIGHT="42" CONTENT="par" WC="0.95" CC="058"/>
					</TextLine>
					<TextLine ID="P7_TL00046" HPOS="65" VPOS="3808" WIDTH="741" HEIGHT="64">
						<String ID="P7_ST00316" HPOS="65" VPOS="3808" WIDTH="298" HEIGHT="64" CONTENT="Reiffenberg." WC="0.68" CC="743002630405"/>
						<SP ID="P7_SP00268" HPOS="363" VPOS="3872" WIDTH="28"/>
						<String ID="P7_ST00317" HPOS="391" VPOS="3818" WIDTH="254" HEIGHT="52" CONTENT="Bruxelles," WC="0.99" CC="1544045702"/>
						<SP ID="P7_SP00269" HPOS="645" VPOS="3872" WIDTH="33"/>
						<String ID="P7_ST00318" HPOS="678" VPOS="3818" WIDTH="128" HEIGHT="54" CONTENT="1847." WC="0.79" CC="60004"/>
					</TextLine>
				</TextBlock>
			</PrintSpace>
		</Page>
	</Layout>
</alto>
