2456 4201
923 238 58 29 LE
1016 236 237 31 MERCURE
1288 236 218 30 MUSICAL
1641 221 205 55 15-IX-06

481 284 0 0 198

463 438 163 52 Nous
649 454 171 34 avons
840 435 97 52 fait
969 447 142 38 cette
1134 432 317 71 digression
1491 433 137 51 dans
1652 431 50 51 la
1736 431 204 68 pensée
1975 428 67 52 de
2083 426 219 53 vérifier
2343 426 43 50 si

392 516 52 51 la
475 513 260 54 tessiture
758 515 96 50 des
889 512 181 70 pièces
1103 529 107 50 que
1230 527 145 35 nous
1403 525 211 35 venons
1639 506 277 54 d'étudier
1935 504 258 52 n'excède
2231 502 161 70 point

395 592 78 51 les
499 606 319 36 ressources
851 589 66 51 de
943 589 51 51 la
1030 588 160 51 vièle.
1234 587 90 51 En
1369 584 324 54 examinant
2030 583 67 51 de
2133 578 248 55 chacune

393 666 209 63 d'elles,
633 683 74 33 on
726 664 179 52 arrive
940 682 105 34 aux
1077 662 405 53 constatations
1524 659 284 54 suivantes
1848 677 10 37 :

1110 888 222 35 PREMIER
1374 885 287 36 FRAGMENT

678 1044 287 52 Première
1036 1042 150 71 pièce
1262 1056 10 38 :
1341 1043 148 49 F—
1525 1038 19 61 â

785 1139 26 35 2
818 1129 17 22 e
1337 1119 43 51 F
1519 1117 24 50 f

1097 1330 269 44 DEUXIÈME
1407 1340 286 34 FRAGMENT

680 1477 286 52 Première
993 1476 272 70 estampie
1284 1495 10 37 :
1335 1478 46 50 D
1514 1494 33 52 g

785 1572 28 35 2
819 1562 19 22 e
1333 1551 46 58 C
1508 1555 34 49 d

786 1631 27 51 3
818 1636 17 22 e
1332 1627 43 55 C
1510 1646 26 32 e

781 1724 35 49 4
819 1715 18 20 e
1337 1705 44 54 C
1512 1705 26 50 f

788 1790 26 50 5
823 1796 15 19 e
1337 1790 47 49 E
1510 1793 18 19 a
1508 1835 20 21 a

786 1873 32 50 6
823 1880 17 21 e
1341 1871 43 53 C
1505 1890 26 32 e

787 1966 27 50 7
819 1957 19 21 e
1333 1947 47 50 D
1512 1946 26 51 f

786 2025 30 50 8
821 2032 18 21 e
1332 2022 43 55 C
1515 2022 24 51 f

684 2101 215 51 Dansse
1335 2099 45 50 E
1520 2099 24 50 f

476 2272 58 54 Si
569 2290 142 33 nous
739 2271 209 51 faisons
983 2272 49 50 la
1051 2272 263 69 synthèse
1343 2273 65 50 de
1442 2290 88 33 ces
1566 2273 260 51 résultats
1860 2273 248 69 partiels,
2137 2273 36 53 il
2225 2293 133 52 appa-

405 2351 170 49 raîtra
608 2366 108 51 que
748 2366 89 32 ces
863 2347 271 52 mélodies
1182 2366 67 33 ne
1296 2350 303 67 dépassent
1652 2367 95 50 pas
1789 2350 46 50 le
1865 2348 44 55 C
1944 2369 67 33 au
2046 2369 164 51 grave
2244 2367 53 37 et
2335 2352 56 51 I'*

405 2427 29 48 à
467 2423 186 70 l'aigu.
691 2422 162 52 Ainsi
880 2440 145 34 nous
1053 2423 252 52 arrivons
1331 2428 28 47 à
1394 2437 84 38 cet
1512 2425 235 52 ambitus
1773 2426 223 68 général
2029 2444 12 38 :

406 2878 98 70 qui
536 2891 144 38 reste
739 2878 138 51 dans
933 2877 79 51 les
1054 2877 208 52 limites
1301 2878 68 51 de
1413 2877 390 52 l'instrument
1849 2877 157 51 selon
2041 2877 50 51 la
2154 2877 238 52 seconde

406 2954 182 52 forme
611 2954 254 52 d'accord
887 2953 267 70 indiquée
1187 2971 99 52 par
1310 2954 228 51 Jérôme
1557 2954 67 51 de
1651 2954 274 51 Moravie.

473 3029 295 53 Toutefois
792 3042 140 39 cette
966 3029 310 70 hypothèse
1299 3030 267 52 demeure
1591 3033 409 48 extrêmement
2030 3029 218 69 fragile,
2277 3042 53 39 et
2362 3029 34 52 il

406 3124 146 35 nous
600 3108 155 49 tarde
788 3108 66 49 de
877 3107 220 49 revenir
1136 3123 94 34 sur
1254 3123 78 36 un
1366 3105 207 52 terrain
1608 3107 125 68 plus
1787 3105 176 52 solide
2011 3123 144 51 pour
2179 3107 146 50 clore
2352 3105 45 52 la

407 3183 138 51 série
566 3183 66 51 de
659 3182 317 69 problèmes
1009 3182 479 69 musicologiques
1545 3183 256 52 soulevés
1834 3199 100 51 par
1967 3182 77 52 les
2091 3194 176 41 textes
2295 3199 102 52 que

407 3276 145 34 nous
590 3258 282 52 étudions.

479 3493 106 54 Ces
626 3493 303 71 estampies
962 3507 54 39 et
1054 3512 89 34 ces
1182 3495 203 51 danses
1428 3510 144 36 nous
1594 3494 123 52 font
1754 3493 124 54 voir
1916 3495 150 51 enfin
2116 3507 284 40 comment

407 3588 74 34 on
514 3570 229 52 écrivait
771 3587 144 53 pour
947 3571 52 52 la
1044 3570 139 53 vièle
1218 3589 68 34 au
1327 3571 169 52 début
1549 3573 75 52 du
1657 3590 88 33 xiv
1749 3578 16 21 e
1790 3571 186 65 siècle,
2005 3585 53 38 et
2103 3589 110 36 une
2276 3573 123 50 telle

406 3648 377 52 constatation
824 3649 142 51 n'est
997 3646 164 71 point
1204 3646 374 68 indifférente,
1623 3665 93 35 car
1762 3648 103 52 elle
1911 3665 146 35 nous
2080 3662 218 55 permet
2338 3649 62 51 de

409 3739 259 36 ramener
717 3726 29 49 à
780 3742 59 33 sa
872 3723 144 68 juste
1054 3724 193 52 valeur
1276 3742 78 34 un
1407 3738 143 38 texte
1578 3725 66 51 de
1693 3725 139 51 Jean
1895 3725 66 51 de
2010 3725 203 55 Mûris,
2267 3726 133 51 dont

409 3799 304 53 volontiers
739 3818 75 34 on
837 3800 167 53 serait
1025 3804 151 48 tenté
1210 3800 318 69 d'exagérer
1559 3801 50 51 la
1633 3799 378 71 portée.Voici
2044 3814 60 51 çè
2131 3818 230 52 passage
2389 3817 8 34 :
