2456 4201
905 242 54 27 LE
996 240 239 29 MERCURE
1272 239 219 30 MUSICAL
1629 238 133 42 15-IX
1788 228 57 40 O6

471 285 0 0 230

379 439 220 42 finissent
621 452 84 41 par
730 437 286 43 convaincre
1037 446 43 33 et
1105 437 229 42 charmer.
1361 438 167 42 C'était
1548 451 66 28 un
1641 438 97 41 soir
1761 452 111 28 avec
1893 438 45 41 M
1947 440 21 25 n
1972 450 17 22 e
2004 440 136 40 Berta
2158 438 226 46 Zollitsch

379 515 94 29 une
507 501 307 55 plantureuse
841 508 166 34 sonate
1048 513 122 42 pour
1191 499 144 56 piano
1362 509 45 32 et
1431 500 161 43 violon
1620 515 76 41 op.
1742 501 73 52 84,
1832 502 62 58 fa
1929 501 129 42 dièse
2093 500 200 44 mineur.
2327 505 57 42 Et

378 564 125 41 voici
521 564 45 40 la
590 572 184 32 cantate
802 579 9 26 :
842 562 39 43 O
905 562 88 42 tête
1013 563 161 56 pleine
1198 563 54 42 de
1276 576 123 45 sang
1421 572 43 33 et
1487 564 53 41 de
1563 564 150 54 plaies
1720 598 9 18 ,
1754 564 241 43 œuvre'de
2019 564 176 55 grande
2221 565 161 46 beauté

381 633 45 35 et
452 625 80 55 qui
555 624 242 56 témoigne
842 624 425 43 victorieusement
1321 626 56 41 de
1421 625 44 41 la
1505 625 209 43 manière
1748 628 117 40 dont
1890 627 41 41 le
1983 626 320 44 modernisme
2345 630 38 42 le

378 689 109 55 plus
529 688 227 42 accentué
797 687 88 42 sait
931 687 376 43 s'accommoder
1336 689 82 41 des
1444 688 176 43 formes
1672 689 278 43 anciennes.
2005 691 63 40 Le
2114 691 160 41 moule
2320 702 67 34 est

381 751 140 42 d'une
541 759 184 33 cantate
752 751 55 40 de
844 750 144 50 Bach,
1026 764 96 27 non
1150 764 82 41 pas
1258 764 85 41 par
1365 751 278 53 archaïsme,
1673 752 117 41 mais
1815 765 140 42 parce
1992 766 91 42 que
2127 753 44 41 la
2195 752 63 42 foi
2280 755 84 41 reli-

380 813 162 57 gieuse
569 822 44 32 et
655 812 246 56 artistique
938 812 62 42 du
1048 822 198 47 croyant
1284 814 151 54 qu'est
1481 814 319 42 évidemment
1826 816 64 42 M.
1935 816 151 55 Reger
2116 816 197 42 n'aurait
2336 831 51 30 su

379 885 194 33 trouver
597 875 57 42 de
688 875 218 42 meilleur
931 889 174 42 moyen
1132 877 56 40 de
1212 875 217 42 contenir
1456 886 44 32 et
1527 877 56 41 de
1603 878 302 52 rassembler,
1933 892 109 27 sans
2063 877 67 43 les
2157 878 231 44 diminuer

381 952 122 41 pour
527 945 178 43 autant,
730 937 66 42 les
821 936 317 56 impressions
1165 938 214 41 d'amour
1402 947 44 32 et
1472 939 56 42 de
1555 938 270 43 désolation
1848 939 257 55 éprouvées
2128 940 25 41 à
2178 950 182 34 contem-

379 1000 103 56 pler
506 1000 42 42 le
571 1012 139 42 corps
730 1000 62 40 du
819 1000 214 42 Sauveur
1056 1000 175 56 exposé
1259 1000 25 42 à
1322 1009 122 34 terre
1468 1001 116 42 dans
1611 1015 87 28 nos
1718 1002 169 56 églises
1915 1002 42 42 le
1976 1002 240 43 Vendredi
2244 1004 144 47 Saint.

381 1063 127 42 C'est
537 1061 369 57 profondément
926 1061 232 57 poignant
1177 1072 46 33 et
1246 1061 378 58 profondément
1644 1063 198 43 humain
1866 1078 8 30 :
1896 1065 69 41 les
1990 1065 89 41 soli
2103 1065 141 43 d'alto
2270 1077 43 33 et
2335 1069 53 43 de

383 1138 207 42 soprano
618 1133 108 33 sont
751 1125 355 55 généralement
1129 1125 190 42 enlacés
1345 1126 24 41 à
1396 1126 56 42 de
1483 1126 253 55 plaintives
1769 1127 354 52 lamentations,
2167 1128 221 56 lugubres

385 1195 43 34 et
452 1186 347 52 discordantes,
829 1187 117 41 mais
967 1185 246 52 discrètes,
1241 1189 111 41 d'un
1395 1188 223 42 hautbois
1651 1199 44 32 et
1736 1190 109 41 d'un
1878 1190 181 53 violon,
2101 1191 156 42 tandis
2301 1207 85 42 que

382 1249 45 42 la
468 1249 110 42 voix
602 1249 226 42 continue
854 1249 57 42 de
937 1249 180 56 l'orgue
1143 1249 151 43 forme
1331 1264 95 28 une
1462 1259 149 34 trame
1644 1251 192 51 unifiée,
1863 1253 331 55 mystérieuse,
2229 1268 134 31 conso-

382 1310 163 43 latrice
568 1311 25 42 à
618 1325 76 28 ces
718 1310 190 43 chœurs
934 1312 281 55 grandioses
1246 1322 43 33 et
1314 1313 140 54 lents,
1484 1313 352 56 contemplatifs
1875 1324 45 33 et
1952 1329 324 30 murmureurs
2303 1332 84 41 que

381 1374 250 42 soulèvent
671 1374 53 53 çà
758 1382 45 33 et
827 1373 44 41 là
905 1374 55 42 de
1002 1374 278 43 véhéments
1320 1375 131 43 élans
1500 1376 57 42 de
1600 1378 248 42 tendresse
1893 1386 44 34 et
1971 1378 56 42 de
2072 1378 205 44 ferveur.
2326 1382 61 42 Le

383 1435 254 44 sentiment
661 1435 227 56 religieux
913 1437 271 56 catholique
1228 1438 80 55 qui
1340 1447 114 47 peut
1495 1453 173 29 encore
1690 1440 227 56 produire
1964 1442 56 42 de
2046 1441 136 43 telles
2206 1455 181 31 oeuvres

384 1512 57 29 en
462 1498 276 56 Allemagne
767 1507 71 34 est
855 1498 99 43 loin
978 1500 176 43 d'avoir
1176 1500 68 42 dit
1287 1514 87 28 son
1420 1501 189 42 dernier
1630 1512 99 32 mot
1758 1519 8 36 ;
1815 1513 121 32 cette
1962 1513 183 34 cantate
2180 1505 57 42 du
2285 1507 79 41 Ven-

381 1561 319 50 dredi-Saint,
726 1562 140 42 d'une
893 1562 169 42 beauté
1086 1563 295 55 désespérée,
1408 1564 108 56 puis
1542 1564 304 57 triomphale,
1875 1580 185 29 comme
2083 1566 304 57 transfigurée

383 1637 84 42 par
501 1637 94 28 une
622 1632 124 33 sorte
779 1624 225 55 d'appétit
1028 1625 58 42 de
1118 1625 45 42 la
1199 1627 160 42 bonne
1384 1636 140 44 mort,
1574 1637 69 32 est
1669 1628 194 42 l'œuvre
1909 1629 111 41 d'un
2069 1629 234 56 mystique
2335 1646 55 28 en

385 1686 153 41 même
572 1694 155 46 temps
753 1699 91 42 que
891 1686 111 41 d'un
1042 1688 149 53 grand
1233 1687 176 44 artiste.
1464 1689 238 43 Exécutée
1751 1705 111 28 avec
1904 1691 42 42 le
1994 1692 256 43 sentiment
2312 1694 76 54 qui

384 1747 253 43 convenait
677 1761 84 41 par
782 1748 43 41 la
853 1748 189 42 Société
1066 1751 194 54 Forges,
1289 1764 113 28 sous
1435 1751 44 42 la
1505 1752 234 42 direction
1766 1754 57 41 de
1859 1754 215 55 l'auteur,
2103 1764 129 33 entre
2272 1757 118 41 deux

385 1818 208 35 cantates
612 1810 56 41 de
695 1810 143 50 Bach,
918 1810 117 43 celle
1056 1812 62 41 du
1139 1813 263 42 Dimanche
1426 1815 77 41 des
1518 1815 253 42 Rameaux
1797 1824 44 34 et
1867 1816 117 43 celle
2008 1818 56 41 de
2094 1818 296 56 Qiiasimodo,

477 1872 87 42 elle
590 1886 57 28 ne
681 1872 250 43 détonnait
956 1873 48 41 ni
1037 1888 122 41 pour
1180 1875 153 53 l'âme,
1360 1875 47 42 ni
1442 1890 122 41 pour
1587 1877 184 56 l'esprit
1799 1893 9 37 ;
1836 1893 58 28 au
1920 1879 249 53 contraire,
2198 1881 86 41 elle
2323 1881 64 43 les

385 1934 240 56 appuyait,
673 1948 185 29 comme
879 1949 64 27 un
987 1936 138 55 jeune
1159 1937 192 43 homme
1376 1938 195 43 vaillant
1608 1940 210 43 soutient
1842 1942 58 42 de
1950 1955 73 29 ses
2051 1942 121 42 deux
2197 1943 106 42 bras
2326 1957 61 30 un

382 1997 141 43 vieux
555 1995 109 57 père
704 2006 44 33 et
786 2010 94 29 une
933 1997 157 44 vieille
1124 1998 144 44 mère.
1294 2000 75 42 On
1397 2001 173 43 sentait
1595 2003 65 42 M.
1698 2004 150 54 Reger
1873 2004 24 42 à
1930 2006 44 40 la
1999 2004 92 42 fois
2117 2004 273 48 filialement

385 2060 183 42 dévoué
611 2060 26 41 à
672 2060 222 41 l'ancêtre
921 2070 45 33 et
985 2069 104 34 tout
1112 2062 343 55 indépendant.
1494 2064 127 43 C'est
1642 2065 44 42 la
1719 2067 107 54 plus
1868 2067 124 42 belle
2018 2068 373 44 démonstration

385 2122 26 42 à
451 2121 207 55 laquelle
677 2121 103 55 j'aie
807 2122 167 42 assisté
1000 2124 58 41 de
1083 2124 44 42 la
1152 2124 128 43 force
1307 2126 190 42 efficace
1532 2128 138 41 d'une
1702 2128 244 45 tradition.

444 2185 67 40 La
531 2186 153 39 Messe
701 2197 59 28 en
786 2184 50 41 ré
860 2184 186 43 mineur
1065 2186 55 42 de
1141 2187 68 42 M.
1240 2189 72 41 Fr.
1336 2189 138 43 Klose
1500 2199 70 32 est
1592 2203 94 29 une
1705 2204 161 30 œuvre
1889 2192 25 42 à
1928 2194 230 53 panache,
2182 2194 56 41 de
2263 2201 126 36 toute

386 2245 226 43 évidence
633 2258 94 30 une
757 2260 162 28 œuvre
952 2248 56 41 de
1039 2248 238 55 jeunesse.
1314 2250 210 43 Celui-ci
1549 2265 172 29 encore
1748 2267 20 28 a
1792 2267 64 28 un
1903 2254 208 42 zélateur
2136 2256 251 55 empressé.

387 2307 122 42 Mais
532 2309 66 40 M.
624 2308 122 41 Rud.
777 2308 147 42 Louis
960 2322 58 28 ne
1056 2311 299 53 prendrait-il
1379 2326 84 42 pas
1490 2314 44 41 la
1554 2314 140 55 peine
1721 2315 57 42 de
1798 2329 121 29 nous
1947 2317 264 55 apprendre
2238 2331 90 43 que
2349 2317 39 43 le

386 2369 233 43 musicien
645 2369 268 56 composait
938 2385 50 28 sa
1013 2385 153 29 messe
1193 2374 25 41 à
1243 2373 118 56 l'âge
1388 2376 56 41 de
1488 2389 57 40 24
1576 2390 100 37 ans,
1722 2378 124 42 alors
1881 2378 113 56 qu'il
2041 2379 201 43 étudiait
2283 2394 107 30 avec

388 2432 261 52 Bruckner,
670 2441 45 33 et
733 2445 58 29 en
818 2433 212 43 cachette
1056 2435 63 41 du
1137 2436 166 43 maître
1326 2450 94 42 peu
1441 2437 250 58 indulgent
1710 2453 90 29 aux
1822 2441 146 41 essais
1992 2442 56 42 de
2074 2442 316 56 composition

385 2495 83 41 des
505 2494 172 53 élèves,
711 2509 89 41 que
842 2495 98 42 l'on
977 2496 214 43 sentirait
1232 2508 106 33 tout
1380 2513 59 29 au
1492 2500 114 57 long
1631 2502 56 41 de
1717 2502 44 41 la
1791 2503 228 56 partition
2056 2504 44 42 la
2120 2505 190 42 volonté
2336 2506 52 41 de

385 2556 114 42 faire
525 2556 233 55 puissant,
786 2557 45 42 la
875 2559 378 56 préoccupation
1279 2561 57 42 de
1360 2575 49 29 se
1454 2573 212 33 montrer
1689 2564 108 44 fort.
1826 2567 66 41 De
1918 2566 108 56 plus
2063 2566 44 43 la
2133 2581 151 29 messe
2323 2576 67 34 est

386 2618 166 43 dédiée
577 2620 22 40 à
633 2619 44 42 la
710 2620 228 42 mémoire
966 2622 55 41 de
1049 2622 143 43 Liszt.
1222 2624 313 55 Néanmoins,
1562 2627 112 42 c'est
1700 2641 94 29 une
1821 2628 177 55 qualité
2025 2629 104 55 déjà
2152 2644 89 42 que
2263 2631 55 42 de
2343 2644 46 28 se

386 2681 254 42 maintenir
658 2695 243 42 pompeux
941 2683 171 43 durant
1141 2698 94 29 une
1268 2686 146 44 heure
1446 2697 45 33 et
1519 2688 154 43 demie
1699 2691 57 41 de
1782 2690 233 57 musique.
2054 2692 197 43 Comme
2288 2693 99 56 plus

384 2745 103 42 tard
507 2744 116 41 dans
649 2744 42 42 le
715 2743 171 57 poème
909 2747 102 41 Das
1035 2747 152 42 Leben
1209 2761 74 29 ein
1314 2749 174 43 Traum
1500 2783 8 20 ,
1531 2752 66 42 M.
1620 2752 146 42 Klose
1792 2754 178 42 excelle
1987 2754 59 42 ici
2066 2768 90 29 aux
2180 2754 130 44 effets
2335 2756 52 41 de

387 2820 180 28 masses
619 2806 81 56 qui
742 2817 114 33 vont
905 2809 184 55 jusqu'à
1136 2823 94 30 une
1275 2811 224 44 intensité
1544 2813 260 58 effroyable
1845 2823 44 35 et
1940 2817 117 42 dans
2102 2818 203 56 lesquels
2330 2830 58 30 on

386 2869 247 42 reconnaît
679 2869 201 43 certains
929 2872 354 44 martèlements
1329 2875 58 42 de
1438 2884 281 48 trompettes
1750 2878 25 41 à
1807 2878 45 42 la
1879 2879 246 43 Bruckner
2148 2897 9 26 :
2192 2881 40 42 le
2258 2880 105 43 Judi-

384 2944 109 31 care
516 2945 127 29 vivos
668 2940 43 33 et
736 2941 205 34 mortuos
971 2935 163 42 tombe
1170 2949 58 28 en
1253 2950 64 28 un
1352 2951 122 42 coup
1514 2939 56 41 de
1601 2954 189 28 massue
1826 2955 89 41 que
1952 2942 187 43 Berlioz
2164 2944 124 41 n'eût
2310 2942 75 42 osé

386 2994 147 42 rêver.
575 2995 64 41 La
686 2994 217 55 jeunesse
938 2996 55 41 de
1030 2997 197 43 l'œuvre
1263 2999 221 43 s'affirme
1509 3003 24 40 à
1560 3015 88 29 son
1686 3002 236 44 caractère
1962 3006 254 41 extérieur.
2253 3003 133 43 Aussi

386 3056 129 41 VAve
539 3057 166 41 Maria
712 3090 10 17 ,
747 3057 67 42 l'O
837 3059 227 43 salutaris
1071 3093 9 19 ,
1101 3074 94 28 une
1223 3061 249 44 Elévation
1484 3098 8 16 ,
1528 3063 252 44 intercalés
1803 3067 443 54 postérieurement,
2271 3077 93 32 tran-

387 3118 227 42 chent-ils
642 3133 80 27 sur
746 3119 43 42 le
811 3130 139 33 reste.
978 3122 123 42 Mais
1119 3132 193 46 partout
1333 3126 41 40 le
1397 3126 165 42 travail
1588 3128 56 42 de
1689 3130 338 54 marquetterie
2073 3131 63 42 du
2163 3129 224 43 musicien

384 3180 228 55 apparaît,
641 3182 333 54 encombrant,
1002 3196 110 29 sans
1138 3185 168 55 jamais
1341 3188 139 43 céder
1505 3189 42 42 le
1573 3203 85 42 pas
1694 3191 25 41 à
1747 3205 65 28 un
1839 3202 216 33 moment
2076 3194 57 42 de
2168 3192 217 44 véritable

385 3241 208 44 effusion
619 3242 202 57 lyrique,
844 3245 57 41 de
920 3246 207 54 poussée
1153 3246 272 47 intérieure.
1448 3251 131 42 Dans
1604 3252 332 45 lesmorceaux
1961 3255 68 43 les
2048 3255 158 43 mieux
2227 3267 155 36 venus,

386 3305 12 40 1
418 3304 234 43 interlude
679 3306 57 41 de
762 3306 26 41 l'
792 3307 268 54 Elévation,
1086 3323 85 42 par
1190 3312 232 55 exemple,
1449 3312 150 45 formé
1627 3316 56 42 de
1707 3317 162 43 motifs
1890 3318 95 55 pris
2013 3332 90 29 aux
2124 3318 258 43 différentes

385 3368 173 54 parties
582 3369 56 41 de
663 3368 44 42 la
732 3382 171 37 messe,
925 3384 62 28 on
1014 3372 254 56 s'achoppe
1293 3387 172 31 encore
1489 3377 24 41 à
1533 3391 94 29 une
1653 3379 346 57 juxtaposition
2042 3380 239 43 arbitraire
2305 3378 81 42 des.

386 3438 137 34 notes
548 3430 69 42 les
654 3431 108 55 plus
789 3431 269 57 étrangères
1086 3436 24 40 à
1153 3436 298 56 l'harmonie,
1477 3439 80 56 qui
1584 3450 106 33 sent
1724 3441 43 42 le
1792 3456 221 42 pensum.
2044 3445 75 41 Un
2140 3442 151 43 thème
2307 3439 82 56 qui

386 3492 199 53 revient,
616 3493 24 42 à
659 3493 148 55 partir
829 3494 62 43 du
927 3497 63 41 Et
1008 3496 46 43 in
1080 3506 129 34 terra
1244 3514 97 42 pax
1348 3533 10 19 ,
1385 3514 206 44 presque
1613 3504 25 41 à
1662 3512 106 35 tout
1787 3519 198 42 propos,
2012 3505 42 44 le
2101 3505 101 43 seul
2231 3503 130 43 réelle-

386 3563 129 33 ment
532 3554 108 43 ému
663 3565 43 32 et
728 3556 81 56 qui
827 3557 224 44 détienne
1066 3561 209 54 quelque
1295 3563 211 43 douceur
1524 3565 325 58 évangélique,
1868 3578 70 33 est
1953 3582 66 29 un
2034 3575 216 49 emprunt
2272 3563 82 44 mal-

385 3615 210 44 heureux
616 3626 45 34 et
683 3626 107 48 trop
817 3620 149 42 direct
988 3622 56 41 de
1065 3623 122 42 celui
1214 3624 56 43 de
1293 3624 43 43 la
1374 3626 244 55 princesse
1640 3629 178 43 Libuse
1845 3631 302 55 (Libouche),
2187 3631 195 41 d'autant

385 3679 106 54 plus
524 3681 283 54 regrettable
832 3696 90 41 que
942 3684 116 42 dans
1081 3685 43 42 le
1150 3687 252 55 grandiose
1428 3690 147 55 opéra
1599 3692 56 41 de
1676 3692 241 52 Smetana,
1942 3693 34 42 il
2009 3707 49 29 se
2081 3702 164 33 trouve
2275 3688 103 58 paré

388 3741 56 41 de
470 3750 157 34 toutes
652 3744 69 41 les
789 3745 147 42 mâles
962 3748 273 43 tendresses
1276 3751 140 43 d'une
1441 3752 286 56 inspiration
1754 3763 266 36 autrement
2045 3754 223 44 musicale
2293 3754 6 39 !

391 3803 322 56 L'exécution,
736 3819 85 42 par
835 3807 474 56 l'Orchesterverein,
1333 3827 90 30 aux
1448 3815 153 44 mains
1627 3817 58 43 de
1711 3818 64 42 M.
1798 3819 133 42 Hans
1950 3815 427 58 Schilling-Ziems-
