3457 4353
1699 161 87 52 138

162 311 316 50 zeichnetsten.
510 308 125 50 Nach
665 308 100 49 dem
790 306 212 50 Schlüsse
1033 305 79 50 der
1136 304 126 67 Oper
1293 302 157 49 wurde
1479 318 101 32 vom
1611 316 52 50 ge-

160 402 222 43 sammten
411 390 424 71 Opern-Personale
873 390 87 50 wie
1004 386 280 69 gewöhnlich
1313 385 77 50 das
1430 423 17 19 „
1467 385 97 50 God
1590 402 101 31 save

166 479 69 48 the
521 490 219 51 gesungen,
783 471 148 51 wobei
974 471 188 50 Formes
1204 469 80 48 mit
1323 468 100 49 dem
1464 468 226 63 Vortrage

161 559 80 50 der
269 560 90 49 ihm
391 565 110 42 stets
532 555 277 50 zufallenden
840 554 220 67 Strophe:

983 638 172 49 Scatter
1387 638 68 48 his
1581 654 114 32 enem

569 722 109 48 And
705 720 125 49 make
861 720 113 49 them
999 719 120 65 fall!

164 805 125 49 einen
317 802 269 66 gewaltigen
617 802 321 49 Beifallssturm
970 797 255 50 hervorrief.

280 885 87 49 Die
407 884 187 50 nächste
633 883 290 65 Vorstellung
967 882 88 66 (am
1093 880 87 50 19.
1213 878 142 67 April)
1397 896 94 30 war
1529 877 129 50 Fide-

160 969 37 49 1i
211 987 41 38 o,
298 967 79 49 das
406 968 150 50 Werk
598 967 77 48 des
720 965 244 50 deutschen
1003 965 274 65 Imperators
1318 962 57 47 im
1404 960 168 50 Reiche
1613 959 80 50 der

160 1049 254 59 Tonkunst,
444 1066 79 32 zur
551 1048 381 64 Verherrlichung
961 1045 79 50 der
1058 1043 320 51 Anwesenheit
1409 1043 78 48 des
1510 1042 183 48 Kaisers

161 1133 80 48 der
269 1133 258 48 Franzosen
556 1132 93 48 und
678 1131 80 48 der
785 1129 196 65 Königin
1012 1128 80 48 der
1121 1125 168 51 Briten.
1329 1125 94 49 Das
1454 1125 128 47 Haus
1613 1123 81 49 bot

161 1216 44 48 in
236 1214 151 50 seinen
414 1213 250 67 prachtvoll
694 1211 447 67 ausgeschmückten,
1171 1207 292 67 ungeheuren
1484 1208 209 47 Räumen

164 1298 128 48 einen
321 1315 84 31 von
435 1297 137 48 Glanz
604 1296 107 49 aller
739 1296 146 48 Arten
923 1292 286 51 strahlenden
1238 1289 190 50 Anblick
1470 1289 94 59 dar,
1608 1288 86 50 den

550 1355 10 10 /

161 1379 77 49 Ihr
269 1377 381 67 Correspondent,
693 1376 79 49 der
806 1392 88 34 nur
924 1376 121 48 einer
1074 1373 283 50 besonderen
1388 1372 147 48 Gunst
1564 1371 129 49 einen

160 1461 124 48 Platz
316 1461 146 48 hinter
485 1459 85 50 den
598 1459 235 50 Coulissen
861 1457 259 58 verdankte,
1149 1462 93 42 erst
1271 1471 71 33 am
1369 1453 212 50 Schlüsse
1611 1452 80 49 der

161 1543 128 68 Oper
317 1543 268 65 vollständig
609 1541 234 67 geriiessen
867 1541 182 54 konnte,
1079 1538 146 50 indem
1257 1553 48 33 er
1336 1536 91 49 sich
1458 1543 133 42 unter
1621 1536 68 48 die

162 1625 245 49 zahlreiche
437 1625 293 49 Gesellschaft
772 1623 201 56 mischte,
1016 1621 171 51 welche
1232 1618 118 50 beim
1390 1620 181 63 Gesang
1611 1618 80 48 der

161 1707 282 50 Volkslieder
498 1708 221 56 „Partant
752 1724 121 48 pour
903 1707 45 48 la
978 1705 129 64 Syrie
1188 1702 92 50 und
1333 1703 135 56 „God
1493 1719 102 31 save
1624 1701 69 48 the

166 1791 152 60 Queen
332 1799 17 17 11
391 1790 127 48 einen
548 1790 192 56 dichten,
782 1787 141 50 durch
964 1787 68 48 die
1061 1785 224 49 reichsten
1314 1783 224 50 Toiletten
1568 1782 99 48 blen-

162 1871 177 49 denden
365 1872 150 47 Kranz
558 1871 79 48 auf
672 1871 78 48 der
778 1870 159 49 Bühne
978 1867 193 50 hinter
1200 1866 100 48 dem
1332 1866 334 63 Sänger-Perso-

158 1954 101 49 nale
288 1952 94 50 und
411 1954 102 48 dem
539 1952 121 50 Chor
689 1952 181 57 bildete,
900 1951 93 48 und
1023 1950 150 49 diesen
1200 1948 122 49 Platz
1354 1947 160 48 theuer
1544 1964 151 48 genug

160 2036 178 50 erkauft
359 2036 139 48 hatte.
531 2036 83 48 Die
636 2035 147 49 hohen
802 2034 324 49 Herrschaften
1149 2037 147 42 traten
1327 2036 93 42 erst
1447 2028 114 50 nach
1592 2028 101 49 dem

160 2125 151 42 ersten
341 2119 115 47 Acte
486 2117 42 49 in
558 2117 86 49 den
673 2135 85 31 von
796 2115 220 51 wahrhaft
1045 2112 232 66 sonnigem
1309 2111 210 57 Gaslicht,
1562 2110 131 58 Gold,

165 2200 209 67 Spiegeln
404 2199 92 49 und
518 2200 190 48 Blumen
740 2196 302 70 prangenden,
1072 2195 113 49 nach
1215 2195 79 48 der
1315 2192 158 50 Bühne
1503 2211 54 31 zu
1587 2192 87 49 offe-

158 2299 88 32 nen
278 2282 100 49 Saal
410 2282 84 56 ein,
525 2300 54 29 zu
611 2282 161 47 dessen
790 2279 294 63 Herstellung
1115 2277 94 47 fünf
1229 2276 65 48 bis
1314 2275 127 48 sechs
1467 2275 80 47 der
1572 2275 97 49 mitt-

162 2364 125 48 leren
317 2364 160 63 Logen
506 2361 233 50 verwandt
765 2376 167 33 waren.
961 2359 125 49 Nach
1116 2357 100 50 dem
1246 2355 312 49 rauschenden
1585 2356 72 47 Em-

161 2445 175 66 pfange,
367 2444 70 49 bei
467 2442 216 53 welchem
711 2460 99 32 zum
837 2449 148 42 ersten
1003 2440 117 49 Male
1150 2439 69 49 die
1251 2437 157 50 beiden
1440 2444 254 58 genannten

158 2528 162 48 Lieder
360 2531 224 52 ertönten,
627 2526 177 66 begann
846 2525 68 48 die
959 2539 156 50 grosse
1154 2521 540 54 Leonoren-Ouverture,

158 2609 91 49 und
282 2608 199 50 obschon
511 2608 82 49 der
625 2616 118 40 erste
773 2608 89 48 Act
905 2622 159 49 wegen
1105 2604 80 49 der
1210 2604 248 65 Spannung
1489 2601 79 48 der
1602 2601 61 48 Zu-

160 2693 136 48 hörer
326 2691 78 49 auf
429 2690 69 50 die
528 2690 311 65 Erscheinung
868 2689 80 48 der
975 2686 269 66 Majestäten
1279 2702 85 31 nur
1393 2684 80 48 mit
1511 2699 182 50 grosser

160 2775 310 64 Zerstreuung
509 2773 221 66 angehört
772 2770 187 51 worden
1002 2787 108 40 war,
1154 2785 50 32 so
1248 2766 159 50 wurde
1453 2765 115 50 doch
1611 2766 80 50 der

162 2855 158 50 zweite
365 2855 93 48 und
501 2854 182 66 dritte*)
727 2854 77 48 mit
846 2868 182 51 grosser
1059 2848 409 52 Aufmerksamkeit
1514 2846 176 66 gehört,

161 2938 93 48 und
282 2936 269 50 namentlich
580 2936 76 49 das
684 2935 146 50 Finale
862 2934 175 48 inachte
1068 2933 125 48 einen
1225 2929 466 51 ausserordentlichen

160 3019 242 50 Eindruck.
447 3019 82 48 Die
560 3018 286 65 Aufführung
875 3033 92 32 war
997 3014 256 65 überhaupt
1281 3011 302 58 vortrefflich;
1625 3011 68 49 die

158 3104 260 64 Besetzung
447 3102 233 66 folgende:
721 3102 207 47 Leonore
938 3098 224 48 —Fräul.
1192 3098 132 63 Ney,
1354 3094 255 50 Marcellme

162 3184 151 50 Fräul.
344 3185 208 65 Maray,
592 3183 194 66 Jaquino
870 3179 306 57 Lucchesi,
1219 3178 235 48 Florestan
1465 3206 59 6 —
1538 3178 123 48 Taru-

164 3265 129 50 ber!
308 3265 65 59 ik,
404 3267 180 48 Pizarro
669 3263 343 66 Tagliafico,
1041 3263 151 48 Rocco
1280 3260 254 47 Formes.

285 3349 92 47 Das
420 3347 472 67 Drurylane-Theater
950 3344 76 48 hat
1082 3361 85 31 nur
1211 3342 97 48 eine
1351 3338 339 65 mittelmässige

165 3429 475 66 Opern-Gesellschaft
680 3424 501 66 zusammengebracht;
1225 3423 69 49 die
1342 3422 351 54 Prima-Donna,

162 3512 123 48 Mad.
320 3512 191 57 Gassier,
552 3528 86 32 von
677 3511 144 48 einem
868 3508 169 67 pariser
1065 3507 148 48 Blatte
1252 3505 103 49 sehr
1384 3502 309 67 angepriesen,

164 3594 74 49 hat
261 3593 277 66 keineswegs
562 3594 85 49 den
663 3594 334 63 Erwartungen
1016 3588 312 67 entsprochen.
1359 3583 335 52 Abwechselnd

162 3677 79 48 mit
288 3677 80 48 der
412 3676 127 66 Oper
593 3676 127 66 spielt
774 3674 68 49 die
898 3671 297 50 französische
1238 3668 307 51 Gesellschaft
1590 3683 100 31 vom

166 3759 192 49 Theätre
384 3759 53 47 de
465 3759 46 47 la
545 3757 151 48 Gaiete
736 3756 46 48 in
818 3754 123 50 Paris
984 3754 39 49 in
1069 3752 166 49 diesem
1275 3752 155 47 Hause
1468 3747 91 51 und
1601 3745 95 68 gibt

165 3841 128 48 einen
322 3841 97 65 Tag
448 3857 76 31 um
557 3838 87 50 den
675 3838 196 48 anderen
908 3836 114 58 „Die
1326 3833 8 48 !

237 3961 32 46 *)
297 3960 77 39 Das
402 3958 108 39 Land
541 3956 70 40 der
637 3955 230 41 Maschinen
904 3954 47 38 ist
979 3951 170 41 nämlich
1177 3950 39 39 in
1247 3950 68 38 der
1345 3945 329 43 Theater-Maschi-

297 4010 107 39 nerie
430 4008 101 41 noch
561 4020 42 28 so
632 4007 90 39 weit
752 4005 156 45 zurück,
945 4006 86 38 dass
1059 4005 98 38 nach
1187 4005 89 35 dem
1305 4002 117 38 Duett
1450 3999 60 49 „0
1539 4010 132 26 namen-

293 4063 83 38 lose
607 4060 68 39 der
706 4058 189 49 Vorhang
920 4058 93 44 fällt,
1040 4068 66 27 um
1136 4055 63 38 die
1225 4053 137 40 Bühne
1389 4053 65 39 für
1479 4052 68 38 das
1564 4049 133 39 Finale

294 4113 215 39 einrichten
537 4125 47 26 zu
612 4111 169 41 können.

1905 300 100 48 Den
2035 299 221 58 Versuch,
2301 299 84 48 den
2415 297 253 68 Drurylane
2707 296 174 69 voriges
2921 296 110 51 Jahr
3069 297 80 49 mit
3192 297 122 50 einer

1783 383 350 66 englischen
2175 383 126 66 Oper
2330 380 189 58 machte,
2561 380 76 50 hat
2668 381 142 49 dieses
2841 380 109 50 Jahr
2979 380 78 50 das
3086 383 195 63 Haymar-

1782 466 67 49 ket
1884 466 186 49 Theaire
2110 464 171 49 wieder
2320 465 343 64 aufgenommen
2707 463 93 48 und
2838 463 88 57 ihn,
2969 463 146 49 curios
3148 479 164 50 genug,

1783 546 80 49 mit
1892 546 79 49 der
1999 546 292 64 Aufführung
2320 545 235 50 derselben
2587 545 141 65 Oper,
2771 543 194 49 Auber's
2996 545 87 48 Fra
3114 544 199 57 Diavolo,

1783 629 79 48 mit
1891 628 270 64 englischem
2192 629 119 47 Text
2342 628 88 48 und
2462 626 140 50 durch
2632 625 226 50 dieselben
2883 626 228 56 Künstler,
3142 626 142 66 begon-

1782 729 100 32 nen.
1914 711 100 49 Alle
2043 710 215 66 Achtung
2286 727 78 33 vor
2395 710 80 48 der
2504 709 196 49 schönen
2731 709 329 48 Tenorstimme
3091 709 90 48 und
3212 709 101 48 dem

1784 794 206 64 Gesänge
2020 811 84 30 von
2136 791 446 50 Sims-Reeves:
2624 790 107 50 aber
2772 790 78 48 auf
2884 790 80 48 der
2991 789 157 49 Bühne
3178 790 56 48 ist
3265 807 49 31 er

1784 877 97 48 eine
1910 875 211 50 hölzerne
2151 875 150 56 Säule,
2342 874 68 48 ein
2443 874 238 65 singender
2710 874 234 56 Automat,
2984 873 93 49 und
3105 873 207 48 Madame

1782 959 175 47 Reeves
2000 974 104 49 mag
2145 957 57 48 im
2232 958 155 46 Hause
2432 955 104 49 sehr
2573 954 348 66 liebenswürdig
2950 954 105 56 sein,
3104 972 53 30 zu
3190 954 122 48 einer

1782 1039 238 51 reizenden
2049 1039 176 48 Zerline
2258 1038 108 49 aber
2396 1037 108 49 fehlt
2532 1037 69 48 ihr
2631 1054 48 32 so
2712 1037 196 49 ziemlich
2938 1037 139 49 Alles.

1906 1122 107 50 Wir
2056 1120 209 50 kommen
2310 1138 56 31 zu
2410 1119 87 50 den
2538 1118 587 67 philharmonischen
3171 1118 105 51 Con-

1784 1212 217 42 certen.
2055 1204 224 64 Wagner,
2320 1203 80 48 der
2439 1204 70 47 lür
2550 1202 70 48 ein
2649 1203 213 48 Honorar
2890 1218 88 32 von
3011 1202 113 49 240
3158 1204 51 47 L.
3242 1203 66 51 St

1877 1285 77 50 das
1983 1284 228 68 Doppelte
2240 1302 85 32 von
2356 1284 116 57 dem,
2502 1299 94 33 was
2627 1283 135 49 Costa
2794 1282 150 49 bisher
2973 1283 156 48 erhielt
3234 1302 79 30 zur

1783 1368 231 50 Direction
2033 1367 187 49 berufen
2244 1383 108 41 war,
2383 1367 125 48 hatte
2536 1383 86 32 von
2654 1383 109 31 vorn
2786 1364 151 50 herein
2961 1364 217 68 diejenige
3203 1367 81 47 Par-

1783 1451 58 49 tei
1887 1466 145 52 gegen
2074 1451 105 58 sich,
2221 1448 169 51 welche
2420 1466 49 32 es
2497 1448 81 50 mit
2607 1447 136 51 Costa
2773 1448 106 48 hält
2935 1449 56 49 W
2992 1449 11 14 T
3007 1448 37 48 ie
3090 1448 221 50 zahlreich

1784 1532 91 49 und
1906 1532 237 66 gewichtig
2175 1532 120 49 diese
2333 1531 71 57 ist,
2447 1531 85 48 wie
2573 1531 84 48 fest
2687 1529 173 50 Costa's
2889 1528 215 51 Ansehen
3134 1529 67 50 bei
3234 1531 79 48 der

1784 1616 198 64 hiesigen
2010 1614 335 50 musicalischen
2370 1614 130 50 Welt
2530 1613 133 57 steht,
2696 1613 159 48 wissen
2880 1612 88 57 Sie,
2998 1613 92 48 und
3120 1631 86 30 von
3236 1613 80 48 der

1784 1697 249 50 trefflichen
2071 1697 194 65 Leitung
2309 1712 180 48 grosser
2527 1696 182 48 Massen
2752 1694 139 49 durch
2935 1693 73 50 ihn
3050 1693 146 50 haben
3242 1694 72 49 Sie

1787 1780 104 49 Sich
1934 1780 211 49 ebenfalls
2188 1778 138 50 selbst
2371 1777 261 66 überzeugt.
2691 1777 134 48 Diese
2866 1776 147 49 Partei
3055 1777 87 48 rief
3175 1777 139 50 schon

1785 1862 141 50 durch
1966 1861 68 48 ihr
2074 1860 342 49 thatsächliches
2458 1858 370 51 Vorhandensein
2870 1858 142 57 allein,
3055 1876 103 31 zum
3187 1858 127 49 Theil

1785 1943 108 54 aber
1922 1943 113 49 auch
2065 1942 141 51 durch
2236 1942 428 66 Zeitungs-Artikel,
2687 1941 84 48 wie
2799 1941 67 48 ich
2897 1940 58 49 im
2973 1941 205 65 Anfange
3209 1940 81 49 mei-

1784 2044 80 31 nes
1895 2026 167 48 Briefes
2109 2026 139 48 schon
2277 2026 274 65 angedeutet
2583 2023 128 58 habe,
2754 2023 97 49 eine
2881 2023 301 66 Gegenpartei
3212 2023 76 49 her-

1785 2125 96 41 vor,
1912 2107 170 50 welche
2113 2107 128 48 einen
2272 2106 238 66 doppelten
2543 2105 155 49 Grund
2731 2105 138 57 hatte,
2911 2105 83 48 den
3024 2121 147 33 neuen
3200 2105 93 48 Diri-

1785 2197 165 60 genten
1991 2191 78 48 auf
2107 2190 81 48 alle
2229 2188 219 67 mögliche
2477 2187 160 51 Weise
2681 2206 54 31 zu
2767 2187 135 48 feiern
2936 2187 90 50 und
3057 2205 54 30 zu
3143 2187 173 57 heben;

1787 2274 116 47 denn
1947 2271 158 48 einmal
2147 2270 165 49 flössen
2358 2270 69 48 die
2469 2268 255 58 Lobreden,
2771 2268 270 65 glänzender
3077 2268 239 67 Empfang,

1784 2354 258 48 Hervorruf
2066 2371 42 31 u.
2141 2352 86 66 dgl.
2259 2369 80 32 aus
2370 2352 80 49 der
2470 2351 364 65 Ueberzeugung
2862 2369 84 30 von
2968 2351 244 65 Wagner's
3229 2352 57 47 Be-

1788 2436 203 64 deutung
2029 2434 93 49 und
2161 2451 79 31 aus
2283 2434 99 48 dem
2427 2450 109 48 ganz
2568 2432 275 49 natürlichen
2874 2434 198 63 Drange,
3118 2431 83 50 den
3232 2432 56 49 Er-

1787 2517 196 49 wählten
2023 2517 62 49 als
2128 2516 84 48 den
2244 2515 299 66 Würdigsten
2589 2514 318 57 hinzustellen;
2952 2515 211 48 zweitens
3194 2515 123 48 hatte

1787 2600 108 49 aber
1924 2600 113 48 auch
2069 2599 67 49 die
2166 2599 240 49 Nachricht
2446 2615 85 32 von
2573 2597 100 49 dem
2720 2596 222 66 Abgange
2974 2596 173 50 Costa's
3189 2597 128 49 einen

1784 2681 304 65 ungünstigen
2105 2680 195 48 Einlluss
2324 2680 77 48 auf
2420 2680 68 48 die
2513 2677 480 68 Subscriptions-Liste
3021 2677 179 66 gehabt,
3232 2679 84 48 wie

1783 2765 68 48 ich
1882 2780 289 33 vernommen
2202 2763 90 48 und
2324 2763 82 48 wie
2436 2763 68 48 die
2533 2761 284 50 öffentlichen
2847 2761 171 48 Blätter
3049 2760 53 67 (z.
3130 2761 48 48 B.
3212 2763 70 48 Mu-

1790 2848 107 49 sical
2076 2848 124 62 World)
2201 2863 49 48 ganz
2278 2844 339 49 unumwunden
2660 2860 151 49 sagen.
2870 2844 62 47 Es
2979 2849 199 42 mussten
3223 2843 93 49 also

1785 2929 82 48 alle
1897 2928 147 48 Hebel
2072 2928 44 48 in
2140 2929 265 63 Bewegung
2434 2933 173 58 gesetzt
2636 2925 200 57 werden,
2865 2942 75 31 um
2966 2924 134 66 jenen
3121 2924 195 49 Einfluss

1787 3009 139 49 durch
1958 3009 69 49 die
2056 3017 151 41 ersten
2236 3008 254 49 Eindrücke
2531 3006 91 50 und
2664 3006 140 49 durch
2850 3006 135 49 deren
3017 3006 299 65 Schilderung

1787 3110 54 31 zu
1872 3091 283 68 paralysiran.
2213 3090 136 48 Diese
2380 3091 123 64 Lage
2545 3088 79 49 der
2645 3088 146 66 Dinge
2832 3105 122 31 muss
2994 3107 103 30 man
3130 3089 189 55 kennen,

1787 3187 75 37 Um
1893 3174 69 48 die
1991 3173 448 66 Zeitungs-Berichte
2483 3171 90 47 für
2612 3170 93 48 und
2734 3170 184 50 wider
2959 3170 161 65 richtig
3156 3170 135 48 würdi-

1788 3273 85 48 gen
1917 3273 51 31 zu
2011 3254 195 57 können,
2250 3272 93 30 was
2389 3253 162 48 freilich
2594 3259 134 42 unter
2770 3253 179 48 solchen
2983 3251 335 50 Verhältnissen

1788 3338 157 48 immer
1976 3337 236 64 schwierig
2240 3335 154 50 bleibt.
2451 3335 134 49 Eines
2627 3334 139 48 bleibt
2803 3333 162 66 jedoch
2996 3333 323 49 unanfechtbar

1788 3419 173 57 stehen,
2005 3418 100 49 dass
2151 3436 46 30 es
2229 3417 304 49 Deutschland
2578 3433 80 32 zur
2687 3417 122 47 Ehre
2851 3415 212 66 gereicht,
3107 3417 103 48 dass
3250 3415 71 50 ein

1788 3502 244 49 deutscher
2061 3500 215 50 Künstler
2314 3502 67 47 lür
2411 3500 143 49 dieses
2584 3499 109 48 Jahr
2723 3516 54 30 an
2809 3498 67 48 die
2907 3499 152 66 Spitze
3090 3498 80 49 der
3200 3499 90 48 Con-

1789 3592 122 42 certe
1952 3583 146 48 dieser
2136 3583 133 58 alten,
2309 3580 312 51 ruhmreichen
2662 3579 335 51 musicalischen
3029 3580 292 50 Gesellschaft

1793 3665 179 68 gestellt
2001 3664 184 50 worden
2216 3665 68 49 ist.

1912 3748 94 47 Für
2037 3747 76 48 das
2145 3754 119 41 erste
2282 3745 194 51 Concert
2502 3761 149 33 waren
2683 3743 68 49 die
2773 3744 426 50 Pastoral-Sinfonie
3233 3762 86 32 von

1790 3828 261 52 Beethoven
2091 3828 93 48 und
2229 3828 67 48 die
2335 3825 347 51 Preis-Sinfonie
2726 3843 85 32 von
2842 3825 206 50 Lachner
3091 3825 231 50 hestimmt

1792 3927 235 52 gewesen;
2056 3911 77 48 auf
2151 3912 243 65 Wagner's
2411 3908 210 51 Wunsch
2653 3909 155 47 wurde
2827 3908 68 50 die
2918 3908 187 48 letztere
3132 3909 160 49 zurück-

1793 3994 150 66 gelegt
1972 3992 86 67 (die
2088 3992 194 49 Sinfonie
2311 3993 76 48 Nr.
2415 3988 28 50 7
2476 4008 87 31 von
2590 3991 201 66 Haydn
2819 3996 92 43 trat
2941 3989 126 49 dafür
3095 3989 101 68 ein),
3225 3991 93 48 und

1794 4082 108 44 statt
1934 4074 80 50 der
2041 4074 229 50 Pastorale
2301 4072 164 51 wählte
2494 4090 49 31 er
2577 4072 68 51 die
2674 4071 137 52 Eroi
2828 4088 74 44 ca,
2952 4110 18 19 „
2983 4071 146 50 indem
3161 4088 49 33 er
3242 4072 79 49 mit
