3165 4389
272 334 312 55 TEK
662 335 59 53 H
801 334 61 54 N
943 321 46 65 É

2621 3774 144 54 231

278 477 124 43 école,
444 477 72 41 des
548 475 239 54 hôpitaux,
825 485 92 35 etc,,
955 472 111 43 ainsi
1100 486 85 39 que
1218 472 71 40 des
1325 472 123 41 salles

275 539 51 42 de
357 540 171 43 lecture,
564 538 203 46 cinémas,
802 536 188 42 théâtres
1021 546 41 32 et
1093 535 71 41 des
1195 534 143 42 divers
1371 533 52 42 bâ-

276 602 181 43 timents
499 602 22 41 à
569 600 249 42 utilisation
861 597 238 44 collective.
1147 597 80 41 Les
1272 596 175 42 besoins

274 666 59 40 du
361 665 114 41 culte
503 665 34 41 si
565 664 272 53 importants
867 661 111 44 dans
1005 660 245 43 l'ancienne
1279 659 166 43 Russie»

275 744 50 26 ne
375 727 245 55 paraissent
668 725 100 54 plus
819 724 85 42 être
954 723 88 53 pris
1093 738 51 26 en
1197 722 224 41 considéra-

276 793 118 42 tion;
423 806 50 26 en
499 801 101 31 tout
624 804 81 31 cas,
732 788 29 42 il
788 802 52 26 ne
863 786 73 42 fut
960 800 77 39 pas
1063 785 207 55 question
1297 785 50 41 de
1369 783 52 43 bâ-

276 853 182 45 timents
480 851 225 54 religieux.
731 849 255 45 D'ailleurs,
1013 849 22 40 à
1062 849 39 41 la
1124 847 101 41 bace
1248 846 59 41 du
1333 861 86 26 nou-

274 931 109 28 veau
412 929 284 39 programme
726 912 50 41 de
808 909 323 50 construction,
1163 909 93 41 Ton
1290 920 157 30 trouve

275 978 71 44 des
385 976 232 54 négations
654 973 176 43 d'ordre
870 971 214 54 spirituel,
1125 985 173 28 comme
1336 968 92 46 l'éli-

277 1039 224 43 mination
539 1037 51 42 de
626 1037 40 42 la
704 1035 171 42 famille
912 1047 38 30 et
989 1033 193 42 d'autres
1220 1032 104 41 faits
1364 1047 84 38 que

274 1101 112 54 May
425 1101 165 53 signale
626 1113 173 27 comme
837 1096 225 42 inhérents
1100 1096 20 40 à
1160 1098 39 40 la
1240 1095 206 41 nouvelle

272 1165 262 51 conception
567 1161 169 43 sociale.

343 1225 257 55 Lorsqu'on
635 1239 105 28 veut
772 1239 39 25 se
846 1223 153 41 rendre
1032 1234 176 40 compte
1242 1221 51 40 de
1328 1220 95 42 l'im-

272 1301 209 41 portance
508 1289 58 40 du
596 1286 159 44 travail
780 1284 269 43 constructif
1077 1283 147 42 réalisé
1253 1298 50 26 en
1330 1283 87 42 Rus-

275 1352 56 43 sie
353 1367 59 27 on
437 1367 51 25 ne
513 1350 98 44 doit
630 1365 78 37 pas
731 1348 224 53 envisager
979 1348 57 40 les
1058 1348 151 40 choses
1234 1347 58 40 du
1315 1345 132 53 point

277 1415 50 41 de
360 1428 82 28 vue
476 1414 71 40 des
581 1412 173 42 valeurs
788 1411 278 52 spirituelles.
1103 1409 79 41 Un
1216 1410 232 52 jugement

276 1493 91 24 non
410 1475 207 54 prévenu,
663 1488 190 38 suppose
891 1488 85 38 que
1018 1473 94 40 l'on
1155 1473 192 40 admette
1390 1471 56 40 les

275 1540 104 42 buts
416 1540 50 40 de
505 1538 38 41 la
581 1536 206 42 nouvelle
823 1535 307 53 organisation
1168 1534 168 42 sociale.
1377 1533 68 41 En

1598 470 192 43 dernière
1830 470 193 53 analyse,
2066 472 32 43 il
2136 469 107 55 'agit
2281 470 52 42 de
2370 472 40 41 la
2448 467 245 56 prospérité
2731 478 38 32 et

1597 533 50 41 de
1684 534 312 52 l'importance
2033 533 229 42 mondiale
2297 533 50 41 de
2385 533 40 42 la
2462 532 155 43 Russie
2654 546 87 26 nou-

1597 597 123 42 velle.
1759 597 123 41 Pour
1919 596 217 43 atteindre
2171 611 44 26 ce
2254 595 83 44 but
2377 611 59 26 on
2476 611 22 27 a
2538 609 171 28 recours
2747 594 21 41 à

1597 673 99 34 une.
1714 659 83 42 très
1830 659 116 42 forte
1982 658 332 43 centralisation
2350 658 305 54 économique,
2695 673 49 26 en-

1596 721 200 45 traînant
1827 736 115 38 pour
1977 723 39 41 la
2047 736 138 27 masse
2217 722 51 40 de
2299 722 187 53 grandes
2516 720 252 54 privations

1596 784 210 53 acceptées
1846 784 110 42 dans
1994 785 180 52 l'espoir
2213 784 110 41 d'un
2364 784 150 42 avenir
2552 783 214 42 meilleur.

1596 846 80 41 Les
1712 847 266 53 principaux
2018 861 188 39 moyens
2242 846 271 43 secondaires
2552 845 217 55 auxquels

1596 924 59 26 on
1684 926 21 25 a
1731 924 170 26 recours
1926 924 117 38 pour
2067 909 217 43 atteindre
2308 924 42 27 ce
2376 909 140 42 même
2539 909 83 41 but
2650 919 116 33 sont,

1594 971 311 54 l'application
1939 972 219 42 intensive
2191 972 71 44 des
2296 972 180 54 progrès
2512 971 256 54 techniques

1596 1034 51 41 de
1671 1033 290 44 l'urbanisme
1985 1046 40 31 et
2050 1035 50 41 de
2124 1034 267 48 l'industrie,
2417 1050 50 27 en
2492 1049 83 28 vue
2601 1035 139 42 d'ame-

1595 1112 75 26 ner
1697 1110 101 31 tout
1827 1098 36 40 le
1891 1097 159 53 peuple
2077 1098 22 40 à
2130 1098 224 42 travailler
2381 1097 110 43 dans
2521 1098 72 41 des
2624 1097 144 42 usines

1594 1159 50 41 de
1676 1160 153 42 l'Etat.

1667 1223 120 44 C'est
1825 1223 50 40 de
1912 1238 41 26 ce
1989 1223 83 43 but
2109 1223 128 49 final,
2279 1223 215 42 différent
2529 1223 58 41 du
2625 1222 141 45 nôtre,

1597 1300 85 38 que
1725 1285 156 42 résulte
1928 1284 238 55 l'ampleur
2208 1286 58 41 du
2312 1301 285 39 programme
2642 1300 102 27 cons-

1596 1347 156 42 truetif
1794 1348 50 40 de
1886 1348 40 42 la
1969 1348 168 44 Russie,
2184 1363 299 39 programme,
2530 1349 62 42 lui
2636 1348 128 44 aussi,

1597 1409 82 44 très
1711 1410 214 42 différent
1954 1412 59 40 du
2047 1411 142 44 nôtre.

1665 1471 306 50 (Traduction
2016 1474 109 41 libre
2165 1474 111 41 d'un
2319 1474 147 42 article
2507 1489 108 38 paru
2660 1474 109 42 dans

1606 1550 22 25 «
1675 1535 208 42 Bauwelt
1928 1550 22 26 »
1996 1536 59 41 du
2108 1536 253 55 11-6-31.)

276 1858 172 84 LA
514 1856 399 83 VILLE
971 1856 470 83 VERTE

276 1993 184 84 DE
562 1993 643 85 MOSCOU

277 2165 35 43 Il
338 2180 115 28 nous
477 2180 25 28 a
523 2180 109 38 paru
659 2166 263 44 intéressant
945 2169 53 41 de
1023 2168 244 53 compléter
1288 2168 38 43 le
1350 2168 72 51 pré-

275 2225 153 44 cédent
458 2227 148 43 article
640 2243 79 38 par
752 2230 57 41 tes
844 2229 212 52 quelques
1088 2229 241 54 précisions
1363 2243 85 39 que

276 2288 95 42 Von
407 2302 54 29 va
494 2290 77 42 lire
703 2290 201 43 relatives
936 2292 24 41 à
992 2307 42 26 ce
1068 2290 164 54 projet,
1266 2292 182 54 jusqu'à

275 2349 175 52 présent
479 2351 186 53 unique,
696 2363 41 31 et
768 2368 53 26 en
853 2353 99 43 voie
985 2355 52 41 de
1067 2352 254 45 réalisation
1359 2371 13 27 :
1407 2353 41 41 la

277 2411 121 43 Ville
427 2414 149 47 Verte,
605 2415 51 41 de
686 2415 207 43 Moscou.

344 2523 147 42 L'idée
530 2525 50 41 de
615 2524 109 42 créer
761 2541 85 27 une
882 2526 104 43 ville
1020 2538 118 32 verte
1174 2542 89 29 aux
1298 2538 149 45 portes

277 2584 160 45 mêmes
463 2586 50 41 de
538 2585 191 43 Moscou
755 2587 114 45 n'est
892 2603 77 38 pas
997 2589 157 50 vieille,
1181 2589 266 57 puisqu'elle

278 2647 157 53 naquit
460 2648 114 42 voici
601 2650 211 52 quelques
840 2650 145 42 douze
1010 2650 116 44 mois
1154 2651 111 43 dans
1290 2653 58 42 les
1374 2666 49 28 co-

277 2708 159 44 lonnes
459 2709 59 41 du
544 2710 180 52 journal
762 2726 22 25 «
811 2711 174 43 Pravda
1014 2728 40 27 ».
1083 2712 119 43 Mais
1225 2724 110 31 cette
1359 2714 89 42 idée

275 2786 21 25 a
325 2770 83 45 fait
440 2771 59 42 du
529 2773 190 42 chemin.
751 2773 76 42 Du
858 2773 198 55 principe
1085 2775 156 51 même,
1272 2775 174 55 général

275 2845 40 30 et
344 2832 310 56 schématique,
687 2835 78 42 elle
794 2838 100 40 s'est
923 2836 271 54 concrétisée,
1228 2850 63 31 est
1321 2838 100 42 deve-

276 2909 84 26 nue
390 2893 236 48 réalisable,
656 2896 160 43 s'étant
842 2897 190 44 enrichie
1058 2898 61 43 du
1147 2900 142 52 grand
1314 2912 101 30 nom-

275 2955 73 42 bre
382 2958 49 39 de
461 2956 239 53 précisions
733 2958 250 43 nécessaires
1017 2959 231 55 apportées
1279 2975 80 40 par
1389 2959 59 42 les

276 3017 276 43 travailleurs
589 3020 288 47 eux-mêmes,
918 3021 58 42 les
1013 3021 226 55 syndicats
1274 3021 148 55 profes-

275 3079 209 46 sionnels,
509 3081 72 41 des
602 3080 231 52 médecins,
860 3082 71 43 des
952 3083 293 55 pédagogues,
1269 3095 43 32 et
1332 3083 115 44 aussi

276 3140 71 43 des
383 3141 263 43 architectes.

343 3202 67 41 En
445 3218 79 27 son
560 3205 210 53 principe,
809 3206 38 41 la
881 3205 105 44 ville
1016 3218 118 32 verte
1170 3206 52 44 de
1253 3206 193 43 Moscou

277 3264 96 41 doit
409 3264 146 43 réunir
592 3266 57 41 les
684 3279 237 42 avantages
959 3269 58 41 du
1051 3279 145 32 centre
1232 3268 52 43 de
1321 3282 126 39 repos

275 3340 115 37 pour
419 3328 57 40 les
506 3328 278 42 travailleurs
813 3343 40 30 et
882 3344 107 27 ceux
1020 3329 50 43 de
1101 3329 40 43 la
1169 3328 169 45 station
1370 3328 57 44 cli-

277 3387 262 55 matérique;
569 3404 43 26 sa
637 3389 158 42 liaison
825 3405 98 28 avec
948 3391 40 42 la
1013 3391 186 53 capitale
1222 3391 81 43 tire
1329 3391 118 54 parti

277 3448 69 41 des
397 3460 234 44 avantages
678 3452 59 40 du
785 3452 174 42 chemin
1009 3453 51 42 de
1105 3452 65 43 fer
1215 3452 232 55 électrique

277 3510 260 45 suburbain,
574 3512 183 42 L'étude
792 3514 302 53 approfondie
1126 3515 59 43 du
1218 3514 229 54 problème

276 3572 117 52 posé,
427 3572 194 43 élaborée
653 3589 73 28 sur
755 3576 36 41 le
821 3575 107 53 plan
961 3575 146 52 social,
1140 3575 193 44 autorise
1362 3589 85 42 que

277 3634 93 41 l'on
397 3634 222 43 considère
644 3647 106 31 cette
775 3636 253 44 réalisation
1054 3652 173 29 comme
1253 3653 59 28 un
1343 3650 105 39 type

1597 1854 287 44 absolument
1919 1870 204 27 nouveau
2161 1855 361 43 d'urbanisation
2556 1856 187 54 systéma-

1598 1917 134 54 tique,
1768 1916 229 44 socialiste.
2035 1917 35 44 Il
2104 1917 147 42 fallait
2384 1917 146 43 dirent
2563 1934 61 27 ses
2656 1917 92 42 créa-

1597 1990 117 30 teurs
1830 1994 85 39 que
1943 1982 59 40 les
2028 1980 259 42 conditions
2315 1980 50 42 de
2392 1980 68 42 vie
2489 1981 71 43 des
2587 1980 159 42 travail-

1597 2041 126 52 leurs,
1756 2039 211 43 créateurs
1994 2041 71 42 des
2096 2041 213 50 richesses,
2337 2041 143 43 soient
2507 2058 51 26 en
2586 2043 153 41 harmo-

1597 2102 69 41 nie
1701 2117 99 26 avec
1832 2105 58 40 les
1923 2102 166 42 formes
2123 2102 347 54 perfectionnées
2505 2103 51 43 de
2589 2103 40 43 la
2663 2119 80 38 pro-

1597 2164 200 43 duction,
1823 2178 40 30 et
1886 2175 107 31 cette
2015 2164 235 42 harmonie
2272 2180 52 27 ne
2345 2177 108 41 peut
2475 2166 86 42 être
2587 2166 183 42 atteinte

1597 2227 132 52 qu'en
1757 2236 191 31 mettant
1971 2242 51 26 en
2046 2226 275 53 application
2345 2227 71 42 des
2439 2227 167 43 formes
2630 2228 51 42 de
2702 2226 68 44 vie

1596 2286 258 44 collectives.

1666 2347 62 43 La
1762 2349 104 42 ville
1897 2361 116 30 verte
2043 2361 179 42 compte
2253 2350 117 42 donc
2401 2351 146 53 parmi
2579 2350 57 44 les
2669 2350 101 42 cités

1597 2411 237 41 socialistes
1860 2427 50 25 en
1940 2411 98 42 voie
2067 2411 50 42 de
2144 2411 328 47 construction;
2505 2412 78 42 elle
2611 2411 159 43 diffère

1597 2472 216 42 toutefois
1844 2472 287 44 absolument
2157 2473 72 42 des
2255 2483 163 32 centres
2446 2488 84 40 que
2558 2473 93 42 l'on
2679 2472 68 42 édi-

1595 2534 58 41 fie
1687 2534 310 44 actuellement
2028 2535 22 40 à
2083 2534 358 54 Magnetogorsk
2474 2547 42 31 et
2547 2537 22 40 à
2602 2535 142 42 Stalin-

1597 2597 121 53 grad.
1752 2596 143 42 Située
1923 2612 51 27 en
2005 2597 159 41 dehors
2194 2597 59 42 du
2284 2596 134 43 vieux
2446 2596 208 48 Moscou,
2687 2611 82 28 son

1597 2658 82 44 but
1705 2669 61 31 est
1790 2657 185 42 d'offrir
1997 2658 72 41 des
2094 2658 293 47 habitations,
2415 2660 110 41 mais
2549 2674 100 27 sans
2674 2658 72 54 pré-

1597 2719 152 42 tendre
1799 2719 21 42 à
1871 2719 72 42 des
1993 2719 232 42 fonctions
2274 2731 289 43 proprement
2613 2719 130 42 indus-

1597 2782 174 41 trielles,
1806 2782 75 41 On
1914 2781 174 53 prévoit
2121 2781 224 43 d'ailleurs
2379 2797 85 40 que
2495 2782 51 43 de
2580 2781 163 43 sembla-

1594 2843 90 42 bles
1703 2843 125 42 villes
1850 2853 137 32 vertes
2012 2856 149 30 seront
2182 2842 175 43 édifiées
2378 2843 154 54 auprès
2556 2843 50 43 de
2628 2843 142 42 divers

1596 2904 162 54 grands
1806 2916 177 35 centres,
2032 2904 79 42 tels
2158 2919 84 40 que
2286 2903 456 44 Ivanovno-Vosnies-

1597 2966 141 50 sensk,
1771 2966 272 54 Leningrad,
2075 2966 234 47 Kharkov,
2341 2978 76 32 etc.

1597 3062 243 44 Situation.

1666 3138 59 42 Le
1761 3138 135 41 choix
1933 3138 71 41 des
2039 3137 327 55 organisateurs
2403 3153 17 27 s
2442 3149 62 31 est
2536 3138 128 53 porté
2698 3151 73 28 sur

1599 3199 397 51 Bratovchtchina,
2046 3214 54 27 au
2149 3200 115 41 nord
2311 3199 52 42 de
2407 3199 207 46 Moscou,
2663 3212 39 30 et
2748 3198 22 41 à

1598 3261 127 42 l'abri
1768 3262 72 40 des
1881 3260 171 44 fumées
2091 3276 40 29 et
2172 3260 281 45 émanations
2495 3261 50 43 de
2587 3260 40 44 la
2666 3261 105 42 ville

1599 3323 289 42 industrielle.
1928 3323 82 42 Cet
2046 3323 178 44 endroit
2258 3323 73 45 fut
2367 3338 195 28 reconnu
2599 3322 36 43 le
2671 3321 100 55 plus

1597 3396 99 42 apte
1721 3386 21 41 à
1769 3387 39 41 la
1830 3384 195 43 création
2052 3386 60 41 du
2135 3396 120 31 vaste
2279 3385 279 42 sanatorium
2583 3385 72 42 des
2682 3395 66 31 tra-

1600 3447 220 42 vailleurs.
1870 3447 35 43 Il
1952 3448 244 52 comprend
2244 3462 86 29 une
2377 3447 73 41 des
2492 3447 100 53 plus
2639 3446 132 41 belles

1597 3509 138 44 forêts
1774 3511 50 41 de
1863 3510 40 41 la
1944 3511 169 42 Russie.
2156 3510 83 41 Sur
2280 3511 57 42 les
2387 3524 87 39 150
2515 3509 254 41 kilomètres

1599 3572 149 50 carrée,
1796 3573 87 41 soit
1936 3587 172 40 15,000
2155 3573 190 42 hectares
2388 3587 73 26 sur
2504 3571 184 54 lesquels
2733 3573 38 40 la

1595 3636 103 42 ville
1727 3635 232 52 s'étendra,
2001 3650 173 39 11,500
2207 3648 105 30 sont
2341 3647 201 30 couverts
2575 3635 50 40 de
2655 3634 110 41 bois.
