3165 4389
232 358 310 54 TEK
622 357 58 53 H
762 355 59 54 N
900 345 46 62 É

2582 3801 153 56 233

234 505 186 55 IIIme
489 500 362 62 Congrès
928 499 600 54 International
1606 499 642 54 d'Architecture
2326 499 403 56 Moderne

235 589 423 56 Bruxelles
733 585 207 56 1930

237 731 536 84 Maisons
811 729 491 88 basses,
1340 739 690 78 moyennes
2066 739 170 71 ou
2277 726 452 87 hautes

235 902 281 40 Rapport
568 898 297 42 présenté
918 905 117 33 par
1092 898 59 35 le
1208 897 166 36 Prof.
1582 896 48 46 Dr.
1646 896 64 46 Ing.
1763 896 229 37 Walter
2044 897 265 39 Gropius
2361 897 258 43 (Berlin)

302 1062 114 41 Mon
448 1072 184 40 rapport
659 1058 51 41 de
739 1056 170 44 Pannée
937 1056 143 53 passée
1102 1072 72 26 sur
1204 1056 56 41 les
1287 1056 120 41 bases

235 1124 322 53 sociologiques
606 1121 59 41 du
712 1120 229 53 problème
990 1120 71 41 des
1110 1119 130 52 petits
1289 1120 94 52 loge-

236 1199 142 29 ments
409 1184 278 55 préconisait,
721 1197 116 39 pour
871 1183 39 40 la
944 1182 272 53 population
1252 1181 129 41 indus-

235 1249 138 43 trielle
405 1249 71 40 des
508 1248 139 43 villes,
683 1248 39 40 la
754 1244 307 42 construction
1096 1243 311 43 d'immeubles

237 1312 20 41 à
295 1311 139 54 étages
470 1308 242 54 multiples.

301 1389 125 41 Cette
452 1385 258 44 conclusion
741 1382 105 44 était
875 1382 122 42 basée
1024 1398 73 27 sur
1127 1383 37 42 la
1191 1390 215 34 structure

236 1450 181 44 actuelle
457 1449 49 41 de
550 1448 38 42 la
630 1446 172 43 famille
844 1444 288 49 industrielle,
1178 1455 38 31 et
1258 1458 73 27 sur
1374 1444 33 41 le

238 1513 315 53 dispersement
600 1508 240 55 progressif
885 1508 72 41 des
1002 1507 231 43 anciennes
1278 1506 103 41 fonc-

238 1576 120 42 tions
396 1575 49 40 de
484 1573 37 42 la
562 1571 184 49 famille,
789 1571 231 42 fonctions
1062 1570 176 41 d'ordre
1278 1580 104 30 auto-

236 1638 156 43 ritaire,
423 1635 193 42 éducatif
645 1647 38 31 et
714 1634 306 53 économique.

304 1712 59 42 Le
391 1710 199 54 Congrès
620 1709 148 42 décida
798 1708 51 41 de
879 1707 231 53 reprendre
1138 1716 106 33 cette
1273 1705 135 42 année

236 1775 26 42 P
271 1774 129 42 étude
430 1771 303 55 approfondie
766 1771 50 42 de
849 1787 41 25 ce
923 1770 242 54 problème»
1202 1769 78 55 qui
1312 1784 72 26 ren-

240 1850 60 30 tre
342 1836 224 42 d'ailleurs
609 1834 109 45 dans
763 1835 35 41 le
841 1833 124 42 cadre
1009 1832 49 42 de
1101 1832 25 42 P
1137 1831 267 42 urbanisme.

236 1899 118 43 C'est
384 1898 110 43 ainsi
523 1913 84 39 que
635 1897 72 41 fut
736 1895 126 55 porté
891 1896 20 41 à
944 1896 24 42 P
979 1895 127 42 ordre
1134 1895 57 41 du
1224 1894 104 52 jour
1358 1894 51 41 de

240 1963 36 41 la
322 1961 194 54 présente
560 1961 176 45 session,
784 1974 41 26 ce
866 1959 146 41 thème
1056 1957 81 44 très
1181 1956 165 43 discuté
1397 1971 7 26 :

245 2040 21 25 «
299 2024 195 42 maisons
523 2023 155 43 basses,
711 2022 196 42 maisons
939 2036 242 37 moyennes
1208 2034 59 27 ou
1299 2018 80 42 mai-

239 2102 104 27 sons
404 2087 154 41 hautes
623 2101 40 29 »,
728 2100 72 28 ou,
865 2096 58 29 en;
980 2083 192 42 d'autres
1236 2093 168 32 termes,

247 2165 21 26 «
309 2149 157 52 Quelle
502 2159 61 32 est
601 2151 41 40 la
679 2148 192 41 hauteur
907 2145 265 42 rationnelle
1212 2144 72 42 des
1323 2145 56 41 im-

235 2212 195 43 meubles
455 2213 23 42 à
499 2209 245 44 construire
768 2210 111 43 dans
903 2210 59 42 les
984 2208 215 54 quartiers
1225 2208 182 42 réservés

235 2291 55 26 au
320 2276 224 51 logement
574 2289 52 26 en
657 2287 138 28 masse
827 2272 72 42 des
927 2271 284 54 prolétaires?
1245 2286 23 26 »

306 2349 120 42 Pour
471 2347 170 42 éclairer
685 2349 35 40 le
763 2347 230 53 problème
1035 2346 29 41 il
1106 2357 61 30 est
1209 2344 106 42 utile
1358 2344 51 41 de

236 2412 180 53 préciser
445 2412 35 41 le
506 2425 94 30 sens
626 2410 59 42 ciu
716 2423 98 31 mot
851 2425 21 25 «
904 2408 220 42 rationnel
1158 2424 40 25 ».
1229 2407 80 42 Un
1338 2406 71 41 des

236 2474 103 42 buts
370 2474 59 41 du
461 2473 199 54 Congrès
692 2472 102 44 c'est
824 2472 50 41 de
904 2471 247 43 combattre
1185 2471 22 41 F
1217 2469 189 54 opinion

238 2536 82 42 très
345 2536 222 53 répandue
593 2551 83 38 que
710 2551 22 25 «
763 2534 223 43 rationnel
1016 2549 22 26 »
1067 2546 61 30 est
1155 2546 252 40 synonyme

238 2600 51 40 de
329 2614 21 25 «
384 2598 291 54 économique
711 2612 40 30 ».
786 2597 243 43 Rationnel
1060 2608 104 30 veut
1196 2595 89 42 dire
1317 2595 21 41 à
1371 2595 38 41 la

240 2662 123 41 lettre
396 2677 8 25 :
443 2676 21 25 «
494 2661 233 41 conforme
754 2676 54 25 au
833 2660 91 40 bon
953 2674 94 29 sens
1077 2674 22 26 »
1129 2672 40 30 et
1195 2658 216 42 embrasse

240 2725 109 40 dans
389 2735 127 30 notre
551 2739 83 27 cas,
678 2738 92 26 non
810 2721 242 44 seulement
1091 2723 57 40 les
1188 2719 222 54 exigences

238 2786 325 54 économiques,
595 2786 109 41 mais
729 2799 135 30 avant
891 2796 102 32 tout
1016 2784 125 43 celles
1168 2782 241 55 psycholo--

238 2848 151 55 giques
411 2862 39 30 et
474 2848 279 43 sociales.Les
777 2847 276 54 obligations
1078 2846 176 44 sociales
1277 2845 135 42 d'une

238 2911 221 54 politique
486 2911 117 42 saine
629 2911 59 42 du
716 2911 225 54 logement
967 2922 104 31 sont
1096 2909 312 42 certainement

239 2973 229 53 beaucoup
504 2973 99 53 plus
640 2973 296 53 importantes
973 2987 84 39 que
1093 2972 56 41 les
1184 2969 197 43 économi-

240 3050 123 38 ques:
389 3050 67 26 car
482 3034 261 42 l'économie
763 3046 64 30 est
849 3034 153 53 plutôt
1024 3050 60 25 un
1110 3048 161 38 moyen
1296 3046 115 39 pour

240 3097 216 42 atteindre
490 3097 35 41 le
559 3097 95 50 but,
692 3113 85 38 que
810 3099 35 40 le
880 3097 83 43 but
997 3096 244 42 lui-même.
1277 3094 133 43 Ainsi

240 3170 123 30 toute
403 3158 359 43 rationalisation
805 3159 112 42 n'est
958 3158 140 42 sensée
1137 3174 84 38 que
1259 3158 32 40 si
1333 3156 78 42 elle

240 3219 247 43 économise
519 3221 38 41 la
589 3220 213 53 précieuse
842 3236 21 26 «
901 3219 177 43 matière
1112 3235 22 26 »
1169 3219 74 55 qui
1278 3230 61 32 est
1370 3217 40 43 la

239 3281 117 41 force
386 3281 244 54 populaire.

309 3344 80 41 Les
440 3344 286 53 conceptions
779 3343 204 45 actuelles
1034 3355 270 31 concernant
1357 3342 55 41 les

243 3407 207 40 hauteurs
490 3406 76 54 qui
609 3407 186 42 doivent
835 3407 84 41 être
958 3406 247 42 onsidérées
1240 3419 172 27 comme

240 3468 122 42 étant
409 3469 252 42 favorables
710 3485 114 37 pour
875 3470 37 41 le
962 3469 225 54 logement
1235 3467 174 42 urbain,

236 3543 103 31 sont
370 3529 288 45 caractérisées
689 3548 80 37 par
798 3543 107 31 cette
936 3533 156 51 phrase
1124 3531 183 42 extraite
1339 3530 71 42 des

247 3608 21 26 «
308 3594 226 42 directives
568 3594 232 43 officielles
837 3595 269 44 allemandes
1141 3610 50 26 en
1231 3593 177 43 matière

239 3655 50 43 de
322 3656 224 54 logement
581 3672 22 27 »
635 3672 115 38 pour
791 3673 138 39 1929.

1630 1071 22 25 «
1708 1055 78 42 Les
1837 1055 246 54 logements
2134 1056 184 42 doivent
2367 1056 85 42 être
2500 1057 229 53 aménagés

1553 1118 110 42 dans
1710 1119 71 41 des
1828 1118 242 42 bâtiments
2116 1118 251 53 répondant
2416 1135 87 25 aux
2552 1120 82 41 lois
2679 1120 50 40 de

1554 1180 245 55 Phygiène;
1842 1181 28 41 il
1912 1180 112 45 faut,
2068 1192 101 33 tout
2209 1182 416 52 particulièrement,
2668 1197 59 26 un

1557 1243 205 54 éclairage
1813 1254 41 31 et
1906 1258 84 26 une
2042 1244 266 41 ventilation
2363 1244 250 44 suffisants.
2668 1246 64 40 La

1556 1306 175 42 maison
1763 1306 137 46 basse,
1931 1316 42 33 et
2000 1305 305 53 spécialement
2340 1307 41 43 la
2412 1306 175 42 maison
2617 1321 116 38 pour

1555 1385 87 26 une
1675 1368 172 43 famille
1881 1381 100 29 avec
2016 1368 167 54 jardin,
2221 1369 174 53 répond
2427 1385 55 26 au
2521 1369 151 42 mieux
2707 1370 22 40 à

1552 1447 63 29 ces
1644 1430 260 43 conditions
1909 1465 7 8 .
1950 1432 42 41 Si
2026 1432 57 42 les
2112 1432 259 43 conditions
2402 1432 155 42 locales
2590 1432 116 41 néces-

1555 1495 134 43 sitent
1725 1510 84 26 une
1843 1494 171 42 maison
2052 1509 49 26 en
2136 1494 202 48 hauteur,
2376 1495 160 41 celle-ci
2575 1510 50 26 ne
2657 1495 48 41 dé-

1556 1573 171 37 passera
1767 1572 78 38 pas
1884 1557 116 42 deux
2041 1556 142 54 étages
2225 1556 249 43 habitables
2515 1573 115 37 pour
2672 1557 58 42 les

1553 1619 126 44 villes
1722 1634 245 38 moyennes
2011 1631 43 32 et
2096 1628 156 45 quatre
2296 1620 141 52 étages
2482 1619 248 43 habitables

1555 1698 115 37 pour
1701 1681 57 42 les
1784 1682 187 51 grandes
2000 1681 125 43 villes
2130 1716 8 8 .
2170 1683 127 41 Dans
2327 1684 183 41 certains
2540 1698 66 26 cas
2637 1698 66 25 seu-

1556 1746 163 41 lement
1751 1756 41 31 et
1822 1759 116 38 pour
1969 1745 71 42 des
2072 1745 239 42 situations
2341 1745 383 53 exceptionnelles,

1556 1824 57 26 on
1644 1823 164 38 pourra
1840 1819 176 31 monter
2047 1808 230 42 au-dessus
2307 1808 50 41 de
2386 1818 107 32 cette
2521 1808 207 42 hauteur;

1559 1871 108 42 mais
1696 1871 110 41 dans
1833 1886 63 26 ces
1924 1885 80 29 cas,
2035 1869 29 44 il
2093 1869 160 44 faudra
2280 1870 168 42 réduire
2479 1871 38 41 la
2545 1871 179 40 hauteui

1559 1933 109 42 dans
1705 1934 55 42 les
1795 1932 218 55 quartiers
2046 1933 250 42 extérieurs.
2340 1949 21 25 »

1622 2008 127 42 Cette
1781 2008 226 50 tendance;
2043 2006 77 56 qui
2153 2022 41 26 se
2224 2007 232 42 manifeste
2488 2006 240 54 également

1559 2071 109 44 dans
1709 2071 193 41 d'autres
1940 2085 123 38 pays,
2106 2069 109 42 mais
2254 2085 99 27 avec
2395 2070 148 41 moins
2583 2069 51 42 de
2675 2069 36 42 ri-

1555 2148 149 39 gueur,
1738 2133 168 53 répond
1936 2133 22 40 à
1990 2133 38 42 la
2058 2131 343 54 préoccupation
2431 2132 95 44 fort
2555 2131 176 43 louable

1552 2196 50 42 de
1651 2194 224 43 diminuer
1923 2196 42 42 la
2011 2194 170 43 densité
2227 2194 73 42 des
2347 2196 123 41 villes
2479 2229 8 10 ,
2534 2195 194 41 devenue

1559 2259 229 52 beaucoup
1825 2269 102 42 trop
1965 2258 116 41 forte
2117 2272 78 38 par
2230 2258 110 42 suite
2374 2258 50 41 de
2461 2258 39 41 la
2537 2257 171 52 spécula-

1557 2321 94 42 tion
1696 2320 310 42 immobilière.
2053 2320 36 42 Il
2134 2321 253 52 appartient
2430 2321 21 41 à
2496 2319 139 43 PEtat
2679 2320 50 41 de

1557 2394 149 42 porter
1753 2382 182 49 remède,
1987 2382 110 42 dans
2144 2381 192 44 Pîntérêt
2381 2383 51 42 de
2477 2395 116 33 tous,
2641 2397 88 27 aux

1559 2446 259 54 dommages
1863 2444 216 44 résultant
2121 2445 59 41 du
2223 2445 84 45 fait
2350 2461 84 38 que
2480 2445 35 41 le
2560 2445 63 41 sol
2670 2457 57 29 es!

1557 2509 170 42 devenu
1762 2523 57 26 un
1853 2507 125 54 objet
2011 2507 50 42 de
2093 2523 254 26 commerce.

1625 2584 58 43 Le
1712 2596 291 30 mouvement
2033 2598 49 27 en
2117 2582 157 42 faveur
2301 2583 60 41 du
2403 2598 22 25 «
2460 2592 147 32 retour
2638 2582 20 41 à
2692 2582 39 42 la

1557 2658 155 30 nature
1743 2661 22 26 »
1796 2657 40 31 et
1866 2646 57 42 les
1952 2645 160 42 efforts
2143 2645 72 41 des
2244 2645 214 53 pouvoirs
2488 2644 173 54 publics
2692 2656 38 30 et

1559 2709 71 42 des
1665 2708 274 55 particuliers
1974 2724 117 37 pour
2128 2708 118 53 loger
2284 2708 38 41 la
2361 2707 207 53 majorité
2605 2707 50 41 de
2693 2709 38 41 la

1560 2771 269 54 population
1877 2771 110 42 dans
2030 2770 72 43 des
2143 2769 197 43 maisons
2383 2784 115 37 pour
2540 2783 85 29 une
2665 2770 44 42 fa-

1560 2833 138 49 mille,
1734 2845 101 31 avec
1870 2831 151 54 jardin
2031 2871 8 9 ,
2075 2833 155 43 furent
2265 2848 84 26 une
2385 2833 118 42 saine
2541 2832 189 42 réaction

1558 2909 150 30 contre
1755 2897 57 40 les
1854 2895 324 55 conséquences
2221 2895 188 44 néfastes
2455 2895 50 42 de
2551 2894 180 43 l'action

1560 2958 303 43 désordonnée
1910 2958 72 42 des
2030 2958 249 45 bâtisseurs,
2331 2958 111 42 dans
2492 2958 55 42 les
2592 2956 139 43 villes.

1561 3022 126 42 Cette
1738 3022 144 42 forme
1935 3020 321 44 d'habitation,
2312 3032 73 33 est»
2439 3021 21 41 à
2510 3020 100 42 bien
2665 3020 70 41 des

1560 3085 152 52 points
1739 3085 51 41 de
1818 3099 95 29 vue,
1942 3084 252 48 excellente,
2226 3095 40 32 et
2294 3099 58 26 on
2382 3095 105 42 peut
2515 3083 86 42 être
2627 3083 80 41 heu-

1561 3163 105 26 reux
1694 3163 84 38 que
1804 3146 71 42 des
1901 3161 188 28 mesures
2114 3146 233 43 officielles
2374 3146 117 43 aient
2515 3146 62 42 été
2602 3146 133 52 prises

1561 3226 116 34 pour
1717 3209 217 42 favoriser
1976 3209 38 43 la
2058 3209 170 43 maison
2271 3208 135 43 basse.
2451 3208 118 44 Mais
2611 3208 27 42 il
2684 3224 51 26 ne

1560 3273 99 42 faut
1686 3288 75 38 pas
1788 3271 237 56 appliquer
2048 3272 20 41 à
2097 3272 24 41 P
2133 3272 240 42 immeuble
2396 3271 206 50 collectif,
2629 3281 106 33 cette

1562 3336 225 44 tendance,
1825 3335 74 54 qui
1933 3346 63 32 est
2026 3334 214 43 naturelle
2273 3335 153 54 quand
2461 3334 28 43 il
2524 3334 129 54 s'agit
2686 3334 49 41 de

1559 3398 153 54 petites
1741 3396 292 47 habitations,
2064 3398 49 42 de
2142 3397 168 43 réduire
2340 3400 38 41 la
2405 3396 328 47 hauteur;dans

1562 3476 43 26 ce
1626 3476 66 26 cas
1717 3461 28 44 il
1771 3459 135 45 exibte
1932 3461 71 41 des
2030 3476 185 37 moyens
2241 3461 100 52 plus
2366 3459 257 45 rationnels,
2653 3475 83 38 que

1559 3539 107 26 ceux
1706 3523 59 42 du
1814 3539 21 25 «
1875 3523 172 55 zoning
2087 3539 39 31 »,
2167 3538 117 38 pour
2321 3523 217 42 atteindre
2576 3524 35 41 le
2648 3522 82 42 but

1560 3586 230 54 poursuivi
1825 3602 8 26 :
1861 3586 168 42 réduire
2056 3587 38 42 la
2120 3586 180 43 densité.

1622 3658 309 57 L'expérience
1971 3661 172 54 acquise
2179 3676 63 26 ces
2280 3661 78 43 dix
2399 3661 212 42 dernières
2653 3676 76 27 an-
