3165 4389
2238 314 311 55 TEK
2628 316 60 54 H
2768 317 59 53 N
2909 309 44 61 È

460 3769 162 57 238

468 456 110 41 dans
611 456 36 41 le
681 456 226 51 logement
941 454 71 41 des
1046 454 232 43 habitants
1312 454 50 41 de
1396 456 37 40 la
1468 469 113 26 zone
1615 455 20 41 à

467 517 330 43 constructions
828 515 171 45 élevées.

534 604 80 42 Les
643 603 210 43 affreuses
884 618 127 26 cours
1039 602 254 43 intérieures
1323 602 50 42 de
1407 602 39 44 la
1476 602 66 43 fin
1576 600 61 44 du

464 667 119 41 siècle
623 666 181 41 dernier,
844 665 165 52 furent,
1049 665 28 42 il
1117 677 60 31 est
1215 665 107 44 vrai,
1364 665 249 52 supprimée

464 744 79 39 par
577 730 57 41 les
669 727 261 55 règlements
966 727 50 42 de
1049 727 347 54 l'après-guerre.
1436 727 72 42 On
1547 727 90 41 leur

464 792 221 43 substitua
712 793 36 41 le
773 790 100 43 bloc
898 806 100 27 avec
1020 790 304 42 construction
1352 805 51 26 en
1429 790 205 42 bordure,

464 870 51 26 en
550 868 127 40 usage
711 853 317 53 aujourd'hui;
1065 853 110 43 mais
1205 863 106 31 cette
1345 853 144 40 forme
1523 851 113 43 aussi

460 933 22 26 a
503 917 38 41 le
564 916 140 54 grand
726 915 292 55 désavantage
1041 915 25 42 d
1091 931 84 26 une
1197 914 270 43 ventilation
1489 914 120 41 insuf-

460 979 176 43 fisante.
666 979 67 41 De
759 980 115 52 plus,
905 981 39 41 la
971 979 304 42 construction
1306 994 70 26 sur
1406 989 144 31 toutes
1579 977 56 41 les

464 1041 112 42 faces
612 1041 59 41 du
708 1040 115 49 bloc,
866 1041 152 42 amène
1056 1041 49 41 de
1144 1041 251 41 nombreux
1433 1051 177 42 apparte-

465 1116 144 32 ments
649 1103 21 42 à
712 1104 124 43 avoir
875 1119 87 26 une
1004 1103 221 42 mauvaise
1264 1103 287 47 orientation,
1596 1113 40 30 et

465 1167 106 42 rend
612 1166 261 54 impossible
914 1167 38 42 la
996 1166 266 54 disparition
1305 1164 216 54 complète
1564 1164 71 42 des

461 1230 230 42 chambres
726 1244 52 28 au
814 1229 129 41 nord.
980 1228 60 43 Le
1073 1228 105 54 plan
1215 1240 40 31 et
1287 1227 242 54 l'éclairage
1561 1226 48 42 dé-

462 1292 206 43 fectueux
708 1292 71 41 des
816 1302 330 43 appartements
1185 1290 197 55 d'angles
1418 1303 103 28 sont
1557 1304 51 27 au-

463 1366 99 33 tant
606 1355 52 42 de
700 1354 252 54 problèmes
996 1354 273 53 importants
1316 1369 90 26 non
1454 1352 43 42 ri
1519 1352 111 43 olus.

462 1418 85 42 Ces
584 1433 22 26 «
639 1418 260 54 règlements
930 1417 51 41 de
1011 1416 160 43 bâtisse
1204 1432 22 26 »
1260 1431 38 28 et
1329 1414 305 55 spécialement

463 1496 107 27 ceux
595 1480 168 43 relatifs
788 1496 88 27 aux
899 1494 135 28 zones
1060 1479 184 43 doivent
1268 1478 84 43 être
1378 1479 156 42 abolis.
1562 1477 72 41 Au

463 1543 188 54 premier
683 1543 106 53 plan
825 1543 50 41 de
909 1552 106 32 cette
1049 1542 190 41 réforme
1271 1541 71 41 des
1376 1541 259 53 règlements

465 1622 39 26 se
543 1617 207 32 trouvera
795 1621 58 27 un
897 1605 198 41 meilleur
1133 1604 277 42 lotissement
1449 1603 58 41 du
1552 1616 62 29 ter-

465 1669 95 42 rain
604 1669 95 43 afin
741 1668 216 42 d'assurer
999 1667 40 42 la
1076 1666 309 42 construction
1428 1665 49 42 de
1520 1663 92 43 bâti-

464 1743 144 32 ments
635 1747 51 26 en
712 1730 189 55 rangées,
931 1729 188 54 système
1147 1729 76 54 qui
1252 1728 178 43 devient
1457 1726 50 42 de
1534 1728 100 52 plus

463 1810 51 26 en
541 1793 101 55 plus
668 1809 51 27 en
747 1792 175 46 faveur;
954 1792 344 42 contrairement
1326 1806 53 28 au
1406 1789 102 43 bloc
1536 1804 98 26 avec

465 1857 304 42 construction
811 1870 49 27 en
904 1854 206 44 bordure,
1155 1854 38 43 la
1234 1852 304 43 construction
1583 1867 49 26 en

465 1919 176 55 rangées
686 1935 21 26 a
751 1918 249 43 l'immense
1044 1928 215 42 avantage
1304 1915 50 42 de
1397 1914 173 42 donner
1612 1914 22 40 à

464 1983 168 54 chaque
687 1992 310 42 appartement;
1051 1994 85 26 une
1193 1978 138 42 même
1389 1989 40 30 et
1484 1976 150 41 bonne

463 2044 289 52 orientation,
789 2055 40 31 et
863 2058 85 26 une
984 2042 234 42 excellente
1255 2039 269 44 ventilation
1561 2038 73 41 des

465 2107 187 54 rangées.
686 2106 40 42 A
754 2105 95 43 côté
877 2105 49 42 de
952 2105 100 44 cela,
1084 2106 40 41 la
1155 2102 268 54 disposition
1455 2102 71 41 des
1555 2100 52 41 bâ-

467 2171 180 41 timents
687 2184 49 27 en
781 2168 188 54 rangées,
1013 2178 167 42 permet
1222 2181 83 26 une
1346 2164 287 42 ordonnance

463 2232 263 43 rationnelle
775 2231 71 41 des
895 2229 235 56 quartiers;
1182 2244 59 25 on
1289 2225 247 44 économise
1582 2239 49 26 en

462 2295 107 43 frais
595 2293 505 55 d'aménagement,sans
1127 2291 123 41 nuire
1276 2290 20 41 à
1321 2291 40 41 la
1383 2286 251 56 possibilité

464 2357 301 44 d'utilisation
788 2356 59 42 du
870 2354 177 45 terrain.
1071 2354 59 42 Le
1154 2352 182 43 résultat
1359 2352 50 42 de
1430 2363 63 31 cet
1517 2347 87 44 amé-

464 2430 236 44 nagement
724 2419 114 42 total
862 2417 113 43 n'est
997 2416 115 42 donc
1138 2430 76 39 pas
1240 2413 241 43 seulement
1503 2412 104 41 favo-

465 2482 116 42 rable
615 2496 53 27 au
700 2480 133 53 point
864 2480 50 40 de
944 2493 84 28 vue
1057 2475 285 55 hygiénique,
1377 2472 110 45 mais
1519 2471 113 44 aussi

464 2545 22 40 à
515 2558 108 27 ceux
653 2542 313 54 économiques
995 2552 41 32 et
1067 2537 269 55 techniques.

532 2642 81 42 Ces
652 2651 234 42 avantages
923 2636 260 56 pourraient
1218 2649 151 29 encore
1404 2633 85 43 être
1527 2646 80 40 aug-

465 2702 180 45 mentés,
675 2702 123 42 Pour
828 2700 101 47 cela,
963 2697 31 45 il
1023 2697 200 44 faudrait
1255 2694 237 55 remplacer
1524 2693 110 42 dans

465 2768 39 42 la
532 2764 204 43 nouvelle
763 2763 61 45 loi
851 2765 36 40 le
915 2761 239 55 règlement
1180 2774 72 27 sur
1277 2762 40 39 la
1343 2757 191 42 hauteur
1562 2754 73 44 des

463 2827 242 42 bâtiments
727 2840 80 39 par
828 2824 40 42 la
891 2820 366 58 réglementation
1284 2819 50 42 de
1357 2819 39 42 la
1418 2816 142 44 limite
1583 2815 51 42 de

465 2891 39 41 la
540 2887 167 43 densité
741 2887 51 41 de
825 2886 40 42 la
901 2883 186 47 colonie,
1124 2879 269 46 c'est-à-dire
1427 2877 135 55 régler
1598 2876 36 42 le

465 2961 184 43 rapport
693 2949 50 42 de
785 2948 40 42 la
868 2947 169 42 surface
1081 2941 324 48 d'habitation,
1448 2949 187 44 rapport

465 3020 118 35 entre
606 3013 41 41 la
672 3010 167 43 densité
860 3010 50 41 de
931 3005 308 45 construction
1261 3015 42 33 et
1324 3007 40 40 la
1384 3001 168 44 surface
1574 2999 61 44 du

467 3073 158 43 terrain
631 3107 9 8 .
667 3074 87 40 Des
779 3069 332 55 comparaisons
1135 3083 83 39 que
1241 3066 79 54 j'ai
1343 3064 129 43 faites
1501 3076 100 28 mon-

465 3147 116 32 trent
607 3150 84 39 que
719 3135 56 43 les
799 3132 259 43 conditions
1086 3127 292 56 hygiéniques
1404 3135 43 33 et
1473 3125 134 43 écono-

465 3196 172 54 miques
667 3203 289 46 augmentent
986 3193 23 43 à
1041 3191 217 55 plusieurs
1288 3187 155 56 points
1473 3186 53 41 de
1553 3196 83 31 vue

465 3272 101 29 avec
606 3259 36 42 le
683 3255 190 45 nombre
914 3255 71 43 des
1024 3252 164 53 étages;
1227 3250 113 43 ainsi
1382 3248 58 44 les
1481 3248 154 41 hautes

466 3320 197 45 maisons
704 3316 207 45 locatives
952 3314 185 44 seraient
1178 3314 101 54 plus
1321 3318 314 43 avantageuses

465 3400 84 37 que
574 3384 58 41 les
658 3381 198 43 maisons
884 3381 52 40 de
963 3394 42 39 3,
1038 3393 27 38 4
1091 3387 42 33 et
1162 3390 21 40 5
1215 3376 157 53 étages,
1397 3374 78 54 qui
1500 3380 134 34 n'ont

465 3461 76 39 pas
569 3459 85 27 une
685 3457 116 28 assez
830 3440 165 56 grande
1022 3439 193 43 distance
1246 3438 50 43 de
1324 3435 165 44 fenêtre
1517 3434 22 42 à
1568 3433 44 41 fe-

465 3507 119 42 nêtre
611 3518 41 31 et
679 3520 76 38 pas
787 3518 115 28 assez
930 3502 51 42 de
1008 3502 197 42 verdure.
1237 3500 68 42 De
1335 3513 88 28 mes
1451 3510 152 39 compa-

465 3568 184 46 raisons,
689 3567 39 52 je
768 3565 153 45 déduis
958 3579 83 40 que
1077 3564 37 43 le
1155 3577 53 26 21
1252 3558 237 50 décembre,
1528 3556 106 54 jour

465 3632 50 41 de
544 3628 281 45 l'insolation
857 3626 257 49 minimum,
1147 3624 167 53 chaque
1342 3621 94 43 côté
1466 3620 59 42 du
1553 3618 54 43 bâ-

1789 455 159 43 riment
1989 470 50 26 en
2081 454 117 54 ligne
2240 470 88 28 sera
2369 456 223 41 ensoleillé
2632 458 116 40 deux
2790 458 164 41 heures»

1786 516 342 55 Heiliegenbach
2158 533 50 26 en
2238 534 21 26 a
2287 517 154 44 déduit
2470 534 84 26 une
2583 519 110 54 règle
2721 520 236 42 sommaire

1785 594 117 38 pour
1932 581 39 44 la
2003 580 198 43 fixation
2233 580 52 42 de
2318 583 37 40 la
2389 581 193 42 distance
2615 593 119 30 entre
2766 583 56 40 les
2857 597 75 26 ran-

1787 642 107 54 gées,
1944 642 194 42 distance
2185 646 77 52 qui
2307 644 169 42 devrait
2523 644 84 42 être
2654 660 85 27 une
2783 644 88 43 fois
2917 656 40 31 et

1785 703 141 44 demie
1951 706 43 42 la
2018 706 188 41 hauteur
2234 706 59 41 du
2320 706 220 42 bâtiment
2565 722 116 38 peut
2708 724 86 26 une
2822 707 112 43 direc-

1786 766 97 43 tion
1913 768 227 42 nord-sud
2165 769 74 42 des
2265 769 192 52 rangées,
2485 769 118 42 deux
2632 770 87 43 fois
2748 781 41 32 et
2817 769 139 43 demie

1785 829 42 44 la
1867 830 217 42 haauteur
2121 846 115 38 pour
2278 847 85 27 une
2404 831 216 43 direction
2660 841 215 34 est-ouest
2916 842 40 33 et

1786 893 119 41 deux
1941 892 88 42 fois
2067 895 42 42 la
2149 894 188 42 hauteur
2373 910 115 37 pour
2523 910 87 27 une
2649 893 217 45 direction
2902 912 53 26 en

1784 955 236 53 diagonale
2025 992 7 7 .
2064 956 125 42 Cette
2217 957 111 54 règle
2357 970 176 29 montre
2560 973 83 38 que
2672 959 39 40 la
2741 958 214 41 direction

1787 1018 223 42 nord-sud
2055 1019 71 41 des
2170 1019 175 54 rangées
2389 1034 61 30 est
2497 1021 38 40 la
2580 1021 101 52 plus
2725 1020 231 42 favorable

1783 1096 114 37 pour
1932 1081 25 41 F
1968 1081 250 42 utilisation
2255 1082 292 54 économique
2584 1084 59 40 du
2678 1082 176 43 terrain.

1851 1143 60 42 Le
1944 1144 140 53 grand
2119 1145 189 42 nombre
2340 1145 50 41 de
2424 1145 128 52 plans
2584 1146 252 53 prévoyant
2871 1161 83 26 une

1782 1206 244 43 insolation
2060 1207 75 42 desi
2163 1206 172 54 façades
2368 1219 212 33 est-ouest
2613 1209 252 53 s'adaptent
2899 1225 53 26 au

1784 1269 148 41 mieux
1967 1270 21 40 à
2022 1281 109 31 cette
2163 1270 285 53 disposition.
2486 1270 76 43 Me
2599 1272 156 44 basant
2791 1272 138 42 là-des-

1781 1347 84 29 sus,
1896 1332 75 53 j'ai
2001 1333 205 52 comparé
2236 1333 370 54 l'aménagement
2636 1335 107 41 d'un
2774 1335 175 48 terrain,

1784 1410 49 26 en
1875 1407 189 41 prenant
2104 1396 72 41 des
2216 1396 177 55 rangéep
2431 1397 222 41 nord-sud
2693 1409 39 30 et
2770 1413 50 26 en
2859 1397 70 42 étu-

1783 1458 126 44 diant
1944 1459 33 41 le
2010 1459 231 52 porblème
2269 1474 115 38 pour
2417 1460 70 41 des
2519 1461 208 41 hauteurs
2760 1461 49 40 de
2843 1460 82 41 mai-

1783 1536 103 29 sons
1919 1521 51 42 de
2008 1536 23 27 2
2067 1521 21 41 à
2130 1536 53 27 10
2217 1521 152 54 étages.
2405 1523 85 41 J'ai
2525 1523 156 41 trouvé
2716 1524 70 41 des
2821 1524 132 53 règles

1782 1584 76 53 qui
1908 1583 305 44 renforceront
2260 1600 69 27 ma
2375 1585 286 52 proposition
2709 1601 115 38 pour
2869 1602 84 26 une

1785 1648 204 40 nouvelle
2043 1646 367 54 réglementation
2464 1650 50 39 de
2570 1650 38 40 la
2662 1649 166 41 densité
2882 1650 71 40 des

1782 1709 229 54 quartiers.

1860 1780 44 33 i°
1947 1772 259 53 Supposant
2245 1773 71 42 des
2354 1773 183 42 terrains
2575 1788 39 27 et
2650 1775 148 54 angles
2834 1772 96 45 d'in-

1782 1833 195 43 solation
2025 1834 154 54 égaux,
2227 1834 268 43 c'est-à-dire
2543 1850 98 29 avec
2688 1837 57 40 les
2792 1836 160 42 mêmes

1783 1896 257 41 conditions
2069 1896 26 41 d
2118 1895 218 55 éclairage,
2368 1897 36 41 le
2432 1897 187 41 nombre
2646 1898 70 43 des
2744 1898 71 42 lits
2839 1897 114 45 croît

1783 1972 98 26 avec
1915 1959 35 40 le
1985 1957 186 42 nombre
2205 1957 72 42 des
2307 1957 153 55 étages.

1857 2027 47 32 2°
1947 2019 259 53 Supposant
2283 2021 71 40 des
2431 2020 148 54 angles
2655 2019 294 43 d'insolation

1784 2080 153 53 égaux,
1970 2095 40 29 et
2042 2080 274 45 distribuant
2349 2084 34 40 le
2415 2083 139 41 même
2584 2081 188 44 nombre
2801 2080 50 45 de
2880 2082 73 42 lits

1782 2142 81 47 (io
1893 2142 24 54 m
1941 2142 24 54 2
1989 2142 49 54 de
2067 2142 167 42 surface
2261 2158 118 38 pour
2407 2158 58 26 un
2500 2143 83 53 lit)
2613 2144 110 43 dans
2752 2144 70 41 des
2850 2159 76 26 ran-

1783 2203 91 54 gées
1916 2219 99 26 avec
2057 2219 82 26 une
2180 2206 339 52 augmentation
2565 2205 50 42 de
2655 2205 186 42 nombre
2882 2204 71 42 des

1784 2265 153 54 étages,
1968 2266 39 41 la
2035 2266 220 53 grandeur
2285 2266 57 41 du
2373 2267 160 43 terrain
2563 2266 228 43 nécessaire
2819 2265 108 44 dimi-

1784 2342 85 26 nue
1900 2342 98 27 avec
2029 2328 376 53 l'augmentation
2436 2328 59 42 du
2527 2329 187 42 nombre
2747 2327 202 55 d'étages.

1854 2398 49 45 3°
1945 2390 260 52 Supposant
2261 2390 73 42 des
2389 2390 183 42 terrains
2628 2391 51 41 de
2733 2391 221 53 grandeur

1783 2451 117 52 égale
1926 2461 42 32 et
1998 2453 36 40 le
2062 2451 140 43 même
2229 2452 188 41 nombre
2446 2452 50 41 de
2526 2452 89 46 lits,
2644 2452 165 53 Vangle
2834 2450 96 43 d'in-

1784 2511 197 43 solation
2022 2512 201 43 diminue
2264 2524 99 31 avec
2403 2511 377 54 Vaugmentation
2821 2512 52 43 de
2913 2512 42 40 la

1784 2575 204 47 hauteur,
2011 2591 42 26 ce
2079 2575 78 52 qui
2180 2573 200 55 signifie:
2403 2576 26 42 F
2438 2575 205 55 éclairage
2666 2575 50 42 de
2741 2576 38 41 la
2802 2575 151 52 façade

1782 2648 62 30 est
1870 2636 212 43 meilleur.
2113 2636 135 53 (Voir
2275 2637 260 54 graphique,
2567 2652 107 38 page
2700 2636 216 43 suivante.
2936 2636 17 54 )

1851 2698 121 41 Pour
1999 2713 84 26 une
2112 2698 172 42 maison
2311 2698 50 42 de
2394 2714 54 26 10
2475 2697 139 55 étages
2640 2711 39 31 et
2703 2714 53 26 en
2782 2697 143 43 admet-

1785 2770 98 31 tant
1924 2775 82 26 une
2044 2759 252 42 utilisation
2336 2759 116 54 égale
2492 2759 59 42 du
2588 2760 162 43 terrain
2789 2772 40 31 et
2868 2774 85 27 une

1785 2822 139 40 même
1958 2821 167 42 surface
2159 2821 241 46 habitable,
2439 2822 39 41 la
2513 2821 193 42 distance
2739 2833 119 31 entre
2895 2822 56 41 les

1785 2883 174 54 rangées
1997 2883 236 41 deviendra
2270 2897 183 40 presque
2490 2883 35 41 le
2561 2882 165 42 double
2765 2881 50 43 de
2851 2881 102 43 celle

1780 2944 245 54 préconisée
2055 2960 79 37 par
2161 2944 306 54 Heiligenthal
2499 2956 38 31 et
2566 2945 80 41 ceci
2678 2959 99 27 sans
2808 2958 143 29 aucun

1784 3006 290 54 désavantage
2118 3006 305 54 économique.
2471 3007 120 41 C'est
2634 3022 58 26 un
2739 3016 214 43 avantage

1784 3069 76 54 qui
1897 3069 96 41 doit
2028 3080 143 29 sauter
2206 3083 88 26 aux
2330 3083 132 38 yeux.
2499 3069 61 41 Ce
2596 3069 127 44 serait
2760 3083 58 27 un
2857 3082 92 27 non

1784 3146 107 26 sens,
1934 3130 32 42 si
2005 3131 57 41 les
2099 3130 217 53 pouvoirs
2354 3130 275 53 compétents
2667 3146 52 26 ne
2757 3129 195 43 tenaient

1784 3207 75 34 pas
1897 3203 175 42 compte
2107 3191 51 42 de
2192 3207 63 26 ces
2291 3203 235 42 avantages
2563 3191 313 54 économiques
2911 3201 40 30 et

1783 3253 291 55 hygiéniques
2100 3252 211 50 évidents,
2339 3269 50 26 en
2417 3253 200 43 limitant
2643 3254 56 41 les
2726 3254 221 50 hauteurs,

1780 3332 54 26 au
1865 3316 82 42 lieu
1978 3316 50 40 de
2057 3315 309 53 l'importante
2396 3316 71 40 des
2497 3315 249 52 superficies
2775 3315 150 41 habita-

1782 3379 89 42 bles
1904 3394 58 26 ou
1997 3379 56 41 les
2086 3377 275 45 dimensions
2395 3377 71 42 des
2500 3378 256 41 bâtiments.

1852 3441 59 41 Le
1942 3440 203 43 locataire
2177 3440 59 42 du
2269 3440 374 42 rez-de-chaussée
2674 3440 134 42 d'une
2841 3439 83 42 mai-

1784 3519 80 26 son
1897 3502 50 42 de
1984 3518 53 26 io
2069 3502 21 42 à
2128 3518 53 26 12
2213 3501 139 55 étages
2380 3515 105 40 peut
2514 3503 113 41 aussi
2662 3502 96 42 voir
2786 3502 36 42 le
2852 3500 95 42 ciel!

1783 3565 74 42 Au
1883 3565 83 42 lieu
1991 3564 50 42 de
2065 3563 197 55 regarder
2286 3579 72 27 sur
2382 3564 71 41 des
2474 3563 192 44 couloirs
2694 3563 50 42 de
2767 3561 184 45 verdure

1784 3627 50 42 de
1864 3641 58 28 20
1952 3642 73 30 m.,
2055 3627 57 41 les
2140 3626 185 42 fenêtres
2352 3626 206 42 donnent
2585 3641 74 27 sur
2685 3625 71 42 des
2786 3638 164 39 espaces
