<?xml version="1.0" encoding="UTF-8"?>
<alto xmlns:xsi="http://www.w3.org/2001/XMLSchema-instance" xmlns="http://www.loc.gov/standards/alto/ns-v2#" xsi:schemaLocation="http://www.loc.gov/standards/alto/ns-v2# http://www.loc.gov/standards/alto/alto-v2.0.xsd" xmlns:xlink="http://www.w3.org/1999/xlink">
	<Description>
		<MeasurementUnit>mm10</MeasurementUnit>
		<sourceImageInformation>
			<fileName>//fileserver7/IN2/Princeton/Batch3/bmtnaac/1931/07_01/00000034.tif</fileName>
		</sourceImageInformation>
		<OCRProcessing ID="OCRPROCESSING_1">
			<preProcessingStep>
				<processingSoftware>
					<softwareCreator>CCS Content Conversion Specialists GmbH, Germany</softwareCreator>
					<softwareName>CCS docWORKS</softwareName>
					<softwareVersion>6.6-1.18</softwareVersion>
				</processingSoftware>
			</preProcessingStep>
			<ocrProcessingStep>
				<processingSoftware>
					<softwareCreator>ABBYY (BIT Software), Russia</softwareCreator>
					<softwareName>FineReader</softwareName>
					<softwareVersion>10.0</softwareVersion>
				</processingSoftware>
			</ocrProcessingStep>
		</OCRProcessing>
	</Description>
	<Styles>
		<TextStyle ID="TXT_0" FONTSIZE="22" FONTFAMILY="Times New Roman" FONTSTYLE="bold"/>
		<TextStyle ID="TXT_1" FONTSIZE="5" FONTFAMILY="Times New Roman"/>
		<TextStyle ID="TXT_2" FONTSIZE="14" FONTFAMILY="Times New Roman"/>
		<TextStyle ID="TXT_3" FONTSIZE="15" FONTFAMILY="Times New Roman" FONTSTYLE="italics"/>
		<ParagraphStyle ID="PAR_RIGHT" ALIGN="Right"/>
		<ParagraphStyle ID="PAR_LEFT" ALIGN="Left"/>
		<ParagraphStyle ID="PAR_BLOCK" ALIGN="Block"/>
	</Styles>
	<Layout>
		<Page ID="P34" PHYSICAL_IMG_NR="34" HEIGHT="4389" WIDTH="3165" PRINTED_IMG_NR="244" PC="0.893">
			<TopMargin ID="P34_TM00001" HPOS="0" VPOS="0" WIDTH="3165" HEIGHT="410">
				<TextBlock ID="P34_TB00001" HPOS="2224" VPOS="352" WIDTH="718" HEIGHT="55" STYLEREFS="TXT_0 PAR_RIGHT">
					<TextLine ID="P34_TL00001" HPOS="2224" VPOS="352" WIDTH="718" HEIGHT="55">
						<String ID="P34_ST00001" HPOS="2224" VPOS="352" WIDTH="310" HEIGHT="55" CONTENT="TEK" WC="0.44" CC="500"/>
						<SP ID="P34_SP00001" HPOS="2534" VPOS="407" WIDTH="80"/>
						<String ID="P34_ST00002" HPOS="2614" VPOS="352" WIDTH="58" HEIGHT="55" CONTENT="H" WC="0.81" CC="1"/>
						<SP ID="P34_SP00002" HPOS="2672" VPOS="407" WIDTH="82"/>
						<String ID="P34_ST00003" HPOS="2754" VPOS="352" WIDTH="61" HEIGHT="55" CONTENT="H" WC="0.26" CC="7"/>
						<SP ID="P34_SP00003" HPOS="2815" VPOS="407" WIDTH="81"/>
						<String ID="P34_ST00004" HPOS="2896" VPOS="355" WIDTH="46" HEIGHT="51" CONTENT="E" WC="1.00" CC="0"/>
					</TextLine>
				</TextBlock>
			</TopMargin>
			<LeftMargin ID="P34_LM00001" HPOS="0" VPOS="410" WIDTH="451" HEIGHT="3395"/>
			<RightMargin ID="P34_RM00001" HPOS="2961" VPOS="410" WIDTH="204" HEIGHT="3395"/>
			<BottomMargin ID="P34_BM00001" HPOS="0" VPOS="3805" WIDTH="3165" HEIGHT="584">
				<TextBlock ID="P34_TB00002" HPOS="466" VPOS="3807" WIDTH="167" HEIGHT="54" STYLEREFS="TXT_1 PAR_LEFT">
					<TextLine ID="P34_TL00002" HPOS="466" VPOS="3807" WIDTH="167" HEIGHT="54">
						<String ID="P34_ST00005" HPOS="466" VPOS="3807" WIDTH="167" HEIGHT="54" CONTENT="244" WC="1.00" CC="000"/>
					</TextLine>
				</TextBlock>
			</BottomMargin>
			<PrintSpace ID="P34_PS00001" HPOS="451" VPOS="410" WIDTH="2510" HEIGHT="3395">
				<TextBlock ID="P34_TB00003" HPOS="451" VPOS="495" WIDTH="1189" HEIGHT="3224" STYLEREFS="TXT_2 PAR_BLOCK">
					<TextLine ID="P34_TL00003" HPOS="452" VPOS="496" WIDTH="1171" HEIGHT="43">
						<String ID="P34_ST00006" HPOS="452" VPOS="497" WIDTH="114" HEIGHT="42" CONTENT="donc" WC="0.98" CC="1071"/>
						<SP ID="P34_SP00004" HPOS="566" VPOS="539" WIDTH="27"/>
						<String ID="P34_ST00007" HPOS="593" VPOS="496" WIDTH="132" HEIGHT="43" CONTENT="éviter" WC="0.97" CC="766606"/>
						<SP ID="P34_SP00005" HPOS="725" VPOS="539" WIDTH="26"/>
						<String ID="P34_ST00008" HPOS="751" VPOS="496" WIDTH="109" HEIGHT="43" CONTENT="dans" WC="0.97" CC="0705"/>
						<SP ID="P34_SP00006" HPOS="860" VPOS="539" WIDTH="26"/>
						<String ID="P34_ST00009" HPOS="886" VPOS="497" WIDTH="38" HEIGHT="41" CONTENT="la" WC="0.76" CC="40"/>
						<SP ID="P34_SP00007" HPOS="924" VPOS="539" WIDTH="25"/>
						<String ID="P34_ST00010" HPOS="949" VPOS="496" WIDTH="306" HEIGHT="42" CONTENT="construction" WC="0.98" CC="567669665061"/>
						<SP ID="P34_SP00008" HPOS="1255" VPOS="539" WIDTH="30"/>
						<String ID="P34_ST00011" HPOS="1285" VPOS="496" WIDTH="50" HEIGHT="41" CONTENT="de" WC="1.00" CC="00"/>
						<SP ID="P34_SP00009" HPOS="1335" VPOS="539" WIDTH="23"/>
						<String ID="P34_ST00012" HPOS="1358" VPOS="496" WIDTH="168" HEIGHT="43" CONTENT="former" WC="0.98" CC="650800"/>
						<SP ID="P34_SP00010" HPOS="1526" VPOS="539" WIDTH="26"/>
						<String ID="P34_ST00013" HPOS="1552" VPOS="496" WIDTH="71" HEIGHT="43" CONTENT="des" WC="0.95" CC="074"/>
					</TextLine>
					<TextLine ID="P34_TL00004" HPOS="451" VPOS="556" WIDTH="1170" HEIGHT="54">
						<String ID="P34_ST00014" HPOS="451" VPOS="558" WIDTH="158" HEIGHT="45" CONTENT="cavités" WC="0.98" CC="5805273"/>
						<SP ID="P34_SP00011" HPOS="609" VPOS="603" WIDTH="35"/>
						<String ID="P34_ST00015" HPOS="644" VPOS="558" WIDTH="59" HEIGHT="41" CONTENT="où" WC="0.81" CC="03"/>
						<SP ID="P34_SP00012" HPOS="703" VPOS="603" WIDTH="36"/>
						<String ID="P34_ST00016" HPOS="739" VPOS="558" WIDTH="110" HEIGHT="42" CONTENT="l'eau" WC="0.99" CC="04000"/>
						<SP ID="P34_SP00013" HPOS="849" VPOS="603" WIDTH="35"/>
						<String ID="P34_ST00017" HPOS="884" VPOS="569" WIDTH="244" HEIGHT="32" CONTENT="contenant" WC="0.99" CC="550500026"/>
						<SP ID="P34_SP00014" HPOS="1128" VPOS="603" WIDTH="34"/>
						<String ID="P34_ST00018" HPOS="1162" VPOS="558" WIDTH="71" HEIGHT="42" CONTENT="des" WC="0.98" CC="060"/>
						<SP ID="P34_SP00015" HPOS="1233" VPOS="603" WIDTH="34"/>
						<String ID="P34_ST00019" HPOS="1267" VPOS="572" WIDTH="126" HEIGHT="38" CONTENT="corps" WC="0.98" CC="46001"/>
						<SP ID="P34_SP00016" HPOS="1393" VPOS="610" WIDTH="35"/>
						<String ID="P34_ST00020" HPOS="1428" VPOS="556" WIDTH="101" HEIGHT="54" CONTENT="plus" WC="0.98" CC="0540"/>
						<SP ID="P34_SP00017" HPOS="1529" VPOS="610" WIDTH="35"/>
						<String ID="P34_ST00021" HPOS="1564" VPOS="570" WIDTH="57" HEIGHT="27" CONTENT="ou" WC="0.57" CC="43"/>
					</TextLine>
					<TextLine ID="P34_TL00005" HPOS="452" VPOS="618" WIDTH="1171" HEIGHT="55">
						<String ID="P34_ST00022" HPOS="452" VPOS="621" WIDTH="148" HEIGHT="41" CONTENT="moins" WC="0.99" CC="03501"/>
						<SP ID="P34_SP00018" HPOS="600" VPOS="662" WIDTH="33"/>
						<String ID="P34_ST00023" HPOS="633" VPOS="620" WIDTH="222" HEIGHT="48" CONTENT="corrosifs," WC="0.99" CC="0200252037"/>
						<SP ID="P34_SP00019" HPOS="855" VPOS="668" WIDTH="36"/>
						<String ID="P34_ST00024" HPOS="891" VPOS="621" WIDTH="202" HEIGHT="52" CONTENT="pourrait" WC="0.99" CC="00607054"/>
						<SP ID="P34_SP00020" HPOS="1093" VPOS="673" WIDTH="36"/>
						<String ID="P34_ST00025" HPOS="1129" VPOS="618" WIDTH="284" HEIGHT="44" CONTENT="s'accumuler" WC="0.99" CC="14900400407"/>
						<SP ID="P34_SP00021" HPOS="1413" VPOS="673" WIDTH="34"/>
						<String ID="P34_ST00026" HPOS="1447" VPOS="629" WIDTH="40" HEIGHT="32" CONTENT="et" WC="1.00" CC="00"/>
						<SP ID="P34_SP00022" HPOS="1487" VPOS="673" WIDTH="32"/>
						<String ID="P34_ST00027" HPOS="1519" VPOS="632" WIDTH="78" HEIGHT="39" CONTENT="pro" SUBS_TYPE="HypPart1" SUBS_CONTENT="produire," WC="0.96" CC="068"/>
						<HYP HPOS="1597" VPOS="632" WIDTH="26" CONTENT="-"/>
					</TextLine>
					<TextLine ID="P34_TL00006" HPOS="452" VPOS="682" WIDTH="1171" HEIGHT="53">
						<String ID="P34_ST00028" HPOS="452" VPOS="682" WIDTH="136" HEIGHT="43" CONTENT="duire," SUBS_TYPE="HypPart2" SUBS_CONTENT="produire," WC="0.99" CC="007007"/>
						<SP ID="P34_SP00023" HPOS="588" VPOS="725" WIDTH="32"/>
						<String ID="P34_ST00029" HPOS="620" VPOS="697" WIDTH="78" HEIGHT="38" CONTENT="par" WC="1.00" CC="000"/>
						<SP ID="P34_SP00024" HPOS="698" VPOS="735" WIDTH="29"/>
						<String ID="P34_ST00030" HPOS="727" VPOS="682" WIDTH="292" HEIGHT="52" CONTENT="évaporation" WC="0.85" CC="70004000400"/>
						<SP ID="P34_SP00025" HPOS="1019" VPOS="735" WIDTH="31"/>
						<String ID="P34_ST00031" HPOS="1050" VPOS="684" WIDTH="126" HEIGHT="43" CONTENT="lente," WC="0.99" CC="009000"/>
						<SP ID="P34_SP00026" HPOS="1176" VPOS="735" WIDTH="34"/>
						<String ID="P34_ST00032" HPOS="1210" VPOS="696" WIDTH="84" HEIGHT="26" CONTENT="une" WC="1.00" CC="000"/>
						<SP ID="P34_SP00027" HPOS="1294" VPOS="735" WIDTH="27"/>
						<String ID="P34_ST00033" HPOS="1321" VPOS="692" WIDTH="179" HEIGHT="42" CONTENT="attaque" WC="0.99" CC="0050067"/>
						<SP ID="P34_SP00028" HPOS="1500" VPOS="735" WIDTH="27"/>
						<String ID="P34_ST00034" HPOS="1527" VPOS="694" WIDTH="72" HEIGHT="27" CONTENT="sen" SUBS_TYPE="HypPart1" SUBS_CONTENT="sensible" WC="0.97" CC="009"/>
						<HYP HPOS="1599" VPOS="694" WIDTH="24" CONTENT="-"/>
					</TextLine>
					<TextLine ID="P34_TL00007" HPOS="452" VPOS="741" WIDTH="975" HEIGHT="55">
						<String ID="P34_ST00035" HPOS="452" VPOS="744" WIDTH="108" HEIGHT="42" CONTENT="sible" SUBS_TYPE="HypPart2" SUBS_CONTENT="sensible" WC="0.98" CC="66000"/>
						<SP ID="P34_SP00029" HPOS="560" VPOS="786" WIDTH="25"/>
						<String ID="P34_ST00036" HPOS="585" VPOS="759" WIDTH="88" HEIGHT="26" CONTENT="aux" WC="1.00" CC="010"/>
						<SP ID="P34_SP00030" HPOS="673" VPOS="786" WIDTH="26"/>
						<String ID="P34_ST00037" HPOS="699" VPOS="744" WIDTH="193" HEIGHT="42" CONTENT="niveaux" WC="0.99" CC="9400060"/>
						<SP ID="P34_SP00031" HPOS="892" VPOS="786" WIDTH="28"/>
						<String ID="P34_ST00038" HPOS="920" VPOS="743" WIDTH="220" HEIGHT="43" CONTENT="successifs" WC="0.99" CC="0056060646"/>
						<SP ID="P34_SP00032" HPOS="1140" VPOS="786" WIDTH="27"/>
						<String ID="P34_ST00039" HPOS="1167" VPOS="743" WIDTH="49" HEIGHT="41" CONTENT="de" WC="1.00" CC="00"/>
						<SP ID="P34_SP00033" HPOS="1216" VPOS="786" WIDTH="29"/>
						<String ID="P34_ST00040" HPOS="1245" VPOS="741" WIDTH="182" HEIGHT="55" CONTENT="liquide." WC="0.99" CC="16000007"/>
					</TextLine>
					<TextLine ID="P34_TL00008" HPOS="521" VPOS="802" WIDTH="1104" HEIGHT="46">
						<String ID="P34_ST00041" HPOS="521" VPOS="805" WIDTH="80" HEIGHT="42" CONTENT="Les" WC="1.00" CC="000"/>
						<SP ID="P34_SP00034" HPOS="601" VPOS="847" WIDTH="29"/>
						<String ID="P34_ST00042" HPOS="630" VPOS="805" WIDTH="169" HEIGHT="43" CONTENT="fumées" WC="0.99" CC="200700"/>
						<SP ID="P34_SP00035" HPOS="799" VPOS="848" WIDTH="29"/>
						<String ID="P34_ST00043" HPOS="828" VPOS="805" WIDTH="194" HEIGHT="42" CONTENT="d'usines" WC="1.00" CC="04002003"/>
						<SP ID="P34_SP00036" HPOS="1022" VPOS="848" WIDTH="29"/>
						<String ID="P34_ST00044" HPOS="1051" VPOS="817" WIDTH="38" HEIGHT="30" CONTENT="et" WC="1.00" CC="00"/>
						<SP ID="P34_SP00037" HPOS="1089" VPOS="848" WIDTH="30"/>
						<String ID="P34_ST00045" HPOS="1119" VPOS="805" WIDTH="49" HEIGHT="41" CONTENT="de" WC="0.52" CC="09"/>
						<SP ID="P34_SP00038" HPOS="1168" VPOS="848" WIDTH="32"/>
						<String ID="P34_ST00046" HPOS="1200" VPOS="802" WIDTH="291" HEIGHT="44" CONTENT="locomotives" WC="0.99" CC="85500402000"/>
						<SP ID="P34_SP00039" HPOS="1491" VPOS="848" WIDTH="32"/>
						<String ID="P34_ST00047" HPOS="1523" VPOS="814" WIDTH="102" HEIGHT="30" CONTENT="sont" WC="0.94" CC="5587"/>
					</TextLine>
					<TextLine ID="P34_TL00009" HPOS="452" VPOS="863" WIDTH="1173" HEIGHT="57">
						<String ID="P34_ST00048" HPOS="452" VPOS="867" WIDTH="264" HEIGHT="42" CONTENT="constituées" WC="0.99" CC="06960340000"/>
						<SP ID="P34_SP00040" HPOS="716" VPOS="909" WIDTH="29"/>
						<String ID="P34_ST00049" HPOS="745" VPOS="882" WIDTH="78" HEIGHT="38" CONTENT="par" WC="0.98" CC="005"/>
						<SP ID="P34_SP00041" HPOS="823" VPOS="920" WIDTH="29"/>
						<String ID="P34_ST00050" HPOS="852" VPOS="867" WIDTH="49" HEIGHT="41" CONTENT="de" WC="1.00" CC="00"/>
						<SP ID="P34_SP00042" HPOS="901" VPOS="920" WIDTH="31"/>
						<String ID="P34_ST00051" HPOS="932" VPOS="868" WIDTH="39" HEIGHT="40" CONTENT="la" WC="0.40" CC="19"/>
						<SP ID="P34_SP00043" HPOS="971" VPOS="920" WIDTH="29"/>
						<String ID="P34_ST00052" HPOS="1000" VPOS="882" WIDTH="164" HEIGHT="38" CONTENT="vapeur" WC="0.99" CC="000006"/>
						<SP ID="P34_SP00044" HPOS="1164" VPOS="920" WIDTH="28"/>
						<String ID="P34_ST00053" HPOS="1192" VPOS="866" WIDTH="139" HEIGHT="45" CONTENT="d'eau," WC="1.00" CC="040000"/>
						<SP ID="P34_SP00045" HPOS="1331" VPOS="920" WIDTH="32"/>
						<String ID="P34_ST00054" HPOS="1363" VPOS="864" WIDTH="50" HEIGHT="42" CONTENT="de" WC="1.00" CC="00"/>
						<SP ID="P34_SP00046" HPOS="1413" VPOS="920" WIDTH="28"/>
						<String ID="P34_ST00055" HPOS="1441" VPOS="863" WIDTH="184" HEIGHT="55" CONTENT="l'oxyde" WC="1.00" CC="0000000"/>
					</TextLine>
					<TextLine ID="P34_TL00010" HPOS="454" VPOS="925" WIDTH="1167" HEIGHT="56">
						<String ID="P34_ST00056" HPOS="454" VPOS="930" WIDTH="49" HEIGHT="42" CONTENT="de" WC="1.00" CC="00"/>
						<SP ID="P34_SP00047" HPOS="503" VPOS="972" WIDTH="32"/>
						<String ID="P34_ST00057" HPOS="535" VPOS="929" WIDTH="203" HEIGHT="48" CONTENT="carbone," WC="0.99" CC="56003004"/>
						<SP ID="P34_SP00048" HPOS="738" VPOS="977" WIDTH="37"/>
						<String ID="P34_ST00058" HPOS="775" VPOS="929" WIDTH="50" HEIGHT="42" CONTENT="de" WC="0.78" CC="04"/>
						<SP ID="P34_SP00049" HPOS="825" VPOS="977" WIDTH="34"/>
						<String ID="P34_ST00059" HPOS="859" VPOS="929" WIDTH="152" HEIGHT="41" CONTENT="l'acide" WC="0.99" CC="2306000"/>
						<SP ID="P34_SP00050" HPOS="1011" VPOS="977" WIDTH="31"/>
						<String ID="P34_ST00060" HPOS="1042" VPOS="927" WIDTH="285" HEIGHT="54" CONTENT="carbonique," WC="1.00" CC="40700010000"/>
						<SP ID="P34_SP00051" HPOS="1327" VPOS="981" WIDTH="36"/>
						<String ID="P34_ST00061" HPOS="1363" VPOS="927" WIDTH="50" HEIGHT="41" CONTENT="de" WC="1.00" CC="00"/>
						<SP ID="P34_SP00052" HPOS="1413" VPOS="981" WIDTH="34"/>
						<String ID="P34_ST00062" HPOS="1447" VPOS="925" WIDTH="25" HEIGHT="42" CONTENT="F" WC="0.24" CC="7"/>
						<SP ID="P34_SP00053" HPOS="1472" VPOS="981" WIDTH="10"/>
						<String ID="P34_ST00063" HPOS="1482" VPOS="937" WIDTH="139" HEIGHT="31" CONTENT="azote," WC="0.97" CC="073794"/>
					</TextLine>
					<TextLine ID="P34_TL00011" HPOS="453" VPOS="986" WIDTH="1172" HEIGHT="58">
						<String ID="P34_ST00064" HPOS="453" VPOS="1002" WIDTH="39" HEIGHT="31" CONTENT="et" WC="0.71" CC="50"/>
						<SP ID="P34_SP00054" HPOS="492" VPOS="1033" WIDTH="54"/>
						<String ID="P34_ST00065" HPOS="546" VPOS="991" WIDTH="71" HEIGHT="41" CONTENT="des" WC="0.98" CC="004"/>
						<SP ID="P34_SP00055" HPOS="617" VPOS="1033" WIDTH="52"/>
						<String ID="P34_ST00066" HPOS="669" VPOS="991" WIDTH="229" HEIGHT="53" CONTENT="composés" WC="0.99" CC="32000070"/>
						<SP ID="P34_SP00056" HPOS="898" VPOS="1044" WIDTH="54"/>
						<String ID="P34_ST00067" HPOS="952" VPOS="991" WIDTH="59" HEIGHT="40" CONTENT="du" WC="1.00" CC="00"/>
						<SP ID="P34_SP00057" HPOS="1011" VPOS="1044" WIDTH="52"/>
						<String ID="P34_ST00068" HPOS="1063" VPOS="990" WIDTH="150" HEIGHT="42" CONTENT="soufre" WC="1.00" CC="300100"/>
						<SP ID="P34_SP00058" HPOS="1213" VPOS="1044" WIDTH="54"/>
						<String ID="P34_ST00069" HPOS="1267" VPOS="998" WIDTH="253" HEIGHT="43" CONTENT="provenant" WC="0.99" CC="062000080"/>
						<SP ID="P34_SP00059" HPOS="1520" VPOS="1044" WIDTH="55"/>
						<String ID="P34_ST00070" HPOS="1575" VPOS="986" WIDTH="50" HEIGHT="42" CONTENT="de" WC="1.00" CC="99"/>
					</TextLine>
					<TextLine ID="P34_TL00012" HPOS="454" VPOS="1048" WIDTH="1171" HEIGHT="57">
						<String ID="P34_ST00071" HPOS="454" VPOS="1052" WIDTH="191" HEIGHT="42" CONTENT="houilles" WC="0.98" CC="86931100"/>
						<SP ID="P34_SP00060" HPOS="645" VPOS="1094" WIDTH="36"/>
						<String ID="P34_ST00072" HPOS="681" VPOS="1053" WIDTH="257" HEIGHT="52" CONTENT="pyriteuses." WC="0.74" CC="07034002604"/>
						<SP ID="P34_SP00061" HPOS="938" VPOS="1105" WIDTH="41"/>
						<String ID="P34_ST00073" HPOS="979" VPOS="1051" WIDTH="329" HEIGHT="41" CONTENT="L'aluminium" WC="1.00" CC="04000000400"/>
						<SP ID="P34_SP00062" HPOS="1308" VPOS="1105" WIDTH="38"/>
						<String ID="P34_ST00074" HPOS="1346" VPOS="1049" WIDTH="144" HEIGHT="43" CONTENT="résiste" WC="0.98" CC="7704060"/>
						<SP ID="P34_SP00063" HPOS="1490" VPOS="1105" WIDTH="34"/>
						<String ID="P34_ST00075" HPOS="1524" VPOS="1048" WIDTH="101" HEIGHT="42" CONTENT="bien" WC="0.95" CC="3099"/>
					</TextLine>
					<TextLine ID="P34_TL00013" HPOS="455" VPOS="1111" WIDTH="1170" HEIGHT="57">
						<String ID="P34_ST00076" HPOS="455" VPOS="1130" WIDTH="50" HEIGHT="26" CONTENT="en" WC="0.69" CC="60"/>
						<SP ID="P34_SP00064" HPOS="505" VPOS="1156" WIDTH="36"/>
						<String ID="P34_ST00077" HPOS="541" VPOS="1113" WIDTH="171" HEIGHT="55" CONTENT="général" WC="0.98" CC="0777600"/>
						<SP ID="P34_SP00065" HPOS="712" VPOS="1168" WIDTH="38"/>
						<String ID="P34_ST00078" HPOS="750" VPOS="1114" WIDTH="21" HEIGHT="41" CONTENT="à" WC="0.27" CC="7"/>
						<SP ID="P34_SP00066" HPOS="771" VPOS="1168" WIDTH="36"/>
						<String ID="P34_ST00079" HPOS="807" VPOS="1125" WIDTH="101" HEIGHT="33" CONTENT="tous" WC="0.98" CC="0051"/>
						<SP ID="P34_SP00067" HPOS="908" VPOS="1168" WIDTH="34"/>
						<String ID="P34_ST00080" HPOS="942" VPOS="1129" WIDTH="62" HEIGHT="26" CONTENT="ces" WC="0.97" CC="700"/>
						<SP ID="P34_SP00068" HPOS="1004" VPOS="1168" WIDTH="36"/>
						<String ID="P34_ST00081" HPOS="1040" VPOS="1111" WIDTH="222" HEIGHT="54" CONTENT="produits," WC="1.00" CC="070000410"/>
						<SP ID="P34_SP00069" HPOS="1262" VPOS="1168" WIDTH="42"/>
						<String ID="P34_ST00082" HPOS="1304" VPOS="1111" WIDTH="38" HEIGHT="42" CONTENT="la" WC="1.00" CC="00"/>
						<SP ID="P34_SP00070" HPOS="1342" VPOS="1168" WIDTH="35"/>
						<String ID="P34_ST00083" HPOS="1377" VPOS="1125" WIDTH="161" HEIGHT="39" CONTENT="preuve" WC="0.99" CC="060000"/>
						<SP ID="P34_SP00071" HPOS="1538" VPOS="1168" WIDTH="36"/>
						<String ID="P34_ST00084" HPOS="1574" VPOS="1124" WIDTH="51" HEIGHT="26" CONTENT="en" WC="0.57" CC="08"/>
					</TextLine>
					<TextLine ID="P34_TL00014" HPOS="454" VPOS="1172" WIDTH="1171" HEIGHT="56">
						<String ID="P34_ST00085" HPOS="454" VPOS="1188" WIDTH="60" HEIGHT="30" CONTENT="est" WC="0.93" CC="667"/>
						<SP ID="P34_SP00072" HPOS="514" VPOS="1218" WIDTH="27"/>
						<String ID="P34_ST00086" HPOS="541" VPOS="1176" WIDTH="106" HEIGHT="42" CONTENT="faite" WC="0.98" CC="39100"/>
						<SP ID="P34_SP00073" HPOS="647" VPOS="1218" WIDTH="28"/>
						<String ID="P34_ST00087" HPOS="675" VPOS="1191" WIDTH="78" HEIGHT="37" CONTENT="par" WC="0.94" CC="097"/>
						<SP ID="P34_SP00074" HPOS="753" VPOS="1228" WIDTH="28"/>
						<String ID="P34_ST00088" HPOS="781" VPOS="1176" WIDTH="56" HEIGHT="42" CONTENT="les" WC="0.99" CC="200"/>
						<SP ID="P34_SP00075" HPOS="837" VPOS="1228" WIDTH="28"/>
						<String ID="P34_ST00089" HPOS="865" VPOS="1175" WIDTH="185" HEIGHT="43" CONTENT="toitures" WC="0.99" CC="53000607"/>
						<SP ID="P34_SP00076" HPOS="1050" VPOS="1228" WIDTH="29"/>
						<String ID="P34_ST00090" HPOS="1079" VPOS="1190" WIDTH="50" HEIGHT="25" CONTENT="en" WC="1.00" CC="00"/>
						<SP ID="P34_SP00077" HPOS="1129" VPOS="1228" WIDTH="31"/>
						<String ID="P34_ST00091" HPOS="1160" VPOS="1172" WIDTH="272" HEIGHT="44" CONTENT="aluminium" WC="0.99" CC="020070070"/>
						<SP ID="P34_SP00078" HPOS="1432" VPOS="1228" WIDTH="29"/>
						<String ID="P34_ST00092" HPOS="1461" VPOS="1188" WIDTH="49" HEIGHT="26" CONTENT="en" WC="0.63" CC="07"/>
						<SP ID="P34_SP00079" HPOS="1510" VPOS="1228" WIDTH="33"/>
						<String ID="P34_ST00093" HPOS="1543" VPOS="1186" WIDTH="62" HEIGHT="27" CONTENT="ser" SUBS_TYPE="HypPart1" SUBS_CONTENT="service" WC="0.96" CC="376"/>
						<HYP HPOS="1605" VPOS="1186" WIDTH="20" CONTENT="-"/>
					</TextLine>
					<TextLine ID="P34_TL00015" HPOS="454" VPOS="1235" WIDTH="1173" HEIGHT="55">
						<String ID="P34_ST00094" HPOS="454" VPOS="1238" WIDTH="89" HEIGHT="41" CONTENT="vice" SUBS_TYPE="HypPart2" SUBS_CONTENT="service" WC="0.98" CC="0340"/>
						<SP ID="P34_SP00080" HPOS="543" VPOS="1279" WIDTH="37"/>
						<String ID="P34_ST00095" HPOS="580" VPOS="1237" WIDTH="153" HEIGHT="53" CONTENT="depuis" WC="1.00" CC="000003"/>
						<SP ID="P34_SP00081" HPOS="733" VPOS="1290" WIDTH="38"/>
						<String ID="P34_ST00096" HPOS="771" VPOS="1252" WIDTH="83" HEIGHT="26" CONTENT="une" WC="0.98" CC="005"/>
						<SP ID="P34_SP00082" HPOS="854" VPOS="1290" WIDTH="35"/>
						<String ID="P34_ST00097" HPOS="889" VPOS="1237" WIDTH="174" HEIGHT="41" CONTENT="dizaine" WC="1.00" CC="0100000"/>
						<SP ID="P34_SP00083" HPOS="1063" VPOS="1290" WIDTH="35"/>
						<String ID="P34_ST00098" HPOS="1098" VPOS="1235" WIDTH="206" HEIGHT="42" CONTENT="d'années" WC="0.99" CC="04000702"/>
						<SP ID="P34_SP00084" HPOS="1304" VPOS="1290" WIDTH="35"/>
						<String ID="P34_ST00099" HPOS="1339" VPOS="1235" WIDTH="76" HEIGHT="54" CONTENT="qui" WC="0.99" CC="003"/>
						<SP ID="P34_SP00085" HPOS="1415" VPOS="1290" WIDTH="36"/>
						<String ID="P34_ST00100" HPOS="1451" VPOS="1249" WIDTH="39" HEIGHT="27" CONTENT="se" WC="1.00" CC="00"/>
						<SP ID="P34_SP00086" HPOS="1490" VPOS="1290" WIDTH="34"/>
						<String ID="P34_ST00101" HPOS="1524" VPOS="1243" WIDTH="103" HEIGHT="31" CONTENT="sont" WC="0.98" CC="0270"/>
					</TextLine>
					<TextLine ID="P34_TL00016" HPOS="455" VPOS="1294" WIDTH="1171" HEIGHT="57">
						<String ID="P34_ST00102" HPOS="455" VPOS="1299" WIDTH="84" HEIGHT="42" CONTENT="très" WC="0.98" CC="0072"/>
						<SP ID="P34_SP00087" HPOS="539" VPOS="1341" WIDTH="30"/>
						<String ID="P34_ST00103" HPOS="569" VPOS="1299" WIDTH="100" HEIGHT="41" CONTENT="bien" WC="0.98" CC="3300"/>
						<SP ID="P34_SP00088" HPOS="669" VPOS="1341" WIDTH="32"/>
						<String ID="P34_ST00104" HPOS="701" VPOS="1298" WIDTH="287" HEIGHT="53" CONTENT="comportées," WC="0.99" CC="23000707057"/>
						<SP ID="P34_SP00089" HPOS="988" VPOS="1351" WIDTH="35"/>
						<String ID="P34_ST00105" HPOS="1023" VPOS="1298" WIDTH="125" HEIGHT="41" CONTENT="Dans" WC="0.98" CC="0063"/>
						<SP ID="P34_SP00090" HPOS="1148" VPOS="1351" WIDTH="31"/>
						<String ID="P34_ST00106" HPOS="1179" VPOS="1298" WIDTH="56" HEIGHT="41" CONTENT="les" WC="0.99" CC="200"/>
						<SP ID="P34_SP00091" HPOS="1235" VPOS="1351" WIDTH="30"/>
						<String ID="P34_ST00107" HPOS="1265" VPOS="1296" WIDTH="198" HEIGHT="49" CONTENT="toitures," WC="0.99" CC="300030044"/>
						<SP ID="P34_SP00092" HPOS="1463" VPOS="1351" WIDTH="34"/>
						<String ID="P34_ST00108" HPOS="1497" VPOS="1294" WIDTH="108" HEIGHT="44" CONTENT="l'alu" SUBS_TYPE="HypPart1" SUBS_CONTENT="l'aluminium" WC="0.99" CC="20600"/>
						<HYP HPOS="1605" VPOS="1294" WIDTH="21" CONTENT="-"/>
					</TextLine>
					<TextLine ID="P34_TL00017" HPOS="455" VPOS="1357" WIDTH="1173" HEIGHT="55">
						<String ID="P34_ST00109" HPOS="455" VPOS="1361" WIDTH="195" HEIGHT="42" CONTENT="minium" SUBS_TYPE="HypPart2" SUBS_CONTENT="l'aluminium" WC="0.99" CC="050400"/>
						<SP ID="P34_SP00093" HPOS="650" VPOS="1403" WIDTH="35"/>
						<String ID="P34_ST00110" HPOS="685" VPOS="1373" WIDTH="60" HEIGHT="29" CONTENT="est" WC="0.98" CC="040"/>
						<SP ID="P34_SP00094" HPOS="745" VPOS="1403" WIDTH="34"/>
						<String ID="P34_ST00111" HPOS="779" VPOS="1360" WIDTH="222" HEIGHT="52" CONTENT="supérieur" WC="0.99" CC="500700050"/>
						<SP ID="P34_SP00095" HPOS="1001" VPOS="1412" WIDTH="34"/>
						<String ID="P34_ST00112" HPOS="1035" VPOS="1374" WIDTH="54" HEIGHT="26" CONTENT="au" WC="1.00" CC="00"/>
						<SP ID="P34_SP00096" HPOS="1089" VPOS="1412" WIDTH="35"/>
						<String ID="P34_ST00113" HPOS="1124" VPOS="1359" WIDTH="99" HEIGHT="41" CONTENT="zinc" WC="0.97" CC="0066"/>
						<SP ID="P34_SP00097" HPOS="1223" VPOS="1412" WIDTH="37"/>
						<String ID="P34_ST00114" HPOS="1260" VPOS="1372" WIDTH="91" HEIGHT="27" CONTENT="non" WC="0.94" CC="608"/>
						<SP ID="P34_SP00098" HPOS="1351" VPOS="1412" WIDTH="36"/>
						<String ID="P34_ST00115" HPOS="1387" VPOS="1357" WIDTH="241" HEIGHT="41" CONTENT="seulement" WC="0.99" CC="006300090"/>
					</TextLine>
					<TextLine ID="P34_TL00018" HPOS="455" VPOS="1418" WIDTH="1170" HEIGHT="55">
						<String ID="P34_ST00116" HPOS="455" VPOS="1423" WIDTH="21" HEIGHT="41" CONTENT="à" WC="0.35" CC="6"/>
						<SP ID="P34_SP00099" HPOS="476" VPOS="1464" WIDTH="35"/>
						<String ID="P34_ST00117" HPOS="511" VPOS="1438" WIDTH="122" HEIGHT="26" CONTENT="cause" WC="0.99" CC="50000"/>
						<SP ID="P34_SP00100" HPOS="633" VPOS="1464" WIDTH="35"/>
						<String ID="P34_ST00118" HPOS="668" VPOS="1422" WIDTH="49" HEIGHT="42" CONTENT="de" WC="1.00" CC="00"/>
						<SP ID="P34_SP00101" HPOS="717" VPOS="1464" WIDTH="32"/>
						<String ID="P34_ST00119" HPOS="749" VPOS="1437" WIDTH="80" HEIGHT="26" CONTENT="son" WC="0.95" CC="507"/>
						<SP ID="P34_SP00102" HPOS="829" VPOS="1464" WIDTH="34"/>
						<String ID="P34_ST00120" HPOS="863" VPOS="1421" WIDTH="199" HEIGHT="42" CONTENT="meilleur" WC="1.00" CC="00000026"/>
						<SP ID="P34_SP00103" HPOS="1062" VPOS="1464" WIDTH="32"/>
						<String ID="P34_ST00121" HPOS="1094" VPOS="1432" WIDTH="155" HEIGHT="41" CONTENT="aspect," WC="0.99" CC="9000304"/>
						<SP ID="P34_SP00104" HPOS="1249" VPOS="1473" WIDTH="39"/>
						<String ID="P34_ST00122" HPOS="1288" VPOS="1419" WIDTH="109" HEIGHT="42" CONTENT="mais" WC="0.99" CC="0050"/>
						<SP ID="P34_SP00105" HPOS="1397" VPOS="1473" WIDTH="33"/>
						<String ID="P34_ST00123" HPOS="1430" VPOS="1418" WIDTH="114" HEIGHT="42" CONTENT="aussi" WC="0.97" CC="90350"/>
						<SP ID="P34_SP00106" HPOS="1544" VPOS="1473" WIDTH="30"/>
						<String ID="P34_ST00124" HPOS="1574" VPOS="1432" WIDTH="51" HEIGHT="26" CONTENT="en" WC="0.57" CC="07"/>
					</TextLine>
					<TextLine ID="P34_TL00019" HPOS="457" VPOS="1480" WIDTH="1170" HEIGHT="56">
						<String ID="P34_ST00125" HPOS="457" VPOS="1485" WIDTH="145" HEIGHT="41" CONTENT="raison" WC="0.99" CC="701000"/>
						<SP ID="P34_SP00107" HPOS="602" VPOS="1526" WIDTH="35"/>
						<String ID="P34_ST00126" HPOS="637" VPOS="1484" WIDTH="50" HEIGHT="41" CONTENT="de" WC="1.00" CC="00"/>
						<SP ID="P34_SP00108" HPOS="687" VPOS="1526" WIDTH="34"/>
						<String ID="P34_ST00127" HPOS="721" VPOS="1499" WIDTH="42" HEIGHT="26" CONTENT="sa" WC="0.37" CC="47"/>
						<SP ID="P34_SP00109" HPOS="763" VPOS="1526" WIDTH="34"/>
						<String ID="P34_ST00128" HPOS="797" VPOS="1484" WIDTH="101" HEIGHT="52" CONTENT="plus" WC="0.98" CC="0306"/>
						<SP ID="P34_SP00110" HPOS="898" VPOS="1536" WIDTH="33"/>
						<String ID="P34_ST00129" HPOS="931" VPOS="1483" WIDTH="164" HEIGHT="53" CONTENT="grande" WC="0.98" CC="060900"/>
						<SP ID="P34_SP00111" HPOS="1095" VPOS="1536" WIDTH="34"/>
						<String ID="P34_ST00130" HPOS="1129" VPOS="1481" WIDTH="227" HEIGHT="43" CONTENT="résistance" WC="0.99" CC="5725500534"/>
						<SP ID="P34_SP00112" HPOS="1356" VPOS="1536" WIDTH="33"/>
						<String ID="P34_ST00131" HPOS="1389" VPOS="1481" WIDTH="21" HEIGHT="41" CONTENT="à" WC="0.36" CC="6"/>
						<SP ID="P34_SP00113" HPOS="1410" VPOS="1536" WIDTH="36"/>
						<String ID="P34_ST00132" HPOS="1446" VPOS="1480" WIDTH="181" HEIGHT="42" CONTENT="l'action" WC="0.97" CC="02956759"/>
					</TextLine>
					<TextLine ID="P34_TL00020" HPOS="456" VPOS="1539" WIDTH="1172" HEIGHT="56">
						<String ID="P34_ST00133" HPOS="456" VPOS="1546" WIDTH="264" HEIGHT="42" CONTENT="corrodante" WC="0.99" CC="7977000620"/>
						<SP ID="P34_SP00114" HPOS="720" VPOS="1588" WIDTH="36"/>
						<String ID="P34_ST00134" HPOS="756" VPOS="1546" WIDTH="71" HEIGHT="41" CONTENT="des" WC="0.98" CC="004"/>
						<SP ID="P34_SP00115" HPOS="827" VPOS="1588" WIDTH="37"/>
						<String ID="P34_ST00135" HPOS="864" VPOS="1545" WIDTH="188" HEIGHT="45" CONTENT="fumées;" WC="0.99" CC="4007030"/>
						<SP ID="P34_SP00116" HPOS="1052" VPOS="1590" WIDTH="37"/>
						<String ID="P34_ST00136" HPOS="1089" VPOS="1560" WIDTH="58" HEIGHT="26" CONTENT="on" WC="0.16" CC="87"/>
						<SP ID="P34_SP00117" HPOS="1147" VPOS="1590" WIDTH="36"/>
						<String ID="P34_ST00137" HPOS="1183" VPOS="1559" WIDTH="21" HEIGHT="26" CONTENT="a" WC="1.00" CC="0"/>
						<SP ID="P34_SP00118" HPOS="1204" VPOS="1590" WIDTH="33"/>
						<String ID="P34_ST00138" HPOS="1237" VPOS="1541" WIDTH="197" HEIGHT="44" CONTENT="constaté" WC="0.99" CC="75046000"/>
						<SP ID="P34_SP00119" HPOS="1434" VPOS="1590" WIDTH="36"/>
						<String ID="P34_ST00139" HPOS="1470" VPOS="1556" WIDTH="83" HEIGHT="39" CONTENT="que" WC="0.98" CC="040"/>
						<SP ID="P34_SP00120" HPOS="1553" VPOS="1595" WIDTH="37"/>
						<String ID="P34_ST00140" HPOS="1590" VPOS="1539" WIDTH="38" HEIGHT="42" CONTENT="là" WC="0.29" CC="68"/>
					</TextLine>
					<TextLine ID="P34_TL00021" HPOS="457" VPOS="1602" WIDTH="1173" HEIGHT="49">
						<String ID="P34_ST00141" HPOS="457" VPOS="1608" WIDTH="58" HEIGHT="41" CONTENT="où" WC="0.20" CC="96"/>
						<SP ID="P34_SP00121" HPOS="515" VPOS="1649" WIDTH="35"/>
						<String ID="P34_ST00142" HPOS="550" VPOS="1609" WIDTH="35" HEIGHT="42" CONTENT="le" WC="0.80" CC="40"/>
						<SP ID="P34_SP00122" HPOS="585" VPOS="1651" WIDTH="31"/>
						<String ID="P34_ST00143" HPOS="616" VPOS="1607" WIDTH="99" HEIGHT="42" CONTENT="zinc" WC="0.98" CC="0605"/>
						<SP ID="P34_SP00123" HPOS="715" VPOS="1651" WIDTH="32"/>
						<String ID="P34_ST00144" HPOS="747" VPOS="1607" WIDTH="143" HEIGHT="42" CONTENT="résiste" WC="0.98" CC="6742030"/>
						<SP ID="P34_SP00124" HPOS="890" VPOS="1651" WIDTH="41"/>
						<String ID="P34_ST00145" HPOS="931" VPOS="1622" WIDTH="53" HEIGHT="26" CONTENT="10" WC="0.66" CC="33"/>
						<SP ID="P34_SP00125" HPOS="984" VPOS="1651" WIDTH="34"/>
						<String ID="P34_ST00146" HPOS="1018" VPOS="1621" WIDTH="91" HEIGHT="30" CONTENT="ans," WC="1.00" CC="0020"/>
						<SP ID="P34_SP00126" HPOS="1109" VPOS="1651" WIDTH="36"/>
						<String ID="P34_ST00147" HPOS="1145" VPOS="1604" WIDTH="308" HEIGHT="43" CONTENT="l'aluminium," WC="0.99" CC="720740151804"/>
						<SP ID="P34_SP00127" HPOS="1453" VPOS="1651" WIDTH="34"/>
						<String ID="P34_ST00148" HPOS="1487" VPOS="1602" WIDTH="143" HEIGHT="42" CONTENT="résiste" WC="0.98" CC="0756307"/>
					</TextLine>
					<TextLine ID="P34_TL00022" HPOS="464" VPOS="1684" WIDTH="181" HEIGHT="41">
						<String ID="P34_ST00149" HPOS="464" VPOS="1684" WIDTH="52" HEIGHT="41" CONTENT="15" WC="0.89" CC="20"/>
						<SP ID="P34_SP00128" HPOS="516" VPOS="1725" WIDTH="37"/>
						<String ID="P34_ST00150" HPOS="553" VPOS="1684" WIDTH="92" HEIGHT="28" CONTENT="ans." WC="0.95" CC="5771"/>
					</TextLine>
					<TextLine ID="P34_TL00023" HPOS="526" VPOS="1727" WIDTH="1102" HEIGHT="56">
						<String ID="P34_ST00151" HPOS="526" VPOS="1731" WIDTH="165" HEIGHT="41" CONTENT="L'effet" WC="0.98" CC="0405573"/>
						<SP ID="P34_SP00129" HPOS="691" VPOS="1772" WIDTH="36"/>
						<String ID="P34_ST00152" HPOS="727" VPOS="1730" WIDTH="188" HEIGHT="42" CONTENT="corrosif" WC="0.98" CC="04567706"/>
						<SP ID="P34_SP00130" HPOS="915" VPOS="1772" WIDTH="37"/>
						<String ID="P34_ST00153" HPOS="952" VPOS="1731" WIDTH="167" HEIGHT="41" CONTENT="intense" WC="0.98" CC="6960700"/>
						<SP ID="P34_SP00131" HPOS="1119" VPOS="1772" WIDTH="36"/>
						<String ID="P34_ST00154" HPOS="1155" VPOS="1731" WIDTH="50" HEIGHT="40" CONTENT="de" WC="1.00" CC="00"/>
						<SP ID="P34_SP00132" HPOS="1205" VPOS="1772" WIDTH="37"/>
						<String ID="P34_ST00155" HPOS="1242" VPOS="1729" WIDTH="96" HEIGHT="42" CONTENT="l'air" WC="0.98" CC="04057"/>
						<SP ID="P34_SP00133" HPOS="1338" VPOS="1772" WIDTH="35"/>
						<String ID="P34_ST00156" HPOS="1373" VPOS="1728" WIDTH="142" HEIGHT="43" CONTENT="marin" WC="0.99" CC="00026"/>
						<SP ID="P34_SP00134" HPOS="1515" VPOS="1772" WIDTH="37"/>
						<String ID="P34_ST00157" HPOS="1552" VPOS="1727" WIDTH="76" HEIGHT="56" CONTENT="qui" WC="0.95" CC="606"/>
					</TextLine>
					<TextLine ID="P34_TL00024" HPOS="459" VPOS="1790" WIDTH="1168" HEIGHT="55">
						<String ID="P34_ST00158" HPOS="459" VPOS="1793" WIDTH="164" HEIGHT="42" CONTENT="détruit" WC="0.99" CC="5700040"/>
						<SP ID="P34_SP00135" HPOS="623" VPOS="1835" WIDTH="26"/>
						<String ID="P34_ST00159" HPOS="649" VPOS="1793" WIDTH="31" HEIGHT="40" CONTENT="si" WC="0.69" CC="06"/>
						<SP ID="P34_SP00136" HPOS="680" VPOS="1835" WIDTH="26"/>
						<String ID="P34_ST00160" HPOS="706" VPOS="1792" WIDTH="278" HEIGHT="53" CONTENT="rapidement" WC="1.00" CC="6006000000"/>
						<SP ID="P34_SP00137" HPOS="984" VPOS="1845" WIDTH="26"/>
						<String ID="P34_ST00161" HPOS="1010" VPOS="1792" WIDTH="56" HEIGHT="41" CONTENT="les" WC="0.98" CC="004"/>
						<SP ID="P34_SP00138" HPOS="1066" VPOS="1845" WIDTH="25"/>
						<String ID="P34_ST00162" HPOS="1091" VPOS="1792" WIDTH="144" HEIGHT="52" CONTENT="objets" WC="0.99" CC="723000"/>
						<SP ID="P34_SP00139" HPOS="1235" VPOS="1845" WIDTH="24"/>
						<String ID="P34_ST00163" HPOS="1259" VPOS="1792" WIDTH="50" HEIGHT="40" CONTENT="de" WC="1.00" CC="00"/>
						<SP ID="P34_SP00140" HPOS="1309" VPOS="1845" WIDTH="24"/>
						<String ID="P34_ST00164" HPOS="1333" VPOS="1790" WIDTH="64" HEIGHT="42" CONTENT="fer" WC="0.96" CC="009"/>
						<SP ID="P34_SP00141" HPOS="1397" VPOS="1845" WIDTH="23"/>
						<String ID="P34_ST00165" HPOS="1420" VPOS="1806" WIDTH="59" HEIGHT="26" CONTENT="ou" WC="0.67" CC="60"/>
						<SP ID="P34_SP00142" HPOS="1479" VPOS="1845" WIDTH="28"/>
						<String ID="P34_ST00166" HPOS="1507" VPOS="1790" WIDTH="120" HEIGHT="42" CONTENT="acier," WC="0.99" CC="040060"/>
					</TextLine>
					<TextLine ID="P34_TL00025" HPOS="459" VPOS="1851" WIDTH="1171" HEIGHT="57">
						<String ID="P34_ST00167" HPOS="459" VPOS="1854" WIDTH="141" HEIGHT="42" CONTENT="même" WC="0.98" CC="0700"/>
						<SP ID="P34_SP00143" HPOS="600" VPOS="1896" WIDTH="30"/>
						<String ID="P34_ST00168" HPOS="630" VPOS="1854" WIDTH="356" HEIGHT="54" CONTENT="soigneusement" WC="1.00" CC="5500000500070"/>
						<SP ID="P34_SP00144" HPOS="986" VPOS="1908" WIDTH="31"/>
						<String ID="P34_ST00169" HPOS="1017" VPOS="1853" WIDTH="157" HEIGHT="53" CONTENT="peints," WC="1.00" CC="0008000"/>
						<SP ID="P34_SP00145" HPOS="1174" VPOS="1908" WIDTH="37"/>
						<String ID="P34_ST00170" HPOS="1211" VPOS="1853" WIDTH="90" HEIGHT="53" CONTENT="agit" WC="0.96" CC="9405"/>
						<SP ID="P34_SP00146" HPOS="1301" VPOS="1908" WIDTH="32"/>
						<String ID="P34_ST00171" HPOS="1333" VPOS="1852" WIDTH="134" HEIGHT="42" CONTENT="d'une" WC="0.97" CC="74063"/>
						<SP ID="P34_SP00147" HPOS="1467" VPOS="1908" WIDTH="30"/>
						<String ID="P34_ST00172" HPOS="1497" VPOS="1851" WIDTH="133" HEIGHT="53" CONTENT="façon" WC="0.96" CC="40679"/>
					</TextLine>
					<TextLine ID="P34_TL00026" HPOS="459" VPOS="1912" WIDTH="1168" HEIGHT="56">
						<String ID="P34_ST00173" HPOS="459" VPOS="1917" WIDTH="228" HEIGHT="51" CONTENT="beaucoup" WC="1.00" CC="00004030"/>
						<SP ID="P34_SP00148" HPOS="687" VPOS="1968" WIDTH="54"/>
						<String ID="P34_ST00174" HPOS="741" VPOS="1915" WIDTH="148" HEIGHT="42" CONTENT="moins" WC="1.00" CC="00200"/>
						<SP ID="P34_SP00149" HPOS="889" VPOS="1968" WIDTH="54"/>
						<String ID="P34_ST00175" HPOS="943" VPOS="1914" WIDTH="185" HEIGHT="42" CONTENT="sensible" WC="0.99" CC="50005300"/>
						<SP ID="P34_SP00150" HPOS="1128" VPOS="1968" WIDTH="53"/>
						<String ID="P34_ST00176" HPOS="1181" VPOS="1928" WIDTH="72" HEIGHT="27" CONTENT="sur" WC="0.96" CC="380"/>
						<SP ID="P34_SP00151" HPOS="1253" VPOS="1968" WIDTH="53"/>
						<String ID="P34_ST00177" HPOS="1306" VPOS="1912" WIDTH="321" HEIGHT="43" CONTENT="l'aluminium," WC="1.00" CC="000060004007"/>
					</TextLine>
					<TextLine ID="P34_TL00027" HPOS="461" VPOS="1973" WIDTH="1169" HEIGHT="56">
						<String ID="P34_ST00178" HPOS="461" VPOS="1978" WIDTH="109" HEIGHT="43" CONTENT="mais" WC="0.99" CC="0050"/>
						<SP ID="P34_SP00152" HPOS="570" VPOS="2021" WIDTH="30"/>
						<String ID="P34_ST00179" HPOS="600" VPOS="1993" WIDTH="82" HEIGHT="27" CONTENT="son" WC="0.95" CC="680"/>
						<SP ID="P34_SP00153" HPOS="682" VPOS="2021" WIDTH="32"/>
						<String ID="P34_ST00180" HPOS="714" VPOS="1978" WIDTH="146" HEIGHT="41" CONTENT="action" WC="0.97" CC="904327"/>
						<SP ID="P34_SP00154" HPOS="860" VPOS="2021" WIDTH="36"/>
						<String ID="P34_ST00181" HPOS="896" VPOS="1978" WIDTH="110" HEIGHT="41" CONTENT="n'est" WC="0.99" CC="04000"/>
						<SP ID="P34_SP00155" HPOS="1006" VPOS="2021" WIDTH="31"/>
						<String ID="P34_ST00182" HPOS="1037" VPOS="1992" WIDTH="76" HEIGHT="37" CONTENT="pas" WC="0.96" CC="090"/>
						<SP ID="P34_SP00156" HPOS="1113" VPOS="2029" WIDTH="32"/>
						<String ID="P34_ST00183" HPOS="1145" VPOS="1974" WIDTH="269" HEIGHT="55" CONTENT="négligeable" WC="0.99" CC="98037009000"/>
						<SP ID="P34_SP00157" HPOS="1414" VPOS="2029" WIDTH="31"/>
						<String ID="P34_ST00184" HPOS="1445" VPOS="1988" WIDTH="39" HEIGHT="31" CONTENT="et" WC="0.44" CC="82"/>
						<SP ID="P34_SP00158" HPOS="1484" VPOS="2029" WIDTH="30"/>
						<String ID="P34_ST00185" HPOS="1514" VPOS="1973" WIDTH="116" HEIGHT="43" CONTENT="varie" WC="0.96" CC="09906"/>
					</TextLine>
					<TextLine ID="P34_TL00028" HPOS="460" VPOS="2036" WIDTH="1164" HEIGHT="56">
						<String ID="P34_ST00186" HPOS="460" VPOS="2040" WIDTH="229" HEIGHT="52" CONTENT="beaucoup" WC="0.99" CC="20903000"/>
						<SP ID="P34_SP00159" HPOS="689" VPOS="2092" WIDTH="28"/>
						<String ID="P34_ST00187" HPOS="717" VPOS="2054" WIDTH="99" HEIGHT="26" CONTENT="avec" WC="0.97" CC="6006"/>
						<SP ID="P34_SP00160" HPOS="816" VPOS="2092" WIDTH="25"/>
						<String ID="P34_ST00188" HPOS="841" VPOS="2039" WIDTH="39" HEIGHT="40" CONTENT="la" WC="1.00" CC="00"/>
						<SP ID="P34_SP00161" HPOS="880" VPOS="2092" WIDTH="25"/>
						<String ID="P34_ST00189" HPOS="905" VPOS="2049" WIDTH="215" HEIGHT="31" CONTENT="structure" WC="0.99" CC="700310498"/>
						<SP ID="P34_SP00162" HPOS="1120" VPOS="2092" WIDTH="26"/>
						<String ID="P34_ST00190" HPOS="1146" VPOS="2038" WIDTH="50" HEIGHT="41" CONTENT="de" WC="0.62" CC="70"/>
						<SP ID="P34_SP00163" HPOS="1196" VPOS="2092" WIDTH="28"/>
						<String ID="P34_ST00191" HPOS="1224" VPOS="2039" WIDTH="39" HEIGHT="40" CONTENT="la" WC="0.88" CC="20"/>
						<SP ID="P34_SP00164" HPOS="1263" VPOS="2092" WIDTH="28"/>
						<String ID="P34_ST00192" HPOS="1291" VPOS="2037" WIDTH="107" HEIGHT="43" CONTENT="côte," WC="0.98" CC="06604"/>
						<SP ID="P34_SP00165" HPOS="1398" VPOS="2092" WIDTH="32"/>
						<String ID="P34_ST00193" HPOS="1430" VPOS="2036" WIDTH="38" HEIGHT="41" CONTENT="la" WC="0.17" CC="69"/>
						<SP ID="P34_SP00166" HPOS="1468" VPOS="2092" WIDTH="28"/>
						<String ID="P34_ST00194" HPOS="1496" VPOS="2036" WIDTH="107" HEIGHT="41" CONTENT="direc" SUBS_TYPE="HypPart1" SUBS_CONTENT="direction" WC="0.98" CC="90007"/>
						<HYP HPOS="1603" VPOS="2036" WIDTH="21" CONTENT="-"/>
					</TextLine>
					<TextLine ID="P34_TL00029" HPOS="460" VPOS="2097" WIDTH="1171" HEIGHT="55">
						<String ID="P34_ST00195" HPOS="460" VPOS="2102" WIDTH="97" HEIGHT="44" CONTENT="tion" SUBS_TYPE="HypPart2" SUBS_CONTENT="direction" WC="0.97" CC="7005"/>
						<SP ID="P34_SP00167" HPOS="557" VPOS="2146" WIDTH="29"/>
						<String ID="P34_ST00196" HPOS="586" VPOS="2101" WIDTH="72" HEIGHT="42" CONTENT="des" WC="0.98" CC="004"/>
						<SP ID="P34_SP00168" HPOS="658" VPOS="2146" WIDTH="26"/>
						<String ID="P34_ST00197" HPOS="684" VPOS="2112" WIDTH="127" HEIGHT="30" CONTENT="vents" WC="1.00" CC="00000"/>
						<SP ID="P34_SP00169" HPOS="811" VPOS="2146" WIDTH="29"/>
						<String ID="P34_ST00198" HPOS="840" VPOS="2100" WIDTH="275" HEIGHT="43" CONTENT="dominants," WC="0.99" CC="0100008044"/>
						<SP ID="P34_SP00170" HPOS="1115" VPOS="2146" WIDTH="36"/>
						<String ID="P34_ST00199" HPOS="1151" VPOS="2098" WIDTH="334" HEIGHT="54" CONTENT="l'éloignement" WC="0.70" CC="3085400400740"/>
						<SP ID="P34_SP00171" HPOS="1485" VPOS="2152" WIDTH="29"/>
						<String ID="P34_ST00200" HPOS="1514" VPOS="2097" WIDTH="50" HEIGHT="42" CONTENT="de" WC="1.00" CC="00"/>
						<SP ID="P34_SP00172" HPOS="1564" VPOS="2152" WIDTH="29"/>
						<String ID="P34_ST00201" HPOS="1593" VPOS="2097" WIDTH="38" HEIGHT="42" CONTENT="la" WC="0.27" CC="67"/>
					</TextLine>
					<TextLine ID="P34_TL00030" HPOS="461" VPOS="2158" WIDTH="1169" HEIGHT="56">
						<String ID="P34_ST00202" HPOS="461" VPOS="2178" WIDTH="103" HEIGHT="26" CONTENT="mer." WC="0.99" CC="0004"/>
						<SP ID="P34_SP00173" HPOS="564" VPOS="2204" WIDTH="35"/>
						<String ID="P34_ST00203" HPOS="599" VPOS="2162" WIDTH="81" HEIGHT="42" CONTENT="Ces" WC="0.98" CC="103"/>
						<SP ID="P34_SP00174" HPOS="680" VPOS="2204" WIDTH="32"/>
						<String ID="P34_ST00204" HPOS="712" VPOS="2160" WIDTH="321" HEIGHT="54" CONTENT="particularités" WC="0.99" CC="00900360000485"/>
						<SP ID="P34_SP00175" HPOS="1033" VPOS="2214" WIDTH="35"/>
						<String ID="P34_ST00205" HPOS="1068" VPOS="2173" WIDTH="80" HEIGHT="30" CONTENT="ont" WC="0.98" CC="060"/>
						<SP ID="P34_SP00176" HPOS="1148" VPOS="2214" WIDTH="34"/>
						<String ID="P34_ST00206" HPOS="1182" VPOS="2160" WIDTH="62" HEIGHT="41" CONTENT="été" WC="0.92" CC="867"/>
						<SP ID="P34_SP00177" HPOS="1244" VPOS="2214" WIDTH="31"/>
						<String ID="P34_ST00207" HPOS="1275" VPOS="2170" WIDTH="178" HEIGHT="32" CONTENT="surtout" WC="0.99" CC="0090080"/>
						<SP ID="P34_SP00178" HPOS="1453" VPOS="2214" WIDTH="29"/>
						<String ID="P34_ST00208" HPOS="1482" VPOS="2158" WIDTH="124" HEIGHT="42" CONTENT="obser" SUBS_TYPE="HypPart1" SUBS_CONTENT="observées" WC="0.98" CC="00069"/>
						<HYP HPOS="1606" VPOS="2158" WIDTH="24" CONTENT="-"/>
					</TextLine>
					<TextLine ID="P34_TL00031" HPOS="460" VPOS="2220" WIDTH="1170" HEIGHT="57">
						<String ID="P34_ST00209" HPOS="460" VPOS="2225" WIDTH="93" HEIGHT="41" CONTENT="vées" SUBS_TYPE="HypPart2" SUBS_CONTENT="observées" WC="0.98" CC="0700"/>
						<SP ID="P34_SP00179" HPOS="553" VPOS="2266" WIDTH="28"/>
						<String ID="P34_ST00210" HPOS="581" VPOS="2239" WIDTH="72" HEIGHT="26" CONTENT="sur" WC="0.95" CC="246"/>
						<SP ID="P34_SP00180" HPOS="653" VPOS="2266" WIDTH="30"/>
						<String ID="P34_ST00211" HPOS="683" VPOS="2224" WIDTH="71" HEIGHT="41" CONTENT="des" WC="0.99" CC="003"/>
						<SP ID="P34_SP00181" HPOS="754" VPOS="2266" WIDTH="29"/>
						<String ID="P34_ST00212" HPOS="783" VPOS="2223" WIDTH="137" HEIGHT="54" CONTENT="lignes" WC="0.99" CC="000701"/>
						<SP ID="P34_SP00182" HPOS="920" VPOS="2277" WIDTH="29"/>
						<String ID="P34_ST00213" HPOS="949" VPOS="2221" WIDTH="272" HEIGHT="55" CONTENT="électriques;" WC="0.99" CC="829424300000"/>
						<SP ID="P34_SP00183" HPOS="1221" VPOS="2277" WIDTH="37"/>
						<String ID="P34_ST00214" HPOS="1258" VPOS="2220" WIDTH="146" HEIGHT="44" CONTENT="tandis" WC="0.99" CC="700000"/>
						<SP ID="P34_SP00184" HPOS="1404" VPOS="2277" WIDTH="29"/>
						<String ID="P34_ST00215" HPOS="1433" VPOS="2235" WIDTH="84" HEIGHT="39" CONTENT="que" WC="0.97" CC="080"/>
						<SP ID="P34_SP00185" HPOS="1517" VPOS="2277" WIDTH="28"/>
						<String ID="P34_ST00216" HPOS="1545" VPOS="2234" WIDTH="64" HEIGHT="26" CONTENT="cer" SUBS_TYPE="HypPart1" SUBS_CONTENT="certaines" WC="0.98" CC="004"/>
						<HYP HPOS="1609" VPOS="2234" WIDTH="21" CONTENT="-"/>
					</TextLine>
					<TextLine ID="P34_TL00032" HPOS="461" VPOS="2281" WIDTH="1169" HEIGHT="57">
						<String ID="P34_ST00217" HPOS="461" VPOS="2286" WIDTH="137" HEIGHT="41" CONTENT="taines" SUBS_TYPE="HypPart2" SUBS_CONTENT="certaines" WC="0.99" CC="080004"/>
						<SP ID="P34_SP00186" HPOS="598" VPOS="2327" WIDTH="57"/>
						<String ID="P34_ST00218" HPOS="655" VPOS="2285" WIDTH="295" HEIGHT="53" CONTENT="présentaient" WC="0.99" CC="007300000674"/>
						<SP ID="P34_SP00187" HPOS="950" VPOS="2338" WIDTH="55"/>
						<String ID="P34_ST00219" HPOS="1005" VPOS="2299" WIDTH="84" HEIGHT="26" CONTENT="une" WC="0.97" CC="070"/>
						<SP ID="P34_SP00188" HPOS="1089" VPOS="2338" WIDTH="54"/>
						<String ID="P34_ST00220" HPOS="1143" VPOS="2283" WIDTH="228" HEIGHT="41" CONTENT="corrosion" WC="0.99" CC="330080640"/>
						<SP ID="P34_SP00189" HPOS="1371" VPOS="2338" WIDTH="59"/>
						<String ID="P34_ST00221" HPOS="1430" VPOS="2281" WIDTH="200" HEIGHT="43" CONTENT="sensible," WC="0.98" CC="407426064"/>
					</TextLine>
					<TextLine ID="P34_TL00033" HPOS="461" VPOS="2345" WIDTH="1172" HEIGHT="54">
						<String ID="P34_ST00222" HPOS="461" VPOS="2348" WIDTH="191" HEIGHT="41" CONTENT="d'autres" WC="0.99" CC="02940005"/>
						<SP ID="P34_SP00190" HPOS="652" VPOS="2389" WIDTH="23"/>
						<String ID="P34_ST00223" HPOS="675" VPOS="2346" WIDTH="242" HEIGHT="42" CONTENT="résistaient" WC="0.99" CC="08332006800"/>
						<SP ID="P34_SP00191" HPOS="917" VPOS="2389" WIDTH="23"/>
						<String ID="P34_ST00224" HPOS="940" VPOS="2345" WIDTH="330" HEIGHT="54" CONTENT="parfaitement." WC="1.00" CC="0073026000600"/>
						<SP ID="P34_SP00192" HPOS="1270" VPOS="2399" WIDTH="26"/>
						<String ID="P34_ST00225" HPOS="1296" VPOS="2345" WIDTH="73" HEIGHT="40" CONTENT="On" WC="1.00" CC="00"/>
						<SP ID="P34_SP00193" HPOS="1369" VPOS="2399" WIDTH="25"/>
						<String ID="P34_ST00226" HPOS="1394" VPOS="2360" WIDTH="21" HEIGHT="26" CONTENT="a" WC="1.00" CC="0"/>
						<SP ID="P34_SP00194" HPOS="1415" VPOS="2399" WIDTH="24"/>
						<String ID="P34_ST00227" HPOS="1439" VPOS="2357" WIDTH="194" HEIGHT="28" CONTENT="reconnu" WC="0.97" CC="0056788"/>
					</TextLine>
					<TextLine ID="P34_TL00034" HPOS="461" VPOS="2404" WIDTH="1173" HEIGHT="59">
						<String ID="P34_ST00228" HPOS="461" VPOS="2425" WIDTH="84" HEIGHT="38" CONTENT="que" WC="0.99" CC="030"/>
						<SP ID="P34_SP00195" HPOS="545" VPOS="2463" WIDTH="50"/>
						<String ID="P34_ST00229" HPOS="595" VPOS="2409" WIDTH="56" HEIGHT="42" CONTENT="les" WC="0.97" CC="601"/>
						<SP ID="P34_SP00196" HPOS="651" VPOS="2463" WIDTH="49"/>
						<String ID="P34_ST00230" HPOS="700" VPOS="2409" WIDTH="317" HEIGHT="40" CONTENT="circonstances" WC="0.99" CC="5693509600500"/>
						<SP ID="P34_SP00197" HPOS="1017" VPOS="2463" WIDTH="49"/>
						<String ID="P34_ST00231" HPOS="1066" VPOS="2409" WIDTH="57" HEIGHT="40" CONTENT="les" WC="0.99" CC="002"/>
						<SP ID="P34_SP00198" HPOS="1123" VPOS="2463" WIDTH="51"/>
						<String ID="P34_ST00232" HPOS="1174" VPOS="2406" WIDTH="101" HEIGHT="53" CONTENT="plus" WC="0.98" CC="0105"/>
						<SP ID="P34_SP00199" HPOS="1275" VPOS="2463" WIDTH="52"/>
						<String ID="P34_ST00233" HPOS="1327" VPOS="2404" WIDTH="307" HEIGHT="43" CONTENT="défavorables" WC="0.99" CC="084905066504"/>
					</TextLine>
					<TextLine ID="P34_TL00035" HPOS="462" VPOS="2465" WIDTH="1172" HEIGHT="48">
						<String ID="P34_ST00234" HPOS="462" VPOS="2471" WIDTH="161" HEIGHT="42" CONTENT="étaient" WC="0.98" CC="8091070"/>
						<SP ID="P34_SP00200" HPOS="623" VPOS="2513" WIDTH="45"/>
						<String ID="P34_ST00235" HPOS="668" VPOS="2486" WIDTH="85" HEIGHT="26" CONTENT="une" WC="1.00" CC="000"/>
						<SP ID="P34_SP00201" HPOS="753" VPOS="2513" WIDTH="44"/>
						<String ID="P34_ST00236" HPOS="797" VPOS="2469" WIDTH="94" HEIGHT="42" CONTENT="côte" WC="0.96" CC="5608"/>
						<SP ID="P34_SP00202" HPOS="891" VPOS="2513" WIDTH="48"/>
						<String ID="P34_ST00237" HPOS="939" VPOS="2469" WIDTH="204" HEIGHT="41" CONTENT="rocheuse" WC="0.98" CC="76638500"/>
						<SP ID="P34_SP00203" HPOS="1143" VPOS="2513" WIDTH="46"/>
						<String ID="P34_ST00238" HPOS="1189" VPOS="2482" WIDTH="58" HEIGHT="26" CONTENT="ou" WC="0.36" CC="48"/>
						<SP ID="P34_SP00204" HPOS="1247" VPOS="2513" WIDTH="47"/>
						<String ID="P34_ST00239" HPOS="1294" VPOS="2468" WIDTH="21" HEIGHT="40" CONTENT="à" WC="0.31" CC="6"/>
						<SP ID="P34_SP00205" HPOS="1315" VPOS="2513" WIDTH="47"/>
						<String ID="P34_ST00240" HPOS="1362" VPOS="2465" WIDTH="172" HEIGHT="43" CONTENT="falaises" WC="0.99" CC="50604600"/>
						<SP ID="P34_SP00206" HPOS="1534" VPOS="2513" WIDTH="50"/>
						<String ID="P34_ST00241" HPOS="1584" VPOS="2465" WIDTH="50" HEIGHT="42" CONTENT="de" WC="0.10" CC="98"/>
					</TextLine>
					<TextLine ID="P34_TL00036" HPOS="463" VPOS="2526" WIDTH="1171" HEIGHT="59">
						<String ID="P34_ST00242" HPOS="463" VPOS="2547" WIDTH="221" HEIGHT="38" CONTENT="moyenne" WC="0.99" CC="0000009"/>
						<SP ID="P34_SP00207" HPOS="684" VPOS="2585" WIDTH="44"/>
						<String ID="P34_ST00243" HPOS="728" VPOS="2532" WIDTH="189" HEIGHT="42" CONTENT="hauteur" WC="0.99" CC="4050007"/>
						<SP ID="P34_SP00208" HPOS="917" VPOS="2585" WIDTH="43"/>
						<String ID="P34_ST00244" HPOS="960" VPOS="2540" WIDTH="293" HEIGHT="43" CONTENT="provoquant" WC="0.99" CC="0900500095"/>
						<SP ID="P34_SP00209" HPOS="1253" VPOS="2585" WIDTH="45"/>
						<String ID="P34_ST00245" HPOS="1298" VPOS="2529" WIDTH="38" HEIGHT="41" CONTENT="la" WC="0.22" CC="59"/>
						<SP ID="P34_SP00210" HPOS="1336" VPOS="2585" WIDTH="45"/>
						<String ID="P34_ST00246" HPOS="1381" VPOS="2526" WIDTH="253" HEIGHT="43" CONTENT="formation" WC="0.98" CC="406090369"/>
					</TextLine>
					<TextLine ID="P34_TL00037" HPOS="464" VPOS="2588" WIDTH="1171" HEIGHT="49">
						<String ID="P34_ST00247" HPOS="464" VPOS="2594" WIDTH="70" HEIGHT="41" CONTENT="des" WC="0.96" CC="640"/>
						<SP ID="P34_SP00211" HPOS="534" VPOS="2635" WIDTH="26"/>
						<String ID="P34_ST00248" HPOS="560" VPOS="2594" WIDTH="210" HEIGHT="42" CONTENT="embruns" WC="0.99" CC="0009004"/>
						<SP ID="P34_SP00212" HPOS="770" VPOS="2636" WIDTH="27"/>
						<String ID="P34_ST00249" HPOS="797" VPOS="2607" WIDTH="40" HEIGHT="30" CONTENT="et" WC="0.91" CC="01"/>
						<SP ID="P34_SP00213" HPOS="837" VPOS="2637" WIDTH="29"/>
						<String ID="P34_ST00250" HPOS="866" VPOS="2593" WIDTH="72" HEIGHT="41" CONTENT="des" WC="0.98" CC="006"/>
						<SP ID="P34_SP00214" HPOS="938" VPOS="2637" WIDTH="25"/>
						<String ID="P34_ST00251" HPOS="963" VPOS="2603" WIDTH="127" HEIGHT="31" CONTENT="vents" WC="0.99" CC="09000"/>
						<SP ID="P34_SP00215" HPOS="1090" VPOS="2637" WIDTH="27"/>
						<String ID="P34_ST00252" HPOS="1117" VPOS="2590" WIDTH="263" HEIGHT="44" CONTENT="dominants" WC="0.99" CC="040060954"/>
						<SP ID="P34_SP00216" HPOS="1380" VPOS="2637" WIDTH="29"/>
						<String ID="P34_ST00253" HPOS="1409" VPOS="2588" WIDTH="226" HEIGHT="44" CONTENT="soufflant" WC="0.99" CC="007343076"/>
					</TextLine>
					<TextLine ID="P34_TL00038" HPOS="463" VPOS="2649" WIDTH="1172" HEIGHT="54">
						<String ID="P34_ST00254" HPOS="463" VPOS="2671" WIDTH="94" HEIGHT="27" CONTENT="vers" WC="0.96" CC="0690"/>
						<SP ID="P34_SP00217" HPOS="557" VPOS="2698" WIDTH="33"/>
						<String ID="P34_ST00255" HPOS="590" VPOS="2656" WIDTH="40" HEIGHT="41" CONTENT="la" WC="0.57" CC="17"/>
						<SP ID="P34_SP00218" HPOS="630" VPOS="2698" WIDTH="35"/>
						<String ID="P34_ST00256" HPOS="665" VPOS="2666" WIDTH="120" HEIGHT="31" CONTENT="terre." WC="0.99" CC="000604"/>
						<SP ID="P34_SP00219" HPOS="785" VPOS="2698" WIDTH="37"/>
						<String ID="P34_ST00257" HPOS="822" VPOS="2655" WIDTH="82" HEIGHT="41" CONTENT="Sur" WC="1.00" CC="000"/>
						<SP ID="P34_SP00220" HPOS="904" VPOS="2698" WIDTH="34"/>
						<String ID="P34_ST00258" HPOS="938" VPOS="2655" WIDTH="55" HEIGHT="43" CONTENT="les" WC="0.97" CC="106"/>
						<SP ID="P34_SP00221" HPOS="993" VPOS="2698" WIDTH="35"/>
						<String ID="P34_ST00259" HPOS="1028" VPOS="2653" WIDTH="115" HEIGHT="42" CONTENT="côtes" WC="0.97" CC="56060"/>
						<SP ID="P34_SP00222" HPOS="1143" VPOS="2698" WIDTH="33"/>
						<String ID="P34_ST00260" HPOS="1176" VPOS="2652" WIDTH="215" HEIGHT="42" CONTENT="sableuses" WC="0.99" CC="092009500"/>
						<SP ID="P34_SP00223" HPOS="1391" VPOS="2698" WIDTH="32"/>
						<String ID="P34_ST00261" HPOS="1423" VPOS="2649" WIDTH="212" HEIGHT="54" CONTENT="(Landes)" WC="0.98" CC="30980767"/>
					</TextLine>
					<TextLine ID="P34_TL00039" HPOS="464" VPOS="2712" WIDTH="1171" HEIGHT="47">
						<String ID="P34_ST00262" HPOS="464" VPOS="2733" WIDTH="58" HEIGHT="26" CONTENT="ou" WC="0.23" CC="78"/>
						<SP ID="P34_SP00224" HPOS="522" VPOS="2759" WIDTH="36"/>
						<String ID="P34_ST00263" HPOS="558" VPOS="2718" WIDTH="20" HEIGHT="41" CONTENT="à" WC="0.33" CC="6"/>
						<SP ID="P34_SP00225" HPOS="578" VPOS="2759" WIDTH="37"/>
						<String ID="P34_ST00264" HPOS="615" VPOS="2728" WIDTH="126" HEIGHT="30" CONTENT="vents" WC="1.00" CC="00003"/>
						<SP ID="P34_SP00226" HPOS="741" VPOS="2759" WIDTH="37"/>
						<String ID="P34_ST00265" HPOS="778" VPOS="2716" WIDTH="263" HEIGHT="41" CONTENT="dominants" WC="0.99" CC="000460061"/>
						<SP ID="P34_SP00227" HPOS="1041" VPOS="2759" WIDTH="35"/>
						<String ID="P34_ST00266" HPOS="1076" VPOS="2714" WIDTH="227" HEIGHT="42" CONTENT="soufflant" WC="0.99" CC="220233000"/>
						<SP ID="P34_SP00228" HPOS="1303" VPOS="2759" WIDTH="36"/>
						<String ID="P34_ST00267" HPOS="1339" VPOS="2728" WIDTH="94" HEIGHT="28" CONTENT="vers" WC="0.98" CC="0063"/>
						<SP ID="P34_SP00229" HPOS="1433" VPOS="2759" WIDTH="38"/>
						<String ID="P34_ST00268" HPOS="1471" VPOS="2712" WIDTH="39" HEIGHT="42" CONTENT="la" WC="1.00" CC="00"/>
						<SP ID="P34_SP00230" HPOS="1510" VPOS="2759" WIDTH="36"/>
						<String ID="P34_ST00269" HPOS="1546" VPOS="2726" WIDTH="89" HEIGHT="28" CONTENT="mer" WC="1.00" CC="000"/>
					</TextLine>
					<TextLine ID="P34_TL00040" HPOS="463" VPOS="2773" WIDTH="1173" HEIGHT="56">
						<String ID="P34_ST00270" HPOS="463" VPOS="2780" WIDTH="190" HEIGHT="47" CONTENT="(littoral" WC="0.99" CC="055060002"/>
						<SP ID="P34_SP00231" HPOS="653" VPOS="2827" WIDTH="36"/>
						<String ID="P34_ST00271" HPOS="689" VPOS="2776" WIDTH="345" HEIGHT="44" CONTENT="méditerranéen" WC="0.99" CC="0806000004897"/>
						<SP ID="P34_SP00232" HPOS="1034" VPOS="2827" WIDTH="19"/>
						<String ID="P34_ST00272" HPOS="1053" VPOS="2775" WIDTH="30" HEIGHT="54" CONTENT=")," WC="0.56" CC="44"/>
						<SP ID="P34_SP00233" HPOS="1083" VPOS="2829" WIDTH="39"/>
						<String ID="P34_ST00273" HPOS="1122" VPOS="2776" WIDTH="38" HEIGHT="42" CONTENT="la" WC="0.78" CC="40"/>
						<SP ID="P34_SP00234" HPOS="1160" VPOS="2829" WIDTH="35"/>
						<String ID="P34_ST00274" HPOS="1195" VPOS="2774" WIDTH="229" HEIGHT="42" CONTENT="corrosion" WC="0.98" CC="607592556"/>
						<SP ID="P34_SP00235" HPOS="1424" VPOS="2829" WIDTH="34"/>
						<String ID="P34_ST00275" HPOS="1458" VPOS="2786" WIDTH="62" HEIGHT="31" CONTENT="est" WC="0.94" CC="626"/>
						<SP ID="P34_SP00236" HPOS="1520" VPOS="2829" WIDTH="32"/>
						<String ID="P34_ST00276" HPOS="1552" VPOS="2773" WIDTH="84" HEIGHT="40" CONTENT="très" WC="0.96" CC="0990"/>
					</TextLine>
					<TextLine ID="P34_TL00041" HPOS="463" VPOS="2841" WIDTH="149" HEIGHT="43">
						<String ID="P34_ST00277" HPOS="463" VPOS="2841" WIDTH="149" HEIGHT="43" CONTENT="faible." WC="0.99" CC="5001004"/>
					</TextLine>
					<TextLine ID="P34_TL00042" HPOS="531" VPOS="2898" WIDTH="1103" HEIGHT="57">
						<String ID="P34_ST00278" HPOS="531" VPOS="2903" WIDTH="58" HEIGHT="41" CONTENT="Le" WC="1.00" CC="00"/>
						<SP ID="P34_SP00237" HPOS="589" VPOS="2944" WIDTH="27"/>
						<String ID="P34_ST00279" HPOS="616" VPOS="2902" WIDTH="225" HEIGHT="53" CONTENT="voisinage" WC="0.99" CC="000756000"/>
						<SP ID="P34_SP00238" HPOS="841" VPOS="2955" WIDTH="26"/>
						<String ID="P34_ST00280" HPOS="867" VPOS="2900" WIDTH="194" HEIGHT="42" CONTENT="d'usines" WC="1.00" CC="03004000"/>
						<SP ID="P34_SP00239" HPOS="1061" VPOS="2955" WIDTH="24"/>
						<String ID="P34_ST00281" HPOS="1085" VPOS="2899" WIDTH="241" HEIGHT="54" CONTENT="dégageant" WC="0.98" CC="795090076"/>
						<SP ID="P34_SP00240" HPOS="1326" VPOS="2955" WIDTH="26"/>
						<String ID="P34_ST00282" HPOS="1352" VPOS="2898" WIDTH="71" HEIGHT="41" CONTENT="des" WC="0.93" CC="764"/>
						<SP ID="P34_SP00241" HPOS="1423" VPOS="2955" WIDTH="27"/>
						<String ID="P34_ST00283" HPOS="1450" VPOS="2910" WIDTH="184" HEIGHT="39" CONTENT="vapeurs" WC="0.97" CC="0967790"/>
					</TextLine>
					<TextLine ID="P34_TL00043" HPOS="465" VPOS="2962" WIDTH="1170" HEIGHT="51">
						<String ID="P34_ST00284" HPOS="465" VPOS="2965" WIDTH="267" HEIGHT="41" CONTENT="sulfureuses" WC="0.99" CC="68269940004"/>
						<SP ID="P34_SP00242" HPOS="732" VPOS="3006" WIDTH="25"/>
						<String ID="P34_ST00285" HPOS="757" VPOS="2979" WIDTH="57" HEIGHT="25" CONTENT="ou" WC="0.85" CC="20"/>
						<SP ID="P34_SP00243" HPOS="814" VPOS="3006" WIDTH="25"/>
						<String ID="P34_ST00286" HPOS="839" VPOS="2962" WIDTH="342" HEIGHT="43" CONTENT="ammoniacales" WC="0.99" CC="900066969503"/>
						<SP ID="P34_SP00244" HPOS="1181" VPOS="3006" WIDTH="25"/>
						<String ID="P34_ST00287" HPOS="1206" VPOS="2976" WIDTH="50" HEIGHT="26" CONTENT="ne" WC="0.73" CC="05"/>
						<SP ID="P34_SP00245" HPOS="1256" VPOS="3006" WIDTH="23"/>
						<String ID="P34_ST00288" HPOS="1279" VPOS="2978" WIDTH="15" HEIGHT="26" CONTENT="s" WC="1.00" CC="0"/>
						<SP ID="P34_SP00246" HPOS="1294" VPOS="3006" WIDTH="23"/>
						<String ID="P34_ST00289" HPOS="1317" VPOS="2973" WIDTH="60" HEIGHT="31" CONTENT="est" WC="0.97" CC="007"/>
						<SP ID="P34_SP00247" HPOS="1377" VPOS="3006" WIDTH="28"/>
						<String ID="P34_ST00290" HPOS="1405" VPOS="2975" WIDTH="75" HEIGHT="38" CONTENT="pas" WC="0.98" CC="004"/>
						<SP ID="P34_SP00248" HPOS="1480" VPOS="3013" WIDTH="25"/>
						<String ID="P34_ST00291" HPOS="1505" VPOS="2972" WIDTH="98" HEIGHT="29" CONTENT="mon" SUBS_TYPE="HypPart1" SUBS_CONTENT="montré" WC="0.96" CC="077"/>
						<HYP HPOS="1603" VPOS="2972" WIDTH="32" CONTENT="-"/>
					</TextLine>
					<TextLine ID="P34_TL00044" HPOS="466" VPOS="3019" WIDTH="1170" HEIGHT="60">
						<String ID="P34_ST00292" HPOS="466" VPOS="3027" WIDTH="61" HEIGHT="42" CONTENT="tré" SUBS_TYPE="HypPart2" SUBS_CONTENT="montré" WC="0.97" CC="007"/>
						<SP ID="P34_SP00249" HPOS="527" VPOS="3069" WIDTH="28"/>
						<String ID="P34_ST00293" HPOS="555" VPOS="3025" WIDTH="317" HEIGHT="54" CONTENT="préjudiciable" WC="1.00" CC="3070006500020"/>
						<SP ID="P34_SP00250" HPOS="872" VPOS="3079" WIDTH="29"/>
						<String ID="P34_ST00294" HPOS="901" VPOS="3025" WIDTH="21" HEIGHT="41" CONTENT="à" WC="0.20" CC="7"/>
						<SP ID="P34_SP00251" HPOS="922" VPOS="3079" WIDTH="32"/>
						<String ID="P34_ST00295" HPOS="954" VPOS="3027" WIDTH="39" HEIGHT="40" CONTENT="la" WC="1.00" CC="00"/>
						<SP ID="P34_SP00252" HPOS="993" VPOS="3079" WIDTH="31"/>
						<String ID="P34_ST00296" HPOS="1024" VPOS="3024" WIDTH="147" HEIGHT="41" CONTENT="bonne" WC="0.98" CC="00096"/>
						<SP ID="P34_SP00253" HPOS="1171" VPOS="3079" WIDTH="30"/>
						<String ID="P34_ST00297" HPOS="1201" VPOS="3034" WIDTH="128" HEIGHT="31" CONTENT="tenue" WC="0.99" CC="00090"/>
						<SP ID="P34_SP00254" HPOS="1329" VPOS="3079" WIDTH="30"/>
						<String ID="P34_ST00298" HPOS="1359" VPOS="3022" WIDTH="50" HEIGHT="41" CONTENT="de" WC="0.56" CC="80"/>
						<SP ID="P34_SP00255" HPOS="1409" VPOS="3079" WIDTH="34"/>
						<String ID="P34_ST00299" HPOS="1443" VPOS="3019" WIDTH="169" HEIGHT="44" CONTENT="l'alumi" SUBS_TYPE="HypPart1" SUBS_CONTENT="l'aluminium." WC="0.98" CC="7401803"/>
						<HYP HPOS="1612" VPOS="3019" WIDTH="24" CONTENT="-"/>
					</TextLine>
					<TextLine ID="P34_TL00045" HPOS="466" VPOS="3088" WIDTH="141" HEIGHT="42">
						<String ID="P34_ST00300" HPOS="466" VPOS="3088" WIDTH="141" HEIGHT="42" CONTENT="nium." SUBS_TYPE="HypPart2" SUBS_CONTENT="l'aluminium." WC="0.97" CC="86600"/>
					</TextLine>
					<TextLine ID="P34_TL00046" HPOS="466" VPOS="3191" WIDTH="1169" HEIGHT="49">
						<String ID="P34_ST00301" HPOS="466" VPOS="3199" WIDTH="48" HEIGHT="40" CONTENT="B," WC="0.26" CC="76"/>
						<SP ID="P34_SP00256" HPOS="514" VPOS="3239" WIDTH="59"/>
						<String ID="P34_ST00302" HPOS="573" VPOS="3196" WIDTH="370" HEIGHT="44" CONTENT="CORROSION" WC="0.99" CC="200600500"/>
						<SP ID="P34_SP00257" HPOS="943" VPOS="3240" WIDTH="56"/>
						<String ID="P34_ST00303" HPOS="999" VPOS="3196" WIDTH="125" HEIGHT="42" CONTENT="PAR" WC="1.00" CC="000"/>
						<SP ID="P34_SP00258" HPOS="1124" VPOS="3240" WIDTH="58"/>
						<String ID="P34_ST00304" HPOS="1182" VPOS="3193" WIDTH="75" HEIGHT="43" CONTENT="LE" WC="1.00" CC="00"/>
						<SP ID="P34_SP00259" HPOS="1257" VPOS="3240" WIDTH="55"/>
						<String ID="P34_ST00305" HPOS="1312" VPOS="3191" WIDTH="323" HEIGHT="45" CONTENT="CONTACT" WC="1.00" CC="0000030"/>
					</TextLine>
					<TextLine ID="P34_TL00047" HPOS="465" VPOS="3258" WIDTH="362" HEIGHT="44">
						<String ID="P34_ST00306" HPOS="465" VPOS="3260" WIDTH="116" HEIGHT="42" CONTENT="DES" WC="0.98" CC="040"/>
						<SP ID="P34_SP00260" HPOS="581" VPOS="3302" WIDTH="28"/>
						<String ID="P34_ST00307" HPOS="609" VPOS="3258" WIDTH="218" HEIGHT="42" CONTENT="MAINS." WC="0.99" CC="002004"/>
					</TextLine>
					<TextLine ID="P34_TL00048" HPOS="535" VPOS="3351" WIDTH="1103" HEIGHT="48">
						<String ID="P34_ST00308" HPOS="535" VPOS="3356" WIDTH="33" HEIGHT="43" CONTENT="L" WC="1.00" CC="0"/>
						<SP ID="P34_SP00261" HPOS="568" VPOS="3399" WIDTH="25"/>
						<String ID="P34_ST00309" HPOS="593" VPOS="3356" WIDTH="146" HEIGHT="43" CONTENT="action" WC="0.98" CC="064206"/>
						<SP ID="P34_SP00262" HPOS="739" VPOS="3399" WIDTH="33"/>
						<String ID="P34_ST00310" HPOS="772" VPOS="3356" WIDTH="59" HEIGHT="41" CONTENT="du" WC="0.68" CC="06"/>
						<SP ID="P34_SP00263" HPOS="831" VPOS="3399" WIDTH="30"/>
						<String ID="P34_ST00311" HPOS="861" VPOS="3366" WIDTH="176" HEIGHT="31" CONTENT="contact" WC="0.98" CC="6036050"/>
						<SP ID="P34_SP00264" HPOS="1037" VPOS="3399" WIDTH="31"/>
						<String ID="P34_ST00312" HPOS="1068" VPOS="3354" WIDTH="70" HEIGHT="42" CONTENT="des" WC="0.96" CC="065"/>
						<SP ID="P34_SP00265" HPOS="1138" VPOS="3399" WIDTH="31"/>
						<String ID="P34_ST00313" HPOS="1169" VPOS="3353" WIDTH="144" HEIGHT="43" CONTENT="mains" WC="0.99" CC="00600"/>
						<SP ID="P34_SP00266" HPOS="1313" VPOS="3399" WIDTH="32"/>
						<String ID="P34_ST00314" HPOS="1345" VPOS="3366" WIDTH="60" HEIGHT="31" CONTENT="est" WC="0.98" CC="012"/>
						<SP ID="P34_SP00267" HPOS="1405" VPOS="3399" WIDTH="32"/>
						<String ID="P34_ST00315" HPOS="1437" VPOS="3351" WIDTH="83" HEIGHT="43" CONTENT="due" WC="0.97" CC="060"/>
						<SP ID="P34_SP00268" HPOS="1520" VPOS="3399" WIDTH="30"/>
						<String ID="P34_ST00316" HPOS="1550" VPOS="3366" WIDTH="88" HEIGHT="26" CONTENT="aux" WC="0.93" CC="855"/>
					</TextLine>
					<TextLine ID="P34_TL00049" HPOS="466" VPOS="3412" WIDTH="1169" HEIGHT="61">
						<String ID="P34_ST00317" HPOS="466" VPOS="3420" WIDTH="80" HEIGHT="41" CONTENT="sels" WC="0.98" CC="6004"/>
						<SP ID="P34_SP00269" HPOS="546" VPOS="3461" WIDTH="43"/>
						<String ID="P34_ST00318" HPOS="589" VPOS="3434" WIDTH="83" HEIGHT="39" CONTENT="que" WC="0.99" CC="003"/>
						<SP ID="P34_SP00270" HPOS="672" VPOS="3473" WIDTH="42"/>
						<String ID="P34_ST00319" HPOS="714" VPOS="3417" WIDTH="291" HEIGHT="43" CONTENT="contiennent" WC="1.00" CC="14500000050"/>
						<SP ID="P34_SP00271" HPOS="1005" VPOS="3473" WIDTH="45"/>
						<String ID="P34_ST00320" HPOS="1050" VPOS="3417" WIDTH="55" HEIGHT="41" CONTENT="les" WC="0.95" CC="805"/>
						<SP ID="P34_SP00272" HPOS="1105" VPOS="3473" WIDTH="41"/>
						<String ID="P34_ST00321" HPOS="1146" VPOS="3415" WIDTH="232" HEIGHT="42" CONTENT="sécrétions" WC="0.99" CC="4830700060"/>
						<SP ID="P34_SP00273" HPOS="1378" VPOS="3473" WIDTH="43"/>
						<String ID="P34_ST00322" HPOS="1421" VPOS="3412" WIDTH="214" HEIGHT="43" CONTENT="cutanées." WC="0.99" CC="505088030"/>
					</TextLine>
					<TextLine ID="P34_TL00050" HPOS="467" VPOS="3476" WIDTH="1172" HEIGHT="47">
						<String ID="P34_ST00323" HPOS="467" VPOS="3481" WIDTH="203" HEIGHT="42" CONTENT="Celles-ci" WC="0.99" CC="100061470"/>
						<SP ID="P34_SP00274" HPOS="670" VPOS="3523" WIDTH="33"/>
						<String ID="P34_ST00324" HPOS="703" VPOS="3491" WIDTH="103" HEIGHT="30" CONTENT="sont" WC="0.99" CC="0204"/>
						<SP ID="P34_SP00275" HPOS="806" VPOS="3523" WIDTH="31"/>
						<String ID="P34_ST00325" HPOS="837" VPOS="3479" WIDTH="50" HEIGHT="40" CONTENT="de" WC="1.00" CC="00"/>
						<SP ID="P34_SP00276" HPOS="887" VPOS="3523" WIDTH="31"/>
						<String ID="P34_ST00326" HPOS="918" VPOS="3478" WIDTH="115" HEIGHT="41" CONTENT="deux" WC="1.00" CC="0000"/>
						<SP ID="P34_SP00277" HPOS="1033" VPOS="3523" WIDTH="34"/>
						<String ID="P34_ST00327" HPOS="1067" VPOS="3488" WIDTH="155" HEIGHT="30" CONTENT="sortes:" WC="0.99" CC="2803033"/>
						<SP ID="P34_SP00278" HPOS="1222" VPOS="3523" WIDTH="34"/>
						<String ID="P34_ST00328" HPOS="1256" VPOS="3477" WIDTH="40" HEIGHT="41" CONTENT="la" WC="0.73" CC="50"/>
						<SP ID="P34_SP00279" HPOS="1296" VPOS="3523" WIDTH="30"/>
						<String ID="P34_ST00329" HPOS="1326" VPOS="3476" WIDTH="210" HEIGHT="41" CONTENT="sécrétion" WC="0.98" CC="077080097"/>
						<SP ID="P34_SP00280" HPOS="1536" VPOS="3523" WIDTH="31"/>
						<String ID="P34_ST00330" HPOS="1567" VPOS="3489" WIDTH="48" HEIGHT="27" CONTENT="su" SUBS_TYPE="HypPart1" SUBS_CONTENT="sudorale" WC="0.96" CC="07"/>
						<HYP HPOS="1615" VPOS="3489" WIDTH="24" CONTENT="-"/>
					</TextLine>
					<TextLine ID="P34_TL00051" HPOS="468" VPOS="3537" WIDTH="1171" HEIGHT="48">
						<String ID="P34_ST00331" HPOS="468" VPOS="3543" WIDTH="150" HEIGHT="42" CONTENT="dorale" SUBS_TYPE="HypPart2" SUBS_CONTENT="sudorale" WC="1.00" CC="000000"/>
						<SP ID="P34_SP00281" HPOS="618" VPOS="3585" WIDTH="40"/>
						<String ID="P34_ST00332" HPOS="658" VPOS="3554" WIDTH="39" HEIGHT="30" CONTENT="et" WC="1.00" CC="00"/>
						<SP ID="P34_SP00282" HPOS="697" VPOS="3585" WIDTH="40"/>
						<String ID="P34_ST00333" HPOS="737" VPOS="3542" WIDTH="38" HEIGHT="42" CONTENT="la" WC="0.81" CC="30"/>
						<SP ID="P34_SP00283" HPOS="775" VPOS="3585" WIDTH="43"/>
						<String ID="P34_ST00334" HPOS="818" VPOS="3540" WIDTH="208" HEIGHT="42" CONTENT="sécrétion" WC="0.99" CC="580070000"/>
						<SP ID="P34_SP00284" HPOS="1026" VPOS="3585" WIDTH="43"/>
						<String ID="P34_ST00335" HPOS="1069" VPOS="3538" WIDTH="187" HEIGHT="46" CONTENT="sébacée;" WC="0.98" CC="87006800"/>
						<SP ID="P34_SP00285" HPOS="1256" VPOS="3585" WIDTH="42"/>
						<String ID="P34_ST00336" HPOS="1298" VPOS="3538" WIDTH="159" HEIGHT="41" CONTENT="celle-ci" WC="0.98" CC="30335456"/>
						<SP ID="P34_SP00286" HPOS="1457" VPOS="3585" WIDTH="43"/>
						<String ID="P34_ST00337" HPOS="1500" VPOS="3548" WIDTH="61" HEIGHT="30" CONTENT="est" WC="0.97" CC="053"/>
						<SP ID="P34_SP00287" HPOS="1561" VPOS="3585" WIDTH="38"/>
						<String ID="P34_ST00338" HPOS="1599" VPOS="3537" WIDTH="40" HEIGHT="41" CONTENT="la" WC="0.15" CC="69"/>
					</TextLine>
					<TextLine ID="P34_TL00052" HPOS="468" VPOS="3601" WIDTH="1172" HEIGHT="58">
						<String ID="P34_ST00339" HPOS="468" VPOS="3606" WIDTH="101" HEIGHT="53" CONTENT="plus" WC="0.97" CC="0434"/>
						<SP ID="P34_SP00288" HPOS="569" VPOS="3659" WIDTH="24"/>
						<String ID="P34_ST00340" HPOS="593" VPOS="3604" WIDTH="136" HEIGHT="42" CONTENT="faible" WC="1.00" CC="400000"/>
						<SP ID="P34_SP00289" HPOS="729" VPOS="3659" WIDTH="24"/>
						<String ID="P34_ST00341" HPOS="753" VPOS="3618" WIDTH="114" HEIGHT="39" CONTENT="pour" WC="0.98" CC="0007"/>
						<SP ID="P34_SP00290" HPOS="867" VPOS="3659" WIDTH="26"/>
						<String ID="P34_ST00342" HPOS="893" VPOS="3604" WIDTH="56" HEIGHT="41" CONTENT="les" WC="1.00" CC="000"/>
						<SP ID="P34_SP00291" HPOS="949" VPOS="3659" WIDTH="25"/>
						<String ID="P34_ST00343" HPOS="974" VPOS="3602" WIDTH="142" HEIGHT="41" CONTENT="mains" WC="1.00" CC="00003"/>
						<SP ID="P34_SP00292" HPOS="1116" VPOS="3659" WIDTH="27"/>
						<String ID="P34_ST00344" HPOS="1143" VPOS="3612" WIDTH="39" HEIGHT="31" CONTENT="et" WC="1.00" CC="00"/>
						<SP ID="P34_SP00293" HPOS="1182" VPOS="3659" WIDTH="25"/>
						<String ID="P34_ST00345" HPOS="1207" VPOS="3601" WIDTH="57" HEIGHT="42" CONTENT="les" WC="0.97" CC="602"/>
						<SP ID="P34_SP00294" HPOS="1264" VPOS="3659" WIDTH="23"/>
						<String ID="P34_ST00346" HPOS="1287" VPOS="3615" WIDTH="127" HEIGHT="37" CONTENT="corps" WC="0.99" CC="40600"/>
						<SP ID="P34_SP00295" HPOS="1414" VPOS="3659" WIDTH="24"/>
						<String ID="P34_ST00347" HPOS="1438" VPOS="3615" WIDTH="96" HEIGHT="38" CONTENT="gras" WC="1.00" CC="0000"/>
						<SP ID="P34_SP00296" HPOS="1534" VPOS="3659" WIDTH="22"/>
						<String ID="P34_ST00348" HPOS="1556" VPOS="3610" WIDTH="84" HEIGHT="31" CONTENT="ont" WC="0.97" CC="800"/>
					</TextLine>
					<TextLine ID="P34_TL00053" HPOS="468" VPOS="3661" WIDTH="1172" HEIGHT="58">
						<String ID="P34_ST00349" HPOS="468" VPOS="3667" WIDTH="153" HEIGHT="52" CONTENT="plutôt" WC="0.99" CC="006060"/>
						<SP ID="P34_SP00297" HPOS="621" VPOS="3719" WIDTH="38"/>
						<String ID="P34_ST00350" HPOS="659" VPOS="3681" WIDTH="84" HEIGHT="27" CONTENT="une" WC="0.93" CC="475"/>
						<SP ID="P34_SP00298" HPOS="743" VPOS="3719" WIDTH="36"/>
						<String ID="P34_ST00351" HPOS="779" VPOS="3665" WIDTH="147" HEIGHT="42" CONTENT="action" WC="0.98" CC="045347"/>
						<SP ID="P34_SP00299" HPOS="926" VPOS="3719" WIDTH="40"/>
						<String ID="P34_ST00352" HPOS="966" VPOS="3662" WIDTH="274" HEIGHT="55" CONTENT="protectrice;" WC="0.99" CC="060014573600"/>
						<SP ID="P34_SP00300" HPOS="1240" VPOS="3719" WIDTH="40"/>
						<String ID="P34_ST00353" HPOS="1280" VPOS="3676" WIDTH="61" HEIGHT="26" CONTENT="on" WC="1.00" CC="00"/>
						<SP ID="P34_SP00301" HPOS="1341" VPOS="3719" WIDTH="40"/>
						<String ID="P34_ST00354" HPOS="1381" VPOS="3674" WIDTH="106" HEIGHT="40" CONTENT="peut" WC="0.98" CC="0451"/>
						<SP ID="P34_SP00302" HPOS="1487" VPOS="3719" WIDTH="39"/>
						<String ID="P34_ST00355" HPOS="1526" VPOS="3661" WIDTH="114" HEIGHT="41" CONTENT="donc" WC="0.98" CC="0090"/>
					</TextLine>
				</TextBlock>
				<TextBlock ID="P34_TB00004" HPOS="1772" VPOS="488" WIDTH="1189" HEIGHT="3220" STYLEREFS="TXT_2 PAR_LEFT">
					<TextLine ID="P34_TL00054" HPOS="1773" VPOS="489" WIDTH="1172" HEIGHT="59">
						<String ID="P34_ST00356" HPOS="1773" VPOS="494" WIDTH="245" HEIGHT="42" CONTENT="considérer" WC="0.98" CC="7786664747"/>
						<SP ID="P34_SP00303" HPOS="2018" VPOS="536" WIDTH="34"/>
						<String ID="P34_ST00357" HPOS="2052" VPOS="509" WIDTH="84" HEIGHT="39" CONTENT="que" WC="0.96" CC="045"/>
						<SP ID="P34_SP00304" HPOS="2136" VPOS="548" WIDTH="35"/>
						<String ID="P34_ST00358" HPOS="2171" VPOS="492" WIDTH="113" HEIGHT="44" CONTENT="seule" WC="0.98" CC="05227"/>
						<SP ID="P34_SP00305" HPOS="2284" VPOS="548" WIDTH="37"/>
						<String ID="P34_ST00359" HPOS="2321" VPOS="494" WIDTH="38" HEIGHT="42" CONTENT="la" WC="0.34" CC="66"/>
						<SP ID="P34_SP00306" HPOS="2359" VPOS="548" WIDTH="36"/>
						<String ID="P34_ST00360" HPOS="2395" VPOS="506" WIDTH="128" HEIGHT="28" CONTENT="sueur" WC="0.96" CC="62547"/>
						<SP ID="P34_SP00307" HPOS="2523" VPOS="548" WIDTH="36"/>
						<String ID="P34_ST00361" HPOS="2559" VPOS="507" WIDTH="22" HEIGHT="27" CONTENT="a" WC="0.64" CC="3"/>
						<SP ID="P34_SP00308" HPOS="2581" VPOS="548" WIDTH="37"/>
						<String ID="P34_ST00362" HPOS="2618" VPOS="506" WIDTH="57" HEIGHT="28" CONTENT="un" WC="0.57" CC="08"/>
						<SP ID="P34_SP00309" HPOS="2675" VPOS="548" WIDTH="39"/>
						<String ID="P34_ST00363" HPOS="2714" VPOS="490" WIDTH="89" HEIGHT="43" CONTENT="rôle" WC="0.97" CC="7008"/>
						<SP ID="P34_SP00310" HPOS="2803" VPOS="548" WIDTH="35"/>
						<String ID="P34_ST00364" HPOS="2838" VPOS="489" WIDTH="107" HEIGHT="45" CONTENT="actif" WC="0.98" CC="06065"/>
					</TextLine>
					<TextLine ID="P34_TL00055" HPOS="1772" VPOS="556" WIDTH="457" HEIGHT="54">
						<String ID="P34_ST00365" HPOS="1772" VPOS="572" WIDTH="115" HEIGHT="38" CONTENT="pour" WC="0.98" CC="5400"/>
						<SP ID="P34_SP00311" HPOS="1887" VPOS="610" WIDTH="30"/>
						<String ID="P34_ST00366" HPOS="1917" VPOS="557" WIDTH="38" HEIGHT="41" CONTENT="la" WC="0.51" CC="09"/>
						<SP ID="P34_SP00312" HPOS="1955" VPOS="610" WIDTH="30"/>
						<String ID="P34_ST00367" HPOS="1985" VPOS="556" WIDTH="244" HEIGHT="42" CONTENT="corrosion»" WC="0.98" CC="6800716764"/>
					</TextLine>
					<TextLine ID="P34_TL00056" HPOS="1842" VPOS="612" WIDTH="1101" HEIGHT="60">
						<String ID="P34_ST00368" HPOS="1842" VPOS="619" WIDTH="61" HEIGHT="41" CONTENT="Ce" WC="0.43" CC="28"/>
						<SP ID="P34_SP00313" HPOS="1903" VPOS="660" WIDTH="47"/>
						<String ID="P34_ST00369" HPOS="1950" VPOS="617" WIDTH="167" HEIGHT="55" CONTENT="liquide" WC="0.99" CC="0004036"/>
						<SP ID="P34_SP00314" HPOS="2117" VPOS="672" WIDTH="44"/>
						<String ID="P34_ST00370" HPOS="2161" VPOS="633" WIDTH="36" HEIGHT="34" CONTENT="a," WC="0.28" CC="94"/>
						<SP ID="P34_SP00315" HPOS="2197" VPOS="672" WIDTH="49"/>
						<String ID="P34_ST00371" HPOS="2246" VPOS="616" WIDTH="21" HEIGHT="41" CONTENT="à" WC="0.25" CC="7"/>
						<SP ID="P34_SP00316" HPOS="2267" VPOS="672" WIDTH="47"/>
						<String ID="P34_ST00372" HPOS="2314" VPOS="615" WIDTH="258" HEIGHT="46" CONTENT="rémission," WC="0.98" CC="7835460984"/>
						<SP ID="P34_SP00317" HPOS="2572" VPOS="672" WIDTH="49"/>
						<String ID="P34_ST00373" HPOS="2621" VPOS="629" WIDTH="84" HEIGHT="27" CONTENT="une" WC="0.94" CC="097"/>
						<SP ID="P34_SP00318" HPOS="2705" VPOS="672" WIDTH="47"/>
						<String ID="P34_ST00374" HPOS="2752" VPOS="612" WIDTH="191" HEIGHT="44" CONTENT="réaction" WC="0.98" CC="77070464"/>
					</TextLine>
					<TextLine ID="P34_TL00057" HPOS="1775" VPOS="673" WIDTH="1170" HEIGHT="59">
						<String ID="P34_ST00375" HPOS="1775" VPOS="680" WIDTH="129" HEIGHT="43" CONTENT="acide," WC="0.96" CC="826747"/>
						<SP ID="P34_SP00319" HPOS="1904" VPOS="723" WIDTH="31"/>
						<String ID="P34_ST00376" HPOS="1935" VPOS="681" WIDTH="27" HEIGHT="44" CONTENT="il" WC="0.72" CC="05"/>
						<SP ID="P34_SP00320" HPOS="1962" VPOS="725" WIDTH="29"/>
						<String ID="P34_ST00377" HPOS="1991" VPOS="679" WIDTH="200" HEIGHT="42" CONTENT="contient" WC="0.99" CC="06000090"/>
						<SP ID="P34_SP00321" HPOS="2191" VPOS="725" WIDTH="29"/>
						<String ID="P34_ST00378" HPOS="2220" VPOS="694" WIDTH="94" HEIGHT="38" CONTENT="990" WC="0.70" CC="124"/>
						<SP ID="P34_SP00322" HPOS="2314" VPOS="732" WIDTH="28"/>
						<String ID="P34_ST00379" HPOS="2342" VPOS="678" WIDTH="160" HEIGHT="52" CONTENT="parties" WC="0.98" CC="5006825"/>
						<SP ID="P34_SP00323" HPOS="2502" VPOS="732" WIDTH="26"/>
						<String ID="P34_ST00380" HPOS="2528" VPOS="677" WIDTH="140" HEIGHT="47" CONTENT="d'eau," WC="0.98" CC="540058"/>
						<SP ID="P34_SP00324" HPOS="2668" VPOS="732" WIDTH="30"/>
						<String ID="P34_ST00381" HPOS="2698" VPOS="691" WIDTH="83" HEIGHT="27" CONTENT="une" WC="0.95" CC="903"/>
						<SP ID="P34_SP00325" HPOS="2781" VPOS="732" WIDTH="25"/>
						<String ID="P34_ST00382" HPOS="2806" VPOS="673" WIDTH="139" HEIGHT="56" CONTENT="partie" WC="0.96" CC="697646"/>
					</TextLine>
					<TextLine ID="P34_TL00058" HPOS="1774" VPOS="737" WIDTH="1169" HEIGHT="58">
						<String ID="P34_ST00383" HPOS="1774" VPOS="743" WIDTH="158" HEIGHT="43" CONTENT="d'urée," WC="0.97" CC="2486857"/>
						<SP ID="P34_SP00326" HPOS="1932" VPOS="786" WIDTH="27"/>
						<String ID="P34_ST00384" HPOS="1959" VPOS="758" WIDTH="26" HEIGHT="37" CONTENT="4" WC="0.57" CC="4"/>
						<SP ID="P34_SP00327" HPOS="1985" VPOS="795" WIDTH="24"/>
						<String ID="P34_ST00385" HPOS="2009" VPOS="742" WIDTH="49" HEIGHT="41" CONTENT="de" WC="1.00" CC="00"/>
						<SP ID="P34_SP00328" HPOS="2058" VPOS="795" WIDTH="22"/>
						<String ID="P34_ST00386" HPOS="2080" VPOS="741" WIDTH="78" HEIGHT="42" CONTENT="sels" WC="0.99" CC="0040"/>
						<SP ID="P34_SP00329" HPOS="2158" VPOS="795" WIDTH="24"/>
						<String ID="P34_ST00387" HPOS="2182" VPOS="739" WIDTH="248" HEIGHT="47" CONTENT="minéraux," WC="0.98" CC="406979008"/>
						<SP ID="P34_SP00330" HPOS="2430" VPOS="795" WIDTH="27"/>
						<String ID="P34_ST00388" HPOS="2457" VPOS="739" WIDTH="100" HEIGHT="53" CONTENT="puis" WC="0.98" CC="5031"/>
						<SP ID="P34_SP00331" HPOS="2557" VPOS="795" WIDTH="22"/>
						<String ID="P34_ST00389" HPOS="2579" VPOS="739" WIDTH="71" HEIGHT="41" CONTENT="des" WC="0.98" CC="004"/>
						<SP ID="P34_SP00332" HPOS="2650" VPOS="795" WIDTH="22"/>
						<String ID="P34_ST00390" HPOS="2672" VPOS="737" WIDTH="138" HEIGHT="42" CONTENT="acides" WC="0.99" CC="050050"/>
						<SP ID="P34_SP00333" HPOS="2810" VPOS="795" WIDTH="22"/>
						<String ID="P34_ST00391" HPOS="2832" VPOS="751" WIDTH="111" HEIGHT="39" CONTENT="gras," WC="0.96" CC="40946"/>
					</TextLine>
					<TextLine ID="P34_TL00059" HPOS="1776" VPOS="798" WIDTH="1170" HEIGHT="60">
						<String ID="P34_ST00392" HPOS="1776" VPOS="805" WIDTH="202" HEIGHT="53" CONTENT="lactique," WC="0.99" CC="570280004"/>
						<SP ID="P34_SP00334" HPOS="1978" VPOS="858" WIDTH="27"/>
						<String ID="P34_ST00393" HPOS="2005" VPOS="803" WIDTH="206" HEIGHT="54" CONTENT="acétique," WC="0.99" CC="800000504"/>
						<SP ID="P34_SP00335" HPOS="2211" VPOS="858" WIDTH="29"/>
						<String ID="P34_ST00394" HPOS="2240" VPOS="802" WIDTH="255" HEIGHT="54" CONTENT="burytique," WC="0.74" CC="0003070904"/>
						<SP ID="P34_SP00336" HPOS="2495" VPOS="858" WIDTH="30"/>
						<String ID="P34_ST00395" HPOS="2525" VPOS="812" WIDTH="93" HEIGHT="38" CONTENT="etc.," WC="0.98" CC="00084"/>
						<SP ID="P34_SP00337" HPOS="2618" VPOS="858" WIDTH="30"/>
						<String ID="P34_ST00396" HPOS="2648" VPOS="812" WIDTH="40" HEIGHT="31" CONTENT="et" WC="0.65" CC="60"/>
						<SP ID="P34_SP00338" HPOS="2688" VPOS="858" WIDTH="26"/>
						<String ID="P34_ST00397" HPOS="2714" VPOS="800" WIDTH="71" HEIGHT="41" CONTENT="des" WC="1.00" CC="000"/>
						<SP ID="P34_SP00339" HPOS="2785" VPOS="858" WIDTH="25"/>
						<String ID="P34_ST00398" HPOS="2810" VPOS="798" WIDTH="114" HEIGHT="54" CONTENT="grais" SUBS_TYPE="HypPart1" SUBS_CONTENT="graisses" WC="0.98" CC="50760"/>
						<HYP HPOS="2924" VPOS="798" WIDTH="22" CONTENT="-"/>
					</TextLine>
					<TextLine ID="P34_TL00060" HPOS="1775" VPOS="859" WIDTH="1172" HEIGHT="52">
						<String ID="P34_ST00399" HPOS="1775" VPOS="882" WIDTH="60" HEIGHT="27" CONTENT="ses" SUBS_TYPE="HypPart2" SUBS_CONTENT="graisses" WC="0.94" CC="265"/>
						<SP ID="P34_SP00340" HPOS="1835" VPOS="909" WIDTH="32"/>
						<String ID="P34_ST00400" HPOS="1867" VPOS="877" WIDTH="184" HEIGHT="34" CONTENT="neutres." WC="0.99" CC="80007007"/>
						<SP ID="P34_SP00341" HPOS="2051" VPOS="911" WIDTH="33"/>
						<String ID="P34_ST00401" HPOS="2084" VPOS="864" WIDTH="61" HEIGHT="42" CONTENT="Ce" WC="0.89" CC="01"/>
						<SP ID="P34_SP00342" HPOS="2145" VPOS="911" WIDTH="29"/>
						<String ID="P34_ST00402" HPOS="2174" VPOS="877" WIDTH="103" HEIGHT="31" CONTENT="sont" WC="0.98" CC="0900"/>
						<SP ID="P34_SP00343" HPOS="2277" VPOS="911" WIDTH="32"/>
						<String ID="P34_ST00403" HPOS="2309" VPOS="874" WIDTH="178" HEIGHT="31" CONTENT="surtout" WC="0.98" CC="4760407"/>
						<SP ID="P34_SP00344" HPOS="2487" VPOS="911" WIDTH="31"/>
						<String ID="P34_ST00404" HPOS="2518" VPOS="863" WIDTH="57" HEIGHT="43" CONTENT="les" WC="1.00" CC="000"/>
						<SP ID="P34_SP00345" HPOS="2575" VPOS="911" WIDTH="28"/>
						<String ID="P34_ST00405" HPOS="2603" VPOS="861" WIDTH="79" HEIGHT="44" CONTENT="sels" WC="0.97" CC="3053"/>
						<SP ID="P34_SP00346" HPOS="2682" VPOS="911" WIDTH="30"/>
						<String ID="P34_ST00406" HPOS="2712" VPOS="859" WIDTH="235" HEIGHT="44" CONTENT="minéraux" WC="0.99" CC="01077004"/>
					</TextLine>
					<TextLine ID="P34_TL00061" HPOS="1774" VPOS="925" WIDTH="1172" HEIGHT="56">
						<String ID="P34_ST00407" HPOS="1774" VPOS="927" WIDTH="276" HEIGHT="54" CONTENT="(chlorures)" WC="0.99" CC="30606547060"/>
						<SP ID="P34_SP00347" HPOS="2050" VPOS="981" WIDTH="32"/>
						<String ID="P34_ST00408" HPOS="2082" VPOS="926" WIDTH="74" HEIGHT="55" CONTENT="qui" WC="1.00" CC="000"/>
						<SP ID="P34_SP00348" HPOS="2156" VPOS="981" WIDTH="35"/>
						<String ID="P34_ST00409" HPOS="2191" VPOS="925" WIDTH="189" HEIGHT="54" CONTENT="agissent" WC="0.99" CC="90700004"/>
						<SP ID="P34_SP00349" HPOS="2380" VPOS="981" WIDTH="31"/>
						<String ID="P34_ST00410" HPOS="2411" VPOS="939" WIDTH="172" HEIGHT="26" CONTENT="comme" WC="0.97" CC="08437"/>
						<SP ID="P34_SP00350" HPOS="2583" VPOS="981" WIDTH="33"/>
						<String ID="P34_ST00411" HPOS="2616" VPOS="934" WIDTH="150" HEIGHT="43" CONTENT="agents" WC="0.99" CC="070021"/>
						<SP ID="P34_SP00351" HPOS="2766" VPOS="981" WIDTH="31"/>
						<String ID="P34_ST00412" HPOS="2797" VPOS="936" WIDTH="125" HEIGHT="27" CONTENT="corro" SUBS_TYPE="HypPart1" SUBS_CONTENT="corrodants." WC="0.97" CC="57700"/>
						<HYP HPOS="2922" VPOS="936" WIDTH="24" CONTENT="-"/>
					</TextLine>
					<TextLine ID="P34_TL00062" HPOS="1776" VPOS="983" WIDTH="1172" HEIGHT="49">
						<String ID="P34_ST00413" HPOS="1776" VPOS="990" WIDTH="145" HEIGHT="42" CONTENT="dants." SUBS_TYPE="HypPart2" SUBS_CONTENT="corrodants." WC="0.97" CC="299017"/>
						<SP ID="P34_SP00352" HPOS="1921" VPOS="1032" WIDTH="26"/>
						<String ID="P34_ST00414" HPOS="1947" VPOS="989" WIDTH="61" HEIGHT="41" CONTENT="La" WC="1.00" CC="00"/>
						<SP ID="P34_SP00353" HPOS="2008" VPOS="1032" WIDTH="23"/>
						<String ID="P34_ST00415" HPOS="2031" VPOS="988" WIDTH="228" HEIGHT="42" CONTENT="corrosion" WC="0.98" CC="450700648"/>
						<SP ID="P34_SP00354" HPOS="2259" VPOS="1032" WIDTH="25"/>
						<String ID="P34_ST00416" HPOS="2284" VPOS="987" WIDTH="110" HEIGHT="41" CONTENT="dans" WC="0.99" CC="0004"/>
						<SP ID="P34_SP00355" HPOS="2394" VPOS="1032" WIDTH="22"/>
						<String ID="P34_ST00417" HPOS="2416" VPOS="1002" WIDTH="41" HEIGHT="26" CONTENT="ce" WC="0.56" CC="80"/>
						<SP ID="P34_SP00356" HPOS="2457" VPOS="1032" WIDTH="24"/>
						<String ID="P34_ST00418" HPOS="2481" VPOS="1001" WIDTH="67" HEIGHT="27" CONTENT="cas" WC="0.99" CC="002"/>
						<SP ID="P34_SP00357" HPOS="2548" VPOS="1032" WIDTH="26"/>
						<String ID="P34_ST00419" HPOS="2574" VPOS="996" WIDTH="60" HEIGHT="31" CONTENT="est" WC="0.95" CC="950"/>
						<SP ID="P34_SP00358" HPOS="2634" VPOS="1032" WIDTH="23"/>
						<String ID="P34_ST00420" HPOS="2657" VPOS="985" WIDTH="20" HEIGHT="41" CONTENT="à" WC="0.33" CC="6"/>
						<SP ID="P34_SP00359" HPOS="2677" VPOS="1032" WIDTH="25"/>
						<String ID="P34_ST00421" HPOS="2702" VPOS="983" WIDTH="246" HEIGHT="43" CONTENT="considérer" WC="0.98" CC="9901067767"/>
					</TextLine>
					<TextLine ID="P34_TL00063" HPOS="1776" VPOS="1044" WIDTH="1172" HEIGHT="61">
						<String ID="P34_ST00422" HPOS="1776" VPOS="1052" WIDTH="153" HEIGHT="53" CONTENT="plutôt" WC="0.97" CC="716666"/>
						<SP ID="P34_SP00360" HPOS="1929" VPOS="1105" WIDTH="34"/>
						<String ID="P34_ST00423" HPOS="1963" VPOS="1066" WIDTH="52" HEIGHT="27" CONTENT="au" WC="0.18" CC="96"/>
						<SP ID="P34_SP00361" HPOS="2015" VPOS="1105" WIDTH="38"/>
						<String ID="P34_ST00424" HPOS="2053" VPOS="1050" WIDTH="132" HEIGHT="53" CONTENT="point" WC="0.99" CC="00090"/>
						<SP ID="P34_SP00362" HPOS="2185" VPOS="1105" WIDTH="36"/>
						<String ID="P34_ST00425" HPOS="2221" VPOS="1049" WIDTH="50" HEIGHT="41" CONTENT="de" WC="0.72" CC="05"/>
						<SP ID="P34_SP00363" HPOS="2271" VPOS="1105" WIDTH="34"/>
						<String ID="P34_ST00426" HPOS="2305" VPOS="1063" WIDTH="82" HEIGHT="28" CONTENT="vue" WC="0.96" CC="650"/>
						<SP ID="P34_SP00364" HPOS="2387" VPOS="1105" WIDTH="36"/>
						<String ID="P34_ST00427" HPOS="2423" VPOS="1048" WIDTH="49" HEIGHT="41" CONTENT="de" WC="1.00" CC="00"/>
						<SP ID="P34_SP00365" HPOS="2472" VPOS="1105" WIDTH="36"/>
						<String ID="P34_ST00428" HPOS="2508" VPOS="1048" WIDTH="38" HEIGHT="41" CONTENT="la" WC="0.52" CC="09"/>
						<SP ID="P34_SP00366" HPOS="2546" VPOS="1105" WIDTH="36"/>
						<String ID="P34_ST00429" HPOS="2582" VPOS="1045" WIDTH="280" HEIGHT="43" CONTENT="diminution" WC="0.99" CC="0050051369"/>
						<SP ID="P34_SP00367" HPOS="2862" VPOS="1105" WIDTH="36"/>
						<String ID="P34_ST00430" HPOS="2898" VPOS="1044" WIDTH="50" HEIGHT="41" CONTENT="de" WC="0.55" CC="09"/>
					</TextLine>
					<TextLine ID="P34_TL00064" HPOS="1780" VPOS="1105" WIDTH="1168" HEIGHT="60">
						<String ID="P34_ST00431" HPOS="1780" VPOS="1115" WIDTH="23" HEIGHT="40" CONTENT="F" WC="0.13" CC="8"/>
						<SP ID="P34_SP00368" HPOS="1803" VPOS="1155" WIDTH="9"/>
						<String ID="P34_ST00432" HPOS="1812" VPOS="1113" WIDTH="107" HEIGHT="44" CONTENT="effet" WC="0.98" CC="71403"/>
						<SP ID="P34_SP00369" HPOS="1919" VPOS="1157" WIDTH="35"/>
						<String ID="P34_ST00433" HPOS="1954" VPOS="1111" WIDTH="216" HEIGHT="43" CONTENT="décoratif" WC="0.99" CC="071070050"/>
						<SP ID="P34_SP00370" HPOS="2170" VPOS="1157" WIDTH="32"/>
						<String ID="P34_ST00434" HPOS="2202" VPOS="1110" WIDTH="104" HEIGHT="55" CONTENT="qu'à" WC="0.96" CC="0746"/>
						<SP ID="P34_SP00371" HPOS="2306" VPOS="1165" WIDTH="32"/>
						<String ID="P34_ST00435" HPOS="2338" VPOS="1110" WIDTH="108" HEIGHT="41" CONTENT="celui" WC="0.97" CC="30396"/>
						<SP ID="P34_SP00372" HPOS="2446" VPOS="1165" WIDTH="34"/>
						<String ID="P34_ST00436" HPOS="2480" VPOS="1110" WIDTH="50" HEIGHT="40" CONTENT="de" WC="1.00" CC="00"/>
						<SP ID="P34_SP00373" HPOS="2530" VPOS="1165" WIDTH="33"/>
						<String ID="P34_ST00437" HPOS="2563" VPOS="1111" WIDTH="39" HEIGHT="40" CONTENT="la" WC="0.88" CC="20"/>
						<SP ID="P34_SP00374" HPOS="2602" VPOS="1165" WIDTH="33"/>
						<String ID="P34_ST00438" HPOS="2635" VPOS="1108" WIDTH="142" HEIGHT="43" CONTENT="durée," WC="0.98" CC="006707"/>
						<SP ID="P34_SP00375" HPOS="2777" VPOS="1165" WIDTH="34"/>
						<String ID="P34_ST00439" HPOS="2811" VPOS="1121" WIDTH="68" HEIGHT="27" CONTENT="car" WC="0.93" CC="099"/>
						<SP ID="P34_SP00376" HPOS="2879" VPOS="1165" WIDTH="34"/>
						<String ID="P34_ST00440" HPOS="2913" VPOS="1105" WIDTH="35" HEIGHT="41" CONTENT="le" WC="0.32" CC="67"/>
					</TextLine>
					<TextLine ID="P34_TL00065" HPOS="1776" VPOS="1167" WIDTH="1172" HEIGHT="62">
						<String ID="P34_ST00441" HPOS="1776" VPOS="1176" WIDTH="131" HEIGHT="53" CONTENT="poids" WC="0.97" CC="97060"/>
						<SP ID="P34_SP00377" HPOS="1907" VPOS="1229" WIDTH="33"/>
						<String ID="P34_ST00442" HPOS="1940" VPOS="1175" WIDTH="50" HEIGHT="41" CONTENT="de" WC="1.00" CC="00"/>
						<SP ID="P34_SP00378" HPOS="1990" VPOS="1229" WIDTH="35"/>
						<String ID="P34_ST00443" HPOS="2025" VPOS="1174" WIDTH="131" HEIGHT="42" CONTENT="métal" WC="0.99" CC="00500"/>
						<SP ID="P34_SP00379" HPOS="2156" VPOS="1229" WIDTH="37"/>
						<String ID="P34_ST00444" HPOS="2193" VPOS="1171" WIDTH="239" HEIGHT="54" CONTENT="désagrégé," WC="0.98" CC="0710897608"/>
						<SP ID="P34_SP00380" HPOS="2432" VPOS="1229" WIDTH="40"/>
						<String ID="P34_ST00445" HPOS="2472" VPOS="1171" WIDTH="139" HEIGHT="41" CONTENT="même" WC="0.98" CC="0700"/>
						<SP ID="P34_SP00381" HPOS="2611" VPOS="1229" WIDTH="36"/>
						<String ID="P34_ST00446" HPOS="2647" VPOS="1169" WIDTH="110" HEIGHT="42" CONTENT="dans" WC="0.96" CC="0990"/>
						<SP ID="P34_SP00382" HPOS="2757" VPOS="1229" WIDTH="34"/>
						<String ID="P34_ST00447" HPOS="2791" VPOS="1167" WIDTH="57" HEIGHT="44" CONTENT="les" WC="0.95" CC="534"/>
						<SP ID="P34_SP00383" HPOS="2848" VPOS="1229" WIDTH="33"/>
						<String ID="P34_ST00448" HPOS="2881" VPOS="1181" WIDTH="67" HEIGHT="28" CONTENT="cas" WC="0.95" CC="076"/>
					</TextLine>
					<TextLine ID="P34_TL00066" HPOS="1778" VPOS="1231" WIDTH="906" HEIGHT="58">
						<String ID="P34_ST00449" HPOS="1778" VPOS="1241" WIDTH="56" HEIGHT="40" CONTENT="les" WC="0.95" CC="606"/>
						<SP ID="P34_SP00384" HPOS="1834" VPOS="1281" WIDTH="26"/>
						<String ID="P34_ST00450" HPOS="1860" VPOS="1238" WIDTH="101" HEIGHT="51" CONTENT="plus" WC="0.95" CC="6195"/>
						<SP ID="P34_SP00385" HPOS="1961" VPOS="1289" WIDTH="26"/>
						<String ID="P34_ST00451" HPOS="1987" VPOS="1234" WIDTH="321" HEIGHT="50" CONTENT="défavorables," WC="0.99" CC="5060560505004"/>
						<SP ID="P34_SP00386" HPOS="2308" VPOS="1289" WIDTH="30"/>
						<String ID="P34_ST00452" HPOS="2338" VPOS="1245" WIDTH="61" HEIGHT="32" CONTENT="est" WC="0.96" CC="613"/>
						<SP ID="P34_SP00387" HPOS="2399" VPOS="1289" WIDTH="27"/>
						<String ID="P34_ST00453" HPOS="2426" VPOS="1232" WIDTH="82" HEIGHT="43" CONTENT="très" WC="0.98" CC="0070"/>
						<SP ID="P34_SP00388" HPOS="2508" VPOS="1289" WIDTH="25"/>
						<String ID="P34_ST00454" HPOS="2533" VPOS="1231" WIDTH="151" HEIGHT="42" CONTENT="faible." WC="0.99" CC="1000407"/>
					</TextLine>
					<TextLine ID="P34_TL00067" HPOS="1846" VPOS="1290" WIDTH="1103" HEIGHT="59">
						<String ID="P34_ST00455" HPOS="1846" VPOS="1299" WIDTH="87" HEIGHT="41" CONTENT="Des" WC="0.97" CC="304"/>
						<SP ID="P34_SP00389" HPOS="1933" VPOS="1340" WIDTH="43"/>
						<String ID="P34_ST00456" HPOS="1976" VPOS="1297" WIDTH="126" HEIGHT="42" CONTENT="essais" WC="0.99" CC="602000"/>
						<SP ID="P34_SP00390" HPOS="2102" VPOS="1340" WIDTH="41"/>
						<String ID="P34_ST00457" HPOS="2143" VPOS="1294" WIDTH="340" HEIGHT="55" CONTENT="systématiques" WC="0.99" CC="1506009660666"/>
						<SP ID="P34_SP00391" HPOS="2483" VPOS="1349" WIDTH="43"/>
						<String ID="P34_ST00458" HPOS="2526" VPOS="1308" WIDTH="72" HEIGHT="28" CONTENT="sur" WC="0.98" CC="500"/>
						<SP ID="P34_SP00392" HPOS="2598" VPOS="1349" WIDTH="43"/>
						<String ID="P34_ST00459" HPOS="2641" VPOS="1290" WIDTH="308" HEIGHT="44" CONTENT="l'aluminium" WC="0.99" CC="04033040070"/>
					</TextLine>
					<TextLine ID="P34_TL00068" HPOS="1778" VPOS="1353" WIDTH="1173" HEIGHT="58">
						<String ID="P34_ST00460" HPOS="1778" VPOS="1372" WIDTH="39" HEIGHT="30" CONTENT="et" WC="0.23" CC="86"/>
						<SP ID="P34_SP00393" HPOS="1817" VPOS="1402" WIDTH="34"/>
						<String ID="P34_ST00461" HPOS="1851" VPOS="1360" WIDTH="49" HEIGHT="42" CONTENT="de" WC="0.60" CC="07"/>
						<SP ID="P34_SP00394" HPOS="1900" VPOS="1402" WIDTH="35"/>
						<String ID="P34_ST00462" HPOS="1935" VPOS="1359" WIDTH="251" HEIGHT="42" CONTENT="nombreux" WC="0.99" CC="80010534"/>
						<SP ID="P34_SP00395" HPOS="2186" VPOS="1402" WIDTH="34"/>
						<String ID="P34_ST00463" HPOS="2220" VPOS="1357" WIDTH="176" HEIGHT="54" CONTENT="alliages" WC="0.99" CC="03506505"/>
						<SP ID="P34_SP00396" HPOS="2396" VPOS="1411" WIDTH="31"/>
						<String ID="P34_ST00464" HPOS="2427" VPOS="1369" WIDTH="82" HEIGHT="31" CONTENT="ont" WC="0.96" CC="603"/>
						<SP ID="P34_SP00397" HPOS="2509" VPOS="1411" WIDTH="32"/>
						<String ID="P34_ST00465" HPOS="2541" VPOS="1355" WIDTH="62" HEIGHT="42" CONTENT="été" WC="0.96" CC="009"/>
						<SP ID="P34_SP00398" HPOS="2603" VPOS="1411" WIDTH="31"/>
						<String ID="P34_ST00466" HPOS="2634" VPOS="1353" WIDTH="207" HEIGHT="43" CONTENT="effectués" WC="0.99" CC="504090706"/>
						<SP ID="P34_SP00399" HPOS="2841" VPOS="1411" WIDTH="29"/>
						<String ID="P34_ST00467" HPOS="2870" VPOS="1366" WIDTH="81" HEIGHT="39" CONTENT="par" WC="0.92" CC="856"/>
					</TextLine>
					<TextLine ID="P34_TL00069" HPOS="1772" VPOS="1413" WIDTH="1178" HEIGHT="52">
						<String ID="P34_ST00468" HPOS="1772" VPOS="1425" WIDTH="34" HEIGHT="40" CONTENT="le" WC="0.67" CC="06"/>
						<SP ID="P34_SP00400" HPOS="1806" VPOS="1465" WIDTH="22"/>
						<String ID="P34_ST00469" HPOS="1828" VPOS="1421" WIDTH="268" HEIGHT="44" CONTENT="laboratoire" WC="1.00" CC="00149000000"/>
						<SP ID="P34_SP00401" HPOS="2096" VPOS="1465" WIDTH="20"/>
						<String ID="P34_ST00470" HPOS="2116" VPOS="1420" WIDTH="50" HEIGHT="41" CONTENT="de" WC="0.51" CC="09"/>
						<SP ID="P34_SP00402" HPOS="2166" VPOS="1465" WIDTH="21"/>
						<String ID="P34_ST00471" HPOS="2187" VPOS="1421" WIDTH="40" HEIGHT="42" CONTENT="la" WC="0.50" CC="09"/>
						<SP ID="P34_SP00403" HPOS="2227" VPOS="1465" WIDTH="22"/>
						<String ID="P34_ST00472" HPOS="2249" VPOS="1419" WIDTH="61" HEIGHT="43" CONTENT="T." WC="0.60" CC="07"/>
						<SP ID="P34_SP00404" HPOS="2310" VPOS="1465" WIDTH="25"/>
						<String ID="P34_ST00473" HPOS="2335" VPOS="1419" WIDTH="52" HEIGHT="42" CONTENT="C" WC="0.13" CC="8"/>
						<SP ID="P34_SP00405" HPOS="2387" VPOS="1465" WIDTH="23"/>
						<String ID="P34_ST00474" HPOS="2410" VPOS="1418" WIDTH="54" HEIGHT="43" CONTENT="R." WC="1.00" CC="00"/>
						<SP ID="P34_SP00406" HPOS="2464" VPOS="1465" WIDTH="27"/>
						<String ID="P34_ST00475" HPOS="2491" VPOS="1419" WIDTH="47" HEIGHT="40" CONTENT="P." WC="0.42" CC="37"/>
						<SP ID="P34_SP00407" HPOS="2538" VPOS="1465" WIDTH="27"/>
						<String ID="P34_ST00476" HPOS="2565" VPOS="1418" WIDTH="79" HEIGHT="40" CONTENT="Les" WC="0.94" CC="294"/>
						<SP ID="P34_SP00408" HPOS="2644" VPOS="1465" WIDTH="23"/>
						<String ID="P34_ST00477" HPOS="2667" VPOS="1413" WIDTH="283" HEIGHT="45" CONTENT="conclusions" WC="0.99" CC="20450804636"/>
					</TextLine>
					<TextLine ID="P34_TL00070" HPOS="1779" VPOS="1484" WIDTH="483" HEIGHT="43">
						<String ID="P34_ST00478" HPOS="1779" VPOS="1497" WIDTH="103" HEIGHT="30" CONTENT="sont" WC="0.95" CC="0777"/>
						<SP ID="P34_SP00409" HPOS="1882" VPOS="1527" WIDTH="30"/>
						<String ID="P34_ST00479" HPOS="1912" VPOS="1486" WIDTH="55" HEIGHT="41" CONTENT="les" WC="0.93" CC="098"/>
						<SP ID="P34_SP00410" HPOS="1967" VPOS="1527" WIDTH="27"/>
						<String ID="P34_ST00480" HPOS="1994" VPOS="1484" WIDTH="224" HEIGHT="41" CONTENT="suivantes" WC="0.98" CC="256079666"/>
						<SP ID="P34_SP00411" HPOS="2218" VPOS="1527" WIDTH="36"/>
						<String ID="P34_ST00481" HPOS="2254" VPOS="1496" WIDTH="8" HEIGHT="26" CONTENT=":" WC="1.00" CC="0"/>
					</TextLine>
					<TextLine ID="P34_TL00071" HPOS="1848" VPOS="1536" WIDTH="1096" HEIGHT="57">
						<String ID="P34_ST00482" HPOS="1848" VPOS="1544" WIDTH="328" HEIGHT="44" CONTENT="Laluminium" WC="0.55" CC="0959030277"/>
						<SP ID="P34_SP00412" HPOS="2176" VPOS="1588" WIDTH="33"/>
						<String ID="P34_ST00483" HPOS="2209" VPOS="1541" WIDTH="277" HEIGHT="44" CONTENT="commercial" WC="0.98" CC="9709760560"/>
						<SP ID="P34_SP00413" HPOS="2486" VPOS="1588" WIDTH="36"/>
						<String ID="P34_ST00484" HPOS="2522" VPOS="1555" WIDTH="83" HEIGHT="38" CONTENT="pur" WC="1.00" CC="000"/>
						<SP ID="P34_SP00414" HPOS="2605" VPOS="1593" WIDTH="30"/>
						<String ID="P34_ST00485" HPOS="2635" VPOS="1540" WIDTH="79" HEIGHT="53" CONTENT="(98" WC="0.86" CC="400"/>
						<SP ID="P34_SP00415" HPOS="2714" VPOS="1593" WIDTH="34"/>
						<String ID="P34_ST00486" HPOS="2748" VPOS="1553" WIDTH="83" HEIGHT="39" CONTENT="p.G" WC="0.94" CC="078"/>
						<SP ID="P34_SP00416" HPOS="2831" VPOS="1593" WIDTH="36"/>
						<String ID="P34_ST00487" HPOS="2867" VPOS="1536" WIDTH="52" HEIGHT="42" CONTENT="mi" SUBS_TYPE="HypPart1" SUBS_CONTENT="minimum" WC="0.95" CC="16"/>
						<HYP HPOS="2919" VPOS="1536" WIDTH="25" CONTENT="-"/>
					</TextLine>
					<TextLine ID="P34_TL00072" HPOS="1780" VPOS="1600" WIDTH="1170" HEIGHT="59">
						<String ID="P34_ST00488" HPOS="1780" VPOS="1608" WIDTH="176" HEIGHT="42" CONTENT="nimum" SUBS_TYPE="HypPart2" SUBS_CONTENT="minimum" WC="0.97" CC="80442"/>
						<SP ID="P34_SP00417" HPOS="1956" VPOS="1650" WIDTH="20"/>
						<String ID="P34_ST00489" HPOS="1976" VPOS="1607" WIDTH="15" HEIGHT="52" CONTENT=")" WC="0.93" CC="0"/>
						<SP ID="P34_SP00418" HPOS="1991" VPOS="1659" WIDTH="35"/>
						<String ID="P34_ST00490" HPOS="2026" VPOS="1605" WIDTH="195" HEIGHT="54" CONTENT="présente" WC="0.98" CC="29910900"/>
						<SP ID="P34_SP00419" HPOS="2221" VPOS="1659" WIDTH="34"/>
						<String ID="P34_ST00491" HPOS="2255" VPOS="1619" WIDTH="59" HEIGHT="26" CONTENT="un" WC="0.23" CC="68"/>
						<SP ID="P34_SP00420" HPOS="2314" VPOS="1659" WIDTH="38"/>
						<String ID="P34_ST00492" HPOS="2352" VPOS="1602" WIDTH="108" HEIGHT="55" CONTENT="léger" WC="0.98" CC="00507"/>
						<SP ID="P34_SP00421" HPOS="2460" VPOS="1659" WIDTH="34"/>
						<String ID="P34_ST00493" HPOS="2494" VPOS="1601" WIDTH="272" HEIGHT="54" CONTENT="dépolissage" WC="0.99" CC="09090006097"/>
						<SP ID="P34_SP00422" HPOS="2766" VPOS="1659" WIDTH="35"/>
						<String ID="P34_ST00494" HPOS="2801" VPOS="1600" WIDTH="59" HEIGHT="42" CONTENT="dû" WC="0.50" CC="54"/>
						<SP ID="P34_SP00423" HPOS="2860" VPOS="1659" WIDTH="37"/>
						<String ID="P34_ST00495" HPOS="2897" VPOS="1612" WIDTH="53" HEIGHT="27" CONTENT="au" WC="0.20" CC="95"/>
					</TextLine>
					<TextLine ID="P34_TL00073" HPOS="1780" VPOS="1659" WIDTH="1171" HEIGHT="53">
						<String ID="P34_ST00496" HPOS="1780" VPOS="1670" WIDTH="264" HEIGHT="41" CONTENT="frottement" WC="0.98" CC="5980660886"/>
						<SP ID="P34_SP00424" HPOS="2044" VPOS="1711" WIDTH="40"/>
						<String ID="P34_ST00497" HPOS="2084" VPOS="1667" WIDTH="72" HEIGHT="43" CONTENT="des" WC="0.91" CC="896"/>
						<SP ID="P34_SP00425" HPOS="2156" VPOS="1711" WIDTH="38"/>
						<String ID="P34_ST00498" HPOS="2194" VPOS="1665" WIDTH="156" HEIGHT="47" CONTENT="mains," WC="0.98" CC="200644"/>
						<SP ID="P34_SP00426" HPOS="2350" VPOS="1712" WIDTH="45"/>
						<String ID="P34_ST00499" HPOS="2395" VPOS="1663" WIDTH="108" HEIGHT="43" CONTENT="mais" WC="0.98" CC="0901"/>
						<SP ID="P34_SP00427" HPOS="2503" VPOS="1712" WIDTH="41"/>
						<String ID="P34_ST00500" HPOS="2544" VPOS="1678" WIDTH="167" HEIGHT="28" CONTENT="aucune" WC="0.96" CC="970788"/>
						<SP ID="P34_SP00428" HPOS="2711" VPOS="1712" WIDTH="41"/>
						<String ID="P34_ST00501" HPOS="2752" VPOS="1671" WIDTH="110" HEIGHT="32" CONTENT="trace" WC="0.98" CC="50900"/>
						<SP ID="P34_SP00429" HPOS="2862" VPOS="1712" WIDTH="38"/>
						<String ID="P34_ST00502" HPOS="2900" VPOS="1659" WIDTH="51" HEIGHT="42" CONTENT="de" WC="0.50" CC="09"/>
					</TextLine>
					<TextLine ID="P34_TL00074" HPOS="1780" VPOS="1724" WIDTH="1171" HEIGHT="57">
						<String ID="P34_ST00503" HPOS="1780" VPOS="1745" WIDTH="244" HEIGHT="29" CONTENT="corrosion." WC="0.98" CC="0996348608"/>
						<SP ID="P34_SP00430" HPOS="2024" VPOS="1774" WIDTH="37"/>
						<String ID="P34_ST00504" HPOS="2061" VPOS="1730" WIDTH="80" HEIGHT="44" CONTENT="Les" WC="1.00" CC="000"/>
						<SP ID="P34_SP00431" HPOS="2141" VPOS="1774" WIDTH="31"/>
						<String ID="P34_ST00505" HPOS="2172" VPOS="1728" WIDTH="177" HEIGHT="53" CONTENT="alliages" WC="0.98" CC="96069600"/>
						<SP ID="P34_SP00432" HPOS="2349" VPOS="1781" WIDTH="31"/>
						<String ID="P34_ST00506" HPOS="2380" VPOS="1742" WIDTH="54" HEIGHT="26" CONTENT="au" WC="0.50" CC="09"/>
						<SP ID="P34_SP00433" HPOS="2434" VPOS="1781" WIDTH="35"/>
						<String ID="P34_ST00507" HPOS="2469" VPOS="1724" WIDTH="277" HEIGHT="55" CONTENT="magnésium" WC="0.99" CC="000971600"/>
						<SP ID="P34_SP00434" HPOS="2746" VPOS="1781" WIDTH="31"/>
						<String ID="P34_ST00508" HPOS="2777" VPOS="1738" WIDTH="40" HEIGHT="27" CONTENT="se" WC="0.26" CC="77"/>
						<SP ID="P34_SP00435" HPOS="2817" VPOS="1781" WIDTH="31"/>
						<String ID="P34_ST00509" HPOS="2848" VPOS="1731" WIDTH="103" HEIGHT="32" CONTENT="sont" WC="0.94" CC="6976"/>
					</TextLine>
					<TextLine ID="P34_TL00075" HPOS="1780" VPOS="1787" WIDTH="1171" HEIGHT="59">
						<String ID="P34_ST00510" HPOS="1780" VPOS="1792" WIDTH="251" HEIGHT="54" CONTENT="comportés" WC="0.99" CC="072057103"/>
						<SP ID="P34_SP00436" HPOS="2031" VPOS="1846" WIDTH="26"/>
						<String ID="P34_ST00511" HPOS="2057" VPOS="1790" WIDTH="111" HEIGHT="43" CONTENT="aussi" WC="0.96" CC="74756"/>
						<SP ID="P34_SP00437" HPOS="2168" VPOS="1846" WIDTH="29"/>
						<String ID="P34_ST00512" HPOS="2197" VPOS="1790" WIDTH="101" HEIGHT="42" CONTENT="bien" WC="1.00" CC="0000"/>
						<SP ID="P34_SP00438" HPOS="2298" VPOS="1846" WIDTH="28"/>
						<String ID="P34_ST00513" HPOS="2326" VPOS="1802" WIDTH="40" HEIGHT="30" CONTENT="et" WC="0.77" CC="04"/>
						<SP ID="P34_SP00439" HPOS="2366" VPOS="1846" WIDTH="28"/>
						<String ID="P34_ST00514" HPOS="2394" VPOS="1791" WIDTH="57" HEIGHT="40" CONTENT="les" WC="1.00" CC="000"/>
						<SP ID="P34_SP00440" HPOS="2451" VPOS="1846" WIDTH="30"/>
						<String ID="P34_ST00515" HPOS="2481" VPOS="1787" WIDTH="175" HEIGHT="53" CONTENT="alliages" WC="0.99" CC="02329004"/>
						<SP ID="P34_SP00441" HPOS="2656" VPOS="1846" WIDTH="28"/>
						<String ID="P34_ST00516" HPOS="2684" VPOS="1800" WIDTH="54" HEIGHT="27" CONTENT="au" WC="0.20" CC="87"/>
						<SP ID="P34_SP00442" HPOS="2738" VPOS="1846" WIDTH="29"/>
						<String ID="P34_ST00517" HPOS="2767" VPOS="1798" WIDTH="154" HEIGHT="39" CONTENT="manga" SUBS_TYPE="HypPart1" SUBS_CONTENT="manganèse" WC="0.97" CC="09909"/>
						<HYP HPOS="2921" VPOS="1798" WIDTH="30" CONTENT="-"/>
					</TextLine>
					<TextLine ID="P34_TL00076" HPOS="1780" VPOS="1846" WIDTH="1168" HEIGHT="58">
						<String ID="P34_ST00518" HPOS="1780" VPOS="1856" WIDTH="95" HEIGHT="40" CONTENT="nèse" SUBS_TYPE="HypPart2" SUBS_CONTENT="manganèse" WC="0.96" CC="7830"/>
						<SP ID="P34_SP00443" HPOS="1875" VPOS="1896" WIDTH="23"/>
						<String ID="P34_ST00519" HPOS="1898" VPOS="1853" WIDTH="313" HEIGHT="43" CONTENT="sensiblement" WC="0.99" CC="369000270980"/>
						<SP ID="P34_SP00444" HPOS="2211" VPOS="1896" WIDTH="23"/>
						<String ID="P34_ST00520" HPOS="2234" VPOS="1851" WIDTH="149" HEIGHT="42" CONTENT="mieux" WC="1.00" CC="10000"/>
						<SP ID="P34_SP00445" HPOS="2383" VPOS="1896" WIDTH="23"/>
						<String ID="P34_ST00521" HPOS="2406" VPOS="1865" WIDTH="84" HEIGHT="39" CONTENT="que" WC="0.95" CC="066"/>
						<SP ID="P34_SP00446" HPOS="2490" VPOS="1904" WIDTH="24"/>
						<String ID="P34_ST00522" HPOS="2514" VPOS="1846" WIDTH="308" HEIGHT="45" CONTENT="l'aluminium" WC="0.99" CC="31049008140"/>
						<SP ID="P34_SP00447" HPOS="2822" VPOS="1904" WIDTH="22"/>
						<String ID="P34_ST00523" HPOS="2844" VPOS="1859" WIDTH="104" HEIGHT="40" CONTENT="pur;" WC="0.93" CC="9869"/>
					</TextLine>
					<TextLine ID="P34_TL00077" HPOS="1782" VPOS="1909" WIDTH="1169" HEIGHT="60">
						<String ID="P34_ST00524" HPOS="1782" VPOS="1920" WIDTH="56" HEIGHT="39" CONTENT="les" WC="0.95" CC="551"/>
						<SP ID="P34_SP00448" HPOS="1838" VPOS="1959" WIDTH="29"/>
						<String ID="P34_ST00525" HPOS="1867" VPOS="1916" WIDTH="177" HEIGHT="53" CONTENT="alliages" WC="0.99" CC="92200704"/>
						<SP ID="P34_SP00449" HPOS="2044" VPOS="1969" WIDTH="31"/>
						<String ID="P34_ST00526" HPOS="2075" VPOS="1930" WIDTH="53" HEIGHT="26" CONTENT="au" WC="0.50" CC="09"/>
						<SP ID="P34_SP00450" HPOS="2128" VPOS="1969" WIDTH="30"/>
						<String ID="P34_ST00527" HPOS="2158" VPOS="1913" WIDTH="189" HEIGHT="42" CONTENT="silicium" WC="0.98" CC="00669070"/>
						<SP ID="P34_SP00451" HPOS="2347" VPOS="1969" WIDTH="31"/>
						<String ID="P34_ST00528" HPOS="2378" VPOS="1912" WIDTH="205" HEIGHT="41" CONTENT="donnent" WC="0.98" CC="7807005"/>
						<SP ID="P34_SP00452" HPOS="2583" VPOS="1969" WIDTH="31"/>
						<String ID="P34_ST00529" HPOS="2614" VPOS="1909" WIDTH="243" HEIGHT="54" CONTENT="également" WC="0.98" CC="709390095"/>
						<SP ID="P34_SP00453" HPOS="2857" VPOS="1969" WIDTH="29"/>
						<String ID="P34_ST00530" HPOS="2886" VPOS="1920" WIDTH="44" HEIGHT="28" CONTENT="sa" SUBS_TYPE="HypPart1" SUBS_CONTENT="satisfaction." WC="0.94" CC="18"/>
						<HYP HPOS="2930" VPOS="1920" WIDTH="21" CONTENT="-"/>
					</TextLine>
					<TextLine ID="P34_TL00078" HPOS="1775" VPOS="1967" WIDTH="1176" HEIGHT="54">
						<String ID="P34_ST00531" HPOS="1775" VPOS="1978" WIDTH="243" HEIGHT="43" CONTENT="tisfaction." SUBS_TYPE="HypPart2" SUBS_CONTENT="satisfaction." WC="0.98" CC="78657657497"/>
						<SP ID="P34_SP00454" HPOS="2018" VPOS="2021" WIDTH="25"/>
						<String ID="P34_ST00532" HPOS="2043" VPOS="1976" WIDTH="79" HEIGHT="42" CONTENT="Les" WC="0.96" CC="062"/>
						<SP ID="P34_SP00455" HPOS="2122" VPOS="2021" WIDTH="23"/>
						<String ID="P34_ST00533" HPOS="2145" VPOS="1986" WIDTH="142" HEIGHT="31" CONTENT="autres" WC="0.96" CC="992762"/>
						<SP ID="P34_SP00456" HPOS="2287" VPOS="2021" WIDTH="20"/>
						<String ID="P34_ST00534" HPOS="2307" VPOS="1973" WIDTH="209" HEIGHT="44" CONTENT="éléments" WC="0.99" CC="73005900"/>
						<SP ID="P34_SP00457" HPOS="2516" VPOS="2021" WIDTH="22"/>
						<String ID="P34_ST00535" HPOS="2538" VPOS="1969" WIDTH="253" HEIGHT="44" CONTENT="d'addition" WC="0.99" CC="7300020777"/>
						<SP ID="P34_SP00458" HPOS="2791" VPOS="2021" WIDTH="28"/>
						<String ID="P34_ST00536" HPOS="2819" VPOS="1967" WIDTH="106" HEIGHT="44" CONTENT="dimi" SUBS_TYPE="HypPart1" SUBS_CONTENT="diminuent" WC="0.97" CC="0077"/>
						<HYP HPOS="2925" VPOS="1967" WIDTH="26" CONTENT="-"/>
					</TextLine>
					<TextLine ID="P34_TL00079" HPOS="1782" VPOS="2032" WIDTH="1169" HEIGHT="57">
						<String ID="P34_ST00537" HPOS="1782" VPOS="2051" WIDTH="139" HEIGHT="30" CONTENT="nuent" SUBS_TYPE="HypPart2" SUBS_CONTENT="diminuent" WC="0.96" CC="79096"/>
						<SP ID="P34_SP00459" HPOS="1921" VPOS="2081" WIDTH="38"/>
						<String ID="P34_ST00538" HPOS="1959" VPOS="2039" WIDTH="109" HEIGHT="41" CONTENT="dans" WC="0.97" CC="0902"/>
						<SP ID="P34_SP00460" HPOS="2068" VPOS="2081" WIDTH="35"/>
						<String ID="P34_ST00539" HPOS="2103" VPOS="2053" WIDTH="86" HEIGHT="26" CONTENT="une" WC="0.94" CC="780"/>
						<SP ID="P34_SP00461" HPOS="2189" VPOS="2081" WIDTH="36"/>
						<String ID="P34_ST00540" HPOS="2225" VPOS="2036" WIDTH="101" HEIGHT="53" CONTENT="plus" WC="0.98" CC="0370"/>
						<SP ID="P34_SP00462" HPOS="2326" VPOS="2089" WIDTH="35"/>
						<String ID="P34_ST00541" HPOS="2361" VPOS="2050" WIDTH="60" HEIGHT="26" CONTENT="ou" WC="0.79" CC="04"/>
						<SP ID="P34_SP00463" HPOS="2421" VPOS="2089" WIDTH="42"/>
						<String ID="P34_ST00542" HPOS="2463" VPOS="2033" WIDTH="146" HEIGHT="42" CONTENT="moins" WC="0.97" CC="09091"/>
						<SP ID="P34_SP00464" HPOS="2609" VPOS="2089" WIDTH="37"/>
						<String ID="P34_ST00543" HPOS="2646" VPOS="2032" WIDTH="165" HEIGHT="54" CONTENT="grande" WC="0.99" CC="200910"/>
						<SP ID="P34_SP00465" HPOS="2811" VPOS="2089" WIDTH="35"/>
						<String ID="P34_ST00544" HPOS="2846" VPOS="2044" WIDTH="79" HEIGHT="39" CONTENT="pro" SUBS_TYPE="HypPart1" SUBS_CONTENT="proportion" WC="0.95" CC="096"/>
						<HYP HPOS="2925" VPOS="2044" WIDTH="26" CONTENT="-"/>
					</TextLine>
					<TextLine ID="P34_TL00080" HPOS="1780" VPOS="2091" WIDTH="1172" HEIGHT="64">
						<String ID="P34_ST00545" HPOS="1780" VPOS="2102" WIDTH="184" HEIGHT="53" CONTENT="portion" SUBS_TYPE="HypPart2" SUBS_CONTENT="proportion" WC="0.97" CC="7970769"/>
						<SP ID="P34_SP00466" HPOS="1964" VPOS="2155" WIDTH="37"/>
						<String ID="P34_ST00546" HPOS="2001" VPOS="2101" WIDTH="38" HEIGHT="40" CONTENT="la" WC="0.25" CC="59"/>
						<SP ID="P34_SP00467" HPOS="2039" VPOS="2155" WIDTH="33"/>
						<String ID="P34_ST00547" HPOS="2072" VPOS="2098" WIDTH="226" HEIGHT="42" CONTENT="résistance" WC="0.99" CC="6056100900"/>
						<SP ID="P34_SP00468" HPOS="2298" VPOS="2155" WIDTH="33"/>
						<String ID="P34_ST00548" HPOS="2331" VPOS="2097" WIDTH="21" HEIGHT="41" CONTENT="à" WC="0.28" CC="7"/>
						<SP ID="P34_SP00469" HPOS="2352" VPOS="2155" WIDTH="33"/>
						<String ID="P34_ST00549" HPOS="2385" VPOS="2097" WIDTH="38" HEIGHT="41" CONTENT="la" WC="0.33" CC="48"/>
						<SP ID="P34_SP00470" HPOS="2423" VPOS="2155" WIDTH="30"/>
						<String ID="P34_ST00550" HPOS="2453" VPOS="2094" WIDTH="244" HEIGHT="46" CONTENT="corrosion," WC="0.99" CC="2600830671"/>
						<SP ID="P34_SP00471" HPOS="2697" VPOS="2155" WIDTH="34"/>
						<String ID="P34_ST00551" HPOS="2731" VPOS="2108" WIDTH="49" HEIGHT="27" CONTENT="en" WC="0.28" CC="49"/>
						<SP ID="P34_SP00472" HPOS="2780" VPOS="2155" WIDTH="33"/>
						<String ID="P34_ST00552" HPOS="2813" VPOS="2091" WIDTH="116" HEIGHT="55" CONTENT="parti" SUBS_TYPE="HypPart1" SUBS_CONTENT="particulier" WC="0.98" CC="80700"/>
						<HYP HPOS="2929" VPOS="2091" WIDTH="23" CONTENT="-"/>
					</TextLine>
					<TextLine ID="P34_TL00081" HPOS="1777" VPOS="2159" WIDTH="610" HEIGHT="46">
						<String ID="P34_ST00553" HPOS="1777" VPOS="2164" WIDTH="131" HEIGHT="41" CONTENT="culier" SUBS_TYPE="HypPart2" SUBS_CONTENT="particulier" WC="0.97" CC="065509"/>
						<SP ID="P34_SP00473" HPOS="1908" VPOS="2205" WIDTH="23"/>
						<String ID="P34_ST00554" HPOS="1931" VPOS="2163" WIDTH="35" HEIGHT="41" CONTENT="le" WC="1.00" CC="00"/>
						<SP ID="P34_SP00474" HPOS="1966" VPOS="2205" WIDTH="21"/>
						<String ID="P34_ST00555" HPOS="1987" VPOS="2162" WIDTH="145" HEIGHT="41" CONTENT="cuivre" WC="0.98" CC="390070"/>
						<SP ID="P34_SP00475" HPOS="2132" VPOS="2205" WIDTH="24"/>
						<String ID="P34_ST00556" HPOS="2156" VPOS="2171" WIDTH="40" HEIGHT="31" CONTENT="et" WC="0.52" CC="90"/>
						<SP ID="P34_SP00476" HPOS="2196" VPOS="2205" WIDTH="23"/>
						<String ID="P34_ST00557" HPOS="2219" VPOS="2162" WIDTH="34" HEIGHT="41" CONTENT="le" WC="0.31" CC="67"/>
						<SP ID="P34_SP00477" HPOS="2253" VPOS="2205" WIDTH="22"/>
						<String ID="P34_ST00558" HPOS="2275" VPOS="2159" WIDTH="112" HEIGHT="41" CONTENT="zinc." WC="1.00" CC="20000"/>
					</TextLine>
					<TextLine ID="P34_TL00082" HPOS="1773" VPOS="2286" WIDTH="1180" HEIGHT="52">
						<String ID="P34_ST00559" HPOS="1773" VPOS="2294" WIDTH="48" HEIGHT="43" CONTENT="C." WC="1.00" CC="00"/>
						<SP ID="P34_SP00478" HPOS="1821" VPOS="2337" WIDTH="28"/>
						<String ID="P34_ST00560" HPOS="1849" VPOS="2291" WIDTH="371" HEIGHT="47" CONTENT="CORROSION" WC="0.99" CC="002032600"/>
						<SP ID="P34_SP00479" HPOS="2220" VPOS="2338" WIDTH="22"/>
						<String ID="P34_ST00561" HPOS="2242" VPOS="2293" WIDTH="93" HEIGHT="41" CONTENT="AU" WC="0.70" CC="05"/>
						<SP ID="P34_SP00480" HPOS="2335" VPOS="2338" WIDTH="21"/>
						<String ID="P34_ST00562" HPOS="2356" VPOS="2289" WIDTH="325" HEIGHT="45" CONTENT="CONTACT" WC="0.98" CC="3224443"/>
						<SP ID="P34_SP00481" HPOS="2681" VPOS="2338" WIDTH="23"/>
						<String ID="P34_ST00563" HPOS="2704" VPOS="2288" WIDTH="82" HEIGHT="43" CONTENT="DE" WC="0.69" CC="23"/>
						<SP ID="P34_SP00482" HPOS="2786" VPOS="2338" WIDTH="23"/>
						<String ID="P34_ST00564" HPOS="2809" VPOS="2286" WIDTH="108" HEIGHT="42" CONTENT="CER" SUBS_TYPE="HypPart1" SUBS_CONTENT="CERTAINES" WC="0.95" CC="478"/>
						<HYP HPOS="2917" VPOS="2286" WIDTH="36" CONTENT="-"/>
					</TextLine>
					<TextLine ID="P34_TL00083" HPOS="1782" VPOS="2352" WIDTH="693" HEIGHT="47">
						<String ID="P34_ST00565" HPOS="1782" VPOS="2357" WIDTH="238" HEIGHT="42" CONTENT="TAINES" SUBS_TYPE="HypPart2" SUBS_CONTENT="CERTAINES" WC="1.00" CC="005000"/>
						<SP ID="P34_SP00483" HPOS="2020" VPOS="2399" WIDTH="28"/>
						<String ID="P34_ST00566" HPOS="2048" VPOS="2352" WIDTH="427" HEIGHT="45" CONTENT="SUBSTANCES," WC="0.99" CC="02600080507"/>
					</TextLine>
					<TextLine ID="P34_TL00084" HPOS="1783" VPOS="2437" WIDTH="880" HEIGHT="59">
						<String ID="P34_ST00567" HPOS="1783" VPOS="2461" WIDTH="22" HEIGHT="25" CONTENT="a" WC="0.27" CC="7"/>
						<SP ID="P34_SP00484" HPOS="1805" VPOS="2486" WIDTH="18"/>
						<String ID="P34_ST00568" HPOS="1823" VPOS="2446" WIDTH="14" HEIGHT="50" CONTENT=")" WC="0.46" CC="5"/>
						<SP ID="P34_SP00485" HPOS="1837" VPOS="2496" WIDTH="31"/>
						<String ID="P34_ST00569" HPOS="1868" VPOS="2444" WIDTH="74" HEIGHT="41" CONTENT="Au" WC="0.73" CC="50" STYLEREFS="TXT_3"/>
						<SP ID="P34_SP00486" HPOS="1942" VPOS="2496" WIDTH="28"/>
						<String ID="P34_ST00570" HPOS="1970" VPOS="2451" WIDTH="176" HEIGHT="33" CONTENT="contact" WC="0.98" CC="6656044" STYLEREFS="TXT_3"/>
						<SP ID="P34_SP00487" HPOS="2146" VPOS="2496" WIDTH="30"/>
						<String ID="P34_ST00571" HPOS="2176" VPOS="2442" WIDTH="51" HEIGHT="40" CONTENT="de" WC="1.00" CC="00" STYLEREFS="TXT_3"/>
						<SP ID="P34_SP00488" HPOS="2227" VPOS="2496" WIDTH="28"/>
						<String ID="P34_ST00572" HPOS="2255" VPOS="2438" WIDTH="184" HEIGHT="44" CONTENT="certains" WC="0.98" CC="00742475" STYLEREFS="TXT_3"/>
						<SP ID="P34_SP00489" HPOS="2439" VPOS="2496" WIDTH="27"/>
						<String ID="P34_ST00573" HPOS="2466" VPOS="2437" WIDTH="197" HEIGHT="42" CONTENT="métaux." WC="0.98" CC="7820500" STYLEREFS="TXT_3"/>
					</TextLine>
					<TextLine ID="P34_TL00085" HPOS="1853" VPOS="2521" WIDTH="1102" HEIGHT="61">
						<String ID="P34_ST00574" HPOS="1853" VPOS="2531" WIDTH="75" HEIGHT="40" CONTENT="On" WC="0.69" CC="60"/>
						<SP ID="P34_SP00490" HPOS="1928" VPOS="2571" WIDTH="38"/>
						<String ID="P34_ST00575" HPOS="1966" VPOS="2529" WIDTH="82" HEIGHT="41" CONTENT="sait" WC="0.95" CC="3974"/>
						<SP ID="P34_SP00491" HPOS="2048" VPOS="2571" WIDTH="38"/>
						<String ID="P34_ST00576" HPOS="2086" VPOS="2542" WIDTH="83" HEIGHT="40" CONTENT="que" WC="0.95" CC="075"/>
						<SP ID="P34_SP00492" HPOS="2169" VPOS="2582" WIDTH="39"/>
						<String ID="P34_ST00577" HPOS="2208" VPOS="2527" WIDTH="115" HEIGHT="41" CONTENT="deux" WC="0.96" CC="5093"/>
						<SP ID="P34_SP00493" HPOS="2323" VPOS="2582" WIDTH="42"/>
						<String ID="P34_ST00578" HPOS="2365" VPOS="2524" WIDTH="181" HEIGHT="42" CONTENT="métaux" WC="0.99" CC="074001"/>
						<SP ID="P34_SP00494" HPOS="2546" VPOS="2582" WIDTH="41"/>
						<String ID="P34_ST00579" HPOS="2587" VPOS="2523" WIDTH="83" HEIGHT="41" CONTENT="mis" WC="0.99" CC="003"/>
						<SP ID="P34_SP00495" HPOS="2670" VPOS="2582" WIDTH="39"/>
						<String ID="P34_ST00580" HPOS="2709" VPOS="2536" WIDTH="48" HEIGHT="27" CONTENT="en" WC="0.19" CC="69"/>
						<SP ID="P34_SP00496" HPOS="2757" VPOS="2582" WIDTH="42"/>
						<String ID="P34_ST00581" HPOS="2799" VPOS="2521" WIDTH="156" HEIGHT="52" CONTENT="couple" WC="0.98" CC="806064"/>
					</TextLine>
					<TextLine ID="P34_TL00086" HPOS="1785" VPOS="2587" WIDTH="1170" HEIGHT="54">
						<String ID="P34_ST00582" HPOS="1785" VPOS="2593" WIDTH="110" HEIGHT="41" CONTENT="dans" WC="0.93" CC="7999"/>
						<SP ID="P34_SP00497" HPOS="1895" VPOS="2634" WIDTH="36"/>
						<String ID="P34_ST00583" HPOS="1931" VPOS="2607" WIDTH="61" HEIGHT="26" CONTENT="un" WC="1.00" CC="00"/>
						<SP ID="P34_SP00498" HPOS="1992" VPOS="2634" WIDTH="35"/>
						<String ID="P34_ST00584" HPOS="2027" VPOS="2588" WIDTH="252" HEIGHT="53" CONTENT="électrolyte" WC="0.60" CC="90000943068"/>
						<SP ID="P34_SP00499" HPOS="2279" VPOS="2641" WIDTH="33"/>
						<String ID="P34_ST00585" HPOS="2312" VPOS="2587" WIDTH="252" HEIGHT="53" CONTENT="présentent" WC="0.99" CC="0375006000"/>
						<SP ID="P34_SP00500" HPOS="2564" VPOS="2641" WIDTH="33"/>
						<String ID="P34_ST00586" HPOS="2597" VPOS="2594" WIDTH="119" HEIGHT="32" CONTENT="entre" WC="0.98" CC="06600"/>
						<SP ID="P34_SP00501" HPOS="2716" VPOS="2641" WIDTH="34"/>
						<String ID="P34_ST00587" HPOS="2750" VPOS="2597" WIDTH="84" HEIGHT="27" CONTENT="eux" WC="0.98" CC="060"/>
						<SP ID="P34_SP00502" HPOS="2834" VPOS="2641" WIDTH="37"/>
						<String ID="P34_ST00588" HPOS="2871" VPOS="2595" WIDTH="84" HEIGHT="28" CONTENT="une" WC="0.95" CC="509"/>
					</TextLine>
					<TextLine ID="P34_TL00087" HPOS="1785" VPOS="2644" WIDTH="1169" HEIGHT="59">
						<String ID="P34_ST00589" HPOS="1785" VPOS="2653" WIDTH="238" HEIGHT="42" CONTENT="différence" WC="0.98" CC="8763770700"/>
						<SP ID="P34_SP00503" HPOS="2023" VPOS="2695" WIDTH="25"/>
						<String ID="P34_ST00590" HPOS="2048" VPOS="2652" WIDTH="50" HEIGHT="41" CONTENT="de" WC="1.00" CC="00"/>
						<SP ID="P34_SP00504" HPOS="2098" VPOS="2695" WIDTH="23"/>
						<String ID="P34_ST00591" HPOS="2121" VPOS="2649" WIDTH="217" HEIGHT="54" CONTENT="potentiel" WC="0.99" CC="586085000"/>
						<SP ID="P34_SP00505" HPOS="2338" VPOS="2703" WIDTH="24"/>
						<String ID="P34_ST00592" HPOS="2362" VPOS="2660" WIDTH="39" HEIGHT="30" CONTENT="et" WC="1.00" CC="00"/>
						<SP ID="P34_SP00506" HPOS="2401" VPOS="2703" WIDTH="25"/>
						<String ID="P34_ST00593" HPOS="2426" VPOS="2663" WIDTH="84" HEIGHT="39" CONTENT="que" WC="1.00" CC="000"/>
						<SP ID="P34_SP00507" HPOS="2510" VPOS="2703" WIDTH="25"/>
						<String ID="P34_ST00594" HPOS="2535" VPOS="2648" WIDTH="39" HEIGHT="40" CONTENT="la" WC="0.78" CC="40"/>
						<SP ID="P34_SP00508" HPOS="2574" VPOS="2703" WIDTH="25"/>
						<String ID="P34_ST00595" HPOS="2599" VPOS="2646" WIDTH="150" HEIGHT="41" CONTENT="valeur" WC="0.99" CC="000600"/>
						<SP ID="P34_SP00509" HPOS="2749" VPOS="2703" WIDTH="23"/>
						<String ID="P34_ST00596" HPOS="2772" VPOS="2644" WIDTH="102" HEIGHT="54" CONTENT="plus" WC="0.98" CC="0044"/>
						<SP ID="P34_SP00510" HPOS="2874" VPOS="2703" WIDTH="23"/>
						<String ID="P34_ST00597" HPOS="2897" VPOS="2658" WIDTH="57" HEIGHT="26" CONTENT="ou" WC="0.40" CC="65"/>
					</TextLine>
					<TextLine ID="P34_TL00088" HPOS="1785" VPOS="2710" WIDTH="1171" HEIGHT="58">
						<String ID="P34_ST00598" HPOS="1785" VPOS="2716" WIDTH="148" HEIGHT="43" CONTENT="moins" WC="0.96" CC="97290"/>
						<SP ID="P34_SP00511" HPOS="1933" VPOS="2759" WIDTH="26"/>
						<String ID="P34_ST00599" HPOS="1959" VPOS="2713" WIDTH="165" HEIGHT="55" CONTENT="grande" WC="0.97" CC="090875"/>
						<SP ID="P34_SP00512" HPOS="2124" VPOS="2768" WIDTH="26"/>
						<String ID="P34_ST00600" HPOS="2150" VPOS="2712" WIDTH="50" HEIGHT="42" CONTENT="de" WC="1.00" CC="00"/>
						<SP ID="P34_SP00513" HPOS="2200" VPOS="2768" WIDTH="24"/>
						<String ID="P34_ST00601" HPOS="2224" VPOS="2710" WIDTH="163" HEIGHT="42" CONTENT="celle-ci" WC="0.98" CC="04679466"/>
						<SP ID="P34_SP00514" HPOS="2387" VPOS="2768" WIDTH="25"/>
						<String ID="P34_ST00602" HPOS="2412" VPOS="2721" WIDTH="40" HEIGHT="30" CONTENT="et" WC="0.82" CC="03"/>
						<SP ID="P34_SP00515" HPOS="2452" VPOS="2768" WIDTH="25"/>
						<String ID="P34_ST00603" HPOS="2477" VPOS="2723" WIDTH="81" HEIGHT="27" CONTENT="son" WC="0.97" CC="160"/>
						<SP ID="P34_SP00516" HPOS="2558" VPOS="2768" WIDTH="30"/>
						<String ID="P34_ST00604" HPOS="2588" VPOS="2722" WIDTH="108" HEIGHT="31" CONTENT="sens," WC="0.99" CC="10004"/>
						<SP ID="P34_SP00517" HPOS="2696" VPOS="2768" WIDTH="26"/>
						<String ID="P34_ST00605" HPOS="2722" VPOS="2719" WIDTH="201" HEIGHT="29" CONTENT="comman" SUBS_TYPE="HypPart1" SUBS_CONTENT="commandent" WC="0.99" CC="750000"/>
						<HYP HPOS="2923" VPOS="2719" WIDTH="33" CONTENT="-"/>
					</TextLine>
					<TextLine ID="P34_TL00089" HPOS="1786" VPOS="2768" WIDTH="1170" HEIGHT="51">
						<String ID="P34_ST00606" HPOS="1786" VPOS="2778" WIDTH="105" HEIGHT="40" CONTENT="dent" SUBS_TYPE="HypPart2" SUBS_CONTENT="commandent" WC="0.96" CC="1990"/>
						<SP ID="P34_SP00518" HPOS="1891" VPOS="2818" WIDTH="33"/>
						<String ID="P34_ST00607" HPOS="1924" VPOS="2778" WIDTH="40" HEIGHT="41" CONTENT="la" WC="0.81" CC="30"/>
						<SP ID="P34_SP00519" HPOS="1964" VPOS="2819" WIDTH="32"/>
						<String ID="P34_ST00608" HPOS="1996" VPOS="2786" WIDTH="155" HEIGHT="31" CONTENT="nature" WC="0.99" CC="090000"/>
						<SP ID="P34_SP00520" HPOS="2151" VPOS="2819" WIDTH="32"/>
						<String ID="P34_ST00609" HPOS="2183" VPOS="2786" WIDTH="40" HEIGHT="31" CONTENT="et" WC="0.87" CC="02"/>
						<SP ID="P34_SP00521" HPOS="2223" VPOS="2819" WIDTH="35"/>
						<String ID="P34_ST00610" HPOS="2258" VPOS="2775" WIDTH="10" HEIGHT="39" CONTENT="1" WC="0.66" CC="3"/>
						<SP ID="P34_SP00522" HPOS="2268" VPOS="2819" WIDTH="25"/>
						<String ID="P34_ST00611" HPOS="2293" VPOS="2771" WIDTH="206" HEIGHT="42" CONTENT="intensité" WC="0.98" CC="573700157"/>
						<SP ID="P34_SP00523" HPOS="2499" VPOS="2819" WIDTH="33"/>
						<String ID="P34_ST00612" HPOS="2532" VPOS="2770" WIDTH="71" HEIGHT="43" CONTENT="des" WC="0.98" CC="050"/>
						<SP ID="P34_SP00524" HPOS="2603" VPOS="2819" WIDTH="33"/>
						<String ID="P34_ST00613" HPOS="2636" VPOS="2768" WIDTH="214" HEIGHT="42" CONTENT="réactions" WC="0.98" CC="770600690"/>
						<SP ID="P34_SP00525" HPOS="2850" VPOS="2819" WIDTH="34"/>
						<String ID="P34_ST00614" HPOS="2884" VPOS="2780" WIDTH="72" HEIGHT="28" CONTENT="sur" WC="1.00" CC="000"/>
					</TextLine>
					<TextLine ID="P34_TL00090" HPOS="1786" VPOS="2827" WIDTH="1170" HEIGHT="54">
						<String ID="P34_ST00615" HPOS="1786" VPOS="2840" WIDTH="96" HEIGHT="41" CONTENT="l'un" WC="0.96" CC="0099"/>
						<SP ID="P34_SP00526" HPOS="1882" VPOS="2881" WIDTH="28"/>
						<String ID="P34_ST00616" HPOS="1910" VPOS="2853" WIDTH="58" HEIGHT="26" CONTENT="ou" WC="0.23" CC="77"/>
						<SP ID="P34_SP00527" HPOS="1968" VPOS="2881" WIDTH="33"/>
						<String ID="P34_ST00617" HPOS="2001" VPOS="2837" WIDTH="156" HEIGHT="41" CONTENT="l'autre" WC="0.99" CC="5000070"/>
						<SP ID="P34_SP00528" HPOS="2157" VPOS="2881" WIDTH="28"/>
						<String ID="P34_ST00618" HPOS="2185" VPOS="2834" WIDTH="147" HEIGHT="45" CONTENT="métal." WC="0.98" CC="070047"/>
						<SP ID="P34_SP00529" HPOS="2332" VPOS="2881" WIDTH="32"/>
						<String ID="P34_ST00619" HPOS="2364" VPOS="2834" WIDTH="82" HEIGHT="41" CONTENT="Ces" WC="0.99" CC="003"/>
						<SP ID="P34_SP00530" HPOS="2446" VPOS="2881" WIDTH="28"/>
						<String ID="P34_ST00620" HPOS="2474" VPOS="2831" WIDTH="214" HEIGHT="43" CONTENT="réactions" WC="1.00" CC="070030000"/>
						<SP ID="P34_SP00531" HPOS="2688" VPOS="2881" WIDTH="28"/>
						<String ID="P34_ST00621" HPOS="2716" VPOS="2846" WIDTH="40" HEIGHT="25" CONTENT="se" WC="0.52" CC="27"/>
						<SP ID="P34_SP00532" HPOS="2756" VPOS="2881" WIDTH="29"/>
						<String ID="P34_ST00622" HPOS="2785" VPOS="2827" WIDTH="147" HEIGHT="43" CONTENT="tradui" SUBS_TYPE="HypPart1" SUBS_CONTENT="traduisent" WC="0.98" CC="470576"/>
						<HYP HPOS="2932" VPOS="2827" WIDTH="24" CONTENT="-"/>
					</TextLine>
					<TextLine ID="P34_TL00091" HPOS="1778" VPOS="2889" WIDTH="1178" HEIGHT="64">
						<String ID="P34_ST00623" HPOS="1778" VPOS="2912" WIDTH="95" HEIGHT="31" CONTENT="sent" SUBS_TYPE="HypPart2" SUBS_CONTENT="traduisent" WC="0.95" CC="7494"/>
						<SP ID="P34_SP00533" HPOS="1873" VPOS="2943" WIDTH="22"/>
						<String ID="P34_ST00624" HPOS="1895" VPOS="2915" WIDTH="78" HEIGHT="38" CONTENT="par" WC="0.98" CC="600"/>
						<SP ID="P34_SP00534" HPOS="1973" VPOS="2953" WIDTH="23"/>
						<String ID="P34_ST00625" HPOS="1996" VPOS="2914" WIDTH="82" HEIGHT="26" CONTENT="une" WC="0.93" CC="774"/>
						<SP ID="P34_SP00535" HPOS="2078" VPOS="2953" WIDTH="22"/>
						<String ID="P34_ST00626" HPOS="2100" VPOS="2908" WIDTH="179" HEIGHT="43" CONTENT="attaque" WC="0.99" CC="0009064"/>
						<SP ID="P34_SP00536" HPOS="2279" VPOS="2953" WIDTH="23"/>
						<String ID="P34_ST00627" HPOS="2302" VPOS="2893" WIDTH="342" HEIGHT="56" CONTENT="(généralement" WC="1.00" CC="0070870500000"/>
						<SP ID="P34_SP00537" HPOS="2644" VPOS="2953" WIDTH="23"/>
						<String ID="P34_ST00628" HPOS="2667" VPOS="2889" WIDTH="254" HEIGHT="54" CONTENT="oxydation" WC="1.00" CC="000000060"/>
						<SP ID="P34_SP00538" HPOS="2921" VPOS="2953" WIDTH="24"/>
						<String ID="P34_ST00629" HPOS="2945" VPOS="2896" WIDTH="11" HEIGHT="43" CONTENT=")" WC="0.83" CC="1"/>
					</TextLine>
					<TextLine ID="P34_TL00092" HPOS="1787" VPOS="2949" WIDTH="1169" HEIGHT="64">
						<String ID="P34_ST00630" HPOS="1787" VPOS="2964" WIDTH="58" HEIGHT="40" CONTENT="du" WC="0.57" CC="08"/>
						<SP ID="P34_SP00539" HPOS="1845" VPOS="3004" WIDTH="36"/>
						<String ID="P34_ST00631" HPOS="1881" VPOS="2961" WIDTH="132" HEIGHT="42" CONTENT="métal" WC="0.98" CC="07006"/>
						<SP ID="P34_SP00540" HPOS="2013" VPOS="3004" WIDTH="36"/>
						<String ID="P34_ST00632" HPOS="2049" VPOS="2962" WIDTH="35" HEIGHT="41" CONTENT="le" WC="1.00" CC="00"/>
						<SP ID="P34_SP00541" HPOS="2084" VPOS="3004" WIDTH="33"/>
						<String ID="P34_ST00633" HPOS="2117" VPOS="2959" WIDTH="101" HEIGHT="54" CONTENT="plus" WC="0.97" CC="0092"/>
						<SP ID="P34_SP00542" HPOS="2218" VPOS="3013" WIDTH="34"/>
						<String ID="P34_ST00634" HPOS="2252" VPOS="2954" WIDTH="355" HEIGHT="55" CONTENT="électro-positif." WC="0.99" CC="0407076406000044"/>
						<SP ID="P34_SP00543" HPOS="2607" VPOS="3013" WIDTH="37"/>
						<String ID="P34_ST00635" HPOS="2644" VPOS="2954" WIDTH="77" HEIGHT="45" CONTENT="Or," WC="0.98" CC="004"/>
						<SP ID="P34_SP00544" HPOS="2721" VPOS="3013" WIDTH="38"/>
						<String ID="P34_ST00636" HPOS="2759" VPOS="2949" WIDTH="173" HEIGHT="45" CONTENT="l'alumi" SUBS_TYPE="HypPart1" SUBS_CONTENT="l'aluminium" WC="0.99" CC="3006005"/>
						<HYP HPOS="2932" VPOS="2949" WIDTH="24" CONTENT="-"/>
					</TextLine>
					<TextLine ID="P34_TL00093" HPOS="1787" VPOS="3011" WIDTH="1170" HEIGHT="63">
						<String ID="P34_ST00637" HPOS="1787" VPOS="3025" WIDTH="128" HEIGHT="42" CONTENT="nium" SUBS_TYPE="HypPart2" SUBS_CONTENT="l'aluminium" WC="0.98" CC="7300"/>
						<SP ID="P34_SP00545" HPOS="1915" VPOS="3067" WIDTH="29"/>
						<String ID="P34_ST00638" HPOS="1944" VPOS="3039" WIDTH="21" HEIGHT="26" CONTENT="a" WC="1.00" CC="0"/>
						<SP ID="P34_SP00546" HPOS="1965" VPOS="3067" WIDTH="32"/>
						<String ID="P34_ST00639" HPOS="1997" VPOS="3037" WIDTH="59" HEIGHT="26" CONTENT="un" WC="1.00" CC="00"/>
						<SP ID="P34_SP00547" HPOS="2056" VPOS="3067" WIDTH="29"/>
						<String ID="P34_ST00640" HPOS="2085" VPOS="3020" WIDTH="216" HEIGHT="54" CONTENT="potentiel" WC="0.99" CC="062087800"/>
						<SP ID="P34_SP00548" HPOS="2301" VPOS="3074" WIDTH="30"/>
						<String ID="P34_ST00641" HPOS="2331" VPOS="3016" WIDTH="261" HEIGHT="44" CONTENT="d'électrode" WC="0.99" CC="04700009006"/>
						<SP ID="P34_SP00549" HPOS="2592" VPOS="3074" WIDTH="31"/>
						<String ID="P34_ST00642" HPOS="2623" VPOS="3029" WIDTH="117" HEIGHT="28" CONTENT="assez" WC="0.97" CC="95305"/>
						<SP ID="P34_SP00550" HPOS="2740" VPOS="3074" WIDTH="29"/>
						<String ID="P34_ST00643" HPOS="2769" VPOS="3012" WIDTH="127" HEIGHT="46" CONTENT="élevé," WC="0.98" CC="720074"/>
						<SP ID="P34_SP00551" HPOS="2896" VPOS="3074" WIDTH="30"/>
						<String ID="P34_ST00644" HPOS="2926" VPOS="3011" WIDTH="31" HEIGHT="43" CONTENT="il" WC="0.41" CC="65"/>
					</TextLine>
					<TextLine ID="P34_TL00094" HPOS="1787" VPOS="3076" WIDTH="1171" HEIGHT="64">
						<String ID="P34_ST00645" HPOS="1787" VPOS="3102" WIDTH="27" HEIGHT="38" CONTENT="y" WC="1.00" CC="0"/>
						<SP ID="P34_SP00552" HPOS="1814" VPOS="3140" WIDTH="39"/>
						<String ID="P34_ST00646" HPOS="1853" VPOS="3100" WIDTH="103" HEIGHT="28" CONTENT="aura" WC="0.97" CC="0390"/>
						<SP ID="P34_SP00553" HPOS="1956" VPOS="3140" WIDTH="38"/>
						<String ID="P34_ST00647" HPOS="1994" VPOS="3084" WIDTH="115" HEIGHT="41" CONTENT="donc" WC="0.98" CC="0073"/>
						<SP ID="P34_SP00554" HPOS="2109" VPOS="3140" WIDTH="36"/>
						<String ID="P34_ST00648" HPOS="2145" VPOS="3092" WIDTH="118" HEIGHT="31" CONTENT="entre" WC="0.99" CC="00070"/>
						<SP ID="P34_SP00555" HPOS="2263" VPOS="3140" WIDTH="37"/>
						<String ID="P34_ST00649" HPOS="2300" VPOS="3078" WIDTH="308" HEIGHT="45" CONTENT="l'aluminium" WC="0.99" CC="69006050210"/>
						<SP ID="P34_SP00556" HPOS="2608" VPOS="3140" WIDTH="38"/>
						<String ID="P34_ST00650" HPOS="2646" VPOS="3088" WIDTH="39" HEIGHT="31" CONTENT="et" WC="1.00" CC="00"/>
						<SP ID="P34_SP00557" HPOS="2685" VPOS="3140" WIDTH="38"/>
						<String ID="P34_ST00651" HPOS="2723" VPOS="3076" WIDTH="56" HEIGHT="41" CONTENT="les" WC="0.97" CC="304"/>
						<SP ID="P34_SP00558" HPOS="2779" VPOS="3140" WIDTH="36"/>
						<String ID="P34_ST00652" HPOS="2815" VPOS="3084" WIDTH="143" HEIGHT="30" CONTENT="autres" WC="0.97" CC="906606"/>
					</TextLine>
					<TextLine ID="P34_TL00095" HPOS="1788" VPOS="3135" WIDTH="1170" HEIGHT="62">
						<String ID="P34_ST00653" HPOS="1788" VPOS="3147" WIDTH="195" HEIGHT="45" CONTENT="métaux," WC="0.99" CC="0700004"/>
						<SP ID="P34_SP00559" HPOS="1983" VPOS="3192" WIDTH="47"/>
						<String ID="P34_ST00654" HPOS="2030" VPOS="3161" WIDTH="51" HEIGHT="26" CONTENT="en" WC="1.00" CC="00"/>
						<SP ID="P34_SP00560" HPOS="2081" VPOS="3192" WIDTH="43"/>
						<String ID="P34_ST00655" HPOS="2124" VPOS="3144" WIDTH="198" HEIGHT="53" CONTENT="présence" WC="0.99" CC="06710900"/>
						<SP ID="P34_SP00561" HPOS="2322" VPOS="3197" WIDTH="44"/>
						<String ID="P34_ST00656" HPOS="2366" VPOS="3138" WIDTH="285" HEIGHT="49" CONTENT="d'humidité," WC="0.99" CC="07100400577"/>
						<SP ID="P34_SP00562" HPOS="2651" VPOS="3197" WIDTH="47"/>
						<String ID="P34_ST00657" HPOS="2698" VPOS="3152" WIDTH="60" HEIGHT="26" CONTENT="un" WC="0.79" CC="40"/>
						<SP ID="P34_SP00563" HPOS="2758" VPOS="3197" WIDTH="43"/>
						<String ID="P34_ST00658" HPOS="2801" VPOS="3135" WIDTH="157" HEIGHT="54" CONTENT="couple" WC="0.99" CC="036050"/>
					</TextLine>
					<TextLine ID="P34_TL00096" HPOS="1788" VPOS="3202" WIDTH="1170" HEIGHT="60">
						<String ID="P34_ST00659" HPOS="1788" VPOS="3208" WIDTH="333" HEIGHT="54" CONTENT="électrolytique" WC="0.56" CC="80440664008079"/>
						<SP ID="P34_SP00564" HPOS="2121" VPOS="3262" WIDTH="60"/>
						<String ID="P34_ST00660" HPOS="2181" VPOS="3205" WIDTH="91" HEIGHT="54" CONTENT="qui," WC="0.98" CC="0601"/>
						<SP ID="P34_SP00565" HPOS="2272" VPOS="3262" WIDTH="61"/>
						<String ID="P34_ST00661" HPOS="2333" VPOS="3202" WIDTH="336" HEIGHT="55" CONTENT="généralement," WC="1.00" CC="0707000000054"/>
						<SP ID="P34_SP00566" HPOS="2669" VPOS="3262" WIDTH="61"/>
						<String ID="P34_ST00662" HPOS="2730" VPOS="3209" WIDTH="228" HEIGHT="42" CONTENT="attaquera" WC="0.99" CC="006000009"/>
					</TextLine>
					<TextLine ID="P34_TL00097" HPOS="1788" VPOS="3260" WIDTH="1171" HEIGHT="59">
						<String ID="P34_ST00663" HPOS="1788" VPOS="3269" WIDTH="323" HEIGHT="45" CONTENT="l'aluminium." WC="0.99" CC="440360273204"/>
						<SP ID="P34_SP00567" HPOS="2111" VPOS="3314" WIDTH="26"/>
						<String ID="P34_ST00664" HPOS="2137" VPOS="3268" WIDTH="59" HEIGHT="41" CONTENT="Le" WC="0.66" CC="06"/>
						<SP ID="P34_SP00568" HPOS="2196" VPOS="3314" WIDTH="25"/>
						<String ID="P34_ST00665" HPOS="2221" VPOS="3267" WIDTH="162" HEIGHT="52" CONTENT="danger" WC="1.00" CC="000000"/>
						<SP ID="P34_SP00569" HPOS="2383" VPOS="3319" WIDTH="25"/>
						<String ID="P34_ST00666" HPOS="2408" VPOS="3275" WIDTH="61" HEIGHT="30" CONTENT="est" WC="0.98" CC="040"/>
						<SP ID="P34_SP00570" HPOS="2469" VPOS="3319" WIDTH="22"/>
						<String ID="P34_ST00667" HPOS="2491" VPOS="3273" WIDTH="177" HEIGHT="32" CONTENT="surtout" WC="0.98" CC="0775007"/>
						<SP ID="P34_SP00571" HPOS="2668" VPOS="3319" WIDTH="24"/>
						<String ID="P34_ST00668" HPOS="2692" VPOS="3260" WIDTH="141" HEIGHT="53" CONTENT="grand" WC="0.99" CC="06000"/>
						<SP ID="P34_SP00572" HPOS="2833" VPOS="3319" WIDTH="27"/>
						<String ID="P34_ST00669" HPOS="2860" VPOS="3272" WIDTH="99" HEIGHT="28" CONTENT="avec" WC="0.96" CC="9006"/>
					</TextLine>
					<TextLine ID="P34_TL00098" HPOS="1788" VPOS="3319" WIDTH="1168" HEIGHT="56">
						<String ID="P34_ST00670" HPOS="1788" VPOS="3335" WIDTH="37" HEIGHT="40" CONTENT="le" WC="0.59" CC="80"/>
						<SP ID="P34_SP00573" HPOS="1825" VPOS="3375" WIDTH="22"/>
						<String ID="P34_ST00671" HPOS="1847" VPOS="3333" WIDTH="144" HEIGHT="42" CONTENT="cuivre" WC="0.98" CC="243070"/>
						<SP ID="P34_SP00574" HPOS="1991" VPOS="3375" WIDTH="22"/>
						<String ID="P34_ST00672" HPOS="2013" VPOS="3343" WIDTH="40" HEIGHT="30" CONTENT="et" WC="0.38" CC="92"/>
						<SP ID="P34_SP00575" HPOS="2053" VPOS="3375" WIDTH="21"/>
						<String ID="P34_ST00673" HPOS="2074" VPOS="3332" WIDTH="36" HEIGHT="41" CONTENT="le" WC="0.86" CC="20"/>
						<SP ID="P34_SP00576" HPOS="2110" VPOS="3375" WIDTH="22"/>
						<String ID="P34_ST00674" HPOS="2132" VPOS="3330" WIDTH="84" HEIGHT="44" CONTENT="fer;" WC="0.96" CC="3077"/>
						<SP ID="P34_SP00577" HPOS="2216" VPOS="3375" WIDTH="28"/>
						<String ID="P34_ST00675" HPOS="2244" VPOS="3330" WIDTH="30" HEIGHT="41" CONTENT="il" WC="0.84" CC="03"/>
						<SP ID="P34_SP00578" HPOS="2274" VPOS="3375" WIDTH="23"/>
						<String ID="P34_ST00676" HPOS="2297" VPOS="3338" WIDTH="61" HEIGHT="31" CONTENT="est" WC="0.98" CC="013"/>
						<SP ID="P34_SP00579" HPOS="2358" VPOS="3375" WIDTH="27"/>
						<String ID="P34_ST00677" HPOS="2385" VPOS="3324" WIDTH="205" HEIGHT="44" CONTENT="moindre" WC="1.00" CC="0400000"/>
						<SP ID="P34_SP00580" HPOS="2590" VPOS="3375" WIDTH="24"/>
						<String ID="P34_ST00678" HPOS="2614" VPOS="3338" WIDTH="98" HEIGHT="27" CONTENT="avec" WC="0.99" CC="0004"/>
						<SP ID="P34_SP00581" HPOS="2712" VPOS="3375" WIDTH="26"/>
						<String ID="P34_ST00679" HPOS="2738" VPOS="3323" WIDTH="36" HEIGHT="41" CONTENT="le" WC="0.81" CC="30"/>
						<SP ID="P34_SP00582" HPOS="2774" VPOS="3375" WIDTH="23"/>
						<String ID="P34_ST00680" HPOS="2797" VPOS="3319" WIDTH="159" HEIGHT="43" CONTENT="laiton." WC="0.99" CC="5005004"/>
					</TextLine>
					<TextLine ID="P34_TL00099" HPOS="1788" VPOS="3382" WIDTH="1171" HEIGHT="65">
						<String ID="P34_ST00681" HPOS="1788" VPOS="3397" WIDTH="60" HEIGHT="41" CONTENT="Le" WC="0.85" CC="20"/>
						<SP ID="P34_SP00583" HPOS="1848" VPOS="3438" WIDTH="38"/>
						<String ID="P34_ST00682" HPOS="1886" VPOS="3394" WIDTH="156" HEIGHT="53" CONTENT="couple" WC="0.98" CC="606700"/>
						<SP ID="P34_SP00584" HPOS="2042" VPOS="3447" WIDTH="40"/>
						<String ID="P34_ST00683" HPOS="2082" VPOS="3390" WIDTH="399" HEIGHT="44" CONTENT="zinc-aluminium" WC="1.00" CC="00034050019200"/>
						<SP ID="P34_SP00585" HPOS="2481" VPOS="3447" WIDTH="40"/>
						<String ID="P34_ST00684" HPOS="2521" VPOS="3398" WIDTH="61" HEIGHT="31" CONTENT="est" WC="0.96" CC="055"/>
						<SP ID="P34_SP00586" HPOS="2582" VPOS="3447" WIDTH="40"/>
						<String ID="P34_ST00685" HPOS="2622" VPOS="3385" WIDTH="82" HEIGHT="43" CONTENT="très" WC="0.94" CC="2779"/>
						<SP ID="P34_SP00587" HPOS="2704" VPOS="3447" WIDTH="40"/>
						<String ID="P34_ST00686" HPOS="2744" VPOS="3382" WIDTH="136" HEIGHT="43" CONTENT="faible" WC="0.97" CC="570256"/>
						<SP ID="P34_SP00588" HPOS="2880" VPOS="3447" WIDTH="39"/>
						<String ID="P34_ST00687" HPOS="2919" VPOS="3390" WIDTH="40" HEIGHT="32" CONTENT="et" WC="0.54" CC="71"/>
					</TextLine>
					<TextLine ID="P34_TL00100" HPOS="1788" VPOS="3457" WIDTH="381" HEIGHT="57">
						<String ID="P34_ST00688" HPOS="1788" VPOS="3476" WIDTH="83" HEIGHT="38" CONTENT="peu" WC="0.94" CC="609"/>
						<SP ID="P34_SP00589" HPOS="1871" VPOS="3514" WIDTH="33"/>
						<String ID="P34_ST00689" HPOS="1904" VPOS="3460" WIDTH="20" HEIGHT="40" CONTENT="à" WC="0.18" CC="8"/>
						<SP ID="P34_SP00590" HPOS="1924" VPOS="3514" WIDTH="35"/>
						<String ID="P34_ST00690" HPOS="1959" VPOS="3457" WIDTH="210" HEIGHT="43" CONTENT="craindre." WC="0.98" CC="409097904"/>
					</TextLine>
					<TextLine ID="P34_TL00101" HPOS="1856" VPOS="3528" WIDTH="1103" HEIGHT="56">
						<String ID="P34_ST00691" HPOS="1856" VPOS="3535" WIDTH="121" HEIGHT="41" CONTENT="Pour" WC="0.94" CC="0699"/>
						<SP ID="P34_SP00591" HPOS="1977" VPOS="3576" WIDTH="27"/>
						<String ID="P34_ST00692" HPOS="2004" VPOS="3534" WIDTH="146" HEIGHT="46" CONTENT="éviter," WC="0.98" CC="7070704"/>
						<SP ID="P34_SP00592" HPOS="2150" VPOS="3580" WIDTH="31"/>
						<String ID="P34_ST00693" HPOS="2181" VPOS="3548" WIDTH="48" HEIGHT="25" CONTENT="en" WC="1.00" CC="00"/>
						<SP ID="P34_SP00593" HPOS="2229" VPOS="3580" WIDTH="33"/>
						<String ID="P34_ST00694" HPOS="2262" VPOS="3530" WIDTH="280" HEIGHT="54" CONTENT="atmosphère" WC="0.99" CC="0006105790"/>
						<SP ID="P34_SP00594" HPOS="2542" VPOS="3584" WIDTH="28"/>
						<String ID="P34_ST00695" HPOS="2570" VPOS="3528" WIDTH="197" HEIGHT="44" CONTENT="humide," WC="1.00" CC="1000004"/>
						<SP ID="P34_SP00595" HPOS="2767" VPOS="3584" WIDTH="31"/>
						<String ID="P34_ST00696" HPOS="2798" VPOS="3528" WIDTH="39" HEIGHT="42" CONTENT="la" WC="0.93" CC="10"/>
						<SP ID="P34_SP00596" HPOS="2837" VPOS="3584" WIDTH="27"/>
						<String ID="P34_ST00697" HPOS="2864" VPOS="3542" WIDTH="72" HEIGHT="27" CONTENT="cor" SUBS_TYPE="HypPart1" SUBS_CONTENT="corrosion" WC="0.98" CC="900"/>
						<HYP HPOS="2936" VPOS="3542" WIDTH="23" CONTENT="-"/>
					</TextLine>
					<TextLine ID="P34_TL00102" HPOS="1790" VPOS="3589" WIDTH="1171" HEIGHT="59">
						<String ID="P34_ST00698" HPOS="1790" VPOS="3597" WIDTH="150" HEIGHT="42" CONTENT="rosion" SUBS_TYPE="HypPart2" SUBS_CONTENT="corrosion" WC="0.97" CC="084089"/>
						<SP ID="P34_SP00597" HPOS="1940" VPOS="3639" WIDTH="33"/>
						<String ID="P34_ST00699" HPOS="1973" VPOS="3595" WIDTH="333" HEIGHT="53" CONTENT="électrolytique" WC="0.62" CC="01793660007090"/>
						<SP ID="P34_SP00598" HPOS="2306" VPOS="3648" WIDTH="28"/>
						<String ID="P34_ST00700" HPOS="2334" VPOS="3594" WIDTH="49" HEIGHT="40" CONTENT="de" WC="1.00" CC="00"/>
						<SP ID="P34_SP00599" HPOS="2383" VPOS="3648" WIDTH="29"/>
						<String ID="P34_ST00701" HPOS="2412" VPOS="3591" WIDTH="321" HEIGHT="45" CONTENT="l'aluminium," WC="0.99" CC="400590604044"/>
						<SP ID="P34_SP00600" HPOS="2733" VPOS="3648" WIDTH="32"/>
						<String ID="P34_ST00702" HPOS="2765" VPOS="3605" WIDTH="60" HEIGHT="26" CONTENT="on" WC="0.46" CC="37"/>
						<SP ID="P34_SP00601" HPOS="2825" VPOS="3648" WIDTH="28"/>
						<String ID="P34_ST00703" HPOS="2853" VPOS="3589" WIDTH="87" HEIGHT="41" CONTENT="veil" SUBS_TYPE="HypPart1" SUBS_CONTENT="veillera" WC="0.99" CC="0603"/>
						<HYP HPOS="2940" VPOS="3589" WIDTH="21" CONTENT="-"/>
					</TextLine>
					<TextLine ID="P34_TL00103" HPOS="1792" VPOS="3651" WIDTH="1169" HEIGHT="57">
						<String ID="P34_ST00704" HPOS="1792" VPOS="3660" WIDTH="83" HEIGHT="43" CONTENT="lera" SUBS_TYPE="HypPart2" SUBS_CONTENT="veillera" WC="0.96" CC="6550"/>
						<SP ID="P34_SP00602" HPOS="1875" VPOS="3703" WIDTH="32"/>
						<String ID="P34_ST00705" HPOS="1907" VPOS="3659" WIDTH="115" HEIGHT="41" CONTENT="donc" WC="0.96" CC="2690"/>
						<SP ID="P34_SP00603" HPOS="2022" VPOS="3703" WIDTH="33"/>
						<String ID="P34_ST00706" HPOS="2055" VPOS="3658" WIDTH="21" HEIGHT="39" CONTENT="à" WC="1.00" CC="9"/>
						<SP ID="P34_SP00604" HPOS="2076" VPOS="3703" WIDTH="32"/>
						<String ID="P34_ST00707" HPOS="2108" VPOS="3672" WIDTH="51" HEIGHT="26" CONTENT="ne" WC="0.44" CC="55"/>
						<SP ID="P34_SP00605" HPOS="2159" VPOS="3703" WIDTH="29"/>
						<String ID="P34_ST00708" HPOS="2188" VPOS="3671" WIDTH="77" HEIGHT="37" CONTENT="pas" WC="0.99" CC="002"/>
						<SP ID="P34_SP00606" HPOS="2265" VPOS="3708" WIDTH="30"/>
						<String ID="P34_ST00709" HPOS="2295" VPOS="3656" WIDTH="35" HEIGHT="42" CONTENT="le" WC="0.69" CC="60"/>
						<SP ID="P34_SP00607" HPOS="2330" VPOS="3708" WIDTH="30"/>
						<String ID="P34_ST00710" HPOS="2360" VPOS="3665" WIDTH="155" HEIGHT="32" CONTENT="mettre" WC="0.99" CC="006070"/>
						<SP ID="P34_SP00608" HPOS="2515" VPOS="3708" WIDTH="32"/>
						<String ID="P34_ST00711" HPOS="2547" VPOS="3669" WIDTH="52" HEIGHT="27" CONTENT="au" WC="0.25" CC="95"/>
						<SP ID="P34_SP00609" HPOS="2599" VPOS="3708" WIDTH="30"/>
						<String ID="P34_ST00712" HPOS="2629" VPOS="3663" WIDTH="176" HEIGHT="33" CONTENT="contact" WC="0.98" CC="0006906"/>
						<SP ID="P34_SP00610" HPOS="2805" VPOS="3708" WIDTH="29"/>
						<String ID="P34_ST00713" HPOS="2834" VPOS="3651" WIDTH="102" HEIGHT="43" CONTENT="d'au" SUBS_TYPE="HypPart1" SUBS_CONTENT="d'autrès" WC="0.98" CC="0405"/>
						<HYP HPOS="2936" VPOS="3651" WIDTH="25" CONTENT="-"/>
					</TextLine>
				</TextBlock>
			</PrintSpace>
		</Page>
	</Layout>
</alto>
