3152 4181
170 4046 48 22 266

176 182 74 28 sank
275 181 50 28 auf
348 182 84 27 seine
456 180 115 30 Hände,
597 177 78 28 warf
700 175 130 33 qualvoll
858 175 55 29 das
940 177 108 27 katzen-

176 233 78 30 artig
277 230 150 29 entstellte
451 228 101 32 Haupt
575 229 28 25 in
628 227 58 27 den
711 224 123 30 Nacken
860 226 60 28 und
945 226 118 32 begann

176 281 54 28 mit
272 278 199 31 schmerzlich
505 283 207 24 verzogenem
747 274 95 29 Mund
888 276 47 28 ein
978 276 70 27 herz-

176 330 224 28 erbrechendes
421 327 131 32 Miauen,
573 323 262 31 leidenschaftlich
854 325 134 33 bemüht,
1011 325 54 27 das

176 378 253 33 Triumphgeheul
461 377 53 27 des
544 374 190 33 glücklichen
762 374 231 29 Nebenbuhlers
1023 381 37 21 zu

174 429 178 28 übertönen.
399 426 52 28 Ein
490 426 112 28 kurzes
641 424 168 30 Auflachen
837 424 64 30 Ulis
930 424 135 31 erklang,

174 477 198 30 befremdlich
394 478 27 26 in
446 475 99 29 seiner
568 474 214 30 Trockenheit.
827 474 238 32 Schopenhauer

176 529 82 32 aber,
277 528 53 28 der
349 527 102 30 erregt
470 525 60 28 und
550 527 52 26 mit
621 525 171 28 sonderbar
812 524 140 30 scharfen
972 522 70 27 Wen-

176 579 120 30 dungen
315 576 59 29 und
396 577 51 26 mit
469 576 211 30 gesträubtem
703 575 125 32 Rücken
849 575 84 28 saine
956 572 108 28 Herrin

176 627 173 32 umkreiste,
378 624 68 29 fuhr
474 624 220 30 wutfauchend
743 624 60 29 und
850 624 51 28 mit
948 623 117 31 grünen

174 676 115 33 Augen,
318 675 138 31 Aladjew
484 676 162 32 entgegen.
696 675 40 28 So
767 675 126 28 stierten
922 671 64 29 sich
1017 670 47 28 die

174 727 121 30 Gegner
324 727 66 26 eine
421 725 98 28 Weile
548 725 169 29 fletschend
756 724 59 28 und
855 722 59 28 voll
954 720 109 29 blöden

173 776 115 27 Hasses
308 783 47 20 an.
393 776 154 31 Lediglich
569 774 256 33 Schopenhauers
844 770 144 33 Schweif,
1009 770 54 28 der

172 826 231 31 kerzengerade
433 826 60 27 und
525 826 104 27 erbost
677 825 29 27 in
736 824 56 27 den
823 821 112 29 Aether
968 819 97 34 stach,

171 877 97 26 störte
291 875 48 29 die
363 875 187 32 Symmetrie
574 875 53 28 des
653 871 273 35 ungewöhnlichen
952 870 111 33 Bildes,

173 925 47 31 bis
245 925 63 29 sich
336 925 148 33 langsam,
510 924 160 29 behutsam
699 924 46 27 die
773 921 183 30 elastischen
983 920 64 29 Glie-

172 975 53 29 der
252 976 54 28 des
332 974 110 32 Katers
470 975 106 28 lösten.
623 973 38 28 Er
689 972 65 33 glitt
800 971 110 29 lautlos
939 971 124 33 zurück,

172 1025 140 29 offenbar
332 1026 27 26 in
380 1025 114 31 listiger
515 1023 134 33 Absicht,
670 1022 64 30 sich
752 1023 60 27 wie
831 1030 70 20 zum
922 1021 141 33 Sprunge

171 1075 82 29 dicht
298 1083 38 20 an
382 1075 57 28 den
486 1073 106 29 Boden
630 1073 146 28 kauernd.
824 1071 64 29 Das
916 1070 148 30 lauernde

172 1125 232 32 sprungbereite
431 1123 72 29 Tier
541 1123 157 29 erweckte
728 1123 28 27 in
787 1121 157 32 Aladjews
973 1121 90 29 Seele

174 1176 66 27 eine
288 1174 132 29 sinnlose
468 1172 222 33 phänomenale
738 1172 62 28 und
848 1171 208 29 unzähmbare

169 1224 121 33 Furcht,
317 1225 66 27 eine
409 1223 122 34 Furcht,
577 1223 47 28 die
653 1224 28 27 in
710 1223 117 28 seinem
855 1223 209 31 gemarterten

170 1273 112 29 Gehirn
311 1273 140 29 vollends
480 1274 59 27 den
567 1272 101 30 kalten
698 1272 171 30 Wahnsinn
900 1271 162 30 entfachte.

169 1323 38 29 Er
226 1324 77 29 stieß
322 1325 47 27 ein
388 1323 88 29 tiefes
495 1323 141 33 dumpfes
653 1323 122 29 Brüllen
795 1331 64 25 aus,
878 1324 60 27 wie
955 1331 33 20 es
1007 1330 55 20 nur

170 1375 65 27 eine
261 1374 201 32 grenzenlose
488 1373 113 29 Furcht
625 1373 136 32 gebären
785 1373 90 33 kann,
903 1374 46 26 ein
976 1372 70 28 Brül-

168 1424 58 33 len,
247 1425 56 27 das
323 1423 83 29 nicht
427 1432 54 20 aus
501 1423 138 34 Lungen,
660 1423 134 29 sondern
815 1431 54 20 aus
891 1422 153 32 Eingewei-

170 1475 56 27 den
247 1482 38 21 zu
303 1475 143 28 kommen
465 1474 104 29 schien
592 1474 58 28 und
672 1475 27 27 in
721 1473 168 28 rollendem
910 1472 152 32 Rythmus

169 1524 48 28 die
244 1524 218 29 Glasscheiben
489 1524 147 29 erklirren
661 1524 67 28 ließ.
774 1522 88 29 Dann
889 1530 114 23 sprang
1029 1529 32 21 er

169 1574 52 28 auf
246 1574 61 28 und
336 1575 52 27 mit
416 1574 110 32 großer
575 1573 230 33 angstgejagter
835 1572 142 29 Gebärde
1007 1579 53 20 zur

167 1623 61 28 Tür
258 1625 106 27 hinaus
392 1623 60 29 und
479 1625 47 27 die
555 1623 110 28 dunkle
693 1622 120 32 Treppe
840 1622 149 32 hinunter,
1016 1621 45 28 als

167 1682 91 19 wenn
282 1674 54 28 der
360 1673 176 32 leibhaftige
559 1672 105 29 Teufel
688 1673 60 28 ihm
773 1673 53 28 mit
849 1672 102 28 kalten
975 1670 68 32 Kral-

167 1724 48 28 len
253 1725 38 27 im
319 1720 125 32 Nacken
482 1723 81 29 säße.
609 1722 251 34 Schopenhauer,
888 1721 173 32 anfänglich

166 1774 145 28 verdutzt
331 1774 94 28 durch
447 1774 55 28 das
524 1773 241 33 Furchtgebrüll,
786 1773 164 28 verharrte
973 1772 88 28 einen

167 1823 186 33 Augenblick
379 1824 53 28 mit
456 1823 235 33 zugekniffenen
714 1823 107 31 Augen
845 1823 61 28 und
931 1821 112 29 zurück-

167 1873 141 33 gelegten
331 1873 118 33 Ohren;
484 1874 78 28 dann
588 1873 93 29 schoß
706 1882 31 19 er
760 1875 61 26 wie
843 1873 46 30 ein
914 1872 147 29 Schatten

168 1924 95 28 durch
281 1924 48 28 die
347 1924 69 28 Luft
435 1924 51 28 auf
504 1924 59 29 den
580 1923 69 29 Flur
667 1924 61 28 und
745 1923 74 29 über
841 1924 47 27 die
907 1923 135 28 knacken-

169 1974 57 28 den
251 1973 106 30 Stufen
384 1974 68 28 dem
478 1973 183 29 Fliehenden
687 1973 87 29 nach.

224 2023 74 29 War
324 2032 33 21 es
382 2025 53 28 der
460 2024 179 32 suggestive
663 2023 153 29 Eindruck
841 2024 100 28 dieses
966 2023 80 28 fabel-

168 2073 102 29 haften
297 2073 180 34 Vorganges
503 2074 74 29 oder
602 2082 106 21 waren
737 2075 43 27 sie
808 2074 131 28 ohnehin
966 2073 96 28 schon

168 2124 69 28 dem
266 2124 169 29 Wahnsinn
462 2124 158 33 verfallen,
667 2124 178 32 urplötzlich
876 2124 100 28 hüben
1007 2124 53 28 der

167 2174 376 29 nieder-österreichische
574 2174 136 29 Musiker
740 2175 61 27 und
832 2175 52 27 der
915 2173 145 29 dänische

168 2223 163 30 Bildhauer
353 2233 37 20 zu
412 2224 141 29 schreien
576 2232 36 21 an
635 2225 60 28 wie
718 2233 96 20 zuvor
838 2225 138 31 Aladjew
1000 2223 60 29 und

167 2276 150 27 stürmten
343 2274 137 32 polternd
507 2275 107 28 hinaus
640 2275 58 28 und
727 2274 195 29 hinterdrein.

224 2324 29 28 In
298 2325 54 28 der
396 2324 97 30 stillen
540 2324 182 33 Umgebung
769 2326 53 28 der
869 2324 193 29 nächtlichen

169 2373 109 30 Straße
301 2375 108 28 wurde
435 2383 32 20 es
491 2375 150 32 lebendig.
686 2374 54 29 Ein
764 2374 89 29 Hund
880 2374 107 33 schlug
1014 2383 46 25 an,

169 2424 127 30 Fenster
346 2424 133 30 öffneten
530 2425 63 29 sich
625 2425 61 29 und
717 2425 219 28 verwunderte
966 2425 94 28 Hälse

167 2475 127 28 reckten
313 2475 47 28 die
380 2474 96 33 Köpfe
494 2476 112 27 heraus
625 2475 78 28 nach
722 2476 58 27 den
797 2475 66 28 drei
882 2474 179 34 Menschen,

169 2524 49 28 die
245 2526 53 27 mit
324 2524 256 33 unvernünftigen
608 2526 173 32 Gebärden,
809 2526 162 28 schreiend
1001 2525 60 28 und

170 2575 139 27 miauend
334 2576 29 26 in
388 2575 52 28 der
464 2576 109 27 trüben
598 2575 174 29 Mondhelle
799 2575 48 29 die
872 2575 110 29 Straße
1008 2576 53 28 mit

170 2624 53 27 der
245 2624 119 29 weißen
383 2624 313 34 Bogenlampenreihe
717 2624 240 30 hinunterliefen.
990 2624 72 30 Dies

170 2674 74 28 alles
266 2674 120 28 machte
410 2675 88 28 einen
519 2675 83 28 solch
627 2675 167 29 seltsamen
816 2675 162 34 Eindruck,
1002 2675 59 29 daß

171 2724 47 28 die
249 2725 108 30 späten
388 2723 254 36 Spaziergänger,
683 2726 47 28 die
762 2725 52 29 der
847 2724 209 33 Erscheinung

170 2773 201 35 begegneten,
396 2775 81 28 nicht
499 2783 55 19 nur
577 2776 200 28 verwundert
801 2775 107 29 stellen
932 2775 130 34 blieben,

169 2824 134 28 sondern
328 2824 217 29 unwillkürlich
571 2827 45 26 ins
642 2824 117 29 Laufen
785 2826 144 32 gerieten,
957 2827 44 27 sei
1028 2834 34 19 es

170 2881 55 21 aus
252 2873 172 33 Neugierde
471 2874 74 29 oder
583 2877 86 26 unter
698 2876 100 30 jenem
825 2876 237 27 unbestimmten

169 2923 124 34 Zwang,
324 2924 53 28 der
408 2923 168 29 Menschen
607 2924 99 28 laufen
738 2925 110 34 macht,
896 2933 91 20 wenn
1017 2926 44 28 sie

169 2974 113 28 andere
306 2974 100 29 laufen
433 2975 103 28 sehen.

226 3023 80 29 Alles
333 3026 97 30 geriet
456 3026 27 27 in
512 3025 139 31 kopflose
698 3025 263 29 verständnislose
989 3025 55 28 Auf-

170 3081 117 24 regung
313 3075 57 27 und
397 3074 190 34 Bewegung,
611 3075 101 28 schrie
736 3075 61 28 und
822 3075 117 28 brüllte.
985 3075 76 32 Rufe

171 3123 54 28 des
254 3123 152 29 Staunens
435 3126 60 26 und
526 3126 54 27 des
609 3124 193 29 Schreckens
832 3126 128 27 wurden
990 3125 71 34 laut,

170 3172 77 29 Höfe
267 3174 61 27 und
345 3173 231 30 Seitenstraßen
594 3175 87 32 spien
700 3174 153 29 kläffende
873 3174 109 29 Hunde
1002 3175 59 28 und

169 3222 171 29 fauchende
365 3223 115 31 Katzen
509 3233 65 25 aus,
602 3225 47 28 die
678 3225 144 28 einander
851 3225 122 28 hetzten
1001 3225 61 28 und

170 3273 27 27 in
228 3273 51 27 der
310 3272 198 33 allgemeinen
538 3274 79 32 Jagd
646 3274 143 34 kläffend,
819 3274 152 29 fauchend
1001 3275 60 28 und

171 3321 127 29 heulend
323 3323 68 27 dem
414 3323 162 30 Schwärm
599 3324 163 30 lächerlich
787 3325 164 28 hastender
974 3324 66 28 Men-

171 3371 94 29 schen
312 3371 121 33 folgten.
482 3373 41 29 So
551 3375 126 28 kollerte
707 3375 47 28 die
783 3374 122 34 Menge,
945 3373 117 30 Nikolai

171 3421 214 30 Iwanowitsch
417 3423 137 31 Aladjew
604 3425 58 28 und
713 3425 239 32 Schopenhauer
985 3424 76 28 allen

169 3479 124 26 voraus,
316 3472 47 28 die
384 3472 240 33 Leopoldstraße
644 3474 139 30 hinunter
805 3475 60 28 und
888 3474 174 29 schließlich

171 3529 49 20 um
249 3523 46 27 die
322 3521 82 30 Ecke
432 3523 81 28 einer
542 3523 118 34 Straße,
707 3526 47 28 die
781 3533 70 20 zum
879 3524 181 32 Englischen

172 3570 114 29 Garten
312 3571 89 29 führt.
451 3572 120 29 Gerade
601 3573 43 29 als
673 3575 53 27 der
756 3574 161 29 Schwärm
947 3576 29 27 in
1006 3575 54 28 das

171 3619 118 30 Dunkel
319 3622 53 28 des
400 3622 118 29 Parkes
556 3624 158 31 einbiegen
743 3624 112 34 wollte,
903 3625 159 28 flammten

169 3672 82 28 *wei
275 3671 87 31 gelbe
388 3671 235 29 Blendlaternen
650 3673 58 34 auf,
737 3675 65 28 eine
827 3674 88 33 Hupe
942 3676 119 28 ertönte

171 3720 59 27 und
259 3722 44 26 ein
334 3721 216 30 Elektromobil
578 3722 66 32 glitt
670 3724 257 30 gedankeschnell
957 3725 104 28 heran.

171 3768 52 28 Als
241 3777 91 21 wenn
350 3771 53 28 der
423 3772 238 29 rücksichtslose
681 3775 75 26 stets
776 3775 117 31 gleiche
910 3775 78 28 Laut
1007 3775 54 28 der

172 3817 88 33 Hupe
281 3819 58 29 den
360 3819 86 29 Bann
467 3822 175 31 gebrochen
662 3822 92 33 hätte,
776 3825 122 31 stoppte
920 3824 141 32 plötzlich

173 3868 47 28 die
241 3869 196 31 geisterhafte
460 3870 86 32 Jagd.
587 3872 64 28 Das
674 3871 216 31 Elektromobil
913 3874 148 29 knisterte

172 3918 197 29 interesselos
392 3927 36 20 an
454 3920 67 29 dem
546 3921 139 29 Häuflein
707 3923 235 29 verwunderter
968 3924 75 32 abge-

173 3966 116 30 hetzter
313 3967 167 31 Menschen
503 3971 115 32 vorbei,
643 3972 47 27 die
714 3972 63 27 sich
802 3973 176 28 unwissend
999 3972 47 30 fra-

1142 172 78 33 gend
1246 171 136 28 ansahen
1405 172 61 28 und
1490 172 171 29 schließlich
1689 169 160 29 beschämt
1874 176 60 20 von
1961 167 56 28 dan-

1143 231 56 19 nen
1220 220 163 34 schlichen,
1404 221 143 30 indessen
1570 223 47 27 die
1637 221 117 31 Katzen
1776 221 49 27 die
1848 219 116 28 Bäume
1988 226 32 20 er-

1142 273 116 30 stiegen
1289 270 57 28 und
1375 271 47 28 die
1450 272 118 34 Hunde,
1597 273 75 28 allen
1702 271 103 29 Hader
1833 268 202 34 vergessend,

1143 320 86 31 eifrig
1250 320 97 28 hinter
1369 322 82 27 einer
1474 322 121 29 Hündin
1615 322 276 33 hergaloppierten,
1914 321 47 27 die
1983 320 52 27 mit

1142 371 239 31 eingezogenem
1406 370 153 30 Schwanz
1585 381 73 24 Quer
1683 373 73 28 über
1782 373 46 27 die
1854 370 181 30 Grasfläche

1141 420 69 27 floh.

1197 469 39 29 Es
1262 478 66 19 war
1357 471 54 28 des
1439 473 115 28 andern
1583 473 147 32 Morgens
1760 473 95 28 schon
1884 473 77 31 spät,
1992 469 43 27 als

1141 519 239 32 Schopenhauer
1406 530 57 19 vor
1490 522 52 28 der
1571 523 162 28 Ateliertür
1761 523 63 28 Ulis
1851 520 105 29 Einlaß
1982 519 36 27 be-

1140 569 116 31 gehrte.
1305 569 40 29 Zu
1375 570 256 33 Schopenhauers
1661 572 180 33 Erstaunen,
1888 578 66 20 war
2003 576 32 20 es

1140 618 75 33 Küll,
1239 619 54 29 der
1316 620 60 29 ihm
1399 621 123 29 öffnete.
1545 641 37 2 —
1604 622 39 29 Es
1665 623 70 28 muß
1759 631 37 19 an
1818 622 100 27 dieser
1942 618 93 29 Stelle

1142 669 116 29 endlich
1282 673 109 29 gesagt
1413 671 136 35 werden,
1573 673 57 28 daß
1653 673 89 31 Hugo
1762 671 75 33 Küll,
1860 671 52 27 der
1934 668 85 28 Philo-

1140 720 85 31 soph,
1249 720 57 28 den
1329 720 56 29 Ort
1408 722 53 28 der
1481 721 206 34 Katastrophe
1707 722 82 29 nicht
1810 720 85 29 mehr
1917 718 102 28 verlas-

1141 777 54 20 sen
1223 770 91 29 hatte.
1363 770 44 30 Uli
1436 772 58 28 hob
1523 773 59 28 den
1609 771 223 32 Ankömmling,
1860 770 53 27 der
1941 767 94 30 scheu

1140 819 61 28 und
1224 821 148 32 verlegen
1398 823 212 32 entschlüpfen
1636 822 111 32 wollte,
1775 820 52 29 auf
1853 820 63 27 ihre
1943 818 92 28 Arme

1140 870 61 27 und
1224 870 55 29 sah
1302 871 59 28 ihm
1384 873 53 27 mit
1460 872 199 29 unheilvoller
1684 871 86 32 Ruhe
1795 872 27 25 in
1847 870 48 27 die
1917 870 118 31 grünen

1140 920 115 31 Augen.
1307 921 89 29 Dann
1436 922 92 29 küßte
1570 924 43 27 sie
1655 921 126 32 flüchtig
1823 921 84 26 seine
1949 918 86 28 heiße

1140 969 171 36 Schnauze,
1333 974 62 26 trat
1417 980 38 20 an
1479 973 54 28 das
1557 972 101 29 offene
1678 971 129 29 Fenster
1829 969 70 33 und,
1922 969 56 28 ehe
2002 976 33 21 es

1140 1021 118 31 jemand
1282 1022 84 28 hätte
1390 1023 128 28 hindern
1539 1023 131 32 können,
1693 1020 194 30 schleuderte
1912 1020 44 27 sie
1980 1019 55 28 das

1140 1070 68 29 Tier
1234 1073 28 26 in
1288 1072 48 28 die
1359 1071 87 30 Tiefe
1472 1073 54 28 des
1552 1071 234 33 asphaltglatten
1814 1069 105 29 Hofes.

1197 1120 84 35 „Bist
1303 1122 39 28 du
1363 1131 61 19 nun
1670 1120 101 33 fragte
1794 1122 44 26 sie
1862 1127 74 21 vom
1959 1120 57 28 Fen-

1140 1173 62 26 ster
1228 1172 238 29 zurücktretend
1493 1172 59 28 und
1578 1171 129 29 lächelte
1734 1170 65 32 Küll
1827 1170 136 32 ergeben
1988 1179 47 19 zu.

1195 1221 58 29 Zur
1290 1221 106 30 selben
1432 1221 117 30 Stunde
1589 1222 73 28 aber
1699 1221 128 28 brachte
1867 1228 70 21 man
1978 1220 57 29 den

1139 1271 98 29 Maler
1267 1271 118 30 Nikolai
1415 1271 217 30 Iwanowitsch
1663 1271 140 32 Aladjew
1843 1273 53 26 mit
1937 1272 97 27 einem

1139 1324 117 28 grünen
1280 1322 121 30 Wagen
1425 1324 29 26 in
1480 1323 48 27 die
1553 1321 295 31 Kreisirrenanstalt.

1140 1563 240 57 Glosse
1394 1580 84 40 zu
1501 1565 300 57 meinem
1817 1561 216 61 Werk

1136 1670 64 29 Von
1226 1670 146 34 Ardengo
1395 1671 106 29 Soffici

1338 1747 240 27 Perrnettez-mori
1602 1749 32 25 de
1655 1756 70 18 vous
1750 1752 107 27 repeter
1882 1758 30 18 ce
1937 1757 50 23 que
2011 1752 25 26 je

1337 1790 70 19 vous
1427 1783 84 26 disais
1531 1784 45 25 ici:
1597 1785 96 24 traiter
1713 1786 24 24 la
1758 1786 96 24 nature
1874 1792 49 22 par
1944 1785 24 25 le

1340 1821 130 30 cyündre,
1492 1823 26 24 la
1536 1822 109 31 sphere,
1667 1823 24 26 le
1713 1830 69 19 cone

1426 1856 67 25 Paul
1513 1855 142 27 Cezanne:
1676 1856 76 26 Brief
1773 1865 33 17 an
1825 1857 67 26 Emil
1913 1858 123 25 Bernard

1195 1914 46 29 Da
1267 1915 47 28 ich
1340 1924 69 20 zum
1437 1919 102 26 ersten
1564 1916 82 29 Male
1672 1919 28 26 in
1728 1917 209 29 Deutschland
1965 1926 53 20 aus-

1138 1966 96 33 stelle,
1259 1966 80 28 halte
1364 1966 45 29 ich
1437 1975 33 20 es
1493 1966 47 29 für
1565 1967 93 34 nötig,
1684 1967 68 29 dem
1780 1968 169 29 deutschen
1974 1967 41 29 Pu-

1137 2016 112 28 blikum
1287 2016 66 28 eine
1392 2016 70 29 Idee
1491 2025 63 21 von
1582 2017 54 29 der
1666 2017 213 34 Entwicklung
1919 2020 115 27 meiner

1137 2065 97 31 Kunst
1253 2075 38 19 zu
1310 2067 109 32 geben.
1460 2067 63 29 Nur
1545 2068 87 28 einen
1655 2067 63 29 Teil
1739 2070 115 27 meiner
1876 2068 158 30 Versuche

1137 2116 60 29 will
1225 2117 47 28 ich
1298 2117 63 28 hier
1387 2118 163 32 vorlegen:
1589 2119 55 28 das
1672 2118 140 32 Resultat
1839 2119 54 28 der
1921 2119 114 29 letzten

1137 2166 64 29 fünf
1222 2166 94 29 Jahre
1336 2186 37 3 —
1393 2167 131 30 nämlich
1546 2169 132 28 seitdem
1697 2169 48 28 ich
1767 2169 80 29 mich
1868 2171 30 27 in
1919 2171 115 28 meiner

1136 2216 96 31 Kunst
1254 2218 187 32 vollständig
1465 2220 83 30 jener
1571 2218 182 33 Bewegung
1775 2221 29 26 in
1830 2220 53 28 der
1907 2220 129 29 Malerei

1138 2268 240 31 angeschlossen
1402 2268 88 34 habe,
1516 2270 47 28 die
1588 2278 53 20 zur
1666 2269 64 29 Zeit
1754 2271 30 27 in
1809 2278 80 24 ganz
1912 2270 124 33 Europa

1136 2319 88 28 unter
1252 2317 70 30 dem
1349 2327 85 20 zwar
1463 2319 82 29 nicht
1574 2320 213 28 zutreffenden
1836 2321 73 28 aber
1940 2321 95 29 durch

1137 2369 58 27 den
1220 2368 163 29 Gebrauch
1408 2369 184 33 geheiligten
1614 2369 118 30 Namen
1983 2372 35 28 be-

1137 2419 93 28 kannt
1255 2419 46 29 ist.

1194 2468 48 29 Ich
1264 2470 83 28 hätte
1368 2470 48 28 die
1436 2470 197 33 Ausstellung
1654 2472 51 27 auf
1726 2472 47 28 die
1792 2472 113 29 letzten
1926 2472 91 33 Resul-

1137 2521 62 27 tate
1227 2522 116 26 meines
1369 2519 164 31 Schaffens
1559 2522 214 29 beschränken
1802 2522 130 34 können,
1960 2523 74 28 aber

1138 2570 101 28 indem
1267 2570 47 29 ich
1341 2571 70 28 dem
1437 2571 179 30 Beschauer
1663 2573 30 27 in
1730 2574 120 27 meinen
1888 2572 146 29 Arbeiten

1136 2621 109 32 zeigte,
1274 2621 60 28 wie
1363 2622 84 28 diese
1474 2622 145 29 Tendenz
1650 2622 184 34 auftauchte,
1864 2622 170 29 fortschritt

1137 2670 62 29 und
1222 2670 65 29 sich
1312 2672 205 33 durchsetzte,
1542 2673 124 31 glaubte
1690 2673 47 29 ich
1763 2681 50 21 am
1836 2673 109 29 besten
1968 2673 66 28 ihre

1137 2719 95 30 Natur
1259 2721 61 28 und
1344 2721 248 34 Notwendigkeit
1618 2724 65 27 klar
1709 2731 37 20 zu
1771 2723 98 33 legen,
1894 2723 60 28 und
1981 2723 36 28 da-

1138 2771 94 28 durch
1261 2772 46 27 ein
1336 2771 103 34 Urteil,
1463 2775 43 26 sei
1533 2782 34 20 es
1593 2776 53 29 gut
1671 2773 74 28 oder
1771 2773 85 29 böse,
1884 2774 75 27 über
1987 2774 47 28 die

1138 2821 228 33 mannigfaltige
1397 2822 213 34 Realisierung
1640 2832 37 19 zu
1710 2823 190 29 erleichtern.

1195 2870 32 29 In
1248 2872 53 28 der
1322 2871 58 29 Tat
1403 2874 77 27 wird
1506 2882 32 20 es
1560 2874 48 28 für
1633 2874 57 28 den
1714 2872 320 34 Kunstverständigen

1136 2922 151 33 genügen,
1310 2922 49 28 die
1380 2923 64 28 hier
1466 2924 219 32 ausgestellten
1709 2923 148 30 Gemälde
1879 2924 136 29 aufmerk-

1137 2979 67 20 sam
1225 2980 37 19 zu
1288 2973 191 34 betrachten,
1504 2983 50 20 um
1579 2974 156 29 zwischen
1760 2974 58 29 den
1845 2976 104 27 ersten
1973 2975 61 28 und

1137 3021 113 29 letzten
1274 3024 98 27 etwas
1396 3025 60 27 wie
1479 3025 67 28 eine
1570 3024 104 29 starke
1698 3024 129 32 geistige
1849 3024 165 29 Verwandt-

1138 3072 99 28 schaft
1265 3081 37 19 zu
1331 3074 180 33 entdecken,
1561 3076 47 27 die
1655 3074 136 32 logische
1820 3074 214 33 Entwicklung

1138 3123 83 27 eines
1248 3123 245 30 künstlerischen
1521 3124 170 33 Problems,
1741 3124 48 28 die
1836 3125 198 32 notwendige

1136 3171 185 33 Umbildung
1350 3175 82 27 einer
1463 3176 107 27 immer
1599 3175 216 28 exklusiveren
1843 3174 190 33 Konzeption

1138 3222 53 28 der
1220 3222 175 30 sichtbaren
1424 3224 90 29 Welt.

1194 3271 42 29 So
1257 3274 77 28 wird
1356 3283 69 19 man
1448 3284 70 19 zum
1540 3275 133 32 Beispiel
1693 3274 104 33 sehen,
1820 3276 61 31 wfe
1904 3276 78 28 auch
2004 3277 30 26 in

1138 3323 64 32 mir,
1225 3323 53 28 der
1300 3324 46 28 ich
1368 3324 47 28 für
1439 3325 94 29 kurze
1558 3324 64 30 Zeit
1646 3326 48 27 ein
1716 3324 163 33 Anhänger
1906 3326 53 28 der
1984 3334 34 20 so-

1138 3375 172 28 genannten
1335 3375 329 31 impressionistischen
1689 3375 159 28 Aesthetik
1872 3384 77 25 war,
1973 3378 60 26 wie

1138 3421 59 29 fast
1225 3423 56 28 alle
1306 3423 142 31 Künstler
1476 3427 114 27 meiner
1619 3425 196 29 Generation,
1842 3426 65 28 sich
1933 3434 101 24 genau

1138 3472 27 26 in
1188 3472 68 28 dem
1279 3473 208 33 Augenblicke
1510 3476 53 28 der
1587 3477 103 27 ersten
1712 3476 28 27 in
1763 3474 187 31 Frankreich
1971 3477 48 28 ein-

1138 3524 179 28 getretenen
1342 3523 158 35 Reaktion,
1527 3527 45 27 ein
1599 3524 163 29 Bedürfnis
1789 3525 78 29 nach
1892 3525 124 30 Einfach-

1139 3571 69 33 heit,
1236 3572 212 31 Wirklichkeit
1476 3576 60 27 und
1564 3575 145 31 Disziplin
1749 3575 124 31 geltend
1902 3577 130 33 machte,

1137 3623 59 26 wie
1223 3624 43 26 sie
1294 3624 53 27 der
1374 3624 282 33 Impressionismus
1695 3625 126 28 niemals
1860 3625 74 29 oder
1973 3626 60 29 fast

1138 3672 126 28 niemals
1289 3673 121 29 kannte.

1194 3720 250 32 Chromatischer
1472 3724 262 34 Ueberschwang,
1761 3726 167 29 zitterndes
1956 3727 58 29 Ver-

1138 3771 201 30 schwimmen
1365 3774 53 28 der
1443 3774 132 30 Formen
1601 3775 59 28 und
1688 3775 53 28 der
1769 3774 183 36 Zeichnung,
1980 3785 36 21 an-

1138 3820 160 30 archische
1335 3822 174 33 Erregtheit
1543 3825 54 28 der
1635 3824 187 29 Sensibilität
1848 3834 108 21 waren
1985 3827 48 28 die

1138 3871 303 31 hervorstechenden
1495 3874 82 33 Züge
1632 3875 53 28 des
1741 3874 291 33 Impressionismus.

1138 3921 113 29 Diesen
1273 3921 333 37 Eigentümlichkeiten,
1627 3925 48 27 die
1695 3933 38 19 zu
1752 3924 130 30 Fehlern
1902 3927 130 29 wurden

1138 3972 48 27 bei
1215 3972 58 27 de»
1301 3971 206 36 Fortsetzern,
1536 3974 60 28 den
1622 3973 214 30 Nachahmern
1865 3977 59 28 und
1955 3977 77 28 auch

2111 165 48 28 bei
2182 163 57 27 den
2262 161 137 28 Lehrern
2419 179 36 2 —
2479 159 115 32 Monet,
2618 158 110 33 Sisley,
2753 158 125 30 Pissaro
2904 155 84 30 mach-

2112 221 50 22 ten
2185 213 112 28 zuletzt
2323 213 47 26 ein
2392 210 125 32 System
2542 210 112 28 daraus
2679 228 37 3 —
2739 208 95 29 sowie
2858 208 55 29 der
2937 207 54 28 Ein-

2111 263 161 32 seitigkeit,
2302 262 53 28 der
2384 260 348 34 Verschwommenheit,
2764 260 68 28 dem
2865 258 120 29 Anekdo-

2111 313 117 29 tischen
2274 311 103 30 mußte
2424 311 66 28 eine
2518 311 77 28 nach
2622 311 200 30 Erneuerung
2850 309 157 32 begierige

2111 362 120 33 Jugend
2258 362 115 28 andere
2401 361 106 28 Werte
2536 362 269 30 entgegensetzen.
2853 358 50 30 Sie
2942 360 50 26 ent-

2112 416 150 26 stammen
2293 414 99 27 einem
2420 412 158 32 weiteren,
2606 410 271 28 konstruktiveren
2906 409 81 27 Wirk-

2111 462 325 32 lichkeitsempfmden.

2168 512 101 29 Schon
2298 514 39 26 im
2366 511 121 30 Schöße
2517 511 55 28 des
2601 509 282 34 Impressionismus
2914 508 98 28 selbst

2111 563 50 32 lag
2185 563 47 28 die
2257 562 159 33 Reaktion.
2459 561 76 29 Paul
2558 559 146 31 CSzanne
2731 556 94 34 (nicht
2850 567 37 19 zu
2913 558 96 28 reden

2111 621 62 20 von
2221 612 121 33 Renoir,
2389 612 71 29 dem
2487 610 234 29 wundervollen
2760 617 79 24 ganz
2868 609 46 27 für
2945 608 63 28 sich

2111 663 171 29 stehenden
2304 661 152 35 Künstler,
2480 661 79 29 noch
2582 669 61 20 von
2670 660 150 32 Gauguin,
2844 659 76 28 noch
2946 666 62 21 von

2111 713 67 28 Van
2208 713 98 33 Gogh,
2338 713 47 28 die
2414 710 267 34 bedeutungsvoll,
2711 710 73 28 aber
2816 707 192 30 ornamental

2112 760 90 36 sind),
2222 762 76 29 Paul
2318 762 146 31 Cezanne
2483 781 36 3 —
2541 762 54 28 der
2617 761 96 31 große
2733 760 115 28 Lehrer
2869 767 61 20 von
2952 767 58 20 uns

2112 814 75 28 allen
2215 832 38 2 —
2278 813 83 29 hatte
2386 814 44 28 sie
2457 813 163 31 begonnen
2646 810 62 29 und
2735 809 172 29 ruhmreich
2934 809 62 28 fort-

2112 863 130 33 geführt.
2290 863 104 28 Indem
2422 871 70 19 man
2521 863 63 29 sich
2626 862 84 28 seine
2740 860 100 29 Lehre
2879 861 135 26 zunutze

2112 914 131 33 machte,
2264 913 78 28 ohne
2363 913 84 30 seine
2469 915 103 26 ersten
2592 911 267 33 Kampfgenossen
2881 918 38 19 zu
2938 917 55 20 ver-

2112 964 223 33 nachlässigen,
2359 962 150 29 brauchte
2534 971 69 20 man
2629 971 56 19 nur
2712 961 51 29 auf
2789 961 115 28 diesem
2929 959 85 31 Weg

2111 1014 266 29 fortzuschreiten.

2169 1064 81 28 Aber
2267 1073 33 20 es
2316 1066 39 26 ist
2372 1065 81 27 nicht
2470 1073 102 23 genug
2589 1074 37 18 zu
2645 1066 161 31 reagieren
2826 1072 100 24 gegen
2943 1064 71 27 eine

2110 1114 93 29 Form
2225 1115 54 28 der
2302 1113 106 35 Kunst,
2432 1115 93 28 deren
2550 1114 65 32 Zeit
2636 1115 136 28 vorüber
2795 1116 48 27 ist.
2885 1113 64 30 Das
2972 1115 42 27 ist

2112 1173 58 20 nur
2196 1165 54 28 der
2276 1167 81 26 erste
2385 1164 115 29 Schritt
2525 1174 54 19 zur
2605 1165 134 32 völligen
2766 1164 146 33 Freiheit;
2949 1163 62 28 und

2113 1216 53 28 der
2196 1215 94 34 Geist,
2318 1215 68 30 dem
2414 1215 63 29 sich
2507 1215 47 29 die
2582 1215 199 33 Möglichkeit
2819 1216 83 28 einer
2931 1222 79 24 ganz

2112 1273 99 21 neuen
2235 1265 94 32 Folge
2352 1273 62 21 von
2439 1264 129 30 Studien
2592 1266 61 28 und
2677 1264 244 33 Entdeckungen
2945 1270 52 23 ent-

2111 1316 73 29 hüllt
2207 1316 93 33 hatte,
2323 1316 113 29 konnte
2459 1315 83 30 nicht
2566 1315 108 29 stehen
2696 1315 130 33 bleiben,
2852 1324 31 19 er
2907 1313 104 30 mußte

2111 1367 118 33 weiter,
2253 1365 87 30 tiefer
2365 1366 108 32 gehen.

2168 1416 42 29 So
2231 1417 70 28 kam
2323 1425 42 25 es,
2387 1417 59 27 daß
2468 1418 98 30 einige
2588 1416 53 28 der
2663 1415 157 32 Kühnsten
2843 1417 89 27 unter
2952 1415 60 29 den

2111 1468 110 31 jungen
2251 1466 164 32 Künstlern
2452 1466 91 30 rasch
2582 1466 75 28 über
2689 1466 48 29 die
2766 1466 248 32 Formlosigkeit,,

2111 1517 47 28 die
2196 1517 406 32 koloristischen-lyrischen
2640 1516 181 29 Exaltionen
2859 1516 55 29 des
2955 1515 40 30 Im-

2111 1569 236 30 pressionismus
2375 1567 284 34 hinwegschritten,
2686 1576 70 20 zum
2786 1567 141 28 Studium
2954 1566 59 28 der

2111 1617 208 32 Komposition
2349 1618 61 28 und
2438 1618 54 28 der
2519 1617 171 32 Volumina,
2737 1618 100 28 denen
2865 1616 145 29 Cezanne

2111 1668 172 28 besondere
2324 1667 136 32 Sorgfalt
2491 1668 155 28 widmete.
2697 1666 68 29 Und
2813 1667 103 29 indem
2967 1668 44 26 sie

2112 1719 83 27 diese
2219 1717 129 30 Studien
2372 1719 107 27 immer
2504 1718 85 28 mehr
2612 1717 175 33 vertieften,
2811 1717 130 28 standen
2966 1719 48 26 sie

2111 1769 142 31 plötzlich
2279 1777 58 20 vor
2363 1769 69 28 dem
2458 1767 145 29 Problem
2630 1768 54 28 der
2709 1767 134 33 völligen
2871 1767 123 28 Emanzi-

2111 1819 102 31 pation
2233 1826 64 21 von
2316 1819 85 31 jeder
2424 1818 176 32 objektiven
2621 1818 199 31 Darstellung
2841 1818 54 28 der
2918 1818 77 28 wirk-

2110 1869 96 29 lichen
2236 1869 193 32 alltäglichen
2457 1868 141 34 Formen,
2624 1877 63 19 von
2713 1869 100 31 jedem
2842 1868 169 29 Gedanken

2111 1927 38 20 an
2195 1919 213 33 Schilderung,
2456 1919 170 33 Anekdote,
2655 1919 217 33 Psychologie,
2902 1918 110 32 Moral,

2111 1969 213 34 Empfindung,
2373 1969 182 33 Pädagogik
2586 1970 74 28 oder
2691 1969 199 34 Dekoration,
2923 1969 85 33 kurz,

2111 2028 56 20 vor
2197 2020 69 29 dem
2293 2020 145 28 Problem
2465 2020 53 28 der
2546 2020 130 29 wahren
2704 2019 234 33 synthetischen
2965 2020 33 31 ly-

2110 2070 122 29 rischen
2252 2069 129 30 Malerei
2398 2089 38 3 —
2455 2070 60 28 und
2537 2079 34 20 so
2594 2071 143 28 entstand
2760 2070 54 30 der
2836 2069 174 32 Kubismus.

2168 2120 47 28 Da
2240 2121 57 33 ich,
2325 2122 60 28 wie
2410 2121 46 28 ich
2484 2121 95 28 schon
2606 2122 100 32 sagte,
2753 2121 47 28 ein
2846 2120 167 32 Anhänger

2112 2171 100 29 dieser
2238 2171 113 29 Schule
2373 2171 60 34 bin,
2456 2171 81 29 steht
2561 2180 33 20 es
2619 2171 67 33 mir,
2711 2171 111 33 glaube
2848 2171 56 33 ich,
2929 2170 83 29 nicht

2111 2229 46 25 zu,
2176 2223 43 27 sie
2237 2230 36 19 zu
2292 2221 201 30 beschreiben
2512 2221 60 28 und
2590 2221 65 29 ihre
2674 2221 132 29 Zukunft
2824 2230 36 20 zu
2880 2221 114 33 prophe-

2112 2273 94 27 zeien.
2253 2272 49 28 Ich
2339 2272 79 28 habe
2464 2280 55 20 nur
2563 2272 29 28 in
2618 2274 144 30 wenigen
2789 2272 130 29 Worten
2947 2271 63 29 ihre

2112 2323 129 31 geistige
2265 2322 183 29 Geschichte
2470 2322 172 28 skizzieren
2664 2321 122 34 wollen,
2812 2331 33 20 es
2869 2324 39 26 ist
2932 2322 79 28 auch

2112 2373 48 28 die
2187 2372 185 30 Geschichte
2399 2373 53 28 der
2479 2371 273 33 fünfundzwanzig
2779 2373 155 33 Arbeiten,
2961 2372 49 29 die

2111 2423 51 30 ich
2190 2422 153 29 ausstelle.
2392 2422 50 29 Sie
2471 2424 108 30 zeigen
2609 2423 69 28 dem
2708 2423 170 28 deutschen
2909 2421 87 30 Publi-

2111 2473 71 28 kum
2205 2473 61 28 und
2288 2473 53 27 der
2365 2472 169 29 deutschen
2555 2472 97 31 Kritik
2673 2481 64 20 von
2761 2474 70 27 1908
2852 2473 46 29 bis
2919 2474 93 29 heute

2111 2523 48 28 die
2187 2522 367 33 aufeinanderfolgenden
2582 2522 128 30 Stadien
2738 2524 116 28 meines
2883 2526 112 29 persön-

2111 2573 98 28 lichen
2227 2573 143 32 Beitrags
2389 2581 38 20 zu
2443 2573 55 28 der
2516 2572 183 34 Bewegung
2716 2573 52 29 auf
2787 2575 83 27 einer
2890 2572 122 32 Straße,

2112 2623 47 28 die
2180 2623 47 28 die
2246 2623 148 29 moderne
2413 2622 131 30 Malerei
2564 2623 179 32 notwendig
2765 2624 47 28 bis
2834 2632 70 20 zum
2925 2623 86 28 Ende

2110 2674 77 27 wird
2215 2672 162 33 verfolgen
2402 2675 133 27 müssen.

2149 2722 139 33 Florenz,
2316 2723 174 29 Dezember
2522 2725 69 27 1912

2111 2984 123 57 Die
2282 2988 142 53 rote
2471 2984 311 57 Flamme

2110 3092 66 28 Von
2204 3092 156 28 Hermann
2390 3092 135 32 Wagner

2831 3166 181 28 Fortsetzung:

2167 3227 67 30 Und
2260 3229 28 31 je
2314 3229 125 33 lustiger
2467 3230 58 27 und
2552 3230 97 28 lauter
2676 3229 43 28 sie
2746 3229 64 28 sich
2832 3228 138 34 gebärde
2973 3231 30 25 ie
3003 3249 7 9 t

2112 3286 47 21 um
2181 3286 34 21 so
2234 3279 95 28 stiller
2348 3280 60 27 und
2431 3279 115 33 banger
2566 3279 108 28 wurde
2696 3286 32 20 er
2751 3279 26 27 in
2800 3280 116 27 seinem
2936 3277 57 28 Her-

2112 3336 54 20 zen
2188 3346 38 4 —

2169 3378 102 34 „Noch
2434 3380 88 31 sagte
2553 3377 177 29 schließlich
2760 3377 140 29 Fräulein
2932 3377 59 28 Hen-

2114 3430 88 34 mine,
2236 3430 101 28 indem
2366 3430 44 28 sie
2439 3428 100 29 Herrn
2572 3427 157 30 Theobald
2761 3429 248 32 gegenübertrat.

2111 3478 104 35 „Noch
2236 3481 65 27 eine
2323 3479 81 29 Bitte
2424 3478 78 29 habe
2523 3478 47 29 ich
2590 3486 38 23 an
2647 3477 51 30 Sie
2721 3502 5 5 .
2750 3502 6 5 .

2167 3529 50 28 Sie
2236 3530 111 32 sprach
2363 3529 209 32 merkwürdig
2589 3528 157 33 gedämpft
2764 3530 58 27 und
2841 3530 64 27 ihre
2921 3528 90 29 Lider

2110 3587 107 21 waren
2237 3578 69 30 halb
2327 3578 139 33 gesenkt.

2166 3628 96 29 Unter
2286 3629 103 29 diesen
2414 3629 71 28 halb
2511 3629 240 33 geschlossenen
2777 3629 111 29 Lidern
2916 3627 94 31 kroch

2111 3680 73 28 aber
2206 3680 47 27 ein
2271 3679 189 28 brennender
2481 3678 85 29 Blick
2586 3679 124 35 hervor,
2732 3681 59 28 und
2810 3679 80 30 Herr
2909 3678 80 29 Theo-

2111 3729 69 29 bald
2203 3728 102 35 fühlte,
2330 3725 59 32 wiie
2415 3730 99 28 dieser
2537 3728 86 30 Blick
2647 3730 65 28 sich
2737 3738 50 21 um
2810 3730 103 29 seinen
2938 3737 56 26 gan-

2111 3787 55 21 zen
2194 3778 118 33 Körper
2339 3779 101 33 wand,
2467 3778 64 30 sich
2557 3787 51 21 um
2638 3780 48 28 ihn
2716 3780 205 30 festschnürte
2951 3780 57 28 und

2113 3828 77 29 allen
2222 3823 110 34 Willen
2355 3825 69 32 'und
2454 3829 57 28 alle
2542 3828 131 36 Energie
2701 3838 57 21 aus
2789 3830 58 28 ihm
2881 3831 109 27 heraus-

2111 3880 107 31 saugte
2239 3900 6 6 .
2266 3900 6 6 .
2293 3900 6 5 .

2166 3926 68 30 Wie
2261 3929 86 28 einen
2373 3929 235 34 ohnmächtigen
2634 3930 89 29 Halm
2752 3932 38 27 im
2817 3930 110 29 Winde
2955 3930 56 28 sah.

2111 3987 31 19 er
2165 3979 103 27 seinen
2289 3977 117 33 Körper
2428 3979 48 29 hin
2499 3980 59 28 und
2579 3979 53 30 her
2655 3980 188 30 schwanken
2867 4003 6 5 .
2896 4003 6 5 .
2925 4003 7 5 .
