5283 7424
1157 867 299 63 DER
1571 861 516 67 STURM
2189 854 27 80 /
2301 856 706 67 VIERTES
3103 851 1615 83 VIERTELJAHRHEFT

1158 6270 169 82 200

1501 1253 152 62 Der
1702 1248 227 71 Tisch
1980 1249 91 65 ist
2124 1249 322 78 gedeckt
2497 1248 152 62 und
2703 1248 132 62 das
2886 1243 293 67 Linnen
3231 1243 94 66 ist
3377 1243 119 64 ein
3550 1243 233 64 Glanz

1504 1386 551 80 Ungebrochen
2105 1385 93 64 ist
2251 1386 130 63 das
2434 1393 184 61 Brot
2671 1390 156 63 und
2878 1390 477 78 unvergoßen
3409 1388 131 63 der
3573 1385 224 64 Wein

1504 1522 153 63 Das
1711 1522 196 63 hohe
1961 1520 182 66 Lied
2193 1524 210 64 flutet
2456 1542 132 46 aus
2640 1525 134 63 der
2823 1522 212 66 Mitte
3089 1524 131 62 der
3272 1520 246 65 Sonne

1503 1654 135 64 Die
1690 1657 280 78 Körper
2021 1659 132 63 der
2202 1661 538 62 Leuchtenden
2791 1662 227 60 tönen
3071 1657 133 65 süß
3255 1657 154 63 und
3463 1656 144 61 hell

1506 1793 217 63 Hoch
1775 1795 263 62 stehen
2094 1793 113 64 die
2258 1795 288 64 weißen
2596 1795 307 64 Lichter

1503 1928 86 61 In
1640 1927 459 66 Lichtkrone
2151 1932 340 62 schwebt
2542 1932 132 62 das
2729 1928 189 65 Kind

1503 2064 154 62 Das
1709 2062 263 81 heilige
2022 2064 314 64 Wasser
2373 2064 156 64 fällt
2583 2064 134 64 auf
2762 2064 156 64 sein
2972 2064 205 78 Auge

1504 2198 153 64 Das
1711 2199 262 82 heilige
2024 2201 235 64 Feuer
2314 2201 159 64 fällt
2524 2201 135 64 auf
2703 2199 154 66 sein
2913 2201 198 63 Herz

1503 2336 154 61 Der
1707 2333 227 64 Tisch
1985 2335 93 64 ist
2132 2335 312 66 bereitet
2498 2338 134 63 der
2684 2335 187 64 Gast
2922 2335 93 64 ist
3067 2336 454 78 gekommen

1503 2470 194 61 Dem
1750 2469 447 82 unschuldig
2246 2470 454 66 Wissenden
2754 2470 154 81 gibt
2959 2470 159 63 sich
3174 2470 113 63 die
3341 2467 246 81 Speise

1503 2607 154 61 Das
1707 2606 288 64 Fleisch
2048 2606 93 64 ist
2192 2606 381 64 zerlichtet

1504 2739 136 66 Die
1692 2743 439 78 Wandlung
2183 2741 390 81 geschieht

1506 2866 196 73 Über
1758 2878 131 61 der
1938 2877 196 62 Erde
2188 2877 334 62 strahlen
2576 2875 112 63 die
2739 2875 257 63 Sterne

1504 3012 244 64 Sonne
1802 3010 224 83 wiegt
2078 3012 144 63 den
2275 3012 310 61 Knaben
2640 3009 170 62 froh

1504 3149 285 61 Freude
1843 3146 196 79 singt
2092 3148 130 62 der
2275 3146 443 79 Lobgesang

1504 3283 136 64 Die
1690 3281 222 65 Liebe
1968 3283 212 63 blüht
2231 3281 135 65 auf
2408 3283 249 61 Erden

1506 3654 245 59 Der
1855 3650 447 61 Knabe
2403 3645 488 63 bricht
2993 3644 208 62 die
3303 3645 460 61 Blume

1624 3788 224 61 des
1951 3783 527 64 Gartens

1508 3998 133 62 Die
1694 3996 327 64 Früchte
2077 3994 128 61 des
2256 3993 327 62 Baumes
2637 3987 237 80 liegen
2925 3986 103 64 im
3086 3984 184 64 Gras

1506 4131 135 63 Die
1694 4128 295 66 kleinen
2041 4130 234 78 Vögel
2324 4126 298 63 flattern
2674 4121 75 65 in
2801 4123 144 61 den
2979 4120 354 62 Büschen

1508 4267 533 64 Windwolken
2094 4262 265 79 fliegen
2412 4263 184 61 über
2649 4260 144 61 den
2845 4257 227 64 Wald

1508 4390 199 75 Über
1760 4399 112 64 die
1928 4399 237 63 Kiesel
2217 4396 249 81 gleitet
2519 4397 132 61 der
2703 4396 334 77 gläserne
3091 4392 212 61 Bach

1508 4534 133 65 Die
1696 4538 271 61 Blüten
2019 4533 503 64 schwimmen
2574 4529 114 63 ins
2739 4526 132 64 Tal

1508 4668 133 65 Die
1679 4672 233 77 Vögel
1965 4666 271 82 fliegen
2288 4663 173 68 weit
2513 4663 148 64 fort

1506 4802 135 63 Die
1696 4804 411 62 Menschen
2160 4802 360 63 wandern
2574 4797 168 63 froh
2795 4812 145 46 von
2993 4795 128 61 der
3176 4790 296 64 Heimat
3531 4792 142 61 tort

1504 4941 154 61 Das
1709 4939 308 63 Lachen
2070 4937 93 63 ist
2214 4939 186 61 über
2452 4932 112 66 die
2620 4931 252 64 Wiese
2928 4931 295 79 geweht

1506 5076 310 63 Schwer
1868 5078 175 59 bebt
2095 5076 132 61 der
2278 5076 229 60 bunte
2559 5069 244 63 Falter

1504 5444 247 62 Der
1853 5445 444 60 Knabe
2402 5435 454 80 spielt
2955 5430 232 65 mit
3287 5428 237 61 den
3628 5423 611 63 Kindern
4341 5418 311 65 wild

1506 5655 134 63 Die
1694 5655 310 63 Knaben
2056 5650 166 65 sind
2276 5649 114 64 die
2446 5650 496 76 gehorsamen
2994 5645 339 63 Freunde

1504 5789 134 64 Die
1690 5789 376 64 Mädchen
2121 5786 267 64 dienen
2442 5781 378 83 magdlich
2872 5781 199 64 ohne
3121 5779 246 64 Scheu

1508 5923 135 64 Die
1697 5925 363 79 goldenen
2110 5921 205 63 Bälle
2368 5914 428 68 umkreisen
2852 5916 142 61 den
3049 5914 279 77 Körper

1506 6060 132 63 Die
1685 6062 283 78 jungen
2022 6053 266 66 Pferde
2342 6052 353 81 springen
2747 6052 239 64 durch
3043 6048 143 65 den
3238 6048 505 78 Regenbogen
3795 6038 104 64 im
3953 6036 227 65 Mond
