3485 4521
369 348 139 72 10

810 549 1940 207 POUSSIÈRES

467 844 257 62 amende
756 844 333 62 honorable
1123 882 50 24 ou
1208 845 276 84 toujours
1517 845 81 61 lui

344 953 37 37 O
407 955 112 34 dame
545 954 176 37 Censure
746 955 65 47 qui
842 967 99 23 nous
967 965 122 25 armez
1116 955 297 35 farouchement
1440 957 39 42 *,
1502 956 95 35 c'est
1626 967 93 24 avec

340 1000 106 47 juste
467 1002 125 34 raison
613 1013 76 35 que
707 1013 100 23 vous
826 1013 99 24 nous
943 1004 199 42 coupâtes.
1163 1002 120 35 Notre
1302 1004 133 33 bonne
1463 1004 51 34 foi
1538 1004 102 34 avait
1657 1004 62 34 été

344 1049 170 43 surprise
533 1059 66 33 par
624 1060 76 23 une
721 1049 250 35 information
990 1050 100 34 aussi
1112 1049 215 35 insidieuse
1350 1061 77 35 que
1448 1051 271 45 mensongère.

343 1094 110 35 Nous
476 1096 302 35 reconnaissons
811 1095 273 36 humblement
1111 1102 111 29 notre
1248 1107 146 32 erreur,
1416 1103 39 28 et
1472 1098 247 44 proclamons

345 1143 227 33 hautement
598 1142 35 34 la
658 1142 222 36 lumineuse
897 1143 120 35 vérité
1034 1154 9 24 :
1073 1142 204 37 Monsieur
1293 1143 180 36 Caillaux
1498 1156 49 23 ne
1564 1156 49 24 va
1630 1145 89 45 plus

342 1189 112 47 qu'au
475 1189 93 36 Café
587 1189 47 36 de
652 1189 35 35 la
707 1189 149 35 Guerre
877 1189 8 36 !

822 1284 419 82 euphémisme

341 1412 23 20 «
382 1397 69 36 Les
475 1398 192 35 colonnes
693 1397 203 36 ennemies
922 1402 71 30 ont
1017 1396 99 36 suivi
1143 1409 72 23 nos
1241 1404 162 40 troupes
1426 1400 67 46 qui
1517 1400 200 45 passaient

342 1447 20 33 à
380 1456 53 24 un
453 1456 180 24 nouveau
649 1447 117 33 front.
787 1456 22 24 »

1255 1491 222 48 Pétrograd,
1509 1494 39 35 18
1576 1494 89 35 mai.

840 1586 372 82 géographie

341 1699 138 35 Faut-il
503 1700 124 34 croire
655 1705 111 30 notre
793 1700 176 36 confrère
1001 1701 47 35 de
1074 1700 124 36 VEcho
1224 1700 45 36 de
1295 1699 110 37 Paris
1422 1701 16 35 ?
1461 1703 59 45 (25
1554 1701 104 46 mai),
1688 1701 27 36 il

340 1746 148 35 affirme
507 1748 78 33 ceci
609 1759 7 23 :

338 1805 23 21 «
378 1793 141 35 Venise
539 1799 59 29 est
616 1805 46 24 au
682 1793 98 36 nord
800 1794 47 35 de
865 1793 270 49 l'Adriatique.
1153 1805 22 23 *>

338 1920 16 16 *
380 1930 14 15 «
415 1919 177 29 Anastasia
623 1926 72 30 qua>
728 1926 55 21 nos
813 1918 202 30 vehementer
1046 1927 103 23 atnas.
1176 1929 15 17 »
1223 1918 140 38 (Extrait
1397 1919 58 29 des
1488 1919 148 30 Litanies
1675 1919 39 30 de

338 1956 111 29 Sainte
465 1955 184 37 Anastasie,
668 1955 122 37 YElan,
814 1955 14 38 i
843 1955 14 38 3
872 1955 72 38 avril
968 1955 94 38 1915.)

1437 1994 277 61 Jupapards.

2004 846 370 92 défense
2432 912 39 29 et
2521 850 538 89 illustration

2067 1038 48 35 de
2145 1038 39 35 ia
2219 1018 310 89 presse
2571 985 435 111 française

1845 1149 22 22 «
1888 1139 54 36 La
1959 1140 77 34 tête
2053 1139 50 35 du
2123 1139 100 35 Vieil
2241 1139 186 42 Armand,
2447 1141 29 35 si
2495 1141 76 35 elle
2591 1141 58 35 n'a
2669 1141 86 45 plus
2775 1141 46 35 de
2836 1141 191 42 cheveux,
3048 1139 123 47 reçoit
3187 1139 36 36 la

1846 1185 172 37 douceur
2034 1186 68 35 des
2121 1197 172 25 caresses
2312 1188 209 45 françaises
2538 1200 65 23 sur
2620 1200 70 23 son
2714 1189 103 33 front
2836 1188 174 34 meurtri.
3029 1200 22 23 »

2314 1244 172 36 Général
2504 1245 198 46 Cherfus,
2719 1244 100 36 Echo
2837 1245 45 35 de
2901 1245 124 45 Paris,
3047 1257 18 33 5
3086 1245 87 35 mai,

1843 1334 22 22 «
1882 1322 76 36 Ces
1982 1324 99 35 obus
2105 1323 68 47 qui
2197 1323 209 46 explosent
2430 1335 65 24 sur
2519 1323 240 48 Dunkerque
2786 1330 92 29 sont
2906 1325 318 35 manifestement

1842 1370 93 34 tirés
1954 1376 135 29 contre
2112 1370 150 36 l'ltalie.
2282 1383 22 23 »

2303 1427 173 36 Général
2493 1428 201 45 Cherfils,
2714 1428 101 36 Echo
2829 1426 48 37 de
2895 1427 125 46 Paris,
3044 1440 16 36 5
3081 1429 91 35 mai.

1843 1517 21 20 «
1882 1505 145 41 Quelle
2053 1504 102 35 belle
2186 1505 132 36 vision
2345 1505 254 47 d'espérance
2622 1517 99 35 pour
2757 1506 34 35 la
2823 1506 189 36 cavalerie
3045 1518 79 36 que
3158 1512 61 31 cet

1844 1552 148 45 exploit
2010 1552 68 35 des
2097 1553 164 46 charges
2280 1564 49 23 en
2353 1553 86 35 lave
2458 1553 67 35 des
2545 1554 210 46 cosaques!
2775 1566 22 22 »

2288 1610 172 36 Général
2475 1610 198 41 Cherfils,
2693 1611 98 35 Echo
2807 1611 46 35 de
2871 1610 127 41 Paris,
3022 1621 40 37 17
3082 1611 90 36 mai.

1843 1700 22 22 «
1981 1687 107 37 C'est
2114 1687 38 37 la
2178 1689 192 45 première
2403 1689 89 44 fois,
2526 1689 39 47 je
2596 1690 117 44 crois,
2742 1701 78 37 que
2847 1689 68 35 des
2941 1700 148 25 canons
3116 1689 106 47 galo*

1843 1742 95 37 pent
2031 1747 21 22 »

2287 1782 171 36 Général
2476 1782 197 46 Cherfils,
2692 1782 101 36 Echo
2808 1782 45 37 de
2871 1781 126 45 Paris,
3019 1795 45 23 20
3081 1783 89 36 mai.

1841 1871 23 22 «
1881 1859 54 35 Ce
1960 1860 100 34 n'est
2081 1861 192 44 peut-être
2291 1861 114 44 point
2425 1872 141 24 encore
2589 1860 38 37 le
2651 1872 100 34 coup
2774 1861 48 35 de
2850 1861 120 36 bélier
2994 1861 140 35 décisif
3153 1861 66 48 qui

1841 1907 148 34 brisera
2015 1907 36 34 le
2078 1908 160 44 guichet
2266 1907 47 35 de
2343 1914 112 29 notre
2484 1908 133 45 prison
2646 1909 261 45 obsidionale,
2926 1909 83 35 c'en
3038 1914 60 30 est
3114 1920 86 24 assu-

1844 1955 151 34 rément
2013 1965 74 24 une
2106 1955 294 35 annonciation.
2421 1967 22 23 »

2281 2011 169 37 Général
2470 2012 200 46 Cherfils,
2690 2011 99 38 Echo
2806 2013 46 35 de
2869 2011 126 47 Paris,
3022 2023 38 37 17
3082 2014 87 35 mai.

1641 2995 280 89 l'Elan

335 3132 31 38 il
392 3131 193 51 paraîtra
609 3132 174 49 chaque
810 3133 252 49 quinzaine,
1089 3131 25 41 à
1137 3134 141 49 partir
1303 3134 58 38 du
1388 3145 43 31 is
1458 3135 125 48 avril,
1612 3148 74 25 sur
1711 3138 142 36 beaux
1874 3138 179 48 papiers
2075 3138 55 39 de
2155 3140 104 37 luxe
2278 3151 12 25 :
2319 3137 237 49 hollande,
2584 3139 171 49 arches,
2778 3139 177 51 vergés,
2974 3141 158 49 japon,
3159 3141 56 39 de

333 3193 165 40 format
517 3195 229 49 in-quarto
766 3195 138 38 raisin
923 3196 239 51 (25X32,5)
1187 3219 49 5 —
1260 3196 304 53 typographie
1594 3197 90 39 très
1705 3198 190 51 soignée
1913 3221 51 6 —
1985 3201 190 38 couleur
2197 3199 141 51 posée
2370 3199 23 40 à
2417 3202 43 37 la
2485 3202 121 38 main
2630 3213 82 39 par
2735 3202 166 50 Saudé,
2927 3203 234 39 coloriste,

335 3257 31 39 il
384 3258 208 48 publiera
613 3258 79 38 des
717 3258 117 47 bois,
864 3259 79 38 des
962 3259 293 48 eaux-fortes,
1282 3261 80 38 des
1380 3260 349 51 lithographies,
1756 3273 58 27 en
1837 3262 104 39 noir
1970 3267 44 35 et
2033 3275 57 27 en
2116 3264 223 38 couleurs,

334 3322 42 36 le
397 3318 190 40 numéro
609 3331 99 28 sera
726 3321 149 38 vendu
903 3333 17 26 1
945 3322 52 39 fr.
1025 3334 63 38 25.
2207 3316 25 52 V

333 3384 311 37 abonnement
672 3393 116 40 pour
814 3393 45 29 12
889 3383 229 50 numéros,
1151 3396 56 28 en
1235 3386 196 39 France:
1468 3397 43 39 15
1540 3386 163 41 francs.

1103 3448 25 38 à
1152 3447 248 51 l'Etranger
1418 3462 8 25 :
1458 3459 51 28 20
1540 3449 158 39 francs.

334 3506 32 38 11
385 3518 97 26 sera
501 3506 83 39 tiré
606 3509 220 48 quelques
846 3510 299 48 exemplaires
1171 3510 55 38 de
1245 3512 140 49 grand
1411 3513 103 37 luxe
1540 3523 74 27 sur
1630 3513 141 48 japon
1790 3511 209 51 impérial
2017 3524 55 27 au
2104 3513 101 49 prix
2239 3513 56 39 de
2326 3525 19 39 5
2382 3513 145 40 francs
2563 3515 41 38 le
2640 3513 190 41 numéro
2860 3536 51 8 —
2934 3516 51 39 60
3017 3516 51 38 fr.
3099 3526 116 40 pour

337 3579 44 28 12
407 3568 228 42 numéros,
665 3571 68 38 les
761 3570 211 40 numéros
1004 3572 79 38 des
1107 3573 206 39 abonnés
1335 3573 25 39 à
1382 3572 210 40 l'édition
1617 3575 55 38 de
1700 3575 103 37 luxe
1829 3578 238 46 porteront
2087 3576 43 38 le
2156 3586 106 28 nom
2290 3576 57 38 du
2375 3577 307 49 souscripteur
2705 3580 45 36 et
2773 3583 157 34 seront
2956 3577 154 52 signés
3134 3590 81 39 par

334 3631 44 38 le
404 3631 416 50 directeur-gérant.

1892 3898 181 79 page
2128 3890 75 61 12
2256 3875 250 76 fcessin
2558 3874 80 75 ï>e
2693 3853 62 99 f
2769 3866 437 88 ftltttfîtuct

1892 3997 48 71 £
1942 3994 17 27 1
1967 3993 419 103 3lUemagne
2437 3993 447 79 cm-ïrfsôous
2927 3994 80 75 îre
3052 3999 155 72 tout

399 4200 31 17 ce
446 4196 112 22 numéro
573 4201 16 17 a
606 4196 40 22 été
665 4197 122 27 imprimé
803 4203 49 21 par
866 4199 26 22 la
908 4199 103 23 Société
1027 4199 131 25 Générale
1172 4201 201 29 d'impre»*!*»,
1390 4208 27 17 ai
1422 4219 9 13 t
1448 4209 46 19 r«e
1683 4206 15 22 &
1715 4206 87 28 Part»,
1816 4206 26 28 J.
1859 4205 57 25 Va»
1934 4206 170 24 Gindcttaela
2120 4206 73 24 étant
2209 4206 145 28 dlrattepr,
2369 4210 70 23 ptifâr
2455 4205 117 24 Amédét
2591 4205 139 27 Oscnfant,
2746 4204 239 29 tUractcur-gdrant
3000 4206 36 23 da
3051 4200 85 31 l'Élan

336 2365 19 34 k
382 2364 125 35 VElan
511 2392 10 17 j
553 2375 54 33 34,
637 2374 66 23 rue
728 2363 69 34 des
822 2363 161 46 Vignes.

335 2412 185 36 Librairie
542 2411 157 40 Lutetia,
721 2411 210 34 boulevard
952 2410 170 46 Raspail,
1142 2410 58 36 66.

336 2458 169 44 Ferreol,
525 2470 67 23 rue
611 2458 135 33 Vavin.

336 2507 157 35 Galerie
512 2505 209 44 Marseille,
745 2515 66 23 rue
830 2504 49 34 de
898 2503 125 44 Seine,
1050 2504 54 35 16.

334 2554 127 35 Caste]
472 2555 115 39 ucho,
615 2564 66 23 rue
708 2553 47 32 de
780 2552 34 33 la
838 2551 430 36 Grande-Chaumiere.

335 2601 213 41 Boulinier,
571 2598 216 36 boulevard
806 2599 105 33 Saint
926 2599 158 35 Michel.

336 2648 40 36 B1
383 2660 45 23 an
435 2650 133 38 chard,
590 2648 108 43 place
716 2646 107 35 Saint
840 2645 155 46 Michel,
1022 2658 52 23 10.

333 2695 109 43 Cres,
460 2695 214 36 boulevard
694 2693 329 42 Saint-Germain,
1049 2693 76 36 116.

334 2743 190 46 Kiosque,
545 2754 66 23 rue
631 2742 48 34 de
698 2740 202 40 FHchelle,
922 2752 32 23 2.

333 2791 128 45 Stock,
481 2802 66 23 rue
567 2791 51 34 du
638 2787 527 46 Faubourg-Saint-Honore,
1190 2799 75 35 15s.

1287 2239 296 84 qiielques
1617 2241 216 82 depots
1869 2242 76 61 de
1983 2234 23 64 1
2123 2247 124 53 IMII

1759 2369 40 35 ★

1308 2457 154 42 Martin,
1488 2470 68 24 rue
1583 2459 51 35 du
1659 2460 530 48 Faubourg-Saint-Honore,
2210 2473 33 36 ).

1306 2505 164 41 Gateau,
1492 2519 67 22 rue
1578 2508 47 34 de
1644 2507 261 46 Castiglione,
1926 2509 33 35 8.

1307 2552 252 47 Emile-Paul,
1579 2554 111 45 place
1709 2554 195 36 Beauvau.

1305 2599 157 35 Galerie
1480 2602 138 34 Boutet
1631 2602 47 34 de
1693 2602 175 43 Monvel,
1884 2614 66 23 rue
1963 2603 210 44 Tronchet,
2190 2614 52 36 15.

1303 2646 158 37 Galerie
1476 2648 207 35 Bernheim
1700 2649 129 44 jeune,
1844 2651 32 33 lv
1879 2649 6 18 l
1896 2650 48 35 de
1958 2649 36 35 la
2008 2650 235 36 Madeleine.

1305 2693 197 48 Kiosques
1521 2695 69 35 des
1611 2696 255 35 Boulevards.

1305 2741 96 46 Rey,
1423 2742 213 35 boulevard
1655 2744 69 34 des
1741 2744 172 40 Italiens,
1935 2745 33 35 8.

1303 2789 157 46 Floury,
1483 2790 215 36 boulevard
1717 2791 68 35 des
1804 2791 174 36 Italiens.

2283 2367 188 47 Meynial,
2491 2368 216 36 boulevard
2726 2370 262 38 Haussmann.

2286 2414 173 44 Dorbon,
2485 2416 216 35 boulevard
2725 2417 263 48 Haussmann,
3013 2429 53 38 19.

2282 2462 202 44 Fontaine,
2506 2475 67 23 rue
2592 2464 47 34 de
2659 2464 188 45 Laborde,
2870 2477 55 35 50.

2279 2509 207 47 Terquem,
2509 2522 66 24 rue
2594 2511 147 46 Scribe,
2766 2523 49 34 19.

2281 2556 158 36 Galerie
2457 2558 136 34 Clovis
2612 2559 127 44 Sagot,
2762 2570 66 23 rue
2849 2559 163 47 Laflitte,
3031 2567 56 39 46.

2283 2603 223 45 Delaporte,
2526 2617 66 22 rue
2612 2606 48 34 de
2679 2606 155 46 Clichy,
2857 2617 55 34 24.

2280 2651 159 35 Galerie
2460 2653 134 40 Weill,
2616 2664 66 23 rue
2700 2652 294 47 Victor-Masse,
3016 2665 57 36 25.

2279 2697 167 48 Lebeau,
2467 2711 149 23 avenue
2638 2700 156 45 Klebet,
2815 2703 56 38 8«v

2281 2745 228 40 Lemercier,
2528 2747 107 44 place
2652 2747 286 45 Victor-Hugo.

2279 2793 186 36 Librairie
2486 2794 202 45 Hispania,
2709 2806 151 24 avenue
2878 2794 163 46 Mozart,
3060 2795 58 47 69.
