2763 4160
735 446 52 42 38

1185 451 75 38 LA
1291 450 376 48 CHRONIQUE
1700 453 309 42 MUSICALE

787 592 233 48 Autrefois,
1048 593 156 52 Véron,
1246 592 271 54 Duponchel,
1555 593 142 54 Pillet,
1734 595 272 55 Roqueplan,
2036 599 217 53 Crosnier,
2291 599 155 54 Royer,

733 670 40 32 et
795 665 116 38 voire
931 665 137 38 même
1102 663 167 54 Perrin,
1301 666 241 39 montaient
1573 666 215 54 plusieurs
1817 681 169 27 œuvres
2022 671 219 40 nouvelles
2267 685 75 41 par
2367 684 80 37 an;

732 736 60 39 les
825 736 308 52 compositeurs
1166 737 278 53 s'appelaient
1479 739 186 51 Rossini,
1704 740 260 54 Meyerbeer,
2003 741 182 54 Halévy,
2214 742 234 52 Donizetti,

731 807 146 53 Verdi,
902 807 319 54 Niedermeyer,
1248 809 188 41 Félicien
1461 811 166 54 David;
1655 812 59 40 les
1743 813 113 40 chefs
1877 814 256 40 d'orchestre
2155 814 295 40 Habeneck'et

731 876 153 40 Girard
904 890 10 39 ;
936 877 58 40 les
1015 878 227 41 chanteurs
1263 893 41 27 se
1326 881 269 41 nommaient
1615 883 70 39 des
1706 882 94 54 plus
1821 884 155 53 grands
2000 898 123 26 noms
2142 884 132 54 qu'on
2297 885 125 39 sache
2439 900 9 34 ;

731 948 37 39 le
801 962 121 40 corps
951 949 50 41 de
1025 950 127 41 ballet
1186 952 103 40 était
1316 952 115 54 plein
1455 953 212 55 d'étoiles;
1691 955 58 40 les
1770 955 171 42 chœurs
1960 957 255 40 admirables
2234 971 7 26 :
2280 971 56 26 on
2364 959 65 38 n'é-

731 1020 79 40 tait
845 1023 98 50 qu'à
972 1022 113 41 demi
1112 1032 187 32 content.
1337 1025 307 54 Aujourd'hui,,
1678 1040 100 27 avec
1815 1028 71 39 des
1918 1030 189 51 reprises
2145 1030 192 52 d'opéras
2373 1030 77 52 qui

732 1094 122 39 n'ont
874 1107 73 40 pas
970 1094 139 54 quitté
1127 1096 37 39 le
1185 1096 243 52 répertoire,
1464 1098 71 39 des
1557 1100 181 38 rentrées
1760 1101 208 39 d'artistes
1989 1108 39 32 et
2051 1115 84 25 une
2157 1101 211 40 douzaine
2401 1101 49 39 de

731 1166 151 39 débuts
906 1180 74 38 par
1009 1180 70 38 an,
1103 1167 60 39 M.
1190 1166 232 41 Halanzier
1447 1168 180 41 satisfait
1648 1179 94 31 tout
1763 1171 38 40 le
1825 1173 167 38 monde.
2020 1172 163 53 N'ai-je
2203 1187 73 39 pas
2307 1173 142 40 raison

729 1237 50 39 de
801 1237 88 39 dire
910 1251 82 39 que
1013 1239 61 39 M.
1102 1239 234 40 Halanzier
1356 1247 62 32 est
1439 1253 61 27 un
1521 1240 189 42 virtuose
1732 1243 276 40 merveilleux
2029 1246 16 37 ?

788 1309 61 42 M.
877 1308 139 42 Faure
1037 1324 23 26 a
1082 1310 78 40 fait
1181 1324 42 26 sa
1245 1312 166 39 rentrée
1434 1312 51 53 (je
1510 1326 107 27 vous
1639 1314 71 40 l'ai
1731 1314 64 40 dit
1813 1330 7 26 :
1846 1328 47 26 ce
1914 1329 52 25 ne
1988 1323 96 32 sont
2109 1329 83 40 que
2213 1317 168 48 débuts,
2405 1331 43 26 ce

729 1394 51 26 ne
804 1389 95 32 sont
920 1395 83 40 que
1025 1383 198 54 rentrées)
1258 1385 105 42 dans
1393 1387 38 39 le
1465 1386 87 40 rôle
1585 1387 57 40 du
1666 1387 177 40 bouffon
1866 1387 201 42 Paddock
2087 1390 50 38 de
2154 1390 39 39 la
2223 1390 148 53 Coupe
2391 1391 57 39 du

729 1454 70 39 roi
821 1453 53 40 de
910 1453 139 41 Thulé
1054 1488 7 17 ,
1086 1456 49 39 de
1157 1456 61 40 M.
1246 1458 121 40 Diaz.
1388 1459 62 39 M.
1477 1458 138 40 Faure
1637 1458 262 54 l'interprète
1919 1473 99 27 avec
2041 1474 85 26 une
2145 1462 201 51 autorité,
2364 1476 85 27 une

729 1524 160 39 science
910 1526 51 38 de
982 1526 163 40 diction
1169 1535 40 33 et
1229 1528 285 53 d'expression
1545 1529 75 52 qui
1647 1530 90 40 font
1759 1533 136 37 naître
1917 1545 96 26 sous
2036 1540 121 33 notre
2178 1533 147 54 plume
2352 1541 97 34 tout

728 1608 61 26 un
810 1595 277 40 vocabulaire
1107 1597 244 54 d'épithètes
1373 1600 309 41 enthousiastes
1704 1615 83 40 que
1808 1615 108 26 nous
1940 1616 51 26 ne
2013 1604 180 40 voulons
2216 1619 74 39 pas
2323 1606 99 52 épui-

728 1679 78 27 ser.
834 1666 62 42 M.
923 1667 139 40 Faure
1083 1681 52 27 ne
1154 1669 151 41 chante
1324 1684 87 40 pas,
1435 1672 29 38 il
1485 1672 152 42 officie.
1662 1672 71 40 On
1756 1681 61 32 est
1839 1688 164 26 comme
2024 1675 120 40 irrité
2166 1685 40 32 et
2224 1677 141 52 jaloux
2397 1679 50 38 de

728 1745 95 32 tant
856 1740 50 38 de
940 1738 134 42 talent
1093 1754 9 26 :
1134 1748 106 33 cette
1267 1743 231 52 perfection
1530 1743 155 54 dépite,
1719 1757 165 28 comme
1916 1746 267 42 l'immuable
2217 1749 153 41 beauté
2397 1751 49 38 de

730 1810 213 48 certaines,
957 1811 177 40 femmes
1156 1815 247 52 auxquelles
1424 1828 55 27 on
1512 1816 201 40 voudrait
1743 1825 171 33 trouver
1935 1833 85 26 une
2041 1820 104 40 ride.
2170 1823 39 37 A
2230 1821 218 55 l'exemple

726 1881 50 39 de
798 1889 63 32 cet
881 1883 212 40 Athénien
1119 1886 75 51 qui
1216 1886 86 39 s'en
1323 1886 118 41 allait
1462 1895 120 33 voter
1613 1896 146 33 contre
1795 1889 202 49 Aristide,
2034 1892 106 52 qu'il
2163 1892 102 41 était
2285 1893 162 53 fatigué

725 1952 246 42 d'entendre
1001 1958 197 48 toujours
1234 1957 167 53 appeler
1431 1957 38 40 le
1488 1959 134 48 Juste,
1658 1972 55 27 on
1745 1961 279 40 souhaiterait
2043 1965 24 36 à
2092 1962 139 40 Faure
2258 1965 188 52 quelque

726 2025 146 40 défaut
891 2027 160 52 auquel
1081 2027 40 40 la
1147 2028 182 53 critique
1350 2032 78 51 pût
1453 2031 181 41 mordre.

781 2096 62 40 M.
868 2097 168 40 Achard
1056 2098 154 53 jouait,
1233 2104 23 36 à
1277 2114 62 26 ses
1360 2103 128 51 côtés,
1511 2103 37 39 le
1566 2103 186 53 pêcheur
1766 2105 171 40 Yorick.
1962 2106 267 55 Alasîpoor
2257 2108 189 41 Yorick!

798 2170 100 39 Mlle
918 2171 156 39 Rosine
1097 2171 130 41 Bloch
1254 2174 295 52 personnifiait
1572 2175 204 47 Claribel,
1801 2177 39 40 la
1861 2178 61 40 fée
1943 2180 70 38 des
2034 2192 120 31 eaux.
2182 2181 105 39 Mlle
2311 2181 132 41 Bloch

728 2255 50 26 ne
801 2250 101 32 veut
919 2244 98 52 plus
1038 2245 83 38 être
1149 2247 248 51 remarquée
1418 2260 84 39 que
1523 2260 109 41 pour
1649 2262 43 26 sa
1712 2250 213 53 plastique
1945 2251 280 54 d'apothéose.
2269 2254 175 40 L'hiver

726 2313 185 51 dernier,
935 2314 78 40 elle
1047 2329 22 25 a
1104 2327 380 43 courageusement
1517 2321 145 38 revêtu
1697 2321 40 38 la
1770 2323 101 38 robe
1890 2323 50 39 de
1962 2323 106 39 bure
2100 2323 51 40 de
2177 2324 39 40 la
2236 2325 125 40 Fidès
2383 2327 58 39 du

726 2385 216 52 Prophète
963 2400 8 36 ;
1002 2400 43 25 sa
1065 2387 113 52 voix,
1214 2389 127 39 d'une
1370 2390 271 54 complexion
1670 2405 60 27 un
1751 2406 82 40 peu
1856 2394 233 51 indolente,
2127 2395 95 41 s'est
2250 2399 194 49 aguerrie

725 2455 107 40 dans
852 2470 44 26 ce
912 2458 86 40 rôle
1020 2459 118 41 ardu.
1162 2460 91 40 Elle
1274 2474 22 26 a
1318 2462 64 39 été
1403 2465 238 46 justement
1661 2471 41 33 et
1723 2465 284 40 sincèrement
2029 2467 229 53 applaudie
2278 2469 106 40 dans
2408 2471 36 38 le

727 2530 154 39 second
902 2537 90 33 acte
1012 2531 50 40 de
1082 2533 156 52 l'opéra
1258 2533 51 40 de
1333 2534 61 40 M.
1421 2535 121 40 Diaz.

780 2676 215 40 ATHÉNÉE.
1016 2699 47 6 —
1078 2678 182 40 Samedi
1280 2691 68 30 20.
1446 2679 59 40 La
1527 2681 275 40 réouverture
1823 2683 51 38 de
1895 2683 222 41 l'Athénée
2138 2684 95 40 s'est
2250 2685 99 41 faite
2370 2699 75 40 par

726 2748 36 39 le
783 2748 192 40 Barbier
996 2749 53 39 de
1069 2751 177 39 Séville.
1272 2751 63 41 M.
1361 2752 168 51 Ruelle,
1552 2766 86 26 une
1659 2753 70 39 des
1749 2754 178 52 grandes
1945 2757 203 40 ténacités
2165 2759 50 39 de
2231 2771 45 27 ce
2291 2768 129 45 temps-

726 2820 50 47 ci,
795 2834 109 26 nous
919 2836 23 24 a
964 2822 192 52 présenté
1177 2824 57 39 du
1255 2824 137 40 même
1404 2838 113 40 coup
1533 2838 84 27 une
1629 2826 304 53 primadonna,
1945 2841 61 26 un
2020 2830 120 39 ténor
2156 2838 40 33 et
2210 2844 84 27 une
2305 2832 135 41 basse:

728 2906 84 26 une
837 2893 174 52 Rosine,
1043 2895 315 41 mademoiselle
1380 2897 49 40 de
1458 2897 215 54 Bogdani;
1711 2913 60 25 un
1796 2900 243 52 Almaviva,
2073 2902 60 40 M.
2168 2903 208 53 Dereims,
2406 2914 38 31 et

728 2978 60 26 un
818 2965 151 55 Basile,
1001 2967 60 39 M.
1096 2966 192 42 Staveni.
1317 2969 315 41 Mademoiselle
1658 2971 51 39 de
1740 2972 193 52 Bogdani
1963 2982 62 31 est
2058 2974 209 53 d'origine
2299 2977 109 40 slave
2432 2992 8 26 :

726 3049 76 26 son
832 3036 61 40 air
916 3036 49 40 de
992 3039 96 49 tête,
1113 3052 62 26 ses
1196 3053 111 39 yeux
1326 3039 117 41 bleus
1465 3049 40 32 et
1531 3055 63 26 ses
1627 3043 190 40 cheveux
1851 3044 152 40 blonds
2031 3046 37 39 le
2098 3048 260 52 dénoncent;
2387 3059 55 41 et,

724 3111 23 36 à
770 3121 51 26 en
842 3107 119 54 juger
983 3123 73 38 par
1079 3123 74 26 son
1181 3120 160 42 accent,
1373 3112 29 39 il
1436 3125 51 26 ne
1513 3116 135 50 paraît
1674 3114 123 54 point
1825 3129 84 39 que
1939 3125 107 32 cette
2082 3118 160 41 Rosine
2276 3121 61 40 ait
2368 3122 50 39 de-

726 3180 146 39 meuré
893 3180 245 54 longtemps
1169 3185 21 35 à
1213 3182 169 54 Séville,
1404 3192 129 32 avant
1561 3186 50 38 de
1637 3186 102 40 faire
1759 3186 37 40 le
1824 3201 158 40 voyage
2014 3189 50 40 de
2096 3191 134 40 Paris.
2260 3192 92 40 Elle
2384 3202 61 31 est

724 3252 135 39 douée
879 3252 130 39 d'une
1032 3253 78 40 fort
1138 3252 96 53 jolie
1256 3255 113 51 voix,
1390 3258 80 36 très
1494 3257 163 53 souple,
1681 3261 83 37 très
1785 3259 196 52 étendue,
2006 3269 40 32 et
2067 3276 180 40 rompue
2267 3267 23 37 à
2305 3272 139 33 toutes

723 3325 58 38 les
803 3324 224 39 escalades.
1051 3324 85 40 Son
1157 3325 68 53 jeu
1248 3340 40 26 se
1310 3340 196 40 compose
1527 3328 49 40 de
1594 3338 139 31 toutes
1751 3339 130 32 sortes
1900 3332 343 43 d'incohérences
2270 3344 41 31 et
2329 3337 91 40 d'ex-

721 3395 238 41 centricités
980 3409 9 27 :
1026 3396 76 40 elle
1125 3410 20 27 a
1167 3396 71 41 des
1258 3398 186 40 sourires
1463 3408 96 32 tour
1580 3404 23 36 à
1625 3409 97 32 tour
1745 3403 108 39 naïfs
1876 3412 40 31 et
1937 3404 246 52 malicieux,
2212 3408 71 39 des
2310 3417 132 43 gestes
