2763 4160
378 1996 149 68 UN
603 1993 204 71 PEU
885 1991 130 71 DE
1084 1988 523 88 MUSIQUE
1678 1986 343 71 RUSSE

751 2414 45 26 es
817 2400 39 39 la
878 2398 225 40 fondation
1125 2398 51 39 de
1198 2397 39 40 la
1265 2395 252 54 Chronique
1537 2393 211 40 musicale
1755 2425 7 18 ,
1793 2405 111 26 nous
1928 2391 152 40 avions

754 2488 52 26 eu
835 2473 36 40 le
910 2471 165 40 dessein
1109 2470 161 40 d'offrir
1303 2471 22 37 à
1357 2482 62 26 ses
1452 2468 182 40 lecteurs
1667 2466 210 53 quelques
1922 2465 130 40 échan-

753 2547 151 39 tillons
925 2545 52 39 de
1000 2551 109 32 cette
1131 2542 202 53 musique
1353 2553 118 28 russe
1496 2553 87 40 que
1612 2539 34 40 si
1679 2551 82 42 peu
1793 2538 51 40 de
1877 2538 205 55 Français

754 2627 77 33 ont
857 2633 54 26 eu
939 2616 230 42 Poccasion
1191 2616 52 40 de
1270 2616 226 39 connaître
1529 2621 42 32 et
1612 2612 261 54 d'apprécier
1913 2625 169 27 comme

754 2706 127 28 nous.
924 2691 260 53 L'à-propos
1218 2702 28 39 y
1284 2697 61 30 est
1383 2700 54 27 en
1475 2699 46 27 ce
1561 2692 213 46 moment,
1816 2685 186 54 puisque
2042 2685 39 40 le

754 2764 147 56 public
929 2763 187 55 parisien
1146 2762 120 39 vient
1294 2760 129 40 d'être
1459 2758 153 40 convié
1649 2762 23 35 à
1713 2758 221 51 entendre,
1976 2757 107 40 dans

330 2856 85 26 une
438 2841 338 54 représentation
800 2839 157 40 diurne
972 2837 58 39 du
1051 2834 214 50 Châtelet,
1290 2846 85 27 une
1400 2832 73 40 des
1496 2831 97 55 plus
1615 2830 183 40 célèbres
1816 2839 39 31 et
1882 2831 73 39 des
1986 2830 98 55 plus

329 2916 158 40 aimées
513 2914 162 41 d'entre
704 2914 60 40 les
798 2912 167 40 artistes
998 2910 58 39 du
1093 2905 369 52 Théâtre-Marie,
1502 2904 201 41 madame
1746 2903 233 40 Léonowa.
2027 2904 59 39 Le

329 2987 168 41 festival
519 2987 60 40 du
603 2986 142 41 Palais
767 2985 50 40 de
839 2980 250 44 l'lndustrie
1115 2995 22 25 a
1169 2978 217 42 contrarié
1416 2986 108 32 cette
1555 2976 187 41 matinée
1776 2976 59 40 du
1872 2975 212 54 Châtelet,

330 3061 75 53 qui
429 3074 42 26 se
493 3059 182 41 donnait
696 3072 55 27 au
787 3055 189 43 bénéfice
1005 3055 72 40 des
1104 3053 199 41 victimes
1337 3052 50 39 de
1421 3050 154 53 Rueil*,
1616 3050 176 40 l'artiste
1830 3062 54 27 en
1923 3062 163 41 voyage

331 3133 138 40 s'était
492 3131 185 41 aussitôt
697 3132 148 39 offerte
866 3134 23 36 à
911 3136 106 33 cette
1040 3129 142 39 bonne
1204 3138 160 28 œuvre.
1390 3123 72 41 On
1483 3136 53 27 ne
1558 3123 81 40 sait
1660 3136 73 40 pas
1755 3135 129 33 assez,
1904 3126 23 35 à
1946 3121 138 50 Paris,

330 3194 55 65 qu
412 3194 28 65 2
467 3194 164 65 madame
658 3204 217 39 Léonowa
911 3217 23 25 a
967 3203 64 38 été
1061 3200 52 41 de
1146 3209 98 31 tous
1286 3199 59 38 les
1390 3203 193 34 concerts
1614 3195 220 53 organisés
1877 3199 21 35 à
1940 3194 144 40 Saint-

335 3279 292 52 Pétersbourg
648 3291 55 26 au
727 3276 186 41 bénéfice
933 3275 51 40 de
1009 3288 77 26 nos
1106 3273 155 41 blessés
1280 3270 52 41 de
1362 3285 7 24 i
1385 3270 243 54 870-1871.

390 3351 201 41 Madame
605 3351 216 40 Léonowa
842 3349 106 40 était
969 3347 91 54 déjà
1078 3359 141 28 venue
1232 3348 22 37 à
1273 3344 120 41 Paris
1409 3357 51 26 en
1485 3344 130 51 1860,
1630 3342 108 40 mais
1757 3341 158 41 n'avait
1933 3340 155 40 chanté

336 3439 86 41 que
442 3425 107 39 dans
581 3424 211 53 quelques
823 3422 159 52 salons,
1069 3420 51 40 de
1144 3420 139 40 même
1306 3420 23 37 à
1358 3415 232 42 Bruxelles.
1618 3416 250 53 Meyerbeer
1891 3413 139 40 taisait
2052 3413 37 40 le
