2763 4160
1096 492 75 40 LA
1203 491 375 48 CHRONIQUE
1615 492 308 42 MUSICALE

652 500 60 45 44

652 632 37 36 la
714 632 158 36 louable
893 633 85 36 idée
1011 633 63 47 d'y
1095 632 95 36 faire
1214 633 142 35 danser
1383 633 35 35 la
1441 645 148 36 pavane
1611 635 91 47 qui,
1726 645 49 25 en
1797 635 105 47 effet,
1945 635 158 48 figurait
2139 637 102 36 alors
2269 639 97 34 dans

653 699 133 28 toutes
808 692 56 36 les
882 692 96 35 fêtes
1000 692 177 47 galantes
1199 692 52 36 du
1284 693 165 38 Louvre.

705 751 211 46 L'opinion
938 762 214 24 commune
1172 759 59 28 est
1258 764 77 35 que
1355 752 35 36 la
1412 764 148 36 pavane
1590 765 103 24 nous
1712 761 59 29 est
1797 766 129 24 venue
1950 756 223 48 d'Espagne
2205 759 51 32 où
2293 755 73 36 elle

653 809 102 37 avait
776 811 60 35 été
858 811 183 36 inventée
1062 823 69 36 par
1154 813 182 35 Fernand
1360 814 156 45 Cortez,
1540 813 35 36 le
1597 816 248 47 conquérant
1869 816 52 36 du
1949 816 200 47 Mexique.
2178 816 63 35 On
2269 816 99 36 croit

651 870 296 48 généralement
966 872 107 35 aussi
1087 872 145 48 qu'elle
1255 872 73 37 tire
1347 886 74 23 son
1449 886 94 24 nom
1565 874 53 36 du
1644 875 98 35 latin
1758 887 104 36 pavo
1886 878 151 46 (paon),
2061 887 116 37 parce
2195 887 91 37 que,
2310 875 57 37 dit

653 929 309 48 l'étymologiste
986 932 134 47 Carré,
1146 949 16 15 «
1185 933 55 36 les
1253 934 188 36 cavaliers
1459 934 67 49 qui
1545 935 203 37 menaient
1772 936 36 36 la
1823 948 150 37 pavane
1989 937 203 36 tendaient
2210 936 56 37 les
2279 937 87 35 bras

654 997 36 28 et
709 989 57 36 les
786 997 153 29 mantes
959 1003 49 24 en
1028 991 144 37 faisant
1192 993 38 36 la
1256 1006 97 24 roue
1375 1006 154 24 comme
1554 995 68 35 des
1652 1007 93 36 coqs
1778 996 132 36 d'inde
1943 1008 52 24 ou
2025 997 68 36 des
2123 1008 137 36 paons.
2282 1013 16 14 »
2334 996 31 36 Il

654 1056 58 28 est
743 1049 82 36 vrai
857 1062 76 36 que
966 1052 56 36 M.
1066 1052 127 36 Littré
1227 1065 49 24 ne
1316 1065 40 24 se
1382 1061 184 29 contente
1605 1054 115 48 point
1761 1056 47 35 de
1843 1063 102 29 cette
1977 1056 238 47 explication
2255 1055 88 48 ingé-

653 1110 154 50 nieuse,
846 1119 38 29 et
907 1112 27 36 il
957 1113 102 37 aime
1080 1115 134 35 mieux
1230 1115 176 37 déclarer
1419 1128 77 36 que
1519 1117 180 48 l'origine
1719 1118 53 35 du
1790 1126 86 28 mot
1896 1118 126 48 paraît
2037 1119 231 36 incertaine.

702 1173 53 35 M.
782 1172 141 36 Albert
946 1173 214 48 Vizentini,
1185 1174 160 37 l'habile
1369 1184 37 27 et
1427 1176 132 36 érudit
1580 1178 94 35 chef
1682 1178 246 36 d'orchestre
1949 1180 47 34 de
2024 1178 37 36 la
2088 1178 113 36 Gaîté
2220 1191 19 23 a
2260 1190 48 24 eu
2329 1178 36 35 le

651 1232 81 35 bon
762 1232 97 47 goût
880 1232 46 36 de
948 1233 177 35 recourir
1154 1237 19 32 à
1193 1234 84 36 l'air
1315 1234 222 48 historique
1576 1236 46 35 de
1656 1235 37 36 la
1719 1248 164 36 pavane.
1916 1237 32 35 Il
1978 1237 121 37 l'aura
2134 1238 229 40 découvert,

654 1301 91 25 sans
767 1291 134 46 doute,
920 1291 96 36 dans
1032 1303 55 24 un
1109 1292 98 36 livre
1232 1294 52 34 du
1316 1301 142 39 temps,
1482 1297 79 32 très
1598 1294 212 37 reeherché
1849 1294 251 48 aujourd'hui
2125 1297 67 34 des
2224 1296 121 35 biblio-

649 1348 145 49 philes,
817 1357 39 28 et
876 1350 69 47 qui
966 1359 59 28 est
1044 1350 161 37 intitulé
1230 1364 6 24 :
1263 1352 359 38 ORCHESOGRAPHIE
1656 1361 36 29 et
1724 1354 148 36 traicté
1893 1367 78 36 par
2001 1355 123 49 lequel
2159 1362 125 29 toutes
2310 1355 56 35 les

647 1420 214 36 personnes
877 1417 170 40 peuvent
1051 1411 239 47 facilement
1304 1413 224 48 apprendre
1552 1420 38 28 et
1601 1413 235 48 practiquer
1861 1414 209 37 Vhonneste
2095 1413 184 38 exercice
2300 1414 66 35 des

651 1468 144 35 dances
799 1496 7 16 ,
831 1481 70 35 par
920 1470 188 37 THOINOT
1130 1472 182 36 ARBEAU.
1341 1472 216 46 (Petitin-4
1560 1478 15 16 0
1581 1503 7 16 ,
1616 1474 189 47 Langres,
1829 1473 123 48 1589.)

699 1527 74 35 Cet
790 1528 58 35 air
877 1529 47 36 de
948 1529 36 35 la
1011 1542 148 35 pavane
1176 1543 39 23 se
1234 1541 190 38 compose
1440 1532 46 36 de
1503 1533 101 35 deux
1622 1533 167 47 reprises
1804 1533 47 35 de
1872 1533 88 36 huit
1976 1545 176 24 mesures
2173 1534 189 35 chacune.

654 1586 30 35 Il
706 1598 40 23 se
771 1585 92 49 joue
893 1588 97 35 dans
1025 1588 35 36 le
1091 1597 258 28 mouvement
1370 1590 382 49 allegro-moderato
1759 1623 7 15 ,
1797 1600 37 28 et
1856 1600 59 28 est
1955 1592 97 36 écrit
2076 1594 96 34 dans
2194 1592 35 35 le
2248 1592 116 36 mode

657 1645 170 47 mineur,
851 1648 19 33 à
898 1646 238 49 l'exception
1159 1649 45 35 de
1227 1649 168 35 l'accord
1432 1649 94 37 final
1548 1651 68 46 qui
1639 1658 58 28 est
1732 1651 164 47 majeur,
1924 1652 150 36 artifice
2100 1651 264 47 harmonique

654 1704 185 47 fréquent
877 1706 96 35 dans
1003 1706 35 34 la
1072 1707 185 48 musique
1294 1709 46 35 de
1371 1716 101 28 cette
1507 1710 168 47 époque,
1699 1717 37 28 et
1768 1710 68 48 qui
1869 1710 102 36 avait
1994 1723 94 24 nom
2112 1721 7 26 :
2143 1728 16 14 «
2178 1712 184 36 Cadence

650 1764 168 47 picarde.
845 1781 16 15 »

703 1824 169 36 Comme
912 1832 92 28 tous
1041 1825 56 37 les
1119 1842 16 16 «
1157 1827 78 36 airs
1257 1830 20 33 à
1310 1828 122 36 ballet
1461 1846 16 14 »
1517 1830 53 34 du
1593 1829 181 36 seizième
1794 1830 130 47 siècle,
1944 1830 102 35 celui
2069 1830 45 35 de
2151 1829 36 37 la
2215 1842 148 36 pavane

651 1883 184 36 s'affirme
860 1896 66 23 sur
947 1896 78 24 une
1041 1884 209 38 harmonie
1271 1886 69 47 qui
1358 1895 87 27 sent
1465 1888 151 47 l'orgue
1639 1896 38 27 et
1705 1888 35 36 le
1759 1888 264 48 plain-chant.
2053 1890 61 34 En
2133 1889 103 47 effet,
2253 1890 26 35 il
2297 1890 64 47 n'y

651 1943 101 36 avait
775 1956 68 34 pas
865 1944 104 36 alors
992 1956 77 24 une
1091 1945 148 47 grande
1270 1946 176 37 distance
1470 1956 110 27 entre
1612 1947 35 36 le
1676 1949 106 34 sacré
1806 1956 38 27 et
1867 1949 35 34 le
1924 1947 178 49 profane.
2130 1962 16 20 «
2172 1949 125 36 Diane
2316 1949 47 36 de

654 2002 185 48 Poitiers,
863 2011 161 29 raconte
1044 2004 280 48 Castil-Blaze,
1342 2006 156 36 dansait
1515 2019 75 23 aux
1615 2008 83 35 bals
1732 2008 46 35 de
1801 2008 36 35 la
1858 2020 96 24 cour
1974 2020 48 24 en
2042 2008 188 37 chantant
2251 2009 37 35 le
2303 2009 60 36 De

649 2062 211 49 profundis
886 2076 76 34 que
987 2064 186 36 Clément
1197 2066 131 35 Marot
1349 2066 104 36 avait
1470 2065 124 48 ajusté
1625 2079 102 35 pour
1761 2067 75 36 elle
1870 2079 67 23 sur
1957 2067 86 36 l'air
2062 2069 47 34 de
2130 2067 36 36 la
2185 2067 106 36 volte
2314 2067 34 36 fa-

651 2123 131 36 vorite
806 2123 46 35 de
870 2131 101 28 cette
992 2124 214 47 princesse.
1232 2126 61 33 En
1314 2124 133 37 levant
1466 2126 35 35 le
1522 2126 89 47 pied
1633 2138 101 35 pour
1756 2138 40 23 se
1817 2126 135 36 lancer
1973 2129 16 34 à
2023 2128 37 35 la
2090 2127 65 36 file
2177 2128 66 35 des
2268 2128 72 35 dan-

653 2194 123 36 seurs,
800 2184 126 35 Diane
957 2186 210 34 entonnait
1194 2185 35 35 le
1251 2197 188 35 pseaume
1465 2197 6 25 :
1507 2187 63 35 Du
1582 2187 107 47 fond
1711 2187 46 35 de
1784 2198 64 24 ma
1870 2187 207 47 pensée....
2101 2195 37 29 et
2157 2188 36 35 le
2212 2188 150 35 menait

651 2246 21 32 à
700 2244 131 35 bonne
856 2243 54 35 fin
929 2243 181 48 jusqu'au
1125 2245 158 36 dernier
1301 2253 142 31 verset.
1468 2262 17 15 »

700 2303 30 35 Il
746 2302 84 36 faut
858 2303 125 37 croire
996 2305 120 46 qu'au
1144 2304 117 37 siècle
1279 2305 160 37 suivant
1460 2305 36 36 la
1523 2317 149 36 pavane
1693 2307 134 36 n'était
1845 2319 67 36 pas
1937 2315 88 28 tout
2059 2310 20 33 à
2098 2308 69 36 fait
2187 2308 174 46 oubliée,

649 2373 64 24 car
733 2363 168 35 Scarron
917 2375 47 24 en
985 2364 106 47 parle
1112 2364 99 36 dans
1239 2376 71 25 son
1340 2364 158 49 Virgile
1517 2366 175 36 travesti.

1110 2448 73 31 Des
1194 2448 101 42 files
1310 2458 65 23 une
1383 2449 108 41 jeune
1512 2449 127 39 bande;

1106 2501 198 32 Dansaient
1323 2502 128 32 devant
1472 2503 34 30 la
1522 2503 201 32 sarabande
1744 2515 9 19 :

1103 2554 118 32 Force
1242 2565 157 32 garçons
1420 2565 130 22 comme
1566 2556 183 43 bouquins,

1105 2608 60 31 Au
1186 2618 62 21 son
1268 2608 62 31 des
1350 2613 140 27 cornets
1510 2610 21 30 à
1553 2610 182 41 bouquins,

1107 2661 199 32 Dansaient
1321 2662 21 30 à
1363 2662 166 31 Vembour
1543 2662 31 31 la
1589 2672 146 32 pavane,

1105 2714 69 32 Les
1197 2714 191 33 matassins
1408 2719 33 28 et
1458 2715 192 34 labocane.

770 2839 106 35 Dans
898 2850 73 24 son
988 2846 162 40 rapport
1171 2851 66 24 sur
1259 2839 56 36 les
1337 2839 87 49 prix
1450 2840 46 35 de
1523 2847 127 40 vertu,
1678 2841 54 35 M.
1761 2841 128 47 Patin,
1914 2843 176 35 membre
2112 2842 45 36 de
2180 2841 157 38 l'Acadé-

649 2897 75 36 mie
740 2898 204 49 française,
962 2910 102 23 nous
1087 2898 133 37 donne
1241 2911 54 23 un
1318 2900 325 47 renseignement
1669 2900 80 35 bon
1771 2903 18 33 à
1807 2901 201 36 recueillir
2027 2914 66 23 sur
2113 2902 56 36 les
2185 2903 178 36 derniers

651 2965 200 27 moments
866 2958 52 35 du
945 2958 273 48 compositeur
1240 2959 137 36 Carafa
1401 2971 7 25 :

701 3032 12 17 «
748 3018 52 34 La
821 3029 125 24 veuve
964 3018 267 47 Vandevelde,
1255 3018 56 36 dit
1341 3019 54 36 M.
1422 3018 130 49 Patin,
1579 3032 100 23 nous
1710 3032 21 23 a
1757 3031 98 36 paru
1883 3021 161 36 mériter
2070 3032 80 25 une
2182 3021 181 37 mention

653 3077 93 34 d'un
771 3077 115 35 ordre
901 3077 155 48 spécial.
1099 3078 80 36 Son
1212 3078 154 45 maître,
1391 3079 144 47 qu'elle
1560 3092 20 23 a
1605 3079 100 36 servi
1728 3080 177 46 pendant
1924 3081 211 35 trente-six
2159 3093 82 35 ans,
2266 3090 103 28 avait

650 3137 59 36 été
730 3137 132 47 frappé
884 3137 47 35 de
946 3136 206 49 paralysie,
1172 3140 21 32 à
1213 3137 122 47 Paris,
1354 3150 48 23 en
1435 3139 108 46 1870,
1565 3146 88 29 tout
1672 3151 49 23 au
1742 3148 346 28 commencement
2110 3142 53 33 du
2192 3141 102 36 mois
2316 3142 47 35 de

647 3194 141 49 juillet,
811 3196 193 47 quelques
1022 3195 110 46 jours
1161 3204 116 28 avant
1296 3197 238 47 l'explosion
1559 3198 47 36 de
1634 3198 36 35 la
1696 3210 153 35 guerre.
1871 3199 128 35 Cloué
2022 3212 69 22 sur
2116 3212 73 24 son
2209 3200 57 45 lit,
2286 3213 77 23 aux

649 3256 96 36 trois
767 3264 137 40 quarts
923 3257 135 45 sourd,
1078 3256 96 36 mais
1196 3269 142 24 encore
1358 3269 49 24 en
1427 3259 228 47 possession
1679 3259 47 34 de
1744 3270 73 24 son
1841 3259 268 48 intelligence,
2128 3260 35 35 le
2184 3260 181 36 vieillard

649 3329 20 24 a
686 3316 170 36 traversé
872 3316 36 36 le
927 3317 171 47 premier
1119 3324 38 29 et
1171 3318 33 35 le
1227 3318 145 35 second
1389 3318 119 48 siège,
1531 3319 37 35 la
1585 3330 141 36 guerre
1743 3319 207 47 étrangère
1972 3328 39 28 et
2034 3320 35 35 la
2081 3332 139 35 guerre
2237 3319 127 45 civile,

650 3386 37 27 et
708 3377 25 35 il
757 3384 58 28 est
832 3384 104 28 mort
957 3388 49 23 au
1028 3377 100 35 mois
1167 3377 47 35 de
1249 3377 129 47 juillet
1414 3378 107 46 1872,
1548 3391 89 23 sans
1664 3379 109 35 avoir
1807 3379 84 36 rien
1916 3391 44 24 su
1989 3380 40 35 ni
2063 3379 131 47 appris
2234 3379 47 36 de
2304 3390 62 25 ces

650 3438 255 34 événements
928 3438 194 34 énormes.
