2763 4160
470 472 80 40 DE
583 474 78 40 LA
693 475 292 54 MUSIQUE
1017 481 79 41 ET
1129 484 85 40 DU
1249 475 303 54 THÉÂTRE
1585 490 80 40 EN
1702 493 249 43 FRANCE

2032 510 51 42 17

335 616 168 54 intéiêt,
530 623 23 37 à
576 634 61 28 un
659 623 208 56 privilège
889 626 292 56 inapplicable
1201 640 42 33 et
1264 631 98 44 s'est
1380 636 200 41 contenté
1597 636 187 56 d'exiger
1803 640 39 41 le
1862 642 222 54 paiement

336 690 215 53 préalable
579 694 131 43 d'une
740 711 166 30 somme
933 700 203 43 débattue
1156 703 52 41 de
1228 706 73 50 gré
1335 710 24 36 à
1391 710 75 50 gré
1483 718 41 33 et
1545 710 106 42 dont
1672 712 38 41 le
1729 713 151 43 chiffre
1902 724 61 32 est
1987 717 99 41 basé

334 777 76 28 sur
433 765 38 42 le
492 772 143 37 succès
656 772 208 52 probable
891 773 59 40 du
982 774 288 45 bénéficiaire.
1307 778 103 42 Cela
1448 784 202 54 s'appelle
1690 800 61 28 un
1784 788 299 46 abonnement.

335 838 113 42 Mais
468 849 107 33 cette
595 852 234 45 apparente
860 848 253 41 concession
1136 859 63 32 est
1221 864 155 29 encore
1399 867 87 27 une
1507 856 153 55 charge
1684 861 98 41 bien
1804 863 153 43 lourde
1971 880 115 41 pour

336 925 61 28 un
419 913 150 41 artiste
590 915 94 54 qui,
705 917 41 41 la
767 918 179 55 plupart
965 920 59 41 du
1047 929 154 48 temps,
1230 924 187 43 n'arrive
1439 941 75 40 pas
1535 932 24 37 à
1582 933 175 40 couvrir
1779 948 63 28 ses
1863 937 116 42 frais.

393 986 74 40 Un
490 988 229 54 musicien,
742 990 113 41 aimé
876 991 59 42 du
958 993 147 54 public
1135 1004 41 33 et
1204 996 86 42 fort
1312 1008 148 45 expert
1479 1014 54 28 en
1567 1016 78 28 son
1667 1014 82 43 art,
1773 1021 22 26 a
1818 1021 53 28 eu
1893 1009 40 42 la
1957 1012 127 40 noble

334 1060 153 51 pensée
506 1059 51 41 de
579 1060 106 41 faire
705 1072 225 32 connaître
952 1079 22 26 a
997 1066 40 40 la
1060 1080 137 28 masse
1232 1071 59 39 du
1322 1073 157 52 peuple
1506 1073 60 41 les
1592 1075 337 47 chefs-d'oeuvre
1963 1084 51 39 de
2046 1085 38 39 la

332 1131 206 56 musique
569 1133 348 46 instrumentale.
957 1139 125 41 Nous
1112 1141 186 42 voulons
1329 1146 142 52 parler
1491 1146 73 42 des
1594 1158 200 34 concerts
1820 1155 266 52 populaires

331 1202 50 40 de
407 1204 64 41 M.
499 1203 258 58 Pasdeloup.
792 1209 73 40 Au
886 1209 129 55 point
1037 1212 50 39 de
1109 1226 85 27 vue
1214 1214 253 57 artistique,
1499 1219 37 40 le
1561 1224 144 39 succès
1727 1237 22 26 a
1771 1228 222 39 couronné
2022 1242 63 26 ses

332 1276 157 41 effoits.
531 1277 59 41 La
615 1287 116 33 vaste
753 1281 194 42 enceinte
967 1283 61 41 du
1056 1284 164 57 Cirque
1241 1288 27 40 d
1284 1288 122 43 hiver
1425 1291 123 42 suffit
1578 1298 21 36 à
1634 1296 127 53 peine
1792 1302 24 36 à
1844 1299 14 40 l
1876 1300 209 42 affluence

331 1348 72 40 des
426 1359 220 32 amateurs
673 1352 167 42 fournis
865 1369 75 40 par
960 1365 142 33 toutes
1125 1359 60 39 les
1208 1361 153 41 classes
1382 1362 52 41 de
1455 1364 40 41 la
1516 1367 158 40 société
1696 1378 40 31 et
1760 1383 136 28 venus
1920 1372 51 40 de
1987 1380 96 33 tous

329 1421 59 40 les
409 1422 146 55 points
576 1424 52 41 de
653 1425 135 54 Paris,
818 1436 42 32 et
888 1428 154 56 depuis
1065 1430 133 42 treize
1220 1447 76 26 ans
1319 1433 38 41 le
1378 1438 144 39 succès
1550 1452 42 26 se
1609 1440 235 43 maintient
1865 1456 56 28 au
1943 1447 140 38 même

334 1493 159 43 niveau
513 1510 85 39 que
619 1500 59 38 les
700 1499 208 53 premiers
928 1501 131 54 jours.
1080 1503 114 42 Mais
1213 1505 56 41 les
1293 1507 206 43 bénéfices
1519 1513 270 52 pécuniaires
1806 1525 99 32 sont
1919 1518 92 40 loin
2032 1518 51 41 de

329 1569 209 52 répondre
559 1576 23 35 à
605 1571 370 55 l'empressement
995 1576 58 40 du
1075 1578 164 52 public,
1266 1593 54 26 au
1343 1582 89 40 zèle
1453 1592 40 31 et
1515 1588 22 36 à
1557 1585 40 40 la
1616 1588 302 52 persévérance
1940 1590 57 40 du
2014 1591 45 41 di-

330 1649 185 33 recteur.
543 1642 37 40 D
602 1657 84 27 une
709 1653 109 45 part,
845 1645 63 42 M.
936 1647 258 58 Pasdeloup,
1219 1652 105 40 dans
1341 1666 87 28 une
1446 1654 175 44 louable
1642 1661 152 51 pensée
1816 1661 49 40 de
1887 1662 171 53 vulgari-

329 1713 158 50 sation,
510 1729 23 26 a
556 1716 60 39 dû
646 1717 156 41 établir
832 1718 72 41 des
940 1720 96 54 prix
1068 1725 23 36 à
1125 1722 41 41 la
1203 1726 143 52 portée
1366 1726 51 40 de
1437 1734 144 35 toutes
1600 1729 59 41 les
1680 1732 175 40 bourses
1870 1747 9 38 5
1916 1734 166 41 d'autre

331 1795 115 45 paît,
470 1787 59 40 les
550 1788 253 43 honoraires
825 1792 52 40 de
903 1802 99 31 cent
1021 1795 239 42 musiciens
1289 1806 41 33 et
1362 1800 39 39 le
1434 1800 95 54 prix
1558 1804 250 42 exorbitant
1836 1806 247 53 qu'exigent

331 1858 61 41 les
419 1862 304 53 propriétaires
744 1863 52 41 de
816 1864 40 41 la
877 1865 102 41 salle
1009 1868 236 42 absorbent
1263 1870 60 41 les
1346 1873 109 39 neuf
1470 1873 209 43 dixièmes
1703 1877 53 40 de
1785 1878 39 40 la
1849 1887 168 34 recette.
2045 1881 35 40 Il

332 1942 196 33 resterait
552 1949 83 27 une
654 1936 139 54 légère
811 1938 230 42 différence
1064 1952 197 42 pouvant
1283 1944 170 42 fournir
1470 1960 85 27 une
1577 1949 325 43 rémunération
1919 1957 23 36 à
1957 1954 126 53 peine

327 2008 222 54 équitable
579 2024 112 40 pour
718 2010 39 40 le
790 2011 228 52 directeur,
1040 2013 35 41 si
1105 2014 404 46 l'Administration
1529 2020 73 41 des
1622 2021 194 56 hospices
1842 2026 235 42 n'étendait

328 2093 44 27 sa
400 2081 120 41 main
557 2082 260 52 légalement
846 2097 153 41 rapace
1033 2099 74 27 sur
1139 2087 39 40 la
1205 2088 196 43 dernière
1434 2092 123 41 obole
1590 2093 60 42 du
1672 2108 247 41 courageux
1942 2098 112 41 musi-

326 2152 97 42 cien
446 2156 82 51 (1).

380 2227 80 40 Tel
482 2236 61 33 est
565 2232 22 36 à
607 2242 82 40 peu
713 2232 94 51 près
829 2230 39 40 le
891 2240 86 32 sort
995 2232 51 40 de
1070 2240 97 34 tous
1187 2234 60 41 les
1281 2236 170 42 artistes
1484 2239 50 41 de
1569 2242 138 40 talent
1743 2251 40 33 et
1815 2244 261 44 d'initiative

324 2299 76 53 qui
421 2301 189 54 aspirent
631 2305 23 37 à
675 2316 209 41 propager
912 2304 37 41 le
980 2308 108 50 goût
1117 2307 73 40 des
1212 2310 185 51 grandes
1430 2326 171 28 œuvres
1627 2317 246 42 musicales.
1903 2319 35 40 Il
1961 2320 73 53 n'y
2054 2335 23 26 a

324 2373 51 41 de
411 2374 114 41 salut
552 2389 85 40 que
668 2389 113 41 pour
809 2376 60 41 les
900 2380 257 54 entreprises
1186 2381 51 40 de
1268 2383 72 40 bas
1372 2385 119 54 étage
1518 2388 76 53 qui
1624 2390 164 42 évitent
1822 2392 59 40 les
1916 2393 100 40 frais
2039 2402 41 32 et

324 2458 42 27 se
386 2445 202 55 rejettent
609 2461 75 27 sur
702 2449 60 40 les
782 2449 214 42 chansons
1016 2453 218 52 vulgaires
1257 2464 41 32 et
1319 2470 74 27 sur
1415 2457 57 41 les
1489 2458 205 43 flonflons
1716 2463 289 42 d'estaminet.

1407 2564 40 41 J.
1490 2566 86 40 DE
1622 2568 286 44 FILIPPI.

492 2627 65 44 (La
579 2627 93 33 suite
694 2629 332 44 prochainement.)

363 2743 52 42 (1)
433 2753 70 32 400
525 2742 43 34 fr.
592 2754 63 33 par
675 2751 156 27 concert.
854 2745 100 33 Nous
978 2747 118 33 citons
1114 2748 43 33 de
1178 2750 174 34 mémoire

515 3553 59 40 IL

1837 3582 21 27 2
