2763 4160
2038 460 59 56 45

1114 465 192 42 VARIA

409 634 16 16 «
456 618 77 36 Par
549 629 55 24 un
626 616 166 50 prodige
815 617 47 38 de
878 616 222 38 discrétion
1120 624 38 29 et
1179 617 48 35 de
1248 615 210 49 vigilance,
1478 624 94 26 avec
1592 623 82 25 une
1692 610 234 37 délicatesse
1946 608 47 36 de
2010 619 68 25 sen-

357 679 147 36 timent
526 678 233 37 infiniment
779 679 234 48 supérieure
1034 681 22 33 à
1078 690 40 24 sa
1140 677 224 47 condition,
1383 676 38 36 la
1441 675 137 37 bonne
1594 679 182 31 servante
1800 670 92 37 s'est
1912 668 136 39 donné
2066 668 38 36 le

361 747 306 30 contentement
689 740 236 48 d'épargner
945 742 21 33 à
988 750 75 25 son
1081 738 95 37 cher
1195 738 162 36 infirme
1383 737 58 36 les
1461 736 171 49 longues
1651 733 204 49 angoisses
1878 739 39 29 et
1937 730 57 38 les
2015 730 91 48 plus

357 802 242 48 poignantes
621 800 70 36 des
710 799 246 36 souffrances
976 797 185 37 morales.
1190 799 67 35 Un
1279 797 55 35 tel
1354 796 73 36 fait
1439 797 120 36 serait
1575 794 234 50 incroyable
1825 793 32 37 si
1877 793 105 36 deux
2003 790 102 38 amis

360 862 54 36 du
435 862 171 43 malade,
629 860 71 47 qui
722 858 96 37 était
841 870 55 24 un
914 856 200 38 musicien
1136 857 93 37 bien
1252 869 151 34 connu,
1426 857 56 35 M.
1514 855 157 48 Carafa,
1695 856 47 35 de
1764 852 248 39 l'Académie
2034 853 70 35 des

361 923 247 45 beaux-arts,
632 927 93 29 tous
747 919 105 36 deux
871 919 48 35 de
939 918 37 36 la
992 919 132 35 même
1139 917 232 45 Académie,
1387 924 42 29 et
1450 929 76 24 nos
1544 916 204 36 confrères
1767 928 50 24 ne
1839 927 104 25 nous
1959 926 120 37 appor-

359 983 127 37 taient
500 994 69 36 pas
588 980 204 38 l'autorité
814 980 48 36 de
884 979 89 37 leur
995 979 255 50 témoignage
1269 977 231 51 personnel.
1526 994 17 15 »

406 1043 116 36 Telle
540 1043 61 36 fat
618 1041 38 40 la
675 1040 181 37 destinée
884 1041 48 36 de
964 1040 174 37 l'auteur
1161 1040 48 36 de
1230 1038 247 38 Masaniello
1485 1067 8 19 ,
1522 1038 54 36 du
1596 1036 195 38 Solitaire
1812 1044 39 30 et
1886 1036 49 36 de
1954 1037 149 36 Jeanne

359 1104 134 37 d'Arc.
524 1104 57 36 La
602 1102 183 37 dernière
801 1103 128 35 année
953 1101 48 36 de
1022 1114 40 23 sa
1089 1100 64 38 vie
1177 1099 133 39 devait
1343 1111 40 25 se
1410 1110 136 37 passer
1564 1098 100 36 dans
1685 1109 79 25 une
1785 1096 96 37 ville
1902 1096 106 36 deux
2026 1096 77 37 fois

359 1164 191 49 assiégée,
573 1175 158 25 comme
752 1175 42 24 sa
820 1161 180 50 jeunesse
1020 1161 129 37 s'était
1166 1161 164 37 écoulée
1348 1173 50 24 au
1422 1159 140 37 milieu
1584 1159 68 37 des
1671 1157 126 38 fracas
1813 1158 47 36 de
1884 1156 37 38 la
1942 1168 157 38 guerre.

360 1225 64 36 On
448 1225 88 44 sait,
561 1237 48 24 en
638 1223 114 47 effet,
773 1235 78 37 que
874 1223 164 47 Carafa,
1062 1230 120 28 avant
1200 1222 46 35 de
1270 1220 136 38 courir
1427 1220 36 36 la
1485 1220 170 37 carrière
1686 1218 208 48 musicale,
1918 1218 106 37 avait
2043 1217 61 36 été

359 1285 199 48 capitaine
583 1285 100 36 dans
705 1284 164 36 l'armée
891 1283 263 48 napolitaine.
1183 1283 31 36 Il
1234 1282 105 37 avait
1367 1289 257 29 notamment
1658 1279 70 37 fait
1749 1280 36 36 la
1808 1290 219 38 campagne
2058 1277 47 36 de

360 1347 159 47 Russie,
547 1358 158 24 comme
728 1345 155 38 officier
905 1345 299 36 d'ordonnance
1227 1344 54 35 du
1304 1343 59 37 roi
1385 1344 147 35 Murât.

408 1408 53 35 Le
482 1406 160 49 général
656 1406 47 37 de
716 1404 234 38 Yermoloff
969 1406 122 47 (mort
1111 1406 249 35 récemment
1379 1415 50 25 en
1446 1404 165 46 France,
1631 1415 40 24 sa
1694 1402 126 48 patrie
1843 1399 217 51 adoptive),
2084 1411 21 25 a

356 1469 118 36 conté
487 1467 89 49 plus
586 1467 119 37 d'une
717 1466 75 37 fois
804 1470 21 33 à
835 1466 83 36 l'un
931 1467 47 35 de
991 1477 74 25 nos
1078 1465 314 37 collaborateurs
1403 1471 206 29 comment
1622 1463 27 36 il
1660 1464 91 35 s'est
1762 1462 51 36 lié
1823 1460 178 38 d'amitié
2011 1472 93 25 avec

359 1529 155 36 Carafa.
540 1528 146 36 C'était
705 1540 49 24 au
776 1526 232 38 lendemain
1030 1526 48 36 de
1100 1526 36 35 la
1159 1525 162 37 bataille
1342 1525 48 37 de
1423 1525 37 36 la
1492 1524 227 48 Moskowa;
1744 1524 71 35 des
1838 1522 180 37 officiers
2038 1523 68 34 des

357 1590 106 36 deux
490 1589 155 36 armées
664 1587 150 38 étaient
829 1587 137 37 réunis
987 1587 102 36 dans
1111 1599 57 23 un
1188 1584 166 39 château
1380 1598 50 25 en
1449 1585 125 49 partie
1588 1584 150 37 détruit
1761 1583 142 49 parles
1926 1582 173 38 boulets.

360 1651 71 47 Là,
455 1662 51 25 au
528 1650 139 36 milieu
689 1649 68 37 des
781 1649 249 46 décombres,
1056 1660 40 24 se
1121 1648 179 36 trouvait
1320 1660 56 23 un
1404 1647 177 37 clavecin
1605 1647 124 48 qu'un
1752 1645 182 36 heureux
1961 1643 145 36 hasard

355 1711 105 37 avait
481 1711 184 49 préservé
686 1711 68 36 des
774 1709 249 50 projectiles.
1053 1712 52 34 Le
1122 1709 200 49 capitaine
1343 1709 140 36 Carafa
1501 1707 217 49 improvisa
1738 1714 113 30 toute
1874 1706 38 36 la
1926 1704 91 38 nuit
2039 1716 68 24 sur

355 1779 63 29 cet
432 1771 263 47 instrument,
717 1775 21 33 à
760 1771 37 37 la
811 1771 149 49 grande
982 1769 78 49 joie
1081 1770 70 36 des
1178 1770 210 36 assistants
1422 1768 69 49 qui
1519 1768 200 37 n'avaient
1752 1766 116 49 point
1888 1767 127 47 prévu
2048 1777 56 23 un

354 1833 55 36 tel
438 1841 163 29 concert
622 1833 98 36 dans
742 1844 54 24 un
818 1832 54 37 tel
895 1831 95 47 lieu,
1015 1839 39 28 et
1069 1833 22 33 à
1111 1843 56 23 un
1189 1830 125 49 pareil
1336 1837 198 30 moment.
1554 1829 54 36 La
1630 1831 119 33 scène
1771 1826 139 37 n'était
1930 1825 167 38 éclairée

356 1905 79 37 que
469 1905 70 37 par
572 1893 38 36 la
640 1893 118 36 lueur
778 1893 53 35 du
846 1891 150 49 punch,
1020 1891 102 36 dont
1158 1890 57 36 les
1243 1890 248 48 vainqueurs
1518 1888 184 37 faisaient
1720 1888 57 37 les
1798 1888 208 36 honneurs
2029 1898 76 25 aux

355 1953 179 46 vaincus,
558 1953 102 36 ainsi
678 1953 98 48 qu'il
804 1959 61 30 est
884 1952 47 35 de
953 1951 193 37 tradition
1170 1951 203 36 courtoise
1396 1957 112 29 entre
1530 1950 149 35 Russes
1698 1956 38 29 et
1756 1947 201 52 Français.

408 2013 154 47 Carafa,
595 2012 70 50 qui
686 2012 133 38 devait
838 2012 156 36 mourir
1014 2012 180 36 membre
1225 2011 48 35 de
1309 2010 218 47 l'lnstitut,
1551 2009 104 37 avait
1693 2010 154 36 obtenu
1878 2020 61 25 ses
1967 2007 140 37 lettres

357 2075 47 36 de
423 2072 313 39 naturalisation
754 2072 196 53 française
970 2084 50 25 en
1042 2071 109 47 1834.
1173 2070 31 37 Il
1222 2071 96 36 était
1340 2071 50 36 né
1405 2074 20 32 à
1443 2071 146 48 Naples
1613 2081 49 26 en
1683 2069 109 49 1787.

472 2246 67 37 Un
564 2244 197 37 musicien
782 2243 217 50 distingué,
1016 2244 59 39 M.
1100 2244 113 36 Léon
1231 2244 176 48 Roques,
1430 2248 368 43 accompagnateur
1820 2253 78 24 aux
1925 2238 182 39 Bouffes-

361 2306 217 48 Parisiens,
599 2306 111 37 vient
729 2305 226 38 d'inventer
976 2316 56 24 un
1053 2316 189 25 nouveau
1262 2304 245 36 métronome
1519 2333 8 15 ,
1551 2302 98 48 qu'il
1670 2302 159 48 appelle
1864 2301 244 36 métronome

357 2367 195 50 métrique
573 2374 39 29 et
632 2366 70 49 qui
726 2375 59 28 est
804 2366 119 36 d'une
948 2365 216 48 simplicité
1184 2373 39 28 et
1241 2365 97 36 d'un
1360 2365 81 35 bon
1461 2363 161 37 marché
1644 2361 315 51 exceptionnels.

409 2429 54 35 Le
483 2428 243 36 métronome
746 2426 198 50 métrique
963 2433 57 30 est
1036 2438 57 23 un
1110 2425 250 37 instrument
1380 2424 69 48 qui
1472 2431 94 40 sert,
1588 2435 157 25 comme
1767 2431 92 29 tous
1877 2422 56 38 les
1954 2423 128 36 métro-

359 2500 143 25 nomes
544 2499 179 36 connus,
750 2487 341 36 non-seulement
1116 2488 22 34 à
1159 2485 130 48 régler
1319 2485 37 36 la
1387 2485 122 36 durée
1537 2483 170 38 relative
1733 2484 68 36 des
1832 2492 133 40 temps
1992 2483 49 37 de
2070 2483 37 36 la

360 2560 174 36 mesure,
559 2549 99 36 mais
679 2555 162 29 surtout
868 2550 21 33 à
916 2547 189 48 indiquer
1124 2546 119 36 d'une
1265 2544 178 38 manière
1479 2544 154 49 précise
1665 2545 37 35 la
1721 2544 122 36 durée
1872 2543 160 37 absolue
2053 2543 54 37 du

361 2615 264 31 mouvement
644 2608 95 36 d'un
761 2619 204 26 morceau.

410 2673 53 33 Le
492 2671 258 35 métronome
779 2669 200 47 métrique
999 2668 47 37 de
1070 2669 56 37 M.
1154 2668 162 47 Roques
1340 2679 40 25 se
1404 2678 190 38 compose
1622 2666 121 37 d'une
1762 2666 233 49 planchette
2015 2677 69 37 gra-

361 2731 102 36 duée
494 2742 69 25 sur
581 2730 174 48 laquelle
786 2737 58 30 est
875 2729 144 50 adapté
1055 2740 56 25 un
1149 2728 174 48 pendule
1355 2727 143 49 simple
1522 2727 55 49 (fil
1600 2726 151 37 mobile
1785 2733 241 42 supportant
2054 2737 56 24 un

362 2803 118 37 corps
496 2791 170 48 pesant).
690 2791 54 36 Le
763 2790 42 36 fil
823 2798 110 42 peut,
954 2802 50 25 au
1022 2801 148 37 moyen
1185 2789 98 36 d'un
1307 2789 242 36 mécanisme
1569 2787 70 37 des
1658 2787 91 49 plus
1766 2787 179 48 simples,
1964 2798 40 25 se
2024 2798 66 24 rac-

363 2852 159 36 courcir
541 2863 53 25 ou
631 2851 212 49 s'allonger
864 2851 48 36 de
945 2850 118 52 façon
1083 2854 22 33 à
1123 2850 133 49 placer
1283 2850 36 36 le
1342 2848 137 50 plomb
1499 2848 71 49 qui
1591 2848 37 37 le
1657 2848 95 37 tend
1779 2848 146 37 devant
1954 2847 156 37 chacun

362 2912 70 36 des
456 2912 141 47 degrés
619 2913 47 35 de
685 2910 37 37 la
743 2911 232 49 planchette
1003 2911 188 49 graduée.
1216 2911 75 35 Les
1314 2909 160 37 chiffres
1499 2910 49 36 de
1582 2916 104 30 cette
1723 2908 154 38 échelle
1897 2907 215 49 indiquent

363 2972 37 36 la
420 2972 184 48 quantité
641 2971 294 37 d'oscillations
971 2982 80 37 que
1087 2970 37 37 le
1163 2970 175 49 pendule
1361 2970 71 37 fait
1455 2971 99 36 dans
1591 2970 168 48 l'espace
1787 2970 120 35 d'une
1931 2968 173 37 minute.

366 3032 292 37 L'instrument
675 3040 58 29 est
754 3033 160 48 disposé
936 3044 103 37 pour
1055 3033 84 35 être
1154 3031 194 37 accroché
1364 3043 51 25 au
1433 3044 91 24 mur
1539 3043 93 25 avec
1651 3041 79 26 une
1744 3029 243 38 inclinaison
2005 3029 85 37 d'en-

362 3093 115 37 viron
502 3092 46 38 3o
571 3094 153 48 degrés.

414 3155 58 34 Le
494 3153 246 38 métronome
762 3154 195 49 métrique
963 3184 8 19 ,
996 3154 102 36 ainsi
1121 3153 176 50 disposé,
1321 3154 111 37 étant
1465 3153 136 37 donné
1629 3165 55 24 un
1714 3158 264 33 mouvement
1998 3150 91 50 quel-

363 3243 173 37 conque,
550 3244 70 36 par
639 3232 183 49 exemple
840 3233 37 37 le
893 3241 265 31 mouvement
1231 3245 61 24 zzz
1318 3244 83 36 120,
1421 3244 53 25 011
1490 3232 127 49 prend
1631 3232 38 37 la
1683 3232 127 49 partie
1827 3230 216 38 inférieure
2059 3229 53 36 du

364 3311 141 50 plomb
528 3310 111 49 placé
658 3323 50 25 au
729 3313 101 36 bout
849 3312 54 37 du
925 3312 58 49 fil,
1007 3325 53 24 on
1072 3312 37 36 le
1131 3313 113 47 place
1263 3312 253 37 strictement
1531 3324 50 25 en
1599 3313 83 36 face
1704 3312 54 36 du
1778 3311 117 49 point
1918 3322 70 24 120
2010 3309 48 36 de
2077 3307 37 37 la

365 3370 232 51 planchette
618 3372 187 48 graduée,
843 3384 53 25 on
924 3372 302 38 abandonne-le
1256 3372 175 50 pendule
1458 3375 21 34 à
1502 3372 314 38 Visochronisme
1836 3371 48 36 de
1905 3382 61 25 ses
1999 3368 96 38 oscil-

364 3450 165 48 lations,
555 3459 39 29 et
615 3451 35 37 le
668 3460 264 30 mouvement
957 3436 39 70 J
1018 3464 61 26 z=z
1112 3464 70 25 120
1204 3464 40 25 se
1263 3460 145 32 trouve
1428 3459 254 31 exactement
1699 3450 120 49 réglé.
