3116 4435
182 90 60 44 40

182 180 136 59 And
360 195 84 59 yet
484 204 57 35 so
581 204 152 50 many
770 180 55 59 of
861 180 145 59 these
1048 197 140 59 great
1216 181 162 60 ladies
1406 185 52 55 in
1484 183 85 58 the

185 255 144 59 Paris
369 270 137 59 story
544 279 89 35 are
672 256 236 66 dancers,
952 259 209 74 singers,
1203 258 329 76 chorus-girls
1557 283 12 42 ;

182 330 70 57 all
292 329 232 58 blended
582 330 246 74 together,
875 355 55 33 as
968 334 53 54 in
1081 331 104 68 life,
1228 333 20 57 I
1306 357 263 49 suppose;

186 405 307 72 journalists,
519 406 208 73 singers,
759 405 235 69 bankers,
1024 409 221 70 painters
1281 409 102 57 and
1414 407 118 75 girls
1556 433 13 42 ;

186 504 66 34 an
295 480 108 57 odd
444 504 218 34 crew....
706 479 103 58 and
851 481 66 57 all
958 505 58 33 so
1053 481 126 59 real.

299 556 126 57 One
464 556 262 66 wonders,
769 559 42 54 is
850 557 88 58 the
977 557 174 58 whole
1192 557 139 59 book
1357 581 30 35 a
1428 556 141 71 libel,

185 654 55 33 or
280 632 42 55 is
361 635 38 53 it
439 645 109 43 true
572 639 80 50 ?...
696 656 57 32 or
793 634 40 55 is
874 634 37 55 it
952 656 181 35 mezzo
1173 658 26 33 e
1239 658 198 34 mezzo.

833 799 66 56 III.

186 946 219 128 NOW
432 936 40 54 it
498 933 183 76 begins
720 949 51 43 to
812 933 118 59 look
969 957 55 33 as
1063 933 196 76 though
1296 935 145 59 these
1466 936 105 58 few

341 1023 148 44 notes
530 1032 67 35 on
637 1009 86 58 the
765 1009 176 73 Pretty
980 1008 228 60 Theatre
1249 1035 143 34 were
1444 1036 127 34 soon

181 1095 54 44 to
265 1081 261 76 deveiope
568 1088 104 55 into
713 1084 86 58 the
840 1086 145 72 Ugly
1021 1084 246 61 Theatre.

298 1161 99 55 But
439 1161 78 57 'tis
558 1185 67 33 no
666 1161 128 58 such
833 1161 158 76 thing.
1072 1161 122 58 The
1232 1163 270 73 prettiness
1528 1164 42 56 is

182 1232 164 67 there,
390 1236 102 57 and
531 1236 167 58 under
737 1239 37 55 it
812 1236 140 58 what
991 1238 42 55 is
1074 1236 166 58 under
1278 1236 67 58 all
1386 1237 126 59 else.

298 1309 113 59 We
449 1309 130 60 shall
618 1336 128 33 soon
785 1335 150 34 come
973 1326 55 42 to
1062 1327 165 58 pretty
1255 1312 150 58 Mile.
1438 1314 99 57 Gui-

181 1385 162 68 mard,
386 1387 94 57 her
530 1387 215 68 mother,
788 1387 91 58 Mr
920 1387 173 75 Leger
1141 1387 104 59 and
1284 1388 87 58 the
1425 1388 110 58 Mar-

182 1463 117 67 quis
341 1460 70 57 de
454 1462 244 58 Soubise.
778 1460 135 60 And
972 1463 297 75 Fragonard
1308 1463 111 57 will
1458 1478 113 59 step

182 1537 107 55 into
332 1537 84 57 the
456 1562 144 34 room
642 1585 11 12 .
681 1562 95 34 ..or
814 1538 167 57 rather
1018 1540 106 56 into
1164 1539 108 57 that
1310 1538 127 58 little
1471 1543 77 70 pri-

182 1627 118 40 vate
361 1611 231 59 Theatre
633 1613 53 57 of
743 1613 117 57 hers
884 1638 13 41 ;
960 1614 103 57 and
1123 1613 298 75 Fragonard
1460 1618 43 54 is
1541 1639 32 32 a

183 1703 280 58 guarantee
501 1688 77 57 for
616 1688 85 58 the
742 1688 285 73 perfection
1066 1688 52 58 of
1157 1690 286 71 prettiness.

300 1763 59 58 A
414 1764 108 58 few
573 1779 404 43 measurements
1028 1765 53 57 of
1137 1765 93 57 her
1287 1765 215 69 theatre,
1543 1791 30 31 a

181 1836 108 59 few
329 1838 148 58 dates
531 1864 55 33 as
634 1855 52 42 to
747 1839 156 58 when
960 1839 88 58 the
1104 1839 152 75 place
1315 1864 109 34 was
1482 1857 91 57 put

182 1937 70 49 up
296 1959 31 13 ..
355 1914 122 58 .and
519 1930 91 59 put
662 1939 70 50 up
771 1915 76 58 for
906 1918 284 57 auction....
1234 1930 187 45 cannot
1477 1910 64 63 de-

181 2004 128 43 tract
364 1991 196 74 greatly
618 1991 128 57 from
803 1990 88 58 the
950 1991 210 65 charm;
1202 1990 150 60 dates
1392 2017 88 33 are
1521 1995 52 55 in

179 2088 106 51 any
323 2088 122 35 case
498 2065 242 60 valuable
780 2090 56 33 as
877 2090 30 33 a
947 2065 138 58 basis
1136 2066 77 57 for
1260 2067 313 73 Terpsicore

179 2155 55 43 to
273 2142 252 71 pirouette
566 2166 143 35 0n....
748 2140 103 59 and
892 2165 135 34 even
1063 2156 54 45 to
1157 2142 88 59 die
1286 2166 146 45 0n,...
1472 2144 76 57 for-

188 2232 193 60 gotten.

296 2292 137 57 Poor
460 2291 370 74 Terpsichore,
873 2316 100 33 one
1014 2292 53 59 of
1169 2292 49 59 le
1259 2292 249 59 ballerine

178 2365 125 61 who
355 2367 302 59 dominated
709 2382 88 44 not
845 2367 122 75 only
1005 2368 88 58 the
1150 2367 184 60 realms
1392 2368 56 59 of
1486 2368 87 59 the

177 2456 146 61 stage
365 2442 91 60 but
494 2442 111 58 also
643 2443 149 57 those
831 2443 55 59 of
1079 2443 302 60 Galanterie

1261 2535 82 59 X.
1387 2535 73 59 Y.
1502 2535 53 57 Z.

1205 2642 54 33 To
1285 2641 44 33 be
1353 2641 220 34 continued•

180 3134 1382 133 IMITATION.

180 3323 67 67 A
310 3324 264 66 NOTE

637 3320 120 66 BY
818 3320 175 84 JAN
1064 3319 506 67 KLAASSEN

193 3427 223 60 WITH
449 3424 287 61 STORY
757 3424 122 61 BY
896 3424 77 61 A.
1003 3422 305 61 DUMAS
1333 3422 237 61 PERE.

182 3588 350 129 IMITATING
571 3596 53 44 to
651 3580 289 76 perfection
978 3581 43 56 is
1061 3577 249 74 certainly
1335 3603 31 33 a
1392 3576 178 70 talent,

225 3657 104 60 and
370 3660 39 56 it
446 3659 43 57 is
549 3657 98 59 this
687 3655 199 76 special
931 3654 159 59 talent
1134 3654 176 58 which
1348 3656 43 56 is
1451 3676 89 50 pos-

182 3732 182 61 sessed
404 3732 71 75 by
513 3732 89 59 the
642 3732 268 59 Russians.
988 3729 159 74 They
1174 3729 180 58 derive
1380 3730 38 57 it
1442 3729 129 59 from

181 3811 90 59 the
308 3809 77 59 far
426 3810 145 58 East.

294 3883 137 61 And
458 3886 54 56 in
536 3883 88 60 the
651 3883 229 60 Russian
906 3880 231 61 Theatre
1162 3878 98 60 this
1286 3878 160 60 talent
1477 3880 93 59 has

181 3962 141 60 been
361 3985 58 34 so
459 3960 228 76 cleverly
746 3957 281 78 employed
1079 3957 108 59 that
1235 3958 40 58 it
1325 3956 91 58 has
1456 3956 85 60 tho-

180 4037 217 78 roughly
436 4036 221 60 dazzled
698 4036 309 75 Europeans
1034 4032 106 60 and
1166 4031 332 62 Americans.

295 4112 157 62 With
511 4112 89 60 the
658 4112 252 60 Russians
967 4111 250 58 imitation
1265 4107 164 75 really
1474 4107 63 60 be-

180 4214 179 37 comes
397 4188 184 61 almost
618 4187 256 76 masterly.

1731 185 54 57 In
1825 184 224 60 defence
2088 185 55 59 of
2178 185 98 59 this
2314 188 38 56 it
2391 188 43 56 is
2476 185 141 60 often
2652 187 128 58 with
2817 189 182 71 justice

1618 258 277 59 advanced
1935 260 105 57 that
2079 261 252 58 Russians
2370 284 87 35 are
2493 275 91 44 not
2620 261 88 58 the
2742 263 121 73 only
2888 264 84 58 imi-

1618 349 153 43 tators
1795 361 11 33 :
1848 335 108 57 that
1982 359 133 35 even
2144 335 125 74 Italy
2295 361 108 33 was
2431 335 123 75 glad
2584 350 53 44 to
2664 336 179 59 derive
2871 338 129 59 from

1618 409 85 57 the
1745 410 144 67 East,
1932 410 102 57 and
2063 409 105 59 that
2195 411 93 57 her
2326 411 385 68 Architecture,
2738 411 258 78 Painting,

1617 484 163 58 house
1819 485 300 57 decoration
2157 485 104 58 and
2313 485 67 58 all
2425 489 43 56 is
2515 486 217 75 directly
2770 489 229 72 inspired

1618 560 71 72 by
1728 560 87 57 the
1846 561 141 59 East.
2059 561 140 74 Nay,
2225 585 160 43 more,
2417 562 220 58 Eastern
2662 564 163 57 artists
2853 588 147 34 came

1618 650 54 43 to
1712 635 127 73 Italy
1879 651 49 42 at
1968 663 30 32 a
2036 651 226 44 moment
2288 637 156 58 when
2483 637 87 58 the
2598 653 99 43 arts
2725 663 140 34 were
2891 641 53 56 in
2970 664 31 33 a

1618 710 96 57 sad
1753 710 179 73 plight,
1963 711 102 57 and
2095 711 194 74 helped
2328 711 87 58 the
2458 711 200 58 Italians
2699 728 52 43 to
2789 738 214 34 recover

1616 786 326 57 themselves.

1730 862 100 57 But
1855 862 106 57 that
1985 863 42 56 is
2055 863 142 73 quite
2225 861 211 60 another
2462 877 196 54 matter,
2683 863 105 59 and
2813 863 87 59 the
2928 879 76 44 art

1616 936 54 58 of
1707 936 88 57 the
1837 936 176 58 Italian
2037 936 287 68 architects,
2347 936 266 75 sculptors,
2636 938 102 58 and
2760 941 239 70 painters,

1618 1011 190 75 though
1867 1011 217 59 derived
2142 1012 129 57 from
2331 1013 212 57 Greece
2595 1036 57 34 or
2699 1015 304 72 Byzantium

1617 1089 53 56 in
1709 1087 86 58 the
1823 1087 199 58 twelfth
2060 1087 104 58 and
2191 1087 276 58 thirteenth
2495 1091 269 63 centuries,
2794 1088 69 57 (0
2901 1093 43 55 is
2971 1114 33 34 a

1616 1162 166 58 rather
1820 1177 198 61 greater
2056 1163 107 59 feat
2200 1164 122 58 than
2360 1164 86 58 the
2486 1164 205 75 making
2730 1164 54 59 of
2834 1190 31 33 a
2895 1167 106 74 wig

1617 1237 192 67 which,
1851 1238 156 58 when
2045 1261 160 46 worn,
2248 1241 42 54 is
2317 1252 53 44 to
2398 1238 70 57 be
2495 1239 153 59 taken
2674 1239 76 59 for
2770 1242 233 75 growing

1617 1314 128 57 hair.

1731 1387 88 58 To
1879 1387 179 58 derive
2111 1388 128 58 from
2277 1389 213 57 another
2528 1392 172 54 nation
2738 1390 44 56 is
2821 1403 89 45 not
2948 1404 52 44 to

1618 1467 193 56 imitate
1852 1463 257 76 slavishly.
2181 1464 122 59 The
2345 1464 200 59 Italians
2586 1465 133 63 have
2761 1464 238 69 derived,

1620 1539 94 58 but
1750 1539 134 57 have
1922 1554 89 42 not
2049 1539 86 57 the
2173 1542 247 69 requisite
2445 1554 178 43 nature
2651 1564 57 33 or
2733 1539 168 58 knack
2926 1540 78 57 for

1618 1618 266 71 imitating.
1964 1615 122 57 The
2126 1615 248 59 Russians
2415 1615 266 75 assuredly
2707 1615 133 60 have
2876 1617 128 58 both

1618 1691 98 58 this
1756 1704 177 43 nature
1973 1691 105 58 and
2117 1690 88 57 the
2243 1690 184 59 knack.

1733 1766 238 58 Russia's
2023 1766 274 58 far-famed
2349 1765 169 59 Ballet
2567 1768 43 56 is
2664 1766 87 59 the
2797 1766 118 59 fruit
2952 1766 53 59 of

1620 1840 97 58 this
1758 1840 127 58 slick
1924 1840 174 66 talent,
2142 1841 102 57 and
2285 1840 88 58 the
2411 1840 146 58 other
2582 1840 155 60 forms
2775 1841 55 57 of
2869 1843 102 57 Dra-

1620 1919 153 56 matic
1800 1931 74 44 art
1899 1942 85 33 are
2011 1916 213 75 thought
2250 1931 87 44 out
2364 1918 104 57 and
2504 1916 256 60 executed
2788 1918 72 73 by
2886 1942 119 34 men

1618 1991 122 59 who
1781 2015 203 49 possess
2025 1994 250 56 immense
2316 2015 205 50 powers
2561 1991 53 59 of
2651 1994 249 72 mimicry.

1734 2067 79 75 By
1851 2067 98 59 this
1979 2067 17 58 I
2026 2069 70 57 do
2135 2084 89 41 not
2248 2093 153 33 mean
2427 2067 107 59 that
2568 2069 122 73 they
2713 2069 117 57 take
2855 2070 149 57 ideas

1618 2142 131 59 from
1787 2144 236 57 Antoine
2050 2168 57 33 or
2133 2142 128 59 from
2294 2142 324 59 Reinhardt:
2662 2144 19 57 I
2721 2168 152 33 mean
2899 2144 106 58 that

1621 2219 121 73 they
1780 2219 118 58 take
1937 2244 31 32 a
2010 2219 176 58 drama
2224 2234 52 42 to
2322 2220 196 72 pieces,
2558 2219 107 57 find
2711 2219 200 59 models
2952 2220 53 58 of

1621 2293 132 59 each
1792 2296 153 71 piece
1984 2296 52 56 in
2077 2293 103 68 life,
2224 2292 104 59 and
2368 2293 122 58 then
2528 2293 127 59 with
2699 2295 306 75 astounding

1622 2372 259 71 patience,
1904 2368 150 60 make
2079 2370 277 58 facsimiles
2378 2394 57 33 so
2455 2370 107 58 that
2582 2394 102 49 you
2705 2394 98 34 can
2824 2371 181 75 hardly

1622 2443 90 60 tell
1750 2446 88 57 the
1879 2445 282 58 difference
2199 2446 128 56 from
2365 2445 88 58 the
2492 2443 259 78 originals.

1736 2521 303 73 Personally
2077 2521 19 57 I
2137 2521 104 57 find
2280 2521 98 57 this
2418 2545 124 49 very
2585 2525 280 64 attractive,
2905 2523 100 71 just

1622 2620 56 33 as
1701 2596 18 57 I
1747 2596 160 58 found
1933 2596 88 58 the
2049 2594 241 74 Queen's
2312 2594 175 60 Dolls'
2509 2596 188 58 House
2723 2598 280 56 attractive.

1623 2672 42 57 It
1703 2671 214 59 seemed
1955 2685 52 44 to
2046 2695 84 34 me
2170 2687 52 42 to
2262 2671 69 58 be
2370 2696 32 33 a
2440 2671 105 59 real
2585 2672 195 58 Palace
2818 2674 54 56 in
2910 2674 63 56 mi-

1621 2751 278 56 niature....
1941 2747 67 58 all
2046 2771 110 34 was
2195 2748 220 59 there....
2458 2748 122 74 only
2618 2774 28 31 a
2695 2747 146 60 small
2893 2748 84 59 Pri-

1621 2838 118 43 vate
1778 2823 232 60 Theatre
2049 2847 109 34 was
2199 2823 218 76 lacking.

1714 2982 50 40 (/)
1796 2981 122 33 Those
1953 2981 212 33 interested
2198 2981 40 33 in
2273 2982 79 32 this
2373 2981 149 42 subject
2556 2991 75 23 can
2667 2985 110 30 trace
2813 2982 31 32 it
2875 2984 68 31 out
2966 2982 41 33 in

1621 3026 266 34 innumerable
1909 3027 127 33 works
2070 3038 49 21 on
2143 3027 147 33 Italian
2314 3029 77 33 art.
2444 3027 80 33 The
2537 3026 215 42 following
2774 3037 71 24 are
2879 3038 24 23 a
2919 3026 89 42 few

1622 3073 98 32 lines
1743 3073 117 32 taken
1895 3073 92 32 here
2022 3073 81 32 and
2124 3073 110 33 there
2259 3071 112 42 from
2397 3071 63 33 the
2541 3073 265 33 Renaissance
2831 3073 40 32 in
2905 3073 102 42 Italy

1623 3118 113 41 (Fine
1759 3118 111 42 Arts)
1940 3119 46 39 by
2006 3119 40 39 f.
2064 3119 50 33 A.
2142 3118 198 42 Symonds,
2360 3116 206 42 referring
2589 3120 38 31 to
2645 3118 64 32 the
2735 3118 182 34 Oriental
2928 3119 83 33 and

1625 3166 311 32 Grceco-Roman
1961 3164 212 41 influences
2194 3162 81 41 felt
2298 3163 47 41 by
2369 3163 63 33 the
2455 3165 108 37 early
2598 3166 165 31 masters
2796 3163 57 42 of
2878 3164 107 34 archi-

1621 3212 158 36 tecture,
1800 3208 187 42 painting
2009 3210 81 31 and
2110 3210 207 39 sculpture,
2343 3208 96 34 such
2463 3218 46 23 as
2528 3208 197 42 Cimabue,
2749 3210 169 33 Niccola
2940 3210 45 34 Pi-

1618 3266 110 28 sano,
1751 3255 82 33 and
1853 3255 115 32 other
1990 3255 212 33 thirteenth
2225 3257 162 38 century
2410 3254 149 36 artists.

1712 3304 9 14 4
1731 3309 6 7 *
1763 3301 79 33 The
1873 3302 172 31 Tuscans
2075 3311 123 22 never
2221 3300 145 41 forgot
2404 3299 64 33 the
2491 3301 127 32 domes
2657 3299 54 41 of
2725 3299 102 34 their
2862 3302 144 32 remote

1618 3349 228 35 ancestors;
1882 3346 63 32 the
1971 3348 171 31 Romans
2175 3346 175 33 adhered
2368 3345 139 41 closely
2541 3348 38 30 to
2612 3346 121 33 Latin
2768 3344 237 41 traditions;

1620 3393 64 33 the
1707 3393 261 33 Southerners
2003 3401 103 23 were
2137 3392 172 42 affected
2340 3390 47 43 by
2423 3391 220 41 Byzantine
2678 3392 81 32 and
2792 3391 214 35 Saracenic

1618 3439 143 32 models

1709 3484 23 18 u
1760 3483 78 33 The
1862 3482 240 33 intercourse
2126 3481 54 42 of
2201 3482 139 34 Venice
2364 3481 95 33 with
2483 3482 255 33 Alexandria
2768 3482 244 33 determined

1620 3530 64 32 the
1707 3530 146 40 unique
1875 3527 267 34 architecture
2165 3527 53 41 of
2239 3530 43 32 S.
2307 3527 166 34 Mark's.
2528 3527 79 33 The
2631 3527 130 33 Arabs
2789 3529 82 31 and
2901 3529 79 32 Nor-

1618 3584 110 24 mans
1762 3574 74 40 left
1870 3574 256 42 ineffaceable
2160 3577 128 30 traces
2323 3571 53 41 of
2403 3572 107 33 their
2541 3573 161 42 sojourn
2735 3583 50 23 on
2810 3574 193 33 Palermo.

1619 3621 131 35 ....All
1769 3621 120 38 along
1923 3619 64 33 the
2010 3622 127 30 coasts
2159 3629 58 23 zve
2241 3619 93 33 here
2356 3617 83 33 and
2471 3618 108 33 there
2606 3619 94 40 find
2730 3618 200 34 evidences
2961 3617 53 42 of

1622 3666 183 35 Oriental
1823 3665 99 39 style
1945 3665 193 41 imported
2158 3666 80 32 into
2262 3664 220 33 mediaeval
2501 3665 162 39 1ta1y....

1710 3715 23 14 il
1753 3711 199 40 Existing
1975 3711 89 32 thus
2081 3710 41 33 in
2139 3711 64 33 the
2219 3711 115 33 midst
2351 3708 54 41 of
2410 3719 115 32 many
2535 3711 137 39 potent
2686 3709 223 42 influences,
2927 3709 83 35 and

1616 3758 250 32 surrounded
1886 3756 47 42 by
1956 3756 64 33 the
2044 3756 113 34 ruins
2179 3756 54 36 of
2250 3758 95 38 past
2367 3755 252 41 civilisation,
2659 3755 64 33 the
2747 3756 168 34 Italians
2946 3765 40 25 re-

1616 3802 204 34 combined
1839 3803 83 32 and
1934 3802 175 40 mingled
2128 3804 115 39 styles
2265 3801 54 41 of
2333 3800 165 34 marked
2511 3802 167 41 variety.
2734 3802 79 32 The
2837 3803 167 42 Roman,

1616 3850 235 41 Byzantine,
1876 3847 226 39 Saracenic,
2129 3848 206 40 Lombard,
2368 3847 82 33 and
2475 3847 170 33 German
2669 3846 211 34 traditions
2902 3857 104 25 were

1616 3895 165 33 blended
1801 3894 41 33 in
1868 3893 106 34 their
1994 3894 278 41 architecture,
2298 3904 44 23 as
2366 3894 65 32 the
2447 3892 210 42 presiding
2674 3893 146 41 genius
2841 3892 55 41 of
2907 3892 98 36 each

1609 3941 115 42 place
1748 3939 250 39 deterpiined.

1710 3989 23 15 44
1753 3986 49 33 In
1825 3986 64 33 the
1917 3986 141 40 Campo
2083 3985 122 34 Santo
2228 3986 43 31 at
2294 3984 94 34 Pisa
2411 3991 89 33 may
2521 3983 84 34 still
2624 3983 44 33 be
2702 3993 89 24 seen
2807 3993 60 24 as
2868 3992 71 25 arc
2940 3983 43 35 ho-

1609 4031 161 42 phagus
1792 4031 275 42 representing
2100 4031 61 33 the
2182 4031 108 42 story
2323 4029 54 41 of
2390 4029 80 38 Hip
2471 4030 87 40 poly
2559 4031 64 32 tus
2655 4030 85 32 and
2766 4030 237 34 Phcedra....

1616 4078 197 42 Studying
1834 4078 66 32 the
1922 4077 134 34 heroic
2085 4076 170 34 nudities
2279 4077 82 32 and
2386 4074 111 34 noble
2531 4075 188 34 attitudes
2741 4075 55 42 of
2820 4075 78 33 this
2920 4075 63 35 bas-

1615 4122 130 41 relief,
1768 4124 168 34 Niccola
1960 4123 175 42 (Pisano)
2159 4121 273 35 rediscovered
2462 4119 65 35 the
2565 4120 114 42 right
2708 4131 86 29 way
2817 4119 54 42 of
2892 4124 111 31 art—

1615 4172 69 30 not
1707 4170 46 42 by
1774 4170 142 39 merely
1938 4169 167 42 copying
2127 4167 62 35 his
2211 4169 136 38 model,
2364 4166 68 35 but
2455 4164 47 43 by
2525 4165 184 42 divining
2732 4167 64 33 the
2818 4169 127 33 secret
2958 4167 50 40 of

1616 4214 65 34 the
1700 4215 137 41 grand
1854 4215 110 42 style.
