3116 4435
155 599 40 24 III)

153 989 39 20 I'M

153 1055 39 24 111
1584 1055 1391 24 l

151 1448 38 17 I'M

150 1512 39 23 111
1582 1512 1393 23 l

356 370 879 198 THE
1529 370 1199 198 MASK

351 644 188 79 AN
671 642 1039 81 ILLUSTRATED
1837 639 899 99 QUARTERLY

338 779 503 99 JOURNAL
894 779 140 81 OF
1098 779 218 79 THE
1380 779 226 81 ART
1684 776 138 82 OF
1903 776 221 82 THE
2195 776 541 82 THEATRE.

351 977 183 66 THE
582 975 533 68 PUBLISHERS
1171 975 259 66 HAVE
1484 975 462 66 PLEASURE
2002 975 81 66 IN
2142 975 597 66 ANNOUNCING

348 1084 201 66 THE
646 1084 655 66 PUBLICATION
1410 1081 89 66 IN
1598 1081 422 66 VOLUME
2126 1081 384 66 ELEVEN
2617 1084 122 66 OF

346 1191 381 83 SOME
806 1191 475 81 LARGE
1387 1188 468 81 PLANS
1966 1191 163 78 OF
2233 1188 500 84 CITIES.

348 1345 263 167 THE
658 1345 109 65 first
816 1345 143 64 Plan
1008 1348 229 61 consists
1298 1344 57 64 of
1416 1359 211 66 twenty
1692 1342 122 66 four
1877 1343 94 65 full
2034 1370 146 57 page
2238 1343 189 65 Plates
2488 1343 253 82 showing

487 1437 95 65 the
658 1437 136 82 City
864 1437 58 63 of
1001 1437 192 63 Rome
1269 1438 55 60 in
1402 1434 186 74 1748,
1669 1434 113 65 and
1860 1461 235 56 appears
2173 1438 55 61 in
2304 1434 106 65 this
2486 1434 254 68 number.

1095 1527 291 80 (Volume
1433 1527 119 74 XI,
1604 1526 266 65 Number
1926 1528 87 79 /).

357 1618 46 67 It
455 1622 43 63 is
547 1648 34 37 a
627 1620 203 84 superb
882 1620 162 73 Plan,
1095 1645 167 56 every
1293 1635 187 58 street,
1516 1618 228 74 church,
1781 1618 216 83 palace,
2034 1617 294 83 academy,
2363 1618 233 77 theatre,
2629 1617 113 66 and

821 1712 202 64 almost
1070 1739 170 55 every
1287 1712 175 63 house
1510 1711 164 81 being
1723 1711 284 65 indicated
2054 1712 222 82 clearly.

356 1804 119 66 We
526 1804 141 65 shall
715 1804 196 66 follow
962 1805 106 64 this
1118 1804 79 82 by
1246 1831 35 36 a
1328 1804 393 82 reproduction
1768 1808 56 59 in
1870 1804 174 65 about
2091 1808 147 78 forty
2285 1803 191 64 Plates
2521 1804 59 65 of
2648 1803 97 64 the

945 1897 300 64 1734-39
1296 1895 145 65 Plan
1486 1897 60 62 of
1594 1895 159 64 Paris
1803 1895 74 83 by
1926 1895 240 83 Turgot.

475 2029 202 99 SUCH
710 2027 200 46 PLANS
940 2027 128 45 ARE
1100 2026 328 46 ESSENTIAL
1460 2026 86 45 TO
1579 2026 318 46 STUDENTS
1917 2045 11 32 ;
1959 2027 133 45 AND
2123 2027 128 45 THE
2274 2027 167 45 FIRST
2462 2026 157 46 WILL

545 2088 207 46 PROVE
787 2088 403 46 INVALUABLE
1227 2088 87 44 TO
1335 2088 128 44 THE
1496 2088 205 44 STUDY
1735 2088 80 44 OF
1848 2088 130 45 IHE
2002 2088 369 46 FOLLOWING
2392 2087 226 46 BOOKS:

1232 2171 295 46 EVELYN'S

1164 2233 331 45 GOLDONI'S
1569 2233 278 45 MEMOIRS
1865 2233 49 51 '';

680 2298 81 46 DE
795 2295 281 46 BROSSE'S
1159 2295 105 45 LEI
1277 2294 156 45 TRES
1466 2294 361 45 FAMILIERES
1858 2295 248 46 ECRITES
2140 2295 56 45 D'
2214 2295 202 46 ITALIE

1255 2356 78 45 EN
1390 2356 112 44 1739
1535 2356 78 44 ET

1126 2416 396 46 CASANOVA'S
1594 2416 300 46 MEMOIR'S
1964 2436 11 32 ;

997 2477 403 47 ADEMOLLO'S
1482 2478 229 45 TEATRI
1744 2478 59 45 DI
1834 2480 190 44 ROMA
2086 2497 11 33 ;

864 2542 160 44 GOET
1038 2541 136 44 HE'S
1256 2538 289 46 TRAVELS
1578 2539 54 45 IN
1667 2541 184 43 ITALY
1945 2541 286 52 1766-1790;

694 2603 321 47 DUMONT'S
1099 2601 371 45 PARALLELE
1502 2601 82 44 DE
1617 2600 198 45 PLANS
1848 2601 115 45 DES
1994 2603 155 43 PLUS
2181 2604 224 46 BELLES

844 2666 228 43 SALLES
1095 2665 83 44 DE
1199 2662 390 46 SPECTACLES
1612 2664 56 43 D'
1681 2664 204 44 ITALiE
1965 2664 69 44 E'i
2046 2666 50 42 C.
2110 2666 110 43 1766
2239 2684 12 33 ;

756 2728 85 45 DR
874 2726 299 46 BURNEY'S
1255 2723 290 56 jOURNAL
1575 2725 80 45 OF
1688 2730 47 37 A
2016 2726 326 60 (1769-1770);

864 2788 283 45 MICHAEL
1182 2786 250 44 KELLY'S
2091 2788 145 51 1826;

941 2848 300 46 WRIGHT'S
1645 2848 55 43 IN
2030 2849 141 50 1744;

980 2909 268 46 GROVE'S
1326 2909 380 44 DICTIONARY
1742 2909 80 44 OF
1856 2910 187 43 MUSIC
2110 2930 11 31 ;

785 2971 385 48 STENDHAL'S
1254 2970 425 44 PROMENADES
1702 2970 78 44 EN
1804 2970 178 44 ROME
2057 2974 255 58 (1827-28).

548 3059 58 44 IT
638 3059 418 45 ILLUSTRATES
1088 3056 208 46 EVERY
1320 3055 170 44 PAGE
1510 3055 79 43 OF
1613 3055 463 52 GREGOROViUS,
2097 3057 191 52 NiBBY,
2309 3059 37 56 J.
2370 3059 252 44 COOPER

474 3121 276 44 WALKER
803 3121 173 58 (1798),
1032 3117 350 47 RADICIOTTi
1409 3135 11 32 ;
1481 3116 214 44 GiORGI
1752 3117 174 59 (1795),
1987 3118 133 45 AND
2181 3120 182 44 MANY
2425 3120 194 44 MORE.

356 3223 58 72 €J
459 3223 100 57 But
599 3247 68 34 no
709 3223 211 58 student
961 3221 109 59 will
1110 3229 141 49 need
1292 3244 142 33 more
1476 3219 122 58 than
1637 3245 32 32 a
1709 3219 101 58 first
1848 3220 159 74 quick
2035 3220 187 76 glance
2250 3235 52 45 at
2328 3220 146 58 these
2504 3220 157 58 Plans
2689 3235 55 43 to

353 3303 256 64 estimate,
651 3304 53 54 in
745 3301 109 57 that
892 3314 248 52 moment,
1183 3300 86 56 the
1309 3303 251 53 immense
1599 3299 154 56 value
1794 3313 52 42 to
1886 3301 79 54 his
2004 3300 215 66 studies,
2264 3300 68 57 be
2373 3300 67 57 he
2476 3299 265 67 architect,

350 3375 265 68 historian,
657 3380 272 65 musician,
972 3400 121 35 man
1133 3376 52 56 of
1226 3376 88 56 the
1353 3376 216 64 theatre,
1613 3379 217 68 painter,
1893 3398 56 34 or
2001 3399 101 34 one
2156 3377 123 56 who
2337 3375 196 74 merely
2590 3375 154 57 reads

554 3465 79 47 ior
671 3455 89 58 the
801 3455 142 58 vivid
985 3457 210 55 interest
1235 3455 54 56 of
1329 3456 327 71 recapturing
1697 3452 88 58 the
1825 3454 145 72 spirit
2008 3454 55 57 of
2104 3452 87 59 the
2232 3454 91 57 old
2363 3456 167 56 times.

182 1971 6 22 I

178 2826 5 14 i

144 2887 39 23 lnl

143 3283 38 18 I'M

143 3348 38 22 111
1578 3348 1397 22 l

138 3741 39 21 I'M

138 3809 39 22 hit

366 3802 196 61 FOR
605 3804 785 61 SUBSCRIPTION
1453 3804 343 61 RATES
1870 3802 185 61 SEE
2114 3799 289 61 NEXT
2452 3797 287 63 PAGE.

336 3906 185 66 THE
569 3908 254 69 MASK
872 3908 553 69 PUBLISHERS.
1512 3906 188 68 BOX
1733 3906 157 76 444.
1923 3903 488 76 FLORENCE,
2446 3901 290 71 ITALY.

169 4158 4 21 I
181 4158 26 21 U;
