3116 4435
222 57 47 50 12

205 3824 55 31 93.
288 3820 139 35 Strada
451 3821 104 34 della
579 3822 118 33 Croce
722 3824 146 33 Bianca

205 3871 56 33 94.
290 3867 140 33 Chiesa
463 3867 39 33 di
538 3867 38 34 S.
602 3869 179 33 Adriano
799 3871 48 33 D.
868 3869 42 33 C.
950 3879 20 23 e
995 3879 114 24 cony,

296 3913 61 32 de'
388 3913 78 35 PP.
503 3913 103 34 della
645 3914 180 34 Mercede
859 3914 103 35 della
1000 3925 110 33 prov.

297 3959 174 32 Romana

207 4006 56 31 95.
291 4004 105 34 Orat.
436 4003 40 33 di
518 4005 40 33 S.
592 4005 55 33 M.
685 4005 63 33 del
788 4005 179 35 Riscatto
1006 4006 104 43 degli

299 4050 258 42 Acquavitari
581 4060 20 23 e
627 4050 210 33 Tabaccari

207 4097 55 31 96.
290 4096 104 32 Arco
418 4096 39 32 di
483 4095 178 34 Settimio
685 4097 141 33 Sovero

205 4142 56 33 97.
288 4140 141 35 Chiesa
463 4142 48 33 de
546 4142 66 34 SS.
637 4143 175 32 Martina
846 4153 19 22 e
890 4144 107 32 Luca
1031 4142 61 33 del-

294 4187 258 35 l'accademia
576 4187 219 35 de'Pittori

1178 3825 57 33 98.
1261 3822 139 35 Strada
1425 3824 159 34 Bonella

1181 3872 56 32 99.
1265 3869 139 33 Strada
1427 3870 62 33 del
1515 3870 174 34 Priorato

1159 3917 78 31 100.
1263 3916 162 33 Palazzo
1449 3915 186 34 Ghislieri

1159 3963 78 31 101.
1263 3959 139 35 Strada
1428 3961 200 42 Cremona,
1655 3972 20 22 e
1701 3962 247 35 Marmorella

1159 4008 77 32 102.
1264 4006 138 34 Strada
1425 4006 100 34 delle
1552 4008 139 33 Chiavi
1714 4008 114 33 d'oro

1159 4055 78 31 103.
1263 4053 140 33 Chiesa
1415 4052 39 33 di
1467 4052 36 33 S.
1517 4053 172 42 TTrbano,
1702 4064 20 22 e
1737 4055 220 32 Monastero
1968 4054 99 32 delle

1247 4099 194 33 Monache
1465 4100 247 40 Cappuccine

1159 4144 78 33 104.
1267 4144 133 33 Vicolo
1425 4144 40 33 di
1492 4145 211 34 Carbonari

1159 4191 76 33 105.
1263 4190 206 34 Palazzino
1495 4190 114 35 Conti

2109 3828 78 32 106.
2215 3827 41 33 C.
2276 3827 43 32 P.
2347 3827 39 33 di
2411 3826 38 34 S.
2477 3827 170 34 Lorenzo
2672 3830 35 32 a'
2726 3831 125 32 Monti

2113 3874 81 32 107.
2220 3873 138 33 Strada
2382 3872 40 33 di
2446 3874 119 33 Testa
2590 3874 188 42 Spaccata

2112 3919 78 34 108.
2217 3917 139 35 Strada
2380 3918 40 33 di
2445 3920 186 33 Marforio

2112 3965 78 35 109.
2216 3964 207 34 Palazzino
2446 3965 210 34 Carandini

2119 4012 73 31 110.
2218 4010 208 33 Palazzino
2461 4012 174 33 Mantica
2671 4021 71 24 con
2779 4013 173 41 sepolcro
2978 4013 38 32 di

2203 4055 93 43 Cajo
2321 4056 177 34 Publicio

2113 4102 79 33 111.
2221 4102 131 41 Luogo
2376 4102 103 33 della
2505 4102 161 42 Ripresa
2690 4102 60 33 de'
2769 4104 160 33 Barbari

2114 4147 74 33 112.
2215 4147 141 33 Piazza
2380 4148 54 32 di'
2449 4149 147 32 Marcel
2619 4149 61 32 de'
2701 4150 113 32 Corvi

2114 4194 78 32 113.
2219 4193 140 34 Piazza
2382 4204 20 23 e
2427 4194 163 33 colonna
2613 4196 169 41 Trajana
