3116 4435
2858 94 56 41 33

109 170 78 33 981.
214 167 142 34 Chiesa
379 177 21 24 e
426 167 131 35 Confr.
583 167 40 33 di
649 168 37 34 S.
715 167 134 35 Orsola
886 177 20 23 e
943 166 47 34 Ca-

197 212 127 33 terina

109 259 80 32 982.
231 257 155 43 Ospizio
426 258 61 33 de'
527 258 228 34 Cistercien.
797 258 101 34 delle
938 258 76 32 Tre

198 304 178 32 Fontane

108 351 79 31 983.
213 348 155 42 Ospizio
391 348 62 33 de'
479 348 240 34 Geronimini
736 349 41 34 di
795 349 38 34 S.
856 350 155 35 Alessio

109 395 80 31 984.
217 394 160 33 Palazzo
400 394 179 33 Massimi

107 441 79 32 985.
214 439 164 34 Palazzo
404 440 161 42 Ruspoli

108 486 80 33 986.
215 485 139 33 Chiesa
377 484 40 34 di
442 484 37 34 S.
505 485 219 34 Francesca
748 486 109 34 Rom.
882 497 21 23 e
929 487 56 33 Mo-

196 531 156 32 nastero
391 530 41 33 di
472 529 138 34 Oblate
644 530 109 35 dette
777 531 40 33 di
846 532 77 33 Tor
949 532 60 33 de'

200 575 163 41 Specchi

108 621 78 32 987.
212 621 165 32 Palazzo
401 619 234 42 Capizucchi

107 667 79 31 988.
212 666 164 33 Palazzo
402 666 149 32 Artieri
577 676 72 23 con
673 666 105 35 Arco

109 712 79 32 989.
217 711 42 33 C.
289 712 40 34 P.
355 711 42 32 di
421 710 39 35 S.
485 711 58 34 M.
558 711 41 32 in
618 713 153 33 Portico
788 713 23 33 d
815 720 15 17 a
842 713 42 33 di
901 713 84 34 Cam-

193 757 128 40 pitelli
344 758 51 33 D.
416 756 41 34 C.
484 766 20 23 e
522 756 99 35 Casa
637 757 48 33 de
703 757 168 36 Chierici
889 760 99 43 Rego-

195 802 74 33 lari
292 802 105 33 della
419 802 141 33 Madre
584 802 46 33 di
656 804 74 32 Dio

104 849 80 34 990.
210 847 162 34 Palazzo
397 847 208 35 Cavalletti

106 894 79 32 991.
210 894 142 32 Piazza
376 892 238 43 Capizucchi

106 939 79 32 992.
210 939 165 32 Palazzo
399 938 168 33 Cardelli

103 984 83 32 993.
208 984 161 34 Palazzo
396 984 221 34 Maccarani

105 1030 79 31 994.
211 1030 142 33 Piazza
376 1030 191 42 Margana

104 1076 80 33 995.
211 1075 162 33 Palazzo
398 1076 144 33 Astalli

103 1193 252 35 RIONK
405 1196 108 36 XT.
557 1214 11 7 -
617 1197 54 34 S.
722 1198 289 36 ANGELO

124 1303 81 32 996.
229 1299 166 35 Palazzo
417 1299 105 35 della
547 1303 139 45 Congr.
725 1305 61 34 de'
815 1306 135 35 Nobili
974 1308 37 34 al

193 1347 101 33 Gesu
322 1357 70 22 con
418 1347 120 33 Torre

128 1393 79 33 997.
231 1392 160 33 Palazzo
416 1393 144 33 Mattei
584 1393 39 33 di
647 1397 204 43 Paganica

127 1439 79 31 998.
233 1435 140 35 Strada
397 1437 102 35 delle
523 1440 193 44 Botteghe
739 1452 137 25 oscure

123 1484 80 31 999.
231 1482 139 34 Chiesa
392 1483 64 34 del
480 1483 147 37 Salvat.
654 1498 20 22 e
699 1487 37 35 S.
757 1488 207 39 Stanislao,
991 1500 20 23 e

195 1527 116 42 Ospiz
335 1528 62 33 de'
423 1529 180 35 Polacchi

104 1574 106 32 1000.
232 1574 138 33 Vicolo
395 1574 61 33 de'
485 1576 183 35 Polacchi

104 1620 101 31 1001.
233 1619 161 34 Palazzo
422 1620 142 34 Altieri

105 1666 102 33 1002.
232 1665 165 33 Palazzo
421 1666 149 33 Patrizi

102 1712 105 32 1003.
233 1710 140 34 Chiesa
397 1710 40 33 di
463 1711 26 33 S
513 1712 185 34 Caterina
721 1714 48 34 de
805 1715 151 34 Funari
990 1727 20 23 e

216 1755 223 35 Monastero
462 1757 41 33 di
542 1760 224 41 Agostinne,
793 1771 21 22 e
831 1771 176 24 conserv.

215 1800 41 33 di
281 1801 138 34 Zitelle

103 1849 103 31 1004.
233 1847 163 33 Palazzo
419 1847 143 33 Mattei
588 1849 41 33 di
654 1849 125 36 Giove

102 1895 102 32 1005.
231 1892 164 34 Palazzo
419 1893 171 41 Negroni

104 1940 99 33 1006.
231 1938 166 33 Palazzo
422 1939 139 33 Mattei
586 1940 40 33 di
654 1942 194 43 Paganica

101 1986 104 32 1007.
233 1983 142 33 Piazza
399 1985 194 36 Paganica

105 2032 104 31 1008.
237 2029 165 33 Palazzo
425 2030 155 33 Moroni

103 2077 101 32 1009.
235 2074 141 34 Chiesa
386 2074 40 34 di
442 2075 36 33 S.
496 2076 231 34 Sehastiano
745 2078 266 35 de'Mercanti

104 2123 102 32 1010.
233 2121 165 33 Palazzo
422 2121 104 33 della
550 2132 123 30 comp.
693 2123 102 34 della
811 2125 202 34 Nunziata

216 2175 67 23 ora
307 2166 239 41 depositaria
569 2167 162 35 Urbana

103 2212 100 32 1011.
233 2211 166 33 Palazzo
426 2213 260 41 Boccapaduli

104 2259 101 32 1012.
233 2256 140 34 Piazza
397 2258 205 40 Costaguti

101 2305 102 31 1013.
229 2302 164 34 Palazzo
417 2303 121 33 Santa
561 2306 119 32 Croce
704 2315 72 25 con
802 2306 118 34 Torre

104 2350 103 33 1014.
233 2348 175 42 Collegio
431 2349 263 34 dell'Umbria

102 2397 101 30 Ul5.
231 2394 166 33 Palazzo
422 2395 206 42 Costaguti

101 2442 102 31 1016.
229 2439 140 33 Piazza
392 2441 145 33 Mattei
562 2451 73 24 con
661 2441 165 33 fontana

100 2488 103 31 1017.
229 2485 142 33 Chiesa
393 2486 39 33 di
460 2486 37 35 S.
526 2488 213 38 Ambrogio
764 2488 103 33 della
905 2488 78 34 Mas-

212 2531 108 40 sima,
348 2541 20 23 e
391 2533 238 33 monasterio
653 2533 40 33 di
718 2534 261 34 Benedettine

101 2578 101 31 1018.
226 2576 143 33 Piazza
393 2577 155 42 Serlupi

104 2624 103 31 1019.
229 2622 164 33 Palazzo
418 2623 154 42 Serlupi

100 2669 103 32 1020.
231 2668 141 33 Chiesa
398 2669 161 43 Colleg.,
586 2679 20 23 e
630 2670 135 32 Paroc.
794 2669 39 33 di
859 2672 39 33 S.
925 2670 58 32 An-

212 2714 88 41 gelo
327 2714 39 32 in
393 2714 186 34 Pascaria
602 2716 49 32 D.
679 2715 41 34 C.

101 2760 101 32 1021.
229 2759 106 33 Orat.
362 2759 37 33 di
424 2759 36 35 S.
482 2761 155 33 Andrea
654 2761 61 33 de'
739 2761 267 33 Pescivendoli

100 2806 99 31 1022.
228 2805 163 33 Palazzo
428 2806 130 33 Orsini
595 2807 65 42 gia
700 2807 215 34 TEATRO
950 2808 60 32 DI

211 2850 121 34 MAR
341 2851 167 35 CELLO

101 2897 101 32 1023.
229 2896 142 34 Piazza
395 2897 37 32 di
459 2897 185 34 Pescaria
668 2908 20 21 e
714 2898 173 34 Colonne
927 2900 54 32 An-

191 2941 98 33 tichi

102 2988 102 31 1024.
232 2986 140 34 Strada
396 2986 39 33 di
461 2988 185 32 Pescaria

99 3034 101 31 1025.
226 3033 140 33 Piazza
390 3032 154 34 Gindea
569 3033 102 33 fuori
696 3034 60 33 del
778 3034 145 35 Ghetto
936 3045 71 24 con

210 3077 166 34 fontana
398 3078 148 33 Ghetto
572 3079 103 42 degli
705 3080 117 33 Ebrei

97 3124 102 32 1026.
226 3124 142 33 Piazza
390 3124 152 33 Gindea
565 3127 139 32 aentro
729 3126 62 33 del
816 3125 147 34 Ghetto

97 3170 103 31 1027.
227 3169 140 34 Strada
391 3170 104 33 della
520 3171 89 32 Rua

96 3215 102 32 1028.
225 3216 141 33 Piazza
390 3215 61 33 de'
478 3215 181 35 Marcelli

97 3262 102 31 1029.
226 3261 141 33 Piazza
391 3261 103 34 delle
520 3262 138 35 Scuole
683 3271 69 24 con
782 3262 180 33 Fontana

96 3307 103 31 1030.
226 3306 153 42 Cinque
403 3307 138 33 Scuole
565 3307 107 43 degli
696 3308 116 32 Ebrei
834 3309 83 31 cioe
935 3309 47 33 Ca-

204 3352 135 33 talana
363 3353 203 40 Siciliana,
595 3352 245 41 Castigliana
865 3353 140 34 Scuola

207 3408 144 28 nuova,
379 3409 21 23 e
427 3399 142 33 Scuola
593 3398 61 34 del
683 3399 161 42 Tempio

99 3443 101 32 1031.
230 3444 142 33 Strada
397 3444 102 34 della
527 3445 184 34 Fiumara

94 3490 102 31 1032.
223 3490 140 33 Vicolo
388 3490 104 33 della
518 3491 120 32 Torre

96 3535 100 32 1033.
224 3535 141 33 Piazza
388 3536 102 33 delle
515 3538 19 30 3
560 3535 179 35 cannelle
764 3545 69 23 con
854 3535 86 33 font
944 3538 38 22 Ua

94 3580 101 33 1034.
222 3581 138 33 Vicolo
384 3582 62 33 de'
473 3582 148 33 Savelli
650 3592 72 23 con
747 3581 165 33 fontana

94 3627 104 33 1035.
226 3627 142 35 Strada
393 3628 255 43 Quattrocapi

90 3757 22 21 o
160 3747 254 33 EIGNE
463 3749 39 32 X
525 3749 22 31 I
572 3751 14 31 T
617 3773 8 9 .
675 3768 13 5 -
736 3749 192 34 RIPA
979 3760 21 21 o

91 3853 103 32 1036.
223 3850 141 35 Chiesa
400 3851 39 32 di
478 3852 40 34 S.
558 3852 186 43 Gregorio
769 3862 22 23 a
816 3853 125 33 Ponte
981 3854 20 31 4

204 3897 93 41 Capi
325 3906 20 24 e
371 3907 132 30 conpr.
532 3897 104 34 della
660 3898 138 33 divina
822 3899 114 33 Piety

90 3944 101 33 1037.
220 3943 164 32 Palazzo
409 3942 193 34 dell'Emo
627 3943 155 35 Lercari

90 3991 101 31 1038.
221 3987 43 35 C.
292 3989 143 40 Colleg.
475 3999 20 22 e
532 3991 42 32 P.
614 3988 40 33 di
693 3989 37 34 S.
771 3989 162 33 Niccolo
957 3990 40 32 in

204 4033 163 35 Carcere
391 4036 51 32 D.
470 4035 41 33 C.

90 4081 103 32 1039.
219 4079 94 35 Orat
332 4106 8 17 ,
370 4090 20 22 e
415 4079 134 35 Confr.
576 4079 63 33 del
665 4081 256 42 Sagramento
959 4080 39 33 in

206 4125 112 34 detta
344 4126 143 33 Chiesa

89 4172 101 31 1040.
218 4170 141 35 Chiesa
384 4172 40 33 di
451 4172 40 35 S.
520 4170 130 42 Galla,
677 4180 20 24 e
713 4170 131 42 Ospiz.
861 4181 70 32 per
947 4170 51 45 gli

200 4217 158 33 Uomini

1061 166 102 31 1041.
1190 162 130 43 Ospiz.
1347 163 40 34 di
1413 164 36 36 S.
1478 165 116 43 Luigi
1618 167 182 41 Gonzaga
1825 175 68 33 per
1930 167 35 33 le

1172 209 143 33 Donne

1060 251 102 36 1042.
1189 253 144 34 Strada
1360 264 21 23 e
1405 256 105 32 Arco
1534 255 41 33 di
1599 256 121 32 Porta
1745 256 129 33 Leone

1060 302 101 31 1043.
1186 299 144 33 Piazza
1354 309 20 23 e
1399 300 137 34 Vicolo
1560 300 103 34 della
1687 302 234 34 Fontanella

1059 346 102 33 1044.
1188 344 141 34 Strada
1353 344 100 34 delle
1484 346 189 34 Carrozze

1060 392 102 32 1045.
1188 390 137 33 Vicolo
1348 389 42 34 di
1413 392 258 32 Buccimazza

1060 438 104 32 1046.
1190 436 142 33 Chiesa
1355 435 41 33 di
1421 436 37 34 S.
1484 436 196 34 Omobono
1703 436 63 34 de'
1785 437 149 35 Sartori

1059 483 101 31 1047.
1186 480 141 35 Chiesa
1350 480 40 34 di
1416 483 37 33 S.
1480 482 130 43 Eligio
1633 483 61 32 de'
1719 483 153 33 Ferrari

1059 528 102 32 1048.
1188 526 108 34 Orat.
1322 526 42 33 di
1388 526 37 34 S.
1453 528 130 41 Eligio
1607 528 62 33 de'
1694 529 201 33 medesimi

1059 573 102 32 1049.
1187 571 145 34 Chiesa
1356 572 41 33 di
1421 573 38 34 S.
1496 574 84 32 Gio.
1618 574 204 34 Decollato
1858 574 105 34 della

1172 617 140 34 Confr.
1339 617 106 34 della
1468 618 272 34 Misericordia

1059 664 101 32 1050.
1187 663 107 33 Orat.
1329 662 41 33 di
1393 663 39 34 S.
1458 664 85 33 Gio.
1569 664 104 33 della
1697 664 211 35 medesinia

1059 710 103 32 1051.
1188 708 206 41 Sepoltura
1417 709 61 32 de'
1503 710 225 33 Giustiziati

1059 755 101 33 1052.
1186 753 209 40 Sepoltura
1428 754 40 33 di
1505 757 38 33 S.
1581 756 159 33 Aniano
1775 755 62 33 de'
1877 756 62 34 Pia-

1172 798 142 34 nellari
1338 809 20 22 e
1385 800 186 34 Lavorati
1597 800 189 35 Calzolari

1061 845 104 32 1053.
1191 845 108 32 Arco
1322 844 108 34 detto
1454 845 40 33 di
1521 847 126 33 Giano

1060 891 104 31 1054.
1192 891 104 32 Arco
1321 893 125 30 eretto
1470 891 52 33 da
1546 892 237 43 Negozianti
1818 902 22 23 a
1877 893 63 34 Set-

1171 936 111 32 timio
1309 936 142 33 Severo

1060 981 102 31 1055.
1188 980 142 35 Chiesa
1353 980 41 33 di
1418 982 40 33 S.
1486 982 158 42 Giorg'o
1667 983 40 32 in
1727 983 168 33 Velabro
1911 984 50 32 D.

1172 1028 42 33 C.
1228 1037 21 22 e
1265 1026 132 40 Ospiz.
1416 1027 40 32 di
1472 1027 258 42 Agostiniani
1747 1028 40 33 di
1804 1030 158 33 Genova

1064 1071 101 32 1056.
1193 1073 141 40 Acqua
1357 1072 179 33 Juturna

1059 1117 103 31 1057.
1188 1117 134 43 Luogo
1339 1127 71 23 ove
1435 1118 33 32 si
1491 1118 283 41 seppelliscono
1790 1119 13 32 i
1823 1119 139 34 Giudei

1061 1162 101 31 1058.
1191 1163 133 40 Luogo
1348 1162 64 33 del
1437 1163 111 33 Circo
1572 1164 187 33 Massimo

1060 1208 101 33 1059.
1189 1207 143 35 Chiesa
1356 1208 41 32 di
1423 1209 40 35 S.
1488 1209 135 34 Prisca
1648 1210 45 32 T.
1720 1210 43 32 C.
1795 1219 19 23 e
1832 1209 128 43 Ospiz.

1172 1252 40 33 di
1238 1254 254 42 Agostiniani
1517 1254 208 33 Lombardi
1752 1265 69 22 con
1841 1256 49 33 R.
1906 1258 54 32 A.

1061 1298 100 34 1060.
1188 1298 143 34 Chiesa
1355 1298 38 34 di
1421 1300 38 32 S.
1486 1299 171 34 Balbina
1682 1301 46 35 T.
1755 1299 28 35 C
1821 1310 21 24 e
1867 1310 94 24 casa

1172 1344 39 32 di
1238 1345 61 33 Pii
1321 1343 162 43 Operari
1508 1355 73 23 con
1606 1346 119 33 Torre

1059 1389 102 32 1061.
1176 1389 144 35 Chiesa
1332 1389 42 35 di
1392 1390 66 35 SS.
1476 1390 137 38 Nereo,
1632 1400 21 24 e
1667 1390 179 34 Achilleo
1861 1392 43 34 T.
1920 1392 42 34 C.

1060 1435 103 33 1062.
1188 1434 142 34 Chiesa
1352 1435 41 33 di
1419 1436 37 34 S.
1484 1435 165 34 Cesareo
1674 1437 45 35 T.
1739 1436 43 35 C.

1060 1481 102 32 1063.
1187 1480 253 42 Acquedotto
1463 1480 38 33 di
1529 1482 165 33 Claudio

1059 1526 102 31 1064.
1189 1526 138 33 Terme
1353 1527 228 33 Antoniane

1059 1572 103 31 1065.
1181 1572 194 33 Conserve
1400 1572 239 44 dell'Acqua
1663 1572 40 34 di
1729 1573 38 33 d.
1804 1573 137 34 Terme

1059 1618 102 31 1066.
1187 1617 142 33 Chiesa
1353 1618 37 32 di
1418 1618 37 34 S.
1482 1617 104 35 Saba

1059 1663 102 32 1067.
1190 1661 97 43 Cap.
1314 1663 39 33 di
1379 1665 38 33 S.
1444 1664 133 33 Maria
1600 1663 205 36 dell'Arco
1841 1666 43 32 in
1909 1675 53 23 un

1172 1708 79 33 Tor
1254 1708 29 33 ri
1288 1718 73 23 one

1059 1753 102 32 1068.
1188 1753 183 42 Sepolcro
1395 1753 41 33 di
1462 1753 95 34 Caio
1582 1753 132 34 Cestio

1058 1799 102 32 1069.
1190 1799 134 37 Luoao
1348 1809 72 24 ove
1457 1800 33 33 si
1530 1800 283 42 seppelliscono
1838 1802 13 33 i
1875 1802 67 34 Pro-

1172 1844 172 34 testanti

1058 1889 100 31 1070.
1183 1890 130 34 Ruine
1336 1889 292 42 dell'Emporio

1059 1935 104 33 1071.
1190 1936 141 32 Vicolo
1353 1935 105 33 della
1483 1936 118 41 Serpe

1062 1980 102 33 1072.
1190 1981 147 33 Strada
1360 1981 106 33 della
1491 1981 239 33 Marmorata
1754 1991 70 24 con
1860 1983 104 33 Arco

1060 2027 103 31 1073.
1193 2025 93 43 Cap.
1314 2027 39 33 di
1380 2027 39 33 S.
1446 2027 151 33 Lazaro
1623 2036 24 24 a
1675 2028 242 33 Marmorata

1062 2072 100 33 1074.
1188 2072 188 33 Bastione
1399 2072 41 33 di
1465 2072 119 34 Paolo
1607 2073 68 32 111

1060 2117 101 34 1075.
1187 2117 142 34 Chiesa
1353 2117 37 33 di
1418 2119 38 33 S.
1484 2118 53 34 M.
1562 2117 63 33 del
1649 2117 179 35 Priorato

1061 2164 100 31 1076.
1188 2162 142 35 Chiesa
1346 2163 41 32 di
1401 2164 39 35 S.
1459 2164 158 32 Alessio
1633 2164 44 32 T.
1698 2164 43 33 C.
1757 2174 20 22 e
1794 2164 169 34 Monast.

1172 2207 39 34 di
1238 2208 238 34 Geronimini
1504 2208 212 34 Lombardi

1059 2254 101 33 1077.
1188 2254 144 34 Chiesa
1368 2254 40 32 di
1446 2254 38 34 S.
1511 2254 152 35 Sabina
1688 2256 45 32 T.
1761 2253 43 37 C.
1831 2264 20 24 e
1877 2264 66 24 con-

1171 2301 118 32 vento
1315 2300 61 32 de'
1404 2300 258 33 Domenicani

1059 2344 103 33 1078.
1188 2345 81 41 Cap
1299 2345 37 33 di
1353 2345 37 34 S.
1409 2345 54 33 M.
1484 2347 199 41 Maggiore
1701 2346 39 32 in
1761 2345 204 33 Aventino

1058 2389 102 35 1079.
1188 2391 129 32 Ruine
1341 2390 103 33 delle
1462 2392 139 33 Terme
1619 2392 38 32 di
1677 2392 148 33 Traian
1844 2392 121 32 Decio

1172 2437 101 41 Imp.

1058 2480 100 32 1080.
1186 2480 146 35 Strada
1357 2480 105 33 della
1488 2479 138 36 Salara
1653 2492 69 23 con
1755 2485 99 30 Arco

1058 2526 101 35 1081.
1184 2526 175 34 Antiche
1384 2526 134 34 Saline

1058 2571 101 34 1082.
1191 2573 166 33 Antiche
1382 2573 113 32 ruine

1058 2618 102 31 1083.
1186 2618 180 42 Vestigie
1390 2618 63 33 del
1478 2619 120 33 Ponte
1623 2617 174 34 Snblieio

1058 2663 103 33 1084.
1187 2663 142 34 Chiesa
1353 2663 37 33 di
1421 2664 25 33 S
1487 2665 122 31 Anna
1635 2663 61 33 de'
1724 2663 214 35 Calzettari

1057 2709 103 33 1085.
1179 2709 140 33 Vioolo
1343 2709 106 33 della
1473 2708 127 34 Greca

1058 2755 101 31 1086.
1188 2754 143 34 Chiesa
1357 2754 148 43 Colleg.
1531 2755 156 41 insigne
1713 2764 20 23 e
1757 2764 131 32 paroc.
1922 2754 38 33 di

1172 2801 40 33 S.
1238 2801 55 33 M,
1321 2801 42 31 in
1389 2799 205 34 Cosmedin
1620 2801 50 32 D.
1699 2800 42 33 C.
1780 2799 110 33 detta
1926 2801 38 32 la

1146 2845 242 38 boccadella,
1414 2846 153 37 Verita,
1595 2856 19 23 e
1638 2846 113 33 ruine
1775 2846 64 33 del
1856 2847 87 32 Tern-

1146 2892 66 41 pio
1235 2892 105 32 della
1363 2891 204 33 Pudicizia

1059 2936 100 35 1087.
1186 2936 143 35 Piazza
1343 2936 105 34 della
1465 2938 129 31 Bocca
1609 2936 103 33 della
1735 2938 140 31 Verita
1891 2946 70 23 con

1148 2982 163 34 fontana
1334 2993 20 22 e
1381 2982 196 33 fontanile

1057 3028 100 35 1088.
1182 3029 145 34 Sbocco
1351 3028 105 33 della
1479 3029 145 32 Cloaca
1648 3028 190 34 Massima

1056 3074 101 34 1089.
1187 3076 142 32 Chiesa
1364 3074 40 32 di
1444 3076 40 33 S.
1524 3076 51 31 M.
1617 3073 61 32 del
1717 3073 87 34 Sole
1828 3073 127 42 prima

1170 3121 39 33 S.
1236 3121 163 34 Stefano
1424 3120 101 32 delle
1550 3120 167 33 Carozze
1752 3121 66 42 giy
1853 3119 84 33 Tem-

1169 3166 37 42 pi
1212 3175 22 22 o
1259 3166 150 33 Antico

1055 3211 102 33 1090.
1185 3211 141 34 Chiesa
1349 3211 37 32 di
1416 3211 38 35 S.
1480 3210 57 33 M.
1564 3210 188 41 Egiziaca
1785 3220 20 23 e
1840 3209 121 41 ospiz.

1165 3257 105 41 degli
1299 3257 162 33 Armeni
1489 3257 65 43 gia
1573 3257 161 41 Tempio
1749 3255 104 34 della
1869 3257 71 32 For-

1165 3305 100 30 tnna
1294 3304 124 31 Virile

1053 3347 102 34 1091.
1183 3349 100 34 Casa
1307 3349 63 32 del
1395 3347 126 41 Volgo
1545 3347 111 33 detta
1680 3347 40 33 di
1744 3347 127 35 Pilato

1052 3393 103 34 1092.
1180 3395 125 33 Ponte
1330 3393 186 36 Fabricio
1543 3403 43 23 or
1608 3393 166 42 Quattro
1798 3392 95 42 Capi

1052 3439 103 33 1093.
1183 3439 143 35 Chiesa
1350 3440 40 32 di
1417 3441 37 31 S.
1480 3439 84 33 Gio.
1608 3439 170 33 Calibita
1802 3449 20 23 e
1847 3448 113 24 conv.

1164 3485 60 33 de'
1253 3484 231 35 Benfratelli
1509 3484 164 34 d'ltalia

1051 3531 101 33 1094.
1178 3531 116 40 Sped,
1322 3531 63 33 de'
1413 3530 185 35 Suddetti

1051 3577 102 32 1095.
1181 3577 138 33 Vicolo
1345 3577 103 33 della
1473 3577 169 33 Moletta

1051 3622 102 34 1096.
1181 3623 104 33 Muri
1313 3622 161 35 Antichi

1050 3668 103 32 1097.
1183 3669 134 33 Vicolo
1342 3669 62 32 del
1430 3668 120 37 Isola,
1578 3676 19 23 e
1621 3666 99 32 muri
1748 3665 150 33 antichi

1050 3714 101 33 1098.
1179 3713 42 35 C.
1248 3716 44 33 P.
1320 3715 40 32 di
1388 3716 38 32 S-
1454 3713 243 32 Bartolomeo
1721 3712 176 33 all'lsola
1914 3712 45 34 T.

1164 3760 41 34 C.
1233 3770 20 22 e
1279 3771 113 24 conv.
1418 3759 62 33 de'
1506 3759 100 33 Min.
1632 3758 219 33 osservanti
1887 3768 71 23 con

1164 3806 119 33 Torre

1049 3851 102 33 1099.
1178 3853 125 33 Ponte
1329 3850 144 36 Cestio,
1501 3860 42 23 or
1567 3849 40 33 di
1635 3850 40 34 S.
1704 3850 240 33 Bartolomeo

1047 3970 209 35 RIONE
1281 3972 161 34 XIII.
1470 3989 10 7 -
1508 3971 449 34 TRASTEVERE

1047 4081 103 31 1100.
1174 4078 145 35 Piazza
1345 4077 40 33 di
1410 4077 154 34 Molara

1046 4126 104 33 1101.
1176 4125 141 33 Chiesa
1341 4123 40 33 di
1409 4125 37 33 S.
1470 4123 130 42 Eligio
1626 4123 47 34 de
1700 4123 136 35 Sellari

1046 4172 102 31 1102.
1174 4170 138 34 Piazza
1336 4169 102 33 delle
1465 4169 167 33 Gensole

1046 4219 102 31 1103.
1174 4215 138 34 Vicolo
1337 4215 102 33 delle
1463 4216 141 33 Boccie

2014 167 101 36 1104.
2147 165 43 35 C.
2217 168 43 34 P.
2286 169 41 32 di
2351 170 39 35 S.
2415 172 217 36 Benedetto
2655 177 41 33 in
2722 179 196 37 Piscinola

2013 214 102 30 1105.
2145 213 137 32 Vicolo
2307 214 104 35 della
2435 217 209 43 Scarpetta

2013 259 101 31 1106.
2141 257 145 35 Strada
2311 261 104 33 della
2442 263 136 35 Malva

2012 304 103 31 1107.
2140 304 126 32 Ponte
2292 304 204 37 Senatorio
2520 320 43 22 or
2587 312 125 34 Ponte
2737 314 119 36 Rotto

2012 349 102 33 1108.
2140 349 41 32 C.
2208 349 42 33 P.
2274 350 39 32 di
2339 351 38 34 S.
2399 353 202 36 Salvatore
2618 367 23 23 a
2656 359 124 34 Ponte
2797 361 120 35 Rotto

2011 395 103 33 1109.
2141 393 143 33 Strada
2308 395 61 33 de'
2395 398 216 36 Vascellari

2012 440 102 33 1110.
2140 438 106 35 Orat.
2272 441 39 31 di
2337 442 39 33 S.
2401 443 163 37 Andrea
2601 446 61 34 de*
2696 449 221 37 Vascellari

2012 485 100 34 1111.
2137 482 141 35 Strada
2301 486 63 33 de*
2390 488 148 35 Salnnii

2013 531 99 31 1112.
2140 529 134 33 Vicolo
2299 532 67 32 de'
2390 534 110 33 Frati

2011 576 101 32 1113.
2139 575 137 32 Vicolo
2301 577 103 33 della
2427 580 135 33 Palma

2011 621 101 32 1114.
2140 621 143 33 Piazza
2308 623 62 33 de*
2398 624 218 35 Vascellari

2012 667 100 33 1115.
2138 665 134 33 Vicolo
2296 668 61 33 de'
2384 669 221 35 Vascellari

2013 712 99 32 1116.
2141 710 142 34 Chiesa
2307 713 41 33 di
2374 714 37 34 S.
2436 715 57 34 M.
2519 717 42 32 in
2587 717 186 44 Cappella

2012 758 100 32 1117.
2141 756 141 34 Strada
2308 758 141 42 anicia,
2476 771 20 23 e
2521 763 250 44 Frangipana

2011 802 102 34 1118.
2138 802 141 33 Strada
2302 803 214 44 Gregorian
2523 817 24 23 a

2011 849 100 32 1119.
2136 846 160 34 Conser.
2322 849 41 33 di
2387 851 38 34 S.
2453 852 188 42 Pasquale
2664 864 69 32 per
2757 856 138 35 Zitelle

2010 895 105 31 1120.
2142 892 143 33 Chiesa
2308 894 41 33 di
2376 896 39 33 S.
2441 896 85 37 Gio.
2550 898 49 34 de
2622 899 195 37 Genovesi
2841 913 74 23 con

2125 937 166 41 Spedale

2010 985 101 32 1121.
2141 983 39 35 C.
2207 984 42 33 P.
2280 983 40 33 di
2345 984 37 36 S.
2411 986 145 35 Cecilia
2580 990 45 33 T.
2646 990 42 34 C.
2709 1000 19 23 e
2744 992 172 35 Monast.

2099 1027 62 34 de'
2188 1029 261 35 Benedettine

2010 1075 102 32 1122.
2140 1073 139 34 Cliiesa
2303 1075 40 32 di
2368 1076 40 35 S.
2425 1077 57 34 M.
2500 1078 188 35 dell'Orto
2705 1082 39 33 di
2763 1085 42 32 13
2822 1084 73 34 Uni-

2101 1120 147 33 versity
2272 1120 113 33 unite

2011 1165 99 34 1123.
2137 1165 116 40 Sped,
2276 1165 39 33 di
2342 1165 38 35 d.
2407 1167 232 36 University

2011 1211 101 32 1124.
2138 1211 136 32 Vicolo
2298 1211 64 33 del
2388 1213 149 33 Canale

2012 1257 101 31 1125.
2138 1256 170 41 Dogana
2333 1256 24 33 d
2360 1265 13 15 a
2397 1258 63 33 del
2483 1268 118 32 passo
2625 1259 63 35 del
2712 1262 100 33 Vino

2011 1302 103 34 1126.
2139 1301 167 42 Dogana
2329 1302 37 32 di
2397 1304 101 41 Ripa
2525 1306 158 32 Grande

2011 1348 102 31 1127.
2139 1346 141 34 Chiesa
2303 1347 38 32 di
2369 1349 38 33 S.
2434 1350 57 33 M.
2517 1350 65 33 del
2608 1351 102 34 buon
2746 1353 171 45 Viaggio

2122 1401 169 24 annessa
2314 1393 80 34 alia
2420 1395 132 33 chiesa
2575 1396 41 34 di
2644 1398 40 36 S,
2710 1397 139 44 Agata
2874 1400 42 32 in

2124 1438 237 34 Trastevere

2014 1484 99 32 1128.
2153 1482 142 34 Chiesa
2337 1483 103 34 della
2486 1485 328 44 Traffigurazione
2855 1489 62 34 del

2124 1529 81 42 Sig.
2232 1528 138 34 dentro
2395 1529 155 43 l'Ospiz.
2575 1533 136 40 Apost.
2737 1534 109 34 detto
2877 1535 42 33 di

2127 1576 39 33 S.
2194 1574 167 33 Michele

2012 1619 101 32 1129.
2141 1619 127 42 Ospiz.
2295 1630 70 31 per
2387 1619 36 34 le
2448 1621 130 33 donne
2601 1622 174 34 iuvalide

2012 1666 102 32 1130.
2141 1665 126 41 Ospiz.
2295 1675 69 31 per
2388 1666 53 42 gli
2467 1666 160 34 Uomini
2651 1669 167 34 invalidi

2012 1712 102 31 1131.
2141 1710 127 42 Ospiz.
2294 1721 70 31 per
2385 1712 11 31 i
2423 1712 197 34 Fanciulli
2642 1715 42 32 in
2721 1725 93 23 cura
2854 1715 62 34 de*

2125 1757 74 33 PP.
2227 1756 101 34 delle
2353 1757 138 33 Scuole
2517 1759 68 31 Pie

2012 1802 103 31 1132.
2142 1801 102 33 Casa
2269 1802 39 32 di
2334 1803 204 32 Correzion
2564 1803 61 33 de'
2654 1805 195 34 Fanciulli

2012 1847 102 33 1133.
2141 1847 152 33 Carceri
2321 1847 102 33 delle
2448 1847 127 34 donno

2013 1893 101 32 1134.
2141 1891 141 35 Chiesa
2307 1893 38 31 di
2371 1894 38 33 S.
2434 1894 141 33 Franc,
2602 1904 23 22 a
2649 1896 100 41 Ripa
2765 1906 20 23 e
2804 1906 113 27 conv.

2124 1938 39 32 di
2188 1937 101 35 Miu.
2314 1938 154 35 Osserv.
2493 1940 210 34 Riforinati

2011 1984 103 32 1135.
2141 1983 142 34 Strada
2307 1983 37 31 di
2371 1985 222 33 Monticelli

2013 2030 102 33 1136.
2142 2027 141 34 Chiesa
2306 2029 37 32 di
2372 2029 70 35 SS.
2477 2030 149 42 Cosmo,
2669 2041 20 23 e
2724 2032 194 34 Damiano

2123 2074 111 33 detta
2256 2074 40 32 di
2322 2075 34 33 S.
2395 2077 179 32 Cosmato
2599 2087 21 22 e
2637 2077 222 35 Monastero
2877 2079 44 33 di

2126 2120 190 33 Monache
2340 2120 41 33 di
2408 2121 38 34 S.
2471 2121 143 34 Chiara

2011 2165 102 32 1137.
2140 2165 114 33 Mura
2278 2165 37 33 di
2346 2167 164 33 Settimo
2538 2168 143 33 Severo

2011 2211 103 33 1138.
2140 2211 137 33 Piazza
2302 2210 39 32 di
2366 2212 181 34 Fontana
2573 2214 120 32 Secca

2011 2256 102 32 1139.
2139 2256 142 33 Chiesa
2305 2256 39 32 di
2370 2257 38 34 S.
2437 2259 192 40 Pasquale
2667 2259 64 42 gia
2876 2263 43 30 40

2124 2301 56 33 M.
2223 2301 52 34 N.
2314 2311 20 23 e
2371 2312 113 26 conv.
2526 2303 61 35 de'
2629 2304 97 36 Min.
2763 2304 156 36 Osserv.

2126 2346 124 34 Scalzi
2278 2346 213 44 Spagnuoli

2013 2392 102 33 1140.
2143 2392 145 33 Strada
2314 2393 102 34 delle
2440 2395 139 33 Fratte

2013 2438 100 32 1141.
2138 2438 146 33 Strada
2308 2439 101 34 delle
2435 2440 175 34 Rimesse

2013 2483 101 32 1142.
2140 2483 139 33 Piazza
2302 2485 38 32 di
2368 2486 135 33 Monte
2528 2487 40 32 di
2594 2486 112 35 Fiore

2011 2529 100 32 1143.
2138 2528 42 34 C.
2208 2530 42 32 P.
2276 2531 40 31 di
2343 2531 37 33 S.
2408 2531 217 45 Grisogono
2644 2532 45 34 T.
2709 2533 41 33 C.
2770 2542 19 23 e
2808 2542 111 25 conv.

2124 2574 61 32 de'
2213 2574 199 36 Carmelit.
2430 2577 103 34 della
2551 2578 311 42 Congregazione
2879 2578 42 33 di

2125 2621 190 32 Mantova

2013 2665 99 32 1444.
2139 2665 105 34 Orat.
2260 2677 21 22 e
2295 2666 130 34 Confr.
2440 2667 103 34 della
2556 2669 101 34 B.V.
2667 2668 63 34 del
2742 2667 181 36 Carmine

2011 2711 101 33 1145.
2141 2712 135 33 Piazza
2300 2712 101 33 della
2427 2712 184 35 Crocetta

2011 2757 101 32 1146.
2141 2757 140 34 Chiesa
2303 2760 134 32 Paroc.
2475 2759 38 33 di
2552 2760 39 34 S.
2630 2759 146 35 Salvat.
2816 2759 104 33 della

2126 2803 127 41 Corte,
2292 2815 20 21 e
2350 2804 152 41 Ospizio
2537 2805 48 33 de
2621 2804 154 34 Minimi
2816 2806 105 33 della

2124 2849 113 32 Prov.
2267 2849 146 34 Roman
2420 2860 22 22 a

2011 2893 101 31 1147.
2141 2893 135 34 Vicolo
2302 2895 63 33 del
2388 2896 107 32 Bnco

2011 2939 100 30 1148.
2139 2939 135 33 Vicolo
2300 2941 103 32 della
2429 2941 184 34 Crociala

2011 2985 103 31 1149.
2140 2985 144 33 Strada
2308 2987 103 32 delle
2435 2988 75 30 due
2536 2988 102 32 Mole

2011 3030 103 33 1150.
2140 3031 135 32 Vicolo
2301 3032 101 33 della
2427 3033 123 33 Stella

2010 3076 103 31 1151.
2140 3076 138 33 Piazza
2303 3077 206 34 dell'Olmo

2011 3122 103 31 1152.
2142 3123 156 31 Strada.
2326 3125 13 32 1
2357 3124 108 32 iazza
2488 3123 62 33 del
2575 3124 114 33 Muro
2714 3125 115 32 Novo

2011 3168 107 31 1153.
2146 3168 135 32 Vicolo
2307 3169 36 32 di
2371 3170 197 33 Sacchetti

2011 3213 101 33 1154.
2140 3213 143 33 Chiesa
2307 3215 38 31 di
2373 3214 36 33 S.
2437 3216 155 32 Bonosa
2615 3216 62 32 de'
2705 3215 167 34 Calzolai

2011 3259 103 33 1155.
2141 3258 136 33 Vicolo
2303 3260 287 33 deH'ATcaceio

2010 3305 102 32 1156.
2138 3304 144 33 Chiesa
2322 3307 36 31 di
2387 3307 38 32 S.
2453 3309 144 39 Agata,
2625 3316 21 22 e
2672 3306 144 42 Colleg.
2856 3307 62 32 de'

2121 3350 76 34 PP.
2227 3350 103 34 della
2354 3352 129 33 Dottr.
2510 3352 199 34 Cristiana
2724 3353 39 32 di
2782 3353 135 39 Roma,

2123 3405 20 22 e
2169 3396 139 33 Scuole
2334 3397 68 33 Pie

2012 3441 98 33 1157.
2135 3441 137 34 Piazza
2298 3443 90 31 Rom
2397 3452 78 24 ana

2009 3486 100 31 1158.
2138 3487 118 32 Torre
2281 3488 102 33 della
2408 3490 39 32 S.
2475 3488 99 33 Casa
2599 3489 38 32 di
2664 3489 139 32 Loreto

2011 3532 101 33 1159.
2139 3531 142 35 Chiesa
2305 3535 40 31 di
2371 3535 37 33 S.
2436 3534 42 32 M
2498 3559 8 12 ,
2536 3544 20 22 e
2581 3535 37 33 S.
2646 3534 204 34 Gallicano

2009 3578 105 32 1160.
2140 3578 114 42 Sped,
2281 3589 68 32 per
2374 3580 53 40 gli
2451 3580 160 33 Uomini

2009 3624 102 31 1161.
2141 3624 115 41 Sped,
2286 3635 67 30 per
2376 3625 35 33 le
2437 3626 128 33 donne

2008 3670 102 31 1162.
2139 3669 137 33 Vicolo
2300 3671 63 33 del
2387 3672 120 33 Pozzo

2009 3716 102 32 1163.
2140 3716 155 32 Palazzo
2321 3717 101 32 delle
2446 3716 190 33 Monache
2660 3717 37 32 di
2725 3717 39 34 S.
2797 3718 122 33 Anna

2007 3761 101 33 1164.
2134 3759 141 35 Chiesa
2299 3763 39 31 di
2364 3763 38 33 S.
2430 3762 146 34 Calisto
2601 3762 47 34 T.
2674 3763 42 34 C.
2743 3773 20 23 e
2788 3762 128 44 Ospiz.

2121 3807 61 31 de'
2210 3807 157 33 Monaci
2392 3808 228 33 Cassinensi

2007 3853 101 30 1165.
2136 3851 143 34 Chiesa
2303 3853 145 44 Colleg.
2477 3854 156 43 insigne
2656 3853 40 34 di
2723 3853 39 35 S.
2788 3853 56 36 M,
2871 3855 43 35 in

2121 3898 231 34 Trastevere

2007 3944 101 31 1166.
2134 3943 107 35 Orat.
2263 3954 19 23 e
2300 3944 134 35 Contr.
2453 3944 61 34 del
2533 3944 109 44 Sagr.
2660 3945 40 33 in
2716 3944 39 35 d.
2776 3944 142 35 Chiesa

2007 3989 101 33 1167.
2135 3989 163 34 Palazzo
2322 3990 124 34 Ossoli

2007 4035 102 31 1168.
2137 4035 160 34 Palazzo
2328 4037 112 32 Lconi

2006 4081 102 32 1169.
2136 4081 141 34 Chiesa
2302 4081 39 33 di
2366 4083 38 33 S.
2446 4081 209 42 Apollouia
2691 4092 20 23 e
2747 4083 169 33 Monast.

2119 4126 38 33 di
2176 4128 195 32 Monache
2388 4128 62 32 del
2468 4129 19 30 3
2505 4127 144 34 Ordine
2662 4127 37 33 di
2720 4128 38 35 S.
2773 4130 141 31 Franc.

2006 4172 101 33 1170.
2136 4172 141 34 Chiesa
2300 4173 37 33 di
2367 4174 37 34 S.
2430 4173 168 41 Marg.ta,
2626 4184 20 22 e
2671 4174 170 33 Monast.
2875 4173 37 33 d.

2119 4219 193 34 Monache
2338 4219 63 33 del
2427 4222 20 30 3
2472 4219 136 33 ordine
2632 4220 38 32 di
2697 4220 38 33 S.
2771 4221 127 32 Franc
2903 4220 15 23 0
