2288 3746
923 211 221 30 AMBROISE
1177 213 174 28 THOMAS

2118 248 0 0 291

145 300 105 51 cale,
277 314 103 27 sans
397 300 108 42 faire
524 317 85 26 une
630 303 122 51 large
775 305 123 51 place
929 310 21 35 à
984 315 109 32 cette
1117 309 224 50 partition.
1365 305 118 42 C'est
1507 320 47 27 ce
1590 320 84 39 que
1699 305 122 40 Bizet
1856 305 274 50 comprenait

146 369 101 40 bien
271 369 37 39 le
329 370 97 51 jour
449 377 56 34 où
526 371 28 39 il
576 373 177 39 écrivait
788 383 7 24 :
820 385 19 28 «
859 373 137 41 Votre
1021 375 112 39 Caïd
1147 390 24 24 Y
1177 377 88 37 ient
1288 376 54 38 de
1376 389 68 26 me
1468 378 131 37 ravir.
1619 374 117 40 C'est
1769 373 198 52 toujours
2003 371 126 52 jeune

145 449 20 26 ((
191 446 41 30 et
246 438 251 57 spirituel...
534 439 54 40 Et
610 440 145 51 quelle
793 444 121 38 main
941 446 6 35 !
989 454 20 27 ))
1051 442 64 40 Ce
1151 443 176 39 dernier
1362 444 126 49 éloge
1529 458 53 25 ne
1614 444 178 51 pouvait
1823 445 89 36 être
1946 440 184 39 décerné

145 518 83 38 que
251 519 78 37 par
364 521 59 24 un
461 507 180 40 homme
661 508 58 40 du
741 512 155 37 métier
921 524 7 24 :
964 519 40 31 et
1027 524 52 25 en
1104 509 115 47 effet,
1260 510 156 51 jusque
1439 511 110 40 dans
1592 524 68 27 ses
1684 510 226 40 fantaisies
1934 508 61 40 les
2030 507 98 52 plus

144 572 281 50 bouffonnes,
450 574 197 41 Thomas
665 576 135 50 garde
823 577 38 39 le
905 578 120 39 souci
1047 577 106 39 delà
1175 581 153 47 pureté
1362 578 52 38 de
1437 578 230 47 l'écriture,
1714 579 52 38 de
1789 578 38 38 la
1851 577 242 39 correction
2118 585 8 29 :

145 654 87 26 une
254 639 87 42 fine
357 642 247 50 harmonie,
630 658 59 24 un
709 644 163 50 emploi
894 646 202 50 imprévu
1119 644 78 39 des
1221 643 183 41 timbres
1425 645 52 39 de
1491 646 269 45 l'orchestre,
1788 645 194 51 rappelle
2003 648 126 35 àtout

145 710 166 38 instant
331 723 84 38 que
439 710 186 40 l'auteur
647 710 53 39 de
722 724 69 26 ces
816 725 137 37 pages
978 712 170 49 légères
1171 721 63 31 est
1258 726 57 25 un
1340 715 155 36 maître
1517 725 54 26 en
1600 725 80 27 son
1703 721 65 30 art
1790 726 8 33 ;
1830 720 40 31 et
1888 712 61 39 les
1972 710 157 40 feintes

149 776 283 50 négligences
456 778 57 38 du
547 778 109 51 style
679 791 53 25 ne
774 787 99 31 sont
896 779 304 40 elles-mêmes
1234 793 85 38 que
1354 779 329 50 d'ingénieuses
1721 779 295 51 applications
2053 778 75 39 des

149 844 141 49 règles
310 844 52 39 de
378 844 163 40 l'école.
565 843 125 41 Ainsi
715 844 150 41 Alfred
884 846 53 40 de
955 846 188 51 Musset,
1166 861 53 25 en
1244 860 69 27 ses
1331 848 122 50 jours
1474 846 52 40 de
1549 848 160 48 gaieté,
1735 845 77 40 fait
1836 845 75 39 des
1952 845 153 40 alexan-

147 913 123 38 drins
293 912 237 50 accomplis
555 925 103 27 avec
671 913 38 38 le
731 912 209 51 dialogue
962 914 54 40 de
1033 914 180 52 Dupont
1247 924 39 30 et
1309 914 180 40 Durand
1512 928 54 26 ou
1589 915 62 39 les
1685 922 232 32 aventures
1938 913 53 39 de
2010 911 89 41 Mar-

148 979 154 40 cloche.

204 1045 235 41 Ambroise
453 1046 197 41 Thomas
670 1061 54 26 ne
744 1048 92 40 s'en
856 1049 80 39 tint
956 1061 79 38 pas
1058 1051 22 35 à
1105 1062 45 26 ce
1171 1054 149 34 succès
1354 1048 208 40 aimable.
1587 1048 68 40 En
1681 1051 115 48 1850,
1832 1048 28 40 il
1884 1048 177 40 écrivait
2093 1046 38 40 le

149 1114 148 54 Songe
319 1114 124 40 d'une
481 1114 92 40 nuit
603 1113 104 41 d'été
714 1145 8 17 ,
766 1117 73 51 qui
863 1116 69 40 n'a
965 1129 78 38 pas
1073 1116 39 39 le
1134 1116 178 40 charme
1332 1116 52 40 de
1407 1116 38 40 la
1463 1117 133 51 petite
1617 1117 208 50 partition
1847 1116 53 40 de
1930 1114 174 41 Mendel-

149 1183 137 40 ssohn
312 1195 7 27 :
354 1183 58 39 du
436 1196 110 39 coup
570 1183 28 39 il
622 1192 123 31 entra
787 1188 21 35 à
842 1182 206 41 l'lnstitut
1068 1199 7 33 ;
1098 1184 29 39 il
1159 1199 27 37 y
1221 1185 220 39 succédait
1459 1188 21 35 à
1513 1182 222 54 Spontini,
1758 1183 107 40 dont
1903 1183 40 39 la
1973 1182 160 41 Vestale

149 1249 109 42 n'est
277 1251 99 51 plus
397 1256 136 45 guère
557 1265 170 27 connue
753 1250 280 54 aujourd'hui
1058 1265 85 39 que
1162 1267 80 37 par
1277 1250 367 42 l'enthousiasme
1668 1249 158 54 qu'elle
1861 1252 203 51 inspirait
2107 1255 21 34 à

150 1319 185 40 Berlioz.
370 1317 55 42 Et
450 1333 53 26 en
529 1323 117 48 1856,
663 1326 127 45 après
828 1334 16 36 3
884 1333 233 27 nouveaux
1141 1325 159 47 opéras
1331 1322 245 49 comiques,
1610 1333 55 26 on
1684 1320 57 39 lui
1765 1318 227 41 attribuait
2023 1332 105 26 sans

150 1387 250 39 discussion
433 1386 39 39 la
503 1387 146 39 chaire
682 1387 52 40 de
763 1389 295 50 composition
1078 1388 157 39 laissée
1259 1387 110 40 libre
1408 1403 54 24 au
1484 1387 343 40 Conservatoire
1850 1401 79 36 par
1944 1387 39 38 la
2015 1394 116 32 mort

151 1451 248 54 d'Adolphe
434 1453 158 42 Adam.
620 1454 119 41 Pour
773 1454 107 40 faire
912 1455 202 40 honneur
1135 1459 21 34 à
1181 1469 46 26 ce
1249 1469 204 26 nouveau
1489 1456 113 46 titre,
1644 1455 199 40 Thomas
1881 1456 172 38 mettait
2080 1469 54 25 au

152 1521 111 50 jour,
281 1518 171 42 l'année
470 1523 216 47 suivante,
705 1535 84 26 une
806 1521 165 52 Psyché
986 1523 107 39 dont
1117 1523 38 38 le
1174 1523 201 40 meilleur
1394 1537 205 26 morceau
1618 1531 64 31 est
1699 1526 218 47 peut-être
1936 1523 38 38 le
1987 1522 152 40 chœur

153 1588 75 39 des
252 1588 231 51 nymphes,
503 1603 54 25 au
578 1588 133 40 début
727 1589 58 40 du
801 1590 228 39 deuxième
1046 1598 92 31 acte
1164 1604 7 33 ;
1195 1604 70 25 ces
1288 1604 269 37 compagnes
1578 1590 52 39 de
1653 1589 173 51 Psyché
1855 1603 46 26 se
1925 1597 212 43 moquent

152 1664 40 31 et
224 1655 256 48 s'amusent,
522 1658 118 39 aussi
661 1658 228 39 sont-elles
927 1662 270 46 crayonnées
1229 1657 104 40 d'un
1354 1660 99 37 trait
1489 1657 133 40 alerte
1645 1665 40 31 et
1724 1655 76 41 fin.
1827 1655 113 40 Mais
1982 1657 103 39 c'est
2117 1660 21 35 à

154 1723 172 40 Franck
355 1723 106 52 qu'il
480 1725 103 38 était
603 1728 171 36 réservé
796 1725 53 39 de
872 1726 134 38 sentir
1028 1733 40 32 et
1101 1725 51 39 de
1176 1725 195 50 dégager
1388 1733 119 32 toute
1530 1725 40 39 la
1595 1724 152 40 tendre
1763 1733 40 30 et
1818 1724 324 51 mélancolique

153 1793 150 49 poésie
324 1791 52 40 de
397 1792 38 38 la
461 1791 183 50 légende
670 1805 9 34 ;
700 1792 38 39 la
767 1791 166 53 Psyché
955 1792 52 40 de
1030 1792 198 40 Thomas
1261 1792 241 40 ressemble
1538 1797 21 35 à
1590 1806 58 26 un
1676 1797 157 46 poème
1870 1792 270 47 alexandrin,

154 1858 189 51 élégant,
363 1867 186 32 souvent
567 1858 223 52 agréable,
817 1861 200 51 toujours
1041 1859 113 41 froid
1179 1871 6 36 ;
1206 1861 38 39 la
1277 1860 165 52 Psyché
1463 1861 54 39 de
1543 1860 50 39 C.
1622 1860 173 40 Franck
1818 1869 73 31 est
1923 1875 60 25 un
2011 1860 131 39 chant

158 1929 220 49 mystique
398 1936 40 30 et
458 1928 115 38 doux
592 1927 201 41 d'amour
817 1928 248 40 surnaturel
1090 1926 77 54 (1).

211 1992 118 42 C'est
346 2010 54 24 au
425 1995 150 40 milieu
614 1995 52 40 de
689 2008 70 27 ces
792 2001 166 42 succès,
984 2010 54 25 en
1067 1999 116 49 1852,
1208 2010 85 38 que
1310 1996 38 40 le
1368 1994 129 42 fidèle
1521 1996 212 40 Flandrin
1756 1994 46 42 fît
1827 1995 38 40 le
1896 1994 114 42 beau
2035 2009 81 38 por-

156 2064 100 38 trait
280 2062 54 40 de
357 2062 197 41 Thomas
575 2077 84 37 que
682 2077 113 26 nous
813 2064 205 40 donnons
1041 2065 208 39 ci-contre
1275 2076 7 26 :
1308 2077 70 27 ces
1396 2065 124 39 traits
1543 2062 101 49 fins,
1668 2072 64 32 cet
1757 2065 63 38 air
1844 2069 153 34 amène
2021 2072 40 31 et
2083 2078 59 25 un

156 2143 83 38 peu
257 2130 81 50 las,
353 2138 248 32 annoncent
621 2144 86 26 une
731 2133 96 37 âme
844 2131 386 51 douce,optimiste
1253 2144 104 26 avec
1378 2130 302 41 nonchalance
1699 2139 40 31 et
1754 2130 266 40 affectueuse
2039 2144 103 26 sans

157 2198 173 40 ardeur.
355 2196 63 41 Le
439 2199 127 39 vieux
585 2196 62 41 Le
667 2197 145 41 Sueur
847 2200 73 50 qui
938 2200 167 48 aimait,
1129 2203 21 35 à
1175 2212 45 26 sa
1239 2200 212 46 manière,
1493 2198 165 52 l'esprit
1700 2197 111 41 dans
1835 2198 38 39 la
1917 2200 221 49 musique,

157 2266 191 51 appelait
371 2264 52 40 A.
461 2264 198 41 Thomas
676 2280 46 24 sa
743 2272 93 33 note
854 2265 178 40 sensible
1039 2297 8 17 ,
1075 2274 41 32 et
1142 2281 60 25 un
1218 2267 53 38 de
1290 2279 69 27 ses
1394 2266 257 40 camarades
1675 2265 52 40 de
1757 2266 39 39 la
1830 2265 103 40 villa
1956 2264 185 41 Médicis

159 2335 242 49 comparait
423 2346 68 26 ses
512 2335 218 38 manières
750 2334 310 40 accueillantes
1082 2338 21 35 à
1128 2334 129 40 celles
1275 2332 104 42 d'un
1395 2335 129 51 jeune
1538 2334 125 39 chien
1682 2333 54 40 de
1758 2333 148 40 bonne
1926 2347 98 26 race
2047 2334 90 50 qui,

162 2401 110 40 dans
296 2415 44 26 sa
366 2401 177 52 joyeuse
568 2401 203 48 humeur,
797 2401 77 40 fait
898 2401 83 41 fête
1012 2406 22 35 à
1053 2410 94 32 tout
1166 2410 162 32 venant
1355 2412 6 24 :

1513 2461 11 11 %

501 2497 190 38 L'enfant
714 2497 107 38 avait
846 2509 97 37 reçu
965 2498 109 37 deux
1101 2498 107 37 bons
1235 2510 109 37 yeux
1366 2499 103 36 dans
1493 2497 38 36 la
1549 2498 80 36 tête
1655 2498 267 48 (VERLAINE).

215 2596 78 42 S'il
310 2612 54 26 ne
386 2597 64 41 fut
462 2612 95 38 pas.
574 2598 148 40 donné
741 2612 56 26 au
821 2611 256 27 successeur
1114 2598 52 39 de
1209 2596 206 52 Spontini
1448 2607 40 31 et
1511 2596 190 42 d'Adam
1723 2598 168 40 d'avoir
1914 2596 57 41 du
1991 2598 147 48 génie,

160 2667 28 39 il
209 2667 131 39 laissa
364 2666 113 40 donc
509 2680 55 26 au
587 2667 145 38 moins
755 2665 276 50 d'agréables
1049 2667 232 37 souvenirs
1305 2669 21 35 à
1361 2673 98 32 tous
1479 2678 105 27 ceux
1608 2667 73 49 qui
1706 2663 105 42 l'ont
1827 2665 236 51 approché,
2100 2672 41 32 et

160 2732 209 41 l'homme
392 2734 101 39 chez
512 2734 59 39 lui
587 2733 135 40 valait
746 2746 55 26 ou
825 2733 222 51 dépassait
1070 2733 39 39 le
1132 2733 298 50 compositeur
1455 2747 7 32 ;
1486 2733 28 38 il
1538 2732 37 40 le
1596 2742 173 30 montra
1794 2746 53 26 en
1873 2735 116 47 1870,
2028 2732 90 39 lors-

162 2802 133 51 qu'on
318 2802 38 38 le
376 2803 61 37 vit
457 2802 144 38 courir
617 2815 81 25 aux
712 2800 198 40 bastions
931 2800 52 39 de
1000 2799 126 40 Paris
1145 2812 111 38 pour
1274 2808 331 43 partager,avec
1621 2800 61 40 les
1702 2799 256 41 défenseurs
1978 2801 135 49 impro-

160 2869 117 40 visés
312 2868 53 39 de
390 2868 37 39 la
459 2868 117 49 ville,
603 2876 98 31 tous
722 2867 61 39 les
807 2876 180 30 travaux
1002 2867 52 39 de
1089 2867 39 39 la
1148 2880 173 36 guerre.
1348 2864 119 43 C'est
1491 2880 52 27 en
1579 2871 95 47 1871
1714 2867 104 52 qu'il
1855 2866 64 41 fut
1961 2872 179 35 nommé

163 2937 216 39 directeur
400 2936 57 39 du
475 2935 356 47 Conservatoire,
853 2947 54 27 en
930 2935 341 51 remplacement
1294 2933 209 42 d'Auber.
1538 2934 188 54 Mignon
1735 2966 7 17 ,
1785 2937 73 49 qui
1883 2937 116 38 avait
2030 2949 110 38 paru

164 3018 54 27 en
240 3007 102 38 1866
367 3009 128 46 après
513 3018 60 25 un
592 3003 162 40 silence
774 3003 53 39 de
840 3005 63 37 six
917 3007 177 43 années,
1115 3004 115 39 avait
1247 3007 67 36 été
1333 3017 60 26 un
1417 3003 142 50 grand
1585 3008 164 43 succès,
1774 3012 41 31 et
1853 3012 162 31 restera
2037 3017 103 26 sans

163 3073 133 40 doute
327 3073 38 39 le
386 3071 318 42 chef-d'œuvre
745 3069 280 42 d'Ambroise
1047 3067 213 44 Thomas.
1282 3071 49 54 Je
1354 3073 88 38 sais
1466 3071 102 40 bien
1592 3070 247 53 quHamlet
1846 3104 7 14 ,
1881 3071 75 52 qui
1992 3081 64 31 est
2088 3072 53 39 de

164 3139 171 42 Tannée
357 3141 216 48 suivante,
599 3148 64 32 est
684 3138 85 41 fort
800 3138 103 40 bien
926 3141 103 38 écrit
1054 3150 7 27 :
1088 3153 59 26 un
1182 3153 189 38 passage
1388 3140 53 39 de
1464 3148 64 31 cet
1565 3144 131 47 opéra
1732 3148 72 32 eut
1827 3143 143 36 même
1997 3139 121 40 l'hon-

165 3222 108 27 neur
289 3210 176 48 insigne
484 3208 136 40 d'être
646 3210 97 44 cité,
767 3207 111 40 dans
911 3207 62 39 les
994 3205 131 41 Notes
1163 3213 36 33 et
1240 3207 159 40 Etudes
1434 3205 281 42 d'Harmonie
1749 3207 54 40 de
1834 3207 61 40 M.
1917 3205 88 41 Th.
2048 3206 63 41 Du-

165 3275 98 42 bois
285 3275 76 52 (2),
382 3289 170 27 comme
569 3291 59 25 un
646 3275 69 40 bel
733 3275 202 51 exemple
950 3274 336 53 d'anticipation
1307 3275 52 40 de
1383 3274 342 53 Tappogiature.
1770 3274 114 40 Mais
1924 3275 138 50 quoi!
2102 3275 38 38 la

214 3396 33 42 (1)
268 3396 89 32 Voir
375 3396 88 33 clans
486 3407 39 22 ce
542 3400 113 29 môme
677 3396 151 33 numéro
852 3395 51 43 (p.
925 3395 83 43 297)
1035 3398 174 40 l'analyse
1233 3397 105 33 brève
1352 3405 33 26 et
1411 3397 137 41 précise
1572 3397 41 34 de
1630 3405 92 26 cette
1741 3408 123 23 œuvre
1886 3409 64 30 par
1988 3396 46 35 M.
2058 3398 65 32 Vin-

172 3453 80 25 cent
270 3446 131 32 D'INDY.

210 3495 47 42 (2)
286 3496 97 41 Page
406 3506 76 31 132.
