2288 3746
973 286 137 29 CESAt<
1143 290 171 26 FRANCK

2055 290 69 37 301

137 375 53 39 de
217 374 183 52 peindre
433 377 39 39 le
494 379 85 38 mal
619 381 142 38 arrivé
784 384 21 35 à
831 393 80 27 son
941 394 277 37 paroxysme,
1246 381 187 48 Franck,
1460 394 53 27 ne
1536 389 196 43 pouvant
1754 388 177 33 trouver
1950 394 53 26 en
2052 381 61 40 lui-

139 446 143 36 même
320 443 286 54 l'expression
637 447 52 39 de
723 461 46 26 ce
809 447 86 40 mal
941 448 104 51 qu'il
1079 462 53 25 ne
1171 450 271 49 comprenait
1477 451 138 49 point,
1653 458 234 43 emprunta
1936 448 117 40 alors
2095 449 38 39 le

139 511 110 51 style
285 511 53 40 de
377 513 162 52 l'opéra
571 514 347 52 meyerbeerien,
962 529 45 26 ce
1047 517 74 50 qui
1162 518 219 38 constitue
1404 530 102 26 avec
1529 518 39 38 le
1592 527 111 31 reste
1740 518 53 39 de
1817 518 226 49 l'ouvrage
2071 532 60 25 un

137 587 220 32 contraste
390 582 217 39 vraiment
649 582 264 51 déplaisant.
951 581 115 40 Mais
1099 582 63 39 les
1199 582 248 40 Béatitudes
1470 583 101 40 n'en
1609 594 164 31 restent
1808 600 79 37 pas
1927 587 146 39 moins
2091 586 37 38 le

137 657 261 31 monument
435 650 184 39 musical
658 650 38 38 le
738 650 97 51 plus
879 649 307 40 considérable
1228 652 74 49 qui
1345 653 59 37 ait
1442 656 68 34 été
1551 650 130 41 édifié
1717 653 157 51 depuis
1924 654 38 39 la
1995 652 139 40 Messe

136 715 229 40 solennelle
414 717 52 39 de
504 716 268 50 Beethoven,
809 726 40 30 et
896 725 109 31 cette
1049 717 134 40 haute
1221 727 41 30 et
1300 720 253 49 expressive
1595 721 207 50 musique
1838 722 179 39 console
2056 722 76 39 des

138 784 309 52 emphatiques
470 784 331 40 boursouflures
825 798 85 37 que
929 785 77 39 des
1030 787 323 49 compositeurs
1377 800 103 26 sans
1504 800 237 38 croyances
1765 796 40 31 et
1829 801 103 27 sans
1957 791 151 38 convic-

140 853 115 37 tions
279 854 252 48 artistiques
555 860 75 31 ont
650 852 275 40 accumulées
960 866 54 25 en
1036 866 83 26 vue
1143 854 52 38 de
1214 854 24 38 Y
1245 855 108 52 effet,
1391 868 104 26 sous
1522 859 192 47 prétexte
1736 855 51 39 de
1818 855 152 40 drame
1994 862 136 35 sacré.

194 918 208 40 L'auteur
424 919 53 39 de
514 928 64 30 cet
616 919 247 40 admirable
901 923 318 38 commentaire
1255 922 53 40 de
1342 911 249 61 l'Évangile
1630 937 53 25 ne
1720 937 46 26 se
1786 922 143 51 figura
1953 925 176 51 jamais,

139 987 109 39 dans
271 1000 47 25 sa
339 987 229 48 modestie,
593 1001 85 37 que
701 988 63 40 les
792 987 247 41 Béatitudes
1061 988 170 41 fussent
1261 989 292 53 susceptibles
1574 989 134 42 d'être
1743 996 226 35 exécutées
1992 1001 118 31 autre-

139 1063 119 31 ment
282 1068 84 38 que
388 1069 79 37 par
485 1054 268 52 fragments,
776 1064 40 32 et
839 1070 47 26 ce
908 1056 63 40 fut
992 1057 245 40 seulement
1260 1060 106 37 trois
1388 1071 79 27 ans
1489 1064 127 45 après
1638 1073 45 25 sa
1705 1068 115 31 mort
1841 1074 85 37 que
1947 1059 164 41 l'exécu-

139 1124 91 38 tion
263 1123 215 49 intégrale
510 1123 52 39 de
598 1123 180 40 l'œuvre
798 1123 64 42 fut
898 1125 174 40 donnée
1087 1139 112 38 pour
1221 1126 40 39 la
1281 1127 217 50 première
1514 1125 85 42 fois
1624 1141 54 26 au
1715 1126 190 42 Concert
1929 1127 203 42 Colonne

139 1200 40 30 et
199 1191 217 51 produisit
437 1205 53 26 en
508 1205 80 27 son
605 1192 229 41 ensemble
854 1207 86 26 une
962 1207 96 26 rare
1080 1196 227 38 sensation
1325 1193 138 42 d'Art.

917 1348 58 40 Le
997 1348 193 50 Quatuor
1213 1364 49 25 en
1293 1352 59 37 ré.

195 1468 62 44 Le
280 1472 191 52 premier
490 1482 285 31 mouvement
790 1472 52 41 de
876 1487 46 26 ce
954 1482 191 43 quatuor
1169 1477 21 36 à
1220 1473 154 42 cordes
1407 1483 64 32 est
1495 1480 87 35 très
1614 1476 317 41 certainement
1968 1476 40 41 la
2029 1477 100 51 plus

139 1544 240 36 étonnante
402 1543 120 49 pièce
547 1541 328 52 symphonique
899 1544 74 49 qui
995 1544 59 38 ait
1077 1547 65 35 été
1162 1545 242 38 construite
1427 1543 156 52 depuis
1607 1544 63 40 les
1702 1544 196 40 derniers
1941 1553 189 43 quatuor

139 1608 53 39 de
226 1608 268 41 Beethoven.
529 1607 62 41 La
628 1608 139 41 forme
811 1610 51 39 de
885 1624 47 25 ce
963 1612 191 49 premier
1177 1619 302 37 mouvement,
1505 1612 377 40 essentiellement
1907 1613 222 46 nouvelle,

139 1678 192 37 consiste
352 1690 54 25 en
428 1677 112 38 deux
572 1690 234 27 morceaux
830 1677 52 39 de
915 1679 205 50 musique
1143 1679 151 38 vivant
1317 1678 169 39 chacun
1506 1678 53 39 de
1580 1678 93 40 leur
1691 1680 69 38 vie
1783 1692 161 38 propre
1965 1687 41 31 et
2027 1692 78 38 pos-

139 1743 155 40 sédant
315 1743 169 40 chacun
504 1743 94 40 leur
630 1746 257 47 organisme
908 1745 207 52 complet,
1139 1747 72 50 qui
1237 1759 46 26 se
1305 1751 231 46 pénètrent
1557 1746 336 40 mutuellement
1938 1760 103 25 sans
2089 1760 46 26 se

138 1810 255 48 confondre,
435 1814 130 47 grâce
600 1816 19 35 à
657 1826 86 26 une
776 1813 283 41 ordonnance
1094 1813 282 41 absolument
1397 1813 186 52 parfaite
1603 1814 53 40 de
1680 1814 117 40 leurs
1814 1815 197 39 diverses
2031 1829 76 36 par-

141 1881 80 38 ties
243 1889 7 29 :

196 2384 121 42 Tous
352 2386 62 40 les
449 2390 322 50 compositeurs
811 2391 74 49 qui
922 2391 213 40 suivirent
1171 2390 203 52 l'époque
1409 2388 388 44 beethovenienne
1820 2392 92 40 s'en
1951 2390 182 51 tinrent,

142 2463 172 42 quanta
340 2455 38 39 la
399 2454 156 52 forme,
582 2471 81 25 aux
684 2466 124 42 types
828 2458 96 51 déjà
948 2458 160 40 établis
1134 2473 52 25 au
1226 2473 106 25 XVIII
1339 2469 14 20 0
1390 2459 131 39 siècle
1543 2469 8 36 ;
1584 2460 44 38 ni
1649 2474 59 25 un
1723 2458 340 50 Mendelssohn,
2089 2463 43 38 ni

141 2537 55 25 un
236 2522 275 52 Schumann,
548 2526 42 38 ni
630 2540 59 24 un
734 2524 190 41 Brahms
964 2526 221 40 n'osèrent
1227 2526 188 52 prendre
1439 2527 38 39 le
1500 2541 58 25 xn
1565 2533 12 14 e
1599 2540 54 27 ou
1679 2527 39 40 le
1737 2543 76 24 xm
1819 2537 14 18 e
1868 2537 190 43 quatuor
2081 2529 52 40 de

140 2590 255 41 Beethoven
416 2593 250 51 pourpoint
689 2592 52 40 de
762 2593 167 51 départ,
954 2593 145 40 tandis
1120 2607 84 38 que
1225 2593 53 42 R.
1300 2594 203 51 Wagner
1519 2595 169 42 fondait
1713 2607 93 31 tout
1841 2612 80 26 son
1943 2605 191 46 système

141 2659 327 52 symphonique
490 2673 75 26 sur
584 2658 341 54 l'impérissable
960 2661 56 39 IX
1019 2668 13 14 e
1066 2660 291 53 Symphonie.
1382 2662 29 40 Il
1443 2663 140 40 fallait
1621 2668 89 37 être
1747 2680 60 25 un
1828 2667 235 40 architecte
2081 2668 53 39 de

142 2739 103 27 sons
266 2729 120 37 aussi
407 2733 75 34 sûr
503 2727 54 40 de
576 2727 61 40 lui
662 2741 84 37 que
770 2727 134 40 l'était
925 2726 138 43 César
1083 2728 187 50 Franck,
1293 2743 110 37 pour
1438 2733 316 50 entreprendre
1777 2748 85 25 une
1886 2734 100 39 telle
2011 2740 99 34 réno-

139 2795 151 39 vation
313 2795 77 39 des
412 2793 181 49 formes,
620 2803 93 32 tout
738 2809 54 25 en
812 2804 263 31 conservant
1097 2810 53 25 au
1174 2809 207 27 morceau
1405 2812 85 26 une
1507 2812 139 38 coupe
1665 2801 209 48 générale
1893 2802 236 51 classique.

141 2860 66 41 Au
230 2871 128 37 reste,
381 2862 39 39 le
446 2861 212 48 Quintette
681 2875 53 26 en
741 2862 60 53 jet
823 2864 191 46 mineur,
1042 2863 38 39 la
1104 2862 160 41 Sonate
1287 2865 52 39 de
1360 2867 152 40 violon
1537 2878 114 37 sont,
1675 2882 172 26 comme
1865 2870 38 39 le
1923 2868 206 52 Quatuor,

142 2932 237 38 construits
422 2934 21 35 à
480 2929 129 40 l'aide
630 2929 103 41 d'un
769 2930 145 40 thème
954 2935 279 46 générateur,
1262 2934 74 51 qui
1381 2934 174 42 devient
1581 2937 39 39 la
1635 2938 149 39 raison
1804 2940 249 50 expressive
2075 2939 58 39 du

148 2998 116 51 cycle
287 2997 186 41 musical
493 3013 8 33 ;
527 3000 112 38 mais
660 3000 93 38 rien
770 2998 110 39 dans
905 2999 180 40 l'oeuvre
1105 3000 52 39 de
1178 3000 187 48 Franck,
1392 3016 78 38 pas
1494 3004 99 51 plus
1618 3020 83 37 que
1722 3005 111 41 dans
1856 3007 111 39 celui
1988 3007 53 39 de
2066 3020 68 26 ses

146 3067 353 50 prédécesseurs,
522 3066 172 51 n'égale
714 3079 51 26 en
791 3066 315 41 harmonieuse
1128 3077 39 31 et
1193 3070 264 41 audacieuse
1481 3070 158 43 beauté
1661 3088 46 26 ce
1728 3084 100 42 type
1853 3075 52 39 de
1928 3076 206 50 musique

140 3133 53 40 de
212 3133 225 52 chambre,
460 3136 166 50 unique
648 3136 118 38 aussi
787 3133 102 40 bien
908 3148 111 38 pour
1039 3135 39 40 la
1098 3137 152 40 valeur
1269 3147 41 31 et
1334 3137 253 44 l'élévation
1606 3141 77 40 des
1702 3142 121 39 idées
1858 3156 83 38 que
1961 3156 110 38 pour
2093 3141 39 42 la

141 3201 240 52 perfection
401 3203 250 52 esthétique
670 3211 40 31 et
734 3203 40 39 la
798 3208 249 36 nouveauté
1067 3205 53 39 de
1142 3205 40 40 la
1200 3204 155 51 forme,
1383 3208 38 39 le
1447 3223 11 24 i
1470 3215 29 15 er
1520 3218 286 31 mouvement
1846 3210 57 39 du
1941 3209 193 49 Quatuor

143 3285 47 23 en
212 3273 59 38 ré.

612 3392 79 41 Les
721 3392 104 41 trois
859 3392 190 41 derniers
1084 3392 167 43 chorals
1280 3404 110 47 pour
1425 3412 149 39 orgue.

193 3508 86 43 Ces
293 3509 338 43 chefs-d'œuvre
652 3512 159 47 furent,
854 3526 172 26 comme
1042 3514 39 50 je
1103 3514 9 38 1
1134 3516 38 37 ai
1190 3515 78 43 dit,
1293 3515 39 39 la
1353 3516 200 40 dernière
1568 3518 255 39 émanation
1841 3517 57 40 du
1921 3519 132 47 génie
2076 3516 52 40 de

136 3578 202 50 Franck*,
365 3581 152 39 atteint
555 3580 96 52 déjà
673 3595 77 36 par
771 3581 39 39 la
831 3580 220 52 pleurésie
1087 3583 73 50 qui
1181 3582 145 41 devait
1367 3583 268 52 l'emporter,
1690 3585 26 38 il
1742 3598 53 26 en
1820 3583 83 40 fixa
1929 3585 38 38 la
1992 3587 137 47 regis-
