2288 3746
1113 162 96 45 LA

291 322 634 97 REVUE
1058 317 967 99 MUSICALE

787 834 382 43 AMBROISE
1204 837 305 43 THOMAS

1018 955 9 51 (
1041 955 249 52 1811-1896)

210 1100 110 36 C'est
343 1103 17 32 à
382 1111 81 25 une
496 1101 92 35 date
611 1099 80 39 très
720 1102 229 48 prochaine
974 1104 130 47 qu'est
1127 1104 104 37 fixée
1264 1105 324 50 l'inauguration
1628 1108 54 36 du
1722 1118 247 29 monument
2006 1111 112 37 d'Am-

160 1154 136 37 broise
329 1155 173 36 Thomas
536 1169 51 23 au
608 1169 98 36 parc
732 1158 224 38 Monceau.
984 1160 57 35 La
1059 1161 138 36 Revue
1214 1161 207 37 Musicale
1444 1162 105 36 croit
1577 1164 157 43 devoir,
1761 1164 20 36 à
1806 1172 104 30 cette
1932 1167 212 47 occasion,

159 1219 178 28 retracer
360 1211 38 36 la
419 1211 64 36 vie
506 1212 99 36 d'un
640 1213 286 48 compositeur
963 1214 173 47 illustre,
1162 1216 103 38 mais
1290 1217 101 37 dont
1415 1217 35 37 le
1490 1231 99 24 nom
1628 1232 49 24 ne
1707 1232 154 36 pourra
1892 1221 146 49 jamais
2061 1223 84 36 être

160 1266 104 37 omis
289 1266 101 37 dans
422 1266 201 39 l'histoire
648 1268 49 37 de
718 1268 37 37 la
776 1269 207 49 musique.

210 1380 118 42 C'est
351 1396 85 26 une
454 1383 164 50 longue
637 1392 40 31 et
699 1385 189 51 paisible
908 1389 187 38 carrière
1116 1402 83 37 que
1233 1390 105 39 celle
1355 1388 284 45 d'Ambroise
1663 1393 217 42 Thomas.
1901 1395 65 41 Né
1984 1402 20 35 à
2027 1397 115 42 Metz

157 1449 38 40 le
216 1462 15 38 5
254 1456 103 34 août
381 1454 117 47 1811,
515 1449 71 42 fils
617 1452 103 40 d'un
742 1454 197 39 modeste
961 1455 254 51 professeur
1237 1458 53 39 de
1326 1461 219 50 musique,
1571 1461 28 39 il
1631 1472 118 41 reçut
1768 1464 53 39 de
1842 1478 80 26 son
1956 1472 103 45 père
2079 1468 62 38 les

155 1519 238 50 premières
417 1519 147 50 leçons
581 1520 52 39 de
651 1520 184 51 solfège,
861 1522 53 39 de
946 1524 131 49 piano
1102 1532 39 31 et
1179 1524 54 39 de
1254 1526 165 40 violon.
1451 1526 204 42 L'enfant
1682 1532 106 38 était
1823 1532 251 51 intelligent
2096 1543 40 30 et

155 1585 101 40 bien
271 1586 115 40 doué
412 1602 7 32 ;
446 1587 181 52 lorsque
651 1602 45 26 sa
718 1595 134 40 mère,
879 1590 197 40 devenue
1098 1605 152 35 veuve,
1284 1595 93 37 vint
1397 1593 195 41 s'établir
1613 1600 20 34 à
1654 1596 144 49 Paris,
1821 1599 82 39 elle
1928 1602 154 39 voulut
2104 1602 38 39 le

155 1652 108 41 faire
285 1663 145 31 entrer
451 1669 55 25 au
532 1654 340 42 Conservatoire
899 1658 58 47 ;il
980 1673 27 36 y
1026 1657 63 41 fut
1127 1659 142 40 admis
1302 1663 203 47 aussitôt,
1531 1671 40 31 et
1607 1663 143 41 obtint
1791 1666 39 39 le
1874 1681 12 24 i
1897 1675 31 15 er
1964 1670 92 49 prix
2089 1670 54 38 de

154 1722 133 50 piano
307 1736 53 25 en
388 1726 116 46 1829,
531 1723 38 39 le
597 1738 10 24 i
619 1731 29 14 er
671 1725 94 50 prix
785 1725 276 40 d'harmonie
1078 1739 54 27 en
1160 1730 115 47 1830,
1300 1728 38 39 le
1366 1743 12 24 i
1388 1736 30 14 er
1433 1731 143 48 grand
1597 1733 93 49 prix
1707 1733 54 39 de
1781 1732 142 41 Rome
1943 1748 54 26 en
2023 1740 116 46 1832,

153 1788 110 40 dans
287 1790 38 38 la
346 1790 139 39 classe
507 1791 53 39 de
581 1790 215 52 Lesueur,
816 1799 55 33 où
898 1794 27 38 il
949 1795 114 38 avait
1086 1807 53 26 eu
1162 1808 113 38 pour
1302 1797 292 52 condisciples
1627 1798 187 53 Berlioz,
1842 1809 224 34 couronné
2089 1818 52 26 en

158 1860 115 45 1830,
299 1865 40 31 et
362 1855 206 42 Gounod.
598 1857 125 43 Cette
746 1863 143 37 même
920 1866 154 42 année,
1110 1861 238 53 Hippolyte
1385 1864 212 41 Flandrin
1640 1872 259 47 remportait
1923 1870 38 40 le
1997 1873 142 48 grand

152 1926 92 50 prix
265 1925 52 39 de
343 1927 215 49 peinture.
578 1925 85 41 Les
679 1927 111 40 deux
812 1931 174 38 artistes
1009 1927 129 42 firent
1160 1930 39 39 le
1225 1944 172 38 voyage
1420 1933 243 49 ensemble,
1694 1950 80 37 par
1794 1939 155 49 petites
1973 1944 166 47 étapes,

152 1991 121 40 selon
295 1992 36 38 le
349 1992 229 40 charmant
597 2007 139 37 usage
758 1995 54 40 de
835 2009 68 26 ces
925 2006 141 43 temps
1087 1998 94 51 déjà
1207 1999 225 41 lointains.
1456 2000 67 40 En
1557 2012 139 38 route,
1716 2004 53 40 ils
1791 2003 128 42 firent
1938 2009 177 38 connais-

151 2072 143 36 sance,
313 2068 40 30 et
391 2060 314 41 s'entendirent
743 2064 35 37 si
816 2062 101 41 bien
947 2065 161 51 qu'une
1146 2065 218 52 profonde
1390 2077 40 30 et
1461 2069 188 40 durable
1684 2074 150 38 amitié
1858 2076 126 38 sortit
2004 2075 53 39 de
2080 2077 55 39 là.

153 2125 196 41 Souvent
372 2127 52 39 ils
460 2128 204 40 devaient
689 2143 44 26 se
774 2133 203 50 rappeler
1011 2133 99 52 plus
1142 2134 111 47 tard,
1291 2147 103 26 avec
1426 2138 211 46 émotion,
1673 2138 62 39 les
1759 2141 207 49 épisodes
1998 2142 53 39 de
2094 2157 46 25 ce

149 2208 171 38 voyage
358 2204 41 30 et
422 2204 171 31 surtout
614 2197 61 39 les
696 2197 131 51 longs
855 2201 240 38 entretiens
1128 2207 56 34 où
1208 2201 116 40 leurs
1345 2202 151 51 jeunes
1517 2206 122 37 âmes
1678 2205 199 42 s'étaient
1917 2218 218 32 ouvertes.

151 2274 19 26 ((
194 2261 208 41 N'oublie
423 2277 94 37 pas,
562 2265 104 39 écrit
690 2264 212 41 Flandrin
946 2272 21 34 à
1007 2281 80 26 son
1122 2270 104 45 ami,
1249 2282 46 26 ce
1334 2284 84 37 que
1457 2284 112 26 nous
1599 2286 112 26 nous
1741 2287 193 28 sommes
1969 2280 169 48 promis

148 2342 19 26 ((
189 2330 111 51 jadis
319 2330 111 39 dans
452 2344 47 25 ce
519 2331 154 40 lieu-là
696 2331 26 52 (1
743 2347 169 27 avenue
934 2335 52 40 de
1009 2336 315 52 peupliers.qui
1341 2352 51 25 va
1417 2339 53 39 de
1487 2338 256 55 Chambéry
1767 2346 21 35 à
1806 2341 330 56 Montmélian),

149 2410 18 26 ((
193 2407 40 30 et
254 2399 37 38 le
329 2397 203 41 bonheur
571 2413 84 38 que
678 2413 112 28 nous
812 2404 173 38 rêvions
1009 2405 34 37 si
1075 2418 82 26 nos
1187 2418 128 26 noms
1338 2409 240 47 pouvaient
1600 2409 99 51 plus
1736 2410 94 39 tard
1854 2413 124 38 avoir
2013 2414 100 50 quel-

150 2478 20 26 ((
191 2480 85 37 que
298 2467 125 46 éclat,
447 2468 34 37 si
503 2481 113 26 nous
633 2470 219 49 pouvions
871 2469 134 49 enfin,
1026 2473 58 38 toi
1108 2486 171 26 comme
1299 2475 230 49 musicien,
1544 2477 90 38 moi
1651 2490 172 27 comme
1839 2481 184 48 peintre,
2049 2486 66 35 rné-

151 2546 20 26 ((
197 2536 102 37 riter
321 2549 58 25 un
403 2535 98 51 jour
517 2536 192 51 quelque
734 2539 170 38 estime.
930 2538 66 40 Tu
1020 2540 137 39 disais
1193 2541 106 47 cela,
1340 2550 40 31 et
1403 2544 89 38 moi
1516 2540 55 54 j'y
1595 2544 331 51 applaudissais
1951 2562 8 32 ;
1981 2548 29 39 il
2042 2548 94 40 faut

150 2614 19 25 «
196 2615 112 26 nous
330 2602 39 39 le
405 2602 141 40 redire
570 2617 173 34 encore,
779 2620 72 24 car
873 2615 108 31 cette
1004 2609 234 38 excitation
1259 2619 64 29 est
1362 2609 161 40 bonne.
1559 2622 21 26 ))
1602 2611 55 39 Et
1693 2611 198 42 Thomas
1934 2617 166 50 répond
2124 2631 7 24 :

148 2681 19 27 ((
192 2669 70 40 Ah
285 2674 5 35 !
318 2684 81 26 nos
418 2685 129 26 vœux
564 2681 40 30 et
623 2686 80 26 nos
739 2678 261 46 espérances
1024 2675 163 40 d'alors
1214 2680 5 35 !
1248 2675 97 51 Que
1367 2677 54 38 de
1446 2677 84 40 fois
1566 2691 54 25 ne
1656 2679 62 39 les
1761 2693 272 28 avons-nous
2058 2697 77 36 pas

150 2749 20 27 ((
195 2739 258 39 renouvelés
477 2744 20 34 à
528 2739 157 50 Rome,
710 2754 75 26 sur
811 2741 38 39 le
884 2741 170 48 Pincio,
1082 2747 21 35 à
1128 2743 166 40 l'heure
1329 2744 52 39 de
1399 2743 23 39 Y
1426 2743 91 41 Ave
1535 2743 159 47 Maria,
1718 2759 55 26 ou
1798 2747 37 39 le
1856 2750 104 48 soir,
1987 2762 75 27 sur
2097 2751 39 39 le

147 2816 19 27 ((
191 2807 77 37 toit
284 2806 53 38 de
360 2806 39 38 la
423 2805 148 40 bonne
592 2806 133 40 Villa.
748 2818 19 26 ))
790 2806 151 51 Ingres
963 2821 44 26 se
1041 2812 190 37 trouvait
1249 2811 117 38 alors
1381 2815 21 34 à
1428 2811 144 40 Rome
1592 2823 8 37 ;
1620 2818 86 34 très
1729 2814 208 48 sensible,
1963 2830 170 26 comme

146 2886 55 26 on
223 2874 97 46 sait,
343 2877 22 34 à
387 2873 38 39 la
451 2876 220 48 musique,
697 2874 28 39 il
744 2872 248 43 s'intéressa
1014 2877 221 40 vivement
1256 2881 21 35 à
1298 2877 237 42 Ambroise
1567 2879 197 42 Thomas
1787 2897 6 24 :
1820 2883 28 38 il
1887 2888 248 47 partageait

145 2954 80 26 son
256 2946 109 44 goût
388 2954 111 37 pour
527 2941 61 39 les
621 2941 260 52 classiques,
906 2942 186 52 Mozart,
1127 2944 270 45 Beethoven,
1439 2945 142 42 Gluck
1620 2958 40 31 et
1696 2949 182 41 Weber.
1919 2951 38 41 A
1988 2952 143 49 Paris,

145 3008 198 40 Thomas
381 3011 115 38 avait
531 3009 96 52 déjà
668 3023 51 27 eu
754 3010 206 50 l'insigne
992 3011 204 42 honneur
1223 3011 135 43 d'être
1392 3020 203 46 présenté
1630 3020 21 36 à
1700 3016 320 45 Mendelssohn
2055 3037 79 36 par

143 3076 261 41 Cherubini,
442 3077 219 40 directeur
701 3078 57 39 du
783 3077 343 42 Conservatoire
1151 3093 8 34 ;
1181 3082 28 38 il
1235 3084 116 38 avait
1384 3085 119 38 aussi
1544 3083 78 41 fait
1654 3085 39 39 la
1732 3089 317 39 connaissance
2082 3091 52 38 de

143 3143 193 53 Chopin,
359 3145 105 40 dont
484 3145 27 40 il
536 3147 151 38 aimait
708 3145 229 52 beaucoup
962 3147 62 40 les
1056 3162 188 27 œuvres.
1270 3149 115 41 Tout
1426 3154 199 47 souriait,
1660 3166 172 28 comme
1870 3169 57 25 on
1948 3159 105 39 voit,
2078 3172 53 25 au

144 3213 126 51 jeune
284 3215 151 38 artiste
459 3224 9 38 ;
491 3227 85 26 une
598 3211 296 42 bienfaisante
917 3217 163 45 amitié,
1106 3217 53 40 de
1181 3220 249 49 précieuses
1462 3220 225 47 relations,
1714 3220 184 41 l'estime
1921 3231 40 30 et
1980 3223 131 52 l'espé-

144 3294 128 26 rance
295 3282 302 46 universelles,
622 3283 77 39 des
723 3288 149 33 succès
896 3283 207 41 scolaires
1126 3286 361 52 ininterrompus,
1512 3301 85 37 que
1618 3297 103 42 peut
1738 3293 121 35 rêver
1878 3290 53 39 de
1953 3290 100 52 plus
2074 3306 58 25 un

146 3353 141 35 récent
306 3349 166 40 lauréat
494 3349 101 40 ?La
618 3350 141 50 gloire
797 3350 59 39 du
894 3350 183 49 théâtre,
1103 3361 40 31 et
1179 3353 206 41 l'lnstitut
1408 3368 112 38 pour
1549 3368 68 27 ses
1663 3357 127 40 vieux
1813 3358 135 51 jours.
1991 3358 31 40 Il
2065 3359 63 42 fut

143 3417 146 40 donné
313 3421 21 34 à
358 3416 236 41 Ambroise
614 3417 198 41 Thomas
830 3418 55 39 de
906 3419 179 39 réaliser
1107 3434 45 26 ce
1171 3435 302 37 programme.

254 3501 44 34 R.
330 3501 49 32 M.

1984 3508 38 36 l
2021 3508 1 36 8

215 586 60 36 N°
304 586 27 36 7
364 586 268 46 (troisième
652 585 169 47 année)

1991 583 106 36 1903.

1064 583 17 35 l
1087 589 32 21 er
1139 583 146 35 Juillet
