<?xml version="1.0" encoding="UTF-8"?>
<alto xmlns:xsi="http://www.w3.org/2001/XMLSchema-instance" xmlns="http://www.loc.gov/standards/alto/ns-v2#" xsi:schemaLocation="http://www.loc.gov/standards/alto/ns-v2# http://www.loc.gov/standards/alto/alto-v2.0.xsd" xmlns:xlink="http://www.w3.org/1999/xlink">
	<Description>
		<MeasurementUnit>mm10</MeasurementUnit>
		<sourceImageInformation>
			<fileName>//fileserver7/IN2/Princeton/Batch5/bmtnabi/1860/04/14_01/00000132.tif</fileName>
		</sourceImageInformation>
		<OCRProcessing ID="OCRPROCESSING_1">
			<preProcessingStep>
				<processingSoftware>
					<softwareCreator>CCS Content Conversion Specialists GmbH, Germany</softwareCreator>
					<softwareName>CCS docWORKS</softwareName>
					<softwareVersion>6.6-1.18</softwareVersion>
				</processingSoftware>
			</preProcessingStep>
			<ocrProcessingStep>
				<processingSoftware>
					<softwareCreator>ABBYY (BIT Software), Russia</softwareCreator>
					<softwareName>FineReader</softwareName>
					<softwareVersion>10.0</softwareVersion>
				</processingSoftware>
			</ocrProcessingStep>
		</OCRProcessing>
	</Description>
	<Styles>
		<TextStyle ID="TXT_0" FONTSIZE="18" FONTFAMILY="Times New Roman" FONTSTYLE="bold"/>
		<TextStyle ID="TXT_1" FONTSIZE="15" FONTFAMILY="Times New Roman"/>
		<ParagraphStyle ID="PAR_CENTER" ALIGN="Center"/>
		<ParagraphStyle ID="PAR_LEFT" ALIGN="Left"/>
		<ParagraphStyle ID="PAR_BLOCK" ALIGN="Block"/>
	</Styles>
	<Layout>
		<Page ID="P2" PHYSICAL_IMG_NR="2" HEIGHT="4389" WIDTH="3482" PRINTED_IMG_NR="122" PC="0.947">
			<TopMargin ID="P2_TM00001" HPOS="0" VPOS="0" WIDTH="3482" HEIGHT="258">
				<TextBlock ID="P2_TB00001" HPOS="1697" VPOS="207" WIDTH="101" HEIGHT="49" STYLEREFS="TXT_0 PAR_CENTER">
					<TextLine ID="P2_TL00001" HPOS="1698" VPOS="207" WIDTH="100" HEIGHT="48">
						<String ID="P2_ST00001" HPOS="1698" VPOS="207" WIDTH="100" HEIGHT="48" CONTENT="122" WC="0.44" CC="456"/>
					</TextLine>
				</TextBlock>
			</TopMargin>
			<LeftMargin ID="P2_LM00001" HPOS="0" VPOS="258" WIDTH="184" HEIGHT="3906"/>
			<RightMargin ID="P2_RM00001" HPOS="3299" VPOS="258" WIDTH="183" HEIGHT="3906"/>
			<BottomMargin ID="P2_BM00001" HPOS="0" VPOS="4164" WIDTH="3482" HEIGHT="225"/>
			<PrintSpace ID="P2_PS00001" HPOS="184" VPOS="258" WIDTH="3115" HEIGHT="3906">
				<TextBlock ID="P2_TB00002" HPOS="184" VPOS="342" WIDTH="1530" HEIGHT="3815" STYLEREFS="TXT_1 PAR_LEFT">
					<TextLine ID="P2_TL00002" HPOS="208" VPOS="345" WIDTH="1500" HEIGHT="67">
						<String ID="P2_ST00002" HPOS="208" VPOS="349" WIDTH="178" HEIGHT="53" CONTENT="nenden" SUBS_TYPE="HypPart2" SUBS_CONTENT="erscheinenden" WC="0.71" CC="607003"/>
						<SP ID="P2_SP00001" HPOS="386" VPOS="402" WIDTH="35"/>
						<String ID="P2_ST00003" HPOS="421" VPOS="350" WIDTH="191" HEIGHT="62" CONTENT="Zeitung" WC="0.98" CC="6504448"/>
						<SP ID="P2_SP00002" HPOS="612" VPOS="412" WIDTH="38"/>
						<String ID="P2_ST00004" HPOS="650" VPOS="345" WIDTH="268" HEIGHT="66" CONTENT="abgegeben" WC="0.99" CC="070390300"/>
						<SP ID="P2_SP00003" HPOS="918" VPOS="412" WIDTH="38"/>
						<String ID="P2_ST00005" HPOS="956" VPOS="364" WIDTH="55" HEIGHT="33" CONTENT="zu" WC="0.71" CC="50"/>
						<SP ID="P2_SP00004" HPOS="1011" VPOS="412" WIDTH="39"/>
						<String ID="P2_ST00006" HPOS="1050" VPOS="346" WIDTH="150" HEIGHT="51" CONTENT="haben" WC="0.96" CC="73861"/>
						<SP ID="P2_SP00005" HPOS="1200" VPOS="412" WIDTH="41"/>
						<String ID="P2_ST00007" HPOS="1241" VPOS="348" WIDTH="182" HEIGHT="49" CONTENT="scheint." WC="0.99" CC="40500600"/>
						<SP ID="P2_SP00006" HPOS="1423" VPOS="412" WIDTH="56"/>
						<String ID="P2_ST00008" HPOS="1479" VPOS="348" WIDTH="76" HEIGHT="47" CONTENT="Ich" WC="0.95" CC="435"/>
						<SP ID="P2_SP00007" HPOS="1555" VPOS="412" WIDTH="42"/>
						<String ID="P2_ST00009" HPOS="1597" VPOS="346" WIDTH="111" HEIGHT="65" CONTENT="füge" WC="0.99" CC="3000"/>
					</TextLine>
					<TextLine ID="P2_TL00003" HPOS="208" VPOS="421" WIDTH="1499" HEIGHT="68">
						<String ID="P2_ST00010" HPOS="208" VPOS="426" WIDTH="207" HEIGHT="50" CONTENT="desshalb" WC="0.92" CC="00005001"/>
						<SP ID="P2_SP00008" HPOS="415" VPOS="476" WIDTH="47"/>
						<String ID="P2_ST00011" HPOS="462" VPOS="442" WIDTH="86" HEIGHT="33" CONTENT="nur" WC="0.99" CC="020"/>
						<SP ID="P2_SP00009" HPOS="548" VPOS="476" WIDTH="37"/>
						<String ID="P2_ST00012" HPOS="585" VPOS="423" WIDTH="162" HEIGHT="64" CONTENT="einige," WC="0.99" CC="0026006"/>
						<SP ID="P2_SP00010" HPOS="747" VPOS="487" WIDTH="40"/>
						<String ID="P2_ST00013" HPOS="787" VPOS="423" WIDTH="70" HEIGHT="49" CONTENT="die" WC="0.98" CC="040"/>
						<SP ID="P2_SP00011" HPOS="857" VPOS="487" WIDTH="39"/>
						<String ID="P2_ST00014" HPOS="896" VPOS="423" WIDTH="169" HEIGHT="64" CONTENT="hiesige" WC="1.00" CC="6000000"/>
						<SP ID="P2_SP00012" HPOS="1065" VPOS="487" WIDTH="27"/>
						<String ID="P2_ST00015" HPOS="1092" VPOS="424" WIDTH="301" HEIGHT="65" CONTENT="Aufführung" WC="0.99" CC="0540060059"/>
						<SP ID="P2_SP00013" HPOS="1393" VPOS="489" WIDTH="33"/>
						<String ID="P2_ST00016" HPOS="1426" VPOS="421" WIDTH="281" HEIGHT="51" CONTENT="betreffende" WC="0.99" CC="70000440080"/>
					</TextLine>
					<TextLine ID="P2_TL00004" HPOS="208" VPOS="500" WIDTH="523" HEIGHT="65">
						<String ID="P2_ST00017" HPOS="208" VPOS="503" WIDTH="348" HEIGHT="62" CONTENT="Bemerkungen" WC="0.99" CC="50703005002"/>
						<SP ID="P2_SP00014" HPOS="556" VPOS="565" WIDTH="28"/>
						<String ID="P2_ST00018" HPOS="584" VPOS="500" WIDTH="147" HEIGHT="47" CONTENT="hinzu." WC="0.99" CC="620004"/>
					</TextLine>
					<TextLine ID="P2_TL00005" HPOS="316" VPOS="574" WIDTH="1393" HEIGHT="65">
						<String ID="P2_ST00019" HPOS="316" VPOS="578" WIDTH="86" HEIGHT="48" CONTENT="Die" WC="0.98" CC="400"/>
						<SP ID="P2_SP00015" HPOS="402" VPOS="626" WIDTH="27"/>
						<String ID="P2_ST00020" HPOS="429" VPOS="576" WIDTH="108" HEIGHT="49" CONTENT="Arie" WC="0.99" CC="0300"/>
						<SP ID="P2_SP00016" HPOS="537" VPOS="626" WIDTH="29"/>
						<String ID="P2_ST00021" HPOS="566" VPOS="574" WIDTH="78" HEIGHT="48" CONTENT="des" WC="1.00" CC="000"/>
						<SP ID="P2_SP00017" HPOS="644" VPOS="626" WIDTH="26"/>
						<String ID="P2_ST00022" HPOS="670" VPOS="575" WIDTH="141" HEIGHT="48" CONTENT="Hoel:" WC="0.78" CC="14202"/>
						<SP ID="P2_SP00018" HPOS="811" VPOS="626" WIDTH="45"/>
						<String ID="P2_ST00023" HPOS="856" VPOS="574" WIDTH="251" HEIGHT="65" CONTENT="„Mächtige" WC="1.00" CC="200036000"/>
						<SP ID="P2_SP00019" HPOS="1107" VPOS="639" WIDTH="27"/>
						<String ID="P2_ST00024" HPOS="1134" VPOS="576" WIDTH="150" HEIGHT="49" CONTENT="Kunst" WC="1.00" CC="00002"/>
						<SP ID="P2_SP00020" HPOS="1284" VPOS="639" WIDTH="26"/>
						<String ID="P2_ST00025" HPOS="1310" VPOS="575" WIDTH="82" HEIGHT="48" CONTENT="der" WC="0.98" CC="004"/>
						<SP ID="P2_SP00021" HPOS="1392" VPOS="639" WIDTH="28"/>
						<String ID="P2_ST00026" HPOS="1420" VPOS="574" WIDTH="205" HEIGHT="65" CONTENT='Magie",' WC="1.00" CC="0000040"/>
						<SP ID="P2_SP00022" HPOS="1625" VPOS="639" WIDTH="28"/>
						<String ID="P2_ST00027" HPOS="1653" VPOS="574" WIDTH="56" HEIGHT="48" CONTENT="ist" WC="0.99" CC="002"/>
					</TextLine>
					<TextLine ID="P2_TL00006" HPOS="208" VPOS="650" WIDTH="1499" HEIGHT="66">
						<String ID="P2_ST00028" HPOS="208" VPOS="651" WIDTH="204" HEIGHT="50" CONTENT="{liessend" WC="0.56" CC="565776000"/>
						<SP ID="P2_SP00023" HPOS="412" VPOS="701" WIDTH="26"/>
						<String ID="P2_ST00029" HPOS="438" VPOS="651" WIDTH="93" HEIGHT="48" CONTENT="und" WC="0.99" CC="300"/>
						<SP ID="P2_SP00024" HPOS="531" VPOS="701" WIDTH="29"/>
						<String ID="P2_ST00030" HPOS="560" VPOS="651" WIDTH="75" HEIGHT="47" CONTENT="für" WC="0.97" CC="303"/>
						<SP ID="P2_SP00025" HPOS="635" VPOS="701" WIDTH="21"/>
						<String ID="P2_ST00031" HPOS="656" VPOS="651" WIDTH="85" HEIGHT="48" CONTENT="den" WC="0.99" CC="003"/>
						<SP ID="P2_SP00026" HPOS="741" VPOS="701" WIDTH="23"/>
						<String ID="P2_ST00032" HPOS="764" VPOS="650" WIDTH="268" HEIGHT="65" CONTENT="gewandten" WC="0.99" CC="000050305"/>
						<SP ID="P2_SP00027" HPOS="1032" VPOS="715" WIDTH="23"/>
						<String ID="P2_ST00033" HPOS="1055" VPOS="652" WIDTH="174" HEIGHT="64" CONTENT="Sänger" WC="0.99" CC="305000"/>
						<SP ID="P2_SP00028" HPOS="1229" VPOS="716" WIDTH="23"/>
						<String ID="P2_ST00034" HPOS="1252" VPOS="651" WIDTH="206" HEIGHT="50" CONTENT="dankbar" WC="0.99" CC="0000504"/>
						<SP ID="P2_SP00029" HPOS="1458" VPOS="716" WIDTH="24"/>
						<String ID="P2_ST00035" HPOS="1482" VPOS="650" WIDTH="200" HEIGHT="65" CONTENT="geschrie" SUBS_TYPE="HypPart1" SUBS_CONTENT="geschrieben," WC="1.00" CC="00200000"/>
						<HYP HPOS="1682" VPOS="650" WIDTH="25" CONTENT="-"/>
					</TextLine>
					<TextLine ID="P2_TL00007" HPOS="199" VPOS="725" WIDTH="1509" HEIGHT="66">
						<String ID="P2_ST00036" HPOS="199" VPOS="740" WIDTH="107" HEIGHT="48" CONTENT="ben," SUBS_TYPE="HypPart2" SUBS_CONTENT="geschrieben," WC="0.95" CC="8376"/>
						<SP ID="P2_SP00030" HPOS="306" VPOS="788" WIDTH="28"/>
						<String ID="P2_ST00037" HPOS="334" VPOS="727" WIDTH="200" HEIGHT="51" CONTENT="erinnert" WC="0.99" CC="02257034"/>
						<SP ID="P2_SP00031" HPOS="534" VPOS="788" WIDTH="27"/>
						<String ID="P2_ST00038" HPOS="561" VPOS="743" WIDTH="56" HEIGHT="33" CONTENT="an" WC="0.83" CC="30"/>
						<SP ID="P2_SP00032" HPOS="617" VPOS="788" WIDTH="27"/>
						<String ID="P2_ST00039" HPOS="644" VPOS="726" WIDTH="247" HEIGHT="65" CONTENT="Lortzing's" WC="0.55" CC="6546400906"/>
						<SP ID="P2_SP00033" HPOS="891" VPOS="791" WIDTH="28"/>
						<String ID="P2_ST00040" HPOS="919" VPOS="726" WIDTH="95" HEIGHT="48" CONTENT="Stil." WC="0.99" CC="00304"/>
						<SP ID="P2_SP00034" HPOS="1014" VPOS="791" WIDTH="54"/>
						<String ID="P2_ST00041" HPOS="1068" VPOS="729" WIDTH="124" HEIGHT="45" CONTENT="Herr" WC="0.97" CC="4070"/>
						<SP ID="P2_SP00035" HPOS="1192" VPOS="791" WIDTH="27"/>
						<String ID="P2_ST00042" HPOS="1219" VPOS="727" WIDTH="155" HEIGHT="49" CONTENT="Simon" WC="0.98" CC="20460"/>
						<SP ID="P2_SP00036" HPOS="1374" VPOS="791" WIDTH="28"/>
						<String ID="P2_ST00043" HPOS="1402" VPOS="727" WIDTH="57" HEIGHT="49" CONTENT="ist" WC="0.99" CC="002"/>
						<SP ID="P2_SP00037" HPOS="1459" VPOS="791" WIDTH="25"/>
						<String ID="P2_ST00044" HPOS="1484" VPOS="743" WIDTH="115" HEIGHT="48" CONTENT="ganz" WC="0.95" CC="9057"/>
						<SP ID="P2_SP00038" HPOS="1599" VPOS="791" WIDTH="28"/>
						<String ID="P2_ST00045" HPOS="1627" VPOS="725" WIDTH="81" HEIGHT="49" CONTENT="der" WC="0.98" CC="005"/>
					</TextLine>
					<TextLine ID="P2_TL00008" HPOS="200" VPOS="804" WIDTH="1504" HEIGHT="64">
						<String ID="P2_ST00046" HPOS="200" VPOS="807" WIDTH="190" HEIGHT="61" CONTENT="Sänger," WC="1.00" CC="2000000"/>
						<SP ID="P2_SP00039" HPOS="390" VPOS="868" WIDTH="28"/>
						<String ID="P2_ST00047" HPOS="418" VPOS="805" WIDTH="90" HEIGHT="47" CONTENT="sich" WC="0.99" CC="0005"/>
						<SP ID="P2_SP00040" HPOS="508" VPOS="868" WIDTH="30"/>
						<String ID="P2_ST00048" HPOS="538" VPOS="804" WIDTH="98" HEIGHT="47" CONTENT="hier" WC="0.99" CC="4000"/>
						<SP ID="P2_SP00041" HPOS="636" VPOS="868" WIDTH="25"/>
						<String ID="P2_ST00049" HPOS="661" VPOS="804" WIDTH="86" HEIGHT="48" CONTENT="den" WC="0.98" CC="005"/>
						<SP ID="P2_SP00042" HPOS="747" VPOS="868" WIDTH="22"/>
						<String ID="P2_ST00050" HPOS="769" VPOS="810" WIDTH="146" HEIGHT="41" CONTENT="ersten" WC="0.99" CC="042000"/>
						<SP ID="P2_SP00043" HPOS="915" VPOS="868" WIDTH="22"/>
						<String ID="P2_ST00051" HPOS="937" VPOS="804" WIDTH="156" HEIGHT="48" CONTENT="Beifall" WC="0.99" CC="3044004"/>
						<SP ID="P2_SP00044" HPOS="1093" VPOS="868" WIDTH="24"/>
						<String ID="P2_ST00052" HPOS="1117" VPOS="820" WIDTH="73" HEIGHT="32" CONTENT="am" WC="0.77" CC="04"/>
						<SP ID="P2_SP00045" HPOS="1190" VPOS="868" WIDTH="15"/>
						<String ID="P2_ST00053" HPOS="1205" VPOS="804" WIDTH="193" HEIGHT="48" CONTENT="Abende" WC="1.00" CC="050000"/>
						<SP ID="P2_SP00046" HPOS="1398" VPOS="868" WIDTH="22"/>
						<String ID="P2_ST00054" HPOS="1420" VPOS="821" WIDTH="54" HEIGHT="31" CONTENT="zu" WC="0.74" CC="31"/>
						<SP ID="P2_SP00047" HPOS="1474" VPOS="868" WIDTH="22"/>
						<String ID="P2_ST00055" HPOS="1496" VPOS="804" WIDTH="208" HEIGHT="48" CONTENT="erobern." WC="1.00" CC="01030004"/>
					</TextLine>
					<TextLine ID="P2_TL00009" HPOS="199" VPOS="879" WIDTH="1505" HEIGHT="66">
						<String ID="P2_ST00056" HPOS="199" VPOS="881" WIDTH="88" HEIGHT="48" CONTENT="Die" WC="0.97" CC="620"/>
						<SP ID="P2_SP00048" HPOS="287" VPOS="929" WIDTH="26"/>
						<String ID="P2_ST00057" HPOS="313" VPOS="881" WIDTH="46" HEIGHT="48" CONTENT="in" WC="0.58" CC="35"/>
						<SP ID="P2_SP00049" HPOS="359" VPOS="929" WIDTH="27"/>
						<String ID="P2_ST00058" HPOS="386" VPOS="880" WIDTH="80" HEIGHT="48" CONTENT="der" WC="0.96" CC="702"/>
						<SP ID="P2_SP00050" HPOS="466" VPOS="929" WIDTH="28"/>
						<String ID="P2_ST00059" HPOS="494" VPOS="880" WIDTH="127" HEIGHT="63" CONTENT="Oper" WC="1.00" CC="0001"/>
						<SP ID="P2_SP00051" HPOS="621" VPOS="943" WIDTH="25"/>
						<String ID="P2_ST00060" HPOS="646" VPOS="896" WIDTH="55" HEIGHT="31" CONTENT="zu" WC="0.67" CC="60"/>
						<SP ID="P2_SP00052" HPOS="701" VPOS="943" WIDTH="28"/>
						<String ID="P2_ST00061" HPOS="729" VPOS="879" WIDTH="231" HEIGHT="48" CONTENT="Oefterem" WC="0.90" CC="00060000"/>
						<SP ID="P2_SP00053" HPOS="960" VPOS="943" WIDTH="28"/>
						<String ID="P2_ST00062" HPOS="988" VPOS="880" WIDTH="385" HEIGHT="48" CONTENT="vorkommenden" WC="1.00" CC="012023265000"/>
						<SP ID="P2_SP00054" HPOS="1373" VPOS="943" WIDTH="22"/>
						<String ID="P2_ST00063" HPOS="1395" VPOS="881" WIDTH="171" HEIGHT="64" CONTENT="langen" WC="1.00" CC="000000"/>
						<SP ID="P2_SP00055" HPOS="1566" VPOS="945" WIDTH="28"/>
						<String ID="P2_ST00064" HPOS="1594" VPOS="880" WIDTH="83" HEIGHT="48" CONTENT="Dia" SUBS_TYPE="HypPart1" SUBS_CONTENT="Dialoge" WC="1.00" CC="000"/>
						<HYP HPOS="1677" VPOS="880" WIDTH="27" CONTENT="-"/>
					</TextLine>
					<TextLine ID="P2_TL00010" HPOS="202" VPOS="955" WIDTH="1503" HEIGHT="66">
						<String ID="P2_ST00065" HPOS="202" VPOS="959" WIDTH="104" HEIGHT="62" CONTENT="loge" SUBS_TYPE="HypPart2" SUBS_CONTENT="Dialoge" WC="0.98" CC="2500"/>
						<SP ID="P2_SP00056" HPOS="306" VPOS="1021" WIDTH="29"/>
						<String ID="P2_ST00066" HPOS="335" VPOS="956" WIDTH="196" HEIGHT="48" CONTENT="könnten" WC="0.99" CC="0644000"/>
						<SP ID="P2_SP00057" HPOS="531" VPOS="1021" WIDTH="29"/>
						<String ID="P2_ST00067" HPOS="560" VPOS="971" WIDTH="82" HEIGHT="32" CONTENT="von" WC="1.00" CC="000"/>
						<SP ID="P2_SP00058" HPOS="642" VPOS="1021" WIDTH="30"/>
						<String ID="P2_ST00068" HPOS="672" VPOS="955" WIDTH="152" HEIGHT="47" CONTENT="Fräul." WC="0.79" CC="520040"/>
						<SP ID="P2_SP00059" HPOS="824" VPOS="1021" WIDTH="30"/>
						<String ID="P2_ST00069" HPOS="854" VPOS="955" WIDTH="157" HEIGHT="65" CONTENT="Typka" WC="0.91" CC="00004"/>
						<SP ID="P2_SP00060" HPOS="1011" VPOS="1021" WIDTH="28"/>
						<String ID="P2_ST00070" HPOS="1039" VPOS="955" WIDTH="92" HEIGHT="48" CONTENT="und" WC="0.97" CC="350"/>
						<SP ID="P2_SP00061" HPOS="1131" VPOS="1021" WIDTH="27"/>
						<String ID="P2_ST00071" HPOS="1158" VPOS="957" WIDTH="152" HEIGHT="47" CONTENT="Herrn" WC="0.98" CC="10248"/>
						<SP ID="P2_SP00062" HPOS="1310" VPOS="1021" WIDTH="31"/>
						<String ID="P2_ST00072" HPOS="1341" VPOS="957" WIDTH="155" HEIGHT="49" CONTENT="Simon" WC="0.99" CC="50030"/>
						<SP ID="P2_SP00063" HPOS="1496" VPOS="1021" WIDTH="29"/>
						<String ID="P2_ST00073" HPOS="1525" VPOS="956" WIDTH="150" HEIGHT="48" CONTENT="drama" SUBS_TYPE="HypPart1" SUBS_CONTENT="dramatisch" WC="1.00" CC="00003"/>
						<HYP HPOS="1675" VPOS="956" WIDTH="30" CONTENT="-"/>
					</TextLine>
					<TextLine ID="P2_TL00011" HPOS="202" VPOS="1030" WIDTH="1502" HEIGHT="64">
						<String ID="P2_ST00074" HPOS="202" VPOS="1032" WIDTH="110" HEIGHT="48" CONTENT="tisch" SUBS_TYPE="HypPart2" SUBS_CONTENT="dramatisch" WC="1.00" CC="00000"/>
						<SP ID="P2_SP00064" HPOS="312" VPOS="1080" WIDTH="27"/>
						<String ID="P2_ST00075" HPOS="339" VPOS="1030" WIDTH="263" HEIGHT="64" CONTENT="lebendiger" WC="0.99" CC="4020080006"/>
						<SP ID="P2_SP00065" HPOS="602" VPOS="1094" WIDTH="26"/>
						<String ID="P2_ST00076" HPOS="628" VPOS="1030" WIDTH="244" HEIGHT="48" CONTENT="behandelt" WC="0.99" CC="606038050"/>
						<SP ID="P2_SP00066" HPOS="872" VPOS="1094" WIDTH="19"/>
						<String ID="P2_ST00077" HPOS="891" VPOS="1031" WIDTH="200" HEIGHT="48" CONTENT="werden." WC="1.00" CC="0020050"/>
						<SP ID="P2_SP00067" HPOS="1091" VPOS="1094" WIDTH="29"/>
						<String ID="P2_ST00078" HPOS="1120" VPOS="1033" WIDTH="123" HEIGHT="46" CONTENT="Herr" WC="0.97" CC="4033"/>
						<SP ID="P2_SP00068" HPOS="1243" VPOS="1094" WIDTH="15"/>
						<String ID="P2_ST00079" HPOS="1258" VPOS="1032" WIDTH="247" HEIGHT="48" CONTENT="Schneider" WC="1.00" CC="004005003"/>
						<SP ID="P2_SP00069" HPOS="1505" VPOS="1094" WIDTH="28"/>
						<String ID="P2_ST00080" HPOS="1533" VPOS="1031" WIDTH="143" HEIGHT="48" CONTENT="behan" SUBS_TYPE="HypPart1" SUBS_CONTENT="behandelt" WC="0.99" CC="30630"/>
						<HYP HPOS="1676" VPOS="1031" WIDTH="28" CONTENT="-"/>
					</TextLine>
					<TextLine ID="P2_TL00012" HPOS="198" VPOS="1106" WIDTH="1506" HEIGHT="67">
						<String ID="P2_ST00081" HPOS="198" VPOS="1107" WIDTH="90" HEIGHT="50" CONTENT="delt" SUBS_TYPE="HypPart2" SUBS_CONTENT="behandelt" WC="0.97" CC="0245"/>
						<SP ID="P2_SP00070" HPOS="288" VPOS="1157" WIDTH="28"/>
						<String ID="P2_ST00082" HPOS="316" VPOS="1106" WIDTH="116" HEIGHT="48" CONTENT="auch" WC="0.97" CC="5505"/>
						<SP ID="P2_SP00071" HPOS="432" VPOS="1157" WIDTH="30"/>
						<String ID="P2_ST00083" HPOS="462" VPOS="1106" WIDTH="142" HEIGHT="49" CONTENT="hierin" WC="0.99" CC="300300"/>
						<SP ID="P2_SP00072" HPOS="604" VPOS="1157" WIDTH="29"/>
						<String ID="P2_ST00084" HPOS="633" VPOS="1107" WIDTH="153" HEIGHT="48" CONTENT="seinen" WC="1.00" CC="200003"/>
						<SP ID="P2_SP00073" HPOS="786" VPOS="1157" WIDTH="27"/>
						<String ID="P2_ST00085" HPOS="813" VPOS="1106" WIDTH="94" HEIGHT="49" CONTENT="ihm" WC="0.96" CC="261"/>
						<SP ID="P2_SP00074" HPOS="907" VPOS="1157" WIDTH="21"/>
						<String ID="P2_ST00086" HPOS="928" VPOS="1108" WIDTH="344" HEIGHT="65" CONTENT="zugewiesenen" WC="0.99" CC="569050120305"/>
						<SP ID="P2_SP00075" HPOS="1272" VPOS="1173" WIDTH="24"/>
						<String ID="P2_ST00087" HPOS="1296" VPOS="1108" WIDTH="127" HEIGHT="49" CONTENT="Theil" WC="0.79" CC="07003"/>
						<SP ID="P2_SP00076" HPOS="1423" VPOS="1173" WIDTH="25"/>
						<String ID="P2_ST00088" HPOS="1448" VPOS="1107" WIDTH="256" HEIGHT="50" CONTENT="bedeutend" WC="1.00" CC="600000030"/>
					</TextLine>
					<TextLine ID="P2_TL00013" HPOS="199" VPOS="1182" WIDTH="281" HEIGHT="50">
						<String ID="P2_ST00089" HPOS="199" VPOS="1182" WIDTH="281" HEIGHT="50" CONTENT="wirksamer." WC="0.99" CC="8051707033"/>
					</TextLine>
					<TextLine ID="P2_TL00014" HPOS="315" VPOS="1258" WIDTH="1392" HEIGHT="65">
						<String ID="P2_ST00090" HPOS="315" VPOS="1260" WIDTH="204" HEIGHT="63" CONTENT="Originel" WC="0.84" CC="55000100"/>
						<SP ID="P2_SP00077" HPOS="519" VPOS="1323" WIDTH="40"/>
						<String ID="P2_ST00091" HPOS="559" VPOS="1260" WIDTH="54" HEIGHT="47" CONTENT="ist" WC="0.99" CC="001"/>
						<SP ID="P2_SP00078" HPOS="613" VPOS="1323" WIDTH="26"/>
						<String ID="P2_ST00092" HPOS="639" VPOS="1258" WIDTH="69" HEIGHT="49" CONTENT="die" WC="0.98" CC="040"/>
						<SP ID="P2_SP00079" HPOS="708" VPOS="1323" WIDTH="28"/>
						<String ID="P2_ST00093" HPOS="736" VPOS="1258" WIDTH="306" HEIGHT="65" CONTENT="Composition" WC="0.62" CC="70405304636"/>
						<SP ID="P2_SP00080" HPOS="1042" VPOS="1323" WIDTH="28"/>
						<String ID="P2_ST00094" HPOS="1070" VPOS="1260" WIDTH="77" HEIGHT="48" CONTENT="des" WC="0.97" CC="700"/>
						<SP ID="P2_SP00081" HPOS="1147" VPOS="1323" WIDTH="40"/>
						<String ID="P2_ST00095" HPOS="1187" VPOS="1261" WIDTH="135" HEIGHT="57" CONTENT="„Auf," WC="0.99" CC="04003"/>
						<SP ID="P2_SP00082" HPOS="1322" VPOS="1323" WIDTH="30"/>
						<String ID="P2_ST00096" HPOS="1352" VPOS="1261" WIDTH="256" HEIGHT="57" CONTENT="entweicht," WC="1.00" CC="0400000404"/>
						<SP ID="P2_SP00083" HPOS="1608" VPOS="1323" WIDTH="28"/>
						<String ID="P2_ST00097" HPOS="1636" VPOS="1261" WIDTH="71" HEIGHT="47" CONTENT="ihr" WC="0.97" CC="071"/>
					</TextLine>
					<TextLine ID="P2_TL00015" HPOS="198" VPOS="1334" WIDTH="1506" HEIGHT="68">
						<String ID="P2_ST00098" HPOS="198" VPOS="1336" WIDTH="230" HEIGHT="56" CONTENT='Geister",' WC="1.00" CC="000100041"/>
						<SP ID="P2_SP00084" HPOS="428" VPOS="1392" WIDTH="28"/>
						<String ID="P2_ST00099" HPOS="456" VPOS="1334" WIDTH="70" HEIGHT="49" CONTENT="die" WC="1.00" CC="000"/>
						<SP ID="P2_SP00085" HPOS="526" VPOS="1392" WIDTH="27"/>
						<String ID="P2_ST00100" HPOS="553" VPOS="1351" WIDTH="50" HEIGHT="30" CONTENT="so" WC="0.44" CC="56"/>
						<SP ID="P2_SP00086" HPOS="603" VPOS="1392" WIDTH="29"/>
						<String ID="P2_ST00101" HPOS="632" VPOS="1341" WIDTH="224" HEIGHT="57" CONTENT="genannte" WC="1.00" CC="00000110"/>
						<SP ID="P2_SP00087" HPOS="856" VPOS="1398" WIDTH="21"/>
						<String ID="P2_ST00102" HPOS="877" VPOS="1334" WIDTH="548" HEIGHT="68" CONTENT="Beschwörungsformel," WC="1.00" CC="5000009204000040022"/>
						<SP ID="P2_SP00088" HPOS="1425" VPOS="1402" WIDTH="29"/>
						<String ID="P2_ST00103" HPOS="1454" VPOS="1337" WIDTH="138" HEIGHT="48" CONTENT="deren" WC="1.00" CC="00400"/>
						<SP ID="P2_SP00089" HPOS="1592" VPOS="1402" WIDTH="22"/>
						<String ID="P2_ST00104" HPOS="1614" VPOS="1338" WIDTH="60" HEIGHT="47" CONTENT="Re" SUBS_TYPE="HypPart1" SUBS_CONTENT="Reprise" WC="0.97" CC="40"/>
						<HYP HPOS="1674" VPOS="1338" WIDTH="30" CONTENT="-"/>
					</TextLine>
					<TextLine ID="P2_TL00016" HPOS="198" VPOS="1409" WIDTH="1505" HEIGHT="69">
						<String ID="P2_ST00105" HPOS="198" VPOS="1411" WIDTH="114" HEIGHT="64" CONTENT="prise" SUBS_TYPE="HypPart2" SUBS_CONTENT="Reprise" WC="0.98" CC="81010"/>
						<SP ID="P2_SP00090" HPOS="312" VPOS="1475" WIDTH="28"/>
						<String ID="P2_ST00106" HPOS="340" VPOS="1409" WIDTH="347" HEIGHT="65" CONTENT="eigentümlich" WC="1.00" CC="000038000200"/>
						<SP ID="P2_SP00091" HPOS="687" VPOS="1475" WIDTH="43"/>
						<String ID="P2_ST00107" HPOS="730" VPOS="1411" WIDTH="55" HEIGHT="48" CONTENT="ist" WC="0.99" CC="011"/>
						<SP ID="P2_SP00092" HPOS="785" VPOS="1475" WIDTH="34"/>
						<String ID="P2_ST00108" HPOS="819" VPOS="1409" WIDTH="142" HEIGHT="49" CONTENT="durch" WC="0.99" CC="02202"/>
						<SP ID="P2_SP00093" HPOS="961" VPOS="1475" WIDTH="29"/>
						<String ID="P2_ST00109" HPOS="990" VPOS="1411" WIDTH="70" HEIGHT="49" CONTENT="die" WC="1.00" CC="000"/>
						<SP ID="P2_SP00094" HPOS="1060" VPOS="1475" WIDTH="29"/>
						<String ID="P2_ST00110" HPOS="1089" VPOS="1413" WIDTH="426" HEIGHT="65" CONTENT="nachschlagenden" WC="1.00" CC="200700660000004"/>
						<SP ID="P2_SP00095" HPOS="1515" VPOS="1478" WIDTH="28"/>
						<String ID="P2_ST00111" HPOS="1543" VPOS="1413" WIDTH="160" HEIGHT="48" CONTENT="Achtel" WC="0.99" CC="005500"/>
					</TextLine>
					<TextLine ID="P2_TL00017" HPOS="194" VPOS="1486" WIDTH="1508" HEIGHT="66">
						<String ID="P2_ST00112" HPOS="194" VPOS="1486" WIDTH="76" HEIGHT="49" CONTENT="des" WC="0.99" CC="002"/>
						<SP ID="P2_SP00096" HPOS="270" VPOS="1535" WIDTH="31"/>
						<String ID="P2_ST00113" HPOS="301" VPOS="1486" WIDTH="225" HEIGHT="48" CONTENT="Corentin." WC="0.73" CC="504000354"/>
						<SP ID="P2_SP00097" HPOS="526" VPOS="1535" WIDTH="52"/>
						<String ID="P2_ST00114" HPOS="578" VPOS="1487" WIDTH="134" HEIGHT="47" CONTENT="Dann" WC="0.96" CC="7470"/>
						<SP ID="P2_SP00098" HPOS="712" VPOS="1535" WIDTH="37"/>
						<String ID="P2_ST00115" HPOS="749" VPOS="1486" WIDTH="265" HEIGHT="66" CONTENT="entspinnen" WC="0.99" CC="0000908401"/>
						<SP ID="P2_SP00099" HPOS="1014" VPOS="1552" WIDTH="40"/>
						<String ID="P2_ST00116" HPOS="1054" VPOS="1489" WIDTH="91" HEIGHT="47" CONTENT="sich" WC="0.98" CC="0304"/>
						<SP ID="P2_SP00100" HPOS="1145" VPOS="1552" WIDTH="38"/>
						<String ID="P2_ST00117" HPOS="1183" VPOS="1489" WIDTH="106" HEIGHT="50" CONTENT="bald" WC="0.98" CC="7040"/>
						<SP ID="P2_SP00101" HPOS="1289" VPOS="1552" WIDTH="29"/>
						<String ID="P2_ST00118" HPOS="1318" VPOS="1488" WIDTH="168" HEIGHT="51" CONTENT="wieder" WC="1.00" CC="000000"/>
						<SP ID="P2_SP00102" HPOS="1486" VPOS="1552" WIDTH="28"/>
						<String ID="P2_ST00119" HPOS="1514" VPOS="1489" WIDTH="71" HEIGHT="49" CONTENT="die" WC="0.99" CC="002"/>
						<SP ID="P2_SP00103" HPOS="1585" VPOS="1552" WIDTH="26"/>
						<String ID="P2_ST00120" HPOS="1611" VPOS="1489" WIDTH="69" HEIGHT="49" CONTENT="nir" SUBS_TYPE="HypPart1" SUBS_CONTENT="nirgend" WC="0.97" CC="702"/>
						<HYP HPOS="1680" VPOS="1489" WIDTH="22" CONTENT="-"/>
					</TextLine>
					<TextLine ID="P2_TL00018" HPOS="197" VPOS="1562" WIDTH="1506" HEIGHT="68">
						<String ID="P2_ST00121" HPOS="197" VPOS="1562" WIDTH="116" HEIGHT="65" CONTENT="gend" SUBS_TYPE="HypPart2" SUBS_CONTENT="nirgend" WC="1.00" CC="0000"/>
						<SP ID="P2_SP00104" HPOS="313" VPOS="1627" WIDTH="46"/>
						<String ID="P2_ST00122" HPOS="359" VPOS="1578" WIDTH="53" HEIGHT="31" CONTENT="zu" WC="0.89" CC="01"/>
						<SP ID="P2_SP00105" HPOS="412" VPOS="1627" WIDTH="47"/>
						<String ID="P2_ST00123" HPOS="459" VPOS="1562" WIDTH="364" HEIGHT="65" CONTENT="verläugnenden" WC="0.88" CC="0050000603000"/>
						<SP ID="P2_SP00106" HPOS="823" VPOS="1627" WIDTH="48"/>
						<String ID="P2_ST00124" HPOS="871" VPOS="1564" WIDTH="425" HEIGHT="66" CONTENT="Tanz-Rhythmen," WC="1.00" CC="01040000400343"/>
						<SP ID="P2_SP00107" HPOS="1296" VPOS="1630" WIDTH="50"/>
						<String ID="P2_ST00125" HPOS="1346" VPOS="1566" WIDTH="246" HEIGHT="49" CONTENT="besonders" WC="1.00" CC="502500000"/>
						<SP ID="P2_SP00108" HPOS="1592" VPOS="1630" WIDTH="38"/>
						<String ID="P2_ST00126" HPOS="1630" VPOS="1566" WIDTH="73" HEIGHT="48" CONTENT="bei" WC="0.95" CC="605"/>
					</TextLine>
					<TextLine ID="P2_TL00019" HPOS="209" VPOS="1638" WIDTH="436" HEIGHT="57">
						<String ID="P2_ST00127" HPOS="209" VPOS="1639" WIDTH="96" HEIGHT="56" CONTENT="„Ja," WC="0.97" CC="4053"/>
						<SP ID="P2_SP00109" HPOS="305" VPOS="1695" WIDTH="30"/>
						<String ID="P2_ST00128" HPOS="335" VPOS="1638" WIDTH="70" HEIGHT="48" CONTENT="ein" WC="0.98" CC="006"/>
						<SP ID="P2_SP00110" HPOS="405" VPOS="1695" WIDTH="28"/>
						<String ID="P2_ST00129" HPOS="433" VPOS="1638" WIDTH="212" HEIGHT="48" CONTENT='Schatz".' WC="0.98" CC="40604644"/>
					</TextLine>
					<TextLine ID="P2_TL00020" HPOS="310" VPOS="1715" WIDTH="1392" HEIGHT="65">
						<String ID="P2_ST00130" HPOS="310" VPOS="1715" WIDTH="92" HEIGHT="49" CONTENT="Das" WC="0.98" CC="060"/>
						<SP ID="P2_SP00111" HPOS="402" VPOS="1764" WIDTH="27"/>
						<String ID="P2_ST00131" HPOS="429" VPOS="1715" WIDTH="330" HEIGHT="65" CONTENT="nachfolgende" WC="1.00" CC="400150400500"/>
						<SP ID="P2_SP00112" HPOS="759" VPOS="1780" WIDTH="23"/>
						<String ID="P2_ST00132" HPOS="782" VPOS="1718" WIDTH="179" HEIGHT="48" CONTENT="Terzett" WC="0.99" CC="0165000"/>
						<SP ID="P2_SP00113" HPOS="961" VPOS="1780" WIDTH="19"/>
						<String ID="P2_ST00133" HPOS="980" VPOS="1718" WIDTH="221" HEIGHT="48" CONTENT="zwischen" WC="0.99" CC="30050310"/>
						<SP ID="P2_SP00114" HPOS="1201" VPOS="1780" WIDTH="20"/>
						<String ID="P2_ST00134" HPOS="1221" VPOS="1719" WIDTH="224" HEIGHT="56" CONTENT="Dinorah," WC="0.81" CC="20033060"/>
						<SP ID="P2_SP00115" HPOS="1445" VPOS="1780" WIDTH="24"/>
						<String ID="P2_ST00135" HPOS="1469" VPOS="1718" WIDTH="117" HEIGHT="48" CONTENT="Hoel" WC="0.84" CC="3020"/>
						<SP ID="P2_SP00116" HPOS="1586" VPOS="1780" WIDTH="24"/>
						<String ID="P2_ST00136" HPOS="1610" VPOS="1717" WIDTH="92" HEIGHT="48" CONTENT="und" WC="0.99" CC="200"/>
					</TextLine>
					<TextLine ID="P2_TL00021" HPOS="199" VPOS="1790" WIDTH="1504" HEIGHT="66">
						<String ID="P2_ST00137" HPOS="199" VPOS="1790" WIDTH="211" HEIGHT="49" CONTENT="Corentin" WC="0.84" CC="70004000"/>
						<SP ID="P2_SP00117" HPOS="410" VPOS="1839" WIDTH="29"/>
						<String ID="P2_ST00138" HPOS="439" VPOS="1792" WIDTH="55" HEIGHT="48" CONTENT="ist" WC="1.00" CC="000"/>
						<SP ID="P2_SP00118" HPOS="494" VPOS="1840" WIDTH="26"/>
						<String ID="P2_ST00139" HPOS="520" VPOS="1798" WIDTH="103" HEIGHT="58" CONTENT="gut;" WC="0.98" CC="0253"/>
						<SP ID="P2_SP00119" HPOS="623" VPOS="1856" WIDTH="35"/>
						<String ID="P2_ST00140" HPOS="658" VPOS="1793" WIDTH="320" HEIGHT="49" CONTENT="zurückhalten" WC="1.00" CC="500000003600"/>
						<SP ID="P2_SP00120" HPOS="978" VPOS="1856" WIDTH="30"/>
						<String ID="P2_ST00141" HPOS="1008" VPOS="1794" WIDTH="111" HEIGHT="50" CONTENT="aber" WC="0.98" CC="0504"/>
						<SP ID="P2_SP00121" HPOS="1119" VPOS="1856" WIDTH="29"/>
						<String ID="P2_ST00142" HPOS="1148" VPOS="1794" WIDTH="118" HEIGHT="50" CONTENT="kann" WC="1.00" CC="0000"/>
						<SP ID="P2_SP00122" HPOS="1266" VPOS="1856" WIDTH="30"/>
						<String ID="P2_ST00143" HPOS="1296" VPOS="1795" WIDTH="70" HEIGHT="49" CONTENT="ich" WC="0.98" CC="004"/>
						<SP ID="P2_SP00123" HPOS="1366" VPOS="1856" WIDTH="28"/>
						<String ID="P2_ST00144" HPOS="1394" VPOS="1795" WIDTH="123" HEIGHT="49" CONTENT="nicht" WC="0.98" CC="40006"/>
						<SP ID="P2_SP00124" HPOS="1517" VPOS="1856" WIDTH="28"/>
						<String ID="P2_ST00145" HPOS="1545" VPOS="1794" WIDTH="158" HEIGHT="57" CONTENT="damit," WC="0.99" CC="001534"/>
					</TextLine>
					<TextLine ID="P2_TL00022" HPOS="195" VPOS="1865" WIDTH="1507" HEIGHT="66">
						<String ID="P2_ST00146" HPOS="195" VPOS="1865" WIDTH="101" HEIGHT="50" CONTENT="dass" WC="1.00" CC="0000"/>
						<SP ID="P2_SP00125" HPOS="296" VPOS="1915" WIDTH="29"/>
						<String ID="P2_ST00147" HPOS="325" VPOS="1883" WIDTH="46" HEIGHT="33" CONTENT="es" WC="0.89" CC="02"/>
						<SP ID="P2_SP00126" HPOS="371" VPOS="1916" WIDTH="29"/>
						<String ID="P2_ST00148" HPOS="400" VPOS="1868" WIDTH="143" HEIGHT="63" CONTENT="gleich" WC="1.00" CC="030001"/>
						<SP ID="P2_SP00127" HPOS="543" VPOS="1931" WIDTH="38"/>
						<String ID="P2_ST00149" HPOS="581" VPOS="1869" WIDTH="106" HEIGHT="47" CONTENT="sehr" WC="0.98" CC="6000"/>
						<SP ID="P2_SP00128" HPOS="687" VPOS="1931" WIDTH="32"/>
						<String ID="P2_ST00150" HPOS="719" VPOS="1886" WIDTH="55" HEIGHT="31" CONTENT="an" WC="0.68" CC="60"/>
						<SP ID="P2_SP00129" HPOS="774" VPOS="1931" WIDTH="44"/>
						<String ID="P2_ST00151" HPOS="818" VPOS="1869" WIDTH="69" HEIGHT="50" CONTENT="die" WC="0.97" CC="800"/>
						<SP ID="P2_SP00130" HPOS="887" VPOS="1931" WIDTH="27"/>
						<String ID="P2_ST00152" HPOS="914" VPOS="1870" WIDTH="291" HEIGHT="50" CONTENT="Zauberflöte" WC="1.00" CC="00000044040"/>
						<SP ID="P2_SP00131" HPOS="1205" VPOS="1931" WIDTH="38"/>
						<String ID="P2_ST00153" HPOS="1243" VPOS="1872" WIDTH="93" HEIGHT="48" CONTENT="und" WC="1.00" CC="000"/>
						<SP ID="P2_SP00132" HPOS="1336" VPOS="1931" WIDTH="38"/>
						<String ID="P2_ST00154" HPOS="1374" VPOS="1888" WIDTH="54" HEIGHT="33" CONTENT="an" WC="0.41" CC="55"/>
						<SP ID="P2_SP00133" HPOS="1428" VPOS="1931" WIDTH="31"/>
						<String ID="P2_ST00155" HPOS="1459" VPOS="1870" WIDTH="71" HEIGHT="49" CONTENT="die" WC="1.00" CC="000"/>
						<SP ID="P2_SP00134" HPOS="1530" VPOS="1931" WIDTH="29"/>
						<String ID="P2_ST00156" HPOS="1559" VPOS="1872" WIDTH="115" HEIGHT="47" CONTENT="Schö" SUBS_TYPE="HypPart1" SUBS_CONTENT="Schöpfung" WC="0.99" CC="0050"/>
						<HYP HPOS="1674" VPOS="1872" WIDTH="28" CONTENT="-"/>
					</TextLine>
					<TextLine ID="P2_TL00023" HPOS="195" VPOS="1943" WIDTH="1507" HEIGHT="65">
						<String ID="P2_ST00157" HPOS="195" VPOS="1943" WIDTH="140" HEIGHT="65" CONTENT="pfung" SUBS_TYPE="HypPart2" SUBS_CONTENT="Schöpfung" WC="0.98" CC="95010"/>
						<SP ID="P2_SP00135" HPOS="335" VPOS="2008" WIDTH="29"/>
						<String ID="P2_ST00158" HPOS="364" VPOS="1944" WIDTH="210" HEIGHT="48" CONTENT="erinnert." WC="0.99" CC="050370004"/>
						<SP ID="P2_SP00136" HPOS="574" VPOS="2008" WIDTH="29"/>
						<String ID="P2_ST00159" HPOS="603" VPOS="1945" WIDTH="94" HEIGHT="47" CONTENT="Das" WC="1.00" CC="000"/>
						<SP ID="P2_SP00137" HPOS="697" VPOS="2008" WIDTH="28"/>
						<String ID="P2_ST00160" HPOS="725" VPOS="1963" WIDTH="52" HEIGHT="29" CONTENT="zu" WC="0.71" CC="50"/>
						<SP ID="P2_SP00138" HPOS="777" VPOS="2008" WIDTH="29"/>
						<String ID="P2_ST00161" HPOS="806" VPOS="1947" WIDTH="83" HEIGHT="47" CONTENT="tief" WC="1.00" CC="1000"/>
						<SP ID="P2_SP00139" HPOS="889" VPOS="2008" WIDTH="14"/>
						<String ID="P2_ST00162" HPOS="903" VPOS="1948" WIDTH="268" HEIGHT="48" CONTENT="stimmende" WC="0.99" CC="405300200"/>
						<SP ID="P2_SP00140" HPOS="1171" VPOS="2008" WIDTH="25"/>
						<String ID="P2_ST00163" HPOS="1196" VPOS="1948" WIDTH="259" HEIGHT="48" CONTENT="Glöckchen" WC="0.91" CC="000000304"/>
						<SP ID="P2_SP00141" HPOS="1455" VPOS="2008" WIDTH="24"/>
						<String ID="P2_ST00164" HPOS="1479" VPOS="1964" WIDTH="97" HEIGHT="32" CONTENT="war" WC="1.00" CC="000"/>
						<SP ID="P2_SP00142" HPOS="1576" VPOS="2008" WIDTH="20"/>
						<String ID="P2_ST00165" HPOS="1596" VPOS="1948" WIDTH="106" HEIGHT="47" CONTENT="sehr" WC="0.98" CC="4002"/>
					</TextLine>
					<TextLine ID="P2_TL00024" HPOS="193" VPOS="2018" WIDTH="1510" HEIGHT="70">
						<String ID="P2_ST00166" HPOS="193" VPOS="2018" WIDTH="195" HEIGHT="49" CONTENT="störend." WC="1.00" CC="60000000"/>
						<SP ID="P2_SP00143" HPOS="388" VPOS="2067" WIDTH="47"/>
						<String ID="P2_ST00167" HPOS="435" VPOS="2020" WIDTH="101" HEIGHT="47" CONTENT="Alle" WC="0.98" CC="2060"/>
						<SP ID="P2_SP00144" HPOS="536" VPOS="2067" WIDTH="40"/>
						<String ID="P2_ST00168" HPOS="576" VPOS="2020" WIDTH="94" HEIGHT="49" CONTENT="drei" WC="0.99" CC="0500"/>
						<SP ID="P2_SP00145" HPOS="670" VPOS="2069" WIDTH="41"/>
						<String ID="P2_ST00169" HPOS="711" VPOS="2022" WIDTH="179" HEIGHT="66" CONTENT="singen:" WC="1.00" CC="0030010"/>
						<SP ID="P2_SP00146" HPOS="890" VPOS="2088" WIDTH="55"/>
						<String ID="P2_ST00170" HPOS="945" VPOS="2024" WIDTH="124" HEIGHT="56" CONTENT="„Ach" WC="0.99" CC="3100"/>
						<SP ID="P2_SP00147" HPOS="1069" VPOS="2088" WIDTH="32"/>
						<String ID="P2_ST00171" HPOS="1101" VPOS="2024" WIDTH="155" HEIGHT="48" CONTENT="holdes" WC="0.99" CC="532000"/>
						<SP ID="P2_SP00148" HPOS="1256" VPOS="2088" WIDTH="29"/>
						<String ID="P2_ST00172" HPOS="1285" VPOS="2024" WIDTH="277" HEIGHT="57" CONTENT="Glöckchen," WC="0.78" CC="5300002063"/>
						<SP ID="P2_SP00149" HPOS="1562" VPOS="2088" WIDTH="34"/>
						<String ID="P2_ST00173" HPOS="1596" VPOS="2027" WIDTH="107" HEIGHT="45" CONTENT="töne" WC="1.00" CC="0000"/>
					</TextLine>
					<TextLine ID="P2_TL00025" HPOS="195" VPOS="2095" WIDTH="1507" HEIGHT="55">
						<String ID="P2_ST00174" HPOS="195" VPOS="2095" WIDTH="134" HEIGHT="48" CONTENT='fort!"' WC="0.99" CC="640003"/>
						<SP ID="P2_SP00150" HPOS="329" VPOS="2143" WIDTH="39"/>
						<String ID="P2_ST00175" HPOS="368" VPOS="2095" WIDTH="46" HEIGHT="48" CONTENT="in" WC="0.71" CC="05"/>
						<SP ID="P2_SP00151" HPOS="414" VPOS="2143" WIDTH="34"/>
						<String ID="P2_ST00176" HPOS="448" VPOS="2096" WIDTH="202" HEIGHT="49" CONTENT="welchen" WC="0.99" CC="0000404"/>
						<SP ID="P2_SP00152" HPOS="650" VPOS="2145" WIDTH="27"/>
						<String ID="P2_ST00177" HPOS="677" VPOS="2098" WIDTH="210" HEIGHT="49" CONTENT="Wunsch" WC="0.99" CC="016003"/>
						<SP ID="P2_SP00153" HPOS="887" VPOS="2147" WIDTH="41"/>
						<String ID="P2_ST00178" HPOS="928" VPOS="2100" WIDTH="69" HEIGHT="49" CONTENT="ich" WC="0.98" CC="003"/>
						<SP ID="P2_SP00154" HPOS="997" VPOS="2149" WIDTH="43"/>
						<String ID="P2_ST00179" HPOS="1040" VPOS="2100" WIDTH="123" HEIGHT="49" CONTENT="nicht" WC="0.99" CC="10070"/>
						<SP ID="P2_SP00155" HPOS="1163" VPOS="2149" WIDTH="39"/>
						<String ID="P2_ST00180" HPOS="1202" VPOS="2102" WIDTH="282" HEIGHT="48" CONTENT="einstimmte." WC="1.00" CC="00301050000"/>
						<SP ID="P2_SP00156" HPOS="1484" VPOS="2150" WIDTH="56"/>
						<String ID="P2_ST00181" HPOS="1540" VPOS="2100" WIDTH="162" HEIGHT="49" CONTENT="Solche" WC="0.98" CC="410660"/>
					</TextLine>
					<TextLine ID="P2_TL00026" HPOS="194" VPOS="2170" WIDTH="1508" HEIGHT="66">
						<String ID="P2_ST00182" HPOS="194" VPOS="2170" WIDTH="123" HEIGHT="48" CONTENT="nicht" WC="0.98" CC="70040"/>
						<SP ID="P2_SP00157" HPOS="317" VPOS="2218" WIDTH="26"/>
						<String ID="P2_ST00183" HPOS="343" VPOS="2188" WIDTH="80" HEIGHT="30" CONTENT="zur" WC="0.94" CC="544"/>
						<SP ID="P2_SP00158" HPOS="423" VPOS="2218" WIDTH="26"/>
						<String ID="P2_ST00184" HPOS="449" VPOS="2173" WIDTH="148" HEIGHT="47" CONTENT="Musik" WC="1.00" CC="02000"/>
						<SP ID="P2_SP00159" HPOS="597" VPOS="2220" WIDTH="30"/>
						<String ID="P2_ST00185" HPOS="627" VPOS="2173" WIDTH="260" HEIGHT="63" CONTENT="gehörende" WC="0.99" CC="003080190"/>
						<SP ID="P2_SP00160" HPOS="887" VPOS="2236" WIDTH="28"/>
						<String ID="P2_ST00186" HPOS="915" VPOS="2176" WIDTH="331" HEIGHT="49" CONTENT="Nebensachen" WC="0.99" CC="00606360200"/>
						<SP ID="P2_SP00161" HPOS="1246" VPOS="2236" WIDTH="29"/>
						<String ID="P2_ST00187" HPOS="1275" VPOS="2196" WIDTH="122" HEIGHT="29" CONTENT="—z." WC="0.91" CC="850"/>
						<SP ID="P2_SP00162" HPOS="1397" VPOS="2236" WIDTH="30"/>
						<String ID="P2_ST00188" HPOS="1427" VPOS="2178" WIDTH="50" HEIGHT="47" CONTENT="B." WC="0.66" CC="60"/>
						<SP ID="P2_SP00163" HPOS="1477" VPOS="2236" WIDTH="32"/>
						<String ID="P2_ST00189" HPOS="1509" VPOS="2176" WIDTH="115" HEIGHT="49" CONTENT="eben" WC="1.00" CC="0000"/>
						<SP ID="P2_SP00164" HPOS="1624" VPOS="2236" WIDTH="28"/>
						<String ID="P2_ST00190" HPOS="1652" VPOS="2193" WIDTH="50" HEIGHT="32" CONTENT="so" WC="0.83" CC="03"/>
					</TextLine>
					<TextLine ID="P2_TL00027" HPOS="194" VPOS="2246" WIDTH="1506" HEIGHT="69">
						<String ID="P2_ST00191" HPOS="194" VPOS="2246" WIDTH="71" HEIGHT="49" CONTENT="ein" WC="1.00" CC="000"/>
						<SP ID="P2_SP00165" HPOS="265" VPOS="2295" WIDTH="29"/>
						<String ID="P2_ST00192" HPOS="294" VPOS="2255" WIDTH="314" HEIGHT="56" CONTENT="permanentes" WC="0.99" CC="00446006505"/>
						<SP ID="P2_SP00166" HPOS="608" VPOS="2311" WIDTH="32"/>
						<String ID="P2_ST00193" HPOS="640" VPOS="2250" WIDTH="381" HEIGHT="65" CONTENT="Glockengeläute" WC="1.00" CC="05300060050000"/>
						<SP ID="P2_SP00167" HPOS="1021" VPOS="2315" WIDTH="126"/>
						<String ID="P2_ST00194" HPOS="1147" VPOS="2253" WIDTH="97" HEIGHT="48" CONTENT="sind" WC="0.99" CC="0060"/>
						<SP ID="P2_SP00168" HPOS="1244" VPOS="2315" WIDTH="37"/>
						<String ID="P2_ST00195" HPOS="1281" VPOS="2269" WIDTH="88" HEIGHT="31" CONTENT="nur" WC="0.97" CC="403"/>
						<SP ID="P2_SP00169" HPOS="1369" VPOS="2315" WIDTH="26"/>
						<String ID="P2_ST00196" HPOS="1395" VPOS="2251" WIDTH="183" HEIGHT="49" CONTENT="störend" WC="0.99" CC="0701153"/>
						<SP ID="P2_SP00170" HPOS="1578" VPOS="2315" WIDTH="30"/>
						<String ID="P2_ST00197" HPOS="1608" VPOS="2251" WIDTH="92" HEIGHT="49" CONTENT="und" WC="0.96" CC="380"/>
					</TextLine>
					<TextLine ID="P2_TL00028" HPOS="195" VPOS="2323" WIDTH="1504" HEIGHT="67">
						<String ID="P2_ST00198" HPOS="195" VPOS="2323" WIDTH="154" HEIGHT="49" CONTENT="ziehen" WC="0.99" CC="500021"/>
						<SP ID="P2_SP00171" HPOS="349" VPOS="2372" WIDTH="29"/>
						<String ID="P2_ST00199" HPOS="378" VPOS="2323" WIDTH="78" HEIGHT="49" CONTENT="das" WC="0.98" CC="041"/>
						<SP ID="P2_SP00172" HPOS="456" VPOS="2372" WIDTH="29"/>
						<String ID="P2_ST00200" HPOS="485" VPOS="2324" WIDTH="101" HEIGHT="48" CONTENT="Ohr" WC="0.98" CC="500"/>
						<SP ID="P2_SP00173" HPOS="586" VPOS="2372" WIDTH="28"/>
						<String ID="P2_ST00201" HPOS="614" VPOS="2324" WIDTH="77" HEIGHT="48" CONTENT="des" WC="1.00" CC="000"/>
						<SP ID="P2_SP00174" HPOS="691" VPOS="2372" WIDTH="29"/>
						<String ID="P2_ST00202" HPOS="720" VPOS="2330" WIDTH="203" HEIGHT="60" CONTENT="grössten" WC="0.79" CC="08030130"/>
						<SP ID="P2_SP00175" HPOS="923" VPOS="2390" WIDTH="24"/>
						<String ID="P2_ST00203" HPOS="947" VPOS="2328" WIDTH="178" HEIGHT="48" CONTENT="Theiles" WC="0.86" CC="0600200"/>
						<SP ID="P2_SP00176" HPOS="1125" VPOS="2390" WIDTH="29"/>
						<String ID="P2_ST00204" HPOS="1154" VPOS="2329" WIDTH="76" HEIGHT="47" CONTENT="des" WC="1.00" CC="000"/>
						<SP ID="P2_SP00177" HPOS="1230" VPOS="2390" WIDTH="22"/>
						<String ID="P2_ST00205" HPOS="1252" VPOS="2328" WIDTH="262" HEIGHT="49" CONTENT="Publicums" WC="0.79" CC="356000004"/>
						<SP ID="P2_SP00178" HPOS="1514" VPOS="2390" WIDTH="28"/>
						<String ID="P2_ST00206" HPOS="1542" VPOS="2328" WIDTH="157" HEIGHT="49" CONTENT="seitab." WC="1.00" CC="1000004"/>
					</TextLine>
					<TextLine ID="P2_TL00029" HPOS="308" VPOS="2401" WIDTH="1392" HEIGHT="69">
						<String ID="P2_ST00207" HPOS="308" VPOS="2401" WIDTH="96" HEIGHT="47" CONTENT="Der" WC="0.96" CC="604"/>
						<SP ID="P2_SP00179" HPOS="404" VPOS="2448" WIDTH="25"/>
						<String ID="P2_ST00208" HPOS="429" VPOS="2401" WIDTH="156" HEIGHT="49" CONTENT="zweite" WC="0.99" CC="600044"/>
						<SP ID="P2_SP00180" HPOS="585" VPOS="2450" WIDTH="22"/>
						<String ID="P2_ST00209" HPOS="607" VPOS="2403" WIDTH="101" HEIGHT="55" CONTENT="Act," WC="1.00" CC="0000"/>
						<SP ID="P2_SP00181" HPOS="708" VPOS="2458" WIDTH="28"/>
						<String ID="P2_ST00210" HPOS="736" VPOS="2403" WIDTH="103" HEIGHT="48" CONTENT="dem" WC="1.00" CC="000"/>
						<SP ID="P2_SP00182" HPOS="839" VPOS="2458" WIDTH="31"/>
						<String ID="P2_ST00211" HPOS="870" VPOS="2405" WIDTH="97" HEIGHT="48" CONTENT="eine" WC="0.99" CC="0050"/>
						<SP ID="P2_SP00183" HPOS="967" VPOS="2458" WIDTH="30"/>
						<String ID="P2_ST00212" HPOS="997" VPOS="2406" WIDTH="161" HEIGHT="64" CONTENT="lustige" WC="0.98" CC="6424391"/>
						<SP ID="P2_SP00184" HPOS="1158" VPOS="2470" WIDTH="27"/>
						<String ID="P2_ST00213" HPOS="1185" VPOS="2406" WIDTH="308" HEIGHT="49" CONTENT="Introduction" WC="0.69" CC="455106300016"/>
						<SP ID="P2_SP00185" HPOS="1493" VPOS="2470" WIDTH="29"/>
						<String ID="P2_ST00214" HPOS="1522" VPOS="2406" WIDTH="60" HEIGHT="49" CONTENT="im" WC="0.79" CC="04"/>
						<SP ID="P2_SP00186" HPOS="1582" VPOS="2470" WIDTH="31"/>
						<String ID="P2_ST00215" HPOS="1613" VPOS="2404" WIDTH="16" HEIGHT="26" CONTENT="3" STYLE="superscript" WC="0.35" CC="6"/>
						<String ID="P2_ST00216" HPOS="1630" VPOS="2401" WIDTH="70" HEIGHT="64" CONTENT="/b-" WC="0.38" CC="781"/>
					</TextLine>
					<TextLine ID="P2_TL00030" HPOS="194" VPOS="2476" WIDTH="1506" HEIGHT="71">
						<String ID="P2_ST00217" HPOS="194" VPOS="2476" WIDTH="136" HEIGHT="48" CONTENT="Tacte" WC="0.80" CC="06030"/>
						<SP ID="P2_SP00187" HPOS="330" VPOS="2524" WIDTH="22"/>
						<String ID="P2_ST00218" HPOS="352" VPOS="2477" WIDTH="248" HEIGHT="64" CONTENT="vorangeht" WC="1.00" CC="002000060"/>
						<SP ID="P2_SP00188" HPOS="600" VPOS="2541" WIDTH="16"/>
						<String ID="P2_ST00219" HPOS="616" VPOS="2476" WIDTH="240" HEIGHT="68" CONTENT="(Walzer)," WC="0.99" CC="500460550"/>
						<SP ID="P2_SP00189" HPOS="856" VPOS="2544" WIDTH="28"/>
						<String ID="P2_ST00220" HPOS="884" VPOS="2481" WIDTH="115" HEIGHT="64" CONTENT="zeigt" WC="1.00" CC="00000"/>
						<SP ID="P2_SP00190" HPOS="999" VPOS="2545" WIDTH="22"/>
						<String ID="P2_ST00221" HPOS="1021" VPOS="2499" WIDTH="81" HEIGHT="31" CONTENT="uns" WC="0.98" CC="060"/>
						<SP ID="P2_SP00191" HPOS="1102" VPOS="2545" WIDTH="23"/>
						<String ID="P2_ST00222" HPOS="1125" VPOS="2483" WIDTH="98" HEIGHT="47" CONTENT="eine" WC="0.98" CC="2060"/>
						<SP ID="P2_SP00192" HPOS="1223" VPOS="2545" WIDTH="21"/>
						<String ID="P2_ST00223" HPOS="1244" VPOS="2483" WIDTH="273" HEIGHT="64" CONTENT="prachtvolle" WC="1.00" CC="00000412020"/>
						<SP ID="P2_SP00193" HPOS="1517" VPOS="2547" WIDTH="22"/>
						<String ID="P2_ST00224" HPOS="1539" VPOS="2483" WIDTH="129" HEIGHT="48" CONTENT="Mond" SUBS_TYPE="HypPart1" SUBS_CONTENT="Mondnacht" WC="0.99" CC="0060"/>
						<HYP HPOS="1668" VPOS="2483" WIDTH="32" CONTENT="-"/>
					</TextLine>
					<TextLine ID="P2_TL00031" HPOS="195" VPOS="2552" WIDTH="1505" HEIGHT="63">
						<String ID="P2_ST00225" HPOS="195" VPOS="2552" WIDTH="135" HEIGHT="49" CONTENT="nacht" SUBS_TYPE="HypPart2" SUBS_CONTENT="Mondnacht" WC="1.00" CC="10000"/>
						<SP ID="P2_SP00194" HPOS="330" VPOS="2601" WIDTH="25"/>
						<String ID="P2_ST00226" HPOS="355" VPOS="2552" WIDTH="80" HEIGHT="49" CONTENT="der" WC="0.99" CC="001"/>
						<SP ID="P2_SP00195" HPOS="435" VPOS="2601" WIDTH="17"/>
						<String ID="P2_ST00227" HPOS="452" VPOS="2555" WIDTH="181" HEIGHT="47" CONTENT="Herren" WC="0.98" CC="400308"/>
						<SP ID="P2_SP00196" HPOS="633" VPOS="2602" WIDTH="21"/>
						<String ID="P2_ST00228" HPOS="654" VPOS="2555" WIDTH="298" HEIGHT="60" CONTENT="Mühldorfer," WC="0.74" CC="09600307001"/>
						<SP ID="P2_SP00197" HPOS="952" VPOS="2615" WIDTH="26"/>
						<String ID="P2_ST00229" HPOS="978" VPOS="2557" WIDTH="69" HEIGHT="49" CONTENT="ein" WC="0.98" CC="006"/>
						<SP ID="P2_SP00198" HPOS="1047" VPOS="2615" WIDTH="23"/>
						<String ID="P2_ST00230" HPOS="1070" VPOS="2559" WIDTH="177" HEIGHT="48" CONTENT="wahres" WC="0.99" CC="056000"/>
						<SP ID="P2_SP00199" HPOS="1247" VPOS="2615" WIDTH="20"/>
						<String ID="P2_ST00231" HPOS="1267" VPOS="2559" WIDTH="311" HEIGHT="48" CONTENT="Meisterwerk" WC="1.00" CC="00206100010"/>
						<SP ID="P2_SP00200" HPOS="1578" VPOS="2615" WIDTH="30"/>
						<String ID="P2_ST00232" HPOS="1608" VPOS="2559" WIDTH="69" HEIGHT="49" CONTENT="die" SUBS_TYPE="HypPart1" SUBS_CONTENT="dieser" WC="1.00" CC="000"/>
						<HYP HPOS="1677" VPOS="2559" WIDTH="23" CONTENT="-"/>
					</TextLine>
					<TextLine ID="P2_TL00032" HPOS="194" VPOS="2630" WIDTH="1506" HEIGHT="71">
						<String ID="P2_ST00233" HPOS="194" VPOS="2645" WIDTH="72" HEIGHT="32" CONTENT="ser" SUBS_TYPE="HypPart2" SUBS_CONTENT="dieser" WC="0.97" CC="403"/>
						<SP ID="P2_SP00201" HPOS="266" VPOS="2677" WIDTH="26"/>
						<String ID="P2_ST00234" HPOS="292" VPOS="2631" WIDTH="179" HEIGHT="47" CONTENT="Herren" WC="0.98" CC="604502"/>
						<SP ID="P2_SP00202" HPOS="471" VPOS="2678" WIDTH="29"/>
						<String ID="P2_ST00235" HPOS="500" VPOS="2630" WIDTH="79" HEIGHT="49" CONTENT="der" WC="0.96" CC="900"/>
						<SP ID="P2_SP00203" HPOS="579" VPOS="2679" WIDTH="28"/>
						<String ID="P2_ST00236" HPOS="607" VPOS="2631" WIDTH="275" HEIGHT="67" CONTENT="Schöpfung." WC="0.99" CC="5040005700"/>
						<SP ID="P2_SP00204" HPOS="882" VPOS="2698" WIDTH="50"/>
						<String ID="P2_ST00237" HPOS="932" VPOS="2636" WIDTH="96" HEIGHT="47" CONTENT="Der" WC="0.98" CC="401"/>
						<SP ID="P2_SP00205" HPOS="1028" VPOS="2698" WIDTH="30"/>
						<String ID="P2_ST00238" HPOS="1058" VPOS="2636" WIDTH="123" HEIGHT="47" CONTENT="Chor" WC="0.97" CC="6503"/>
						<SP ID="P2_SP00206" HPOS="1181" VPOS="2698" WIDTH="39"/>
						<String ID="P2_ST00239" HPOS="1220" VPOS="2636" WIDTH="70" HEIGHT="56" CONTENT="„0" WC="0.62" CC="15"/>
						<SP ID="P2_SP00207" HPOS="1290" VPOS="2698" WIDTH="29"/>
						<String ID="P2_ST00240" HPOS="1319" VPOS="2636" WIDTH="85" HEIGHT="48" CONTENT="wie" WC="1.00" CC="000"/>
						<SP ID="P2_SP00208" HPOS="1404" VPOS="2698" WIDTH="30"/>
						<String ID="P2_ST00241" HPOS="1434" VPOS="2644" WIDTH="95" HEIGHT="57" CONTENT="gut," WC="0.99" CC="0500"/>
						<SP ID="P2_SP00209" HPOS="1529" VPOS="2701" WIDTH="30"/>
						<String ID="P2_ST00242" HPOS="1559" VPOS="2654" WIDTH="26" HEIGHT="30" CONTENT="o" WC="0.57" CC="4"/>
						<SP ID="P2_SP00210" HPOS="1585" VPOS="2701" WIDTH="30"/>
						<String ID="P2_ST00243" HPOS="1615" VPOS="2637" WIDTH="85" HEIGHT="47" CONTENT="wie" WC="0.98" CC="004"/>
					</TextLine>
					<TextLine ID="P2_TL00033" HPOS="195" VPOS="2706" WIDTH="1504" HEIGHT="70">
						<String ID="P2_ST00244" HPOS="195" VPOS="2706" WIDTH="96" HEIGHT="48" CONTENT="rein" WC="0.99" CC="0006"/>
						<SP ID="P2_SP00211" HPOS="291" VPOS="2754" WIDTH="26"/>
						<String ID="P2_ST00245" HPOS="317" VPOS="2706" WIDTH="56" HEIGHT="48" CONTENT="ist" WC="0.98" CC="005"/>
						<SP ID="P2_SP00212" HPOS="373" VPOS="2754" WIDTH="26"/>
						<String ID="P2_ST00246" HPOS="399" VPOS="2707" WIDTH="139" HEIGHT="49" CONTENT="Vater" WC="0.99" CC="00603"/>
						<SP ID="P2_SP00213" HPOS="538" VPOS="2756" WIDTH="26"/>
						<String ID="P2_ST00247" HPOS="564" VPOS="2709" WIDTH="143" HEIGHT="48" CONTENT="Ivon's" WC="0.80" CC="203301"/>
						<SP ID="P2_SP00214" HPOS="707" VPOS="2757" WIDTH="28"/>
						<String ID="P2_ST00248" HPOS="735" VPOS="2711" WIDTH="168" HEIGHT="47" CONTENT='Wein"' WC="0.99" CC="00053"/>
						<SP ID="P2_SP00215" HPOS="903" VPOS="2758" WIDTH="39"/>
						<String ID="P2_ST00249" HPOS="942" VPOS="2712" WIDTH="55" HEIGHT="47" CONTENT="ist" WC="0.94" CC="626"/>
						<SP ID="P2_SP00216" HPOS="997" VPOS="2759" WIDTH="28"/>
						<String ID="P2_ST00250" HPOS="1025" VPOS="2720" WIDTH="80" HEIGHT="56" CONTENT="gut" WC="0.98" CC="060"/>
						<SP ID="P2_SP00217" HPOS="1105" VPOS="2776" WIDTH="26"/>
						<String ID="P2_ST00251" HPOS="1131" VPOS="2714" WIDTH="85" HEIGHT="47" CONTENT="wie" WC="0.98" CC="060"/>
						<SP ID="P2_SP00218" HPOS="1216" VPOS="2776" WIDTH="30"/>
						<String ID="P2_ST00252" HPOS="1246" VPOS="2712" WIDTH="81" HEIGHT="49" CONTENT="der" WC="1.00" CC="000"/>
						<SP ID="P2_SP00219" HPOS="1327" VPOS="2776" WIDTH="27"/>
						<String ID="P2_ST00253" HPOS="1354" VPOS="2714" WIDTH="158" HEIGHT="56" CONTENT="Wein," WC="0.99" CC="00070"/>
						<SP ID="P2_SP00220" HPOS="1512" VPOS="2776" WIDTH="30"/>
						<String ID="P2_ST00254" HPOS="1542" VPOS="2714" WIDTH="157" HEIGHT="48" CONTENT="dessen" WC="1.00" CC="010030"/>
					</TextLine>
					<TextLine ID="P2_TL00034" HPOS="195" VPOS="2782" WIDTH="1503" HEIGHT="71">
						<String ID="P2_ST00255" HPOS="195" VPOS="2782" WIDTH="168" HEIGHT="47" CONTENT="seltene" WC="0.98" CC="9035050"/>
						<SP ID="P2_SP00221" HPOS="363" VPOS="2829" WIDTH="27"/>
						<String ID="P2_ST00256" HPOS="390" VPOS="2784" WIDTH="346" HEIGHT="63" CONTENT="Eigenschaften" WC="0.99" CC="0000660440307"/>
						<SP ID="P2_SP00222" HPOS="736" VPOS="2847" WIDTH="41"/>
						<String ID="P2_ST00257" HPOS="777" VPOS="2803" WIDTH="48" HEIGHT="31" CONTENT="er" WC="1.00" CC="00"/>
						<SP ID="P2_SP00223" HPOS="825" VPOS="2847" WIDTH="28"/>
						<String ID="P2_ST00258" HPOS="853" VPOS="2786" WIDTH="192" HEIGHT="66" CONTENT="besingt," WC="0.99" CC="60103000"/>
						<SP ID="P2_SP00224" HPOS="1045" VPOS="2852" WIDTH="41"/>
						<String ID="P2_ST00259" HPOS="1086" VPOS="2789" WIDTH="118" HEIGHT="47" CONTENT="ohne" WC="0.97" CC="5333"/>
						<SP ID="P2_SP00225" HPOS="1204" VPOS="2852" WIDTH="28"/>
						<String ID="P2_ST00260" HPOS="1232" VPOS="2789" WIDTH="167" HEIGHT="64" CONTENT="gerade" WC="0.99" CC="014900"/>
						<SP ID="P2_SP00226" HPOS="1399" VPOS="2853" WIDTH="28"/>
						<String ID="P2_ST00261" HPOS="1427" VPOS="2790" WIDTH="189" HEIGHT="63" CONTENT="originel" WC="0.58" CC="59207700"/>
						<SP ID="P2_SP00227" HPOS="1616" VPOS="2853" WIDTH="28"/>
						<String ID="P2_ST00262" HPOS="1644" VPOS="2808" WIDTH="54" HEIGHT="30" CONTENT="zu" WC="0.72" CC="50"/>
					</TextLine>
					<TextLine ID="P2_TL00035" HPOS="192" VPOS="2858" WIDTH="1507" HEIGHT="72">
						<String ID="P2_ST00263" HPOS="192" VPOS="2858" WIDTH="107" HEIGHT="47" CONTENT="sein." WC="0.98" CC="60061"/>
						<SP ID="P2_SP00228" HPOS="299" VPOS="2905" WIDTH="49"/>
						<String ID="P2_ST00264" HPOS="348" VPOS="2861" WIDTH="98" HEIGHT="46" CONTENT="Der" WC="0.96" CC="405"/>
						<SP ID="P2_SP00229" HPOS="446" VPOS="2907" WIDTH="26"/>
						<String ID="P2_ST00265" HPOS="472" VPOS="2861" WIDTH="165" HEIGHT="65" CONTENT="Dialog" WC="1.00" CC="002000"/>
						<SP ID="P2_SP00230" HPOS="637" VPOS="2926" WIDTH="41"/>
						<String ID="P2_ST00266" HPOS="678" VPOS="2861" WIDTH="80" HEIGHT="48" CONTENT="der" WC="1.00" CC="000"/>
						<SP ID="P2_SP00231" HPOS="758" VPOS="2926" WIDTH="34"/>
						<String ID="P2_ST00267" HPOS="792" VPOS="2865" WIDTH="107" HEIGHT="47" CONTENT="zwei" WC="0.99" CC="5000"/>
						<SP ID="P2_SP00232" HPOS="899" VPOS="2926" WIDTH="32"/>
						<String ID="P2_ST00268" HPOS="931" VPOS="2865" WIDTH="283" HEIGHT="65" CONTENT="Nachzügler" WC="0.99" CC="0006500404"/>
						<SP ID="P2_SP00233" HPOS="1214" VPOS="2930" WIDTH="109"/>
						<String ID="P2_ST00269" HPOS="1323" VPOS="2867" WIDTH="108" HEIGHT="47" CONTENT="zwei" WC="1.00" CC="0000"/>
						<SP ID="P2_SP00234" HPOS="1431" VPOS="2930" WIDTH="38"/>
						<String ID="P2_ST00270" HPOS="1469" VPOS="2867" WIDTH="230" HEIGHT="49" CONTENT="komische" WC="1.00" CC="01500020"/>
					</TextLine>
					<TextLine ID="P2_TL00036" HPOS="192" VPOS="2936" WIDTH="1504" HEIGHT="70">
						<String ID="P2_ST00271" HPOS="192" VPOS="2936" WIDTH="224" HEIGHT="48" CONTENT="Personen" WC="0.99" CC="70405500"/>
						<SP ID="P2_SP00235" HPOS="416" VPOS="2984" WIDTH="43"/>
						<String ID="P2_ST00272" HPOS="459" VPOS="2936" WIDTH="80" HEIGHT="48" CONTENT="der" WC="0.97" CC="025"/>
						<SP ID="P2_SP00236" HPOS="539" VPOS="2984" WIDTH="37"/>
						<String ID="P2_ST00273" HPOS="576" VPOS="2937" WIDTH="258" HEIGHT="50" CONTENT="komischen" WC="1.00" CC="000040006"/>
						<SP ID="P2_SP00237" HPOS="834" VPOS="2987" WIDTH="31"/>
						<String ID="P2_ST00274" HPOS="865" VPOS="2941" WIDTH="141" HEIGHT="65" CONTENT="Oper," WC="0.99" CC="70000"/>
						<SP ID="P2_SP00238" HPOS="1006" VPOS="3006" WIDTH="52"/>
						<String ID="P2_ST00275" HPOS="1058" VPOS="2941" WIDTH="68" HEIGHT="50" CONTENT="die" WC="1.00" CC="000"/>
						<SP ID="P2_SP00239" HPOS="1126" VPOS="3006" WIDTH="41"/>
						<String ID="P2_ST00276" HPOS="1167" VPOS="2942" WIDTH="109" HEIGHT="49" CONTENT="aber" WC="0.98" CC="4600"/>
						<SP ID="P2_SP00240" HPOS="1276" VPOS="3006" WIDTH="37"/>
						<String ID="P2_ST00277" HPOS="1313" VPOS="2944" WIDTH="160" HEIGHT="47" CONTENT="keinen" WC="0.99" CC="010702"/>
						<SP ID="P2_SP00241" HPOS="1473" VPOS="3006" WIDTH="30"/>
						<String ID="P2_ST00278" HPOS="1503" VPOS="2945" WIDTH="98" HEIGHT="47" CONTENT="Ton" WC="0.99" CC="011"/>
						<SP ID="P2_SP00242" HPOS="1601" VPOS="3006" WIDTH="42"/>
						<String ID="P2_ST00279" HPOS="1643" VPOS="2961" WIDTH="53" HEIGHT="31" CONTENT="zu" WC="0.63" CC="25"/>
					</TextLine>
					<TextLine ID="P2_TL00037" HPOS="189" VPOS="3012" WIDTH="1506" HEIGHT="66">
						<String ID="P2_ST00280" HPOS="189" VPOS="3012" WIDTH="174" HEIGHT="64" CONTENT="singen," WC="0.99" CC="0009063"/>
						<SP ID="P2_SP00243" HPOS="363" VPOS="3076" WIDTH="29"/>
						<String ID="P2_ST00281" HPOS="392" VPOS="3012" WIDTH="206" HEIGHT="66" CONTENT="dagegen" WC="0.99" CC="0090007"/>
						<SP ID="P2_SP00244" HPOS="598" VPOS="3078" WIDTH="29"/>
						<String ID="P2_ST00282" HPOS="627" VPOS="3015" WIDTH="126" HEIGHT="48" CONTENT="desto" WC="0.99" CC="00402"/>
						<SP ID="P2_SP00245" HPOS="753" VPOS="3078" WIDTH="29"/>
						<String ID="P2_ST00283" HPOS="782" VPOS="3017" WIDTH="130" HEIGHT="47" CONTENT="mehr" WC="0.99" CC="0060"/>
						<SP ID="P2_SP00246" HPOS="912" VPOS="3078" WIDTH="29"/>
						<String ID="P2_ST00284" HPOS="941" VPOS="3034" WIDTH="84" HEIGHT="31" CONTENT="von" WC="0.98" CC="022"/>
						<SP ID="P2_SP00247" HPOS="1025" VPOS="3078" WIDTH="29"/>
						<String ID="P2_ST00285" HPOS="1054" VPOS="3018" WIDTH="101" HEIGHT="47" CONTENT="dem" WC="1.00" CC="000"/>
						<SP ID="P2_SP00248" HPOS="1155" VPOS="3078" WIDTH="31"/>
						<String ID="P2_ST00286" HPOS="1186" VPOS="3018" WIDTH="395" HEIGHT="50" CONTENT="abenteuerlichen" WC="1.00" CC="000500063500500"/>
						<SP ID="P2_SP00249" HPOS="1581" VPOS="3078" WIDTH="29"/>
						<String ID="P2_ST00287" HPOS="1610" VPOS="3021" WIDTH="57" HEIGHT="48" CONTENT="Le" SUBS_TYPE="HypPart1" SUBS_CONTENT="Leben" WC="0.98" CC="00"/>
						<HYP HPOS="1667" VPOS="3021" WIDTH="28" CONTENT="-"/>
					</TextLine>
					<TextLine ID="P2_TL00038" HPOS="193" VPOS="3086" WIDTH="1503" HEIGHT="58">
						<String ID="P2_ST00288" HPOS="193" VPOS="3086" WIDTH="86" HEIGHT="48" CONTENT="ben" SUBS_TYPE="HypPart2" SUBS_CONTENT="Leben" WC="0.96" CC="208"/>
						<SP ID="P2_SP00250" HPOS="279" VPOS="3134" WIDTH="28"/>
						<String ID="P2_ST00289" HPOS="307" VPOS="3088" WIDTH="243" HEIGHT="49" CONTENT="Dinorah's" WC="0.64" CC="705064620"/>
						<SP ID="P2_SP00251" HPOS="550" VPOS="3137" WIDTH="34"/>
						<String ID="P2_ST00290" HPOS="584" VPOS="3107" WIDTH="52" HEIGHT="31" CONTENT="zu" WC="0.66" CC="41"/>
						<SP ID="P2_SP00252" HPOS="636" VPOS="3138" WIDTH="37"/>
						<String ID="P2_ST00291" HPOS="673" VPOS="3092" WIDTH="206" HEIGHT="48" CONTENT="erzählen" WC="0.99" CC="03505703"/>
						<SP ID="P2_SP00253" HPOS="879" VPOS="3140" WIDTH="29"/>
						<String ID="P2_ST00292" HPOS="908" VPOS="3093" WIDTH="150" HEIGHT="49" CONTENT="haben" WC="0.98" CC="50600"/>
						<SP ID="P2_SP00254" HPOS="1058" VPOS="3142" WIDTH="119"/>
						<String ID="P2_ST00293" HPOS="1177" VPOS="3098" WIDTH="121" HEIGHT="45" CONTENT="wäre" WC="0.99" CC="0031"/>
						<SP ID="P2_SP00255" HPOS="1298" VPOS="3143" WIDTH="30"/>
						<String ID="P2_ST00294" HPOS="1328" VPOS="3096" WIDTH="118" HEIGHT="47" CONTENT="wohl" WC="0.98" CC="0504"/>
						<SP ID="P2_SP00256" HPOS="1446" VPOS="3143" WIDTH="31"/>
						<String ID="P2_ST00295" HPOS="1477" VPOS="3104" WIDTH="138" HEIGHT="40" CONTENT="etwas" WC="0.99" CC="03005"/>
						<SP ID="P2_SP00257" HPOS="1615" VPOS="3144" WIDTH="28"/>
						<String ID="P2_ST00296" HPOS="1643" VPOS="3115" WIDTH="53" HEIGHT="29" CONTENT="zu" WC="0.97" CC="00"/>
					</TextLine>
					<TextLine ID="P2_TL00039" HPOS="195" VPOS="3163" WIDTH="1500" HEIGHT="59">
						<String ID="P2_ST00297" HPOS="195" VPOS="3163" WIDTH="179" HEIGHT="59" CONTENT="kürzen," WC="0.99" CC="0007040"/>
						<SP ID="P2_SP00258" HPOS="374" VPOS="3222" WIDTH="30"/>
						<String ID="P2_ST00298" HPOS="404" VPOS="3167" WIDTH="205" HEIGHT="48" CONTENT="wiewohl" WC="1.00" CC="0000050"/>
						<SP ID="P2_SP00259" HPOS="609" VPOS="3222" WIDTH="30"/>
						<String ID="P2_ST00299" HPOS="639" VPOS="3184" WIDTH="49" HEIGHT="31" CONTENT="er" WC="0.81" CC="03"/>
						<SP ID="P2_SP00260" HPOS="688" VPOS="3222" WIDTH="28"/>
						<String ID="P2_ST00300" HPOS="716" VPOS="3170" WIDTH="98" HEIGHT="47" CONTENT="eine" WC="0.98" CC="0071"/>
						<SP ID="P2_SP00261" HPOS="814" VPOS="3222" WIDTH="30"/>
						<String ID="P2_ST00301" HPOS="844" VPOS="3171" WIDTH="176" HEIGHT="48" CONTENT="Würze" WC="0.98" CC="00650"/>
						<SP ID="P2_SP00262" HPOS="1020" VPOS="3222" WIDTH="31"/>
						<String ID="P2_ST00302" HPOS="1051" VPOS="3172" WIDTH="75" HEIGHT="46" CONTENT="für" WC="0.97" CC="700"/>
						<SP ID="P2_SP00263" HPOS="1126" VPOS="3222" WIDTH="28"/>
						<String ID="P2_ST00303" HPOS="1154" VPOS="3171" WIDTH="70" HEIGHT="48" CONTENT="die" WC="0.99" CC="010"/>
						<SP ID="P2_SP00264" HPOS="1224" VPOS="3222" WIDTH="29"/>
						<String ID="P2_ST00304" HPOS="1253" VPOS="3173" WIDTH="167" HEIGHT="47" CONTENT="Höhen" WC="0.97" CC="79600"/>
						<SP ID="P2_SP00265" HPOS="1420" VPOS="3222" WIDTH="28"/>
						<String ID="P2_ST00305" HPOS="1448" VPOS="3173" WIDTH="66" HEIGHT="47" CONTENT="ist." WC="0.99" CC="0050"/>
						<SP ID="P2_SP00266" HPOS="1514" VPOS="3222" WIDTH="54"/>
						<String ID="P2_ST00306" HPOS="1568" VPOS="3175" WIDTH="127" HEIGHT="47" CONTENT="Nach" WC="0.99" CC="0600"/>
					</TextLine>
					<TextLine ID="P2_TL00040" HPOS="192" VPOS="3239" WIDTH="1506" HEIGHT="75">
						<String ID="P2_ST00307" HPOS="192" VPOS="3239" WIDTH="81" HEIGHT="49" CONTENT="der" WC="0.99" CC="003"/>
						<SP ID="P2_SP00267" HPOS="273" VPOS="3288" WIDTH="12"/>
						<String ID="P2_ST00308" HPOS="285" VPOS="3241" WIDTH="197" HEIGHT="48" CONTENT="schönen" WC="0.99" CC="3073200"/>
						<SP ID="P2_SP00268" HPOS="482" VPOS="3289" WIDTH="17"/>
						<String ID="P2_ST00309" HPOS="499" VPOS="3245" WIDTH="226" HEIGHT="48" CONTENT="Romanze" WC="0.98" CC="7480642"/>
						<SP ID="P2_SP00269" HPOS="725" VPOS="3293" WIDTH="15"/>
						<String ID="P2_ST00310" HPOS="740" VPOS="3247" WIDTH="244" HEIGHT="48" CONTENT="Dinorah's" WC="0.72" CC="003623620"/>
						<SP ID="P2_SP00270" HPOS="984" VPOS="3295" WIDTH="24"/>
						<String ID="P2_ST00311" HPOS="1008" VPOS="3248" WIDTH="174" HEIGHT="47" CONTENT="kommt" WC="0.99" CC="04500"/>
						<SP ID="P2_SP00271" HPOS="1182" VPOS="3295" WIDTH="22"/>
						<String ID="P2_ST00312" HPOS="1204" VPOS="3248" WIDTH="77" HEIGHT="50" CONTENT="das" WC="0.98" CC="060"/>
						<SP ID="P2_SP00272" HPOS="1281" VPOS="3298" WIDTH="23"/>
						<String ID="P2_ST00313" HPOS="1304" VPOS="3248" WIDTH="394" HEIGHT="66" CONTENT="vielbesprochene" WC="1.00" CC="000410408006002"/>
					</TextLine>
					<TextLine ID="P2_TL00041" HPOS="190" VPOS="3316" WIDTH="1508" HEIGHT="76">
						<String ID="P2_ST00314" HPOS="190" VPOS="3316" WIDTH="395" HEIGHT="61" CONTENT="Schatten-Duett," WC="0.99" CC="906573041000050"/>
						<SP ID="P2_SP00273" HPOS="585" VPOS="3377" WIDTH="23"/>
						<String ID="P2_ST00315" HPOS="608" VPOS="3321" WIDTH="98" HEIGHT="48" CONTENT="eine" WC="0.98" CC="0061"/>
						<SP ID="P2_SP00274" HPOS="706" VPOS="3377" WIDTH="16"/>
						<String ID="P2_ST00316" HPOS="722" VPOS="3322" WIDTH="419" HEIGHT="60" CONTENT="Walzer-Melodie," WC="0.99" CC="000666007026024"/>
						<SP ID="P2_SP00275" HPOS="1141" VPOS="3382" WIDTH="17"/>
						<String ID="P2_ST00317" HPOS="1158" VPOS="3327" WIDTH="42" HEIGHT="46" CONTENT="in" WC="0.79" CC="04"/>
						<SP ID="P2_SP00276" HPOS="1200" VPOS="3382" WIDTH="18"/>
						<String ID="P2_ST00318" HPOS="1218" VPOS="3326" WIDTH="195" HEIGHT="48" CONTENT="welcher" WC="0.99" CC="0500601"/>
						<SP ID="P2_SP00277" HPOS="1413" VPOS="3382" WIDTH="18"/>
						<String ID="P2_ST00319" HPOS="1431" VPOS="3326" WIDTH="267" HEIGHT="66" CONTENT="Meyerbeer" WC="0.99" CC="039066004"/>
					</TextLine>
					<TextLine ID="P2_TL00042" HPOS="193" VPOS="3393" WIDTH="1502" HEIGHT="71">
						<String ID="P2_ST00320" HPOS="193" VPOS="3393" WIDTH="241" HEIGHT="66" CONTENT="allerdings" WC="1.00" CC="3140100200"/>
						<SP ID="P2_SP00278" HPOS="434" VPOS="3459" WIDTH="41"/>
						<String ID="P2_ST00321" HPOS="475" VPOS="3396" WIDTH="197" HEIGHT="57" CONTENT="Lanner," WC="0.77" CC="6071000"/>
						<SP ID="P2_SP00279" HPOS="672" VPOS="3459" WIDTH="38"/>
						<String ID="P2_ST00322" HPOS="710" VPOS="3398" WIDTH="231" HEIGHT="66" CONTENT="Labitzky," WC="0.72" CC="065026004"/>
						<SP ID="P2_SP00280" HPOS="941" VPOS="3464" WIDTH="35"/>
						<String ID="P2_ST00323" HPOS="976" VPOS="3402" WIDTH="179" HEIGHT="47" CONTENT="Strauss" WC="0.75" CC="2530400"/>
						<SP ID="P2_SP00281" HPOS="1155" VPOS="3464" WIDTH="31"/>
						<String ID="P2_ST00324" HPOS="1186" VPOS="3420" WIDTH="41" HEIGHT="30" CONTENT="u." WC="1.00" CC="00"/>
						<SP ID="P2_SP00282" HPOS="1227" VPOS="3464" WIDTH="29"/>
						<String ID="P2_ST00325" HPOS="1256" VPOS="3420" WIDTH="32" HEIGHT="30" CONTENT="s." WC="0.91" CC="10"/>
						<SP ID="P2_SP00283" HPOS="1288" VPOS="3464" WIDTH="30"/>
						<String ID="P2_ST00326" HPOS="1318" VPOS="3420" WIDTH="56" HEIGHT="32" CONTENT="w." WC="0.80" CC="03"/>
						<SP ID="P2_SP00284" HPOS="1374" VPOS="3464" WIDTH="42"/>
						<String ID="P2_ST00327" HPOS="1416" VPOS="3402" WIDTH="279" HEIGHT="50" CONTENT="übertroffen" WC="0.99" CC="05050032206"/>
					</TextLine>
					<TextLine ID="P2_TL00043" HPOS="192" VPOS="3469" WIDTH="1504" HEIGHT="75">
						<String ID="P2_ST00328" HPOS="192" VPOS="3469" WIDTH="88" HEIGHT="49" CONTENT="hat." WC="0.98" CC="6300"/>
						<SP ID="P2_SP00285" HPOS="280" VPOS="3518" WIDTH="31"/>
						<String ID="P2_ST00329" HPOS="311" VPOS="3471" WIDTH="156" HEIGHT="48" CONTENT="Etwas" WC="0.99" CC="60030"/>
						<SP ID="P2_SP00286" HPOS="467" VPOS="3519" WIDTH="15"/>
						<String ID="P2_ST00330" HPOS="482" VPOS="3472" WIDTH="468" HEIGHT="51" CONTENT="Einschmeichelndes" WC="1.00" CC="50500350066001000"/>
						<SP ID="P2_SP00287" HPOS="950" VPOS="3523" WIDTH="23"/>
						<String ID="P2_ST00331" HPOS="973" VPOS="3477" WIDTH="90" HEIGHT="48" CONTENT="und" WC="0.96" CC="720"/>
						<SP ID="P2_SP00288" HPOS="1063" VPOS="3525" WIDTH="21"/>
						<String ID="P2_ST00332" HPOS="1084" VPOS="3479" WIDTH="301" HEIGHT="65" CONTENT="Anmuthiges" WC="0.70" CC="5791050000"/>
						<SP ID="P2_SP00289" HPOS="1385" VPOS="3544" WIDTH="23"/>
						<String ID="P2_ST00333" HPOS="1408" VPOS="3481" WIDTH="55" HEIGHT="47" CONTENT="ist" WC="0.94" CC="194"/>
						<SP ID="P2_SP00290" HPOS="1463" VPOS="3544" WIDTH="21"/>
						<String ID="P2_ST00334" HPOS="1484" VPOS="3479" WIDTH="70" HEIGHT="47" CONTENT="ihr" WC="0.96" CC="151"/>
						<SP ID="P2_SP00291" HPOS="1554" VPOS="3544" WIDTH="21"/>
						<String ID="P2_ST00335" HPOS="1575" VPOS="3481" WIDTH="121" HEIGHT="48" CONTENT="nicht" WC="0.98" CC="80060"/>
					</TextLine>
					<TextLine ID="P2_TL00044" HPOS="185" VPOS="3544" WIDTH="1508" HEIGHT="75">
						<String ID="P2_ST00336" HPOS="185" VPOS="3544" WIDTH="315" HEIGHT="61" CONTENT="abzustreiten," WC="0.99" CC="5750075004023"/>
						<SP ID="P2_SP00292" HPOS="500" VPOS="3605" WIDTH="43"/>
						<String ID="P2_ST00337" HPOS="543" VPOS="3548" WIDTH="87" HEIGHT="48" CONTENT="den" WC="0.99" CC="003"/>
						<SP ID="P2_SP00293" HPOS="630" VPOS="3605" WIDTH="38"/>
						<String ID="P2_ST00338" HPOS="668" VPOS="3552" WIDTH="171" HEIGHT="47" CONTENT="Unsinn" WC="0.98" CC="470077"/>
						<SP ID="P2_SP00294" HPOS="839" VPOS="3605" WIDTH="41"/>
						<String ID="P2_ST00339" HPOS="880" VPOS="3552" WIDTH="76" HEIGHT="48" CONTENT="des" WC="0.96" CC="720"/>
						<SP ID="P2_SP00295" HPOS="956" VPOS="3605" WIDTH="42"/>
						<String ID="P2_ST00340" HPOS="998" VPOS="3554" WIDTH="301" HEIGHT="65" CONTENT="Kunstgriffes" WC="0.99" CC="908009303350"/>
						<SP ID="P2_SP00296" HPOS="1299" VPOS="3619" WIDTH="48"/>
						<String ID="P2_ST00341" HPOS="1347" VPOS="3557" WIDTH="81" HEIGHT="48" CONTENT="der" WC="0.97" CC="006"/>
						<SP ID="P2_SP00297" HPOS="1428" VPOS="3619" WIDTH="42"/>
						<String ID="P2_ST00342" HPOS="1470" VPOS="3557" WIDTH="223" HEIGHT="48" CONTENT="Situation" WC="0.98" CC="407662066"/>
					</TextLine>
					<TextLine ID="P2_TL00045" HPOS="186" VPOS="3622" WIDTH="1507" HEIGHT="76">
						<String ID="P2_ST00343" HPOS="186" VPOS="3622" WIDTH="110" HEIGHT="47" CONTENT="wird" WC="0.99" CC="0050"/>
						<SP ID="P2_SP00298" HPOS="296" VPOS="3669" WIDTH="35"/>
						<String ID="P2_ST00344" HPOS="331" VPOS="3623" WIDTH="225" HEIGHT="50" CONTENT="Niemand" WC="0.98" CC="8000089"/>
						<SP ID="P2_SP00299" HPOS="556" VPOS="3673" WIDTH="29"/>
						<String ID="P2_ST00345" HPOS="585" VPOS="3626" WIDTH="308" HEIGHT="66" CONTENT="vertheidigen" WC="0.82" CC="004640000007"/>
						<SP ID="P2_SP00300" HPOS="893" VPOS="3692" WIDTH="29"/>
						<String ID="P2_ST00346" HPOS="922" VPOS="3629" WIDTH="175" HEIGHT="49" CONTENT="wollen." WC="1.00" CC="0020000"/>
						<SP ID="P2_SP00301" HPOS="1097" VPOS="3692" WIDTH="56"/>
						<String ID="P2_ST00347" HPOS="1153" VPOS="3633" WIDTH="151" HEIGHT="47" CONTENT="Fräul." WC="0.82" CC="040032"/>
						<SP ID="P2_SP00302" HPOS="1304" VPOS="3692" WIDTH="32"/>
						<String ID="P2_ST00348" HPOS="1336" VPOS="3633" WIDTH="159" HEIGHT="65" CONTENT="Typka" WC="1.00" CC="00000"/>
						<SP ID="P2_SP00303" HPOS="1495" VPOS="3698" WIDTH="25"/>
						<String ID="P2_ST00349" HPOS="1520" VPOS="3637" WIDTH="173" HEIGHT="44" CONTENT="ärntete" WC="0.86" CC="0800000"/>
					</TextLine>
					<TextLine ID="P2_TL00046" HPOS="188" VPOS="3698" WIDTH="1506" HEIGHT="76">
						<String ID="P2_ST00350" HPOS="188" VPOS="3698" WIDTH="113" HEIGHT="47" CONTENT="nach" WC="0.96" CC="7317"/>
						<SP ID="P2_SP00304" HPOS="301" VPOS="3745" WIDTH="29"/>
						<String ID="P2_ST00351" HPOS="330" VPOS="3699" WIDTH="142" HEIGHT="48" CONTENT="dieser" WC="0.98" CC="004414"/>
						<SP ID="P2_SP00305" HPOS="472" VPOS="3747" WIDTH="28"/>
						<String ID="P2_ST00352" HPOS="500" VPOS="3702" WIDTH="144" HEIGHT="47" CONTENT="Scene" WC="0.68" CC="50064"/>
						<SP ID="P2_SP00306" HPOS="644" VPOS="3749" WIDTH="28"/>
						<String ID="P2_ST00353" HPOS="672" VPOS="3703" WIDTH="156" HEIGHT="48" CONTENT="Beifall" WC="0.98" CC="6500631"/>
						<SP ID="P2_SP00307" HPOS="828" VPOS="3751" WIDTH="40"/>
						<String ID="P2_ST00354" HPOS="868" VPOS="3704" WIDTH="92" HEIGHT="49" CONTENT="und" WC="0.97" CC="070"/>
						<SP ID="P2_SP00308" HPOS="960" VPOS="3753" WIDTH="28"/>
						<String ID="P2_ST00355" HPOS="988" VPOS="3707" WIDTH="263" HEIGHT="49" CONTENT="Hervorruf." WC="0.98" CC="7358093503"/>
						<SP ID="P2_SP00309" HPOS="1251" VPOS="3756" WIDTH="49"/>
						<String ID="P2_ST00356" HPOS="1300" VPOS="3711" WIDTH="50" HEIGHT="45" CONTENT="In" WC="0.51" CC="26"/>
						<SP ID="P2_SP00310" HPOS="1350" VPOS="3756" WIDTH="29"/>
						<String ID="P2_ST00357" HPOS="1379" VPOS="3711" WIDTH="315" HEIGHT="63" CONTENT="gesanglicher" WC="0.99" CC="014079200426"/>
					</TextLine>
					<TextLine ID="P2_TL00047" HPOS="189" VPOS="3774" WIDTH="1259" HEIGHT="76">
						<String ID="P2_ST00358" HPOS="189" VPOS="3774" WIDTH="202" HEIGHT="48" CONTENT="Hinsicht" WC="0.99" CC="70014060"/>
						<SP ID="P2_SP00311" HPOS="391" VPOS="3822" WIDTH="25"/>
						<String ID="P2_ST00359" HPOS="416" VPOS="3777" WIDTH="55" HEIGHT="48" CONTENT="ist" WC="0.99" CC="200"/>
						<SP ID="P2_SP00312" HPOS="471" VPOS="3825" WIDTH="25"/>
						<String ID="P2_ST00360" HPOS="496" VPOS="3779" WIDTH="153" HEIGHT="48" CONTENT="Fräul." WC="0.93" CC="000201"/>
						<SP ID="P2_SP00313" HPOS="649" VPOS="3827" WIDTH="31"/>
						<String ID="P2_ST00361" HPOS="680" VPOS="3779" WIDTH="158" HEIGHT="66" CONTENT="Typka" WC="0.80" CC="00090"/>
						<SP ID="P2_SP00314" HPOS="838" VPOS="3845" WIDTH="29"/>
						<String ID="P2_ST00362" HPOS="867" VPOS="3780" WIDTH="227" HEIGHT="51" CONTENT="durchaus" WC="0.99" CC="02903550"/>
						<SP ID="P2_SP00315" HPOS="1094" VPOS="3845" WIDTH="31"/>
						<String ID="P2_ST00363" HPOS="1125" VPOS="3784" WIDTH="323" HEIGHT="66" CONTENT="befriedigend." WC="0.99" CC="4004020194494"/>
					</TextLine>
					<TextLine ID="P2_TL00048" HPOS="298" VPOS="3852" WIDTH="1393" HEIGHT="77">
						<String ID="P2_ST00364" HPOS="298" VPOS="3852" WIDTH="126" HEIGHT="47" CONTENT="Nach" WC="0.98" CC="0307"/>
						<SP ID="P2_SP00316" HPOS="424" VPOS="3899" WIDTH="42"/>
						<String ID="P2_ST00365" HPOS="466" VPOS="3853" WIDTH="79" HEIGHT="49" CONTENT="der" WC="0.95" CC="706"/>
						<SP ID="P2_SP00317" HPOS="545" VPOS="3902" WIDTH="39"/>
						<String ID="P2_ST00366" HPOS="584" VPOS="3857" WIDTH="345" HEIGHT="66" CONTENT="Verwandlung" WC="0.99" CC="03606800120"/>
						<SP ID="P2_SP00318" HPOS="929" VPOS="3923" WIDTH="38"/>
						<String ID="P2_ST00367" HPOS="967" VPOS="3859" WIDTH="139" HEIGHT="50" CONTENT="sehen" WC="0.99" CC="00503"/>
						<SP ID="P2_SP00319" HPOS="1106" VPOS="3923" WIDTH="42"/>
						<String ID="P2_ST00368" HPOS="1148" VPOS="3862" WIDTH="81" HEIGHT="47" CONTENT="wir" WC="1.00" CC="000"/>
						<SP ID="P2_SP00320" HPOS="1229" VPOS="3923" WIDTH="48"/>
						<String ID="P2_ST00369" HPOS="1277" VPOS="3864" WIDTH="98" HEIGHT="47" CONTENT="eine" WC="0.98" CC="2070"/>
						<SP ID="P2_SP00321" HPOS="1375" VPOS="3923" WIDTH="41"/>
						<String ID="P2_ST00370" HPOS="1416" VPOS="3863" WIDTH="275" HEIGHT="66" CONTENT="prachtvolle" WC="0.99" CC="02904604500"/>
					</TextLine>
					<TextLine ID="P2_TL00049" HPOS="185" VPOS="3925" WIDTH="1505" HEIGHT="65">
						<String ID="P2_ST00371" HPOS="185" VPOS="3925" WIDTH="272" HEIGHT="51" CONTENT="Landschaft" WC="0.99" CC="7070006064"/>
						<SP ID="P2_SP00322" HPOS="457" VPOS="3976" WIDTH="38"/>
						<String ID="P2_ST00372" HPOS="495" VPOS="3930" WIDTH="78" HEIGHT="49" CONTENT="mit" WC="0.94" CC="906"/>
						<SP ID="P2_SP00323" HPOS="573" VPOS="3979" WIDTH="26"/>
						<String ID="P2_ST00373" HPOS="599" VPOS="3933" WIDTH="102" HEIGHT="57" CONTENT="See," WC="0.97" CC="4452"/>
						<SP ID="P2_SP00324" HPOS="701" VPOS="3990" WIDTH="40"/>
						<String ID="P2_ST00374" HPOS="741" VPOS="3934" WIDTH="141" HEIGHT="50" CONTENT="Mond" WC="0.98" CC="0150"/>
						<SP ID="P2_SP00325" HPOS="882" VPOS="3990" WIDTH="38"/>
						<String ID="P2_ST00375" HPOS="920" VPOS="3935" WIDTH="92" HEIGHT="49" CONTENT="und" WC="0.96" CC="440"/>
						<SP ID="P2_SP00326" HPOS="1012" VPOS="3990" WIDTH="29"/>
						<String ID="P2_ST00376" HPOS="1041" VPOS="3937" WIDTH="81" HEIGHT="48" CONTENT="der" WC="0.99" CC="003"/>
						<SP ID="P2_SP00327" HPOS="1122" VPOS="3990" WIDTH="35"/>
						<String ID="P2_ST00377" HPOS="1157" VPOS="3941" WIDTH="312" HEIGHT="48" CONTENT="entsetzlichen" WC="0.99" CC="2204302506614"/>
						<SP ID="P2_SP00328" HPOS="1469" VPOS="3990" WIDTH="29"/>
						<String ID="P2_ST00378" HPOS="1498" VPOS="3941" WIDTH="192" HEIGHT="49" CONTENT="Brücke." WC="0.98" CC="5503504"/>
					</TextLine>
					<TextLine ID="P2_TL00050" HPOS="189" VPOS="4001" WIDTH="1501" HEIGHT="82">
						<String ID="P2_ST00379" HPOS="189" VPOS="4001" WIDTH="202" HEIGHT="64" CONTENT="Originel" WC="0.52" CC="74491602"/>
						<SP ID="P2_SP00329" HPOS="391" VPOS="4065" WIDTH="38"/>
						<String ID="P2_ST00380" HPOS="429" VPOS="4004" WIDTH="95" HEIGHT="48" CONTENT="sind" WC="0.97" CC="3038"/>
						<SP ID="P2_SP00330" HPOS="524" VPOS="4065" WIDTH="40"/>
						<String ID="P2_ST00381" HPOS="564" VPOS="4005" WIDTH="69" HEIGHT="50" CONTENT="die" WC="1.00" CC="000"/>
						<SP ID="P2_SP00331" HPOS="633" VPOS="4065" WIDTH="30"/>
						<String ID="P2_ST00382" HPOS="663" VPOS="4009" WIDTH="212" HEIGHT="66" CONTENT="Couplets" WC="0.99" CC="53204060"/>
						<SP ID="P2_SP00332" HPOS="875" VPOS="4075" WIDTH="30"/>
						<String ID="P2_ST00383" HPOS="905" VPOS="4013" WIDTH="275" HEIGHT="48" CONTENT="Corentin's:" WC="0.77" CC="64500042000"/>
						<SP ID="P2_SP00333" HPOS="1180" VPOS="4075" WIDTH="39"/>
						<String ID="P2_ST00384" HPOS="1219" VPOS="4015" WIDTH="213" HEIGHT="68" CONTENT="„Montag" WC="0.99" CC="3004440"/>
						<SP ID="P2_SP00334" HPOS="1432" VPOS="4083" WIDTH="31"/>
						<String ID="P2_ST00385" HPOS="1463" VPOS="4018" WIDTH="128" HEIGHT="63" CONTENT="fängt" WC="0.98" CC="09500"/>
						<SP ID="P2_SP00335" HPOS="1591" VPOS="4083" WIDTH="28"/>
						<String ID="P2_ST00386" HPOS="1619" VPOS="4017" WIDTH="71" HEIGHT="48" CONTENT="die" WC="0.97" CC="900"/>
					</TextLine>
					<TextLine ID="P2_TL00051" HPOS="190" VPOS="4078" WIDTH="1503" HEIGHT="79">
						<String ID="P2_ST00387" HPOS="190" VPOS="4078" WIDTH="178" HEIGHT="50" CONTENT="Woche" WC="0.99" CC="02060"/>
						<SP ID="P2_SP00336" HPOS="368" VPOS="4128" WIDTH="28"/>
						<String ID="P2_ST00388" HPOS="396" VPOS="4088" WIDTH="112" HEIGHT="52" CONTENT='an",' WC="0.97" CC="0662"/>
						<SP ID="P2_SP00337" HPOS="508" VPOS="4140" WIDTH="35"/>
						<String ID="P2_ST00389" HPOS="543" VPOS="4099" WIDTH="82" HEIGHT="32" CONTENT="von" WC="0.97" CC="016"/>
						<SP ID="P2_SP00338" HPOS="625" VPOS="4140" WIDTH="33"/>
						<String ID="P2_ST00390" HPOS="658" VPOS="4087" WIDTH="147" HEIGHT="48" CONTENT="Herrn" WC="0.98" CC="71400"/>
						<SP ID="P2_SP00339" HPOS="805" VPOS="4140" WIDTH="29"/>
						<String ID="P2_ST00391" HPOS="834" VPOS="4089" WIDTH="248" HEIGHT="50" CONTENT="Schneider" WC="1.00" CC="403000002"/>
						<SP ID="P2_SP00340" HPOS="1082" VPOS="4140" WIDTH="28"/>
						<String ID="P2_ST00392" HPOS="1110" VPOS="4092" WIDTH="198" HEIGHT="49" CONTENT="trefflich" WC="0.99" CC="046008006"/>
						<SP ID="P2_SP00341" HPOS="1308" VPOS="4141" WIDTH="28"/>
						<String ID="P2_ST00393" HPOS="1336" VPOS="4109" WIDTH="233" HEIGHT="48" CONTENT="gesungen" WC="0.99" CC="00305003"/>
						<SP ID="P2_SP00342" HPOS="1569" VPOS="4157" WIDTH="30"/>
						<String ID="P2_ST00394" HPOS="1599" VPOS="4094" WIDTH="94" HEIGHT="50" CONTENT="und" WC="1.00" CC="100"/>
					</TextLine>
				</TextBlock>
				<TextBlock ID="P2_TB00003" HPOS="1761" VPOS="330" WIDTH="1538" HEIGHT="3834" STYLEREFS="TXT_1 PAR_BLOCK">
					<TextLine ID="P2_TL00052" HPOS="1780" VPOS="345" WIDTH="1519" HEIGHT="71">
						<String ID="P2_ST00395" HPOS="1780" VPOS="345" WIDTH="143" HEIGHT="48" CONTENT="durch" WC="0.97" CC="35541"/>
						<SP ID="P2_SP00343" HPOS="1923" VPOS="393" WIDTH="27"/>
						<String ID="P2_ST00396" HPOS="1950" VPOS="345" WIDTH="121" HEIGHT="50" CONTENT="seine" WC="0.99" CC="00080"/>
						<SP ID="P2_SP00344" HPOS="2071" VPOS="395" WIDTH="28"/>
						<String ID="P2_ST00397" HPOS="2099" VPOS="345" WIDTH="121" HEIGHT="50" CONTENT="hohe" WC="0.97" CC="6320"/>
						<SP ID="P2_SP00345" HPOS="2220" VPOS="395" WIDTH="21"/>
						<String ID="P2_ST00398" HPOS="2241" VPOS="346" WIDTH="257" HEIGHT="66" CONTENT="Begabung" WC="0.98" CC="71236109"/>
						<SP ID="P2_SP00346" HPOS="2498" VPOS="412" WIDTH="23"/>
						<String ID="P2_ST00399" HPOS="2521" VPOS="349" WIDTH="77" HEIGHT="48" CONTENT="für" WC="0.98" CC="005"/>
						<SP ID="P2_SP00347" HPOS="2598" VPOS="412" WIDTH="23"/>
						<String ID="P2_ST00400" HPOS="2621" VPOS="348" WIDTH="255" HEIGHT="52" CONTENT="komisches" WC="0.99" CC="606007600"/>
						<SP ID="P2_SP00348" HPOS="2876" VPOS="412" WIDTH="23"/>
						<String ID="P2_ST00401" HPOS="2899" VPOS="350" WIDTH="121" HEIGHT="66" CONTENT="Spiel" WC="0.98" CC="05205"/>
						<SP ID="P2_SP00349" HPOS="3020" VPOS="416" WIDTH="24"/>
						<String ID="P2_ST00402" HPOS="3044" VPOS="353" WIDTH="96" HEIGHT="48" CONTENT="aufs" WC="0.97" CC="1253"/>
						<SP ID="P2_SP00350" HPOS="3140" VPOS="416" WIDTH="23"/>
						<String ID="P2_ST00403" HPOS="3163" VPOS="354" WIDTH="109" HEIGHT="50" CONTENT="wirk" SUBS_TYPE="HypPart1" SUBS_CONTENT="wirksamste" WC="0.98" CC="3032"/>
						<HYP HPOS="3272" VPOS="354" WIDTH="27" CONTENT="-"/>
					</TextLine>
					<TextLine ID="P2_TL00053" HPOS="1779" VPOS="424" WIDTH="1518" HEIGHT="70">
						<String ID="P2_ST00404" HPOS="1779" VPOS="429" WIDTH="164" HEIGHT="41" CONTENT="samste" SUBS_TYPE="HypPart2" SUBS_CONTENT="wirksamste" WC="1.00" CC="300000"/>
						<SP ID="P2_SP00351" HPOS="1943" VPOS="470" WIDTH="40"/>
						<String ID="P2_ST00405" HPOS="1983" VPOS="426" WIDTH="281" HEIGHT="45" CONTENT="unterstützt." WC="1.00" CC="000000000304"/>
						<SP ID="P2_SP00352" HPOS="2264" VPOS="471" WIDTH="48"/>
						<String ID="P2_ST00406" HPOS="2312" VPOS="424" WIDTH="155" HEIGHT="48" CONTENT="Ueber" WC="0.77" CC="60103"/>
						<SP ID="P2_SP00353" HPOS="2467" VPOS="472" WIDTH="28"/>
						<String ID="P2_ST00407" HPOS="2495" VPOS="425" WIDTH="245" HEIGHT="48" CONTENT="Dinorah's" WC="0.81" CC="600108000"/>
						<SP ID="P2_SP00354" HPOS="2740" VPOS="473" WIDTH="39"/>
						<String ID="P2_ST00408" HPOS="2779" VPOS="428" WIDTH="261" HEIGHT="63" CONTENT="mysteriöse" WC="0.99" CC="6704024100"/>
						<SP ID="P2_SP00355" HPOS="3040" VPOS="491" WIDTH="28"/>
						<String ID="P2_ST00409" HPOS="3068" VPOS="430" WIDTH="229" HEIGHT="64" CONTENT="Legende," WC="0.99" CC="30902400"/>
					</TextLine>
					<TextLine ID="P2_TL00054" HPOS="1778" VPOS="496" WIDTH="1519" HEIGHT="71">
						<String ID="P2_ST00410" HPOS="1778" VPOS="498" WIDTH="117" HEIGHT="48" CONTENT="über" WC="0.99" CC="3201"/>
						<SP ID="P2_SP00356" HPOS="1895" VPOS="546" WIDTH="36"/>
						<String ID="P2_ST00411" HPOS="1931" VPOS="496" WIDTH="140" HEIGHT="50" CONTENT="deren" WC="0.99" CC="00203"/>
						<SP ID="P2_SP00357" HPOS="2071" VPOS="546" WIDTH="41"/>
						<String ID="P2_ST00412" HPOS="2112" VPOS="498" WIDTH="331" HEIGHT="64" CONTENT="eigentlichstes" WC="1.00" CC="02003004054007"/>
						<SP ID="P2_SP00358" HPOS="2443" VPOS="562" WIDTH="28"/>
						<String ID="P2_ST00413" HPOS="2471" VPOS="501" WIDTH="292" HEIGHT="49" CONTENT="Heimatland" WC="0.99" CC="6004603030"/>
						<SP ID="P2_SP00359" HPOS="2763" VPOS="562" WIDTH="32"/>
						<String ID="P2_ST00414" HPOS="2795" VPOS="503" WIDTH="70" HEIGHT="48" CONTENT="die" WC="0.98" CC="060"/>
						<SP ID="P2_SP00360" HPOS="2865" VPOS="562" WIDTH="29"/>
						<String ID="P2_ST00415" HPOS="2894" VPOS="504" WIDTH="173" HEIGHT="63" CONTENT="pariser" WC="0.99" CC="5540005"/>
						<SP ID="P2_SP00361" HPOS="3067" VPOS="567" WIDTH="28"/>
						<String ID="P2_ST00416" HPOS="3095" VPOS="506" WIDTH="202" HEIGHT="49" CONTENT="Kritiker" WC="0.99" CC="00640103"/>
					</TextLine>
					<TextLine ID="P2_TL00055" HPOS="1778" VPOS="572" WIDTH="1517" HEIGHT="68">
						<String ID="P2_ST00417" HPOS="1778" VPOS="572" WIDTH="91" HEIGHT="50" CONTENT="sich" WC="0.98" CC="0406"/>
						<SP ID="P2_SP00362" HPOS="1869" VPOS="622" WIDTH="37"/>
						<String ID="P2_ST00418" HPOS="1906" VPOS="589" WIDTH="48" HEIGHT="32" CONTENT="so" WC="0.85" CC="11"/>
						<SP ID="P2_SP00363" HPOS="1954" VPOS="622" WIDTH="40"/>
						<String ID="P2_ST00419" HPOS="1994" VPOS="572" WIDTH="249" HEIGHT="65" CONTENT="vergebens" WC="1.00" CC="000000000"/>
						<SP ID="P2_SP00364" HPOS="2243" VPOS="637" WIDTH="28"/>
						<String ID="P2_ST00420" HPOS="2271" VPOS="574" WIDTH="87" HEIGHT="48" CONTENT="den" WC="0.98" CC="004"/>
						<SP ID="P2_SP00365" HPOS="2358" VPOS="637" WIDTH="27"/>
						<String ID="P2_ST00421" HPOS="2385" VPOS="576" WIDTH="128" HEIGHT="64" CONTENT="Kopf" WC="0.97" CC="0069"/>
						<SP ID="P2_SP00366" HPOS="2513" VPOS="640" WIDTH="32"/>
						<String ID="P2_ST00422" HPOS="2545" VPOS="576" WIDTH="294" HEIGHT="59" CONTENT="zerbrechen," WC="0.99" CC="60361003036"/>
						<SP ID="P2_SP00367" HPOS="2839" VPOS="640" WIDTH="41"/>
						<String ID="P2_ST00423" HPOS="2880" VPOS="579" WIDTH="174" HEIGHT="48" CONTENT="scheint" WC="0.99" CC="5030050"/>
						<SP ID="P2_SP00368" HPOS="3054" VPOS="640" WIDTH="28"/>
						<String ID="P2_ST00424" HPOS="3082" VPOS="580" WIDTH="213" HEIGHT="50" CONTENT="Corentin" WC="0.68" CC="60017604"/>
					</TextLine>
					<TextLine ID="P2_TL00056" HPOS="1779" VPOS="649" WIDTH="1515" HEIGHT="68">
						<String ID="P2_ST00425" HPOS="1779" VPOS="649" WIDTH="152" HEIGHT="48" CONTENT="besser" WC="0.99" CC="620000"/>
						<SP ID="P2_SP00369" HPOS="1931" VPOS="697" WIDTH="28"/>
						<String ID="P2_ST00426" HPOS="1959" VPOS="650" WIDTH="298" HEIGHT="48" CONTENT="unterrichtet" WC="1.00" CC="000000605001"/>
						<SP ID="P2_SP00370" HPOS="2257" VPOS="698" WIDTH="25"/>
						<String ID="P2_ST00427" HPOS="2282" VPOS="668" WIDTH="55" HEIGHT="30" CONTENT="zu" WC="0.79" CC="40"/>
						<SP ID="P2_SP00371" HPOS="2337" VPOS="698" WIDTH="30"/>
						<String ID="P2_ST00428" HPOS="2367" VPOS="651" WIDTH="109" HEIGHT="57" CONTENT="sein," WC="0.99" CC="00051"/>
						<SP ID="P2_SP00372" HPOS="2476" VPOS="708" WIDTH="42"/>
						<String ID="P2_ST00429" HPOS="2518" VPOS="651" WIDTH="117" HEIGHT="50" CONTENT="denn" WC="0.99" CC="0004"/>
						<SP ID="P2_SP00373" HPOS="2635" VPOS="708" WIDTH="38"/>
						<String ID="P2_ST00430" HPOS="2673" VPOS="669" WIDTH="50" HEIGHT="32" CONTENT="er" WC="0.90" CC="01"/>
						<SP ID="P2_SP00374" HPOS="2723" VPOS="708" WIDTH="35"/>
						<String ID="P2_ST00431" HPOS="2758" VPOS="661" WIDTH="101" HEIGHT="56" CONTENT="sagt" WC="0.99" CC="0600"/>
						<SP ID="P2_SP00375" HPOS="2859" VPOS="717" WIDTH="26"/>
						<String ID="P2_ST00432" HPOS="2885" VPOS="654" WIDTH="117" HEIGHT="49" CONTENT="nach" WC="0.98" CC="6004"/>
						<SP ID="P2_SP00376" HPOS="3002" VPOS="717" WIDTH="29"/>
						<String ID="P2_ST00433" HPOS="3031" VPOS="655" WIDTH="85" HEIGHT="48" CONTENT="den" WC="1.00" CC="000"/>
						<SP ID="P2_SP00377" HPOS="3116" VPOS="717" WIDTH="31"/>
						<String ID="P2_ST00434" HPOS="3147" VPOS="664" WIDTH="147" HEIGHT="42" CONTENT="ersten" WC="0.99" CC="034007"/>
					</TextLine>
					<TextLine ID="P2_TL00057" HPOS="1778" VPOS="726" WIDTH="1515" HEIGHT="65">
						<String ID="P2_ST00435" HPOS="1778" VPOS="727" WIDTH="180" HEIGHT="46" CONTENT="Tönen:" WC="0.99" CC="035000"/>
						<SP ID="P2_SP00378" HPOS="1958" VPOS="773" WIDTH="42"/>
						<String ID="P2_ST00436" HPOS="2000" VPOS="726" WIDTH="137" HEIGHT="56" CONTENT="„Der" WC="0.96" CC="4506"/>
						<SP ID="P2_SP00379" HPOS="2137" VPOS="782" WIDTH="29"/>
						<String ID="P2_ST00437" HPOS="2166" VPOS="726" WIDTH="181" HEIGHT="65" CONTENT="Gesang" WC="0.97" CC="106639"/>
						<SP ID="P2_SP00380" HPOS="2347" VPOS="791" WIDTH="28"/>
						<String ID="P2_ST00438" HPOS="2375" VPOS="727" WIDTH="54" HEIGHT="47" CONTENT="ist" WC="1.00" CC="000"/>
						<SP ID="P2_SP00381" HPOS="2429" VPOS="791" WIDTH="28"/>
						<String ID="P2_ST00439" HPOS="2457" VPOS="727" WIDTH="85" HEIGHT="49" CONTENT="mir" WC="0.99" CC="003"/>
						<SP ID="P2_SP00382" HPOS="2542" VPOS="791" WIDTH="27"/>
						<String ID="P2_ST00440" HPOS="2569" VPOS="729" WIDTH="123" HEIGHT="50" CONTENT="nicht" WC="0.98" CC="76030"/>
						<SP ID="P2_SP00383" HPOS="2692" VPOS="791" WIDTH="28"/>
						<String ID="P2_ST00441" HPOS="2720" VPOS="730" WIDTH="314" HEIGHT="49" CONTENT='unbekannt!"' WC="0.99" CC="50600277075"/>
						<SP ID="P2_SP00384" HPOS="3034" VPOS="791" WIDTH="33"/>
						<String ID="P2_ST00442" HPOS="3067" VPOS="732" WIDTH="226" HEIGHT="50" CONTENT="Erkennt" WC="0.99" CC="3200332"/>
					</TextLine>
					<TextLine ID="P2_TL00058" HPOS="1778" VPOS="801" WIDTH="870" HEIGHT="52">
						<String ID="P2_ST00443" HPOS="1778" VPOS="801" WIDTH="371" HEIGHT="50" CONTENT="wahrscheinlich" WC="0.99" CC="40603070065035"/>
						<SP ID="P2_SP00385" HPOS="2149" VPOS="851" WIDTH="30"/>
						<String ID="P2_ST00444" HPOS="2179" VPOS="802" WIDTH="177" HEIGHT="49" CONTENT="Verdi's" WC="0.78" CC="4007400"/>
						<SP ID="P2_SP00386" HPOS="2356" VPOS="851" WIDTH="29"/>
						<String ID="P2_ST00445" HPOS="2385" VPOS="805" WIDTH="263" HEIGHT="48" CONTENT="Trovatore." WC="0.69" CC="0546304204"/>
					</TextLine>
					<TextLine ID="P2_TL00059" HPOS="1891" VPOS="877" WIDTH="1401" HEIGHT="55">
						<String ID="P2_ST00446" HPOS="1891" VPOS="877" WIDTH="128" HEIGHT="49" CONTENT="Nach" WC="0.98" CC="3005"/>
						<SP ID="P2_SP00387" HPOS="2019" VPOS="926" WIDTH="31"/>
						<String ID="P2_ST00447" HPOS="2050" VPOS="877" WIDTH="80" HEIGHT="49" CONTENT="der" WC="0.97" CC="006"/>
						<SP ID="P2_SP00388" HPOS="2130" VPOS="926" WIDTH="21"/>
						<String ID="P2_ST00448" HPOS="2151" VPOS="879" WIDTH="249" HEIGHT="48" CONTENT="Rückkehr" WC="0.99" CC="30000062"/>
						<SP ID="P2_SP00389" HPOS="2400" VPOS="927" WIDTH="22"/>
						<String ID="P2_ST00449" HPOS="2422" VPOS="881" WIDTH="155" HEIGHT="46" CONTENT="Hoel's" WC="0.97" CC="100000"/>
						<SP ID="P2_SP00390" HPOS="2577" VPOS="927" WIDTH="28"/>
						<String ID="P2_ST00450" HPOS="2605" VPOS="896" WIDTH="86" HEIGHT="32" CONTENT="von" WC="0.96" CC="603"/>
						<SP ID="P2_SP00391" HPOS="2691" VPOS="928" WIDTH="28"/>
						<String ID="P2_ST00451" HPOS="2719" VPOS="880" WIDTH="81" HEIGHT="48" CONTENT="der" WC="0.98" CC="004"/>
						<SP ID="P2_SP00392" HPOS="2800" VPOS="928" WIDTH="22"/>
						<String ID="P2_ST00452" HPOS="2822" VPOS="881" WIDTH="179" HEIGHT="48" CONTENT="Brücke" WC="0.99" CC="450000"/>
						<SP ID="P2_SP00393" HPOS="3001" VPOS="929" WIDTH="30"/>
						<String ID="P2_ST00453" HPOS="3031" VPOS="881" WIDTH="142" HEIGHT="50" CONTENT="bahnt" WC="0.98" CC="40700"/>
						<SP ID="P2_SP00394" HPOS="3173" VPOS="931" WIDTH="26"/>
						<String ID="P2_ST00454" HPOS="3199" VPOS="885" WIDTH="93" HEIGHT="47" CONTENT="sich" WC="0.99" CC="1004"/>
					</TextLine>
					<TextLine ID="P2_TL00060" HPOS="1776" VPOS="953" WIDTH="1516" HEIGHT="61">
						<String ID="P2_ST00455" HPOS="1776" VPOS="953" WIDTH="82" HEIGHT="49" CONTENT="der" WC="0.98" CC="004"/>
						<SP ID="P2_SP00395" HPOS="1858" VPOS="1002" WIDTH="40"/>
						<String ID="P2_ST00456" HPOS="1898" VPOS="953" WIDTH="171" HEIGHT="49" CONTENT="famose" WC="0.99" CC="008240"/>
						<SP ID="P2_SP00396" HPOS="2069" VPOS="1002" WIDTH="28"/>
						<String ID="P2_ST00457" HPOS="2097" VPOS="955" WIDTH="182" HEIGHT="48" CONTENT="Schluss" WC="0.72" CC="5050520"/>
						<SP ID="P2_SP00397" HPOS="2279" VPOS="1003" WIDTH="42"/>
						<String ID="P2_ST00458" HPOS="2321" VPOS="955" WIDTH="77" HEIGHT="48" CONTENT="des" WC="1.00" CC="000"/>
						<SP ID="P2_SP00398" HPOS="2398" VPOS="1003" WIDTH="41"/>
						<String ID="P2_ST00459" HPOS="2439" VPOS="956" WIDTH="187" HEIGHT="47" CONTENT="zweiten" WC="0.99" CC="6500502"/>
						<SP ID="P2_SP00399" HPOS="2626" VPOS="1003" WIDTH="38"/>
						<String ID="P2_ST00460" HPOS="2664" VPOS="959" WIDTH="136" HEIGHT="45" CONTENT="Actes" WC="0.98" CC="40530"/>
						<SP ID="P2_SP00400" HPOS="2800" VPOS="1004" WIDTH="42"/>
						<String ID="P2_ST00461" HPOS="2842" VPOS="974" WIDTH="83" HEIGHT="40" CONTENT="an;" WC="1.00" CC="000"/>
						<SP ID="P2_SP00401" HPOS="2925" VPOS="1014" WIDTH="41"/>
						<String ID="P2_ST00462" HPOS="2966" VPOS="959" WIDTH="213" HEIGHT="49" CONTENT="zunächst" WC="0.99" CC="40240105"/>
						<SP ID="P2_SP00402" HPOS="3179" VPOS="1014" WIDTH="40"/>
						<String ID="P2_ST00463" HPOS="3219" VPOS="961" WIDTH="73" HEIGHT="47" CONTENT="ein" WC="0.98" CC="006"/>
					</TextLine>
					<TextLine ID="P2_TL00061" HPOS="1775" VPOS="1031" WIDTH="1515" HEIGHT="60">
						<String ID="P2_ST00464" HPOS="1775" VPOS="1032" WIDTH="142" HEIGHT="46" CONTENT="Duett" WC="0.97" CC="63065"/>
						<SP ID="P2_SP00403" HPOS="1917" VPOS="1078" WIDTH="21"/>
						<String ID="P2_ST00465" HPOS="1938" VPOS="1031" WIDTH="221" HEIGHT="48" CONTENT="zwischen" WC="0.99" CC="40000603"/>
						<SP ID="P2_SP00404" HPOS="2159" VPOS="1079" WIDTH="23"/>
						<String ID="P2_ST00466" HPOS="2182" VPOS="1032" WIDTH="116" HEIGHT="47" CONTENT="Hoel" WC="0.71" CC="6203"/>
						<SP ID="P2_SP00405" HPOS="2298" VPOS="1079" WIDTH="23"/>
						<String ID="P2_ST00467" HPOS="2321" VPOS="1032" WIDTH="92" HEIGHT="47" CONTENT="und" WC="0.98" CC="040"/>
						<SP ID="P2_SP00406" HPOS="2413" VPOS="1079" WIDTH="18"/>
						<String ID="P2_ST00468" HPOS="2431" VPOS="1032" WIDTH="229" HEIGHT="59" CONTENT="Corentin," WC="0.76" CC="613040031"/>
						<SP ID="P2_SP00407" HPOS="2660" VPOS="1091" WIDTH="25"/>
						<String ID="P2_ST00469" HPOS="2685" VPOS="1033" WIDTH="193" HEIGHT="49" CONTENT="welches" WC="1.00" CC="0030000"/>
						<SP ID="P2_SP00408" HPOS="2878" VPOS="1091" WIDTH="22"/>
						<String ID="P2_ST00470" HPOS="2900" VPOS="1036" WIDTH="131" HEIGHT="46" CONTENT="Fluss" WC="0.64" CC="06450"/>
						<SP ID="P2_SP00409" HPOS="3031" VPOS="1091" WIDTH="23"/>
						<String ID="P2_ST00471" HPOS="3054" VPOS="1035" WIDTH="93" HEIGHT="48" CONTENT="und" WC="0.96" CC="640"/>
						<SP ID="P2_SP00410" HPOS="3147" VPOS="1091" WIDTH="25"/>
						<String ID="P2_ST00472" HPOS="3172" VPOS="1037" WIDTH="89" HEIGHT="49" CONTENT="Cha" SUBS_TYPE="HypPart1" SUBS_CONTENT="Charakter" WC="0.99" CC="121"/>
						<HYP HPOS="3261" VPOS="1037" WIDTH="29" CONTENT="-"/>
					</TextLine>
					<TextLine ID="P2_TL00062" HPOS="1775" VPOS="1106" WIDTH="1517" HEIGHT="66">
						<String ID="P2_ST00473" HPOS="1775" VPOS="1106" WIDTH="155" HEIGHT="49" CONTENT="rakter" SUBS_TYPE="HypPart2" SUBS_CONTENT="Charakter" WC="0.99" CC="430003"/>
						<SP ID="P2_SP00411" HPOS="1930" VPOS="1155" WIDTH="29"/>
						<String ID="P2_ST00474" HPOS="1959" VPOS="1106" WIDTH="99" HEIGHT="57" CONTENT="hat;" WC="1.00" CC="0000"/>
						<SP ID="P2_SP00412" HPOS="2058" VPOS="1163" WIDTH="44"/>
						<String ID="P2_ST00475" HPOS="2102" VPOS="1106" WIDTH="111" HEIGHT="49" CONTENT="aber" WC="0.98" CC="4300"/>
						<SP ID="P2_SP00413" HPOS="2213" VPOS="1163" WIDTH="30"/>
						<String ID="P2_ST00476" HPOS="2243" VPOS="1124" WIDTH="104" HEIGHT="31" CONTENT="man" WC="0.98" CC="022"/>
						<SP ID="P2_SP00414" HPOS="2347" VPOS="1163" WIDTH="29"/>
						<String ID="P2_ST00477" HPOS="2376" VPOS="1107" WIDTH="227" HEIGHT="65" CONTENT="begegnet" WC="0.99" CC="70000500"/>
						<SP ID="P2_SP00415" HPOS="2603" VPOS="1172" WIDTH="37"/>
						<String ID="P2_ST00478" HPOS="2640" VPOS="1110" WIDTH="123" HEIGHT="47" CONTENT="einer" WC="1.00" CC="00003"/>
						<SP ID="P2_SP00416" HPOS="2763" VPOS="1172" WIDTH="28"/>
						<String ID="P2_ST00479" HPOS="2791" VPOS="1117" WIDTH="106" HEIGHT="41" CONTENT="stets" WC="0.99" CC="04000"/>
						<SP ID="P2_SP00417" HPOS="2897" VPOS="1172" WIDTH="31"/>
						<String ID="P2_ST00480" HPOS="2928" VPOS="1111" WIDTH="92" HEIGHT="47" CONTENT="und" WC="0.96" CC="460"/>
						<SP ID="P2_SP00418" HPOS="3020" VPOS="1172" WIDTH="28"/>
						<String ID="P2_ST00481" HPOS="3048" VPOS="1119" WIDTH="106" HEIGHT="40" CONTENT="stets" WC="0.99" CC="06200"/>
						<SP ID="P2_SP00419" HPOS="3154" VPOS="1172" WIDTH="30"/>
						<String ID="P2_ST00482" HPOS="3184" VPOS="1113" WIDTH="81" HEIGHT="47" CONTENT="wie" SUBS_TYPE="HypPart1" SUBS_CONTENT="wiederkehrenden" WC="0.97" CC="900"/>
						<HYP HPOS="3265" VPOS="1113" WIDTH="27" CONTENT="-"/>
					</TextLine>
					<TextLine ID="P2_TL00063" HPOS="1775" VPOS="1182" WIDTH="1517" HEIGHT="69">
						<String ID="P2_ST00483" HPOS="1775" VPOS="1182" WIDTH="347" HEIGHT="50" CONTENT="derkehrenden" SUBS_TYPE="HypPart2" SUBS_CONTENT="wiederkehrenden" WC="1.00" CC="904006000000"/>
						<SP ID="P2_SP00420" HPOS="2122" VPOS="1232" WIDTH="42"/>
						<String ID="P2_ST00484" HPOS="2164" VPOS="1183" WIDTH="241" HEIGHT="50" CONTENT="ordinären" WC="0.99" CC="036043403"/>
						<SP ID="P2_SP00421" HPOS="2405" VPOS="1233" WIDTH="27"/>
						<String ID="P2_ST00485" HPOS="2432" VPOS="1185" WIDTH="416" HEIGHT="66" CONTENT="Orchester-Figur" WC="1.00" CC="500004201101000"/>
						<SP ID="P2_SP00422" HPOS="2848" VPOS="1251" WIDTH="121"/>
						<String ID="P2_ST00486" HPOS="2969" VPOS="1187" WIDTH="124" HEIGHT="50" CONTENT="einer" WC="0.99" CC="00600"/>
						<SP ID="P2_SP00423" HPOS="3093" VPOS="1251" WIDTH="27"/>
						<String ID="P2_ST00487" HPOS="3120" VPOS="1188" WIDTH="172" HEIGHT="50" CONTENT="Phrase" WC="0.99" CC="414000"/>
					</TextLine>
					<TextLine ID="P2_TL00064" HPOS="1774" VPOS="1258" WIDTH="1354" HEIGHT="68">
						<String ID="P2_ST00488" HPOS="1774" VPOS="1275" WIDTH="86" HEIGHT="32" CONTENT="von" WC="0.94" CC="656"/>
						<SP ID="P2_SP00424" HPOS="1860" VPOS="1307" WIDTH="30"/>
						<String ID="P2_ST00489" HPOS="1890" VPOS="1258" WIDTH="219" HEIGHT="50" CONTENT="vielleicht" WC="0.99" CC="8003320020"/>
						<SP ID="P2_SP00425" HPOS="2109" VPOS="1308" WIDTH="27"/>
						<String ID="P2_ST00490" HPOS="2136" VPOS="1260" WIDTH="91" HEIGHT="48" CONTENT="vier" WC="0.99" CC="0004"/>
						<SP ID="P2_SP00426" HPOS="2227" VPOS="1308" WIDTH="30"/>
						<String ID="P2_ST00491" HPOS="2257" VPOS="1262" WIDTH="186" HEIGHT="57" CONTENT="Tacten," WC="0.76" CC="0060062"/>
						<SP ID="P2_SP00427" HPOS="2443" VPOS="1319" WIDTH="28"/>
						<String ID="P2_ST00492" HPOS="2471" VPOS="1261" WIDTH="71" HEIGHT="48" CONTENT="die" WC="1.00" CC="000"/>
						<SP ID="P2_SP00428" HPOS="2542" VPOS="1319" WIDTH="32"/>
						<String ID="P2_ST00493" HPOS="2574" VPOS="1262" WIDTH="318" HEIGHT="64" CONTENT="unangenehm" WC="1.00" CC="0105004040"/>
						<SP ID="P2_SP00429" HPOS="2892" VPOS="1326" WIDTH="30"/>
						<String ID="P2_ST00494" HPOS="2922" VPOS="1262" WIDTH="206" HEIGHT="50" CONTENT="berührt." WC="0.99" CC="70401460"/>
					</TextLine>
					<TextLine ID="P2_TL00065" HPOS="1891" VPOS="1336" WIDTH="1398" HEIGHT="68">
						<String ID="P2_ST00495" HPOS="1891" VPOS="1336" WIDTH="255" HEIGHT="57" CONTENT="Trotzdem," WC="0.99" CC="064600002"/>
						<SP ID="P2_SP00430" HPOS="2146" VPOS="1393" WIDTH="29"/>
						<String ID="P2_ST00496" HPOS="2175" VPOS="1336" WIDTH="101" HEIGHT="49" CONTENT="dass" WC="1.00" CC="0000"/>
						<SP ID="P2_SP00431" HPOS="2276" VPOS="1393" WIDTH="29"/>
						<String ID="P2_ST00497" HPOS="2305" VPOS="1337" WIDTH="81" HEIGHT="48" CONTENT="der" WC="0.99" CC="001"/>
						<SP ID="P2_SP00432" HPOS="2386" VPOS="1393" WIDTH="28"/>
						<String ID="P2_ST00498" HPOS="2414" VPOS="1338" WIDTH="183" HEIGHT="49" CONTENT="weitere" WC="1.00" CC="0000020"/>
						<SP ID="P2_SP00433" HPOS="2597" VPOS="1393" WIDTH="21"/>
						<String ID="P2_ST00499" HPOS="2618" VPOS="1340" WIDTH="196" HEIGHT="47" CONTENT="Verlauf" WC="0.99" CC="5040020"/>
						<SP ID="P2_SP00434" HPOS="2814" VPOS="1393" WIDTH="22"/>
						<String ID="P2_ST00500" HPOS="2836" VPOS="1340" WIDTH="76" HEIGHT="47" CONTENT="des" WC="1.00" CC="000"/>
						<SP ID="P2_SP00435" HPOS="2912" VPOS="1393" WIDTH="29"/>
						<String ID="P2_ST00501" HPOS="2941" VPOS="1340" WIDTH="118" HEIGHT="48" CONTENT="oben" WC="0.98" CC="2502"/>
						<SP ID="P2_SP00436" HPOS="3059" VPOS="1393" WIDTH="29"/>
						<String ID="P2_ST00502" HPOS="3088" VPOS="1356" WIDTH="173" HEIGHT="48" CONTENT="genann" SUBS_TYPE="HypPart1" SUBS_CONTENT="genannten" WC="0.99" CC="004040"/>
						<HYP HPOS="3261" VPOS="1356" WIDTH="28" CONTENT="-"/>
					</TextLine>
					<TextLine ID="P2_TL00066" HPOS="1773" VPOS="1412" WIDTH="1511" HEIGHT="61">
						<String ID="P2_ST00503" HPOS="1773" VPOS="1417" WIDTH="75" HEIGHT="41" CONTENT="ten" SUBS_TYPE="HypPart2" SUBS_CONTENT="genannten" WC="1.00" CC="000"/>
						<SP ID="P2_SP00437" HPOS="1848" VPOS="1458" WIDTH="29"/>
						<String ID="P2_ST00504" HPOS="1877" VPOS="1413" WIDTH="188" HEIGHT="46" CONTENT="Duettes" WC="1.00" CC="0400000"/>
						<SP ID="P2_SP00438" HPOS="2065" VPOS="1459" WIDTH="29"/>
						<String ID="P2_ST00505" HPOS="2094" VPOS="1412" WIDTH="121" HEIGHT="47" CONTENT="eines" WC="0.99" CC="00600"/>
						<SP ID="P2_SP00439" HPOS="2215" VPOS="1459" WIDTH="28"/>
						<String ID="P2_ST00506" HPOS="2243" VPOS="1412" WIDTH="81" HEIGHT="48" CONTENT="der" WC="1.00" CC="000"/>
						<SP ID="P2_SP00440" HPOS="2324" VPOS="1460" WIDTH="28"/>
						<String ID="P2_ST00507" HPOS="2352" VPOS="1412" WIDTH="155" HEIGHT="48" CONTENT="besten" WC="0.99" CC="401402"/>
						<SP ID="P2_SP00441" HPOS="2507" VPOS="1460" WIDTH="24"/>
						<String ID="P2_ST00508" HPOS="2531" VPOS="1414" WIDTH="307" HEIGHT="49" CONTENT="Musikstücke" WC="0.99" CC="43100039200"/>
						<SP ID="P2_SP00442" HPOS="2838" VPOS="1463" WIDTH="28"/>
						<String ID="P2_ST00509" HPOS="2866" VPOS="1416" WIDTH="70" HEIGHT="57" CONTENT="ist," WC="0.98" CC="3050"/>
						<SP ID="P2_SP00443" HPOS="2936" VPOS="1473" WIDTH="32"/>
						<String ID="P2_ST00510" HPOS="2968" VPOS="1416" WIDTH="194" HEIGHT="48" CONTENT="benahm" WC="0.98" CC="606040"/>
						<SP ID="P2_SP00444" HPOS="3162" VPOS="1473" WIDTH="32"/>
						<String ID="P2_ST00511" HPOS="3194" VPOS="1417" WIDTH="90" HEIGHT="47" CONTENT="sich" WC="0.99" CC="0005"/>
					</TextLine>
					<TextLine ID="P2_TL00067" HPOS="1774" VPOS="1486" WIDTH="1511" HEIGHT="67">
						<String ID="P2_ST00512" HPOS="1774" VPOS="1486" WIDTH="79" HEIGHT="49" CONTENT="das" WC="0.98" CC="004"/>
						<SP ID="P2_SP00445" HPOS="1853" VPOS="1535" WIDTH="29"/>
						<String ID="P2_ST00513" HPOS="1882" VPOS="1487" WIDTH="237" HEIGHT="48" CONTENT="Publicum" WC="1.00" CC="00500060"/>
						<SP ID="P2_SP00446" HPOS="2119" VPOS="1535" WIDTH="44"/>
						<String ID="P2_ST00514" HPOS="2163" VPOS="1488" WIDTH="204" HEIGHT="48" CONTENT="dennoch" WC="0.98" CC="0376004"/>
						<SP ID="P2_SP00447" HPOS="2367" VPOS="1536" WIDTH="44"/>
						<String ID="P2_ST00515" HPOS="2411" VPOS="1488" WIDTH="114" HEIGHT="57" CONTENT="kalt;" WC="0.99" CC="00053"/>
						<SP ID="P2_SP00448" HPOS="2525" VPOS="1545" WIDTH="35"/>
						<String ID="P2_ST00516" HPOS="2560" VPOS="1489" WIDTH="238" HEIGHT="64" CONTENT="jedenfalls" WC="1.00" CC="2000000600"/>
						<SP ID="P2_SP00449" HPOS="2798" VPOS="1553" WIDTH="36"/>
						<String ID="P2_ST00517" HPOS="2834" VPOS="1507" WIDTH="97" HEIGHT="32" CONTENT="war" WC="0.97" CC="006"/>
						<SP ID="P2_SP00450" HPOS="2931" VPOS="1553" WIDTH="38"/>
						<String ID="P2_ST00518" HPOS="2969" VPOS="1507" WIDTH="46" HEIGHT="32" CONTENT="es" WC="0.93" CC="01"/>
						<SP ID="P2_SP00451" HPOS="3015" VPOS="1553" WIDTH="28"/>
						<String ID="P2_ST00519" HPOS="3043" VPOS="1492" WIDTH="162" HEIGHT="47" CONTENT="immer" WC="0.98" CC="35002"/>
						<SP ID="P2_SP00452" HPOS="3205" VPOS="1553" WIDTH="27"/>
						<String ID="P2_ST00520" HPOS="3232" VPOS="1511" WIDTH="53" HEIGHT="29" CONTENT="zu" WC="0.78" CC="40"/>
					</TextLine>
					<TextLine ID="P2_TL00068" HPOS="1773" VPOS="1563" WIDTH="1515" HEIGHT="65">
						<String ID="P2_ST00521" HPOS="1773" VPOS="1563" WIDTH="104" HEIGHT="48" CONTENT="sehr" WC="0.99" CC="0050"/>
						<SP ID="P2_SP00453" HPOS="1877" VPOS="1611" WIDTH="21"/>
						<String ID="P2_ST00522" HPOS="1898" VPOS="1571" WIDTH="220" HEIGHT="57" CONTENT="gespannt" WC="1.00" CC="00000060"/>
						<SP ID="P2_SP00454" HPOS="2118" VPOS="1628" WIDTH="23"/>
						<String ID="P2_ST00523" HPOS="2141" VPOS="1564" WIDTH="81" HEIGHT="49" CONTENT="auf" WC="0.96" CC="046"/>
						<SP ID="P2_SP00455" HPOS="2222" VPOS="1628" WIDTH="22"/>
						<String ID="P2_ST00524" HPOS="2244" VPOS="1564" WIDTH="85" HEIGHT="49" CONTENT="den" WC="0.98" CC="005"/>
						<SP ID="P2_SP00456" HPOS="2329" VPOS="1628" WIDTH="22"/>
						<String ID="P2_ST00525" HPOS="2351" VPOS="1566" WIDTH="209" HEIGHT="47" CONTENT="Einsturz" WC="0.99" CC="10500065"/>
						<SP ID="P2_SP00457" HPOS="2560" VPOS="1628" WIDTH="24"/>
						<String ID="P2_ST00526" HPOS="2584" VPOS="1566" WIDTH="80" HEIGHT="48" CONTENT="der" WC="0.98" CC="004"/>
						<SP ID="P2_SP00458" HPOS="2664" VPOS="1628" WIDTH="21"/>
						<String ID="P2_ST00527" HPOS="2685" VPOS="1566" WIDTH="195" HEIGHT="58" CONTENT="Brücke," WC="0.99" CC="5600032"/>
						<SP ID="P2_SP00459" HPOS="2880" VPOS="1628" WIDTH="31"/>
						<String ID="P2_ST00528" HPOS="2911" VPOS="1567" WIDTH="81" HEIGHT="48" CONTENT="der" WC="1.00" CC="000"/>
						<SP ID="P2_SP00460" HPOS="2992" VPOS="1628" WIDTH="21"/>
						<String ID="P2_ST00529" HPOS="3013" VPOS="1567" WIDTH="115" HEIGHT="49" CONTENT="auch" WC="0.99" CC="0007"/>
						<SP ID="P2_SP00461" HPOS="3128" VPOS="1628" WIDTH="24"/>
						<String ID="P2_ST00530" HPOS="3152" VPOS="1568" WIDTH="109" HEIGHT="48" CONTENT="wirk" SUBS_TYPE="HypPart1" SUBS_CONTENT="wirklich" WC="0.99" CC="0090"/>
						<HYP HPOS="3261" VPOS="1568" WIDTH="27" CONTENT="-"/>
					</TextLine>
					<TextLine ID="P2_TL00069" HPOS="1775" VPOS="1639" WIDTH="1513" HEIGHT="69">
						<String ID="P2_ST00531" HPOS="1775" VPOS="1641" WIDTH="84" HEIGHT="47" CONTENT="lich" SUBS_TYPE="HypPart2" SUBS_CONTENT="wirklich" WC="0.99" CC="5001"/>
						<SP ID="P2_SP00462" HPOS="1859" VPOS="1688" WIDTH="50"/>
						<String ID="P2_ST00532" HPOS="1909" VPOS="1639" WIDTH="199" HEIGHT="66" CONTENT="derartig" WC="1.00" CC="00200500"/>
						<SP ID="P2_SP00463" HPOS="2108" VPOS="1705" WIDTH="43"/>
						<String ID="P2_ST00533" HPOS="2151" VPOS="1642" WIDTH="441" HEIGHT="66" CONTENT="menschenquälend" WC="1.00" CC="707006002601040"/>
						<SP ID="P2_SP00464" HPOS="2592" VPOS="1708" WIDTH="47"/>
						<String ID="P2_ST00534" HPOS="2639" VPOS="1643" WIDTH="247" HEIGHT="48" CONTENT="täuschend" WC="1.00" CC="000006130"/>
						<SP ID="P2_SP00465" HPOS="2886" VPOS="1708" WIDTH="46"/>
						<String ID="P2_ST00535" HPOS="2932" VPOS="1644" WIDTH="73" HEIGHT="57" CONTENT="ist," WC="0.98" CC="0063"/>
						<SP ID="P2_SP00466" HPOS="3005" VPOS="1708" WIDTH="48"/>
						<String ID="P2_ST00536" HPOS="3053" VPOS="1644" WIDTH="101" HEIGHT="49" CONTENT="dass" WC="0.81" CC="0070"/>
						<SP ID="P2_SP00467" HPOS="3154" VPOS="1708" WIDTH="50"/>
						<String ID="P2_ST00537" HPOS="3204" VPOS="1647" WIDTH="84" HEIGHT="47" CONTENT="alle" WC="0.98" CC="0460"/>
					</TextLine>
					<TextLine ID="P2_TL00070" HPOS="1774" VPOS="1715" WIDTH="1516" HEIGHT="70">
						<String ID="P2_ST00538" HPOS="1774" VPOS="1715" WIDTH="298" HEIGHT="50" CONTENT="Theilnahme" WC="0.76" CC="0400060660"/>
						<SP ID="P2_SP00468" HPOS="2072" VPOS="1765" WIDTH="28"/>
						<String ID="P2_ST00539" HPOS="2100" VPOS="1733" WIDTH="56" HEIGHT="32" CONTENT="an" WC="1.00" CC="00"/>
						<SP ID="P2_SP00469" HPOS="2156" VPOS="1765" WIDTH="24"/>
						<String ID="P2_ST00540" HPOS="2180" VPOS="1717" WIDTH="80" HEIGHT="48" CONTENT="der" WC="0.97" CC="610"/>
						<SP ID="P2_SP00470" HPOS="2260" VPOS="1765" WIDTH="23"/>
						<String ID="P2_ST00541" HPOS="2283" VPOS="1719" WIDTH="146" HEIGHT="47" CONTENT="Musik" WC="0.99" CC="31000"/>
						<SP ID="P2_SP00471" HPOS="2429" VPOS="1766" WIDTH="31"/>
						<String ID="P2_ST00542" HPOS="2460" VPOS="1719" WIDTH="230" HEIGHT="47" CONTENT="aufhören" WC="1.00" CC="00000003"/>
						<SP ID="P2_SP00472" HPOS="2690" VPOS="1766" WIDTH="24"/>
						<String ID="P2_ST00543" HPOS="2714" VPOS="1736" WIDTH="134" HEIGHT="32" CONTENT="muss." WC="0.64" CC="55023"/>
						<SP ID="P2_SP00473" HPOS="2848" VPOS="1768" WIDTH="30"/>
						<String ID="P2_ST00544" HPOS="2878" VPOS="1721" WIDTH="181" HEIGHT="47" CONTENT="Vorher" WC="0.98" CC="630055"/>
						<SP ID="P2_SP00474" HPOS="3059" VPOS="1768" WIDTH="23"/>
						<String ID="P2_ST00545" HPOS="3082" VPOS="1722" WIDTH="208" HEIGHT="63" CONTENT="gestaltet" WC="0.99" CC="030300800"/>
					</TextLine>
					<TextLine ID="P2_TL00071" HPOS="1773" VPOS="1794" WIDTH="1514" HEIGHT="59">
						<String ID="P2_ST00546" HPOS="1773" VPOS="1809" WIDTH="45" HEIGHT="32" CONTENT="es" WC="1.00" CC="00"/>
						<SP ID="P2_SP00475" HPOS="1818" VPOS="1841" WIDTH="30"/>
						<String ID="P2_ST00547" HPOS="1848" VPOS="1794" WIDTH="91" HEIGHT="47" CONTENT="sich" WC="1.00" CC="0000"/>
						<SP ID="P2_SP00476" HPOS="1939" VPOS="1841" WIDTH="28"/>
						<String ID="P2_ST00548" HPOS="1967" VPOS="1794" WIDTH="117" HEIGHT="47" CONTENT="noch" WC="0.98" CC="5100"/>
						<SP ID="P2_SP00477" HPOS="2084" VPOS="1841" WIDTH="29"/>
						<String ID="P2_ST00549" HPOS="2113" VPOS="1812" WIDTH="62" HEIGHT="32" CONTENT="zu-" WC="0.94" CC="574"/>
						<SP ID="P2_SP00478" HPOS="2175" VPOS="1844" WIDTH="21"/>
						<String ID="P2_ST00550" HPOS="2196" VPOS="1794" WIDTH="143" HEIGHT="48" CONTENT="einem" WC="0.99" CC="00500"/>
						<SP ID="P2_SP00479" HPOS="2339" VPOS="1844" WIDTH="32"/>
						<String ID="P2_ST00551" HPOS="2371" VPOS="1797" WIDTH="194" HEIGHT="56" CONTENT="Terzett," WC="0.99" CC="00240500"/>
						<SP ID="P2_SP00480" HPOS="2565" VPOS="1853" WIDTH="37"/>
						<String ID="P2_ST00552" HPOS="2602" VPOS="1797" WIDTH="44" HEIGHT="47" CONTENT="in" WC="0.69" CC="05"/>
						<SP ID="P2_SP00481" HPOS="2646" VPOS="1853" WIDTH="30"/>
						<String ID="P2_ST00553" HPOS="2676" VPOS="1797" WIDTH="217" HEIGHT="48" CONTENT="welchem" WC="0.99" CC="0040261"/>
						<SP ID="P2_SP00482" HPOS="2893" VPOS="1853" WIDTH="30"/>
						<String ID="P2_ST00554" HPOS="2923" VPOS="1798" WIDTH="215" HEIGHT="48" CONTENT="manches" WC="0.99" CC="5060400"/>
						<SP ID="P2_SP00483" HPOS="3138" VPOS="1853" WIDTH="30"/>
						<String ID="P2_ST00555" HPOS="3168" VPOS="1798" WIDTH="119" HEIGHT="48" CONTENT="Gute" WC="0.98" CC="3030"/>
					</TextLine>
					<TextLine ID="P2_TL00072" HPOS="1771" VPOS="1870" WIDTH="1516" HEIGHT="68">
						<String ID="P2_ST00556" HPOS="1771" VPOS="1870" WIDTH="70" HEIGHT="58" CONTENT="ist," WC="0.98" CC="3003"/>
						<SP ID="P2_SP00484" HPOS="1841" VPOS="1928" WIDTH="43"/>
						<String ID="P2_ST00557" HPOS="1884" VPOS="1886" WIDTH="131" HEIGHT="31" CONTENT="wenn" WC="0.99" CC="0060"/>
						<SP ID="P2_SP00485" HPOS="2015" VPOS="1928" WIDTH="36"/>
						<String ID="P2_ST00558" HPOS="2051" VPOS="1887" WIDTH="89" HEIGHT="30" CONTENT="nur" WC="0.96" CC="620"/>
						<SP ID="P2_SP00486" HPOS="2140" VPOS="1928" WIDTH="28"/>
						<String ID="P2_ST00559" HPOS="2168" VPOS="1870" WIDTH="122" HEIGHT="49" CONTENT="nicht" WC="0.98" CC="30270"/>
						<SP ID="P2_SP00487" HPOS="2290" VPOS="1928" WIDTH="27"/>
						<String ID="P2_ST00560" HPOS="2317" VPOS="1872" WIDTH="116" HEIGHT="47" CONTENT="auch" WC="0.99" CC="0014"/>
						<SP ID="P2_SP00488" HPOS="2433" VPOS="1928" WIDTH="38"/>
						<String ID="P2_ST00561" HPOS="2471" VPOS="1872" WIDTH="98" HEIGHT="48" CONTENT="hier" WC="0.98" CC="1005"/>
						<SP ID="P2_SP00489" HPOS="2569" VPOS="1928" WIDTH="29"/>
						<String ID="P2_ST00562" HPOS="2598" VPOS="1873" WIDTH="407" HEIGHT="65" CONTENT="Tanz-Rhythmen" WC="0.99" CC="0054066650604"/>
						<SP ID="P2_SP00490" HPOS="3005" VPOS="1938" WIDTH="30"/>
						<String ID="P2_ST00563" HPOS="3035" VPOS="1874" WIDTH="90" HEIGHT="47" CONTENT="und" WC="0.98" CC="050"/>
						<SP ID="P2_SP00491" HPOS="3125" VPOS="1938" WIDTH="31"/>
						<String ID="P2_ST00564" HPOS="3156" VPOS="1874" WIDTH="105" HEIGHT="48" CONTENT="chro" SUBS_TYPE="HypPart1" SUBS_CONTENT="chromatische" WC="0.98" CC="0433"/>
						<HYP HPOS="3261" VPOS="1874" WIDTH="26" CONTENT="-"/>
					</TextLine>
					<TextLine ID="P2_TL00073" HPOS="1773" VPOS="1947" WIDTH="975" HEIGHT="50">
						<String ID="P2_ST00565" HPOS="1773" VPOS="1947" WIDTH="216" HEIGHT="49" CONTENT="matische" SUBS_TYPE="HypPart2" SUBS_CONTENT="chromatische" WC="0.99" CC="54002040"/>
						<SP ID="P2_SP00492" HPOS="1989" VPOS="1996" WIDTH="29"/>
						<String ID="P2_ST00566" HPOS="2018" VPOS="1947" WIDTH="341" HEIGHT="49" CONTENT="Modulationen" WC="0.99" CC="018000005706"/>
						<SP ID="P2_SP00493" HPOS="2359" VPOS="1996" WIDTH="30"/>
						<String ID="P2_ST00567" HPOS="2389" VPOS="1949" WIDTH="359" HEIGHT="48" CONTENT="vorherrschten." WC="1.00" CC="00460500170011"/>
					</TextLine>
					<TextLine ID="P2_TL00074" HPOS="1898" VPOS="2024" WIDTH="1246" HEIGHT="66">
						<String ID="P2_ST00568" HPOS="1898" VPOS="2024" WIDTH="218" HEIGHT="55" CONTENT="„Donner" WC="0.99" CC="0607003"/>
						<SP ID="P2_SP00494" HPOS="2116" VPOS="2079" WIDTH="29"/>
						<String ID="P2_ST00569" HPOS="2145" VPOS="2025" WIDTH="159" HEIGHT="56" CONTENT="rollen," WC="1.00" CC="0000040"/>
						<SP ID="P2_SP00495" HPOS="2304" VPOS="2081" WIDTH="29"/>
						<String ID="P2_ST00570" HPOS="2333" VPOS="2027" WIDTH="184" HEIGHT="47" CONTENT="Stürme" WC="0.99" CC="000420"/>
						<SP ID="P2_SP00496" HPOS="2517" VPOS="2081" WIDTH="27"/>
						<String ID="P2_ST00571" HPOS="2544" VPOS="2025" WIDTH="195" HEIGHT="57" CONTENT='toben",' WC="0.99" CC="0100034"/>
						<SP ID="P2_SP00497" HPOS="2739" VPOS="2082" WIDTH="29"/>
						<String ID="P2_ST00572" HPOS="2768" VPOS="2027" WIDTH="118" HEIGHT="63" CONTENT="singt" WC="1.00" CC="00000"/>
						<SP ID="P2_SP00498" HPOS="2886" VPOS="2090" WIDTH="30"/>
						<String ID="P2_ST00573" HPOS="2916" VPOS="2027" WIDTH="228" HEIGHT="48" CONTENT="Corentin." WC="0.83" CC="303080000"/>
					</TextLine>
					<TextLine ID="P2_TL00075" HPOS="1901" VPOS="2099" WIDTH="1309" HEIGHT="67">
						<String ID="P2_ST00574" HPOS="1901" VPOS="2099" WIDTH="222" HEIGHT="56" CONTENT="„Welche" WC="0.99" CC="3000160"/>
						<SP ID="P2_SP00499" HPOS="2123" VPOS="2155" WIDTH="29"/>
						<String ID="P2_ST00575" HPOS="2152" VPOS="2102" WIDTH="127" HEIGHT="55" CONTENT="Lust," WC="1.00" CC="10001"/>
						<SP ID="P2_SP00500" HPOS="2279" VPOS="2157" WIDTH="30"/>
						<String ID="P2_ST00576" HPOS="2309" VPOS="2100" WIDTH="71" HEIGHT="50" CONTENT="die" WC="1.00" CC="000"/>
						<SP ID="P2_SP00501" HPOS="2380" VPOS="2157" WIDTH="29"/>
						<String ID="P2_ST00577" HPOS="2409" VPOS="2102" WIDTH="183" HEIGHT="48" CONTENT="Stürme" WC="0.99" CC="500300"/>
						<SP ID="P2_SP00502" HPOS="2592" VPOS="2157" WIDTH="28"/>
						<String ID="P2_ST00578" HPOS="2620" VPOS="2100" WIDTH="193" HEIGHT="60" CONTENT='toben",' WC="0.99" CC="0200460"/>
						<SP ID="P2_SP00503" HPOS="2813" VPOS="2160" WIDTH="29"/>
						<String ID="P2_ST00579" HPOS="2842" VPOS="2103" WIDTH="119" HEIGHT="63" CONTENT="singt" WC="0.98" CC="50603"/>
						<SP ID="P2_SP00504" HPOS="2961" VPOS="2166" WIDTH="27"/>
						<String ID="P2_ST00580" HPOS="2988" VPOS="2103" WIDTH="222" HEIGHT="48" CONTENT="Dinorah." WC="0.81" CC="00514003"/>
					</TextLine>
					<TextLine ID="P2_TL00076" HPOS="1898" VPOS="2176" WIDTH="1389" HEIGHT="67">
						<String ID="P2_ST00581" HPOS="1898" VPOS="2176" WIDTH="119" HEIGHT="56" CONTENT="„Ha," WC="0.96" CC="3744"/>
						<SP ID="P2_SP00505" HPOS="2017" VPOS="2232" WIDTH="17"/>
						<String ID="P2_ST00582" HPOS="2034" VPOS="2192" WIDTH="92" HEIGHT="31" CONTENT="was" WC="0.98" CC="005"/>
						<SP ID="P2_SP00506" HPOS="2126" VPOS="2232" WIDTH="14"/>
						<String ID="P2_ST00583" HPOS="2140" VPOS="2176" WIDTH="211" HEIGHT="49" CONTENT="seh'ich?" WC="0.99" CC="00704040"/>
						<SP ID="P2_SP00507" HPOS="2351" VPOS="2232" WIDTH="24"/>
						<String ID="P2_ST00584" HPOS="2375" VPOS="2176" WIDTH="69" HEIGHT="49" CONTENT="die" WC="1.00" CC="000"/>
						<SP ID="P2_SP00508" HPOS="2444" VPOS="2232" WIDTH="16"/>
						<String ID="P2_ST00585" HPOS="2460" VPOS="2178" WIDTH="158" HEIGHT="63" CONTENT="Ziege!" WC="1.00" CC="110001"/>
						<SP ID="P2_SP00509" HPOS="2618" VPOS="2241" WIDTH="20"/>
						<String ID="P2_ST00586" HPOS="2638" VPOS="2179" WIDTH="72" HEIGHT="55" CONTENT="Ja," WC="0.99" CC="002"/>
						<SP ID="P2_SP00510" HPOS="2710" VPOS="2241" WIDTH="20"/>
						<String ID="P2_ST00587" HPOS="2730" VPOS="2179" WIDTH="62" HEIGHT="47" CONTENT="sie" WC="1.00" CC="000"/>
						<SP ID="P2_SP00511" HPOS="2792" VPOS="2241" WIDTH="21"/>
						<String ID="P2_ST00588" HPOS="2813" VPOS="2179" WIDTH="56" HEIGHT="47" CONTENT="ist" WC="0.98" CC="600"/>
						<SP ID="P2_SP00512" HPOS="2869" VPOS="2241" WIDTH="15"/>
						<String ID="P2_ST00589" HPOS="2884" VPOS="2178" WIDTH="105" HEIGHT="48" CONTENT='da!"' WC="0.98" CC="0064"/>
						<SP ID="P2_SP00513" HPOS="2989" VPOS="2241" WIDTH="33"/>
						<String ID="P2_ST00590" HPOS="3022" VPOS="2180" WIDTH="118" HEIGHT="63" CONTENT="singt" WC="0.98" CC="10705"/>
						<SP ID="P2_SP00514" HPOS="3140" VPOS="2243" WIDTH="14"/>
						<String ID="P2_ST00591" HPOS="3154" VPOS="2180" WIDTH="133" HEIGHT="49" CONTENT="Hoel." WC="0.59" CC="44083"/>
					</TextLine>
					<TextLine ID="P2_TL00077" HPOS="1900" VPOS="2251" WIDTH="1387" HEIGHT="68">
						<String ID="P2_ST00592" HPOS="1900" VPOS="2251" WIDTH="175" HEIGHT="56" CONTENT="„Bella!" WC="0.99" CC="0504300"/>
						<SP ID="P2_SP00515" HPOS="2075" VPOS="2307" WIDTH="24"/>
						<String ID="P2_ST00593" HPOS="2099" VPOS="2251" WIDTH="99" HEIGHT="59" CONTENT="ach," WC="0.97" CC="0744"/>
						<SP ID="P2_SP00516" HPOS="2198" VPOS="2310" WIDTH="26"/>
						<String ID="P2_ST00594" HPOS="2224" VPOS="2251" WIDTH="85" HEIGHT="49" CONTENT="bist" WC="0.97" CC="6305"/>
						<SP ID="P2_SP00517" HPOS="2309" VPOS="2310" WIDTH="14"/>
						<String ID="P2_ST00595" HPOS="2323" VPOS="2253" WIDTH="59" HEIGHT="47" CONTENT="du" WC="1.00" CC="00"/>
						<SP ID="P2_SP00518" HPOS="2382" VPOS="2310" WIDTH="24"/>
						<String ID="P2_ST00596" HPOS="2406" VPOS="2253" WIDTH="91" HEIGHT="49" CONTENT="da?" WC="1.00" CC="000"/>
						<SP ID="P2_SP00519" HPOS="2497" VPOS="2310" WIDTH="20"/>
						<String ID="P2_ST00597" HPOS="2517" VPOS="2255" WIDTH="74" HEIGHT="46" CONTENT="Du" WC="1.00" CC="00"/>
						<SP ID="P2_SP00520" HPOS="2591" VPOS="2310" WIDTH="24"/>
						<String ID="P2_ST00598" HPOS="2615" VPOS="2253" WIDTH="87" HEIGHT="49" CONTENT="bist" WC="0.98" CC="7000"/>
						<SP ID="P2_SP00521" HPOS="2702" VPOS="2310" WIDTH="21"/>
						<String ID="P2_ST00599" HPOS="2723" VPOS="2262" WIDTH="100" HEIGHT="40" CONTENT="treu" WC="0.98" CC="3500"/>
						<SP ID="P2_SP00522" HPOS="2823" VPOS="2310" WIDTH="23"/>
						<String ID="P2_ST00600" HPOS="2846" VPOS="2254" WIDTH="253" HEIGHT="65" CONTENT="geblieben." WC="0.99" CC="0040003064"/>
						<SP ID="P2_SP00523" HPOS="3099" VPOS="2319" WIDTH="19"/>
						<String ID="P2_ST00601" HPOS="3118" VPOS="2256" WIDTH="169" HEIGHT="49" CONTENT="Komm" WC="0.97" CC="8220"/>
					</TextLine>
					<TextLine ID="P2_TL00078" HPOS="1771" VPOS="2328" WIDTH="1275" HEIGHT="67">
						<String ID="P2_ST00602" HPOS="1771" VPOS="2344" WIDTH="52" HEIGHT="31" CONTENT="zu" WC="0.61" CC="61"/>
						<SP ID="P2_SP00524" HPOS="1823" VPOS="2375" WIDTH="31"/>
						<String ID="P2_ST00603" HPOS="1854" VPOS="2328" WIDTH="105" HEIGHT="47" CONTENT="mir!" WC="0.98" CC="0052"/>
						<SP ID="P2_SP00525" HPOS="1959" VPOS="2375" WIDTH="28"/>
						<String ID="P2_ST00604" HPOS="1987" VPOS="2328" WIDTH="150" HEIGHT="48" CONTENT="Meine" WC="0.99" CC="00060"/>
						<SP ID="P2_SP00526" HPOS="2137" VPOS="2376" WIDTH="29"/>
						<String ID="P2_ST00605" HPOS="2166" VPOS="2329" WIDTH="220" HEIGHT="48" CONTENT="Hochzeit" WC="0.98" CC="65434006"/>
						<SP ID="P2_SP00527" HPOS="2386" VPOS="2377" WIDTH="27"/>
						<String ID="P2_ST00606" HPOS="2413" VPOS="2330" WIDTH="54" HEIGHT="47" CONTENT="ist" WC="0.99" CC="010"/>
						<SP ID="P2_SP00528" HPOS="2467" VPOS="2377" WIDTH="28"/>
						<String ID="P2_ST00607" HPOS="2495" VPOS="2330" WIDTH="145" HEIGHT="47" CONTENT='hier!"' WC="0.99" CC="701004"/>
						<SP ID="P2_SP00529" HPOS="2640" VPOS="2377" WIDTH="39"/>
						<String ID="P2_ST00608" HPOS="2679" VPOS="2330" WIDTH="119" HEIGHT="65" CONTENT="singt" WC="0.98" CC="00406"/>
						<SP ID="P2_SP00530" HPOS="2798" VPOS="2395" WIDTH="26"/>
						<String ID="P2_ST00609" HPOS="2824" VPOS="2331" WIDTH="222" HEIGHT="49" CONTENT="Dinorah." WC="0.65" CC="30426470"/>
					</TextLine>
					<TextLine ID="P2_TL00079" HPOS="1886" VPOS="2404" WIDTH="1403" HEIGHT="68">
						<String ID="P2_ST00610" HPOS="1886" VPOS="2404" WIDTH="97" HEIGHT="47" CONTENT="Der" WC="0.97" CC="700"/>
						<SP ID="P2_SP00531" HPOS="1983" VPOS="2451" WIDTH="41"/>
						<String ID="P2_ST00611" HPOS="2024" VPOS="2404" WIDTH="200" HEIGHT="48" CONTENT="Himmel" WC="0.98" CC="509900"/>
						<SP ID="P2_SP00532" HPOS="2224" VPOS="2452" WIDTH="43"/>
						<String ID="P2_ST00612" HPOS="2267" VPOS="2409" WIDTH="144" HEIGHT="54" CONTENT="zürnt," WC="0.97" CC="095840"/>
						<SP ID="P2_SP00533" HPOS="2411" VPOS="2463" WIDTH="56"/>
						<String ID="P2_ST00613" HPOS="2467" VPOS="2405" WIDTH="79" HEIGHT="50" CONTENT="das" WC="0.95" CC="904"/>
						<SP ID="P2_SP00534" HPOS="2546" VPOS="2463" WIDTH="42"/>
						<String ID="P2_ST00614" HPOS="2588" VPOS="2406" WIDTH="246" HEIGHT="49" CONTENT="Orchester" WC="0.99" CC="550601601"/>
						<SP ID="P2_SP00535" HPOS="2834" VPOS="2463" WIDTH="42"/>
						<String ID="P2_ST00615" HPOS="2876" VPOS="2409" WIDTH="122" HEIGHT="56" CONTENT="ras't," WC="0.97" CC="100000"/>
						<SP ID="P2_SP00536" HPOS="2998" VPOS="2465" WIDTH="42"/>
						<String ID="P2_ST00616" HPOS="3040" VPOS="2408" WIDTH="71" HEIGHT="48" CONTENT="die" WC="1.00" CC="000"/>
						<SP ID="P2_SP00537" HPOS="3111" VPOS="2465" WIDTH="40"/>
						<String ID="P2_ST00617" HPOS="3151" VPOS="2408" WIDTH="138" HEIGHT="64" CONTENT="Ziege" WC="1.00" CC="00001"/>
					</TextLine>
					<TextLine ID="P2_TL00080" HPOS="1771" VPOS="2480" WIDTH="1516" HEIGHT="60">
						<String ID="P2_ST00618" HPOS="1771" VPOS="2480" WIDTH="257" HEIGHT="48" CONTENT="schlendert" WC="1.00" CC="1020060005"/>
						<SP ID="P2_SP00538" HPOS="2028" VPOS="2528" WIDTH="27"/>
						<String ID="P2_ST00619" HPOS="2055" VPOS="2480" WIDTH="115" HEIGHT="50" CONTENT="über" WC="0.99" CC="0303"/>
						<SP ID="P2_SP00539" HPOS="2170" VPOS="2530" WIDTH="28"/>
						<String ID="P2_ST00620" HPOS="2198" VPOS="2481" WIDTH="70" HEIGHT="49" CONTENT="die" WC="0.97" CC="015"/>
						<SP ID="P2_SP00540" HPOS="2268" VPOS="2530" WIDTH="27"/>
						<String ID="P2_ST00621" HPOS="2295" VPOS="2483" WIDTH="196" HEIGHT="57" CONTENT="Brücke," WC="0.99" CC="7404000"/>
						<SP ID="P2_SP00541" HPOS="2491" VPOS="2540" WIDTH="31"/>
						<String ID="P2_ST00622" HPOS="2522" VPOS="2483" WIDTH="79" HEIGHT="48" CONTENT="das" WC="0.95" CC="850"/>
						<SP ID="P2_SP00542" HPOS="2601" VPOS="2540" WIDTH="21"/>
						<String ID="P2_ST00623" HPOS="2622" VPOS="2483" WIDTH="238" HEIGHT="48" CONTENT="Publicum" WC="0.99" CC="01200044"/>
						<SP ID="P2_SP00543" HPOS="2860" VPOS="2540" WIDTH="32"/>
						<String ID="P2_ST00624" HPOS="2892" VPOS="2484" WIDTH="91" HEIGHT="48" CONTENT="hält" WC="0.97" CC="7052"/>
						<SP ID="P2_SP00544" HPOS="2983" VPOS="2540" WIDTH="28"/>
						<String ID="P2_ST00625" HPOS="3011" VPOS="2484" WIDTH="86" HEIGHT="48" CONTENT="den" WC="0.98" CC="006"/>
						<SP ID="P2_SP00545" HPOS="3097" VPOS="2540" WIDTH="22"/>
						<String ID="P2_ST00626" HPOS="3119" VPOS="2485" WIDTH="168" HEIGHT="48" CONTENT="Athem" WC="0.90" CC="10300"/>
					</TextLine>
					<TextLine ID="P2_TL00081" HPOS="1773" VPOS="2557" WIDTH="1514" HEIGHT="67">
						<String ID="P2_ST00627" HPOS="1773" VPOS="2574" WIDTH="72" HEIGHT="41" CONTENT="an," WC="0.98" CC="040"/>
						<SP ID="P2_SP00546" HPOS="1845" VPOS="2615" WIDTH="43"/>
						<String ID="P2_ST00628" HPOS="1888" VPOS="2557" WIDTH="206" HEIGHT="49" CONTENT="Dinorah" WC="0.59" CC="7460062"/>
						<SP ID="P2_SP00547" HPOS="2094" VPOS="2615" WIDTH="32"/>
						<String ID="P2_ST00629" HPOS="2126" VPOS="2559" WIDTH="122" HEIGHT="65" CONTENT="fliegt" WC="0.99" CC="330003"/>
						<SP ID="P2_SP00548" HPOS="2248" VPOS="2624" WIDTH="36"/>
						<String ID="P2_ST00630" HPOS="2284" VPOS="2560" WIDTH="83" HEIGHT="47" CONTENT="auf" WC="0.98" CC="400"/>
						<SP ID="P2_SP00549" HPOS="2367" VPOS="2624" WIDTH="29"/>
						<String ID="P2_ST00631" HPOS="2396" VPOS="2560" WIDTH="71" HEIGHT="48" CONTENT="die" WC="1.00" CC="000"/>
						<SP ID="P2_SP00550" HPOS="2467" VPOS="2624" WIDTH="28"/>
						<String ID="P2_ST00632" HPOS="2495" VPOS="2560" WIDTH="196" HEIGHT="56" CONTENT="Brücke," WC="1.00" CC="8000000"/>
						<SP ID="P2_SP00551" HPOS="2691" VPOS="2624" WIDTH="39"/>
						<String ID="P2_ST00633" HPOS="2730" VPOS="2560" WIDTH="82" HEIGHT="50" CONTENT="der" WC="0.99" CC="003"/>
						<SP ID="P2_SP00552" HPOS="2812" VPOS="2624" WIDTH="26"/>
						<String ID="P2_ST00634" HPOS="2838" VPOS="2563" WIDTH="127" HEIGHT="47" CONTENT="Bella" WC="0.99" CC="60030"/>
						<SP ID="P2_SP00553" HPOS="2965" VPOS="2624" WIDTH="28"/>
						<String ID="P2_ST00635" HPOS="2993" VPOS="2561" WIDTH="132" HEIGHT="59" CONTENT="nach," WC="0.98" CC="54060"/>
						<SP ID="P2_SP00554" HPOS="3125" VPOS="2624" WIDTH="43"/>
						<String ID="P2_ST00636" HPOS="3168" VPOS="2561" WIDTH="119" HEIGHT="50" CONTENT="und:" WC="1.00" CC="2000"/>
					</TextLine>
					<TextLine ID="P2_TL00082" HPOS="1771" VPOS="2632" WIDTH="1519" HEIGHT="70">
						<String ID="P2_ST00637" HPOS="1771" VPOS="2632" WIDTH="178" HEIGHT="49" CONTENT="Krach!" WC="0.98" CC="736005"/>
						<SP ID="P2_SP00555" HPOS="1949" VPOS="2681" WIDTH="29"/>
						<String ID="P2_ST00638" HPOS="1978" VPOS="2635" WIDTH="177" HEIGHT="47" CONTENT="Krach!" WC="0.98" CC="320064"/>
						<SP ID="P2_SP00556" HPOS="2155" VPOS="2682" WIDTH="49"/>
						<String ID="P2_ST00639" HPOS="2204" VPOS="2636" WIDTH="91" HEIGHT="55" CONTENT="„als" WC="0.99" CC="2300"/>
						<SP ID="P2_SP00557" HPOS="2295" VPOS="2691" WIDTH="30"/>
						<String ID="P2_ST00640" HPOS="2325" VPOS="2640" WIDTH="150" HEIGHT="44" CONTENT="wären" WC="1.00" CC="00001"/>
						<SP ID="P2_SP00558" HPOS="2475" VPOS="2691" WIDTH="30"/>
						<String ID="P2_ST00641" HPOS="2505" VPOS="2637" WIDTH="84" HEIGHT="47" CONTENT="alle" WC="1.00" CC="0002"/>
						<SP ID="P2_SP00559" HPOS="2589" VPOS="2691" WIDTH="29"/>
						<String ID="P2_ST00642" HPOS="2618" VPOS="2637" WIDTH="200" HEIGHT="47" CONTENT="Himmel" WC="0.99" CC="006020"/>
						<SP ID="P2_SP00560" HPOS="2818" VPOS="2691" WIDTH="30"/>
						<String ID="P2_ST00643" HPOS="2848" VPOS="2637" WIDTH="261" HEIGHT="65" CONTENT="geborsten," WC="1.00" CC="0002506000"/>
						<SP ID="P2_SP00561" HPOS="3109" VPOS="2702" WIDTH="42"/>
						<String ID="P2_ST00644" HPOS="3151" VPOS="2641" WIDTH="139" HEIGHT="46" CONTENT="stürzt" WC="0.99" CC="040500"/>
					</TextLine>
					<TextLine ID="P2_TL00083" HPOS="1770" VPOS="2711" WIDTH="1518" HEIGHT="69">
						<String ID="P2_ST00645" HPOS="1770" VPOS="2711" WIDTH="89" HEIGHT="47" CONTENT='sie"' WC="0.99" CC="0104"/>
						<String ID="P2_ST00646" HPOS="1879" VPOS="2711" WIDTH="277" HEIGHT="48" CONTENT="—Dinorah" WC="0.98" CC="86070506"/>
						<SP ID="P2_SP00562" HPOS="2156" VPOS="2759" WIDTH="31"/>
						<String ID="P2_ST00647" HPOS="2187" VPOS="2714" WIDTH="194" HEIGHT="47" CONTENT="nämlich" WC="0.99" CC="6022000"/>
						<SP ID="P2_SP00563" HPOS="2381" VPOS="2761" WIDTH="102"/>
						<String ID="P2_ST00648" HPOS="2483" VPOS="2714" WIDTH="210" HEIGHT="48" CONTENT="hinunter" WC="0.98" CC="20664405"/>
						<SP ID="P2_SP00564" HPOS="2693" VPOS="2762" WIDTH="28"/>
						<String ID="P2_ST00649" HPOS="2721" VPOS="2715" WIDTH="44" HEIGHT="47" CONTENT="in" WC="0.65" CC="07"/>
						<SP ID="P2_SP00565" HPOS="2765" VPOS="2762" WIDTH="29"/>
						<String ID="P2_ST00650" HPOS="2794" VPOS="2714" WIDTH="71" HEIGHT="49" CONTENT="die" WC="1.00" CC="000"/>
						<SP ID="P2_SP00566" HPOS="2865" VPOS="2763" WIDTH="29"/>
						<String ID="P2_ST00651" HPOS="2894" VPOS="2715" WIDTH="239" HEIGHT="65" CONTENT="gähnende" WC="0.99" CC="00740530"/>
						<SP ID="P2_SP00567" HPOS="3133" VPOS="2780" WIDTH="29"/>
						<String ID="P2_ST00652" HPOS="3162" VPOS="2716" WIDTH="126" HEIGHT="48" CONTENT="Tiefe" WC="1.00" CC="00000"/>
					</TextLine>
					<TextLine ID="P2_TL00084" HPOS="1773" VPOS="2787" WIDTH="1514" HEIGHT="61">
						<String ID="P2_ST00653" HPOS="1773" VPOS="2787" WIDTH="245" HEIGHT="49" CONTENT="mitsammt" WC="0.94" CC="00005000"/>
						<SP ID="P2_SP00568" HPOS="2018" VPOS="2836" WIDTH="28"/>
						<String ID="P2_ST00654" HPOS="2046" VPOS="2787" WIDTH="81" HEIGHT="49" CONTENT="der" WC="0.99" CC="010"/>
						<SP ID="P2_SP00569" HPOS="2127" VPOS="2836" WIDTH="28"/>
						<String ID="P2_ST00655" HPOS="2155" VPOS="2790" WIDTH="237" HEIGHT="47" CONTENT="morschen" WC="0.99" CC="02600700"/>
						<SP ID="P2_SP00570" HPOS="2392" VPOS="2837" WIDTH="28"/>
						<String ID="P2_ST00656" HPOS="2420" VPOS="2790" WIDTH="200" HEIGHT="57" CONTENT="Brücke," WC="0.99" CC="6600000"/>
						<SP ID="P2_SP00571" HPOS="2620" VPOS="2847" WIDTH="30"/>
						<String ID="P2_ST00657" HPOS="2650" VPOS="2790" WIDTH="92" HEIGHT="48" CONTENT="und" WC="0.97" CC="007"/>
						<SP ID="P2_SP00572" HPOS="2742" VPOS="2847" WIDTH="34"/>
						<String ID="P2_ST00658" HPOS="2776" VPOS="2808" WIDTH="112" HEIGHT="40" CONTENT="„von" WC="0.99" CC="2012"/>
						<SP ID="P2_SP00573" HPOS="2888" VPOS="2848" WIDTH="29"/>
						<String ID="P2_ST00659" HPOS="2917" VPOS="2791" WIDTH="76" HEIGHT="48" CONTENT="des" WC="0.97" CC="007"/>
						<SP ID="P2_SP00574" HPOS="2993" VPOS="2848" WIDTH="26"/>
						<String ID="P2_ST00660" HPOS="3019" VPOS="2792" WIDTH="268" HEIGHT="49" CONTENT="Giessbachs" WC="0.88" CC="0030160000"/>
					</TextLine>
					<TextLine ID="P2_TL00085" HPOS="1770" VPOS="2862" WIDTH="1517" HEIGHT="68">
						<String ID="P2_ST00661" HPOS="1770" VPOS="2862" WIDTH="258" HEIGHT="50" CONTENT="reissenden" WC="0.99" CC="4009003000"/>
						<SP ID="P2_SP00575" HPOS="2028" VPOS="2912" WIDTH="30"/>
						<String ID="P2_ST00662" HPOS="2058" VPOS="2865" WIDTH="160" HEIGHT="48" CONTENT="Fluten" WC="0.99" CC="100607"/>
						<SP ID="P2_SP00576" HPOS="2218" VPOS="2913" WIDTH="32"/>
						<String ID="P2_ST00663" HPOS="2250" VPOS="2866" WIDTH="315" HEIGHT="64" CONTENT='geschwellt",' WC="0.99" CC="000069002402"/>
						<SP ID="P2_SP00577" HPOS="2565" VPOS="2930" WIDTH="41"/>
						<String ID="P2_ST00664" HPOS="2606" VPOS="2871" WIDTH="178" HEIGHT="45" CONTENT="stürzen" WC="0.98" CC="2600606"/>
						<SP ID="P2_SP00578" HPOS="2784" VPOS="2930" WIDTH="39"/>
						<String ID="P2_ST00665" HPOS="2823" VPOS="2884" WIDTH="80" HEIGHT="32" CONTENT="aus" WC="1.00" CC="000"/>
						<SP ID="P2_SP00579" HPOS="2903" VPOS="2930" WIDTH="38"/>
						<String ID="P2_ST00666" HPOS="2941" VPOS="2869" WIDTH="144" HEIGHT="48" CONTENT="einem" WC="0.99" CC="00700"/>
						<SP ID="P2_SP00580" HPOS="3085" VPOS="2930" WIDTH="38"/>
						<String ID="P2_ST00667" HPOS="3123" VPOS="2871" WIDTH="137" HEIGHT="46" CONTENT="Reser" SUBS_TYPE="HypPart1" SUBS_CONTENT="Reservoire" WC="1.00" CC="40000"/>
						<HYP HPOS="3260" VPOS="2871" WIDTH="27" CONTENT="-"/>
					</TextLine>
					<TextLine ID="P2_TL00086" HPOS="1770" VPOS="2941" WIDTH="1517" HEIGHT="69">
						<String ID="P2_ST00668" HPOS="1770" VPOS="2941" WIDTH="121" HEIGHT="47" CONTENT="voire" SUBS_TYPE="HypPart2" SUBS_CONTENT="Reservoire" WC="1.00" CC="00040"/>
						<SP ID="P2_SP00581" HPOS="1891" VPOS="2988" WIDTH="29"/>
						<String ID="P2_ST00669" HPOS="1920" VPOS="2941" WIDTH="197" HEIGHT="65" CONTENT="mächtig" WC="0.98" CC="6004750"/>
						<SP ID="P2_SP00582" HPOS="2117" VPOS="3006" WIDTH="38"/>
						<String ID="P2_ST00670" HPOS="2155" VPOS="2942" WIDTH="91" HEIGHT="47" CONTENT="und" WC="0.97" CC="070"/>
						<SP ID="P2_SP00583" HPOS="2246" VPOS="3006" WIDTH="37"/>
						<String ID="P2_ST00671" HPOS="2283" VPOS="2942" WIDTH="117" HEIGHT="50" CONTENT="breit" WC="0.98" CC="75030"/>
						<SP ID="P2_SP00584" HPOS="2400" VPOS="3006" WIDTH="32"/>
						<String ID="P2_ST00672" HPOS="2432" VPOS="2944" WIDTH="164" HEIGHT="48" CONTENT="hervor" WC="0.99" CC="600005"/>
						<SP ID="P2_SP00585" HPOS="2596" VPOS="3006" WIDTH="30"/>
						<String ID="P2_ST00673" HPOS="2626" VPOS="2944" WIDTH="29" HEIGHT="49" CONTENT="3" WC="0.34" CC="6"/>
						<String ID="P2_ST00674" HPOS="2669" VPOS="2946" WIDTH="103" HEIGHT="46" CONTENT="—4" WC="0.60" CC="80"/>
						<SP ID="P2_SP00586" HPOS="2772" VPOS="3006" WIDTH="31"/>
						<String ID="P2_ST00675" HPOS="2803" VPOS="2946" WIDTH="123" HEIGHT="47" CONTENT="Ohm" WC="0.93" CC="774"/>
						<SP ID="P2_SP00587" HPOS="2926" VPOS="3006" WIDTH="32"/>
						<String ID="P2_ST00676" HPOS="2958" VPOS="2945" WIDTH="144" HEIGHT="49" CONTENT="bereit" WC="0.99" CC="703000"/>
						<SP ID="P2_SP00588" HPOS="3102" VPOS="3006" WIDTH="28"/>
						<String ID="P2_ST00677" HPOS="3130" VPOS="2946" WIDTH="131" HEIGHT="64" CONTENT="gehal" SUBS_TYPE="HypPart1" SUBS_CONTENT="gehaltenes" WC="0.99" CC="00740"/>
						<HYP HPOS="3261" VPOS="2946" WIDTH="26" CONTENT="-"/>
					</TextLine>
					<TextLine ID="P2_TL00087" HPOS="1769" VPOS="3018" WIDTH="1520" HEIGHT="67">
						<String ID="P2_ST00678" HPOS="1769" VPOS="3024" WIDTH="124" HEIGHT="40" CONTENT="tenes" SUBS_TYPE="HypPart2" SUBS_CONTENT="gehaltenes" WC="0.98" CC="00505"/>
						<SP ID="P2_SP00589" HPOS="1893" VPOS="3064" WIDTH="32"/>
						<String ID="P2_ST00679" HPOS="1925" VPOS="3018" WIDTH="208" HEIGHT="56" CONTENT="Wasser," WC="1.00" CC="0220010"/>
						<SP ID="P2_SP00590" HPOS="2133" VPOS="3074" WIDTH="31"/>
						<String ID="P2_ST00680" HPOS="2164" VPOS="3018" WIDTH="156" HEIGHT="49" CONTENT="dessen" WC="0.99" CC="000007"/>
						<SP ID="P2_SP00591" HPOS="2320" VPOS="3074" WIDTH="29"/>
						<String ID="P2_ST00681" HPOS="2349" VPOS="3020" WIDTH="320" HEIGHT="65" CONTENT="Entfesselung" WC="1.00" CC="000002005060"/>
						<SP ID="P2_SP00592" HPOS="2669" VPOS="3085" WIDTH="28"/>
						<String ID="P2_ST00682" HPOS="2697" VPOS="3021" WIDTH="83" HEIGHT="48" CONTENT="auf" WC="0.93" CC="656"/>
						<SP ID="P2_SP00593" HPOS="2780" VPOS="3085" WIDTH="23"/>
						<String ID="P2_ST00683" HPOS="2803" VPOS="3021" WIDTH="71" HEIGHT="48" CONTENT="die" WC="0.96" CC="820"/>
						<SP ID="P2_SP00594" HPOS="2874" VPOS="3085" WIDTH="21"/>
						<String ID="P2_ST00684" HPOS="2895" VPOS="3022" WIDTH="118" HEIGHT="47" CONTENT="Note" WC="0.98" CC="5040"/>
						<SP ID="P2_SP00595" HPOS="3013" VPOS="3085" WIDTH="27"/>
						<String ID="P2_ST00685" HPOS="3040" VPOS="3021" WIDTH="127" HEIGHT="58" CONTENT="trifft," WC="0.98" CC="0006662"/>
						<SP ID="P2_SP00596" HPOS="3167" VPOS="3085" WIDTH="29"/>
						<String ID="P2_ST00686" HPOS="3196" VPOS="3022" WIDTH="93" HEIGHT="49" CONTENT="und" WC="1.00" CC="100"/>
					</TextLine>
					<TextLine ID="P2_TL00088" HPOS="1769" VPOS="3095" WIDTH="1515" HEIGHT="52">
						<String ID="P2_ST00687" HPOS="1769" VPOS="3095" WIDTH="43" HEIGHT="45" CONTENT="in" WC="0.72" CC="05"/>
						<SP ID="P2_SP00597" HPOS="1812" VPOS="3140" WIDTH="29"/>
						<String ID="P2_ST00688" HPOS="1841" VPOS="3095" WIDTH="192" HEIGHT="47" CONTENT="welches" WC="1.00" CC="0000600"/>
						<SP ID="P2_SP00598" HPOS="2033" VPOS="3142" WIDTH="32"/>
						<String ID="P2_ST00689" HPOS="2065" VPOS="3111" WIDTH="103" HEIGHT="32" CONTENT="man" WC="0.96" CC="046"/>
						<SP ID="P2_SP00599" HPOS="2168" VPOS="3143" WIDTH="24"/>
						<String ID="P2_ST00690" HPOS="2192" VPOS="3096" WIDTH="206" HEIGHT="48" CONTENT="Dinorah" WC="0.63" CC="0560065"/>
						<SP ID="P2_SP00600" HPOS="2398" VPOS="3144" WIDTH="29"/>
						<String ID="P2_ST00691" HPOS="2427" VPOS="3096" WIDTH="315" HEIGHT="49" CONTENT="niedersinken" WC="0.99" CC="700904005957"/>
						<SP ID="P2_SP00601" HPOS="2742" VPOS="3145" WIDTH="29"/>
						<String ID="P2_ST00692" HPOS="2771" VPOS="3097" WIDTH="127" HEIGHT="50" CONTENT="sieht." WC="0.98" CC="060663"/>
						<SP ID="P2_SP00602" HPOS="2898" VPOS="3147" WIDTH="34"/>
						<String ID="P2_ST00693" HPOS="2932" VPOS="3100" WIDTH="90" HEIGHT="47" CONTENT="Das" WC="0.95" CC="760"/>
						<SP ID="P2_SP00603" HPOS="3022" VPOS="3147" WIDTH="23"/>
						<String ID="P2_ST00694" HPOS="3045" VPOS="3098" WIDTH="239" HEIGHT="49" CONTENT="Publicum" WC="0.99" CC="05600050"/>
					</TextLine>
					<TextLine ID="P2_TL00089" HPOS="1770" VPOS="3170" WIDTH="1515" HEIGHT="55">
						<String ID="P2_ST00695" HPOS="1770" VPOS="3170" WIDTH="217" HEIGHT="49" CONTENT="erbleicht" WC="0.99" CC="502001064"/>
						<SP ID="P2_SP00604" HPOS="1987" VPOS="3219" WIDTH="40"/>
						<String ID="P2_ST00696" HPOS="2027" VPOS="3187" WIDTH="80" HEIGHT="32" CONTENT="vor" WC="1.00" CC="000"/>
						<SP ID="P2_SP00605" HPOS="2107" VPOS="3219" WIDTH="52"/>
						<String ID="P2_ST00697" HPOS="2159" VPOS="3172" WIDTH="256" HEIGHT="50" CONTENT="Schrecken" WC="0.99" CC="404500006"/>
						<SP ID="P2_SP00606" HPOS="2415" VPOS="3222" WIDTH="56"/>
						<String ID="P2_ST00698" HPOS="2471" VPOS="3173" WIDTH="118" HEIGHT="49" CONTENT="beim" WC="0.96" CC="5209"/>
						<SP ID="P2_SP00607" HPOS="2589" VPOS="3222" WIDTH="55"/>
						<String ID="P2_ST00699" HPOS="2644" VPOS="3173" WIDTH="223" HEIGHT="50" CONTENT="Anblicke" WC="0.99" CC="07510700"/>
						<SP ID="P2_SP00608" HPOS="2867" VPOS="3223" WIDTH="56"/>
						<String ID="P2_ST00700" HPOS="2923" VPOS="3175" WIDTH="80" HEIGHT="48" CONTENT="der" WC="0.98" CC="005"/>
						<SP ID="P2_SP00609" HPOS="3003" VPOS="3223" WIDTH="54"/>
						<String ID="P2_ST00701" HPOS="3057" VPOS="3175" WIDTH="228" HEIGHT="50" CONTENT="tobenden" WC="0.99" CC="06106006"/>
					</TextLine>
					<TextLine ID="P2_TL00090" HPOS="1769" VPOS="3247" WIDTH="1516" HEIGHT="70">
						<String ID="P2_ST00702" HPOS="1769" VPOS="3247" WIDTH="236" HEIGHT="48" CONTENT="Elemente" WC="0.99" CC="00304022"/>
						<SP ID="P2_SP00610" HPOS="2005" VPOS="3295" WIDTH="29"/>
						<String ID="P2_ST00703" HPOS="2034" VPOS="3247" WIDTH="92" HEIGHT="48" CONTENT="und" WC="0.98" CC="140"/>
						<SP ID="P2_SP00611" HPOS="2126" VPOS="3295" WIDTH="28"/>
						<String ID="P2_ST00704" HPOS="2154" VPOS="3248" WIDTH="81" HEIGHT="49" CONTENT="der" WC="0.98" CC="003"/>
						<SP ID="P2_SP00612" HPOS="2235" VPOS="3297" WIDTH="29"/>
						<String ID="P2_ST00705" HPOS="2264" VPOS="3250" WIDTH="374" HEIGHT="48" CONTENT="erschütternden" WC="0.99" CC="06042006092052"/>
						<SP ID="P2_SP00613" HPOS="2638" VPOS="3298" WIDTH="30"/>
						<String ID="P2_ST00706" HPOS="2668" VPOS="3252" WIDTH="306" HEIGHT="64" CONTENT="Katastrophe" WC="0.99" CC="00605600902"/>
						<SP ID="P2_SP00614" HPOS="2974" VPOS="3316" WIDTH="117"/>
						<String ID="P2_ST00707" HPOS="3091" VPOS="3253" WIDTH="71" HEIGHT="47" CONTENT="ein" WC="1.00" CC="000"/>
						<SP ID="P2_SP00615" HPOS="3162" VPOS="3316" WIDTH="44"/>
						<String ID="P2_ST00708" HPOS="3206" VPOS="3270" WIDTH="53" HEIGHT="47" CONTENT="ge" SUBS_TYPE="HypPart1" SUBS_CONTENT="getreues" WC="0.99" CC="00"/>
						<HYP HPOS="3259" VPOS="3270" WIDTH="26" CONTENT="-"/>
					</TextLine>
					<TextLine ID="P2_TL00091" HPOS="1769" VPOS="3325" WIDTH="1516" HEIGHT="63">
						<String ID="P2_ST00709" HPOS="1769" VPOS="3331" WIDTH="150" HEIGHT="41" CONTENT="treues" SUBS_TYPE="HypPart2" SUBS_CONTENT="getreues" WC="0.98" CC="750501"/>
						<SP ID="P2_SP00616" HPOS="1919" VPOS="3372" WIDTH="29"/>
						<String ID="P2_ST00710" HPOS="1948" VPOS="3325" WIDTH="99" HEIGHT="47" CONTENT="Bild" WC="0.99" CC="5000"/>
						<SP ID="P2_SP00617" HPOS="2047" VPOS="3372" WIDTH="29"/>
						<String ID="P2_ST00711" HPOS="2076" VPOS="3325" WIDTH="81" HEIGHT="48" CONTENT="der" WC="1.00" CC="000"/>
						<SP ID="P2_SP00618" HPOS="2157" VPOS="3373" WIDTH="30"/>
						<String ID="P2_ST00712" HPOS="2187" VPOS="3326" WIDTH="459" HEIGHT="49" CONTENT="haarsträubendsten" WC="1.00" CC="09004330750500600"/>
						<SP ID="P2_SP00619" HPOS="2646" VPOS="3375" WIDTH="32"/>
						<String ID="P2_ST00713" HPOS="2678" VPOS="3328" WIDTH="323" HEIGHT="49" CONTENT="Wirklichkeit" WC="1.00" CC="000060060404"/>
						<SP ID="P2_SP00620" HPOS="3001" VPOS="3377" WIDTH="28"/>
						<String ID="P2_ST00714" HPOS="3029" VPOS="3359" WIDTH="84" HEIGHT="29" CONTENT="—," WC="0.47" CC="82"/>
						<SP ID="P2_SP00621" HPOS="3113" VPOS="3388" WIDTH="30"/>
						<String ID="P2_ST00715" HPOS="3143" VPOS="3330" WIDTH="67" HEIGHT="48" CONTENT="bis" WC="0.97" CC="602"/>
						<SP ID="P2_SP00622" HPOS="3210" VPOS="3388" WIDTH="30"/>
						<String ID="P2_ST00716" HPOS="3240" VPOS="3346" WIDTH="45" HEIGHT="33" CONTENT="es" WC="0.84" CC="03"/>
					</TextLine>
					<TextLine ID="P2_TL00092" HPOS="1766" VPOS="3401" WIDTH="1518" HEIGHT="71">
						<String ID="P2_ST00717" HPOS="1766" VPOS="3416" WIDTH="85" HEIGHT="32" CONTENT="von" WC="0.93" CC="935"/>
						<SP ID="P2_SP00623" HPOS="1851" VPOS="3448" WIDTH="25"/>
						<String ID="P2_ST00718" HPOS="1876" VPOS="3401" WIDTH="142" HEIGHT="48" CONTENT="Mund" WC="1.00" CC="0010"/>
						<SP ID="P2_SP00624" HPOS="2018" VPOS="3449" WIDTH="28"/>
						<String ID="P2_ST00719" HPOS="2046" VPOS="3419" WIDTH="52" HEIGHT="30" CONTENT="zu" WC="0.53" CC="62"/>
						<SP ID="P2_SP00625" HPOS="2098" VPOS="3449" WIDTH="24"/>
						<String ID="P2_ST00720" HPOS="2122" VPOS="3403" WIDTH="141" HEIGHT="47" CONTENT="Mund" WC="0.98" CC="0070"/>
						<SP ID="P2_SP00626" HPOS="2263" VPOS="3450" WIDTH="32"/>
						<String ID="P2_ST00721" HPOS="2295" VPOS="3403" WIDTH="123" HEIGHT="65" CONTENT="geht," WC="0.99" CC="03050"/>
						<SP ID="P2_SP00627" HPOS="2418" VPOS="3468" WIDTH="28"/>
						<String ID="P2_ST00722" HPOS="2446" VPOS="3403" WIDTH="100" HEIGHT="50" CONTENT="dass" WC="0.96" CC="0010"/>
						<SP ID="P2_SP00628" HPOS="2546" VPOS="3468" WIDTH="29"/>
						<String ID="P2_ST00723" HPOS="2575" VPOS="3405" WIDTH="153" HEIGHT="48" CONTENT="nicht" WC="0.98" CC="50060"/>
						<SP ID="P2_SP00629" HPOS="2728" VPOS="3468" WIDTH="28"/>
						<String ID="P2_ST00724" HPOS="2756" VPOS="3407" WIDTH="151" HEIGHT="47" CONTENT="Fräul." WC="0.68" CC="060253"/>
						<SP ID="P2_SP00630" HPOS="2907" VPOS="3468" WIDTH="32"/>
						<String ID="P2_ST00725" HPOS="2939" VPOS="3406" WIDTH="157" HEIGHT="66" CONTENT="Typka" WC="0.90" CC="00004"/>
						<SP ID="P2_SP00631" HPOS="3096" VPOS="3472" WIDTH="29"/>
						<String ID="P2_ST00726" HPOS="3125" VPOS="3407" WIDTH="42" HEIGHT="48" CONTENT="in" WC="0.68" CC="06"/>
						<SP ID="P2_SP00632" HPOS="3167" VPOS="3472" WIDTH="31"/>
						<String ID="P2_ST00727" HPOS="3198" VPOS="3407" WIDTH="86" HEIGHT="48" CONTENT="den" WC="0.97" CC="007"/>
					</TextLine>
					<TextLine ID="P2_TL00093" HPOS="1769" VPOS="3477" WIDTH="1512" HEIGHT="66">
						<String ID="P2_ST00728" HPOS="1769" VPOS="3477" WIDTH="244" HEIGHT="48" CONTENT="Giessbach" WC="0.80" CC="010010175"/>
						<SP ID="P2_SP00633" HPOS="2013" VPOS="3525" WIDTH="35"/>
						<String ID="P2_ST00729" HPOS="2048" VPOS="3482" WIDTH="200" HEIGHT="61" CONTENT="gestürzt" WC="0.99" CC="90200305"/>
						<SP ID="P2_SP00634" HPOS="2248" VPOS="3543" WIDTH="36"/>
						<String ID="P2_ST00730" HPOS="2284" VPOS="3481" WIDTH="79" HEIGHT="56" CONTENT="sei," WC="0.99" CC="0004"/>
						<SP ID="P2_SP00635" HPOS="2363" VPOS="3543" WIDTH="42"/>
						<String ID="P2_ST00731" HPOS="2405" VPOS="3481" WIDTH="194" HEIGHT="48" CONTENT="sondern" WC="0.99" CC="4080003"/>
						<SP ID="P2_SP00636" HPOS="2599" VPOS="3543" WIDTH="28"/>
						<String ID="P2_ST00732" HPOS="2627" VPOS="3488" WIDTH="107" HEIGHT="45" CONTENT="statt" WC="0.97" CC="07173"/>
						<SP ID="P2_SP00637" HPOS="2734" VPOS="3543" WIDTH="29"/>
						<String ID="P2_ST00733" HPOS="2763" VPOS="3483" WIDTH="123" HEIGHT="47" CONTENT="ihrer" WC="0.99" CC="00005"/>
						<SP ID="P2_SP00638" HPOS="2886" VPOS="3543" WIDTH="28"/>
						<String ID="P2_ST00734" HPOS="2914" VPOS="3483" WIDTH="337" HEIGHT="49" CONTENT="eine—Riesen" SUBS_TYPE="HypPart1" SUBS_CONTENT="eine—Riesenpuppe." WC="0.99" CC="20528700106"/>
						<HYP HPOS="3251" VPOS="3483" WIDTH="30" CONTENT="-"/>
					</TextLine>
					<TextLine ID="P2_TL00094" HPOS="1766" VPOS="3554" WIDTH="1517" HEIGHT="70">
						<String ID="P2_ST00735" HPOS="1766" VPOS="3570" WIDTH="164" HEIGHT="48" CONTENT="puppe." SUBS_TYPE="HypPart2" SUBS_CONTENT="eine—Riesenpuppe." WC="0.99" CC="000054"/>
						<SP ID="P2_SP00639" HPOS="1930" VPOS="3618" WIDTH="56"/>
						<String ID="P2_ST00736" HPOS="1986" VPOS="3554" WIDTH="235" HEIGHT="50" CONTENT="Nachdem" WC="0.99" CC="0007109"/>
						<SP ID="P2_SP00640" HPOS="2221" VPOS="3618" WIDTH="43"/>
						<String ID="P2_ST00737" HPOS="2264" VPOS="3556" WIDTH="81" HEIGHT="48" CONTENT="der" WC="1.00" CC="000"/>
						<SP ID="P2_SP00641" HPOS="2345" VPOS="3618" WIDTH="27"/>
						<String ID="P2_ST00738" HPOS="2372" VPOS="3557" WIDTH="221" HEIGHT="66" CONTENT="Vorhang" WC="0.99" CC="0035060"/>
						<SP ID="P2_SP00642" HPOS="2593" VPOS="3623" WIDTH="42"/>
						<String ID="P2_ST00739" HPOS="2635" VPOS="3558" WIDTH="210" HEIGHT="65" CONTENT="gefallen," WC="0.99" CC="000550070"/>
						<SP ID="P2_SP00643" HPOS="2845" VPOS="3623" WIDTH="48"/>
						<String ID="P2_ST00740" HPOS="2893" VPOS="3561" WIDTH="106" HEIGHT="45" CONTENT="ras't" WC="0.66" CC="46500"/>
						<SP ID="P2_SP00644" HPOS="2999" VPOS="3623" WIDTH="27"/>
						<String ID="P2_ST00741" HPOS="3026" VPOS="3561" WIDTH="109" HEIGHT="63" CONTENT="jetzt" WC="0.99" CC="20040"/>
						<SP ID="P2_SP00645" HPOS="3135" VPOS="3624" WIDTH="33"/>
						<String ID="P2_ST00742" HPOS="3168" VPOS="3561" WIDTH="115" HEIGHT="48" CONTENT="auch" WC="0.98" CC="9000"/>
					</TextLine>
					<TextLine ID="P2_TL00095" HPOS="1765" VPOS="3629" WIDTH="1519" HEIGHT="65">
						<String ID="P2_ST00743" HPOS="1765" VPOS="3629" WIDTH="79" HEIGHT="49" CONTENT="das" WC="1.00" CC="000"/>
						<SP ID="P2_SP00646" HPOS="1844" VPOS="3678" WIDTH="29"/>
						<String ID="P2_ST00744" HPOS="1873" VPOS="3631" WIDTH="262" HEIGHT="58" CONTENT="Publicum;" WC="0.99" CC="545100604"/>
						<SP ID="P2_SP00647" HPOS="2135" VPOS="3689" WIDTH="31"/>
						<String ID="P2_ST00745" HPOS="2166" VPOS="3650" WIDTH="105" HEIGHT="30" CONTENT="man" WC="0.98" CC="005"/>
						<SP ID="P2_SP00648" HPOS="2271" VPOS="3689" WIDTH="31"/>
						<String ID="P2_ST00746" HPOS="2302" VPOS="3633" WIDTH="206" HEIGHT="57" CONTENT="klatscht," WC="1.00" CC="009010002"/>
						<SP ID="P2_SP00649" HPOS="2508" VPOS="3690" WIDTH="30"/>
						<String ID="P2_ST00747" HPOS="2538" VPOS="3652" WIDTH="103" HEIGHT="31" CONTENT="man" WC="0.95" CC="075"/>
						<SP ID="P2_SP00650" HPOS="2641" VPOS="3690" WIDTH="31"/>
						<String ID="P2_ST00748" HPOS="2672" VPOS="3636" WIDTH="91" HEIGHT="47" CONTENT="ruft" WC="0.96" CC="3609"/>
						<SP ID="P2_SP00651" HPOS="2763" VPOS="3690" WIDTH="24"/>
						<String ID="P2_ST00749" HPOS="2787" VPOS="3634" WIDTH="287" HEIGHT="51" CONTENT="Mühldorfer" WC="0.96" CC="0011010000"/>
						<SP ID="P2_SP00652" HPOS="3074" VPOS="3690" WIDTH="28"/>
						<String ID="P2_ST00750" HPOS="3102" VPOS="3637" WIDTH="182" HEIGHT="57" CONTENT="heraus," WC="0.98" CC="6007634"/>
					</TextLine>
					<TextLine ID="P2_TL00096" HPOS="1765" VPOS="3708" WIDTH="1518" HEIGHT="69">
						<String ID="P2_ST00751" HPOS="1765" VPOS="3708" WIDTH="70" HEIGHT="47" CONTENT="ein" WC="0.99" CC="020"/>
						<SP ID="P2_SP00653" HPOS="1835" VPOS="3755" WIDTH="41"/>
						<String ID="P2_ST00752" HPOS="1876" VPOS="3709" WIDTH="172" HEIGHT="55" CONTENT='„Alle!"' WC="0.99" CC="3425004"/>
						<SP ID="P2_SP00654" HPOS="2048" VPOS="3764" WIDTH="37"/>
						<String ID="P2_ST00753" HPOS="2085" VPOS="3709" WIDTH="299" HEIGHT="59" CONTENT="dazwischen," WC="0.99" CC="00590007050"/>
						<SP ID="P2_SP00655" HPOS="2384" VPOS="3768" WIDTH="29"/>
						<String ID="P2_ST00754" HPOS="2413" VPOS="3712" WIDTH="91" HEIGHT="47" CONTENT="und" WC="0.95" CC="660"/>
						<SP ID="P2_SP00656" HPOS="2504" VPOS="3768" WIDTH="31"/>
						<String ID="P2_ST00755" HPOS="2535" VPOS="3711" WIDTH="70" HEIGHT="49" CONTENT="die" WC="1.00" CC="000"/>
						<SP ID="P2_SP00657" HPOS="2605" VPOS="3768" WIDTH="21"/>
						<String ID="P2_ST00756" HPOS="2626" VPOS="3713" WIDTH="221" HEIGHT="64" CONTENT="Sängerin" WC="0.99" CC="40400917"/>
						<SP ID="P2_SP00658" HPOS="2847" VPOS="3777" WIDTH="24"/>
						<String ID="P2_ST00757" HPOS="2871" VPOS="3713" WIDTH="115" HEIGHT="47" CONTENT="noch" WC="0.98" CC="3400"/>
						<SP ID="P2_SP00659" HPOS="2986" VPOS="3777" WIDTH="25"/>
						<String ID="P2_ST00758" HPOS="3011" VPOS="3713" WIDTH="162" HEIGHT="50" CONTENT="lebend" WC="0.98" CC="206560"/>
						<SP ID="P2_SP00660" HPOS="3173" VPOS="3777" WIDTH="31"/>
						<String ID="P2_ST00759" HPOS="3204" VPOS="3716" WIDTH="79" HEIGHT="47" CONTENT="mit" WC="0.99" CC="003"/>
					</TextLine>
					<TextLine ID="P2_TL00097" HPOS="1765" VPOS="3786" WIDTH="1519" HEIGHT="57">
						<String ID="P2_ST00760" HPOS="1765" VPOS="3786" WIDTH="368" HEIGHT="57" CONTENT="hervorzerrend," WC="1.00" CC="05000940500100"/>
						<SP ID="P2_SP00661" HPOS="2133" VPOS="3843" WIDTH="42"/>
						<String ID="P2_ST00761" HPOS="2175" VPOS="3787" WIDTH="263" HEIGHT="49" CONTENT="erscheinen" WC="1.00" CC="0200060006"/>
						<SP ID="P2_SP00662" HPOS="2438" VPOS="3843" WIDTH="43"/>
						<String ID="P2_ST00762" HPOS="2481" VPOS="3788" WIDTH="176" HEIGHT="48" CONTENT="endlich" WC="0.99" CC="0606003"/>
						<SP ID="P2_SP00663" HPOS="2657" VPOS="3843" WIDTH="30"/>
						<String ID="P2_ST00763" HPOS="2687" VPOS="3788" WIDTH="72" HEIGHT="48" CONTENT="die" WC="1.00" CC="000"/>
						<SP ID="P2_SP00664" HPOS="2759" VPOS="3843" WIDTH="28"/>
						<String ID="P2_ST00764" HPOS="2787" VPOS="3791" WIDTH="181" HEIGHT="48" CONTENT="Herren" WC="0.97" CC="749225"/>
						<SP ID="P2_SP00665" HPOS="2968" VPOS="3843" WIDTH="29"/>
						<String ID="P2_ST00765" HPOS="2997" VPOS="3791" WIDTH="287" HEIGHT="49" CONTENT="Mühldorfer" WC="0.75" CC="0052920003"/>
					</TextLine>
					<TextLine ID="P2_TL00098" HPOS="1764" VPOS="3862" WIDTH="1517" HEIGHT="65">
						<String ID="P2_ST00766" HPOS="1764" VPOS="3878" WIDTH="91" HEIGHT="32" CONTENT="sen." WC="0.88" CC="0003"/>
						<SP ID="P2_SP00666" HPOS="1855" VPOS="3910" WIDTH="32"/>
						<String ID="P2_ST00767" HPOS="1887" VPOS="3862" WIDTH="90" HEIGHT="48" CONTENT="und" WC="0.99" CC="020"/>
						<SP ID="P2_SP00667" HPOS="1977" VPOS="3910" WIDTH="23"/>
						<String ID="P2_ST00768" HPOS="2000" VPOS="3863" WIDTH="126" HEIGHT="64" CONTENT="jun.;" WC="0.82" CC="00620"/>
						<SP ID="P2_SP00668" HPOS="2126" VPOS="3927" WIDTH="29"/>
						<String ID="P2_ST00769" HPOS="2155" VPOS="3864" WIDTH="117" HEIGHT="47" CONTENT="noch" WC="0.98" CC="3410"/>
						<SP ID="P2_SP00669" HPOS="2272" VPOS="3927" WIDTH="30"/>
						<String ID="P2_ST00770" HPOS="2302" VPOS="3864" WIDTH="116" HEIGHT="49" CONTENT="sieht" WC="0.99" CC="00060"/>
						<SP ID="P2_SP00670" HPOS="2418" VPOS="3927" WIDTH="29"/>
						<String ID="P2_ST00771" HPOS="2447" VPOS="3864" WIDTH="91" HEIGHT="49" CONTENT="und" WC="0.99" CC="020"/>
						<SP ID="P2_SP00671" HPOS="2538" VPOS="3927" WIDTH="31"/>
						<String ID="P2_ST00772" HPOS="2569" VPOS="3866" WIDTH="104" HEIGHT="48" CONTENT="hört" WC="0.98" CC="1054"/>
						<SP ID="P2_SP00672" HPOS="2673" VPOS="3927" WIDTH="29"/>
						<String ID="P2_ST00773" HPOS="2702" VPOS="3882" WIDTH="121" HEIGHT="39" CONTENT="man," WC="0.97" CC="0660"/>
						<SP ID="P2_SP00673" HPOS="2823" VPOS="3927" WIDTH="23"/>
						<String ID="P2_ST00774" HPOS="2846" VPOS="3867" WIDTH="216" HEIGHT="49" CONTENT="während" WC="0.99" CC="0055040"/>
						<SP ID="P2_SP00674" HPOS="3062" VPOS="3927" WIDTH="25"/>
						<String ID="P2_ST00775" HPOS="3087" VPOS="3868" WIDTH="62" HEIGHT="47" CONTENT="sie" WC="0.98" CC="400"/>
						<SP ID="P2_SP00675" HPOS="3149" VPOS="3927" WIDTH="23"/>
						<String ID="P2_ST00776" HPOS="3172" VPOS="3867" WIDTH="82" HEIGHT="49" CONTENT="dan" SUBS_TYPE="HypPart1" SUBS_CONTENT="danken," WC="0.98" CC="501"/>
						<HYP HPOS="3254" VPOS="3867" WIDTH="27" CONTENT="-"/>
					</TextLine>
					<TextLine ID="P2_TL00099" HPOS="1765" VPOS="3937" WIDTH="1195" HEIGHT="58">
						<String ID="P2_ST00777" HPOS="1765" VPOS="3937" WIDTH="104" HEIGHT="58" CONTENT="ken," SUBS_TYPE="HypPart2" SUBS_CONTENT="danken," WC="1.00" CC="0020"/>
						<SP ID="P2_SP00676" HPOS="1869" VPOS="3995" WIDTH="31"/>
						<String ID="P2_ST00778" HPOS="1900" VPOS="3938" WIDTH="70" HEIGHT="48" CONTENT="die" WC="0.97" CC="800"/>
						<SP ID="P2_SP00677" HPOS="1970" VPOS="3995" WIDTH="31"/>
						<String ID="P2_ST00779" HPOS="2001" VPOS="3939" WIDTH="193" HEIGHT="50" CONTENT="Wasser" WC="1.00" CC="000000"/>
						<SP ID="P2_SP00678" HPOS="2194" VPOS="3995" WIDTH="27"/>
						<String ID="P2_ST00780" HPOS="2221" VPOS="3941" WIDTH="223" HEIGHT="48" CONTENT="rauschen" WC="1.00" CC="00000300"/>
						<SP ID="P2_SP00679" HPOS="2444" VPOS="3995" WIDTH="31"/>
						<String ID="P2_ST00781" HPOS="2475" VPOS="3941" WIDTH="91" HEIGHT="48" CONTENT="und" WC="0.97" CC="070"/>
						<SP ID="P2_SP00680" HPOS="2566" VPOS="3995" WIDTH="30"/>
						<String ID="P2_ST00782" HPOS="2596" VPOS="3942" WIDTH="91" HEIGHT="47" CONTENT="sich" WC="1.00" CC="0000"/>
						<SP ID="P2_SP00681" HPOS="2687" VPOS="3995" WIDTH="29"/>
						<String ID="P2_ST00783" HPOS="2716" VPOS="3943" WIDTH="244" HEIGHT="48" CONTENT="verlaufen." WC="0.99" CC="0045450000"/>
					</TextLine>
					<TextLine ID="P2_TL00100" HPOS="1878" VPOS="4015" WIDTH="1409" HEIGHT="70">
						<String ID="P2_ST00784" HPOS="1878" VPOS="4017" WIDTH="95" HEIGHT="45" CONTENT="Der" WC="0.96" CC="704"/>
						<SP ID="P2_SP00682" HPOS="1973" VPOS="4062" WIDTH="28"/>
						<String ID="P2_ST00785" HPOS="2001" VPOS="4015" WIDTH="134" HEIGHT="50" CONTENT="dritte" WC="0.99" CC="034140"/>
						<SP ID="P2_SP00683" HPOS="2135" VPOS="4065" WIDTH="22"/>
						<String ID="P2_ST00786" HPOS="2157" VPOS="4017" WIDTH="88" HEIGHT="48" CONTENT="Act" WC="0.97" CC="305"/>
						<SP ID="P2_SP00684" HPOS="2245" VPOS="4065" WIDTH="29"/>
						<String ID="P2_ST00787" HPOS="2274" VPOS="4017" WIDTH="186" HEIGHT="64" CONTENT="beginnt" WC="0.98" CC="6000766"/>
						<SP ID="P2_SP00685" HPOS="2460" VPOS="4081" WIDTH="21"/>
						<String ID="P2_ST00788" HPOS="2481" VPOS="4018" WIDTH="80" HEIGHT="48" CONTENT="mit" WC="0.98" CC="004"/>
						<SP ID="P2_SP00686" HPOS="2561" VPOS="4081" WIDTH="23"/>
						<String ID="P2_ST00789" HPOS="2584" VPOS="4019" WIDTH="123" HEIGHT="49" CONTENT="einer" WC="0.99" CC="00502"/>
						<SP ID="P2_SP00687" HPOS="2707" VPOS="4081" WIDTH="22"/>
						<String ID="P2_ST00790" HPOS="2729" VPOS="4019" WIDTH="198" HEIGHT="59" CONTENT="Intrade," WC="0.87" CC="00505000"/>
						<SP ID="P2_SP00688" HPOS="2927" VPOS="4081" WIDTH="29"/>
						<String ID="P2_ST00791" HPOS="2956" VPOS="4019" WIDTH="71" HEIGHT="49" CONTENT="die" WC="0.98" CC="060"/>
						<SP ID="P2_SP00689" HPOS="3027" VPOS="4081" WIDTH="26"/>
						<String ID="P2_ST00792" HPOS="3053" VPOS="4036" WIDTH="82" HEIGHT="49" CONTENT="gar" WC="0.96" CC="900"/>
						<SP ID="P2_SP00690" HPOS="3135" VPOS="4085" WIDTH="27"/>
						<String ID="P2_ST00793" HPOS="3162" VPOS="4021" WIDTH="125" HEIGHT="49" CONTENT="nicht" WC="0.98" CC="10077"/>
					</TextLine>
					<TextLine ID="P2_TL00101" HPOS="1761" VPOS="4093" WIDTH="1523" HEIGHT="71">
						<String ID="P2_ST00794" HPOS="1761" VPOS="4111" WIDTH="80" HEIGHT="33" CONTENT="zur" WC="0.98" CC="500"/>
						<SP ID="P2_SP00691" HPOS="1841" VPOS="4144" WIDTH="28"/>
						<String ID="P2_ST00795" HPOS="1869" VPOS="4093" WIDTH="252" HEIGHT="66" CONTENT="Handlung" WC="0.99" CC="80000409"/>
						<SP ID="P2_SP00692" HPOS="2121" VPOS="4159" WIDTH="40"/>
						<String ID="P2_ST00796" HPOS="2161" VPOS="4094" WIDTH="177" HEIGHT="65" CONTENT="gehört." WC="0.99" CC="9030403"/>
						<SP ID="P2_SP00693" HPOS="2338" VPOS="4159" WIDTH="49"/>
						<String ID="P2_ST00797" HPOS="2387" VPOS="4095" WIDTH="88" HEIGHT="49" CONTENT="Ein" WC="0.98" CC="040"/>
						<SP ID="P2_SP00694" HPOS="2475" VPOS="4159" WIDTH="28"/>
						<String ID="P2_ST00798" HPOS="2503" VPOS="4097" WIDTH="140" HEIGHT="64" CONTENT="Jäger" WC="0.99" CC="00005"/>
						<SP ID="P2_SP00695" HPOS="2643" VPOS="4161" WIDTH="29"/>
						<String ID="P2_ST00799" HPOS="2672" VPOS="4098" WIDTH="138" HEIGHT="63" CONTENT="(Herr" WC="0.97" CC="76061"/>
						<SP ID="P2_SP00696" HPOS="2810" VPOS="4161" WIDTH="28"/>
						<String ID="P2_ST00800" HPOS="2838" VPOS="4095" WIDTH="193" HEIGHT="68" CONTENT="Abiger)" WC="0.99" CC="3600007"/>
						<SP ID="P2_SP00697" HPOS="3031" VPOS="4163" WIDTH="29"/>
						<String ID="P2_ST00801" HPOS="3060" VPOS="4098" WIDTH="117" HEIGHT="66" CONTENT="singt" WC="0.99" CC="00404"/>
						<SP ID="P2_SP00698" HPOS="3177" VPOS="4164" WIDTH="27"/>
						<String ID="P2_ST00802" HPOS="3204" VPOS="4098" WIDTH="80" HEIGHT="50" CONTENT="das" WC="0.94" CC="808"/>
					</TextLine>
				</TextBlock>
			</PrintSpace>
		</Page>
	</Layout>
</alto>
