3556 4412
3103 4317 32 50 3

1034 477 119 125 fiir
1219 477 577 127 lunistfriunÄf
1859 475 150 127 ttiÄ
2072 467 409 135 Ästler.

147 736 426 68 Herausgegeben
617 754 97 37 von
755 738 262 54 Professor
1060 735 68 61 L.
2217 736 285 80 Bischoff.
1627 743 189 66 Verlag
1858 743 89 50 der
2955 741 413 66 Buchhandlung.

247 1080 231 36 Inhalt.

534 1081 298 49 Bemerkungen
861 1083 95 37 über
986 1085 67 35 das
1084 1085 280 47 Quartettspiel
1393 1086 286 47 (Fortsetzung,
1711 1090 92 31 statt
1832 1086 190 48 Schluss).
2164 1087 94 37 Aus
2300 1089 132 34 Bonn
2481 1088 551 47 (Abonnements-Concerte).
3073 1091 85 34 Von
3189 1090 88 37 —h.

141 1142 82 35 Das
253 1142 275 37 musicalische
557 1145 114 36 Wien
701 1144 266 48 (Musikleben
1000 1147 77 35 und
1106 1147 366 49 Musik-Institute).
1609 1149 97 35 Aus
1749 1147 166 35 Berlin
1960 1147 238 48 (Ouvertüre
2228 1161 76 23 von
2335 1151 111 36 Vinc.
2477 1151 180 35 Lacbner
2690 1151 368 36 —'Patti-Concert
3168 1153 129 47 Roger

141 1203 290 37 Kotzolt'scher
459 1207 162 35 Verein:
655 1207 227 36 Chorlieder
910 1221 77 23 von
1019 1208 177 48 Vierling
1225 1221 37 23 u.
1287 1222 28 24 s.
1341 1212 65 45 w.)
1517 1210 180 36 Sechstes
1729 1210 474 38 Gesellschafts-Concert
2231 1215 40 33 in
2301 1214 104 35 Köln
2435 1215 52 35 im
2519 1215 230 37 Gürzenich.
2861 1216 179 47 Tages-
3072 1218 94 34 und
3199 1217 149 35 Unter-

141 1266 387 49 haltungsblatt
557 1268 134 47 (Köln,
722 1270 133 35 Soiree
886 1269 66 37 der
983 1270 201 36 Gebrüder
1212 1271 142 35 Müller
1462 1272 318 48 Braunschweig,
1811 1272 258 37 Reinthaler's

341 1427 401 76 Bemerkungen
784 1429 138 58 über
964 1431 92 54 das
1102 1431 393 73 Quartettspiel.

486 1553 288 49 (Fortsetzung,
804 1559 92 32 statt
926 1555 172 37 Schluss.
1146 1557 37 35 S.
1214 1557 63 37 Nr.
1310 1554 52 50 2.)

261 1667 62 50 Es
356 1667 122 68 fragt
506 1668 93 50 sich
620 1688 10 30 :
663 1670 187 49 können
883 1670 71 51 die
987 1671 193 51 Gesetze
1211 1672 80 50 des
1328 1675 224 65 Vortrags
1584 1674 125 48 eines

143 1748 340 50 Musikstückes
515 1750 60 49 im
604 1751 156 48 Geiste
790 1751 79 50 des
900 1752 331 66 Componisten
1265 1754 77 48 für
1373 1754 80 48 das
1488 1755 222 58 Quartett

145 1826 214 51 andere
388 1828 114 59 sein,
534 1830 65 48 als
637 1830 77 48 für
743 1831 88 50 alle
863 1830 166 67 übrige
1061 1832 187 50 Musik?

263 1908 108 49 Man
395 1910 133 48 sollte
553 1910 202 57 meinen,
785 1911 104 48 dass
914 1912 100 49 eine
1039 1912 155 49 solche
1221 1914 151 64 Frage
1399 1912 132 50 keine
1556 1915 154 65 Frage

143 1987 95 48 sein
272 1987 191 60 könnte,
506 1989 60 49 da
595 1989 81 50 das
707 1990 224 59 Quartett
962 1992 63 49 als
1057 1992 72 49 die
1174 1994 168 47 reinste
1383 1994 91 47 und
1519 1991 192 52 höchste

145 2069 211 66 Gattung
401 2069 82 49 der
529 2070 487 51 Instrumentalmusik
1065 2074 268 64 unmöglich
1381 2074 173 48 andere
1597 2075 114 48 oder

145 2164 87 48 gar
274 2149 247 66 geringere
554 2149 339 68 Forderungen
940 2169 56 32 an
1038 2152 86 49 den
1166 2152 308 49 ästhetischen
1510 2154 201 66 Vortrag

145 2227 163 50 stellen
355 2227 152 51 könne
553 2229 93 49 und
691 2230 151 58 dürfe,
901 2232 65 49 als
1002 2231 110 66 jede
1157 2232 174 50 andere
1378 2234 333 66 Composition.

147 2307 267 59 Trotzdem,
467 2307 104 51 dass
615 2309 125 50 diese
784 2311 316 66 Schlussfolge
1143 2311 147 50 durch
1337 2312 158 49 innere
1540 2314 142 64 Eigen-

147 2387 205 51 schaften
379 2389 80 49 der
489 2390 635 68 Quartett-Compositionen
1150 2394 267 64 unmöglich
1452 2403 230 55 umgestos-

147 2486 78 32 sen
260 2469 188 49 werden
479 2470 141 57 kann,
672 2470 79 49 hat
794 2489 107 33 man
947 2471 116 50 doch
1110 2472 44 49 in
1199 2472 103 49 dem
1345 2477 219 45 äusseren
1599 2474 72 49 Um-

148 2547 180 60 stände,
360 2549 103 49 dass
493 2549 82 50 das
606 2550 225 60 Quartett
869 2551 145 50 durch
1062 2552 121 49 vier
1226 2552 177 66 Spieler
1448 2551 92 50 und
1585 2554 126 48 nicht

147 2627 147 51 durch
327 2630 147 48 Einen
507 2631 282 65 ausgeführt
820 2632 132 56 wird,
983 2632 134 49 einen
1145 2632 160 49 Grund
1339 2632 155 49 finden
1527 2634 185 57 wollen,

148 2707 73 51 die
251 2710 207 49 Freiheit
494 2710 61 49 im
591 2710 232 67 Vortrage
855 2711 240 50 desselben
1137 2730 52 31 zu
1235 2712 336 54 beschränken,
1617 2730 95 32 was

149 2789 147 49 nichts
321 2789 210 49 Anderes
561 2790 72 58 ist,
665 2791 63 48 als
761 2790 88 49 den
874 2790 248 49 Ausdruck
1156 2809 75 30 um
1265 2792 125 49 seine
1422 2794 133 47 Seele
1588 2792 98 50 brin-

149 2886 105 49 gen.
290 2869 156 50 Wenn
479 2870 83 49 der
592 2871 271 66 Ausspruch
897 2871 118 50 über
1046 2872 99 49 eine
1171 2871 425 67 Quartettleistung
1625 2890 86 32 von

150 2949 97 49 vier
275 2950 280 49 Künstlern:
596 2951 93 57 „sie
717 2952 174 65 spielen
924 2951 86 50 wie
1044 2952 84 49 Ein
1390 2951 93 50 sich
1517 2970 87 31 nur
1635 2954 84 48 auf

152 3027 73 51 die
253 3030 235 49 Präcision
521 3030 220 49 beziehen
773 3032 101 58 soll,
919 3049 48 32 so
999 3034 105 47 lässt
1135 3032 69 49 ein
1236 3032 178 49 solches
1444 3031 103 50 Lob
1580 3032 106 50 heut-

149 3116 169 59 zutage
341 3110 93 48 sich
463 3111 244 48 unschwer
731 3111 271 57 verdienen;
1037 3111 178 50 bezieht
1244 3129 47 32 es
1320 3112 93 49 sich
1447 3112 113 49 aber
1589 3112 126 49 nicht

153 3190 84 49 auf
261 3190 72 48 die
361 3190 267 49 technische
660 3191 92 48 und
778 3191 219 50 tactische
1023 3192 306 64 Nuancirung
1356 3191 92 50 und
1476 3192 205 67 Genauig-

153 3269 109 57 keit,
305 3267 201 51 sondern
552 3270 82 49 auf
679 3270 73 48 die
795 3271 383 48 vollkommenste
1225 3272 490 65 Uebereinstimmung

153 3356 176 42 erstens
374 3350 72 49 bei
492 3350 83 48 der
618 3350 329 67 dynamischen
978 3351 303 65 Schattirung
1320 3352 126 49 nicht
1489 3351 121 50 bloss
1654 3352 60 47 im

140 3430 135 65 forte
318 3427 94 51 und
656 3426 148 73 piano,
805 3430 111 49 sondern
917 3431 105 48 auch
1062 3431 61 48 im
1447 3431 91 50 und
1577 3429 111 53 dimi-

150 3509 184 50 nuendo
364 3510 82 49 mit
475 3511 120 50 allen
625 3510 134 51 darin
789 3511 244 66 liegenden
1069 3511 287 57 Feinheiten,
1395 3513 216 48 zweitens
1643 3513 71 48 bei

153 3589 104 48 dem
290 3589 278 51 Ausdrucke
597 3590 80 50 des
707 3591 293 49 Innerlichen
1032 3591 144 49 durch
1211 3591 369 66 entsprechende
1613 3593 66 48 Mo-

154 3669 235 48 dification
420 3669 78 51 des
530 3671 152 49 Tones
713 3670 93 50 und
841 3671 203 49 Freiheit
1074 3671 43 49 in
1150 3670 81 50 der
1265 3673 287 64 Bewegung,
1593 3671 122 49 dann

154 3749 175 49 enthält
352 3749 135 67 jener
520 3751 272 68 Ausspruch
822 3751 81 50 das
942 3755 179 64 grösste
1151 3751 122 59 Lob,
1314 3751 80 50 das
1427 3769 105 32 man
1564 3751 148 50 einem

155 3829 453 61 Quartett-Vereine
637 3831 205 66 spenden
875 3831 138 50 kann.

277 3909 159 49 Wenn
482 3928 106 30 man
641 3929 94 31 nun
793 3911 118 50 auch
971 3911 80 49 das
1099 3913 147 52 Erste,
1302 3911 73 50 die
1419 3911 297 68 dynamische

152 3989 306 66 Schattirung
488 3989 145 51 durch
667 3990 137 50 Stark
837 3990 93 50 und
962 3991 248 56 Schwach,
1250 3990 87 50 den
1371 3991 317 66 Quartettspie-

153 4067 99 50 lern
282 4067 233 51 einräumt
559 4070 94 50 und
684 4070 124 50 diese
839 4073 87 48 Art
967 4070 80 50 des
1077 4070 272 50 Ausdrucks
1389 4073 61 48 im
1481 4071 237 65 Vortrage

153 4148 127 49 nicht
322 4167 89 30 nur
456 4150 78 47 für
577 4149 277 68 berechtigt,
897 4150 199 51 sondern
1138 4153 117 47 auch
1300 4153 77 47 für
1415 4151 301 66 nothwendig

154 4229 225 59 erachtet,
428 4230 97 50 also
572 4230 46 51 in
670 4230 268 51 demselben
986 4233 178 49 Maasse
1208 4231 103 50 dem
1361 4233 247 58 Quartette
1654 4233 64 49 als

1810 1436 264 50 wesentlich
2115 1437 273 60 zuerkennt,
2435 1440 86 48 wie
2558 1439 136 67 jeder
2735 1440 207 49 anderen
2988 1442 148 49 Musik
3278 1444 93 48 und

1806 1516 119 50 auch
1956 1517 73 47 die
2063 1517 391 69 Quartettspieler
2485 1519 72 49 die
2594 1520 275 66 Forderung
2905 1521 150 50 dieser
3079 1522 264 50 Ausdrucks-

1806 1597 138 49 weise
1987 1597 66 49 oft
2093 1614 139 48 sogar
2274 1616 52 31 zu
2366 1600 159 48 scharf
2562 1600 65 48 ins
2667 1601 136 65 Auge
2847 1601 166 57 fassen,
3056 1619 48 32 so
3137 1602 105 49 dass
3273 1604 99 48 ihre

1806 1676 248 50 Contraste
2095 1677 227 49 zwischen
2353 1677 137 66 forte
2521 1679 92 49 und
2641 1676 153 71 piano
2827 1680 197 49 affectirt
3057 1681 91 50 und
3179 1691 190 59 coquett

1806 1755 270 51 erscheinen
2109 1759 92 47 und
2233 1759 73 47 ihr
2325 1755 151 73 piano
2506 1778 52 30 zu
2593 1761 147 47 einem
2777 1762 435 49 unvernehmbaren
3245 1765 93 47 Ton-

1806 1836 207 65 gesäusel
2060 1836 138 48 wird:
2245 1854 48 32 so
2340 1840 104 47 hört
2490 1856 105 32 man
2642 1839 117 49 doch
2806 1840 65 48 oft
2909 1840 245 55 Stimmen,
3197 1844 175 47 welche

1806 1916 88 48 den
1919 1915 423 68 Quartetlspielern
2375 1917 80 50 das
2481 1920 150 48 Recht
2661 1920 81 47 der
2770 1920 205 49 Freiheit
3004 1921 58 48 im
3089 1922 285 49 Zeitmaasse

1808 1996 171 48 Behufs
2011 1996 79 48 des
2120 1997 250 49 seelischen
2406 1999 270 48 Ausdrucks
2707 1999 289 66 absprechen
3029 2002 181 49 wollen.
3255 2004 90 47 Son-

1808 2076 194 50 derbar!
2041 2077 79 47 Als
2152 2094 136 33 wenn
2321 2095 104 32 man
2459 2079 71 48 die
2567 2080 252 48 Wahrheit
2849 2098 89 30 nur
2966 2084 277 47 stückweise-

1808 2165 75 39 ten
1928 2156 148 48 lassen
2118 2156 110 57 und,
2275 2174 95 33 was
2417 2156 70 51 bei
2534 2157 81 51 der
2659 2159 379 50 Clavier-Sonate
3084 2162 90 49 und
3215 2162 156 67 jedem

1809 2237 206 64 Gesang-
2045 2236 92 47 und
2170 2236 470 51 Instrumental-Solo
2665 2240 211 65 verlangt
2901 2240 132 57 wird,
3068 2241 119 48 beim
3216 2241 124 60 Quar-

1809 2324 113 42 tette
1954 2319 235 62 verpönen
2222 2317 198 49 müsste!

1932 2395 107 51 Wir
2072 2396 218 48 kommen
2323 2397 94 49 also
2450 2397 83 49 auf
2557 2397 229 68 diejenige
2814 2403 85 45 Art
2929 2401 78 49 des
3034 2401 254 66 Vortrages
3319 2422 52 29 zu

1809 2474 160 57 reden,
2002 2475 174 48 welche
2222 2475 71 49 die
2339 2477 174 49 älteren
2558 2477 220 50 Italiäner
2821 2479 59 49 im
2924 2480 323 65 Allgemeinen
3295 2484 80 47 mit

1815 2552 170 70 Tempo
2026 2554 165 50 rvhato
2238 2555 346 58 bezeichneten,
2641 2557 72 49 die
2773 2560 265 48 Deutschen
3092 2561 280 64 neuerdings

1808 2635 302 48 Tactfreiheit
2152 2654 52 29 zu
2252 2654 179 30 nennen
2466 2636 198 66 pflegen.
2725 2639 69 47 Da
2827 2639 82 48 der
2943 2640 141 48 Leser
3112 2643 145 47 durch
3292 2643 80 47 das

1810 2714 155 49 bisher
1997 2715 203 66 Gesagte
2234 2715 119 49 wohl
2393 2716 139 48 schon
2579 2725 231 41 erwarten
2859 2719 132 56 wird,
3036 2720 104 48 dass
3173 2723 84 47 wir
3288 2740 84 30 uns

1810 2795 78 47 für
1919 2792 72 50 die
2022 2794 313 66 Anwendung
2368 2795 134 66 jener
2539 2796 201 48 Freiheit
2778 2799 118 47 auch
2941 2799 59 48 im
3036 2799 336 67 Quartettspiel

1809 2874 231 57 erklären,
2085 2891 49 32 so
2167 2875 216 49 erinnern
2417 2876 83 48 wir
2530 2876 59 48 im
2624 2894 183 41 voraus,
2840 2895 78 32 um
2953 2880 392 50 Missverständnis-

1808 2971 80 31 sen
1927 2971 51 31 zu
2021 2954 262 66 begegnen,
2330 2973 54 30 an
2419 2955 251 66 dasjenige,
2718 2974 96 32 was
2847 2960 83 46 wir
2962 2959 118 48 über
3112 2960 71 48 die
3214 2979 48 31 so
3294 2980 52 45 ge-

1810 3041 173 42 nannte
2029 3034 294 49 individuelle
2356 3035 284 67 Auffassung
2683 3036 91 49 und
2819 3038 115 48 über
2974 3039 86 48 den
3106 3040 155 57 „Geist
3290 3041 82 47 der

2072 3112 122 50 oben
2234 3112 216 51 bemerkt
2496 3114 175 59 haben;
2714 3115 163 50 beiden
2911 3119 193 48 machen
3140 3120 80 47 wir
3252 3121 117 47 auch

1809 3194 46 48 in
1899 3192 172 50 diesem
2119 3192 289 50 besonderen
2450 3195 181 48 Punkte
2676 3196 82 47 der
2792 3196 411 65 Vortragsfreiheit
3248 3201 126 46 nicht

1811 3274 73 48 die
1927 3274 234 65 geringste
2206 3274 298 57 Concession,
2553 3275 201 48 sondern
2800 3278 234 47 erkennen
3080 3295 106 38 nur,
3239 3297 133 30 wenn

1814 3370 105 32 man
1952 3370 49 31 so
2038 3369 139 48 sagen
2212 3352 139 58 kann,
2394 3354 102 49 eine
2529 3355 309 67 Haydn'sche,
2882 3358 319 58 Mozart'sche,
3234 3359 107 48 Beet-

1814 3432 291 56 hoven'sche,
2134 3432 279 67 Spohr'sche
2448 3434 299 66 Auffassung,
2792 3436 43 47 d.
2868 3436 41 49 h.
2941 3438 100 47 eine
3073 3439 171 56 solche,
3287 3440 87 47 wie

1811 3514 64 48 sie
1917 3513 82 48 der
2030 3511 306 68 jedesmalige
2369 3515 262 48 Charakter
2676 3515 78 47 des
2784 3516 196 49 Stückes
3019 3516 115 49 oder
3163 3519 82 47 der
3277 3519 70 47 ein-

1811 3594 158 48 zelnen
2017 3593 140 48 Stelle
2204 3593 207 67 bedingt,
2455 3595 64 48 als
2563 3593 73 50 die
2680 3595 134 48 allein
2861 3595 194 67 richtige
3101 3596 94 51 und
3239 3599 132 48 allein

1813 3671 369 69 maassgebende
2213 3690 72 32 an.

1931 3754 62 47 Es
2024 3753 54 48 ist
2109 3754 245 63 allgemein
2397 3754 277 58 anerkannt,
2717 3754 103 49 dass
2852 3755 80 50 das
2966 3756 249 65 Abspielen
3248 3758 123 48 eines

1811 3831 341 50 Musikstückes
2182 3833 116 48 nach
2339 3833 104 48 dem
2478 3834 261 49 Metronom
2786 3836 86 49 den
2915 3836 305 64 eigentlichen
3253 3840 89 46 Aus-

1811 3911 147 50 druck
1991 3911 78 49 des
2102 3911 176 50 Geistes
2308 3911 81 50 der
2424 3913 313 67 Composition
2772 3915 264 65 unmöglich
3084 3915 168 50 macht.
3310 3918 61 47 Es

1811 3993 56 48 ist
1898 3991 123 50 diese
2053 3994 249 47 Annahme
2347 3993 115 49 aber
2506 3994 125 48 nicht
2675 4003 119 42 etwa
2839 3995 100 48 eine
2975 3995 399 66 Errungenschaft

1813 4071 84 50 der
1926 4079 225 42 neuesten
2182 4073 115 55 Zeit,
2328 4074 158 47 wofür
2518 4090 106 32 man
2655 4074 63 49 sie
2746 4075 221 48 zuweilen
3001 4075 237 66 ausgeben
3266 4078 106 53 will,

1813 4151 200 50 sondern
2060 4151 202 50 dieselbe
2311 4153 373 67 Ueberzeugung
2728 4172 98 31 war
2885 4154 71 49 bei
3001 4155 87 48 den
3134 4156 237 49 Musikern

1814 4230 140 51 schon
1987 4231 147 68 längst
2166 4230 56 51 da
2265 4231 88 50 und
2389 4233 179 59 wurde,
2622 4250 131 33 wenn
2796 4234 117 49 auch
2956 4234 124 51 nicht
3122 4253 50 30 so
3214 4235 157 66 häufig

2844 904 117 57 XIV.
3004 905 281 74 Jahrgang.

224 893 79 55 Xr.
346 893 49 55 3.

1426 888 177 80 KÖLN,
1646 900 87 56 20.
1775 900 199 54 Januar
2016 901 146 57 1800.
