2133 2814
499 335 44 22 Dill
560 336 36 22 hat
610 336 92 23 indirekt
716 339 60 22 einen
792 341 175 23 entscheidenden
979 342 89 23 Einflufs
1086 343 41 23 auf
1139 344 33 22 die

449 376 75 14 neuere
533 369 132 23 Münchener
674 372 127 23 Landschaft
809 374 83 30 gehabt.
909 375 76 23 Hölzel
997 377 23 21 in
1029 378 89 21 Dachau
1128 377 44 22 und

449 402 88 21 manche
554 402 74 22 andere
643 404 45 22 sind
704 405 68 23 direkt
787 406 22 22 in
820 408 55 22 seine
886 408 122 31 Fufstapfen
1023 415 91 24 getreten
1127 410 44 22 und

448 434 105 22 vielleicht
565 436 62 22 sehen
638 438 41 22 wir
692 439 77 22 einmal
781 440 44 22 eine
838 442 111 22 Dachauer
961 442 210 23 Landschaftsschule

448 468 107 22 entstehen
564 478 43 13 von
616 470 55 23 einer
678 473 179 23 Gemeinsamkeit
866 475 35 22 der
910 474 64 27 Ziele,
987 476 43 21 wie
1039 475 34 22 die
1079 478 77 28 Worps-

447 500 112 25 wedische.
579 503 55 22 Aber
645 505 56 22 noch
714 506 51 22 viele
782 507 75 22 andere
869 508 133 22 Münchener
1019 509 71 21 stehen
1101 509 58 22 inner-

446 533 49 22 halb
513 534 35 22 der
569 538 149 28 geschilderten
736 540 177 32 Entwickelung,
933 541 43 22 wie
993 542 177 22 Riemerschmidt

1240 345 51 22 oder
1300 345 72 22 Urban
1385 345 29 22 als
1423 347 74 29 Typen
1507 345 35 23 der
1556 346 240 23 linear-koloristischen
1805 347 160 28 Bestrebungen,

1240 378 122 22 Zumbusch
1382 378 52 22 oder
1453 375 66 26 Hetze
1540 379 36 22 der
1595 379 98 23 intimen.
1723 381 86 21 Namen
1827 380 44 22 wie
1888 378 76 22 Kaiser,

1240 413 89 28 Steppcs,
1340 411 164 30 Landenberger,
1515 413 72 21 Benno
1597 412 76 22 Becker
1682 420 21 15 u.
1711 421 19 14 v.
1738 421 18 15 a.
1767 412 65 23 fallen
1845 412 44 26 auf,
1898 413 22 21 in
1930 408 34 22 der

1240 440 140 26 Griffelkunst
1390 444 96 26 Pankok,
1496 445 140 26 Zwintscher,
1646 446 145 30 Anetsberger,
1801 447 88 29 Georgi,
1901 441 50 26 Rofs-

1239 485 64 14 mann
1313 494 61 6 ....
1399 478 63 21 Doch
1479 486 18 13 es
1513 477 58 23 kann
1586 479 46 21 hier
1646 479 60 21 nicht
1722 480 70 22 meine
1804 479 98 30 Aufgabe
1915 475 48 23 sein,

1239 510 124 22 statistische
1380 510 137 30 Erhebungen
1537 511 137 26 anzustellen,
1695 512 92 22 sondern
1804 521 40 13 nur
1863 512 34 22 die
1915 511 36 20 Ent-

1238 542 125 31 wickelung
1374 543 76 22 wollte
1462 544 34 21 ich
1509 543 51 23 kurz
1573 544 190 23 charakterisieren.

1614 612 57 20 Paul
1683 612 248 22 Schultze-Naumburg

1256 2453 0 0 176
