2133 2814
260 349 40 22 Die
315 351 75 22 zweite
402 353 87 29 Gruppe
505 349 81 23 besteht
597 358 41 13 nur
654 357 37 14 aus
707 349 53 22 zwei
772 347 102 24 Blättern,
889 344 48 22 dem

211 378 74 26 Lamm
296 384 40 22 mit
348 384 41 22 den
401 384 70 22 sieben
483 385 99 21 Hörnern
596 382 45 23 und
659 382 40 22 den
714 382 69 22 sieben
795 382 86 28 Augen,
901 377 35 22 das

210 410 34 24 die
255 415 71 24 sieben
337 418 68 30 Siegel
419 417 60 23 lösen
495 416 40 23 soll
549 416 95 31 (Bartsch
659 415 52 30 63),
727 415 44 22 und
787 413 35 23 der
833 410 104 25 Hochzeit

211 443 34 25 des
260 449 98 24 Lammes
376 451 97 31 (Bartsch
490 450 54 31 67),
565 449 34 22 die
616 454 54 17 trotz
690 448 36 22 der
743 447 91 23 Vielheit
854 444 34 22 der
908 444 29 21 im

209 477 168 29 Himmelsraum
389 484 134 31 gruppierten
535 483 89 30 Figuren
635 482 103 22 Visionen
753 489 43 15 von
812 480 56 21 einer
882 476 44 23 voll-

210 509 101 29 kommen
331 518 160 30 geschlossenen
508 516 113 31 Wirkung
638 524 35 13 zur
691 514 135 28 Darstellung
842 511 94 29 bringen.

209 543 53 26 Hier
277 548 49 24 fällt
342 550 37 23 der
395 559 52 22 enge
459 548 115 24 Anschlufs
591 558 27 13 an
634 548 42 22 den
689 549 54 21 Text
760 546 103 23 durchaus
878 542 59 23 nicht

210 579 45 26 auf,
264 582 64 23 selbst
335 584 60 22 nicht
404 584 22 21 in
434 583 40 22 den
484 584 43 22 vier
533 583 82 26 Tieren,
624 581 41 23 den
671 576 265 35 Evangelistensymbolen,

210 612 39 23 mit
260 614 60 24 ihren
332 618 58 21 sechs
402 616 87 31 Flügeln
502 616 44 22 und
557 615 67 23 voller
636 616 87 30 Augen,
735 614 26 22 da
774 612 70 23 solche
857 609 69 23 Einzel-

209 642 70 28 heiten
296 650 50 22 dem
362 653 88 20 Ganzen
467 649 105 23 durchaus
594 647 166 32 untergeordnet
773 645 53 23 sind.
861 641 76 25 Genial

209 675 26 25 ist
252 680 40 23 auf
307 683 48 23 dem
372 689 67 17 ersten
455 683 65 22 dieser
531 683 79 22 Blätter
627 682 33 22 die
675 680 145 28 Anordnung,
838 677 34 22 die
887 675 50 22 über

209 711 55 25 einer
274 716 84 23 reichen
364 715 130 25 Landschaft
506 717 39 21 mit
554 718 84 29 Burgen
647 724 35 13 am
691 716 59 20 Meer
759 711 39 25 auf
808 708 130 26 bewaldeten

1002 340 136 31 Berghängen
1166 338 36 22 das
1231 337 171 30 weitgeöffnete,
1435 346 54 22 ganz
1517 338 55 22 solid
1600 338 133 29 gezimmerte

1002 372 156 24 Himmelsthor
1174 371 62 29 zeigt:
1256 370 57 22 doch
1330 371 46 21 tritt
1391 371 35 22 ein
1440 378 64 15 neuer
1517 370 126 23 Bestandteil
1654 378 66 22 gegen-

1004 406 49 22 über
1064 405 36 22 der
1110 404 109 29 sonstigen
1230 405 71 20 Kunst
1313 402 36 22 der
1360 404 47 21 Zeit
1418 404 46 21 hier
1475 404 58 21 noch
1545 404 60 21 nicht
1616 404 82 21 hervor.

1051 438 36 22 Bei
1098 437 49 23 dem
1156 438 50 20 Rest
1219 435 35 22 der
1264 435 77 22 Blätter
1352 436 27 21 ist
1389 444 19 13 es
1421 436 68 22 damit
1497 444 54 22 ganz
1560 436 73 22 anders
1643 435 89 22 bestellt.

1002 472 68 23 Nicht
1081 470 59 23 mehr
1152 468 66 22 durch
1230 467 34 23 die
1279 468 109 29 geistvolle
1401 468 128 31 Gestaltung
1544 468 35 22 der
1590 468 142 22 Einzelheiten

1003 504 81 24 wirken
1095 503 39 26 sie,
1151 501 90 22 sondern
1252 503 79 28 prägen
1343 501 45 21 sich
1400 500 67 22 durch
1479 501 40 21 den
1531 500 87 31 grofsen
1630 501 44 22 und
1687 501 34 21 ein-

1002 538 75 23 fachen
1092 534 90 25 Aufbau
1198 533 37 22 der
1250 541 77 22 ganzen
1340 533 161 30 Komposition,
1519 533 67 22 durch
1602 533 34 22 die
1647 533 85 22 Wucht

1003 571 35 23 der
1060 568 148 29 Darstellung,
1230 565 34 22 die
1287 562 152 33 Lebendigkeit
1468 565 36 22 der
1529 565 139 31 Schilderung
1691 574 28 13 un-

1003 601 140 26 auslöschlich
1147 600 37 23 der
1189 599 132 30 Erinnerung
1327 599 41 22 ein.
1385 599 50 21 Nur
1444 599 72 29 wenig
1525 599 92 21 einzelne
1622 599 110 22 Gestalten

1003 637 67 23 füllen
1081 635 61 23 meist
1154 633 41 22 den
1206 634 71 20 Raum
1289 639 48 18 aus,
1355 631 49 22 bald
1416 631 22 21 in
1451 631 40 21 den
1503 631 78 22 oberen
1593 631 52 22 oder
1656 632 22 21 in
1689 631 42 22 den

1003 676 87 17 unteren
1104 666 47 24 Teil
1168 665 35 22 des
1219 665 75 22 Blattes
1311 663 168 30 hineingestellt,
1497 663 48 23 bald
1565 671 27 14 an
1609 663 35 22 die
1661 664 70 21 Seiten

1003 703 80 24 verteilt
1095 701 51 23 oder
1157 697 149 33 gleichmäfsig
1318 697 50 22 über
1383 696 34 22 die
1428 696 74 21 Fläche
1514 695 150 31 ausgebreitet,
1681 695 50 23 aber

1364 729 74 21 immer
1458 729 95 21 deutlich
1570 729 44 21 und
1634 729 96 29 mächtig

1363 769 37 14 zur
1407 761 94 29 Geltung
1511 760 117 22 kommend
1636 761 43 21 und
1689 761 42 22 den

1363 794 108 22 Bildraum
1503 793 148 22 vollkommen
1681 801 37 14 aus-

1363 825 94 27 füllend,
1474 834 45 14 was
1535 826 61 21 meist
1611 826 68 22 durch
1695 826 37 22 die

1363 859 69 23 Wahl
1455 859 55 21 eines
1534 858 57 22 hoch
1618 858 112 31 liegenden

1363 893 115 21 Horizonts
1507 891 127 30 ermöglicht
1666 891 63 22 wird.

1363 926 52 21 Hier
1422 924 46 22 sind
1474 923 40 23 alle
1521 924 146 21 Kennzeichen
1673 924 55 22 eines

1363 958 74 22 echten
1461 956 207 23 Monumentalstiles
1692 965 25 22 ge-

1363 991 77 30 geben:
1454 998 49 14 man
1518 989 58 22 kann
1592 989 56 22 diese
1660 991 51 20 Kom-

1363 1024 121 30 positionen
1496 1021 89 31 beliebig
1596 1021 131 23 verkleinern

1363 1057 50 22 oder
1418 1054 138 32 vergröfsern,
1563 1055 75 22 immer
1644 1054 84 22 bleiben

1363 1091 28 21 sie
1401 1089 45 22 klar
1452 1088 44 22 und
1505 1089 21 21 in
1535 1088 44 22 sich
1586 1087 142 31 geschlossen,

1363 1132 23 14 so
1399 1121 45 23 dafs
1453 1123 36 25 sie,
1499 1121 57 22 dank
1566 1121 35 22 der
1611 1121 104 30 Lebendig-

1363 1156 44 22 keit
1424 1154 44 23 und
1485 1154 57 22 Fülle
1561 1154 35 22 der
1617 1154 23 22 in
1661 1154 66 22 ihnen

1363 1187 167 32 niedergelegten
1535 1187 152 29 Anschauung,
1694 1187 33 22 die

1363 1221 78 32 gröfste
1452 1219 171 31 Vereinfachung
1635 1220 43 22 wie
1693 1220 34 22 die

1363 1255 82 22 weitest
1453 1253 94 31 gehende
1556 1252 172 31 Durchführung

1363 1293 116 25 vertragen.

1412 1322 23 20 In
1451 1325 61 16 erster
1523 1319 66 22 Reihe
1605 1319 72 22 stehen
1692 1319 35 26 da,

1363 1353 66 23 neben
1446 1352 40 23 den
1504 1352 124 23 berühmten
1646 1351 68 31 apoka-

1363 1387 117 31 lyptischen
1485 1386 84 22 Reitern
1575 1380 96 35 (Bartsch
1676 1386 50 29 64),

1363 1421 33 22 die
1408 1420 22 21 in
1445 1419 58 22 ihren
1520 1419 42 22 vier
1573 1418 108 23 Gestalten
1693 1413 35 27 die

1363 1461 63 23 ganze
1453 1452 84 22 Wucht
1567 1451 35 22 des
1632 1450 94 31 Angriffs

1363 1487 55 21 eines
1433 1485 184 29 Reiterregiments
1632 1491 35 15 zur
1681 1485 31 21 An-

1363 1519 109 29 schauung
1498 1518 99 29 bringen,
1625 1516 34 23 die
1683 1517 44 22 vier

1364 1551 76 32 Engel,
1462 1551 83 22 welche
1567 1550 41 22 den
1628 1550 99 22 Winden

1363 1586 87 22 wehren
1460 1584 96 30 (Bartsch
1565 1583 49 29 66),
1623 1583 22 22 in
1655 1584 60 29 genia-

1363 1619 30 22 ler
1402 1617 133 29 Anordnung
1544 1624 24 14 zu
1578 1617 57 21 einer
1640 1618 87 28 Gruppe

1364 1651 111 30 vereinigt,
1502 1649 103 24 während
1632 1650 29 21 sie
1686 1649 41 23 den

1363 1686 92 21 Worten
1477 1683 34 23 des
1529 1684 72 21 Textes
1624 1683 55 22 nach
1700 1691 27 14 an

1363 1718 40 22 den
1415 1717 42 22 vier
1466 1716 71 23 Ecken
1546 1716 36 22 der
1591 1716 53 22 Erde
1653 1716 74 22 hätten

1363 1751 72 22 stehen
1444 1750 74 25 sollen,
1526 1749 44 23 und
1579 1749 34 22 die
1623 1748 93 24 fürchter-

1364 1784 54 22 liche
1425 1783 136 29 Darstellung
1570 1782 35 23 der
1612 1783 43 22 vier
1661 1782 68 31 Engel

1363 1816 154 32 vomEuphrat
1529 1816 96 30 (Bartsch
1636 1816 50 29 69),
1695 1815 34 23 die

1364 1851 41 22 den
1422 1849 76 23 dritten
1510 1849 47 22 Teil
1574 1849 37 22 der
1628 1849 88 23 Mensch-

1364 1884 43 22 heit
1419 1883 157 22 niedermähen.
1610 1882 52 23 Hier
1678 1883 52 30 geht

1365 1920 67 19 Dürer
1443 1916 53 22 weit
1514 1915 50 23 über
1579 1915 49 23 alles
1645 1916 85 26 hinaus,

1365 1959 45 14 was
1433 1949 33 22 die
1487 1949 100 22 deutsche
1606 1950 70 21 Kunst
1699 1949 32 23 bis

1366 1983 64 22 dahin
1462 1982 93 31 geleistet
1584 1982 64 23 hatte.
1689 1985 44 20 Das

1366 2016 47 23 sind
1422 2015 61 23 keine
1496 2015 158 24 Illustrationen
1663 2017 67 26 mehr,

1367 2049 89 23 sondern
1480 2050 181 31 Kompositionen
1688 2059 45 15 von

1367 2083 169 23 monumentaler
1564 2084 86 23 Wucht
1687 2084 46 22 und

1367 2116 149 32 selbständiger
1532 2116 132 32 Bedeutung.
1692 2118 41 22 Die

1368 2149 193 24 Ausdrucksmittel
1597 2151 36 23 des
1667 2151 53 23 Holz-

1368 2184 87 22 schnitts
1479 2184 46 22 sind
1550 2184 46 23 hier
1617 2185 23 22 in
1664 2186 69 22 ihrem

1368 2225 79 23 ganzen
1471 2217 107 32 Umfange
1603 2224 130 25 ausgenutzt,

1368 2259 39 15 um
1424 2250 81 24 Werke
1526 2260 25 14 zu
1573 2251 106 27 schaffen,
1700 2252 35 23 die

1368 2285 34 23 bei
1416 2285 67 23 voller
1495 2286 184 22 Geschlossenheit
1694 2286 40 22 alle

1019 2465 0 0 179
