<?xml version="1.0" encoding="UTF-8"?>
<alto xmlns:xsi="http://www.w3.org/2001/XMLSchema-instance" xsi:noNamespaceSchemaLocation="http://schema.ccs-gmbh.com/metae/alto-1-4.xsd" xmlns:xlink="http://www.w3.org/1999/xlink">
	<Description>
		<MeasurementUnit>mm10</MeasurementUnit>
		<sourceImageInformation>
			<fileName>//wks3/IN2/Princetonian/1897/12/01_01/PAN_1897-12-01_295.tif</fileName>
		</sourceImageInformation>
		<OCRProcessing ID="OCRPROCESSING_1">
			<preProcessingStep>
				<processingSoftware>
					<softwareCreator>CCS Content Conversion Specialists GmbH, Germany</softwareCreator>
					<softwareName>CCS docWORKS</softwareName>
					<softwareVersion>6.4-3.1</softwareVersion>
				</processingSoftware>
			</preProcessingStep>
			<ocrProcessingStep>
				<processingSoftware>
					<softwareCreator>ABBYY (BIT Software), Russia</softwareCreator>
					<softwareName>FineReader</softwareName>
					<softwareVersion>8.1</softwareVersion>
				</processingSoftware>
			</ocrProcessingStep>
		</OCRProcessing>
	</Description>
	<Styles>
		<TextStyle ID="TXT_0" FONTSIZE="17" FONTFAMILY="Times New Roman"/>
		<TextStyle ID="TXT_1" FONTSIZE="8" FONTFAMILY="Times New Roman"/>
		<TextStyle ID="TXT_2" FONTSIZE="29" FONTFAMILY="Times New Roman"/>
		<TextStyle ID="TXT_3" FONTSIZE="15" FONTFAMILY="Arial"/>
		<ParagraphStyle ID="PAR_CENTER" ALIGN="Center"/>
		<ParagraphStyle ID="PAR_BLOCK" ALIGN="Block"/>
		<ParagraphStyle ID="PAR_RIGHT" ALIGN="Right"/>
		<ParagraphStyle ID="PAR_LEFT" ALIGN="Left"/>
	</Styles>
	<Layout>
		<Page ID="P67" PHYSICAL_IMG_NR="67" HEIGHT="2814" WIDTH="2133" PRINTED_IMG_NR="177" PC="0.903">
			<TopMargin ID="P67_TM00001" HPOS="0" VPOS="0" WIDTH="2133" HEIGHT="323"/>
			<LeftMargin ID="P67_LM00001" HPOS="0" VPOS="323" WIDTH="188" HEIGHT="2137"/>
			<RightMargin ID="P67_RM00001" HPOS="1719" VPOS="323" WIDTH="414" HEIGHT="2137"/>
			<BottomMargin ID="P67_BM00001" HPOS="0" VPOS="2460" WIDTH="2133" HEIGHT="354"/>
			<PrintSpace ID="P67_PS00001" HPOS="188" VPOS="323" WIDTH="1531" HEIGHT="2137">
				<TextBlock ID="P67_TB00001" HPOS="450" VPOS="1306" WIDTH="1001" HEIGHT="63" STYLEREFS="TXT_0 PAR_CENTER">
					<TextLine ID="P67_TL00001" HPOS="453" VPOS="1309" WIDTH="995" HEIGHT="57">
						<String ID="P67_ST00001" HPOS="453" VPOS="1324" WIDTH="272" HEIGHT="42" CONTENT="DUERERS" WC="0.92" CC="0100003"/>
						<SP ID="P67_SP00001" HPOS="725" VPOS="1366" WIDTH="36"/>
						<String ID="P67_ST00002" HPOS="761" VPOS="1309" WIDTH="687" HEIGHT="54" CONTENT="HOLZSCHNITTFOLGEN" WC="1.00" CC="70515063434010400"/>
					</TextLine>
				</TextBlock>
				<TextBlock ID="P67_TB00002" HPOS="396" VPOS="1489" WIDTH="531" HEIGHT="217" STYLEREFS="TXT_1 PAR_BLOCK">
					<TextLine ID="P67_TL00002" HPOS="402" VPOS="1496" WIDTH="517" HEIGHT="37">
						<String ID="P67_ST00003" HPOS="402" VPOS="1505" WIDTH="46" HEIGHT="20" CONTENT="lER" WC="0.70" CC="404"/>
						<SP ID="P67_SP00002" HPOS="448" VPOS="1525" WIDTH="16"/>
						<String ID="P67_ST00004" HPOS="464" VPOS="1502" WIDTH="71" HEIGHT="31" CONTENT="grofse" WC="0.50" CC="221966"/>
						<SP ID="P67_SP00003" HPOS="535" VPOS="1533" WIDTH="11"/>
						<String ID="P67_ST00005" HPOS="546" VPOS="1500" WIDTH="211" HEIGHT="32" CONTENT="Holzschnittfolgen" WC="0.99" CC="02176053526000063"/>
						<SP ID="P67_SP00004" HPOS="757" VPOS="1533" WIDTH="12"/>
						<String ID="P67_ST00006" HPOS="769" VPOS="1499" WIDTH="90" HEIGHT="22" CONTENT="besitzen" WC="0.98" CC="36640764"/>
						<SP ID="P67_SP00005" HPOS="859" VPOS="1533" WIDTH="11"/>
						<String ID="P67_ST00007" HPOS="870" VPOS="1496" WIDTH="49" HEIGHT="25" CONTENT="wir," WC="0.97" CC="0344"/>
					</TextLine>
					<TextLine ID="P67_TL00003" HPOS="410" VPOS="1532" WIDTH="509" HEIGHT="28">
						<String ID="P67_ST00008" HPOS="410" VPOS="1536" WIDTH="34" HEIGHT="22" CONTENT="die" WC="0.96" CC="036"/>
						<SP ID="P67_SP00006" HPOS="444" VPOS="1558" WIDTH="20"/>
						<String ID="P67_ST00009" HPOS="464" VPOS="1535" WIDTH="149" HEIGHT="23" CONTENT="vollkommen" WC="1.00" CC="0000000040"/>
						<SP ID="P67_SP00007" HPOS="613" VPOS="1558" WIDTH="21"/>
						<String ID="P67_ST00010" HPOS="634" VPOS="1535" WIDTH="132" HEIGHT="25" CONTENT="ausreichen," WC="0.98" CC="65645675624"/>
						<SP ID="P67_SP00008" HPOS="766" VPOS="1560" WIDTH="20"/>
						<String ID="P67_ST00011" HPOS="786" VPOS="1540" WIDTH="38" HEIGHT="15" CONTENT="um" WC="0.69" CC="60"/>
						<SP ID="P67_SP00009" HPOS="824" VPOS="1560" WIDTH="20"/>
						<String ID="P67_ST00012" HPOS="844" VPOS="1532" WIDTH="75" HEIGHT="21" CONTENT="Dürers" WC="0.97" CC="506466"/>
					</TextLine>
					<TextLine ID="P67_TL00004" HPOS="411" VPOS="1564" WIDTH="508" HEIGHT="27">
						<String ID="P67_ST00013" HPOS="411" VPOS="1571" WIDTH="68" HEIGHT="20" CONTENT="Kunst" WC="0.97" CC="70562"/>
						<SP ID="P67_SP00010" HPOS="479" VPOS="1591" WIDTH="12"/>
						<String ID="P67_ST00014" HPOS="491" VPOS="1570" WIDTH="22" HEIGHT="21" CONTENT="in" WC="0.43" CC="55"/>
						<SP ID="P67_SP00011" HPOS="513" VPOS="1591" WIDTH="12"/>
						<String ID="P67_ST00015" HPOS="525" VPOS="1570" WIDTH="60" HEIGHT="21" CONTENT="ihren" WC="0.97" CC="24454"/>
						<SP ID="P67_SP00012" HPOS="585" VPOS="1591" WIDTH="9"/>
						<String ID="P67_ST00016" HPOS="594" VPOS="1568" WIDTH="151" HEIGHT="23" CONTENT="wesentlichen" WC="0.99" CC="066622346372"/>
						<SP ID="P67_SP00013" HPOS="745" VPOS="1591" WIDTH="8"/>
						<String ID="P67_ST00017" HPOS="753" VPOS="1564" WIDTH="133" HEIGHT="25" CONTENT="Merkmalen" WC="0.99" CC="074047006"/>
						<SP ID="P67_SP00014" HPOS="886" VPOS="1591" WIDTH="9"/>
						<String ID="P67_ST00018" HPOS="895" VPOS="1570" WIDTH="24" HEIGHT="14" CONTENT="zu" WC="0.56" CC="71"/>
					</TextLine>
					<TextLine ID="P67_TL00005" HPOS="411" VPOS="1597" WIDTH="509" HEIGHT="35">
						<String ID="P67_ST00019" HPOS="411" VPOS="1601" WIDTH="97" HEIGHT="24" CONTENT="erfassen." WC="0.99" CC="000675250"/>
						<SP ID="P67_SP00015" HPOS="508" VPOS="1625" WIDTH="17"/>
						<String ID="P67_ST00020" HPOS="525" VPOS="1604" WIDTH="40" HEIGHT="20" CONTENT="Für" WC="0.98" CC="201"/>
						<SP ID="P67_SP00016" HPOS="565" VPOS="1625" WIDTH="9"/>
						<String ID="P67_ST00021" HPOS="574" VPOS="1603" WIDTH="45" HEIGHT="21" CONTENT="eine" WC="0.96" CC="5145"/>
						<SP ID="P67_SP00017" HPOS="619" VPOS="1625" WIDTH="9"/>
						<String ID="P67_ST00022" HPOS="628" VPOS="1599" WIDTH="150" HEIGHT="33" CONTENT="erschöpfende" WC="0.99" CC="305007895600"/>
						<SP ID="P67_SP00018" HPOS="778" VPOS="1632" WIDTH="8"/>
						<String ID="P67_ST00023" HPOS="786" VPOS="1597" WIDTH="134" HEIGHT="29" CONTENT="Feststellung" WC="0.99" CC="304456605010"/>
					</TextLine>
					<TextLine ID="P67_TL00006" HPOS="411" VPOS="1629" WIDTH="509" HEIGHT="37">
						<String ID="P67_ST00024" HPOS="411" VPOS="1636" WIDTH="34" HEIGHT="21" CONTENT="des" WC="0.98" CC="033"/>
						<SP ID="P67_SP00019" HPOS="445" VPOS="1657" WIDTH="13"/>
						<String ID="P67_ST00025" HPOS="458" VPOS="1635" WIDTH="116" HEIGHT="31" CONTENT="Umfanges" WC="0.78" CC="00073051"/>
						<SP ID="P67_SP00020" HPOS="574" VPOS="1666" WIDTH="16"/>
						<String ID="P67_ST00026" HPOS="590" VPOS="1636" WIDTH="67" HEIGHT="21" CONTENT="seines" WC="0.97" CC="650356"/>
						<SP ID="P67_SP00021" HPOS="657" VPOS="1666" WIDTH="16"/>
						<String ID="P67_ST00027" HPOS="673" VPOS="1634" WIDTH="85" HEIGHT="23" CONTENT="Talents" WC="0.98" CC="0605545"/>
						<SP ID="P67_SP00022" HPOS="758" VPOS="1666" WIDTH="15"/>
						<String ID="P67_ST00028" HPOS="773" VPOS="1632" WIDTH="74" HEIGHT="22" CONTENT="würde" WC="0.97" CC="90606"/>
						<SP ID="P67_SP00023" HPOS="847" VPOS="1666" WIDTH="16"/>
						<String ID="P67_ST00029" HPOS="863" VPOS="1629" WIDTH="57" HEIGHT="23" CONTENT="noch" WC="0.95" CC="4567"/>
					</TextLine>
					<TextLine ID="P67_TL00007" HPOS="414" VPOS="1663" WIDTH="506" HEIGHT="35">
						<String ID="P67_ST00030" HPOS="414" VPOS="1669" WIDTH="34" HEIGHT="22" CONTENT="die" WC="0.98" CC="004"/>
						<SP ID="P67_SP00024" HPOS="448" VPOS="1691" WIDTH="22"/>
						<String ID="P67_ST00031" HPOS="470" VPOS="1669" WIDTH="165" HEIGHT="29" CONTENT="Heranziehung" WC="0.99" CC="404666001500"/>
						<SP ID="P67_SP00025" HPOS="635" VPOS="1698" WIDTH="24"/>
						<String ID="P67_ST00032" HPOS="659" VPOS="1669" WIDTH="68" HEIGHT="21" CONTENT="seiner" WC="0.98" CC="646700"/>
						<SP ID="P67_SP00026" HPOS="727" VPOS="1698" WIDTH="22"/>
						<String ID="P67_ST00033" HPOS="749" VPOS="1666" WIDTH="82" HEIGHT="25" CONTENT="Stiche," WC="0.99" CC="0420722"/>
						<SP ID="P67_SP00027" HPOS="831" VPOS="1698" WIDTH="24"/>
						<String ID="P67_ST00034" HPOS="855" VPOS="1663" WIDTH="65" HEIGHT="23" CONTENT="seiner" WC="0.97" CC="416666"/>
					</TextLine>
				</TextBlock>
				<TextBlock ID="P67_TB00003" HPOS="188" VPOS="1698" WIDTH="738" HEIGHT="636" STYLEREFS="TXT_1 PAR_BLOCK">
					<TextLine ID="P67_TL00008" HPOS="192" VPOS="1698" WIDTH="728" HEIGHT="34">
						<String ID="P67_ST00035" HPOS="192" VPOS="1698" WIDTH="150" HEIGHT="33" CONTENT="Zeichnungen" WC="0.99" CC="80703600040"/>
						<SP ID="P67_SP00028" HPOS="342" VPOS="1731" WIDTH="20"/>
						<String ID="P67_ST00036" HPOS="362" VPOS="1703" WIDTH="68" HEIGHT="22" CONTENT="sowie" WC="0.98" CC="33055"/>
						<SP ID="P67_SP00029" HPOS="430" VPOS="1731" WIDTH="20"/>
						<String ID="P67_ST00037" HPOS="450" VPOS="1702" WIDTH="120" HEIGHT="30" CONTENT="derjenigen" WC="0.99" CC="0500651064"/>
						<SP ID="P67_SP00030" HPOS="570" VPOS="1732" WIDTH="20"/>
						<String ID="P67_ST00038" HPOS="590" VPOS="1703" WIDTH="67" HEIGHT="21" CONTENT="seiner" WC="0.98" CC="566006"/>
						<SP ID="P67_SP00031" HPOS="657" VPOS="1732" WIDTH="14"/>
						<String ID="P67_ST00039" HPOS="671" VPOS="1699" WIDTH="102" HEIGHT="25" CONTENT="Gemälde" WC="0.99" CC="2400002"/>
						<SP ID="P67_SP00032" HPOS="773" VPOS="1732" WIDTH="17"/>
						<String ID="P67_ST00040" HPOS="790" VPOS="1698" WIDTH="62" HEIGHT="30" CONTENT="nötig" WC="0.98" CC="26400"/>
						<SP ID="P67_SP00033" HPOS="852" VPOS="1732" WIDTH="18"/>
						<String ID="P67_ST00041" HPOS="870" VPOS="1704" WIDTH="50" HEIGHT="16" CONTENT="sein," WC="0.96" CC="67444"/>
					</TextLine>
					<TextLine ID="P67_TL00009" HPOS="192" VPOS="1728" WIDTH="729" HEIGHT="38">
						<String ID="P67_ST00042" HPOS="192" VPOS="1731" WIDTH="21" HEIGHT="16" CONTENT="In" STYLE="superscript" WC="0.33" CC="67"/>
						<SP ID="P67_SP00034" HPOS="213" VPOS="1747" WIDTH="16"/>
						<String ID="P67_ST00043" HPOS="229" VPOS="1728" WIDTH="66" HEIGHT="26" CONTENT="denen" WC="0.98" CC="03460"/>
						<SP ID="P67_SP00035" HPOS="295" VPOS="1754" WIDTH="15"/>
						<String ID="P67_ST00044" HPOS="310" VPOS="1742" WIDTH="32" HEIGHT="19" CONTENT="er," WC="0.97" CC="600"/>
						<SP ID="P67_SP00036" HPOS="342" VPOS="1761" WIDTH="16"/>
						<String ID="P67_ST00045" HPOS="358" VPOS="1737" WIDTH="44" HEIGHT="21" CONTENT="wie" WC="0.93" CC="935"/>
						<SP ID="P67_SP00037" HPOS="402" VPOS="1761" WIDTH="15"/>
						<String ID="P67_ST00046" HPOS="417" VPOS="1736" WIDTH="23" HEIGHT="21" CONTENT="in" WC="0.75" CC="04"/>
						<SP ID="P67_SP00038" HPOS="440" VPOS="1761" WIDTH="14"/>
						<String ID="P67_ST00047" HPOS="454" VPOS="1735" WIDTH="41" HEIGHT="22" CONTENT="den" WC="0.98" CC="050"/>
						<SP ID="P67_SP00039" HPOS="495" VPOS="1761" WIDTH="16"/>
						<String ID="P67_ST00048" HPOS="511" VPOS="1734" WIDTH="190" HEIGHT="32" CONTENT="Apostelgestalten" WC="0.99" CC="0805510046465143"/>
						<SP ID="P67_SP00040" HPOS="701" VPOS="1766" WIDTH="16"/>
						<String ID="P67_ST00049" HPOS="717" VPOS="1733" WIDTH="43" HEIGHT="23" CONTENT="und" WC="0.94" CC="239"/>
						<SP ID="P67_SP00041" HPOS="760" VPOS="1766" WIDTH="14"/>
						<String ID="P67_ST00050" HPOS="774" VPOS="1732" WIDTH="84" HEIGHT="30" CONTENT="einigen" WC="0.98" CC="6577062"/>
						<SP ID="P67_SP00042" HPOS="858" VPOS="1766" WIDTH="16"/>
						<String ID="P67_ST00051" HPOS="874" VPOS="1737" WIDTH="36" HEIGHT="15" CONTENT="ver" SUBS_TYPE="HypPart1" SUBS_CONTENT="verwandten" WC="0.97" CC="704"/>
						<HYP HPOS="910" VPOS="1737" WIDTH="11" CONTENT="-"/>
					</TextLine>
					<TextLine ID="P67_TL00010" HPOS="191" VPOS="1763" WIDTH="730" HEIGHT="41">
						<String ID="P67_ST00052" HPOS="191" VPOS="1763" WIDTH="101" HEIGHT="41" CONTENT="wandten" SUBS_TYPE="HypPart2" SUBS_CONTENT="verwandten" WC="0.97" CC="8790346"/>
						<SP ID="P67_SP00043" HPOS="292" VPOS="1804" WIDTH="6"/>
						<String ID="P67_ST00053" HPOS="298" VPOS="1768" WIDTH="124" HEIGHT="26" CONTENT="Bildnissen," WC="0.99" CC="26003445534"/>
						<SP ID="P67_SP00044" HPOS="422" VPOS="1804" WIDTH="10"/>
						<String ID="P67_ST00054" HPOS="432" VPOS="1769" WIDTH="46" HEIGHT="21" CONTENT="eine" WC="0.98" CC="0340"/>
						<SP ID="P67_SP00045" HPOS="478" VPOS="1804" WIDTH="9"/>
						<String ID="P67_ST00055" HPOS="487" VPOS="1768" WIDTH="114" HEIGHT="22" CONTENT="wirkliche" WC="0.98" CC="965005656"/>
						<SP ID="P67_SP00046" HPOS="601" VPOS="1804" WIDTH="8"/>
						<String ID="P67_ST00056" HPOS="609" VPOS="1768" WIDTH="124" HEIGHT="22" CONTENT="malerische" WC="0.99" CC="6616305441"/>
						<SP ID="P67_SP00047" HPOS="733" VPOS="1804" WIDTH="9"/>
						<String ID="P67_ST00057" HPOS="742" VPOS="1765" WIDTH="83" HEIGHT="23" CONTENT="Einheit" WC="0.98" CC="0362674"/>
						<SP ID="P67_SP00048" HPOS="825" VPOS="1804" WIDTH="8"/>
						<String ID="P67_ST00058" HPOS="833" VPOS="1763" WIDTH="88" HEIGHT="23" CONTENT="erreicht" WC="0.99" CC="45006061"/>
					</TextLine>
					<TextLine ID="P67_TL00011" HPOS="191" VPOS="1791" WIDTH="730" HEIGHT="33">
						<String ID="P67_ST00059" HPOS="191" VPOS="1791" WIDTH="42" HEIGHT="25" CONTENT="hat." WC="0.95" CC="8870"/>
						<SP ID="P67_SP00049" HPOS="233" VPOS="1816" WIDTH="24"/>
						<String ID="P67_ST00060" HPOS="257" VPOS="1799" WIDTH="63" HEIGHT="24" CONTENT="Doch" WC="0.97" CC="6062"/>
						<SP ID="P67_SP00050" HPOS="320" VPOS="1823" WIDTH="13"/>
						<String ID="P67_ST00061" HPOS="333" VPOS="1801" WIDTH="56" HEIGHT="23" CONTENT="mufs" WC="0.86" CC="0005"/>
						<SP ID="P67_SP00051" HPOS="389" VPOS="1824" WIDTH="14"/>
						<String ID="P67_ST00062" HPOS="403" VPOS="1800" WIDTH="77" HEIGHT="24" CONTENT="darauf" WC="0.98" CC="060730"/>
						<SP ID="P67_SP00052" HPOS="480" VPOS="1824" WIDTH="8"/>
						<String ID="P67_ST00063" HPOS="488" VPOS="1802" WIDTH="46" HEIGHT="22" CONTENT="hier" WC="0.96" CC="5706"/>
						<SP ID="P67_SP00053" HPOS="534" VPOS="1824" WIDTH="12"/>
						<String ID="P67_ST00064" HPOS="546" VPOS="1801" WIDTH="112" HEIGHT="23" CONTENT="verzichtet" WC="0.99" CC="4056364154"/>
						<SP ID="P67_SP00054" HPOS="658" VPOS="1824" WIDTH="11"/>
						<String ID="P67_ST00065" HPOS="669" VPOS="1800" WIDTH="94" HEIGHT="23" CONTENT="werden." WC="0.99" CC="0400340"/>
						<SP ID="P67_SP00055" HPOS="763" VPOS="1824" WIDTH="21"/>
						<String ID="P67_ST00066" HPOS="784" VPOS="1798" WIDTH="39" HEIGHT="22" CONTENT="Ein" WC="0.97" CC="060"/>
						<SP ID="P67_SP00056" HPOS="823" VPOS="1824" WIDTH="12"/>
						<String ID="P67_ST00067" HPOS="835" VPOS="1797" WIDTH="86" HEIGHT="23" CONTENT="Meister" WC="0.98" CC="0554705"/>
					</TextLine>
					<TextLine ID="P67_TL00012" HPOS="191" VPOS="1828" WIDTH="730" HEIGHT="38">
						<String ID="P67_ST00068" HPOS="191" VPOS="1831" WIDTH="42" HEIGHT="18" CONTENT="von" WC="0.92" CC="776"/>
						<SP ID="P67_SP00057" HPOS="233" VPOS="1849" WIDTH="7"/>
						<String ID="P67_ST00069" HPOS="240" VPOS="1829" WIDTH="35" HEIGHT="24" CONTENT="der" WC="0.97" CC="061"/>
						<SP ID="P67_SP00058" HPOS="275" VPOS="1853" WIDTH="6"/>
						<String ID="P67_ST00070" HPOS="281" VPOS="1834" WIDTH="204" HEIGHT="32" CONTENT="unerschöpflichen" WC="0.99" CC="0670365700543716"/>
						<SP ID="P67_SP00059" HPOS="485" VPOS="1866" WIDTH="4"/>
						<String ID="P67_ST00071" HPOS="489" VPOS="1833" WIDTH="183" HEIGHT="32" CONTENT="Erfindungskraft" WC="0.99" CC="001109000606791"/>
						<SP ID="P67_SP00060" HPOS="672" VPOS="1866" WIDTH="5"/>
						<String ID="P67_ST00072" HPOS="677" VPOS="1836" WIDTH="78" HEIGHT="20" CONTENT="Dürers" WC="0.98" CC="403066"/>
						<SP ID="P67_SP00061" HPOS="755" VPOS="1866" WIDTH="4"/>
						<String ID="P67_ST00073" HPOS="759" VPOS="1833" WIDTH="64" HEIGHT="22" CONTENT="bietet" WC="0.98" CC="166124"/>
						<SP ID="P67_SP00062" HPOS="823" VPOS="1866" WIDTH="4"/>
						<String ID="P67_ST00074" HPOS="827" VPOS="1828" WIDTH="84" HEIGHT="25" CONTENT="schliefs" SUBS_TYPE="HypPart1" SUBS_CONTENT="schliefsuch" WC="0.99" CC="56623505"/>
						<HYP HPOS="911" VPOS="1828" WIDTH="10" CONTENT="-"/>
					</TextLine>
					<TextLine ID="P67_TL00013" HPOS="191" VPOS="1859" WIDTH="730" HEIGHT="39">
						<String ID="P67_ST00075" HPOS="191" VPOS="1859" WIDTH="42" HEIGHT="22" CONTENT="uch" SUBS_TYPE="HypPart2" SUBS_CONTENT="schliefsuch" WC="0.92" CC="876"/>
						<SP ID="P67_SP00063" HPOS="233" VPOS="1881" WIDTH="12"/>
						<String ID="P67_ST00076" HPOS="245" VPOS="1863" WIDTH="23" HEIGHT="23" CONTENT="in" WC="0.49" CC="55"/>
						<SP ID="P67_SP00064" HPOS="268" VPOS="1886" WIDTH="12"/>
						<String ID="P67_ST00077" HPOS="280" VPOS="1866" WIDTH="69" HEIGHT="24" CONTENT="einem" WC="0.97" CC="67403"/>
						<SP ID="P67_SP00065" HPOS="349" VPOS="1890" WIDTH="11"/>
						<String ID="P67_ST00078" HPOS="360" VPOS="1869" WIDTH="61" HEIGHT="29" CONTENT="jeden" WC="0.99" CC="12000"/>
						<SP ID="P67_SP00066" HPOS="421" VPOS="1898" WIDTH="13"/>
						<String ID="P67_ST00079" HPOS="434" VPOS="1869" WIDTH="65" HEIGHT="21" CONTENT="seiner" WC="0.98" CC="351353"/>
						<SP ID="P67_SP00067" HPOS="499" VPOS="1898" WIDTH="12"/>
						<String ID="P67_ST00080" HPOS="511" VPOS="1868" WIDTH="82" HEIGHT="22" CONTENT="Werke" WC="0.98" CC="03604"/>
						<SP ID="P67_SP00068" HPOS="593" VPOS="1898" WIDTH="12"/>
						<String ID="P67_ST00081" HPOS="605" VPOS="1876" WIDTH="24" HEIGHT="14" CONTENT="so" WC="0.50" CC="54"/>
						<SP ID="P67_SP00069" HPOS="629" VPOS="1898" WIDTH="11"/>
						<String ID="P67_ST00082" HPOS="640" VPOS="1867" WIDTH="42" HEIGHT="23" CONTENT="viel" WC="0.97" CC="9200"/>
						<SP ID="P67_SP00070" HPOS="682" VPOS="1898" WIDTH="13"/>
						<String ID="P67_ST00083" HPOS="695" VPOS="1867" WIDTH="34" HEIGHT="22" CONTENT="des" WC="0.96" CC="036"/>
						<SP ID="P67_SP00071" HPOS="729" VPOS="1898" WIDTH="9"/>
						<String ID="P67_ST00084" HPOS="738" VPOS="1868" WIDTH="84" HEIGHT="23" CONTENT="Neuen," WC="0.98" CC="044044"/>
						<SP ID="P67_SP00072" HPOS="822" VPOS="1898" WIDTH="13"/>
						<String ID="P67_ST00085" HPOS="835" VPOS="1863" WIDTH="45" HEIGHT="23" CONTENT="dafs" WC="0.72" CC="0604"/>
						<SP ID="P67_SP00073" HPOS="880" VPOS="1898" WIDTH="13"/>
						<String ID="P67_ST00086" HPOS="893" VPOS="1863" WIDTH="28" HEIGHT="22" CONTENT="sie" WC="0.96" CC="450"/>
					</TextLine>
					<TextLine ID="P67_TL00014" HPOS="192" VPOS="1892" WIDTH="729" HEIGHT="44">
						<String ID="P67_ST00087" HPOS="192" VPOS="1892" WIDTH="39" HEIGHT="44" CONTENT='j"Be' WC="0.41" CC="8319"/>
						<SP ID="P67_SP00074" HPOS="231" VPOS="1936" WIDTH="20"/>
						<String ID="P67_ST00088" HPOS="251" VPOS="1898" WIDTH="112" HEIGHT="32" CONTENT="Anspruch" WC="0.99" CC="22300051"/>
						<SP ID="P67_SP00075" HPOS="363" VPOS="1936" WIDTH="23"/>
						<String ID="P67_ST00089" HPOS="386" VPOS="1900" WIDTH="41" HEIGHT="24" CONTENT="auf" WC="0.96" CC="029"/>
						<SP ID="P67_SP00076" HPOS="427" VPOS="1936" WIDTH="20"/>
						<String ID="P67_ST00090" HPOS="447" VPOS="1902" WIDTH="45" HEIGHT="21" CONTENT="eine" WC="0.97" CC="3550"/>
						<SP ID="P67_SP00077" HPOS="492" VPOS="1936" WIDTH="24"/>
						<String ID="P67_ST00091" HPOS="516" VPOS="1901" WIDTH="130" HEIGHT="30" CONTENT="eingehende" WC="0.99" CC="5145373502"/>
						<SP ID="P67_SP00078" HPOS="646" VPOS="1936" WIDTH="23"/>
						<String ID="P67_ST00092" HPOS="669" VPOS="1901" WIDTH="140" HEIGHT="29" CONTENT="Würdigung" WC="0.99" CC="003030432"/>
						<SP ID="P67_SP00079" HPOS="809" VPOS="1936" WIDTH="23"/>
						<String ID="P67_ST00093" HPOS="832" VPOS="1897" WIDTH="89" HEIGHT="22" CONTENT="erheben" WC="0.99" CC="0513150"/>
					</TextLine>
					<TextLine ID="P67_TL00015" HPOS="193" VPOS="1924" WIDTH="728" HEIGHT="41">
						<String ID="P67_ST00094" HPOS="193" VPOS="1924" WIDTH="101" HEIGHT="34" CONTENT="konnten," WC="0.97" CC="88775244"/>
						<SP ID="P67_SP00080" HPOS="294" VPOS="1958" WIDTH="16"/>
						<String ID="P67_ST00095" HPOS="310" VPOS="1942" WIDTH="37" HEIGHT="14" CONTENT="wo" WC="0.80" CC="04"/>
						<SP ID="P67_SP00081" HPOS="347" VPOS="1958" WIDTH="14"/>
						<String ID="P67_ST00096" HPOS="361" VPOS="1943" WIDTH="20" HEIGHT="14" CONTENT="es" WC="0.55" CC="62"/>
						<SP ID="P67_SP00082" HPOS="381" VPOS="1958" WIDTH="12"/>
						<String ID="P67_ST00097" HPOS="393" VPOS="1935" WIDTH="68" HEIGHT="30" CONTENT="gälte," WC="0.98" CC="070664"/>
						<SP ID="P67_SP00083" HPOS="461" VPOS="1965" WIDTH="15"/>
						<String ID="P67_ST00098" HPOS="476" VPOS="1935" WIDTH="60" HEIGHT="22" CONTENT="nicht" WC="0.97" CC="63760"/>
						<SP ID="P67_SP00084" HPOS="536" VPOS="1965" WIDTH="12"/>
						<String ID="P67_ST00099" HPOS="548" VPOS="1942" WIDTH="41" HEIGHT="14" CONTENT="nur" WC="0.94" CC="564"/>
						<SP ID="P67_SP00085" HPOS="589" VPOS="1965" WIDTH="12"/>
						<String ID="P67_ST00100" HPOS="601" VPOS="1934" WIDTH="34" HEIGHT="22" CONTENT="des" WC="0.97" CC="044"/>
						<SP ID="P67_SP00086" HPOS="635" VPOS="1965" WIDTH="11"/>
						<String ID="P67_ST00101" HPOS="646" VPOS="1934" WIDTH="108" HEIGHT="22" CONTENT="Künstlers" WC="0.99" CC="106650535"/>
						<SP ID="P67_SP00087" HPOS="754" VPOS="1965" WIDTH="16"/>
						<String ID="P67_ST00102" HPOS="770" VPOS="1934" WIDTH="49" HEIGHT="24" CONTENT="Art," WC="0.97" CC="1054"/>
						<SP ID="P67_SP00088" HPOS="819" VPOS="1965" WIDTH="12"/>
						<String ID="P67_ST00103" HPOS="831" VPOS="1930" WIDTH="90" HEIGHT="23" CONTENT="sondern" WC="0.98" CC="4250532"/>
					</TextLine>
					<TextLine ID="P67_TL00016" HPOS="193" VPOS="1960" WIDTH="728" HEIGHT="37">
						<String ID="P67_ST00104" HPOS="193" VPOS="1960" WIDTH="52" HEIGHT="23" CONTENT="auch" WC="0.94" CC="7785"/>
						<SP ID="P67_SP00089" HPOS="245" VPOS="1983" WIDTH="16"/>
						<String ID="P67_ST00105" HPOS="261" VPOS="1963" WIDTH="41" HEIGHT="24" CONTENT="den" WC="0.96" CC="064"/>
						<SP ID="P67_SP00090" HPOS="302" VPOS="1987" WIDTH="15"/>
						<String ID="P67_ST00106" HPOS="317" VPOS="1968" WIDTH="70" HEIGHT="22" CONTENT="Inhalt" WC="0.99" CC="102400"/>
						<SP ID="P67_SP00091" HPOS="387" VPOS="1990" WIDTH="16"/>
						<String ID="P67_ST00107" HPOS="403" VPOS="1969" WIDTH="65" HEIGHT="21" CONTENT="seines" WC="0.97" CC="466344"/>
						<SP ID="P67_SP00092" HPOS="468" VPOS="1990" WIDTH="12"/>
						<String ID="P67_ST00108" HPOS="480" VPOS="1969" WIDTH="89" HEIGHT="21" CONTENT="Wesens" WC="0.98" CC="015654"/>
						<SP ID="P67_SP00093" HPOS="569" VPOS="1990" WIDTH="16"/>
						<String ID="P67_ST00109" HPOS="585" VPOS="1976" WIDTH="37" HEIGHT="14" CONTENT="zur" WC="0.93" CC="774"/>
						<SP ID="P67_SP00094" HPOS="622" VPOS="1990" WIDTH="17"/>
						<String ID="P67_ST00110" HPOS="639" VPOS="1967" WIDTH="135" HEIGHT="30" CONTENT="Darstellung" WC="0.99" CC="67044704430"/>
						<SP ID="P67_SP00095" HPOS="774" VPOS="1997" WIDTH="15"/>
						<String ID="P67_ST00111" HPOS="789" VPOS="1974" WIDTH="26" HEIGHT="14" CONTENT="zu" WC="0.41" CC="74"/>
						<SP ID="P67_SP00096" HPOS="815" VPOS="1997" WIDTH="13"/>
						<String ID="P67_ST00112" HPOS="828" VPOS="1964" WIDTH="93" HEIGHT="30" CONTENT="bringen." WC="0.99" CC="55400000"/>
					</TextLine>
					<TextLine ID="P67_TL00017" HPOS="193" VPOS="1992" WIDTH="729" HEIGHT="39">
						<String ID="P67_ST00113" HPOS="193" VPOS="1992" WIDTH="58" HEIGHT="24" CONTENT="Uazu" WC="0.34" CC="8764"/>
						<SP ID="P67_SP00097" HPOS="251" VPOS="2016" WIDTH="17"/>
						<String ID="P67_ST00114" HPOS="268" VPOS="2000" WIDTH="75" HEIGHT="23" CONTENT="würde" WC="0.97" CC="90406"/>
						<SP ID="P67_SP00098" HPOS="343" VPOS="2023" WIDTH="16"/>
						<String ID="P67_ST00115" HPOS="359" VPOS="2001" WIDTH="49" HEIGHT="22" CONTENT="aber" WC="0.96" CC="7660"/>
						<SP ID="P67_SP00099" HPOS="408" VPOS="2023" WIDTH="15"/>
						<String ID="P67_ST00116" HPOS="423" VPOS="2002" WIDTH="59" HEIGHT="21" CONTENT="nicht" WC="0.97" CC="32635"/>
						<SP ID="P67_SP00100" HPOS="482" VPOS="2023" WIDTH="15"/>
						<String ID="P67_ST00117" HPOS="497" VPOS="2001" WIDTH="77" HEIGHT="22" CONTENT="einmal" WC="0.98" CC="014075"/>
						<SP ID="P67_SP00101" HPOS="574" VPOS="2023" WIDTH="21"/>
						<String ID="P67_ST00118" HPOS="595" VPOS="2002" WIDTH="46" HEIGHT="21" CONTENT="eine" WC="0.98" CC="0520"/>
						<SP ID="P67_SP00102" HPOS="641" VPOS="2023" WIDTH="23"/>
						<String ID="P67_ST00119" HPOS="664" VPOS="1999" WIDTH="152" HEIGHT="32" CONTENT="erschöpfende" WC="0.99" CC="666756006006"/>
						<SP ID="P67_SP00103" HPOS="816" VPOS="2031" WIDTH="16"/>
						<String ID="P67_ST00120" HPOS="832" VPOS="1997" WIDTH="78" HEIGHT="23" CONTENT="Lebens" SUBS_TYPE="HypPart1" SUBS_CONTENT="Lebensenilderung" WC="0.79" CC="000445"/>
						<HYP HPOS="910" VPOS="1997" WIDTH="12" CONTENT="-"/>
					</TextLine>
					<TextLine ID="P67_TL00018" HPOS="202" VPOS="2029" WIDTH="494" HEIGHT="36">
						<String ID="P67_ST00121" HPOS="202" VPOS="2029" WIDTH="124" HEIGHT="34" CONTENT="enilderung" SUBS_TYPE="HypPart2" SUBS_CONTENT="Lebensenilderung" WC="0.68" CC="7025075300"/>
						<SP ID="P67_SP00104" HPOS="326" VPOS="2063" WIDTH="12"/>
						<String ID="P67_ST00122" HPOS="338" VPOS="2034" WIDTH="40" HEIGHT="22" CONTENT="den" WC="0.99" CC="020"/>
						<SP ID="P67_SP00105" HPOS="378" VPOS="2063" WIDTH="13"/>
						<String ID="P67_ST00123" HPOS="391" VPOS="2035" WIDTH="89" HEIGHT="30" CONTENT="nötigen" WC="0.99" CC="0052050"/>
						<SP ID="P67_SP00106" HPOS="480" VPOS="2065" WIDTH="11"/>
						<String ID="P67_ST00124" HPOS="491" VPOS="2035" WIDTH="72" HEIGHT="21" CONTENT="Raum" WC="0.97" CC="2550"/>
						<SP ID="P67_SP00107" HPOS="563" VPOS="2065" WIDTH="11"/>
						<String ID="P67_ST00125" HPOS="574" VPOS="2034" WIDTH="122" HEIGHT="30" CONTENT="gewähren." WC="0.99" CC="030942540"/>
					</TextLine>
					<TextLine ID="P67_TL00019" HPOS="241" VPOS="2063" WIDTH="681" HEIGHT="34">
						<String ID="P67_ST00126" HPOS="241" VPOS="2063" WIDTH="49" HEIGHT="22" CONTENT="Von" WC="0.92" CC="955"/>
						<SP ID="P67_SP00108" HPOS="290" VPOS="2085" WIDTH="20"/>
						<String ID="P67_ST00127" HPOS="310" VPOS="2067" WIDTH="72" HEIGHT="22" CONTENT="diesen" WC="0.99" CC="000521"/>
						<SP ID="P67_SP00109" HPOS="382" VPOS="2089" WIDTH="21"/>
						<String ID="P67_ST00128" HPOS="403" VPOS="2068" WIDTH="42" HEIGHT="22" CONTENT="vier" WC="0.97" CC="0645"/>
						<SP ID="P67_SP00110" HPOS="445" VPOS="2090" WIDTH="17"/>
						<String ID="P67_ST00129" HPOS="462" VPOS="2066" WIDTH="212" HEIGHT="31" CONTENT="Holzschnittfolgen" WC="0.99" CC="15063552663030046"/>
						<SP ID="P67_SP00111" HPOS="674" VPOS="2097" WIDTH="21"/>
						<String ID="P67_ST00130" HPOS="695" VPOS="2068" WIDTH="37" HEIGHT="21" CONTENT="hat" WC="0.94" CC="466"/>
						<SP ID="P67_SP00112" HPOS="732" VPOS="2097" WIDTH="21"/>
						<String ID="P67_ST00131" HPOS="753" VPOS="2075" WIDTH="20" HEIGHT="14" CONTENT="er" WC="0.68" CC="60"/>
						<SP ID="P67_SP00113" HPOS="773" VPOS="2097" WIDTH="21"/>
						<String ID="P67_ST00132" HPOS="794" VPOS="2066" WIDTH="34" HEIGHT="22" CONTENT="die" WC="0.94" CC="860"/>
						<SP ID="P67_SP00114" HPOS="828" VPOS="2097" WIDTH="20"/>
						<String ID="P67_ST00133" HPOS="848" VPOS="2063" WIDTH="74" HEIGHT="23" CONTENT="beiden" WC="0.98" CC="515065"/>
					</TextLine>
					<TextLine ID="P67_TL00020" HPOS="193" VPOS="2089" WIDTH="730" HEIGHT="43">
						<String ID="P67_ST00134" HPOS="193" VPOS="2089" WIDTH="117" HEIGHT="35" CONTENT="frühesten," WC="0.99" CC="7706174014"/>
						<SP ID="P67_SP00115" HPOS="310" VPOS="2124" WIDTH="17"/>
						<String ID="P67_ST00135" HPOS="327" VPOS="2100" WIDTH="34" HEIGHT="23" CONTENT="die" WC="0.98" CC="006"/>
						<SP ID="P67_SP00116" HPOS="361" VPOS="2124" WIDTH="12"/>
						<String ID="P67_ST00136" HPOS="373" VPOS="2100" WIDTH="137" HEIGHT="32" CONTENT="Apokalypse" WC="0.99" CC="2050700043"/>
						<SP ID="P67_SP00117" HPOS="510" VPOS="2132" WIDTH="17"/>
						<String ID="P67_ST00137" HPOS="527" VPOS="2101" WIDTH="44" HEIGHT="21" CONTENT="und" WC="1.00" CC="000"/>
						<SP ID="P67_SP00118" HPOS="571" VPOS="2132" WIDTH="15"/>
						<String ID="P67_ST00138" HPOS="586" VPOS="2100" WIDTH="34" HEIGHT="22" CONTENT="die" WC="0.98" CC="040"/>
						<SP ID="P67_SP00119" HPOS="620" VPOS="2132" WIDTH="16"/>
						<String ID="P67_ST00139" HPOS="636" VPOS="2099" WIDTH="77" HEIGHT="24" CONTENT="Grofse" WC="0.56" CC="012956"/>
						<SP ID="P67_SP00120" HPOS="713" VPOS="2132" WIDTH="15"/>
						<String ID="P67_ST00140" HPOS="728" VPOS="2101" WIDTH="85" HEIGHT="21" CONTENT="Passion" WC="0.97" CC="5635464"/>
						<SP ID="P67_SP00121" HPOS="813" VPOS="2132" WIDTH="17"/>
						<String ID="P67_ST00141" HPOS="830" VPOS="2098" WIDTH="93" HEIGHT="31" CONTENT="(letztere" WC="0.99" CC="105363464"/>
					</TextLine>
					<TextLine ID="P67_TL00021" HPOS="207" VPOS="2129" WIDTH="716" HEIGHT="36">
						<String ID="P67_ST00142" HPOS="207" VPOS="2130" WIDTH="16" HEIGHT="15" CONTENT="ls" STYLE="superscript" WC="0.30" CC="67"/>
						<SP ID="P67_SP00122" HPOS="223" VPOS="2145" WIDTH="12"/>
						<String ID="P67_ST00143" HPOS="235" VPOS="2129" WIDTH="41" HEIGHT="22" CONTENT="auf" WC="0.92" CC="469"/>
						<SP ID="P67_SP00123" HPOS="276" VPOS="2151" WIDTH="9"/>
						<String ID="P67_ST00144" HPOS="285" VPOS="2131" WIDTH="45" HEIGHT="23" CONTENT="drei" WC="0.98" CC="0042"/>
						<SP ID="P67_SP00124" HPOS="330" VPOS="2154" WIDTH="12"/>
						<String ID="P67_ST00145" HPOS="342" VPOS="2139" WIDTH="40" HEIGHT="17" CONTENT="erst" WC="0.98" CC="1060"/>
						<SP ID="P67_SP00125" HPOS="382" VPOS="2156" WIDTH="11"/>
						<String ID="P67_ST00146" HPOS="393" VPOS="2133" WIDTH="72" HEIGHT="23" CONTENT="zwölf" WC="0.96" CC="59049"/>
						<SP ID="P67_SP00126" HPOS="465" VPOS="2156" WIDTH="8"/>
						<String ID="P67_ST00147" HPOS="473" VPOS="2134" WIDTH="60" HEIGHT="28" CONTENT="Jahre" WC="0.99" CC="06300"/>
						<SP ID="P67_SP00127" HPOS="533" VPOS="2162" WIDTH="12"/>
						<String ID="P67_ST00148" HPOS="545" VPOS="2136" WIDTH="67" HEIGHT="29" CONTENT="später" WC="0.99" CC="600320"/>
						<SP ID="P67_SP00128" HPOS="612" VPOS="2165" WIDTH="12"/>
						<String ID="P67_ST00149" HPOS="624" VPOS="2133" WIDTH="152" HEIGHT="31" CONTENT="hinzugefügte" WC="0.99" CC="460759000054"/>
						<SP ID="P67_SP00129" HPOS="776" VPOS="2165" WIDTH="9"/>
						<String ID="P67_ST00150" HPOS="785" VPOS="2131" WIDTH="95" HEIGHT="31" CONTENT="Blätter)," WC="0.99" CC="520305644"/>
						<SP ID="P67_SP00130" HPOS="880" VPOS="2165" WIDTH="13"/>
						<String ID="P67_ST00151" HPOS="893" VPOS="2130" WIDTH="30" HEIGHT="21" CONTENT="im" WC="0.44" CC="64"/>
					</TextLine>
					<TextLine ID="P67_TL00022" HPOS="193" VPOS="2156" WIDTH="730" HEIGHT="42">
						<String ID="P67_ST00152" HPOS="193" VPOS="2156" WIDTH="59" HEIGHT="25" CONTENT="Alter" WC="0.97" CC="70671"/>
						<SP ID="P67_SP00131" HPOS="252" VPOS="2181" WIDTH="19"/>
						<String ID="P67_ST00153" HPOS="271" VPOS="2171" WIDTH="43" HEIGHT="16" CONTENT="von" WC="0.99" CC="001"/>
						<SP ID="P67_SP00132" HPOS="314" VPOS="2187" WIDTH="22"/>
						<String ID="P67_ST00154" HPOS="336" VPOS="2174" WIDTH="27" HEIGHT="22" CONTENT="27" WC="0.32" CC="75"/>
						<SP ID="P67_SP00133" HPOS="363" VPOS="2196" WIDTH="20"/>
						<String ID="P67_ST00155" HPOS="383" VPOS="2167" WIDTH="75" HEIGHT="28" CONTENT="Jahren" WC="0.98" CC="047420"/>
						<SP ID="P67_SP00134" HPOS="458" VPOS="2196" WIDTH="18"/>
						<String ID="P67_ST00156" HPOS="476" VPOS="2167" WIDTH="118" HEIGHT="26" CONTENT="vollendet," WC="0.99" CC="3401670511"/>
						<SP ID="P67_SP00135" HPOS="594" VPOS="2196" WIDTH="23"/>
						<String ID="P67_ST00157" HPOS="617" VPOS="2167" WIDTH="69" HEIGHT="31" CONTENT="1498," WC="0.54" CC="09714"/>
						<SP ID="P67_SP00136" HPOS="686" VPOS="2198" WIDTH="21"/>
						<String ID="P67_ST00158" HPOS="707" VPOS="2167" WIDTH="27" HEIGHT="22" CONTENT="da" WC="1.00" CC="00"/>
						<SP ID="P67_SP00137" HPOS="734" VPOS="2198" WIDTH="18"/>
						<String ID="P67_ST00159" HPOS="752" VPOS="2174" WIDTH="21" HEIGHT="14" CONTENT="er" WC="0.69" CC="06"/>
						<SP ID="P67_SP00138" HPOS="773" VPOS="2198" WIDTH="16"/>
						<String ID="P67_ST00160" HPOS="789" VPOS="2174" WIDTH="37" HEIGHT="14" CONTENT="zur" WC="0.95" CC="615"/>
						<SP ID="P67_SP00139" HPOS="826" VPOS="2198" WIDTH="17"/>
						<String ID="P67_ST00161" HPOS="843" VPOS="2172" WIDTH="64" HEIGHT="14" CONTENT="unum" SUBS_TYPE="HypPart1" SUBS_CONTENT="unumschränkten" WC="0.83" CC="3030"/>
						<HYP HPOS="907" VPOS="2172" WIDTH="16" CONTENT="-"/>
					</TextLine>
					<TextLine ID="P67_TL00023" HPOS="193" VPOS="2190" WIDTH="730" HEIGHT="40">
						<String ID="P67_ST00162" HPOS="193" VPOS="2190" WIDTH="126" HEIGHT="30" CONTENT="schränkten" SUBS_TYPE="HypPart2" SUBS_CONTENT="unumschränkten" WC="0.60" CC="7970000363"/>
						<SP ID="P67_SP00140" HPOS="319" VPOS="2220" WIDTH="17"/>
						<String ID="P67_ST00163" HPOS="336" VPOS="2200" WIDTH="125" HEIGHT="23" CONTENT="Herrschaft" WC="0.99" CC="0602351705"/>
						<SP ID="P67_SP00141" HPOS="461" VPOS="2223" WIDTH="21"/>
						<String ID="P67_ST00164" HPOS="482" VPOS="2201" WIDTH="50" HEIGHT="21" CONTENT="über" WC="0.98" CC="0520"/>
						<SP ID="P67_SP00142" HPOS="532" VPOS="2223" WIDTH="20"/>
						<String ID="P67_ST00165" HPOS="552" VPOS="2200" WIDTH="34" HEIGHT="22" CONTENT="die" WC="0.98" CC="021"/>
						<SP ID="P67_SP00143" HPOS="586" VPOS="2223" WIDTH="18"/>
						<String ID="P67_ST00166" HPOS="604" VPOS="2199" WIDTH="214" HEIGHT="31" CONTENT="Darstellungsmittel" WC="0.99" CC="656545000705445040"/>
						<SP ID="P67_SP00144" HPOS="818" VPOS="2230" WIDTH="21"/>
						<String ID="P67_ST00167" HPOS="839" VPOS="2197" WIDTH="84" HEIGHT="31" CONTENT="gelangt" WC="0.98" CC="9726604"/>
					</TextLine>
					<TextLine ID="P67_TL00024" HPOS="194" VPOS="2229" WIDTH="729" HEIGHT="29">
						<String ID="P67_ST00168" HPOS="194" VPOS="2229" WIDTH="21" HEIGHT="13" CONTENT="w" STYLE="superscript" WC="0.24" CC="7"/>
						<String ID="P67_ST00169" HPOS="216" VPOS="2231" WIDTH="22" HEIGHT="15" CONTENT="ar" WC="0.61" CC="70"/>
						<SP ID="P67_SP00145" HPOS="238" VPOS="2246" WIDTH="12"/>
						<String ID="P67_ST00170" HPOS="250" VPOS="2230" WIDTH="44" HEIGHT="21" CONTENT="und" WC="0.98" CC="040"/>
						<SP ID="P67_SP00146" HPOS="294" VPOS="2251" WIDTH="12"/>
						<String ID="P67_ST00171" HPOS="306" VPOS="2232" WIDTH="60" HEIGHT="26" CONTENT="alles," WC="0.98" CC="446044"/>
						<SP ID="P67_SP00147" HPOS="366" VPOS="2258" WIDTH="19"/>
						<String ID="P67_ST00172" HPOS="385" VPOS="2242" WIDTH="45" HEIGHT="14" CONTENT="was" WC="0.92" CC="974"/>
						<SP ID="P67_SP00148" HPOS="430" VPOS="2258" WIDTH="17"/>
						<String ID="P67_ST00173" HPOS="447" VPOS="2234" WIDTH="34" HEIGHT="22" CONTENT="die" WC="0.98" CC="004"/>
						<SP ID="P67_SP00149" HPOS="481" VPOS="2258" WIDTH="13"/>
						<String ID="P67_ST00174" HPOS="494" VPOS="2235" WIDTH="69" HEIGHT="21" CONTENT="Kunst" WC="0.97" CC="65344"/>
						<SP ID="P67_SP00150" HPOS="563" VPOS="2258" WIDTH="17"/>
						<String ID="P67_ST00175" HPOS="580" VPOS="2234" WIDTH="66" HEIGHT="21" CONTENT="seines" WC="0.97" CC="561566"/>
						<SP ID="P67_SP00151" HPOS="646" VPOS="2258" WIDTH="11"/>
						<String ID="P67_ST00176" HPOS="657" VPOS="2233" WIDTH="81" HEIGHT="22" CONTENT="Landes" WC="0.98" CC="045053"/>
						<SP ID="P67_SP00152" HPOS="738" VPOS="2258" WIDTH="17"/>
						<String ID="P67_ST00177" HPOS="755" VPOS="2233" WIDTH="67" HEIGHT="22" CONTENT="sowie" WC="0.97" CC="45066"/>
						<SP ID="P67_SP00153" HPOS="822" VPOS="2258" WIDTH="17"/>
						<String ID="P67_ST00178" HPOS="839" VPOS="2231" WIDTH="34" HEIGHT="22" CONTENT="die" WC="0.96" CC="054"/>
						<SP ID="P67_SP00154" HPOS="873" VPOS="2258" WIDTH="16"/>
						<String ID="P67_ST00179" HPOS="889" VPOS="2230" WIDTH="34" HEIGHT="21" CONTENT="des" WC="0.98" CC="014"/>
					</TextLine>
					<TextLine ID="P67_TL00025" HPOS="194" VPOS="2260" WIDTH="728" HEIGHT="29">
						<String ID="P67_ST00180" HPOS="194" VPOS="2260" WIDTH="211" HEIGHT="28" CONTENT="geistesverwandten" WC="0.99" CC="79475760250750620"/>
						<SP ID="P67_SP00155" HPOS="405" VPOS="2288" WIDTH="14"/>
						<String ID="P67_ST00181" HPOS="419" VPOS="2267" WIDTH="131" HEIGHT="22" CONTENT="Oberitalien" WC="0.99" CC="03033170664"/>
						<SP ID="P67_SP00156" HPOS="550" VPOS="2289" WIDTH="16"/>
						<String ID="P67_ST00182" HPOS="566" VPOS="2267" WIDTH="46" HEIGHT="22" CONTENT="ihm" WC="0.97" CC="520"/>
						<SP ID="P67_SP00157" HPOS="612" VPOS="2289" WIDTH="17"/>
						<String ID="P67_ST00183" HPOS="629" VPOS="2274" WIDTH="26" HEIGHT="14" CONTENT="zu" WC="0.46" CC="63"/>
						<SP ID="P67_SP00158" HPOS="655" VPOS="2289" WIDTH="17"/>
						<String ID="P67_ST00184" HPOS="672" VPOS="2266" WIDTH="69" HEIGHT="23" CONTENT="bieten" WC="0.98" CC="750162"/>
						<SP ID="P67_SP00159" HPOS="741" VPOS="2289" WIDTH="12"/>
						<String ID="P67_ST00185" HPOS="753" VPOS="2265" WIDTH="131" HEIGHT="24" CONTENT="vermochte," WC="0.98" CC="3660547634"/>
						<SP ID="P67_SP00160" HPOS="884" VPOS="2289" WIDTH="16"/>
						<String ID="P67_ST00186" HPOS="900" VPOS="2263" WIDTH="22" HEIGHT="20" CONTENT="in" WC="0.71" CC="50"/>
					</TextLine>
					<TextLine ID="P67_TL00026" HPOS="193" VPOS="2289" WIDTH="730" HEIGHT="41">
						<String ID="P67_ST00187" HPOS="193" VPOS="2289" WIDTH="44" HEIGHT="22" CONTENT="s'ch" WC="0.23" CC="9487"/>
						<SP ID="P67_SP00161" HPOS="237" VPOS="2311" WIDTH="15"/>
						<String ID="P67_ST00188" HPOS="252" VPOS="2297" WIDTH="123" HEIGHT="24" CONTENT="verarbeitet" WC="0.99" CC="17041633610"/>
						<SP ID="P67_SP00162" HPOS="375" VPOS="2321" WIDTH="14"/>
						<String ID="P67_ST00189" HPOS="389" VPOS="2300" WIDTH="65" HEIGHT="22" CONTENT="hatte." WC="0.98" CC="670360"/>
						<SP ID="P67_SP00163" HPOS="454" VPOS="2322" WIDTH="36"/>
						<String ID="P67_ST00190" HPOS="490" VPOS="2300" WIDTH="62" HEIGHT="22" CONTENT="Sechs" WC="0.98" CC="00655"/>
						<SP ID="P67_SP00164" HPOS="552" VPOS="2322" WIDTH="11"/>
						<String ID="P67_ST00191" HPOS="563" VPOS="2300" WIDTH="61" HEIGHT="28" CONTENT="Jahre" WC="0.97" CC="06773"/>
						<SP ID="P67_SP00165" HPOS="624" VPOS="2328" WIDTH="15"/>
						<String ID="P67_ST00192" HPOS="639" VPOS="2302" WIDTH="76" HEIGHT="28" CONTENT="später," WC="0.98" CC="3072604"/>
						<SP ID="P67_SP00166" HPOS="715" VPOS="2330" WIDTH="17"/>
						<String ID="P67_ST00193" HPOS="732" VPOS="2306" WIDTH="71" HEIGHT="24" CONTENT="1504," WC="0.29" CC="69674"/>
						<SP ID="P67_SP00167" HPOS="803" VPOS="2330" WIDTH="15"/>
						<String ID="P67_ST00194" HPOS="818" VPOS="2296" WIDTH="105" HEIGHT="24" CONTENT="nachdem" WC="0.98" CC="5647060"/>
					</TextLine>
				</TextBlock>
				<TextBlock ID="P67_TB00004" HPOS="981" VPOS="1480" WIDTH="738" HEIGHT="847" STYLEREFS="TXT_1 PAR_BLOCK">
					<TextLine ID="P67_TL00027" HPOS="986" VPOS="1484" WIDTH="723" HEIGHT="32">
						<String ID="P67_ST00195" HPOS="986" VPOS="1501" WIDTH="20" HEIGHT="14" CONTENT="er" WC="0.34" CC="66"/>
						<SP ID="P67_SP00168" HPOS="1006" VPOS="1515" WIDTH="12"/>
						<String ID="P67_ST00196" HPOS="1018" VPOS="1491" WIDTH="40" HEIGHT="22" CONTENT="den" WC="0.98" CC="003"/>
						<SP ID="P67_SP00169" HPOS="1058" VPOS="1515" WIDTH="11"/>
						<String ID="P67_ST00197" HPOS="1069" VPOS="1490" WIDTH="148" HEIGHT="22" CONTENT="bedeutsamen" WC="0.99" CC="56040337060"/>
						<SP ID="P67_SP00170" HPOS="1217" VPOS="1515" WIDTH="12"/>
						<String ID="P67_ST00198" HPOS="1229" VPOS="1487" WIDTH="77" HEIGHT="23" CONTENT="Schritt" WC="0.99" CC="0004402"/>
						<SP ID="P67_SP00171" HPOS="1306" VPOS="1515" WIDTH="16"/>
						<String ID="P67_ST00199" HPOS="1322" VPOS="1495" WIDTH="43" HEIGHT="14" CONTENT="von" WC="0.96" CC="720"/>
						<SP ID="P67_SP00172" HPOS="1365" VPOS="1515" WIDTH="12"/>
						<String ID="P67_ST00200" HPOS="1377" VPOS="1486" WIDTH="56" HEIGHT="21" CONTENT="einer" WC="0.97" CC="46552"/>
						<SP ID="P67_SP00173" HPOS="1433" VPOS="1515" WIDTH="14"/>
						<String ID="P67_ST00201" HPOS="1447" VPOS="1484" WIDTH="56" HEIGHT="23" CONTENT="blofs" WC="0.60" CC="00396"/>
						<SP ID="P67_SP00174" HPOS="1503" VPOS="1515" WIDTH="16"/>
						<String ID="P67_ST00202" HPOS="1519" VPOS="1484" WIDTH="190" HEIGHT="32" CONTENT="gefühlsmäfsigen" WC="0.72" CC="050000606936003"/>
					</TextLine>
					<TextLine ID="P67_TL00028" HPOS="985" VPOS="1518" WIDTH="729" HEIGHT="37">
						<String ID="P67_ST00203" HPOS="985" VPOS="1525" WIDTH="128" HEIGHT="30" CONTENT="Aneignung" WC="0.99" CC="440004040"/>
						<SP ID="P67_SP00175" HPOS="1113" VPOS="1555" WIDTH="16"/>
						<String ID="P67_ST00204" HPOS="1129" VPOS="1522" WIDTH="35" HEIGHT="23" CONTENT="der" WC="0.98" CC="040"/>
						<SP ID="P67_SP00176" HPOS="1164" VPOS="1555" WIDTH="11"/>
						<String ID="P67_ST00205" HPOS="1175" VPOS="1523" WIDTH="70" HEIGHT="21" CONTENT="Natur" WC="0.97" CC="07216"/>
						<SP ID="P67_SP00177" HPOS="1245" VPOS="1555" WIDTH="11"/>
						<String ID="P67_ST00206" HPOS="1256" VPOS="1529" WIDTH="25" HEIGHT="13" CONTENT="zu" WC="0.63" CC="70"/>
						<SP ID="P67_SP00178" HPOS="1281" VPOS="1555" WIDTH="17"/>
						<String ID="P67_ST00207" HPOS="1298" VPOS="1520" WIDTH="63" HEIGHT="22" CONTENT="deren" WC="0.98" CC="00556"/>
						<SP ID="P67_SP00179" HPOS="1361" VPOS="1555" WIDTH="11"/>
						<String ID="P67_ST00208" HPOS="1372" VPOS="1518" WIDTH="115" HEIGHT="23" CONTENT="bewufster" WC="0.62" CC="060093454"/>
						<SP ID="P67_SP00180" HPOS="1487" VPOS="1555" WIDTH="12"/>
						<String ID="P67_ST00209" HPOS="1499" VPOS="1518" WIDTH="157" HEIGHT="31" CONTENT="Beherrschung" WC="0.99" CC="304115550250"/>
						<SP ID="P67_SP00181" HPOS="1656" VPOS="1555" WIDTH="15"/>
						<String ID="P67_ST00210" HPOS="1671" VPOS="1518" WIDTH="43" HEIGHT="22" CONTENT="auf" WC="0.96" CC="540"/>
					</TextLine>
					<TextLine ID="P67_TL00029" HPOS="986" VPOS="1551" WIDTH="724" HEIGHT="32">
						<String ID="P67_ST00211" HPOS="986" VPOS="1557" WIDTH="73" HEIGHT="24" CONTENT="Grund" WC="0.99" CC="05050"/>
						<SP ID="P67_SP00182" HPOS="1059" VPOS="1581" WIDTH="13"/>
						<String ID="P67_ST00212" HPOS="1072" VPOS="1556" WIDTH="127" HEIGHT="23" CONTENT="bestimmter" WC="0.98" CC="4672551564"/>
						<SP ID="P67_SP00183" HPOS="1199" VPOS="1581" WIDTH="11"/>
						<String ID="P67_ST00213" HPOS="1210" VPOS="1553" WIDTH="198" HEIGHT="30" CONTENT="Verhältnisgesetze" WC="0.99" CC="00037257640550175"/>
						<SP ID="P67_SP00184" HPOS="1408" VPOS="1583" WIDTH="11"/>
						<String ID="P67_ST00214" HPOS="1419" VPOS="1551" WIDTH="98" HEIGHT="31" CONTENT="gemacht" WC="0.98" CC="0525475"/>
						<SP ID="P67_SP00185" HPOS="1517" VPOS="1583" WIDTH="11"/>
						<String ID="P67_ST00215" HPOS="1528" VPOS="1551" WIDTH="70" HEIGHT="26" CONTENT="hatte," WC="0.97" CC="754544"/>
						<SP ID="P67_SP00186" HPOS="1598" VPOS="1583" WIDTH="17"/>
						<String ID="P67_ST00216" HPOS="1615" VPOS="1551" WIDTH="65" HEIGHT="22" CONTENT="schuf" WC="0.97" CC="56450"/>
						<SP ID="P67_SP00187" HPOS="1680" VPOS="1583" WIDTH="8"/>
						<String ID="P67_ST00217" HPOS="1688" VPOS="1561" WIDTH="22" HEIGHT="12" CONTENT="er" WC="0.77" CC="31"/>
					</TextLine>
					<TextLine ID="P67_TL00030" HPOS="986" VPOS="1584" WIDTH="723" HEIGHT="37">
						<String ID="P67_ST00218" HPOS="986" VPOS="1592" WIDTH="39" HEIGHT="22" CONTENT="den" WC="0.97" CC="062"/>
						<SP ID="P67_SP00188" HPOS="1025" VPOS="1614" WIDTH="12"/>
						<String ID="P67_ST00219" HPOS="1037" VPOS="1589" WIDTH="95" HEIGHT="32" CONTENT="gröfsten" WC="0.47" CC="07594606"/>
						<SP ID="P67_SP00189" HPOS="1132" VPOS="1621" WIDTH="11"/>
						<String ID="P67_ST00220" HPOS="1143" VPOS="1588" WIDTH="46" HEIGHT="22" CONTENT="Teil" WC="0.98" CC="0530"/>
						<SP ID="P67_SP00190" HPOS="1189" VPOS="1621" WIDTH="11"/>
						<String ID="P67_ST00221" HPOS="1200" VPOS="1587" WIDTH="35" HEIGHT="22" CONTENT="des" WC="0.95" CC="066"/>
						<SP ID="P67_SP00191" HPOS="1235" VPOS="1621" WIDTH="12"/>
						<String ID="P67_ST00222" HPOS="1247" VPOS="1585" WIDTH="160" HEIGHT="23" CONTENT="Marienlebens," WC="0.99" CC="0665600676660"/>
						<SP ID="P67_SP00192" HPOS="1407" VPOS="1621" WIDTH="38"/>
						<String ID="P67_ST00223" HPOS="1445" VPOS="1592" WIDTH="27" HEIGHT="21" CONTENT="ij" WC="0.81" CC="17"/>
						<SP ID="P67_SP00193" HPOS="1472" VPOS="1621" WIDTH="7"/>
						<String ID="P67_ST00224" HPOS="1479" VPOS="1593" WIDTH="7" HEIGHT="13" CONTENT="i" WC="0.34" CC="6"/>
						<SP ID="P67_SP00194" HPOS="1486" VPOS="1621" WIDTH="7"/>
						<String ID="P67_ST00225" HPOS="1493" VPOS="1592" WIDTH="12" HEIGHT="14" CONTENT="o" WC="0.27" CC="7"/>
						<SP ID="P67_SP00195" HPOS="1505" VPOS="1621" WIDTH="13"/>
						<String ID="P67_ST00226" HPOS="1518" VPOS="1584" WIDTH="92" HEIGHT="25" CONTENT="endlich," WC="0.98" CC="64003644"/>
						<SP ID="P67_SP00196" HPOS="1610" VPOS="1621" WIDTH="13"/>
						<String ID="P67_ST00227" HPOS="1623" VPOS="1584" WIDTH="29" HEIGHT="22" CONTENT="als" WC="0.96" CC="503"/>
						<SP ID="P67_SP00197" HPOS="1652" VPOS="1621" WIDTH="12"/>
						<String ID="P67_ST00228" HPOS="1664" VPOS="1584" WIDTH="45" HEIGHT="23" CONTENT="voll" WC="0.99" CC="0202"/>
					</TextLine>
					<TextLine ID="P67_TL00031" HPOS="986" VPOS="1617" WIDTH="723" HEIGHT="38">
						<String ID="P67_ST00229" HPOS="986" VPOS="1622" WIDTH="133" HEIGHT="33" CONTENT="ausgereifter" WC="0.98" CC="663776370556"/>
						<SP ID="P67_SP00198" HPOS="1119" VPOS="1655" WIDTH="12"/>
						<String ID="P67_ST00230" HPOS="1131" VPOS="1623" WIDTH="67" HEIGHT="21" CONTENT="Mann" WC="0.96" CC="0675"/>
						<SP ID="P67_SP00199" HPOS="1198" VPOS="1655" WIDTH="14"/>
						<String ID="P67_ST00231" HPOS="1212" VPOS="1628" WIDTH="44" HEIGHT="14" CONTENT="von" WC="0.99" CC="002"/>
						<SP ID="P67_SP00200" HPOS="1256" VPOS="1655" WIDTH="15"/>
						<String ID="P67_ST00232" HPOS="1271" VPOS="1619" WIDTH="76" HEIGHT="30" CONTENT="vierzig" WC="0.98" CC="3652740"/>
						<SP ID="P67_SP00201" HPOS="1347" VPOS="1655" WIDTH="10"/>
						<String ID="P67_ST00233" HPOS="1357" VPOS="1619" WIDTH="86" HEIGHT="28" CONTENT="Jahren," WC="0.98" CC="0753344"/>
						<SP ID="P67_SP00202" HPOS="1443" VPOS="1655" WIDTH="16"/>
						<String ID="P67_ST00234" HPOS="1459" VPOS="1617" WIDTH="60" HEIGHT="31" CONTENT="fügte" WC="0.99" CC="00140"/>
						<SP ID="P67_SP00203" HPOS="1519" VPOS="1655" WIDTH="16"/>
						<String ID="P67_ST00235" HPOS="1535" VPOS="1625" WIDTH="20" HEIGHT="14" CONTENT="er" WC="0.67" CC="06"/>
						<SP ID="P67_SP00204" HPOS="1555" VPOS="1655" WIDTH="15"/>
						<String ID="P67_ST00236" HPOS="1570" VPOS="1617" WIDTH="36" HEIGHT="22" CONTENT="der" WC="0.98" CC="041"/>
						<SP ID="P67_SP00205" HPOS="1606" VPOS="1655" WIDTH="12"/>
						<String ID="P67_ST00237" HPOS="1618" VPOS="1617" WIDTH="91" HEIGHT="22" CONTENT="Grofsen" WC="0.68" CC="0560620"/>
					</TextLine>
					<TextLine ID="P67_TL00032" HPOS="985" VPOS="1650" WIDTH="724" HEIGHT="32">
						<String ID="P67_ST00238" HPOS="985" VPOS="1658" WIDTH="84" HEIGHT="24" CONTENT="Passion" WC="0.98" CC="7424242"/>
						<SP ID="P67_SP00206" HPOS="1069" VPOS="1682" WIDTH="11"/>
						<String ID="P67_ST00239" HPOS="1080" VPOS="1656" WIDTH="43" HEIGHT="22" CONTENT="wie" WC="0.98" CC="023"/>
						<SP ID="P67_SP00207" HPOS="1123" VPOS="1682" WIDTH="12"/>
						<String ID="P67_ST00240" HPOS="1135" VPOS="1655" WIDTH="48" HEIGHT="22" CONTENT="dem" WC="0.97" CC="042"/>
						<SP ID="P67_SP00208" HPOS="1183" VPOS="1682" WIDTH="11"/>
						<String ID="P67_ST00241" HPOS="1194" VPOS="1652" WIDTH="145" HEIGHT="24" CONTENT="Marienleben" WC="0.99" CC="06560405465"/>
						<SP ID="P67_SP00209" HPOS="1339" VPOS="1682" WIDTH="10"/>
						<String ID="P67_ST00242" HPOS="1349" VPOS="1654" WIDTH="45" HEIGHT="27" CONTENT="jene" WC="0.97" CC="3066"/>
						<SP ID="P67_SP00210" HPOS="1394" VPOS="1682" WIDTH="11"/>
						<String ID="P67_ST00243" HPOS="1405" VPOS="1650" WIDTH="78" HEIGHT="23" CONTENT="Blätter" WC="0.99" CC="4000306"/>
						<SP ID="P67_SP00211" HPOS="1483" VPOS="1682" WIDTH="11"/>
						<String ID="P67_ST00244" HPOS="1494" VPOS="1650" WIDTH="72" HEIGHT="26" CONTENT="hinzu," WC="0.98" CC="521634"/>
						<SP ID="P67_SP00212" HPOS="1566" VPOS="1682" WIDTH="12"/>
						<String ID="P67_ST00245" HPOS="1578" VPOS="1650" WIDTH="83" HEIGHT="23" CONTENT="welche" WC="0.97" CC="955437"/>
						<SP ID="P67_SP00213" HPOS="1661" VPOS="1682" WIDTH="13"/>
						<String ID="P67_ST00246" HPOS="1674" VPOS="1660" WIDTH="24" HEIGHT="13" CONTENT="so" SUBS_TYPE="HypPart1" SUBS_CONTENT="sowohl" WC="0.96" CC="55"/>
						<HYP HPOS="1698" VPOS="1660" WIDTH="11" CONTENT="-"/>
					</TextLine>
					<TextLine ID="P67_TL00033" HPOS="986" VPOS="1684" WIDTH="724" HEIGHT="32">
						<String ID="P67_ST00247" HPOS="986" VPOS="1690" WIDTH="60" HEIGHT="25" CONTENT="wohl" SUBS_TYPE="HypPart2" SUBS_CONTENT="sowohl" WC="0.98" CC="0271"/>
						<SP ID="P67_SP00214" HPOS="1046" VPOS="1715" WIDTH="22"/>
						<String ID="P67_ST00248" HPOS="1068" VPOS="1690" WIDTH="23" HEIGHT="21" CONTENT="in" WC="0.81" CC="30"/>
						<SP ID="P67_SP00215" HPOS="1091" VPOS="1715" WIDTH="22"/>
						<String ID="P67_ST00249" HPOS="1113" VPOS="1688" WIDTH="35" HEIGHT="23" CONTENT="der" WC="0.94" CC="906"/>
						<SP ID="P67_SP00216" HPOS="1148" VPOS="1715" WIDTH="23"/>
						<String ID="P67_ST00250" HPOS="1171" VPOS="1685" WIDTH="192" HEIGHT="31" CONTENT="Grofsräumigkeit" WC="0.58" CC="004945900352644"/>
						<SP ID="P67_SP00217" HPOS="1363" VPOS="1716" WIDTH="27"/>
						<String ID="P67_ST00251" HPOS="1390" VPOS="1684" WIDTH="54" HEIGHT="22" CONTENT="ihrer" WC="0.97" CC="34406"/>
						<SP ID="P67_SP00218" HPOS="1444" VPOS="1716" WIDTH="22"/>
						<String ID="P67_ST00252" HPOS="1466" VPOS="1684" WIDTH="173" HEIGHT="30" CONTENT="Gesamtanlage," WC="0.99" CC="0446037021054"/>
						<SP ID="P67_SP00219" HPOS="1639" VPOS="1716" WIDTH="27"/>
						<String ID="P67_ST00253" HPOS="1666" VPOS="1685" WIDTH="44" HEIGHT="22" CONTENT="wie" WC="0.96" CC="037"/>
					</TextLine>
					<TextLine ID="P67_TL00034" HPOS="986" VPOS="1717" WIDTH="724" HEIGHT="33">
						<String ID="P67_ST00254" HPOS="986" VPOS="1723" WIDTH="131" HEIGHT="25" CONTENT="andererseits" WC="0.99" CC="740653540263"/>
						<SP ID="P67_SP00220" HPOS="1117" VPOS="1748" WIDTH="20"/>
						<String ID="P67_ST00255" HPOS="1137" VPOS="1722" WIDTH="23" HEIGHT="21" CONTENT="in" WC="0.65" CC="07"/>
						<SP ID="P67_SP00221" HPOS="1160" VPOS="1748" WIDTH="19"/>
						<String ID="P67_ST00256" HPOS="1179" VPOS="1721" WIDTH="56" HEIGHT="22" CONTENT="einer" WC="0.96" CC="55666"/>
						<SP ID="P67_SP00222" HPOS="1235" VPOS="1748" WIDTH="20"/>
						<String ID="P67_ST00257" HPOS="1255" VPOS="1719" WIDTH="102" HEIGHT="31" CONTENT="gewissen" WC="0.98" CC="90063540"/>
						<SP ID="P67_SP00223" HPOS="1357" VPOS="1750" WIDTH="17"/>
						<String ID="P67_ST00258" HPOS="1374" VPOS="1717" WIDTH="99" HEIGHT="22" CONTENT="Willkür" WC="0.99" CC="0630206"/>
						<SP ID="P67_SP00224" HPOS="1473" VPOS="1750" WIDTH="20"/>
						<String ID="P67_ST00259" HPOS="1493" VPOS="1717" WIDTH="44" HEIGHT="22" CONTENT="und" WC="0.96" CC="360"/>
						<SP ID="P67_SP00225" HPOS="1537" VPOS="1750" WIDTH="18"/>
						<String ID="P67_ST00260" HPOS="1555" VPOS="1717" WIDTH="99" HEIGHT="22" CONTENT="Starrheit" WC="0.99" CC="004466340"/>
						<SP ID="P67_SP00226" HPOS="1654" VPOS="1750" WIDTH="20"/>
						<String ID="P67_ST00261" HPOS="1674" VPOS="1718" WIDTH="36" HEIGHT="22" CONTENT="der" WC="0.95" CC="065"/>
					</TextLine>
					<TextLine ID="P67_TL00035" HPOS="986" VPOS="1749" WIDTH="725" HEIGHT="38">
						<String ID="P67_ST00262" HPOS="986" VPOS="1756" WIDTH="145" HEIGHT="31" CONTENT="Formgebung" WC="0.99" CC="0640060000"/>
						<SP ID="P67_SP00227" HPOS="1131" VPOS="1787" WIDTH="11"/>
						<String ID="P67_ST00263" HPOS="1142" VPOS="1755" WIDTH="39" HEIGHT="22" CONTENT="den" WC="0.98" CC="030"/>
						<SP ID="P67_SP00228" HPOS="1181" VPOS="1787" WIDTH="12"/>
						<String ID="P67_ST00264" HPOS="1193" VPOS="1752" WIDTH="135" HEIGHT="31" CONTENT="gewaltigen," WC="0.99" CC="05057330040"/>
						<SP ID="P67_SP00229" HPOS="1328" VPOS="1787" WIDTH="13"/>
						<String ID="P67_ST00265" HPOS="1341" VPOS="1751" WIDTH="48" HEIGHT="22" CONTENT="aber" WC="0.96" CC="7405"/>
						<SP ID="P67_SP00230" HPOS="1389" VPOS="1787" WIDTH="12"/>
						<String ID="P67_ST00266" HPOS="1401" VPOS="1750" WIDTH="54" HEIGHT="22" CONTENT="auch" WC="0.94" CC="7656"/>
						<SP ID="P67_SP00231" HPOS="1455" VPOS="1787" WIDTH="10"/>
						<String ID="P67_ST00267" HPOS="1465" VPOS="1749" WIDTH="144" HEIGHT="31" CONTENT="gefährlichen" WC="0.99" CC="017730415324"/>
						<SP ID="P67_SP00232" HPOS="1609" VPOS="1787" WIDTH="12"/>
						<String ID="P67_ST00268" HPOS="1621" VPOS="1750" WIDTH="90" HEIGHT="23" CONTENT="Einflufs" WC="0.71" CC="04304405"/>
					</TextLine>
					<TextLine ID="P67_TL00036" HPOS="986" VPOS="1783" WIDTH="725" HEIGHT="31">
						<String ID="P67_ST00269" HPOS="986" VPOS="1793" WIDTH="55" HEIGHT="21" CONTENT="einer" WC="0.97" CC="44374"/>
						<SP ID="P67_SP00233" HPOS="1041" VPOS="1814" WIDTH="8"/>
						<String ID="P67_ST00270" HPOS="1049" VPOS="1789" WIDTH="95" HEIGHT="23" CONTENT="fremden" WC="0.99" CC="0660004"/>
						<SP ID="P67_SP00234" HPOS="1144" VPOS="1814" WIDTH="6"/>
						<String ID="P67_ST00271" HPOS="1150" VPOS="1788" WIDTH="112" HEIGHT="22" CONTENT="Geistesart" WC="0.98" CC="0623577642"/>
						<SP ID="P67_SP00235" HPOS="1262" VPOS="1814" WIDTH="9"/>
						<String ID="P67_ST00272" HPOS="1271" VPOS="1799" WIDTH="32" HEIGHT="3" CONTENT="—" WC="0.20" CC="8"/>
						<SP ID="P67_SP00236" HPOS="1303" VPOS="1814" WIDTH="9"/>
						<String ID="P67_ST00273" HPOS="1312" VPOS="1784" WIDTH="36" HEIGHT="22" CONTENT="der" WC="0.96" CC="054"/>
						<SP ID="P67_SP00237" HPOS="1348" VPOS="1814" WIDTH="8"/>
						<String ID="P67_ST00274" HPOS="1356" VPOS="1783" WIDTH="152" HEIGHT="26" CONTENT="italienischen," WC="0.99" CC="20754536566354"/>
						<SP ID="P67_SP00238" HPOS="1508" VPOS="1814" WIDTH="10"/>
						<String ID="P67_ST00275" HPOS="1518" VPOS="1783" WIDTH="33" HEIGHT="22" CONTENT="die" WC="0.96" CC="047"/>
						<SP ID="P67_SP00239" HPOS="1551" VPOS="1814" WIDTH="9"/>
						<String ID="P67_ST00276" HPOS="1560" VPOS="1791" WIDTH="21" HEIGHT="14" CONTENT="er" WC="0.67" CC="06"/>
						<SP ID="P67_SP00240" HPOS="1581" VPOS="1814" WIDTH="9"/>
						<String ID="P67_ST00277" HPOS="1590" VPOS="1783" WIDTH="32" HEIGHT="22" CONTENT="bei" WC="0.96" CC="513"/>
						<SP ID="P67_SP00241" HPOS="1622" VPOS="1814" WIDTH="10"/>
						<String ID="P67_ST00278" HPOS="1632" VPOS="1784" WIDTH="79" HEIGHT="22" CONTENT="seinem" WC="1.00" CC="301000"/>
					</TextLine>
					<TextLine ID="P67_TL00037" HPOS="986" VPOS="1816" WIDTH="726" HEIGHT="33">
						<String ID="P67_ST00279" HPOS="986" VPOS="1824" WIDTH="88" HEIGHT="25" CONTENT="zweiten" WC="0.97" CC="7955550"/>
						<SP ID="P67_SP00242" HPOS="1074" VPOS="1849" WIDTH="12"/>
						<String ID="P67_ST00280" HPOS="1086" VPOS="1821" WIDTH="79" HEIGHT="24" CONTENT="Besuch" WC="0.98" CC="006256"/>
						<SP ID="P67_SP00243" HPOS="1165" VPOS="1849" WIDTH="12"/>
						<String ID="P67_ST00281" HPOS="1177" VPOS="1822" WIDTH="22" HEIGHT="20" CONTENT="in" WC="0.96" CC="00"/>
						<SP ID="P67_SP00244" HPOS="1199" VPOS="1849" WIDTH="9"/>
						<String ID="P67_ST00282" HPOS="1208" VPOS="1819" WIDTH="101" HEIGHT="30" CONTENT="Venedig," WC="0.99" CC="00500404"/>
						<SP ID="P67_SP00245" HPOS="1309" VPOS="1849" WIDTH="16"/>
						<String ID="P67_ST00283" HPOS="1325" VPOS="1826" WIDTH="7" HEIGHT="14" CONTENT="i" WC="0.29" CC="7"/>
						<SP ID="P67_SP00246" HPOS="1332" VPOS="1849" WIDTH="7"/>
						<String ID="P67_ST00284" HPOS="1339" VPOS="1818" WIDTH="55" HEIGHT="30" CONTENT="jo6," WC="0.46" CC="7094"/>
						<SP ID="P67_SP00247" HPOS="1394" VPOS="1849" WIDTH="11"/>
						<String ID="P67_ST00285" HPOS="1405" VPOS="1817" WIDTH="23" HEIGHT="21" CONTENT="in" WC="0.53" CC="26"/>
						<SP ID="P67_SP00248" HPOS="1428" VPOS="1849" WIDTH="11"/>
						<String ID="P67_ST00286" HPOS="1439" VPOS="1816" WIDTH="55" HEIGHT="22" CONTENT="einer" WC="0.97" CC="52506"/>
						<SP ID="P67_SP00249" HPOS="1494" VPOS="1849" WIDTH="12"/>
						<String ID="P67_ST00287" HPOS="1506" VPOS="1816" WIDTH="140" HEIGHT="31" CONTENT="gründlichen" WC="0.99" CC="71040065006"/>
						<SP ID="P67_SP00250" HPOS="1646" VPOS="1849" WIDTH="12"/>
						<String ID="P67_ST00288" HPOS="1658" VPOS="1818" WIDTH="36" HEIGHT="21" CONTENT="Um" SUBS_TYPE="HypPart1" SUBS_CONTENT="Umwandlung" WC="1.00" CC="00"/>
						<HYP HPOS="1694" VPOS="1818" WIDTH="18" CONTENT="-"/>
					</TextLine>
					<TextLine ID="P67_TL00038" HPOS="986" VPOS="1849" WIDTH="727" HEIGHT="38">
						<String ID="P67_ST00289" HPOS="986" VPOS="1857" WIDTH="118" HEIGHT="30" CONTENT="wandlung" SUBS_TYPE="HypPart2" SUBS_CONTENT="Umwandlung" WC="0.99" CC="06403020"/>
						<SP ID="P67_SP00251" HPOS="1104" VPOS="1887" WIDTH="15"/>
						<String ID="P67_ST00290" HPOS="1119" VPOS="1851" WIDTH="132" HEIGHT="34" CONTENT="angetroffen" WC="0.99" CC="53012652266"/>
						<SP ID="P67_SP00252" HPOS="1251" VPOS="1887" WIDTH="15"/>
						<String ID="P67_ST00291" HPOS="1266" VPOS="1852" WIDTH="57" HEIGHT="22" CONTENT="hatte" WC="0.97" CC="65236"/>
						<SP ID="P67_SP00253" HPOS="1323" VPOS="1887" WIDTH="13"/>
						<String ID="P67_ST00292" HPOS="1336" VPOS="1864" WIDTH="33" HEIGHT="4" CONTENT="—" WC="0.20" CC="8"/>
						<SP ID="P67_SP00254" HPOS="1369" VPOS="1887" WIDTH="14"/>
						<String ID="P67_ST00293" HPOS="1383" VPOS="1849" WIDTH="119" HEIGHT="23" CONTENT="bekunden." WC="0.99" CC="200430600"/>
						<SP ID="P67_SP00255" HPOS="1502" VPOS="1887" WIDTH="35"/>
						<String ID="P67_ST00294" HPOS="1537" VPOS="1850" WIDTH="113" HEIGHT="22" CONTENT="Derselben" WC="0.99" CC="600700450"/>
						<SP ID="P67_SP00256" HPOS="1650" VPOS="1887" WIDTH="15"/>
						<String ID="P67_ST00295" HPOS="1665" VPOS="1851" WIDTH="48" HEIGHT="22" CONTENT="Zeit" WC="0.98" CC="0343"/>
					</TextLine>
					<TextLine ID="P67_TL00039" HPOS="986" VPOS="1885" WIDTH="414" HEIGHT="37">
						<String ID="P67_ST00296" HPOS="986" VPOS="1893" WIDTH="76" HEIGHT="29" CONTENT="gehört" WC="0.98" CC="060661"/>
						<SP ID="P67_SP00257" HPOS="1062" VPOS="1922" WIDTH="12"/>
						<String ID="P67_ST00297" HPOS="1074" VPOS="1890" WIDTH="54" HEIGHT="23" CONTENT="auch" WC="0.96" CC="7260"/>
						<SP ID="P67_SP00258" HPOS="1128" VPOS="1922" WIDTH="12"/>
						<String ID="P67_ST00298" HPOS="1140" VPOS="1888" WIDTH="33" HEIGHT="22" CONTENT="die" WC="0.96" CC="046"/>
						<SP ID="P67_SP00259" HPOS="1173" VPOS="1922" WIDTH="12"/>
						<String ID="P67_ST00299" HPOS="1185" VPOS="1887" WIDTH="73" HEIGHT="22" CONTENT="Kleine" WC="0.98" CC="622520"/>
						<SP ID="P67_SP00260" HPOS="1258" VPOS="1922" WIDTH="12"/>
						<String ID="P67_ST00300" HPOS="1270" VPOS="1885" WIDTH="85" HEIGHT="22" CONTENT="Passion" WC="0.98" CC="6035550"/>
						<SP ID="P67_SP00261" HPOS="1355" VPOS="1922" WIDTH="12"/>
						<String ID="P67_ST00301" HPOS="1367" VPOS="1892" WIDTH="33" HEIGHT="14" CONTENT="an." WC="0.96" CC="540"/>
					</TextLine>
					<TextLine ID="P67_TL00040" HPOS="1036" VPOS="1916" WIDTH="677" HEIGHT="33">
						<String ID="P67_ST00302" HPOS="1036" VPOS="1925" WIDTH="52" HEIGHT="22" CONTENT="Wie" WC="0.96" CC="046"/>
						<SP ID="P67_SP00262" HPOS="1088" VPOS="1947" WIDTH="9"/>
						<String ID="P67_ST00303" HPOS="1097" VPOS="1921" WIDTH="40" HEIGHT="24" CONTENT="auf" WC="0.97" CC="700"/>
						<SP ID="P67_SP00263" HPOS="1137" VPOS="1947" WIDTH="8"/>
						<String ID="P67_ST00304" HPOS="1145" VPOS="1921" WIDTH="40" HEIGHT="22" CONTENT="den" WC="0.98" CC="024"/>
						<SP ID="P67_SP00264" HPOS="1185" VPOS="1947" WIDTH="9"/>
						<String ID="P67_ST00305" HPOS="1194" VPOS="1920" WIDTH="43" HEIGHT="22" CONTENT="drei" WC="0.97" CC="0645"/>
						<SP ID="P67_SP00265" HPOS="1237" VPOS="1947" WIDTH="8"/>
						<String ID="P67_ST00306" HPOS="1245" VPOS="1923" WIDTH="118" HEIGHT="26" CONTENT="genannten" WC="0.98" CC="065603445"/>
						<SP ID="P67_SP00266" HPOS="1363" VPOS="1949" WIDTH="9"/>
						<String ID="P67_ST00307" HPOS="1372" VPOS="1916" WIDTH="75" HEIGHT="22" CONTENT="Stufen" WC="0.99" CC="040064"/>
						<SP ID="P67_SP00267" HPOS="1447" VPOS="1949" WIDTH="9"/>
						<String ID="P67_ST00308" HPOS="1456" VPOS="1924" WIDTH="23" HEIGHT="14" CONTENT="so" WC="0.59" CC="43"/>
						<SP ID="P67_SP00268" HPOS="1479" VPOS="1949" WIDTH="9"/>
						<String ID="P67_ST00309" HPOS="1488" VPOS="1916" WIDTH="38" HEIGHT="22" CONTENT="hat" WC="0.97" CC="440"/>
						<SP ID="P67_SP00269" HPOS="1526" VPOS="1949" WIDTH="9"/>
						<String ID="P67_ST00310" HPOS="1535" VPOS="1918" WIDTH="76" HEIGHT="21" CONTENT="Dürers" WC="0.98" CC="406065"/>
						<SP ID="P67_SP00270" HPOS="1611" VPOS="1949" WIDTH="10"/>
						<String ID="P67_ST00311" HPOS="1621" VPOS="1919" WIDTH="92" HEIGHT="21" CONTENT="Können" WC="0.98" CC="603065"/>
					</TextLine>
					<TextLine ID="P67_TL00041" HPOS="987" VPOS="1949" WIDTH="727" HEIGHT="33">
						<String ID="P67_ST00312" HPOS="987" VPOS="1960" WIDTH="44" HEIGHT="22" CONTENT="sich" WC="0.96" CC="5506"/>
						<SP ID="P67_SP00271" HPOS="1031" VPOS="1982" WIDTH="7"/>
						<String ID="P67_ST00313" HPOS="1038" VPOS="1957" WIDTH="54" HEIGHT="24" CONTENT="auch" WC="0.97" CC="7007"/>
						<SP ID="P67_SP00272" HPOS="1092" VPOS="1982" WIDTH="6"/>
						<String ID="P67_ST00314" HPOS="1098" VPOS="1954" WIDTH="111" HEIGHT="24" CONTENT="weiterhin" WC="0.99" CC="062002663"/>
						<SP ID="P67_SP00273" HPOS="1209" VPOS="1982" WIDTH="6"/>
						<String ID="P67_ST00315" HPOS="1215" VPOS="1953" WIDTH="59" HEIGHT="22" CONTENT="mehr" WC="0.96" CC="3173"/>
						<SP ID="P67_SP00274" HPOS="1274" VPOS="1982" WIDTH="7"/>
						<String ID="P67_ST00316" HPOS="1281" VPOS="1951" WIDTH="44" HEIGHT="22" CONTENT="und" WC="0.96" CC="740"/>
						<SP ID="P67_SP00275" HPOS="1325" VPOS="1982" WIDTH="9"/>
						<String ID="P67_ST00317" HPOS="1334" VPOS="1950" WIDTH="60" HEIGHT="22" CONTENT="mehr" WC="0.97" CC="0446"/>
						<SP ID="P67_SP00276" HPOS="1394" VPOS="1982" WIDTH="6"/>
						<String ID="P67_ST00318" HPOS="1400" VPOS="1949" WIDTH="131" HEIGHT="27" CONTENT="entwickelt," WC="0.99" CC="46402605044"/>
						<SP ID="P67_SP00277" HPOS="1531" VPOS="1982" WIDTH="7"/>
						<String ID="P67_ST00319" HPOS="1538" VPOS="1950" WIDTH="26" HEIGHT="21" CONTENT="ist" WC="0.94" CC="375"/>
						<SP ID="P67_SP00278" HPOS="1564" VPOS="1982" WIDTH="7"/>
						<String ID="P67_ST00320" HPOS="1571" VPOS="1950" WIDTH="76" HEIGHT="23" CONTENT="immer" WC="0.98" CC="40042"/>
						<SP ID="P67_SP00279" HPOS="1647" VPOS="1982" WIDTH="5"/>
						<String ID="P67_ST00321" HPOS="1652" VPOS="1950" WIDTH="62" HEIGHT="24" CONTENT="freier" WC="0.98" CC="016426"/>
					</TextLine>
					<TextLine ID="P67_TL00042" HPOS="987" VPOS="1982" WIDTH="726" HEIGHT="39">
						<String ID="P67_ST00322" HPOS="987" VPOS="1991" WIDTH="126" HEIGHT="30" CONTENT="geworden," WC="0.99" CC="900360050"/>
						<SP ID="P67_SP00280" HPOS="1113" VPOS="2021" WIDTH="16"/>
						<String ID="P67_ST00323" HPOS="1129" VPOS="1988" WIDTH="30" HEIGHT="22" CONTENT="bis" WC="0.94" CC="637"/>
						<SP ID="P67_SP00281" HPOS="1159" VPOS="2021" WIDTH="16"/>
						<String ID="P67_ST00324" HPOS="1175" VPOS="1995" WIDTH="32" HEIGHT="17" CONTENT="er," WC="0.94" CC="554"/>
						<SP ID="P67_SP00282" HPOS="1207" VPOS="2021" WIDTH="16"/>
						<String ID="P67_ST00325" HPOS="1223" VPOS="1994" WIDTH="35" HEIGHT="14" CONTENT="zur" WC="0.95" CC="605"/>
						<SP ID="P67_SP00283" HPOS="1258" VPOS="2021" WIDTH="11"/>
						<String ID="P67_ST00326" HPOS="1269" VPOS="1986" WIDTH="46" HEIGHT="21" CONTENT="Zeit" WC="0.97" CC="0743"/>
						<SP ID="P67_SP00284" HPOS="1315" VPOS="2021" WIDTH="15"/>
						<String ID="P67_ST00327" HPOS="1330" VPOS="1984" WIDTH="66" HEIGHT="22" CONTENT="seiner" WC="0.97" CC="466650"/>
						<SP ID="P67_SP00285" HPOS="1396" VPOS="2021" WIDTH="11"/>
						<String ID="P67_ST00328" HPOS="1407" VPOS="1982" WIDTH="195" HEIGHT="24" CONTENT="niederländischen" WC="0.99" CC="4450560750526560"/>
						<SP ID="P67_SP00286" HPOS="1602" VPOS="2021" WIDTH="14"/>
						<String ID="P67_ST00329" HPOS="1616" VPOS="1985" WIDTH="63" HEIGHT="22" CONTENT="Reise" WC="0.97" CC="50066"/>
						<SP ID="P67_SP00287" HPOS="1679" VPOS="2021" WIDTH="12"/>
						<String ID="P67_ST00330" HPOS="1691" VPOS="1986" WIDTH="22" HEIGHT="22" CONTENT="in" WC="0.79" CC="40"/>
					</TextLine>
					<TextLine ID="P67_TL00043" HPOS="986" VPOS="2016" WIDTH="729" HEIGHT="38">
						<String ID="P67_ST00331" HPOS="986" VPOS="2027" WIDTH="40" HEIGHT="22" CONTENT="den" WC="0.93" CC="953"/>
						<SP ID="P67_SP00288" HPOS="1026" VPOS="2049" WIDTH="9"/>
						<String ID="P67_ST00332" HPOS="1035" VPOS="2025" WIDTH="73" HEIGHT="29" CONTENT="Jahren" WC="0.97" CC="047575"/>
						<SP ID="P67_SP00289" HPOS="1108" VPOS="2054" WIDTH="12"/>
						<String ID="P67_ST00333" HPOS="1120" VPOS="2031" WIDTH="8" HEIGHT="14" CONTENT="i" WC="0.47" CC="5"/>
						<SP ID="P67_SP00290" HPOS="1128" VPOS="2054" WIDTH="8"/>
						<String ID="P67_ST00334" HPOS="1136" VPOS="2023" WIDTH="71" HEIGHT="29" CONTENT="520/2" WC="0.37" CC="77547"/>
						<SP ID="P67_SP00291" HPOS="1207" VPOS="2054" WIDTH="8"/>
						<String ID="P67_ST00335" HPOS="1215" VPOS="2027" WIDTH="17" HEIGHT="18" CONTENT="1," WC="0.62" CC="52"/>
						<SP ID="P67_SP00292" HPOS="1232" VPOS="2054" WIDTH="10"/>
						<String ID="P67_ST00336" HPOS="1242" VPOS="2019" WIDTH="33" HEIGHT="22" CONTENT="die" WC="0.97" CC="063"/>
						<SP ID="P67_SP00293" HPOS="1275" VPOS="2054" WIDTH="9"/>
						<String ID="P67_ST00337" HPOS="1284" VPOS="2017" WIDTH="92" HEIGHT="23" CONTENT="Umrisse" WC="0.98" CC="0056350"/>
						<SP ID="P67_SP00294" HPOS="1376" VPOS="2054" WIDTH="9"/>
						<String ID="P67_ST00338" HPOS="1385" VPOS="2017" WIDTH="43" HEIGHT="22" CONTENT="wie" WC="0.97" CC="016"/>
						<SP ID="P67_SP00295" HPOS="1428" VPOS="2054" WIDTH="10"/>
						<String ID="P67_ST00339" HPOS="1438" VPOS="2016" WIDTH="175" HEIGHT="32" CONTENT="kalligraphische" WC="0.99" CC="773000570754776"/>
						<SP ID="P67_SP00296" HPOS="1613" VPOS="2054" WIDTH="9"/>
						<String ID="P67_ST00340" HPOS="1622" VPOS="2019" WIDTH="93" HEIGHT="23" CONTENT="Zeichen" WC="0.97" CC="0556667"/>
					</TextLine>
					<TextLine ID="P67_TL00044" HPOS="988" VPOS="2050" WIDTH="726" HEIGHT="33">
						<String ID="P67_ST00341" HPOS="988" VPOS="2056" WIDTH="143" HEIGHT="27" CONTENT="anzuwenden" WC="0.99" CC="7370065050"/>
						<SP ID="P67_SP00297" HPOS="1131" VPOS="2083" WIDTH="11"/>
						<String ID="P67_ST00342" HPOS="1142" VPOS="2054" WIDTH="126" HEIGHT="23" CONTENT="vermochte." WC="0.99" CC="0462531010"/>
						<SP ID="P67_SP00298" HPOS="1268" VPOS="2083" WIDTH="35"/>
						<String ID="P67_ST00343" HPOS="1303" VPOS="2053" WIDTH="54" HEIGHT="20" CONTENT="Dem" WC="0.96" CC="065"/>
						<SP ID="P67_SP00299" HPOS="1357" VPOS="2083" WIDTH="15"/>
						<String ID="P67_ST00344" HPOS="1372" VPOS="2050" WIDTH="72" HEIGHT="22" CONTENT="hohen" WC="0.97" CC="60465"/>
						<SP ID="P67_SP00300" HPOS="1444" VPOS="2083" WIDTH="12"/>
						<String ID="P67_ST00345" HPOS="1456" VPOS="2051" WIDTH="121" HEIGHT="31" CONTENT="Schwung," WC="0.98" CC="06494004"/>
						<SP ID="P67_SP00301" HPOS="1577" VPOS="2083" WIDTH="17"/>
						<String ID="P67_ST00346" HPOS="1594" VPOS="2052" WIDTH="36" HEIGHT="22" CONTENT="der" WC="0.93" CC="817"/>
						<SP ID="P67_SP00302" HPOS="1630" VPOS="2083" WIDTH="15"/>
						<String ID="P67_ST00347" HPOS="1645" VPOS="2058" WIDTH="69" HEIGHT="18" CONTENT="zarten" WC="0.97" CC="757275"/>
					</TextLine>
					<TextLine ID="P67_TL00045" HPOS="987" VPOS="2083" WIDTH="728" HEIGHT="34">
						<String ID="P67_ST00348" HPOS="987" VPOS="2095" WIDTH="82" HEIGHT="21" CONTENT="Anmut" WC="0.97" CC="07324"/>
						<SP ID="P67_SP00303" HPOS="1069" VPOS="2116" WIDTH="19"/>
						<String ID="P67_ST00349" HPOS="1088" VPOS="2090" WIDTH="65" HEIGHT="22" CONTENT="seiner" WC="0.96" CC="774765"/>
						<SP ID="P67_SP00304" HPOS="1153" VPOS="2116" WIDTH="20"/>
						<String ID="P67_ST00350" HPOS="1173" VPOS="2085" WIDTH="150" HEIGHT="32" CONTENT="Schöpfungen" WC="0.99" CC="06260054004"/>
						<SP ID="P67_SP00305" HPOS="1323" VPOS="2117" WIDTH="20"/>
						<String ID="P67_ST00351" HPOS="1343" VPOS="2084" WIDTH="37" HEIGHT="22" CONTENT="hat" WC="0.96" CC="073"/>
						<SP ID="P67_SP00306" HPOS="1380" VPOS="2117" WIDTH="22"/>
						<String ID="P67_ST00352" HPOS="1402" VPOS="2083" WIDTH="55" HEIGHT="22" CONTENT="diese" WC="0.98" CC="04160"/>
						<SP ID="P67_SP00307" HPOS="1457" VPOS="2117" WIDTH="20"/>
						<String ID="P67_ST00353" HPOS="1477" VPOS="2083" WIDTH="178" HEIGHT="25" CONTENT="Aeufserlichkeit" WC="0.68" CC="250055022660430"/>
						<SP ID="P67_SP00308" HPOS="1655" VPOS="2117" WIDTH="23"/>
						<String ID="P67_ST00354" HPOS="1678" VPOS="2087" WIDTH="37" HEIGHT="22" CONTENT="der" WC="0.97" CC="024"/>
					</TextLine>
					<TextLine ID="P67_TL00046" HPOS="988" VPOS="2117" WIDTH="726" HEIGHT="36">
						<String ID="P67_ST00355" HPOS="988" VPOS="2121" WIDTH="208" HEIGHT="32" CONTENT="Darstellungsweise" WC="0.99" CC="35562622650605360"/>
						<SP ID="P67_SP00309" HPOS="1196" VPOS="2153" WIDTH="11"/>
						<String ID="P67_ST00356" HPOS="1207" VPOS="2120" WIDTH="76" HEIGHT="22" CONTENT="keinen" WC="0.98" CC="063605"/>
						<SP ID="P67_SP00310" HPOS="1283" VPOS="2153" WIDTH="12"/>
						<String ID="P67_ST00357" HPOS="1295" VPOS="2117" WIDTH="101" HEIGHT="23" CONTENT="Abbruch" WC="0.98" CC="0605075"/>
						<SP ID="P67_SP00311" HPOS="1396" VPOS="2153" WIDTH="12"/>
						<String ID="P67_ST00358" HPOS="1408" VPOS="2117" WIDTH="88" HEIGHT="30" CONTENT="gethan;" WC="0.66" CC="0655600"/>
						<SP ID="P67_SP00312" HPOS="1496" VPOS="2153" WIDTH="17"/>
						<String ID="P67_ST00359" HPOS="1513" VPOS="2126" WIDTH="21" HEIGHT="14" CONTENT="er" WC="0.42" CC="64"/>
						<SP ID="P67_SP00313" HPOS="1534" VPOS="2153" WIDTH="15"/>
						<String ID="P67_ST00360" HPOS="1549" VPOS="2118" WIDTH="57" HEIGHT="23" CONTENT="blieb" WC="0.98" CC="10554"/>
						<SP ID="P67_SP00314" HPOS="1606" VPOS="2153" WIDTH="13"/>
						<String ID="P67_ST00361" HPOS="1619" VPOS="2128" WIDTH="21" HEIGHT="14" CONTENT="er" WC="0.41" CC="74"/>
						<SP ID="P67_SP00315" HPOS="1640" VPOS="2153" WIDTH="12"/>
						<String ID="P67_ST00362" HPOS="1652" VPOS="2120" WIDTH="62" HEIGHT="22" CONTENT="selbst" WC="0.98" CC="530753"/>
					</TextLine>
					<TextLine ID="P67_TL00047" HPOS="988" VPOS="2150" WIDTH="727" HEIGHT="32">
						<String ID="P67_ST00363" HPOS="988" VPOS="2160" WIDTH="31" HEIGHT="22" CONTENT="bis" WC="0.94" CC="636"/>
						<SP ID="P67_SP00316" HPOS="1019" VPOS="2182" WIDTH="17"/>
						<String ID="P67_ST00364" HPOS="1036" VPOS="2167" WIDTH="26" HEIGHT="14" CONTENT="an" WC="0.56" CC="71"/>
						<SP ID="P67_SP00317" HPOS="1062" VPOS="2182" WIDTH="13"/>
						<String ID="P67_ST00365" HPOS="1075" VPOS="2158" WIDTH="43" HEIGHT="22" CONTENT="sein" WC="0.96" CC="6460"/>
						<SP ID="P67_SP00318" HPOS="1118" VPOS="2182" WIDTH="12"/>
						<String ID="P67_ST00366" HPOS="1130" VPOS="2152" WIDTH="137" HEIGHT="25" CONTENT="Lebensende." WC="0.99" CC="03606377060"/>
						<SP ID="P67_SP00319" HPOS="1267" VPOS="2182" WIDTH="34"/>
						<String ID="P67_ST00367" HPOS="1301" VPOS="2153" WIDTH="34" HEIGHT="20" CONTENT="An" WC="0.98" CC="00"/>
						<SP ID="P67_SP00320" HPOS="1335" VPOS="2182" WIDTH="18"/>
						<String ID="P67_ST00368" HPOS="1353" VPOS="2151" WIDTH="44" HEIGHT="21" CONTENT="rein" WC="0.97" CC="3053"/>
						<SP ID="P67_SP00321" HPOS="1397" VPOS="2182" WIDTH="13"/>
						<String ID="P67_ST00369" HPOS="1410" VPOS="2150" WIDTH="174" HEIGHT="25" CONTENT="künstlerischem" WC="0.99" CC="00650006557763"/>
						<SP ID="P67_SP00322" HPOS="1584" VPOS="2182" WIDTH="15"/>
						<String ID="P67_ST00370" HPOS="1599" VPOS="2153" WIDTH="51" HEIGHT="22" CONTENT="Reiz" WC="0.95" CC="7346"/>
						<SP ID="P67_SP00323" HPOS="1650" VPOS="2182" WIDTH="15"/>
						<String ID="P67_ST00371" HPOS="1665" VPOS="2153" WIDTH="50" HEIGHT="22" CONTENT="aber" WC="0.96" CC="7504"/>
					</TextLine>
					<TextLine ID="P67_TL00048" HPOS="988" VPOS="2184" WIDTH="727" HEIGHT="34">
						<String ID="P67_ST00372" HPOS="988" VPOS="2193" WIDTH="68" HEIGHT="23" CONTENT="haben" WC="0.97" CC="67061"/>
						<SP ID="P67_SP00324" HPOS="1056" VPOS="2216" WIDTH="11"/>
						<String ID="P67_ST00373" HPOS="1067" VPOS="2192" WIDTH="34" HEIGHT="22" CONTENT="die" WC="0.96" CC="054"/>
						<SP ID="P67_SP00325" HPOS="1101" VPOS="2216" WIDTH="7"/>
						<String ID="P67_ST00374" HPOS="1108" VPOS="2187" WIDTH="82" HEIGHT="25" CONTENT="Werke" WC="0.97" CC="90606"/>
						<SP ID="P67_SP00326" HPOS="1190" VPOS="2216" WIDTH="8"/>
						<String ID="P67_ST00375" HPOS="1198" VPOS="2186" WIDTH="66" HEIGHT="22" CONTENT="seiner" WC="0.97" CC="664464"/>
						<SP ID="P67_SP00327" HPOS="1264" VPOS="2216" WIDTH="9"/>
						<String ID="P67_ST00376" HPOS="1273" VPOS="2187" WIDTH="94" HEIGHT="29" CONTENT="späteren" WC="0.98" CC="70915602"/>
						<SP ID="P67_SP00328" HPOS="1367" VPOS="2216" WIDTH="9"/>
						<String ID="P67_ST00377" HPOS="1376" VPOS="2184" WIDTH="46" HEIGHT="22" CONTENT="Zeit" WC="0.99" CC="0006"/>
						<SP ID="P67_SP00329" HPOS="1422" VPOS="2216" WIDTH="9"/>
						<String ID="P67_ST00378" HPOS="1431" VPOS="2184" WIDTH="96" HEIGHT="24" CONTENT="dadurch" WC="0.99" CC="0005516"/>
						<SP ID="P67_SP00330" HPOS="1527" VPOS="2216" WIDTH="11"/>
						<String ID="P67_ST00379" HPOS="1538" VPOS="2186" WIDTH="41" HEIGHT="22" CONTENT="viel" WC="0.98" CC="0223"/>
						<SP ID="P67_SP00331" HPOS="1579" VPOS="2216" WIDTH="9"/>
						<String ID="P67_ST00380" HPOS="1588" VPOS="2186" WIDTH="127" HEIGHT="32" CONTENT="eingebüfst." WC="0.70" CC="15003409440"/>
					</TextLine>
					<TextLine ID="P67_TL00049" HPOS="987" VPOS="2218" WIDTH="728" HEIGHT="38">
						<String ID="P67_ST00381" HPOS="987" VPOS="2229" WIDTH="23" HEIGHT="27" CONTENT="Ja" WC="0.66" CC="06"/>
						<SP ID="P67_SP00332" HPOS="1010" VPOS="2256" WIDTH="13"/>
						<String ID="P67_ST00382" HPOS="1023" VPOS="2225" WIDTH="35" HEIGHT="22" CONTENT="der" WC="0.98" CC="005"/>
						<SP ID="P67_SP00333" HPOS="1058" VPOS="2256" WIDTH="11"/>
						<String ID="P67_ST00383" HPOS="1069" VPOS="2223" WIDTH="136" HEIGHT="29" CONTENT="Niedergang" WC="0.98" CC="0679700739"/>
						<SP ID="P67_SP00334" HPOS="1205" VPOS="2256" WIDTH="12"/>
						<String ID="P67_ST00384" HPOS="1217" VPOS="2220" WIDTH="21" HEIGHT="21" CONTENT="in" WC="0.58" CC="61"/>
						<SP ID="P67_SP00335" HPOS="1238" VPOS="2256" WIDTH="13"/>
						<String ID="P67_ST00385" HPOS="1251" VPOS="2219" WIDTH="64" HEIGHT="22" CONTENT="dieser" WC="0.98" CC="036352"/>
						<SP ID="P67_SP00336" HPOS="1315" VPOS="2256" WIDTH="11"/>
						<String ID="P67_ST00386" HPOS="1326" VPOS="2218" WIDTH="101" HEIGHT="23" CONTENT="Hinsicht" WC="0.98" CC="04566665"/>
						<SP ID="P67_SP00337" HPOS="1427" VPOS="2256" WIDTH="17"/>
						<String ID="P67_ST00387" HPOS="1444" VPOS="2218" WIDTH="82" HEIGHT="31" CONTENT="begann" WC="0.99" CC="500700"/>
						<SP ID="P67_SP00338" HPOS="1526" VPOS="2256" WIDTH="16"/>
						<String ID="P67_ST00388" HPOS="1542" VPOS="2219" WIDTH="34" HEIGHT="23" CONTENT="bei" WC="0.96" CC="704"/>
						<SP ID="P67_SP00339" HPOS="1576" VPOS="2256" WIDTH="12"/>
						<String ID="P67_ST00389" HPOS="1588" VPOS="2221" WIDTH="46" HEIGHT="22" CONTENT="ihm" WC="0.97" CC="330"/>
						<SP ID="P67_SP00340" HPOS="1634" VPOS="2256" WIDTH="11"/>
						<String ID="P67_ST00390" HPOS="1645" VPOS="2220" WIDTH="70" HEIGHT="31" CONTENT="gleich" WC="0.98" CC="034152"/>
					</TextLine>
					<TextLine ID="P67_TL00050" HPOS="988" VPOS="2252" WIDTH="728" HEIGHT="31">
						<String ID="P67_ST00391" HPOS="988" VPOS="2260" WIDTH="55" HEIGHT="23" CONTENT="nach" WC="0.94" CC="5767"/>
						<SP ID="P67_SP00341" HPOS="1043" VPOS="2283" WIDTH="23"/>
						<String ID="P67_ST00392" HPOS="1066" VPOS="2258" WIDTH="35" HEIGHT="22" CONTENT="der" WC="0.96" CC="045"/>
						<SP ID="P67_SP00342" HPOS="1101" VPOS="2283" WIDTH="18"/>
						<String ID="P67_ST00393" HPOS="1119" VPOS="2253" WIDTH="136" HEIGHT="30" CONTENT="Vollendung" WC="0.99" CC="0240560302"/>
						<SP ID="P67_SP00343" HPOS="1255" VPOS="2283" WIDTH="23"/>
						<String ID="P67_ST00394" HPOS="1278" VPOS="2252" WIDTH="34" HEIGHT="22" CONTENT="des" WC="0.92" CC="966"/>
						<SP ID="P67_SP00344" HPOS="1312" VPOS="2283" WIDTH="25"/>
						<String ID="P67_ST00395" HPOS="1337" VPOS="2257" WIDTH="67" HEIGHT="17" CONTENT="ersten" WC="0.98" CC="116461"/>
						<SP ID="P67_SP00345" HPOS="1404" VPOS="2283" WIDTH="19"/>
						<String ID="P67_ST00396" HPOS="1423" VPOS="2252" WIDTH="178" HEIGHT="24" CONTENT="Meisterwerkes." WC="0.99" CC="00560550610060"/>
						<SP ID="P67_SP00346" HPOS="1601" VPOS="2283" WIDTH="34"/>
						<String ID="P67_ST00397" HPOS="1635" VPOS="2255" WIDTH="24" HEIGHT="21" CONTENT="In" WC="0.75" CC="05"/>
						<SP ID="P67_SP00347" HPOS="1659" VPOS="2283" WIDTH="20"/>
						<String ID="P67_ST00398" HPOS="1679" VPOS="2254" WIDTH="37" HEIGHT="22" CONTENT="der" WC="0.93" CC="953"/>
					</TextLine>
					<TextLine ID="P67_TL00051" HPOS="988" VPOS="2285" WIDTH="727" HEIGHT="37">
						<String ID="P67_ST00399" HPOS="988" VPOS="2291" WIDTH="136" HEIGHT="31" CONTENT="Apokalypse" WC="0.99" CC="5400709066"/>
						<SP ID="P67_SP00348" HPOS="1124" VPOS="2322" WIDTH="8"/>
						<String ID="P67_ST00400" HPOS="1132" VPOS="2287" WIDTH="57" HEIGHT="24" CONTENT="noch" WC="0.95" CC="4466"/>
						<SP ID="P67_SP00349" HPOS="1189" VPOS="2322" WIDTH="8"/>
						<String ID="P67_ST00401" HPOS="1197" VPOS="2295" WIDTH="47" HEIGHT="14" CONTENT="war" WC="0.93" CC="971"/>
						<SP ID="P67_SP00350" HPOS="1244" VPOS="2322" WIDTH="9"/>
						<String ID="P67_ST00402" HPOS="1253" VPOS="2285" WIDTH="48" HEIGHT="23" CONTENT="alles" WC="0.97" CC="65065"/>
						<SP ID="P67_SP00351" HPOS="1301" VPOS="2322" WIDTH="11"/>
						<String ID="P67_ST00403" HPOS="1312" VPOS="2285" WIDTH="57" HEIGHT="27" CONTENT="herb," WC="0.97" CC="75504"/>
						<SP ID="P67_SP00352" HPOS="1369" VPOS="2322" WIDTH="13"/>
						<String ID="P67_ST00404" HPOS="1382" VPOS="2285" WIDTH="60" HEIGHT="26" CONTENT="rauh," WC="0.96" CC="57264"/>
						<SP ID="P67_SP00353" HPOS="1442" VPOS="2322" WIDTH="12"/>
						<String ID="P67_ST00405" HPOS="1454" VPOS="2285" WIDTH="62" HEIGHT="28" CONTENT="wild," WC="0.97" CC="96404"/>
						<SP ID="P67_SP00354" HPOS="1516" VPOS="2322" WIDTH="12"/>
						<String ID="P67_ST00406" HPOS="1528" VPOS="2286" WIDTH="62" HEIGHT="23" CONTENT="dabei" WC="0.97" CC="06564"/>
						<SP ID="P67_SP00355" HPOS="1590" VPOS="2322" WIDTH="9"/>
						<String ID="P67_ST00407" HPOS="1599" VPOS="2287" WIDTH="48" HEIGHT="23" CONTENT="aber" WC="0.96" CC="7560"/>
						<SP ID="P67_SP00356" HPOS="1647" VPOS="2322" WIDTH="12"/>
						<String ID="P67_ST00408" HPOS="1659" VPOS="2288" WIDTH="56" HEIGHT="25" CONTENT="naiv," WC="0.98" CC="36004"/>
					</TextLine>
				</TextBlock>
				<TextBlock ID="P67_TB00005" HPOS="886" VPOS="2426" WIDTH="138" HEIGHT="34" STYLEREFS="TXT_2 PAR_RIGHT">
					<TextLine ID="P67_TL00052" HPOS="1024" VPOS="2460" WIDTH="0" HEIGHT="0">
						<String ID="P67_ST00409" HPOS="1024" VPOS="2460" WIDTH="0" HEIGHT="0" CONTENT="177" WC="0.98" CC="000"/>
					</TextLine>
				</TextBlock>
				<ComposedBlock ID="P67_CB00001" HPOS="188" VPOS="1477" WIDTH="215" HEIGHT="229" STYLEREFS="TXT_3 PAR_LEFT" TYPE="Illustration">
					<GraphicalElement ID="P67_CB00001_SUB" HPOS="188" VPOS="1477" WIDTH="215" HEIGHT="229"/>
				</ComposedBlock>
				<ComposedBlock ID="P67_CB00002" HPOS="579" VPOS="323" WIDTH="743" HEIGHT="793" STYLEREFS="TXT_3 PAR_LEFT" TYPE="Illustration">
					<GraphicalElement ID="P67_CB00002_SUB" HPOS="579" VPOS="323" WIDTH="743" HEIGHT="793"/>
				</ComposedBlock>
			</PrintSpace>
		</Page>
	</Layout>
</alto>
