2964 4104
1443 3768 98 76 76

463 3797 67 36 LA
582 3786 119 47 CITÉ

2116 3794 272 39 OCT.-NOV.
2444 3796 90 35 1919

638 489 72 41 On
753 488 261 41 demandait
1055 498 99 31 tous
1192 505 158 33 genres
1390 499 43 32 et
1472 499 127 39 types
1640 488 56 40 de
1736 487 336 42 Constructions
2113 487 267 51 provisoires
2422 505 57 24 ou

504 560 444 49 semi-permanentes
970 561 26 38 à
1020 570 99 30 tous
1140 576 157 33 usages
1324 574 22 27 «
1373 559 121 42 civils
1519 576 21 24 »
1569 571 43 29 et
1639 574 22 26 «
1687 559 225 40 militaires
1936 575 39 25 ».

640 642 59 40 Le
737 642 25 41 2
768 649 43 17 me
850 641 159 42 ACTE
1045 641 78 41 DE
1162 642 79 41 LA
1279 640 544 44 RECONSTRUCTION
1862 653 65 29 est
1964 642 40 40 le
2042 641 320 43 PROBLEME
2402 641 77 41 DE

504 713 432 42 L'HABITATION
965 713 51 49 («
1040 712 206 51 Housing
1265 712 207 53 problem
1492 713 72 50 »).

640 785 61 41 La
738 785 191 41 solution
967 785 59 40 du
1062 785 238 41 Problème
1337 786 57 41 de
1429 785 298 41 PHabitation
1765 785 89 40 dite
1894 800 21 25 «
1954 788 26 37 à
2015 785 91 41 bon
2143 785 178 40 marché
2359 802 22 23 »
2423 802 57 23 ou

513 873 22 25 «
565 857 233 50 populaire
828 873 21 24 »
892 858 49 48 («
973 857 418 50 Volkshuisvesting
1421 858 73 49 »),
1526 868 42 30 et
1599 860 369 37 Lransitoirement
1997 857 108 40 celle
2133 874 113 32 pour
2275 857 40 40 la
2346 857 137 40 classe

510 945 235 33 moyenne,
780 944 22 25 «
834 940 64 29 est
925 932 25 36 à
977 928 40 40 la
1045 929 107 40 base
1182 929 55 40 cle
1265 940 121 29 toute
1414 929 312 49 Urbanistique
1756 929 144 40 future
1954 945 22 24 »
2009 940 43 29 et
2081 940 68 29 cet
2178 940 151 38 aspect
2358 929 57 40 de
2442 928 40 41 la

510 1004 313 42 construction,
865 1018 57 22 \u
961 1000 224 41 l'étendue
1224 1001 309 40 considérable
1574 1017 83 32 que
1694 1000 168 40 celle-ci
1901 1004 214 42 couvrira,
2159 1011 64 29 est
2259 1000 161 49 appelé
2458 1004 25 36 à

509 1072 204 40 conférer
739 1072 371 40 essentiellement
1135 1075 25 37 à
1188 1072 40 40 la
1254 1072 118 41 Ville
1399 1072 218 41 Moderne
1646 1072 55 40 de
1727 1071 184 41 l'avenir
1937 1089 46 23 sa
2009 1072 315 49 physionomie
2350 1088 22 25 «
2402 1075 61 38 sui-

511 1147 170 47 generis
704 1159 39 25 ».

642 1215 72 41 On
751 1215 261 40 demandait
1049 1227 97 28 tous
1182 1232 156 33 genres
1374 1227 42 29 et
1453 1227 125 38 types
1615 1214 333 42 d'Habitations
1983 1216 26 40 à
2044 1215 92 41 bon
2173 1215 179 40 marché
2390 1227 94 29 tant

508 1304 54 23 en
599 1302 22 26 «
659 1287 261 49 disposition
952 1289 207 47 contiguë
1192 1303 22 24 »
1253 1305 57 22 ou
1342 1287 126 41 blocs
1500 1289 201 38 continus
1733 1303 85 32 que
1850 1289 175 37 suivant
2057 1286 109 40 celle
2199 1303 54 24 en
2291 1302 21 25 «
2350 1287 132 40 ordre

510 1358 196 50 dispersé
734 1374 23 24 »
788 1359 181 40 dérivée*
994 1359 78 39 des
1099 1359 193 40 diverses
1319 1359 237 40 modalités
1582 1359 58 40 du
1667 1361 191 46 S3'stème
1886 1358 64 40 dit
1980 1373 21 25 «
2031 1358 318 50 Cité-Jardin».

641 1430 72 40 On
748 1430 261 40 demandait
1042 1433 113 37 aussi
1190 1430 260 40 d'accorder
1483 1447 84 23 une
1600 1433 218 37 attention
1852 1429 190 50 spéciale
2074 1447 54 23 au
2162 1430 320 41 PROBLEME

511 1501 79 41 DE
614 1501 79 42 LA
715 1501 504 42 NORMALISATION
1244 1520 56 23 ou
1322 1501 386 42 Standardisation
1731 1501 78 41 des
1836 1518 22 22 «
1883 1501 225 42 Eléments
2135 1518 22 23 »
2185 1502 56 40 de
2263 1513 197 29 construc-

510 1576 94 37 tion
652 1591 7 22 :
704 1573 165 49 Portes,
911 1573 176 41 Châssis
1129 1574 55 40 de
1226 1574 204 46 fenêtres,
1474 1574 149 40 Pièces
1662 1573 188 41 mobiles
1892 1585 42 28 et
1974 1573 411 50 interchangeables
2428 1584 57 30 de

513 1655 98 31 tous
645 1662 155 32 genres
835 1656 43 30 et
913 1645 58 39 de
1005 1656 121 29 totite
1162 1656 165 30 nature.
1466 1644 353 42 Plans-schémas
1858 1660 22 26 «
1919 1645 264 41 extensibles
2219 1660 23 26 »
2282 1656 44 30 et
2369 1645 107 50 (ou)

1118 1696 2 18 ..
1179 1711 26 3 ..
1305 1702 5 10 \
1449 1700 6 12 i
1943 1696 3 18 '
1966 1696 3 18 •

515 1731 22 26 «
567 1717 343 48 superposables
938 1733 22 24 »
993 1717 320 41 d'habitations
1342 1717 205 41 diverses.
1668 1717 481 49 Groupements-types
2179 1717 56 40 de
2263 1727 197 30 construc-

511 1790 115 39 tions
668 1788 234 49 (Schémas
938 1789 342 48 fonctionnels).

578 1860 62 40 Ce
663 1860 235 49 problème
920 1871 65 30 est
1007 1860 40 40 le
1071 1861 232 40 corollaire
1326 1860 330 50 indispensable
1678 1863 25 38 à
1727 1872 122 30 toute
1874 1863 212 38 tentative
2112 1861 58 41 de
2193 1860 264 42 Reconstruc-

511 1933 93 39 tion
626 1949 56 22 ou
706 1931 56 40 de
784 1931 313 41 Construction
1124 1947 22 25 «
1171 1949 54 23 en
1246 1935 110 37 série
1378 1948 22 25 »
1426 1944 44 29 et
1494 1948 22 25 «
1541 1950 54 23 en
1617 1949 142 23 masse
1783 1948 38 25 ».

641 2003 72 40 On
734 2014 105 38 peut
859 2020 54 23 en
934 2004 206 40 attendre
1159 2021 56 23 un
1235 2004 181 40 résultat
1437 2004 290 43 doublement
1745 2004 269 41 bienfaisant
2039 2022 9 22 :

639 2076 100 41 Une
768 2077 234 39 économie
1030 2074 331 49 considérable;

642 2147 73 41 Au
741 2150 127 46 point
896 2147 57 40 de
977 2164 86 23 vue
1091 2147 245 50 esthétique
1371 2165 8 22 :
1408 2164 85 23 une
1520 2147 169 49 grande
1715 2150 132 42 unité,
1878 2163 86 24 une
1990 2147 208 49 agréable
2227 2158 41 30 et
2298 2147 185 40 discrète

510 2221 167 38 variété
710 2218 111 40 dans
850 2229 114 29 cette
993 2229 238 39 reposante
1260 2221 132 37 unité.

644 2290 99 41 Une
777 2290 246 41 Référence
1058 2291 306 49 comparative
1414 2305 87 26 aux
1534 2290 225 50 exemples
1794 2290 58 41 de
1907 2305 22 26 «
1967 2289 347 42 Normalisation
2350 2307 23 23 »
2429 2308 58 24 ou

512 2361 41 40 d'
591 2377 23 25 «
647 2362 134 41 Unité
811 2361 170 51 civique
1016 2379 22 22 »
1073 2362 112 40 dans
1215 2362 62 41 les
1307 2365 323 40 constructions
1661 2362 301 51 domestiques
1994 2379 86 25 aux
2111 2363 146 41 divers
2289 2366 103 47 âges
2425 2362 59 41 du

511 2436 128 46 passé
670 2451 53 23 en
754 2444 239 39 apportera
1023 2433 41 41 la
1094 2450 167 34 preuve
1291 2433 358 51 expérimentale.

645 2516 60 42 Le
732 2516 23 40 3
763 2524 42 16 me
831 2517 159 41 ACTE
1016 2517 78 41 DE
1121 2517 79 41 LA
1226 2515 543 43 RECONSTRUCTION
1797 2528 64 30 est
1888 2517 39 40 le
1954 2517 320 41 PROBLEME
2302 2517 78 41 DE
2407 2517 79 41 LA

511 2587 472 43 RESTAURATION
1016 2589 111 41 DES
1160 2587 383 42 MONUMENTS
1576 2599 42 29 et
1653 2588 77 40 des
1765 2588 335 42 Constructions
2135 2589 257 49 présentant
2426 2601 56 28 un

511 2660 158 42 intérêt
704 2659 360 50 Archéologique
1101 2678 58 22 ou
1195 2660 268 49 Historique.

644 2731 71 55 Qn
764 2730 261 41 demandait
1073 2731 77 40 des
1197 2731 226 49 exemples
1471 2731 55 40 de
1573 2731 323 46 Restauration,
1933 2731 447 50 d'Agrandissement
2428 2749 56 26 ou

515 2803 28 40 d
584 2803 278 49 Adaptation
887 2803 56 40 de
965 2803 287 40 Monuments
1275 2815 42 29 et
1339 2803 334 40 Constructions
1696 2804 195 40 diverses
1915 2815 40 29 et
1981 2804 110 40 dont
2114 2804 40 40 la
2178 2807 303 42 restaLiration,

513 2873 416 50 l'agrandissement
952 2892 57 22 ou
1033 2874 61 40 les
1120 2876 387 40 transformations
1533 2874 166 42 fussent
1724 2878 223 47 projetées
1973 2893 55 23 ou
2314 2879 172 37 suivant

511 2963 58 23 un
599 2945 160 42 CODE
788 2947 297 40 MODERNE
1115 2947 56 41 de
1200 2946 224 50 Principes
1452 2954 43 33 et
1524 2945 57 42 de
1609 2947 313 50 prescriptions
1951 2963 113 33 pour
2093 2945 41 42 la
2164 2946 318 50 préservation,

510 3017 43 42 la
579 3017 326 50 conservation,
932 3016 42 43 la
1000 3017 306 50 restauration,
1335 3016 262 43 K'extension
1624 3032 58 27 ou
1708 3019 39 40 le
1775 3017 215 51 réemploi
2020 3019 77 40 des
2126 3017 286 43 Monuments
2441 3026 42 34 et

513 3090 332 40 Constructions
874 3091 255 49 présentant
1157 3104 56 27 un
1241 3090 158 41 intérêt
1426 3087 359 53 Archéologique
1814 3106 56 25 ou
1900 3090 267 50 Historique.

1228 3181 452 44 DEPARTEMENT
1719 3181 155 44 III.

644 3266 207 51 L'aspect
888 3266 246 51 esthétique
1176 3266 60 41 du
1277 3265 235 52 problème
1550 3265 57 42 de
1645 3265 42 42 ia
1727 3266 360 42 reconstruction.
2237 3266 62 42 La
2341 3266 142 41 vision

511 3336 216 43 moderne
755 3337 61 42 du
847 3354 22 25 «
901 3337 198 51 Paysage
1128 3337 155 42 urbain
1313 3354 23 24 »
1378 3331 339 56 (Stadsbeeïd).

649 3424 21 26 «
706 3410 43 40 A
783 3410 77 40 des
892 3410 253 40 conditions
1176 3410 228 40 nouvelles
1437 3409 56 40 de
1524 3412 71 36 vie
1627 3410 161 40 sociale
1823 3421 42 29 et
1897 3413 184 47 civique,
2117 3410 276 50 correspond
2426 3427 57 23 un

512 3491 152 39 aspect
684 3498 204 23 nouveau
910 3481 55 41 de
986 3481 12 40 1
1040 3497 21 25 «
1085 3482 95 41 abri
1204 3498 21 23 »
1253 3481 193 46 humain,
1473 3481 77 40 des
1571 3481 291 41 installations
1884 3482 341 41 fonctionnelles
2247 3493 42 29 et
2313 3482 55 40 de
2391 3482 92 40 leur

514 3554 295 48 équipement.
839 3569 21 24 »
