<?xml version="1.0" encoding="UTF-8"?>
<alto xmlns:xsi="http://www.w3.org/2001/XMLSchema-instance" xmlns="http://www.loc.gov/standards/alto/ns-v2#" xsi:schemaLocation="http://www.loc.gov/standards/alto/ns-v2# http://www.loc.gov/standards/alto/alto-v2.0.xsd" xmlns:xlink="http://www.w3.org/1999/xlink">
	<Description>
		<MeasurementUnit>mm10</MeasurementUnit>
		<sourceImageInformation>
			<fileName>//fileserver7/IN2/Princeton/Batch3/bmtnaac/1919/10_01/00000029.tif</fileName>
		</sourceImageInformation>
		<OCRProcessing ID="OCRPROCESSING_1">
			<preProcessingStep>
				<processingSoftware>
					<softwareCreator>CCS Content Conversion Specialists GmbH, Germany</softwareCreator>
					<softwareName>CCS docWORKS</softwareName>
					<softwareVersion>6.6-1.18</softwareVersion>
				</processingSoftware>
			</preProcessingStep>
			<ocrProcessingStep>
				<processingSoftware>
					<softwareCreator>ABBYY (BIT Software), Russia</softwareCreator>
					<softwareName>FineReader</softwareName>
					<softwareVersion>10.0</softwareVersion>
				</processingSoftware>
			</ocrProcessingStep>
		</OCRProcessing>
		<OCRProcessing ID="OCRPROCESSING_2">
			<preProcessingStep>
				<processingSoftware>
					<softwareCreator>CCS Content Conversion Specialists GmbH, Germany</softwareCreator>
					<softwareName>CCS docWORKS</softwareName>
					<softwareVersion>6.6-1.18</softwareVersion>
				</processingSoftware>
			</preProcessingStep>
			<ocrProcessingStep>
				<processingSoftware>
					<softwareCreator>ABBYY (BIT Software), Russia</softwareCreator>
					<softwareName>NA</softwareName>
				</processingSoftware>
			</ocrProcessingStep>
		</OCRProcessing>
	</Description>
	<Styles>
		<TextStyle ID="TXT_0" FONTSIZE="14" FONTFAMILY="Times New Roman"/>
		<TextStyle ID="TXT_1" FONTSIZE="21" FONTFAMILY="Times New Roman"/>
		<TextStyle ID="TXT_2" FONTSIZE="15" FONTFAMILY="Times New Roman"/>
		<TextStyle ID="TXT_3" FONTSIZE="15" FONTFAMILY="Times New Roman" FONTSTYLE="bold"/>
		<TextStyle ID="TXT_4" FONTSIZE="10" FONTFAMILY="Times New Roman"/>
		<TextStyle ID="TXT_5" FONTSIZE="13" FONTFAMILY="Times New Roman"/>
		<ParagraphStyle ID="PAR_LEFT" ALIGN="Left"/>
		<ParagraphStyle ID="PAR_RIGHT" ALIGN="Right"/>
	</Styles>
	<Layout>
		<Page ID="P29" PHYSICAL_IMG_NR="29" HEIGHT="4104" WIDTH="2964" PRINTED_IMG_NR="81" PC="0.930">
			<TopMargin ID="P29_TM00001" HPOS="0" VPOS="0" WIDTH="2964" HEIGHT="272"/>
			<LeftMargin ID="P29_LM00001" HPOS="0" VPOS="272" WIDTH="267" HEIGHT="3502"/>
			<RightMargin ID="P29_RM00001" HPOS="2597" VPOS="272" WIDTH="367" HEIGHT="3502"/>
			<BottomMargin ID="P29_BM00001" HPOS="0" VPOS="3774" WIDTH="2964" HEIGHT="330">
				<TextBlock ID="P29_TB00001" HPOS="329" VPOS="3777" WIDTH="350" HEIGHT="88" STYLEREFS="TXT_0 PAR_LEFT">
					<TextLine ID="P29_TL00001" HPOS="389" VPOS="3780" WIDTH="244" HEIGHT="48">
						<String ID="P29_ST00001" HPOS="389" VPOS="3791" WIDTH="69" HEIGHT="37" CONTENT="LA" WC="0.93" CC="01"/>
						<SP ID="P29_SP00001" HPOS="458" VPOS="3828" WIDTH="52"/>
						<String ID="P29_ST00002" HPOS="510" VPOS="3780" WIDTH="123" HEIGHT="48" CONTENT="CITÉ" WC="0.98" CC="0042"/>
					</TextLine>
				</TextBlock>
				<TextBlock ID="P29_TB00002" HPOS="1414" VPOS="3778" WIDTH="55" HEIGHT="47" STYLEREFS="TXT_1 PAR_LEFT">
					<TextLine ID="P29_TL00002" HPOS="1414" VPOS="3778" WIDTH="55" HEIGHT="47">
						<String ID="P29_ST00003" HPOS="1414" VPOS="3778" WIDTH="55" HEIGHT="47" CONTENT="81" WC="1.00" CC="00"/>
					</TextLine>
				</TextBlock>
				<TextBlock ID="P29_TB00003" HPOS="2049" VPOS="3787" WIDTH="436" HEIGHT="45" STYLEREFS="TXT_0 PAR_RIGHT">
					<TextLine ID="P29_TL00003" HPOS="2051" VPOS="3789" WIDTH="433" HEIGHT="42">
						<String ID="P29_ST00004" HPOS="2051" VPOS="3789" WIDTH="286" HEIGHT="42" CONTENT="OCT.-NOV," WC="0.69" CC="305193004"/>
						<SP ID="P29_SP00002" HPOS="2337" VPOS="3831" WIDTH="57"/>
						<String ID="P29_ST00005" HPOS="2394" VPOS="3789" WIDTH="90" HEIGHT="37" CONTENT="1919" WC="0.41" CC="5556"/>
					</TextLine>
				</TextBlock>
			</BottomMargin>
			<PrintSpace ID="P29_PS00001" HPOS="267" VPOS="272" WIDTH="2330" HEIGHT="3502">
				<TextBlock ID="P29_TB00004" HPOS="431" VPOS="419" WIDTH="2004" HEIGHT="203" STYLEREFS="TXT_2 PAR_LEFT">
					<TextLine ID="P29_TL00004" HPOS="435" VPOS="435" WIDTH="1999" HEIGHT="53">
						<String ID="P29_ST00006" HPOS="435" VPOS="438" WIDTH="26" HEIGHT="38" CONTENT="à" WC="0.25" CC="7"/>
						<SP ID="P29_SP00003" HPOS="461" VPOS="476" WIDTH="28"/>
						<String ID="P29_ST00007" HPOS="489" VPOS="435" WIDTH="93" HEIGHT="42" CONTENT="leur" WC="0.97" CC="6009"/>
						<SP ID="P29_SP00004" HPOS="582" VPOS="477" WIDTH="29"/>
						<String ID="P29_ST00008" HPOS="611" VPOS="435" WIDTH="284" HEIGHT="47" CONTENT="destination," WC="0.99" CC="000460044204"/>
						<SP ID="P29_SP00005" HPOS="895" VPOS="482" WIDTH="32"/>
						<String ID="P29_ST00009" HPOS="927" VPOS="436" WIDTH="256" HEIGHT="50" CONTENT="répondant" WC="1.00" CC="070500000"/>
						<SP ID="P29_SP00006" HPOS="1183" VPOS="486" WIDTH="28"/>
						<String ID="P29_ST00010" HPOS="1211" VPOS="453" WIDTH="85" HEIGHT="23" CONTENT="aux" WC="1.00" CC="000"/>
						<SP ID="P29_SP00007" HPOS="1296" VPOS="486" WIDTH="29"/>
						<String ID="P29_ST00011" HPOS="1325" VPOS="439" WIDTH="221" HEIGHT="47" CONTENT="principes" WC="0.99" CC="034403006"/>
						<SP ID="P29_SP00008" HPOS="1546" VPOS="486" WIDTH="31"/>
						<String ID="P29_ST00012" HPOS="1577" VPOS="435" WIDTH="56" HEIGHT="42" CONTENT="de" WC="1.00" CC="00"/>
						<SP ID="P29_SP00009" HPOS="1633" VPOS="486" WIDTH="28"/>
						<String ID="P29_ST00013" HPOS="1661" VPOS="436" WIDTH="41" HEIGHT="41" CONTENT="la" WC="0.72" CC="50"/>
						<SP ID="P29_SP00010" HPOS="1702" VPOS="486" WIDTH="30"/>
						<String ID="P29_ST00014" HPOS="1732" VPOS="435" WIDTH="237" HEIGHT="52" CONTENT="technique" WC="1.00" CC="000006050"/>
						<SP ID="P29_SP00011" HPOS="1969" VPOS="487" WIDTH="28"/>
						<String ID="P29_ST00015" HPOS="1997" VPOS="447" WIDTH="43" HEIGHT="30" CONTENT="et" WC="1.00" CC="00"/>
						<SP ID="P29_SP00012" HPOS="2040" VPOS="487" WIDTH="28"/>
						<String ID="P29_ST00016" HPOS="2068" VPOS="437" WIDTH="57" HEIGHT="40" CONTENT="de" WC="1.00" CC="00"/>
						<SP ID="P29_SP00013" HPOS="2125" VPOS="487" WIDTH="30"/>
						<String ID="P29_ST00017" HPOS="2155" VPOS="437" WIDTH="279" HEIGHT="51" CONTENT="l'esthétique" WC="1.00" CC="440200603000"/>
					</TextLine>
					<TextLine ID="P29_TL00005" HPOS="433" VPOS="507" WIDTH="1998" HEIGHT="53">
						<String ID="P29_ST00018" HPOS="433" VPOS="507" WIDTH="337" HEIGHT="51" CONTENT="d'aujourd'hui" WC="1.00" CC="0200602003003"/>
						<SP ID="P29_SP00014" HPOS="770" VPOS="558" WIDTH="24"/>
						<String ID="P29_ST00019" HPOS="794" VPOS="519" WIDTH="43" HEIGHT="31" CONTENT="et" WC="1.00" CC="00"/>
						<SP ID="P29_SP00015" HPOS="837" VPOS="558" WIDTH="24"/>
						<String ID="P29_ST00020" HPOS="861" VPOS="507" WIDTH="309" HEIGHT="52" CONTENT="n'offusquant" WC="0.99" CC="045560007000"/>
						<SP ID="P29_SP00016" HPOS="1170" VPOS="559" WIDTH="23"/>
						<String ID="P29_ST00021" HPOS="1193" VPOS="526" WIDTH="54" HEIGHT="24" CONTENT="en" WC="0.60" CC="07"/>
						<SP ID="P29_SP00017" HPOS="1247" VPOS="559" WIDTH="26"/>
						<String ID="P29_ST00022" HPOS="1273" VPOS="511" WIDTH="92" HEIGHT="39" CONTENT="rien" WC="0.97" CC="3407"/>
						<SP ID="P29_SP00018" HPOS="1365" VPOS="559" WIDTH="25"/>
						<String ID="P29_ST00023" HPOS="1390" VPOS="507" WIDTH="40" HEIGHT="43" CONTENT="le" WC="0.79" CC="40"/>
						<SP ID="P29_SP00019" HPOS="1430" VPOS="559" WIDTH="22"/>
						<String ID="P29_ST00024" HPOS="1452" VPOS="525" WIDTH="199" HEIGHT="34" CONTENT="paysage" WC="0.99" CC="3005060"/>
						<SP ID="P29_SP00020" HPOS="1651" VPOS="559" WIDTH="24"/>
						<String ID="P29_ST00025" HPOS="1675" VPOS="510" WIDTH="196" HEIGHT="40" CONTENT="traversé" WC="0.99" CC="04400003"/>
						<SP ID="P29_SP00021" HPOS="1871" VPOS="559" WIDTH="23"/>
						<String ID="P29_ST00026" HPOS="1894" VPOS="526" WIDTH="82" HEIGHT="34" CONTENT="par" WC="1.00" CC="001"/>
						<SP ID="P29_SP00022" HPOS="1976" VPOS="560" WIDTH="24"/>
						<String ID="P29_ST00027" HPOS="2000" VPOS="508" WIDTH="61" HEIGHT="42" CONTENT="les" WC="0.99" CC="102"/>
						<SP ID="P29_SP00023" HPOS="2061" VPOS="560" WIDTH="25"/>
						<String ID="P29_ST00028" HPOS="2086" VPOS="508" WIDTH="142" HEIGHT="52" CONTENT="lignes" WC="0.98" CC="639006"/>
						<SP ID="P29_SP00024" HPOS="2228" VPOS="560" WIDTH="24"/>
						<String ID="P29_ST00029" HPOS="2252" VPOS="510" WIDTH="56" HEIGHT="42" CONTENT="de" WC="1.00" CC="00"/>
						<SP ID="P29_SP00025" HPOS="2308" VPOS="560" WIDTH="23"/>
						<String ID="P29_ST00030" HPOS="2331" VPOS="510" WIDTH="75" HEIGHT="42" CONTENT="che" SUBS_TYPE="HypPart1" SUBS_CONTENT="chemin" WC="0.99" CC="000"/>
						<HYP HPOS="2406" VPOS="510" WIDTH="25" CONTENT="-"/>
					</TextLine>
					<TextLine ID="P29_TL00006" HPOS="433" VPOS="580" WIDTH="292" HEIGHT="40">
						<String ID="P29_ST00031" HPOS="433" VPOS="583" WIDTH="90" HEIGHT="37" CONTENT="min" SUBS_TYPE="HypPart2" SUBS_CONTENT="chemin" WC="0.98" CC="050"/>
						<SP ID="P29_SP00026" HPOS="523" VPOS="620" WIDTH="34"/>
						<String ID="P29_ST00032" HPOS="557" VPOS="580" WIDTH="57" HEIGHT="40" CONTENT="de" WC="1.00" CC="00"/>
						<SP ID="P29_SP00027" HPOS="614" VPOS="620" WIDTH="33"/>
						<String ID="P29_ST00033" HPOS="647" VPOS="580" WIDTH="78" HEIGHT="40" CONTENT="fer." WC="0.98" CC="6004"/>
					</TextLine>
				</TextBlock>
				<TextBlock ID="P29_TB00005" HPOS="432" VPOS="767" WIDTH="2004" HEIGHT="121" STYLEREFS="TXT_3 PAR_LEFT">
					<TextLine ID="P29_TL00007" HPOS="434" VPOS="769" WIDTH="2000" HEIGHT="46">
						<String ID="P29_ST00034" HPOS="434" VPOS="769" WIDTH="459" HEIGHT="44" CONTENT="DEPARTEMENT" WC="1.00" CC="30000000000"/>
						<SP ID="P29_SP00028" HPOS="893" VPOS="813" WIDTH="300"/>
						<String ID="P29_ST00035" HPOS="1193" VPOS="769" WIDTH="133" HEIGHT="46" CONTENT="III.−" WC="1.00" CC="00000"/>
						<SP ID="P29_SP00029" HPOS="1326" VPOS="815" WIDTH="27"/>
						<String ID="P29_ST00036" HPOS="1353" VPOS="769" WIDTH="371" HEIGHT="46" CONTENT="L'ARCHITECTURE" WC="1.00" CC="04000050000461"/>
						<SP ID="P29_SP00030" HPOS="1724" VPOS="815" WIDTH="56"/>
						<String ID="P29_ST00037" HPOS="1780" VPOS="771" WIDTH="393" HEIGHT="43" CONTENT="MODERNISTE" WC="1.00" CC="0000005000"/>
						<SP ID="P29_SP00031" HPOS="2173" VPOS="815" WIDTH="57"/>
						<String ID="P29_ST00038" HPOS="2230" VPOS="771" WIDTH="76" HEIGHT="42" CONTENT="ET" WC="0.95" CC="00"/>
						<SP ID="P29_SP00032" HPOS="2306" VPOS="815" WIDTH="56"/>
						<String ID="P29_ST00039" HPOS="2362" VPOS="772" WIDTH="72" HEIGHT="42" CONTENT="LE" WC="1.00" CC="00"/>
					</TextLine>
					<TextLine ID="P29_TL00008" HPOS="834" VPOS="842" WIDTH="1193" HEIGHT="45">
						<String ID="P29_ST00040" HPOS="834" VPOS="860" WIDTH="22" HEIGHT="25" CONTENT="«" WC="0.98" CC="4"/>
						<SP ID="P29_SP00033" HPOS="856" VPOS="885" WIDTH="36"/>
						<String ID="P29_ST00041" HPOS="892" VPOS="842" WIDTH="287" HEIGHT="44" CONTENT="PAYSAGE" WC="1.00" CC="5040000"/>
						<SP ID="P29_SP00034" HPOS="1179" VPOS="886" WIDTH="33"/>
						<String ID="P29_ST00042" HPOS="1212" VPOS="843" WIDTH="230" HEIGHT="44" CONTENT="URBAIN" WC="0.99" CC="502040"/>
						<SP ID="P29_SP00035" HPOS="1442" VPOS="887" WIDTH="37"/>
						<String ID="P29_ST00043" HPOS="1479" VPOS="860" WIDTH="22" HEIGHT="26" CONTENT="»" WC="0.55" CC="4"/>
						<SP ID="P29_SP00036" HPOS="1501" VPOS="887" WIDTH="39"/>
						<String ID="P29_ST00044" HPOS="1540" VPOS="843" WIDTH="487" HEIGHT="44" CONTENT="CONTEMPORAIN" WC="0.99" CC="007000030077"/>
					</TextLine>
				</TextBlock>
				<TextBlock ID="P29_TB00006" HPOS="432" VPOS="935" WIDTH="2003" HEIGHT="2766" STYLEREFS="TXT_2 PAR_LEFT">
					<TextLine ID="P29_TL00009" HPOS="568" VPOS="937" WIDTH="1866" HEIGHT="54">
						<String ID="P29_ST00045" HPOS="568" VPOS="938" WIDTH="229" HEIGHT="50" CONTENT="Quelques" WC="0.99" CC="04063400"/>
						<SP ID="P29_SP00037" HPOS="797" VPOS="988" WIDTH="28"/>
						<String ID="P29_ST00046" HPOS="825" VPOS="937" WIDTH="281" HEIGHT="43" CONTENT="conclusions" WC="0.99" CC="05505006250"/>
						<SP ID="P29_SP00038" HPOS="1106" VPOS="988" WIDTH="28"/>
						<String ID="P29_ST00047" HPOS="1134" VPOS="938" WIDTH="231" HEIGHT="52" CONTENT="générales" WC="0.99" CC="660730003"/>
						<SP ID="P29_SP00039" HPOS="1365" VPOS="990" WIDTH="28"/>
						<String ID="P29_ST00048" HPOS="1393" VPOS="949" WIDTH="98" HEIGHT="31" CONTENT="tout" WC="1.00" CC="0100"/>
						<SP ID="P29_SP00040" HPOS="1491" VPOS="990" WIDTH="27"/>
						<String ID="P29_ST00049" HPOS="1518" VPOS="941" WIDTH="26" HEIGHT="39" CONTENT="à" WC="0.45" CC="5"/>
						<SP ID="P29_SP00041" HPOS="1544" VPOS="990" WIDTH="28"/>
						<String ID="P29_ST00050" HPOS="1572" VPOS="939" WIDTH="82" HEIGHT="42" CONTENT="fait" WC="0.97" CC="4460"/>
						<SP ID="P29_SP00042" HPOS="1654" VPOS="990" WIDTH="28"/>
						<String ID="P29_ST00051" HPOS="1682" VPOS="939" WIDTH="263" HEIGHT="52" CONTENT="frappantes" WC="1.00" CC="3200000003"/>
						<SP ID="P29_SP00043" HPOS="1945" VPOS="991" WIDTH="26"/>
						<String ID="P29_ST00052" HPOS="1971" VPOS="957" WIDTH="47" HEIGHT="24" CONTENT="se" WC="0.82" CC="30"/>
						<SP ID="P29_SP00044" HPOS="2018" VPOS="991" WIDTH="31"/>
						<String ID="P29_ST00053" HPOS="2049" VPOS="940" WIDTH="226" HEIGHT="50" CONTENT="dégagent" WC="0.98" CC="79707000"/>
						<SP ID="P29_SP00045" HPOS="2275" VPOS="991" WIDTH="30"/>
						<String ID="P29_ST00054" HPOS="2305" VPOS="940" WIDTH="58" HEIGHT="42" CONTENT="de" WC="0.66" CC="60"/>
						<SP ID="P29_SP00046" HPOS="2363" VPOS="991" WIDTH="28"/>
						<String ID="P29_ST00055" HPOS="2391" VPOS="940" WIDTH="43" HEIGHT="42" CONTENT="la" WC="0.52" CC="45"/>
					</TextLine>
					<TextLine ID="P29_TL00010" HPOS="435" VPOS="1010" WIDTH="1999" HEIGHT="50">
						<String ID="P29_ST00056" HPOS="435" VPOS="1013" WIDTH="315" HEIGHT="47" CONTENT="comparaison" WC="1.00" CC="04000203000"/>
						<SP ID="P29_SP00047" HPOS="750" VPOS="1060" WIDTH="36"/>
						<String ID="P29_ST00057" HPOS="786" VPOS="1010" WIDTH="58" HEIGHT="43" CONTENT="de" WC="1.00" CC="00"/>
						<SP ID="P29_SP00048" HPOS="844" VPOS="1060" WIDTH="33"/>
						<String ID="P29_ST00058" HPOS="877" VPOS="1011" WIDTH="249" HEIGHT="42" CONTENT="l'immense" WC="0.99" CC="246300300"/>
						<SP ID="P29_SP00049" HPOS="1126" VPOS="1060" WIDTH="35"/>
						<String ID="P29_ST00059" HPOS="1161" VPOS="1011" WIDTH="201" HEIGHT="42" CONTENT="matériel" WC="0.99" CC="00090403"/>
						<SP ID="P29_SP00050" HPOS="1362" VPOS="1060" WIDTH="36"/>
						<String ID="P29_ST00060" HPOS="1398" VPOS="1011" WIDTH="359" HEIGHT="42" CONTENT="d'Architecture" WC="1.00" CC="03300720000040"/>
						<SP ID="P29_SP00051" HPOS="1757" VPOS="1060" WIDTH="32"/>
						<String ID="P29_ST00061" HPOS="1789" VPOS="1012" WIDTH="276" HEIGHT="43" CONTENT="moderniste" WC="0.99" CC="5150505720" STYLEREFS="TXT_3"/>
						<SP ID="P29_SP00052" HPOS="2065" VPOS="1060" WIDTH="35"/>
						<String ID="P29_ST00062" HPOS="2100" VPOS="1016" WIDTH="52" HEIGHT="38" CONTENT="ici" WC="0.97" CC="403"/>
						<SP ID="P29_SP00053" HPOS="2152" VPOS="1060" WIDTH="38"/>
						<String ID="P29_ST00063" HPOS="2190" VPOS="1012" WIDTH="244" HEIGHT="42" CONTENT="rassemblé" WC="1.00" CC="001000620"/>
					</TextLine>
					<TextLine ID="P29_TL00011" HPOS="442" VPOS="1082" WIDTH="1918" HEIGHT="54">
						<String ID="P29_ST00064" HPOS="442" VPOS="1083" WIDTH="68" HEIGHT="50" CONTENT="(et" WC="0.98" CC="400"/>
						<SP ID="P29_SP00054" HPOS="510" VPOS="1133" WIDTH="30"/>
						<String ID="P29_ST00065" HPOS="540" VPOS="1100" WIDTH="114" HEIGHT="33" CONTENT="pour" WC="1.00" CC="0000"/>
						<SP ID="P29_SP00055" HPOS="654" VPOS="1133" WIDTH="29"/>
						<String ID="P29_ST00066" HPOS="683" VPOS="1082" WIDTH="41" HEIGHT="42" CONTENT="la" WC="0.55" CC="35"/>
						<SP ID="P29_SP00056" HPOS="724" VPOS="1133" WIDTH="30"/>
						<String ID="P29_ST00067" HPOS="754" VPOS="1086" WIDTH="219" HEIGHT="47" CONTENT="première" WC="0.99" CC="01000620"/>
						<SP ID="P29_SP00057" HPOS="973" VPOS="1133" WIDTH="32"/>
						<String ID="P29_ST00068" HPOS="1005" VPOS="1084" WIDTH="86" HEIGHT="41" CONTENT="fois" WC="0.96" CC="6442"/>
						<SP ID="P29_SP00058" HPOS="1091" VPOS="1133" WIDTH="30"/>
						<String ID="P29_ST00069" HPOS="1121" VPOS="1102" WIDTH="55" HEIGHT="23" CONTENT="en" WC="1.00" CC="00"/>
						<SP ID="P29_SP00059" HPOS="1176" VPOS="1133" WIDTH="33"/>
						<String ID="P29_ST00070" HPOS="1209" VPOS="1084" WIDTH="56" HEIGHT="41" CONTENT="de" WC="1.00" CC="00"/>
						<SP ID="P29_SP00060" HPOS="1265" VPOS="1133" WIDTH="31"/>
						<String ID="P29_ST00071" HPOS="1296" VPOS="1083" WIDTH="125" HEIGHT="42" CONTENT="telles" WC="1.00" CC="000302"/>
						<SP ID="P29_SP00061" HPOS="1421" VPOS="1133" WIDTH="29"/>
						<String ID="P29_ST00072" HPOS="1450" VPOS="1088" WIDTH="303" HEIGHT="47" CONTENT="proportions," WC="1.00" CC="010005050042"/>
						<SP ID="P29_SP00062" HPOS="1753" VPOS="1135" WIDTH="36"/>
						<String ID="P29_ST00073" HPOS="1789" VPOS="1085" WIDTH="112" HEIGHT="41" CONTENT="dans" WC="1.00" CC="0000"/>
						<SP ID="P29_SP00063" HPOS="1901" VPOS="1135" WIDTH="30"/>
						<String ID="P29_ST00074" HPOS="1931" VPOS="1102" WIDTH="87" HEIGHT="25" CONTENT="une" WC="1.00" CC="000"/>
						<SP ID="P29_SP00064" HPOS="2018" VPOS="1135" WIDTH="31"/>
						<String ID="P29_ST00075" HPOS="2049" VPOS="1085" WIDTH="311" HEIGHT="51" CONTENT="Exposition)." WC="1.00" CC="600106050002"/>
					</TextLine>
					<TextLine ID="P29_TL00012" HPOS="567" VPOS="1154" WIDTH="1858" HEIGHT="54">
						<String ID="P29_ST00076" HPOS="567" VPOS="1154" WIDTH="82" HEIGHT="42" CONTENT="Les" WC="0.99" CC="300"/>
						<SP ID="P29_SP00065" HPOS="649" VPOS="1196" WIDTH="21"/>
						<String ID="P29_ST00077" HPOS="670" VPOS="1156" WIDTH="117" HEIGHT="41" CONTENT="deux" WC="1.00" CC="0000"/>
						<SP ID="P29_SP00066" HPOS="787" VPOS="1197" WIDTH="21"/>
						<String ID="P29_ST00078" HPOS="808" VPOS="1168" WIDTH="128" HEIGHT="40" CONTENT="types" WC="1.00" CC="00000"/>
						<SP ID="P29_SP00067" HPOS="936" VPOS="1208" WIDTH="20"/>
						<String ID="P29_ST00079" HPOS="956" VPOS="1157" WIDTH="359" HEIGHT="41" CONTENT="fondamentaux" WC="1.00" CC="600000000000"/>
						<SP ID="P29_SP00068" HPOS="1315" VPOS="1208" WIDTH="22"/>
						<String ID="P29_ST00080" HPOS="1337" VPOS="1156" WIDTH="322" HEIGHT="42" CONTENT="d'habitations" WC="1.00" CC="0260600003100"/>
						<SP ID="P29_SP00069" HPOS="1659" VPOS="1208" WIDTH="21"/>
						<String ID="P29_ST00081" HPOS="1680" VPOS="1157" WIDTH="254" HEIGHT="50" CONTENT="populaires" WC="1.00" CC="0100200100"/>
						<SP ID="P29_SP00070" HPOS="1934" VPOS="1208" WIDTH="28"/>
						<String ID="P29_ST00082" HPOS="1962" VPOS="1176" WIDTH="8" HEIGHT="23" CONTENT=":" WC="1.00" CC="0"/>
						<SP ID="P29_SP00071" HPOS="1970" VPOS="1208" WIDTH="25"/>
						<String ID="P29_ST00083" HPOS="1995" VPOS="1159" WIDTH="39" HEIGHT="40" CONTENT="le" WC="0.92" CC="10"/>
						<SP ID="P29_SP00072" HPOS="2034" VPOS="1208" WIDTH="22"/>
						<String ID="P29_ST00084" HPOS="2056" VPOS="1170" WIDTH="105" HEIGHT="38" CONTENT="type" WC="1.00" CC="0100"/>
						<SP ID="P29_SP00073" HPOS="2161" VPOS="1208" WIDTH="25"/>
						<String ID="P29_ST00085" HPOS="2186" VPOS="1174" WIDTH="239" HEIGHT="25" CONTENT="«caserne»" WC="0.99" CC="400004006"/>
					</TextLine>
					<TextLine ID="P29_TL00013" HPOS="435" VPOS="1227" WIDTH="1997" HEIGHT="55">
						<String ID="P29_ST00086" HPOS="435" VPOS="1238" WIDTH="43" HEIGHT="31" CONTENT="et" WC="1.00" CC="00"/>
						<SP ID="P29_SP00074" HPOS="478" VPOS="1269" WIDTH="27"/>
						<String ID="P29_ST00087" HPOS="505" VPOS="1227" WIDTH="39" HEIGHT="40" CONTENT="le" WC="0.67" CC="42"/>
						<SP ID="P29_SP00075" HPOS="544" VPOS="1269" WIDTH="27"/>
						<String ID="P29_ST00088" HPOS="571" VPOS="1238" WIDTH="106" HEIGHT="39" CONTENT="type" WC="1.00" CC="0000"/>
						<SP ID="P29_SP00076" HPOS="677" VPOS="1277" WIDTH="30"/>
						<String ID="P29_ST00089" HPOS="707" VPOS="1244" WIDTH="22" HEIGHT="25" CONTENT="«" WC="0.45" CC="5"/>
						<SP ID="P29_SP00077" HPOS="729" VPOS="1277" WIDTH="30"/>
						<String ID="P29_ST00090" HPOS="759" VPOS="1228" WIDTH="276" HEIGHT="51" CONTENT="Cité-Jardin" WC="0.99" CC="05004203060"/>
						<SP ID="P29_SP00078" HPOS="1035" VPOS="1279" WIDTH="29"/>
						<String ID="P29_ST00091" HPOS="1064" VPOS="1245" WIDTH="41" HEIGHT="31" CONTENT="»," WC="0.40" CC="65"/>
						<SP ID="P29_SP00079" HPOS="1105" VPOS="1279" WIDTH="30"/>
						<String ID="P29_ST00092" HPOS="1135" VPOS="1232" WIDTH="72" HEIGHT="47" CONTENT="qui" WC="0.97" CC="304"/>
						<SP ID="P29_SP00080" HPOS="1207" VPOS="1279" WIDTH="28"/>
						<String ID="P29_ST00093" HPOS="1235" VPOS="1232" WIDTH="245" HEIGHT="38" CONTENT="existeront" WC="1.00" CC="0040002005"/>
						<SP ID="P29_SP00081" HPOS="1480" VPOS="1279" WIDTH="27"/>
						<String ID="P29_ST00094" HPOS="1507" VPOS="1246" WIDTH="59" HEIGHT="24" CONTENT="ou" WC="1.00" CC="00"/>
						<SP ID="P29_SP00082" HPOS="1566" VPOS="1279" WIDTH="26"/>
						<String ID="P29_ST00095" HPOS="1592" VPOS="1232" WIDTH="300" HEIGHT="40" CONTENT="coexisteront" WC="1.00" CC="030050000200"/>
						<SP ID="P29_SP00083" HPOS="1892" VPOS="1279" WIDTH="27"/>
						<String ID="P29_ST00096" HPOS="1919" VPOS="1235" WIDTH="215" HEIGHT="47" CONTENT="toujours," WC="0.99" CC="000540503"/>
						<SP ID="P29_SP00084" HPOS="2134" VPOS="1282" WIDTH="31"/>
						<String ID="P29_ST00097" HPOS="2165" VPOS="1234" WIDTH="177" HEIGHT="38" CONTENT="suivant" WC="1.00" CC="0060000"/>
						<SP ID="P29_SP00085" HPOS="2342" VPOS="1282" WIDTH="28"/>
						<String ID="P29_ST00098" HPOS="2370" VPOS="1230" WIDTH="62" HEIGHT="42" CONTENT="les" WC="0.99" CC="200"/>
					</TextLine>
					<TextLine ID="P29_TL00014" HPOS="437" VPOS="1300" WIDTH="1992" HEIGHT="54">
						<String ID="P29_ST00099" HPOS="437" VPOS="1300" WIDTH="269" HEIGHT="50" CONTENT="possibilités" WC="1.00" CC="021030044000"/>
						<SP ID="P29_SP00086" HPOS="706" VPOS="1350" WIDTH="35"/>
						<String ID="P29_ST00100" HPOS="741" VPOS="1313" WIDTH="43" HEIGHT="29" CONTENT="et" WC="1.00" CC="00"/>
						<SP ID="P29_SP00087" HPOS="784" VPOS="1350" WIDTH="34"/>
						<String ID="P29_ST00101" HPOS="818" VPOS="1300" WIDTH="60" HEIGHT="42" CONTENT="les" WC="1.00" CC="000"/>
						<SP ID="P29_SP00088" HPOS="878" VPOS="1350" WIDTH="34"/>
						<String ID="P29_ST00102" HPOS="912" VPOS="1302" WIDTH="292" HEIGHT="41" CONTENT="inéluctables" WC="0.99" CC="405300209600"/>
						<SP ID="P29_SP00089" HPOS="1204" VPOS="1350" WIDTH="33"/>
						<String ID="P29_ST00103" HPOS="1237" VPOS="1305" WIDTH="236" HEIGHT="38" CONTENT="nécessités" WC="1.00" CC="0500003000"/>
						<SP ID="P29_SP00090" HPOS="1473" VPOS="1350" WIDTH="35"/>
						<String ID="P29_ST00104" HPOS="1508" VPOS="1301" WIDTH="178" HEIGHT="47" CONTENT="locales," WC="0.99" CC="03000074"/>
						<SP ID="P29_SP00091" HPOS="1686" VPOS="1350" WIDTH="40"/>
						<String ID="P29_ST00105" HPOS="1726" VPOS="1302" WIDTH="165" HEIGHT="42" CONTENT="offrent" WC="0.99" CC="5183000"/>
						<SP ID="P29_SP00092" HPOS="1891" VPOS="1350" WIDTH="35"/>
						<String ID="P29_ST00106" HPOS="1926" VPOS="1303" WIDTH="112" HEIGHT="41" CONTENT="dans" WC="1.00" CC="0000"/>
						<SP ID="P29_SP00093" HPOS="2038" VPOS="1350" WIDTH="36"/>
						<String ID="P29_ST00107" HPOS="2074" VPOS="1314" WIDTH="99" HEIGHT="30" CONTENT="tous" WC="0.99" CC="0300"/>
						<SP ID="P29_SP00094" HPOS="2173" VPOS="1350" WIDTH="35"/>
						<String ID="P29_ST00108" HPOS="2208" VPOS="1303" WIDTH="62" HEIGHT="42" CONTENT="les" WC="0.98" CC="103"/>
						<SP ID="P29_SP00095" HPOS="2270" VPOS="1350" WIDTH="35"/>
						<String ID="P29_ST00109" HPOS="2305" VPOS="1321" WIDTH="124" HEIGHT="33" CONTENT="pays," WC="1.00" CC="00004"/>
					</TextLine>
					<TextLine ID="P29_TL00015" HPOS="435" VPOS="1373" WIDTH="1998" HEIGHT="54">
						<String ID="P29_ST00110" HPOS="435" VPOS="1390" WIDTH="101" HEIGHT="23" CONTENT="sans" WC="0.99" CC="2001"/>
						<SP ID="P29_SP00096" HPOS="536" VPOS="1413" WIDTH="27"/>
						<String ID="P29_ST00111" HPOS="563" VPOS="1385" WIDTH="181" HEIGHT="30" CONTENT="concert" WC="1.00" CC="0000050"/>
						<SP ID="P29_SP00097" HPOS="744" VPOS="1415" WIDTH="27"/>
						<String ID="P29_ST00112" HPOS="771" VPOS="1373" WIDTH="244" HEIGHT="51" CONTENT="préalable," WC="1.00" CC="0100020104"/>
						<SP ID="P29_SP00098" HPOS="1015" VPOS="1424" WIDTH="33"/>
						<String ID="P29_ST00113" HPOS="1048" VPOS="1374" WIDTH="56" HEIGHT="41" CONTENT="de" WC="1.00" CC="00"/>
						<SP ID="P29_SP00099" HPOS="1104" VPOS="1424" WIDTH="30"/>
						<String ID="P29_ST00114" HPOS="1134" VPOS="1375" WIDTH="125" HEIGHT="40" CONTENT="telles" WC="0.99" CC="005400"/>
						<SP ID="P29_SP00100" HPOS="1259" VPOS="1424" WIDTH="28"/>
						<String ID="P29_ST00115" HPOS="1287" VPOS="1373" WIDTH="230" HEIGHT="52" CONTENT="analogies" WC="0.99" CC="000159500"/>
						<SP ID="P29_SP00101" HPOS="1517" VPOS="1425" WIDTH="28"/>
						<String ID="P29_ST00116" HPOS="1545" VPOS="1374" WIDTH="215" HEIGHT="51" CONTENT="d'aspect," WC="1.00" CC="003000004"/>
						<SP ID="P29_SP00102" HPOS="1760" VPOS="1425" WIDTH="33"/>
						<String ID="P29_ST00117" HPOS="1793" VPOS="1392" WIDTH="84" HEIGHT="33" CONTENT="que" WC="1.00" CC="000"/>
						<SP ID="P29_SP00103" HPOS="1877" VPOS="1425" WIDTH="30"/>
						<String ID="P29_ST00118" HPOS="1907" VPOS="1376" WIDTH="91" HEIGHT="40" CONTENT="l'on" WC="0.98" CC="5400"/>
						<SP ID="P29_SP00104" HPOS="1998" VPOS="1425" WIDTH="29"/>
						<String ID="P29_ST00119" HPOS="2027" VPOS="1387" WIDTH="66" HEIGHT="31" CONTENT="est" WC="1.00" CC="010"/>
						<SP ID="P29_SP00105" HPOS="2093" VPOS="1425" WIDTH="27"/>
						<String ID="P29_ST00120" HPOS="2120" VPOS="1393" WIDTH="54" HEIGHT="24" CONTENT="en" WC="1.00" CC="00"/>
						<SP ID="P29_SP00106" HPOS="2174" VPOS="1425" WIDTH="33"/>
						<String ID="P29_ST00121" HPOS="2207" VPOS="1376" WIDTH="117" HEIGHT="42" CONTENT="droit" WC="0.98" CC="03350"/>
						<SP ID="P29_SP00107" HPOS="2324" VPOS="1425" WIDTH="30"/>
						<String ID="P29_ST00122" HPOS="2354" VPOS="1376" WIDTH="79" HEIGHT="51" CONTENT="d'y" WC="0.98" CC="040"/>
					</TextLine>
					<TextLine ID="P29_TL00016" HPOS="433" VPOS="1445" WIDTH="1997" HEIGHT="51">
						<String ID="P29_ST00123" HPOS="433" VPOS="1448" WIDTH="284" HEIGHT="38" CONTENT="reconnaître" WC="1.00" CC="10030000000"/>
						<SP ID="P29_SP00108" HPOS="717" VPOS="1486" WIDTH="23"/>
						<String ID="P29_ST00124" HPOS="740" VPOS="1445" WIDTH="62" HEIGHT="41" CONTENT="les" WC="1.00" CC="000"/>
						<SP ID="P29_SP00109" HPOS="802" VPOS="1486" WIDTH="25"/>
						<String ID="P29_ST00125" HPOS="827" VPOS="1449" WIDTH="292" HEIGHT="47" CONTENT="symptômes," WC="1.00" CC="0000060063"/>
						<SP ID="P29_SP00110" HPOS="1119" VPOS="1496" WIDTH="31"/>
						<String ID="P29_ST00126" HPOS="1150" VPOS="1446" WIDTH="136" HEIGHT="42" CONTENT="d'une" WC="1.00" CC="03000"/>
						<SP ID="P29_SP00111" HPOS="1286" VPOS="1496" WIDTH="26"/>
						<String ID="P29_ST00127" HPOS="1312" VPOS="1457" WIDTH="114" HEIGHT="39" CONTENT="part," WC="0.99" CC="00404"/>
						<SP ID="P29_SP00112" HPOS="1426" VPOS="1496" WIDTH="30"/>
						<String ID="P29_ST00128" HPOS="1456" VPOS="1446" WIDTH="107" HEIGHT="42" CONTENT="d'un" WC="0.99" CC="0400"/>
						<SP ID="P29_SP00113" HPOS="1563" VPOS="1496" WIDTH="28"/>
						<String ID="P29_ST00129" HPOS="1591" VPOS="1446" WIDTH="112" HEIGHT="50" CONTENT="style" WC="1.00" CC="00000"/>
						<SP ID="P29_SP00114" HPOS="1703" VPOS="1496" WIDTH="26"/>
						<String ID="P29_ST00130" HPOS="1729" VPOS="1447" WIDTH="274" HEIGHT="41" CONTENT="moderniste" WC="1.00" CC="0200001000"/>
						<SP ID="P29_SP00115" HPOS="2003" VPOS="1496" WIDTH="26"/>
						<String ID="P29_ST00131" HPOS="2029" VPOS="1448" WIDTH="315" HEIGHT="42" CONTENT="international" WC="1.00" CC="4000307060005"/>
						<SP ID="P29_SP00116" HPOS="2344" VPOS="1496" WIDTH="29"/>
						<String ID="P29_ST00132" HPOS="2373" VPOS="1448" WIDTH="57" HEIGHT="42" CONTENT="de" WC="1.00" CC="00"/>
					</TextLine>
					<TextLine ID="P29_TL00017" HPOS="435" VPOS="1518" WIDTH="1996" HEIGHT="53">
						<String ID="P29_ST00133" HPOS="435" VPOS="1518" WIDTH="41" HEIGHT="40" CONTENT="la" WC="1.00" CC="00"/>
						<SP ID="P29_SP00117" HPOS="476" VPOS="1558" WIDTH="21"/>
						<String ID="P29_ST00134" HPOS="497" VPOS="1521" WIDTH="139" HEIGHT="47" CONTENT="petite" WC="1.00" CC="000200"/>
						<SP ID="P29_SP00118" HPOS="636" VPOS="1568" WIDTH="20"/>
						<String ID="P29_ST00135" HPOS="656" VPOS="1519" WIDTH="293" HEIGHT="40" CONTENT="architecture" WC="1.00" CC="010030000000"/>
						<SP ID="P29_SP00119" HPOS="949" VPOS="1568" WIDTH="22"/>
						<String ID="P29_ST00136" HPOS="971" VPOS="1519" WIDTH="283" HEIGHT="51" CONTENT="domestique" WC="1.00" CC="0000004000"/>
						<SP ID="P29_SP00120" HPOS="1254" VPOS="1570" WIDTH="30"/>
						<String ID="P29_ST00137" HPOS="1284" VPOS="1519" WIDTH="132" HEIGHT="50" CONTENT="(type" WC="1.00" CC="00000"/>
						<SP ID="P29_SP00121" HPOS="1416" VPOS="1570" WIDTH="24"/>
						<String ID="P29_ST00138" HPOS="1440" VPOS="1519" WIDTH="305" HEIGHT="51" CONTENT="«Cité-Jardin" WC="1.00" CC="304004200020"/>
						<SP ID="P29_SP00122" HPOS="1745" VPOS="1570" WIDTH="25"/>
						<String ID="P29_ST00139" HPOS="1770" VPOS="1520" WIDTH="74" HEIGHT="49" CONTENT="»)," WC="0.79" CC="401"/>
						<SP ID="P29_SP00123" HPOS="1844" VPOS="1570" WIDTH="26"/>
						<String ID="P29_ST00140" HPOS="1870" VPOS="1519" WIDTH="174" HEIGHT="42" CONTENT="d'autre" WC="0.99" CC="0200330"/>
						<SP ID="P29_SP00124" HPOS="2044" VPOS="1570" WIDTH="21"/>
						<String ID="P29_ST00141" HPOS="2065" VPOS="1532" WIDTH="100" HEIGHT="38" CONTENT="part" WC="0.98" CC="0008"/>
						<SP ID="P29_SP00125" HPOS="2165" VPOS="1570" WIDTH="23"/>
						<String ID="P29_ST00142" HPOS="2188" VPOS="1521" WIDTH="108" HEIGHT="41" CONTENT="d'un" WC="1.00" CC="0100"/>
						<SP ID="P29_SP00126" HPOS="2296" VPOS="1570" WIDTH="21"/>
						<String ID="P29_ST00143" HPOS="2317" VPOS="1521" WIDTH="114" HEIGHT="50" CONTENT="style" WC="1.00" CC="00011"/>
					</TextLine>
					<TextLine ID="P29_TL00018" HPOS="433" VPOS="1590" WIDTH="1996" HEIGHT="49">
						<String ID="P29_ST00144" HPOS="433" VPOS="1590" WIDTH="310" HEIGHT="41" CONTENT="monumental" WC="1.00" CC="0400000060"/>
						<SP ID="P29_SP00127" HPOS="743" VPOS="1631" WIDTH="27"/>
						<String ID="P29_ST00145" HPOS="770" VPOS="1593" WIDTH="26" HEIGHT="38" CONTENT="à" WC="0.41" CC="5"/>
						<SP ID="P29_SP00128" HPOS="796" VPOS="1631" WIDTH="28"/>
						<String ID="P29_ST00146" HPOS="824" VPOS="1590" WIDTH="286" HEIGHT="42" CONTENT="dominantes" WC="1.00" CC="0301000000"/>
						<SP ID="P29_SP00129" HPOS="1110" VPOS="1632" WIDTH="28"/>
						<String ID="P29_ST00147" HPOS="1138" VPOS="1590" WIDTH="59" HEIGHT="42" CONTENT="de" WC="1.00" CC="00"/>
						<SP ID="P29_SP00130" HPOS="1197" VPOS="1632" WIDTH="22"/>
						<String ID="P29_ST00148" HPOS="1219" VPOS="1590" WIDTH="235" HEIGHT="42" CONTENT="verticales" WC="1.00" CC="1000600300"/>
						<SP ID="P29_SP00131" HPOS="1454" VPOS="1632" WIDTH="26"/>
						<String ID="P29_ST00149" HPOS="1480" VPOS="1602" WIDTH="45" HEIGHT="31" CONTENT="et" WC="1.00" CC="00"/>
						<SP ID="P29_SP00132" HPOS="1525" VPOS="1633" WIDTH="28"/>
						<String ID="P29_ST00150" HPOS="1553" VPOS="1590" WIDTH="362" HEIGHT="49" CONTENT="d'horizontales," WC="1.00" CC="030427400002003"/>
						<SP ID="P29_SP00133" HPOS="1915" VPOS="1639" WIDTH="29"/>
						<String ID="P29_ST00151" HPOS="1944" VPOS="1610" WIDTH="87" HEIGHT="24" CONTENT="aux" WC="1.00" CC="000"/>
						<SP ID="P29_SP00134" HPOS="2031" VPOS="1639" WIDTH="27"/>
						<String ID="P29_ST00152" HPOS="2058" VPOS="1610" WIDTH="166" HEIGHT="24" CONTENT="masses" WC="1.00" CC="003000"/>
						<SP ID="P29_SP00135" HPOS="2224" VPOS="1639" WIDTH="32"/>
						<String ID="P29_ST00153" HPOS="2256" VPOS="1609" WIDTH="22" HEIGHT="25" CONTENT="«" WC="0.55" CC="4"/>
						<SP ID="P29_SP00136" HPOS="2278" VPOS="1639" WIDTH="30"/>
						<String ID="P29_ST00154" HPOS="2308" VPOS="1592" WIDTH="97" HEIGHT="42" CONTENT="cubi" SUBS_TYPE="HypPart1" SUBS_CONTENT="cubiques" WC="0.99" CC="2002"/>
						<HYP HPOS="2405" VPOS="1592" WIDTH="24" CONTENT="-"/>
					</TextLine>
					<TextLine ID="P29_TL00019" HPOS="436" VPOS="1663" WIDTH="1996" HEIGHT="52">
						<String ID="P29_ST00155" HPOS="436" VPOS="1680" WIDTH="108" HEIGHT="33" CONTENT="ques" SUBS_TYPE="HypPart2" SUBS_CONTENT="cubiques" WC="0.99" CC="0400"/>
						<SP ID="P29_SP00137" HPOS="544" VPOS="1713" WIDTH="35"/>
						<String ID="P29_ST00156" HPOS="579" VPOS="1678" WIDTH="40" HEIGHT="30" CONTENT="»," WC="0.58" CC="34"/>
						<SP ID="P29_SP00138" HPOS="619" VPOS="1713" WIDTH="35"/>
						<String ID="P29_ST00157" HPOS="654" VPOS="1681" WIDTH="88" HEIGHT="23" CONTENT="aux" WC="0.98" CC="005"/>
						<SP ID="P29_SP00139" HPOS="742" VPOS="1713" WIDTH="32"/>
						<String ID="P29_ST00158" HPOS="774" VPOS="1663" WIDTH="198" HEIGHT="50" CONTENT="rythmes" WC="1.00" CC="0000000"/>
						<SP ID="P29_SP00140" HPOS="972" VPOS="1713" WIDTH="32"/>
						<String ID="P29_ST00159" HPOS="1004" VPOS="1667" WIDTH="343" HEIGHT="47" CONTENT="géométriques," WC="1.00" CC="0000503200000"/>
						<SP ID="P29_SP00141" HPOS="1347" VPOS="1714" WIDTH="38"/>
						<String ID="P29_ST00160" HPOS="1385" VPOS="1681" WIDTH="100" HEIGHT="24" CONTENT="vers" WC="1.00" CC="0020"/>
						<SP ID="P29_SP00142" HPOS="1485" VPOS="1714" WIDTH="34"/>
						<String ID="P29_ST00161" HPOS="1519" VPOS="1664" WIDTH="145" HEIGHT="50" CONTENT="lequel" WC="1.00" CC="300000"/>
						<SP ID="P29_SP00143" HPOS="1664" VPOS="1714" WIDTH="34"/>
						<String ID="P29_ST00162" HPOS="1698" VPOS="1676" WIDTH="276" HEIGHT="39" CONTENT="convergent" WC="1.00" CC="0300009000"/>
						<SP ID="P29_SP00144" HPOS="1974" VPOS="1715" WIDTH="33"/>
						<String ID="P29_ST00163" HPOS="2007" VPOS="1676" WIDTH="99" HEIGHT="30" CONTENT="tous" WC="1.00" CC="0100"/>
						<SP ID="P29_SP00145" HPOS="2106" VPOS="1715" WIDTH="35"/>
						<String ID="P29_ST00164" HPOS="2141" VPOS="1665" WIDTH="61" HEIGHT="41" CONTENT="les" WC="0.98" CC="500"/>
						<SP ID="P29_SP00146" HPOS="2202" VPOS="1715" WIDTH="37"/>
						<String ID="P29_ST00165" HPOS="2239" VPOS="1665" WIDTH="193" HEIGHT="42" CONTENT="facteurs" WC="1.00" CC="50000040"/>
					</TextLine>
					<TextLine ID="P29_TL00020" HPOS="436" VPOS="1735" WIDTH="1994" HEIGHT="53">
						<String ID="P29_ST00166" HPOS="436" VPOS="1735" WIDTH="415" HEIGHT="50" CONTENT="architectoniques," WC="0.81" CC="50005000000360044"/>
						<SP ID="P29_SP00147" HPOS="851" VPOS="1785" WIDTH="37"/>
						<String ID="P29_ST00167" HPOS="888" VPOS="1735" WIDTH="302" HEIGHT="42" CONTENT="fonctionnels" WC="1.00" CC="600103000002"/>
						<SP ID="P29_SP00148" HPOS="1190" VPOS="1785" WIDTH="30"/>
						<String ID="P29_ST00168" HPOS="1220" VPOS="1747" WIDTH="44" HEIGHT="31" CONTENT="et" WC="1.00" CC="00"/>
						<SP ID="P29_SP00149" HPOS="1264" VPOS="1785" WIDTH="31"/>
						<String ID="P29_ST00169" HPOS="1295" VPOS="1739" WIDTH="182" HEIGHT="39" CONTENT="sociaux" WC="0.99" CC="2025009"/>
						<SP ID="P29_SP00150" HPOS="1477" VPOS="1785" WIDTH="31"/>
						<String ID="P29_ST00170" HPOS="1508" VPOS="1747" WIDTH="45" HEIGHT="31" CONTENT="et" WC="1.00" CC="00"/>
						<SP ID="P29_SP00151" HPOS="1553" VPOS="1785" WIDTH="30"/>
						<String ID="P29_ST00171" HPOS="1583" VPOS="1735" WIDTH="271" HEIGHT="52" CONTENT="esthétiques" WC="1.00" CC="00075030002"/>
						<SP ID="P29_SP00152" HPOS="1854" VPOS="1787" WIDTH="32"/>
						<String ID="P29_ST00172" HPOS="1886" VPOS="1737" WIDTH="57" HEIGHT="41" CONTENT="de" WC="1.00" CC="00"/>
						<SP ID="P29_SP00153" HPOS="1943" VPOS="1787" WIDTH="32"/>
						<String ID="P29_ST00173" HPOS="1975" VPOS="1737" WIDTH="168" HEIGHT="41" CONTENT="l'heure" WC="0.99" CC="4400020"/>
						<SP ID="P29_SP00154" HPOS="2143" VPOS="1787" WIDTH="31"/>
						<String ID="P29_ST00174" HPOS="2174" VPOS="1740" WIDTH="208" HEIGHT="48" CONTENT="présente" WC="1.00" CC="04000000"/>
						<SP ID="P29_SP00155" HPOS="2382" VPOS="1788" WIDTH="39"/>
						<String ID="P29_ST00175" HPOS="2421" VPOS="1755" WIDTH="9" HEIGHT="24" CONTENT=":" WC="1.00" CC="0"/>
					</TextLine>
					<TextLine ID="P29_TL00021" HPOS="436" VPOS="1807" WIDTH="1998" HEIGHT="50">
						<String ID="P29_ST00176" HPOS="436" VPOS="1810" WIDTH="185" HEIGHT="38" CONTENT="toitures" WC="0.99" CC="00703300"/>
						<SP ID="P29_SP00156" HPOS="621" VPOS="1848" WIDTH="35"/>
						<String ID="P29_ST00177" HPOS="656" VPOS="1807" WIDTH="163" HEIGHT="50" CONTENT="plates;" WC="1.00" CC="0300005"/>
						<SP ID="P29_SP00157" HPOS="819" VPOS="1857" WIDTH="37"/>
						<String ID="P29_ST00178" HPOS="856" VPOS="1811" WIDTH="248" HEIGHT="38" CONTENT="matériaux" WC="1.00" CC="000000000"/>
						<SP ID="P29_SP00158" HPOS="1104" VPOS="1857" WIDTH="35"/>
						<String ID="P29_ST00179" HPOS="1139" VPOS="1825" WIDTH="260" HEIGHT="30" CONTENT="nouveaux;" WC="1.00" CC="000000501"/>
						<SP ID="P29_SP00159" HPOS="1399" VPOS="1857" WIDTH="38"/>
						<String ID="P29_ST00180" HPOS="1437" VPOS="1811" WIDTH="292" HEIGHT="46" CONTENT="mécanisme;" WC="0.99" CC="0600025005"/>
						<SP ID="P29_SP00160" HPOS="1729" VPOS="1857" WIDTH="42"/>
						<String ID="P29_ST00181" HPOS="1771" VPOS="1809" WIDTH="203" HEIGHT="46" CONTENT="division," WC="1.00" CC="040503000"/>
						<SP ID="P29_SP00161" HPOS="1974" VPOS="1857" WIDTH="39"/>
						<String ID="P29_ST00182" HPOS="2013" VPOS="1813" WIDTH="339" HEIGHT="38" CONTENT="concentration" WC="1.00" CC="0000000400330"/>
						<SP ID="P29_SP00162" HPOS="2352" VPOS="1857" WIDTH="37"/>
						<String ID="P29_ST00183" HPOS="2389" VPOS="1820" WIDTH="45" HEIGHT="31" CONTENT="et" WC="1.00" CC="00"/>
					</TextLine>
					<TextLine ID="P29_TL00022" HPOS="435" VPOS="1879" WIDTH="1995" HEIGHT="52">
						<String ID="P29_ST00184" HPOS="435" VPOS="1879" WIDTH="268" HEIGHT="42" CONTENT="collectivité" WC="0.99" CC="700500040206"/>
						<SP ID="P29_SP00163" HPOS="703" VPOS="1921" WIDTH="29"/>
						<String ID="P29_ST00185" HPOS="732" VPOS="1879" WIDTH="59" HEIGHT="41" CONTENT="du" WC="1.00" CC="00"/>
						<SP ID="P29_SP00164" HPOS="791" VPOS="1921" WIDTH="26"/>
						<String ID="P29_ST00186" HPOS="817" VPOS="1879" WIDTH="178" HEIGHT="48" CONTENT="travail;" WC="0.99" CC="04000425"/>
						<SP ID="P29_SP00165" HPOS="995" VPOS="1927" WIDTH="28"/>
						<String ID="P29_ST00187" HPOS="1023" VPOS="1880" WIDTH="270" HEIGHT="42" CONTENT="collectivité" WC="1.00" CC="003000000206"/>
						<SP ID="P29_SP00166" HPOS="1293" VPOS="1927" WIDTH="27"/>
						<String ID="P29_ST00188" HPOS="1320" VPOS="1881" WIDTH="58" HEIGHT="41" CONTENT="de" WC="1.00" CC="00"/>
						<SP ID="P29_SP00167" HPOS="1378" VPOS="1927" WIDTH="26"/>
						<String ID="P29_ST00189" HPOS="1404" VPOS="1880" WIDTH="304" HEIGHT="49" CONTENT="l'habitation;" WC="1.00" CC="0400060003000"/>
						<SP ID="P29_SP00168" HPOS="1708" VPOS="1929" WIDTH="32"/>
						<String ID="P29_ST00190" HPOS="1740" VPOS="1897" WIDTH="24" HEIGHT="25" CONTENT="«" WC="0.35" CC="6"/>
						<SP ID="P29_SP00169" HPOS="1764" VPOS="1929" WIDTH="29"/>
						<String ID="P29_ST00191" HPOS="1793" VPOS="1881" WIDTH="303" HEIGHT="50" CONTENT="sky-scrapers" WC="0.84" CC="000407700000"/>
						<SP ID="P29_SP00170" HPOS="2096" VPOS="1931" WIDTH="28"/>
						<String ID="P29_ST00192" HPOS="2124" VPOS="1897" WIDTH="47" HEIGHT="33" CONTENT="»;" WC="0.50" CC="63"/>
						<SP ID="P29_SP00171" HPOS="2171" VPOS="1931" WIDTH="30"/>
						<String ID="P29_ST00193" HPOS="2201" VPOS="1893" WIDTH="68" HEIGHT="31" CONTENT="art" WC="1.00" CC="000"/>
						<SP ID="P29_SP00172" HPOS="2269" VPOS="1931" WIDTH="28"/>
						<String ID="P29_ST00194" HPOS="2297" VPOS="1882" WIDTH="107" HEIGHT="42" CONTENT="déco" SUBS_TYPE="HypPart1" SUBS_CONTENT="décoratif" WC="0.97" CC="9009"/>
						<HYP HPOS="2404" VPOS="1882" WIDTH="26" CONTENT="-"/>
					</TextLine>
					<TextLine ID="P29_TL00023" HPOS="436" VPOS="1952" WIDTH="1995" HEIGHT="52">
						<String ID="P29_ST00195" HPOS="436" VPOS="1952" WIDTH="102" HEIGHT="41" CONTENT="ratif" SUBS_TYPE="HypPart2" SUBS_CONTENT="décoratif" WC="0.98" CC="00056"/>
						<SP ID="P29_SP00173" HPOS="538" VPOS="1993" WIDTH="34"/>
						<String ID="P29_ST00196" HPOS="572" VPOS="1969" WIDTH="209" HEIGHT="24" CONTENT="nouveau" WC="0.99" CC="0040005"/>
						<SP ID="P29_SP00174" HPOS="781" VPOS="1993" WIDTH="33"/>
						<String ID="P29_ST00197" HPOS="814" VPOS="1956" WIDTH="25" HEIGHT="37" CONTENT="à" WC="0.34" CC="6"/>
						<SP ID="P29_SP00175" HPOS="839" VPOS="1993" WIDTH="34"/>
						<String ID="P29_ST00198" HPOS="873" VPOS="1956" WIDTH="226" HEIGHT="38" CONTENT="caractère" WC="1.00" CC="000000600"/>
						<SP ID="P29_SP00176" HPOS="1099" VPOS="1994" WIDTH="33"/>
						<String ID="P29_ST00199" HPOS="1132" VPOS="1953" WIDTH="205" HEIGHT="48" CONTENT="abstrait;" WC="1.00" CC="000000304"/>
						<SP ID="P29_SP00177" HPOS="1337" VPOS="2001" WIDTH="38"/>
						<String ID="P29_ST00200" HPOS="1375" VPOS="1956" WIDTH="215" HEIGHT="38" CONTENT="nécessité" WC="0.99" CC="050000506"/>
						<SP ID="P29_SP00178" HPOS="1590" VPOS="2001" WIDTH="35"/>
						<String ID="P29_ST00201" HPOS="1625" VPOS="1954" WIDTH="57" HEIGHT="40" CONTENT="de" WC="1.00" CC="00"/>
						<SP ID="P29_SP00179" HPOS="1682" VPOS="2001" WIDTH="35"/>
						<String ID="P29_ST00202" HPOS="1717" VPOS="1971" WIDTH="167" HEIGHT="33" CONTENT="gagner" WC="0.99" CC="000014"/>
						<SP ID="P29_SP00180" HPOS="1884" VPOS="2004" WIDTH="36"/>
						<String ID="P29_ST00203" HPOS="1920" VPOS="1954" WIDTH="59" HEIGHT="41" CONTENT="du" WC="1.00" CC="00"/>
						<SP ID="P29_SP00181" HPOS="1979" VPOS="2004" WIDTH="37"/>
						<String ID="P29_ST00204" HPOS="2016" VPOS="1965" WIDTH="145" HEIGHT="39" CONTENT="temps" WC="1.00" CC="00000"/>
						<SP ID="P29_SP00182" HPOS="2161" VPOS="2004" WIDTH="34"/>
						<String ID="P29_ST00205" HPOS="2195" VPOS="1966" WIDTH="44" HEIGHT="30" CONTENT="et" WC="1.00" CC="00"/>
						<SP ID="P29_SP00183" HPOS="2239" VPOS="2004" WIDTH="35"/>
						<String ID="P29_ST00206" HPOS="2274" VPOS="1954" WIDTH="157" HEIGHT="42" CONTENT="besoin" WC="0.99" CC="000270"/>
					</TextLine>
					<TextLine ID="P29_TL00024" HPOS="435" VPOS="2025" WIDTH="1997" HEIGHT="52">
						<String ID="P29_ST00207" HPOS="435" VPOS="2027" WIDTH="259" HEIGHT="47" CONTENT="impérieux," WC="0.99" CC="5005020500"/>
						<SP ID="P29_SP00184" HPOS="694" VPOS="2074" WIDTH="32"/>
						<String ID="P29_ST00208" HPOS="726" VPOS="2025" WIDTH="270" HEIGHT="49" CONTENT="cependant," WC="1.00" CC="0000000004"/>
						<SP ID="P29_SP00185" HPOS="996" VPOS="2074" WIDTH="34"/>
						<String ID="P29_ST00209" HPOS="1030" VPOS="2025" WIDTH="58" HEIGHT="41" CONTENT="de" WC="1.00" CC="00"/>
						<SP ID="P29_SP00186" HPOS="1088" VPOS="2074" WIDTH="29"/>
						<String ID="P29_ST00210" HPOS="1117" VPOS="2025" WIDTH="163" HEIGHT="41" CONTENT="beauté" WC="0.99" CC="000006"/>
						<SP ID="P29_SP00187" HPOS="1280" VPOS="2074" WIDTH="31"/>
						<String ID="P29_ST00211" HPOS="1311" VPOS="2025" WIDTH="209" HEIGHT="51" CONTENT="générale" WC="0.99" CC="07063040"/>
						<SP ID="P29_SP00188" HPOS="1520" VPOS="2076" WIDTH="31"/>
						<String ID="P29_ST00212" HPOS="1551" VPOS="2025" WIDTH="196" HEIGHT="42" CONTENT="obtenue" WC="1.00" CC="0000000"/>
						<SP ID="P29_SP00189" HPOS="1747" VPOS="2076" WIDTH="31"/>
						<String ID="P29_ST00213" HPOS="1778" VPOS="2026" WIDTH="59" HEIGHT="41" CONTENT="de" WC="1.00" CC="00"/>
						<SP ID="P29_SP00190" HPOS="1837" VPOS="2076" WIDTH="33"/>
						<String ID="P29_ST00214" HPOS="1870" VPOS="2043" WIDTH="23" HEIGHT="24" CONTENT="«" WC="0.55" CC="4"/>
						<SP ID="P29_SP00191" HPOS="1893" VPOS="2076" WIDTH="34"/>
						<String ID="P29_ST00215" HPOS="1927" VPOS="2025" WIDTH="175" HEIGHT="52" CONTENT="rythme" WC="1.00" CC="400000"/>
						<SP ID="P29_SP00192" HPOS="2102" VPOS="2077" WIDTH="31"/>
						<String ID="P29_ST00216" HPOS="2133" VPOS="2043" WIDTH="23" HEIGHT="25" CONTENT="»" WC="0.55" CC="4"/>
						<SP ID="P29_SP00193" HPOS="2156" VPOS="2077" WIDTH="38"/>
						<String ID="P29_ST00217" HPOS="2194" VPOS="2027" WIDTH="58" HEIGHT="41" CONTENT="du" WC="1.00" CC="00"/>
						<SP ID="P29_SP00194" HPOS="2252" VPOS="2077" WIDTH="32"/>
						<String ID="P29_ST00218" HPOS="2284" VPOS="2031" WIDTH="148" HEIGHT="37" CONTENT="même" WC="0.99" CC="0600"/>
					</TextLine>
					<TextLine ID="P29_TL00025" HPOS="434" VPOS="2096" WIDTH="1999" HEIGHT="53">
						<String ID="P29_ST00219" HPOS="434" VPOS="2113" WIDTH="117" HEIGHT="34" CONTENT="coup" WC="1.00" CC="0000"/>
						<SP ID="P29_SP00195" HPOS="551" VPOS="2147" WIDTH="36"/>
						<String ID="P29_ST00220" HPOS="587" VPOS="2096" WIDTH="57" HEIGHT="41" CONTENT="de" WC="0.95" CC="00"/>
						<SP ID="P29_SP00196" HPOS="644" VPOS="2147" WIDTH="31"/>
						<String ID="P29_ST00221" HPOS="675" VPOS="2114" WIDTH="168" HEIGHT="33" CONTENT="crayon" WC="1.00" CC="040000"/>
						<SP ID="P29_SP00197" HPOS="843" VPOS="2147" WIDTH="35"/>
						<String ID="P29_ST00222" HPOS="878" VPOS="2114" WIDTH="86" HEIGHT="34" CONTENT="que" WC="0.98" CC="600"/>
						<SP ID="P29_SP00198" HPOS="964" VPOS="2148" WIDTH="33"/>
						<String ID="P29_ST00223" HPOS="997" VPOS="2098" WIDTH="42" HEIGHT="40" CONTENT="le" WC="0.94" CC="10"/>
						<SP ID="P29_SP00199" HPOS="1039" VPOS="2148" WIDTH="31"/>
						<String ID="P29_ST00224" HPOS="1070" VPOS="2097" WIDTH="176" HEIGHT="50" CONTENT="rythme" WC="1.00" CC="400000"/>
						<SP ID="P29_SP00200" HPOS="1246" VPOS="2148" WIDTH="31"/>
						<String ID="P29_ST00225" HPOS="1277" VPOS="2098" WIDTH="276" HEIGHT="47" CONTENT="constructif»" WC="0.68" CC="406002030666"/>
						<SP ID="P29_SP00201" HPOS="1553" VPOS="2148" WIDTH="37"/>
						<String ID="P29_ST00226" HPOS="1590" VPOS="2101" WIDTH="204" HEIGHT="48" CONTENT="statique," WC="0.99" CC="000360004"/>
						<SP ID="P29_SP00202" HPOS="1794" VPOS="2149" WIDTH="38"/>
						<String ID="P29_ST00227" HPOS="1832" VPOS="2109" WIDTH="44" HEIGHT="31" CONTENT="et" WC="1.00" CC="00"/>
						<SP ID="P29_SP00203" HPOS="1876" VPOS="2149" WIDTH="32"/>
						<String ID="P29_ST00228" HPOS="1908" VPOS="2116" WIDTH="92" HEIGHT="24" CONTENT="non" WC="1.00" CC="000"/>
						<SP ID="P29_SP00204" HPOS="2000" VPOS="2149" WIDTH="34"/>
						<String ID="P29_ST00229" HPOS="2034" VPOS="2098" WIDTH="99" HEIGHT="51" CONTENT="plus" WC="0.98" CC="0604"/>
						<SP ID="P29_SP00205" HPOS="2133" VPOS="2149" WIDTH="34"/>
						<String ID="P29_ST00230" HPOS="2167" VPOS="2098" WIDTH="266" HEIGHT="42" CONTENT="recherchée" WC="1.00" CC="6000020050"/>
					</TextLine>
					<TextLine ID="P29_TL00026" HPOS="435" VPOS="2168" WIDTH="1555" HEIGHT="51">
						<String ID="P29_ST00231" HPOS="435" VPOS="2168" WIDTH="111" HEIGHT="42" CONTENT="dans" WC="1.00" CC="0000"/>
						<SP ID="P29_SP00206" HPOS="546" VPOS="2210" WIDTH="28"/>
						<String ID="P29_ST00232" HPOS="574" VPOS="2168" WIDTH="40" HEIGHT="42" CONTENT="la" WC="1.00" CC="00"/>
						<SP ID="P29_SP00207" HPOS="614" VPOS="2210" WIDTH="27"/>
						<String ID="P29_ST00233" HPOS="641" VPOS="2173" WIDTH="285" HEIGHT="46" CONTENT="superstition" WC="1.00" CC="000000020620"/>
						<SP ID="P29_SP00208" HPOS="926" VPOS="2219" WIDTH="38"/>
						<String ID="P29_ST00234" HPOS="964" VPOS="2170" WIDTH="56" HEIGHT="42" CONTENT="de" WC="1.00" CC="00"/>
						<SP ID="P29_SP00209" HPOS="1020" VPOS="2219" WIDTH="29"/>
						<String ID="P29_ST00235" HPOS="1049" VPOS="2170" WIDTH="40" HEIGHT="41" CONTENT="la" WC="0.84" CC="30"/>
						<SP ID="P29_SP00210" HPOS="1089" VPOS="2219" WIDTH="29"/>
						<String ID="P29_ST00236" HPOS="1118" VPOS="2170" WIDTH="163" HEIGHT="42" CONTENT="beauté" WC="0.99" CC="000006"/>
						<SP ID="P29_SP00211" HPOS="1281" VPOS="2219" WIDTH="27"/>
						<String ID="P29_ST00237" HPOS="1308" VPOS="2170" WIDTH="335" HEIGHT="43" CONTENT="individualiste" WC="1.00" CC="40030705005000"/>
						<SP ID="P29_SP00212" HPOS="1643" VPOS="2219" WIDTH="27"/>
						<String ID="P29_ST00238" HPOS="1670" VPOS="2170" WIDTH="320" HEIGHT="43" CONTENT="ornementale." WC="1.00" CC="100000000004"/>
					</TextLine>
					<TextLine ID="P29_TL00027" HPOS="569" VPOS="2242" WIDTH="1861" HEIGHT="51">
						<String ID="P29_ST00239" HPOS="569" VPOS="2242" WIDTH="85" HEIGHT="41" CONTENT="Ces" WC="1.00" CC="000"/>
						<SP ID="P29_SP00213" HPOS="654" VPOS="2283" WIDTH="29"/>
						<String ID="P29_ST00240" HPOS="683" VPOS="2242" WIDTH="101" HEIGHT="41" CONTENT="faits" WC="0.99" CC="60300"/>
						<SP ID="P29_SP00214" HPOS="784" VPOS="2283" WIDTH="28"/>
						<String ID="P29_ST00241" HPOS="812" VPOS="2242" WIDTH="193" HEIGHT="41" CONTENT="éclatent" WC="1.00" CC="60300000"/>
						<SP ID="P29_SP00215" HPOS="1005" VPOS="2283" WIDTH="29"/>
						<String ID="P29_ST00242" HPOS="1034" VPOS="2243" WIDTH="58" HEIGHT="40" CONTENT="de" WC="1.00" CC="00"/>
						<SP ID="P29_SP00216" HPOS="1092" VPOS="2283" WIDTH="27"/>
						<String ID="P29_ST00243" HPOS="1119" VPOS="2242" WIDTH="41" HEIGHT="42" CONTENT="la" WC="0.81" CC="30"/>
						<SP ID="P29_SP00217" HPOS="1160" VPOS="2284" WIDTH="28"/>
						<String ID="P29_ST00244" HPOS="1188" VPOS="2246" WIDTH="316" HEIGHT="47" CONTENT="comparaison" WC="0.99" CC="60000605300"/>
						<SP ID="P29_SP00218" HPOS="1504" VPOS="2293" WIDTH="30"/>
						<String ID="P29_ST00245" HPOS="1534" VPOS="2243" WIDTH="78" HEIGHT="42" CONTENT="des" WC="1.00" CC="000"/>
						<SP ID="P29_SP00219" HPOS="1612" VPOS="2293" WIDTH="27"/>
						<String ID="P29_ST00246" HPOS="1639" VPOS="2242" WIDTH="311" HEIGHT="43" CONTENT="architectures" WC="1.00" CC="0407300000407" STYLEREFS="TXT_4"/>
						<SP ID="P29_SP00220" HPOS="1950" VPOS="2293" WIDTH="30"/>
						<String ID="P29_ST00247" HPOS="1980" VPOS="2244" WIDTH="298" HEIGHT="41" CONTENT="modernistes" WC="1.00" CC="01000070006"/>
						<SP ID="P29_SP00221" HPOS="2278" VPOS="2293" WIDTH="30"/>
						<String ID="P29_ST00248" HPOS="2308" VPOS="2248" WIDTH="98" HEIGHT="38" CONTENT="néer" SUBS_TYPE="HypPart1" SUBS_CONTENT="néerlandaise" WC="0.98" CC="0603"/>
						<HYP HPOS="2406" VPOS="2248" WIDTH="24" CONTENT="-"/>
					</TextLine>
					<TextLine ID="P29_TL00028" HPOS="436" VPOS="2314" WIDTH="1992" HEIGHT="52">
						<String ID="P29_ST00249" HPOS="436" VPOS="2314" WIDTH="201" HEIGHT="41" CONTENT="landaise" SUBS_TYPE="HypPart2" SUBS_CONTENT="néerlandaise" WC="0.99" CC="36800300"/>
						<SP ID="P29_SP00222" HPOS="637" VPOS="2355" WIDTH="38"/>
						<String ID="P29_ST00250" HPOS="675" VPOS="2340" WIDTH="13" HEIGHT="6" CONTENT="-" WC="0.55" CC="4"/>
						<SP ID="P29_SP00223" HPOS="688" VPOS="2355" WIDTH="41"/>
						<String ID="P29_ST00251" HPOS="729" VPOS="2314" WIDTH="38" HEIGHT="41" CONTENT="la" WC="0.53" CC="45"/>
						<SP ID="P29_SP00224" HPOS="767" VPOS="2355" WIDTH="40"/>
						<String ID="P29_ST00252" HPOS="807" VPOS="2318" WIDTH="221" HEIGHT="47" CONTENT="première" WC="0.99" CC="00003610"/>
						<SP ID="P29_SP00225" HPOS="1028" VPOS="2365" WIDTH="40"/>
						<String ID="P29_ST00253" HPOS="1068" VPOS="2316" WIDTH="56" HEIGHT="40" CONTENT="de" WC="1.00" CC="00"/>
						<SP ID="P29_SP00226" HPOS="1124" VPOS="2365" WIDTH="40"/>
						<String ID="P29_ST00254" HPOS="1164" VPOS="2326" WIDTH="144" HEIGHT="30" CONTENT="toutes" WC="0.98" CC="008607"/>
						<SP ID="P29_SP00227" HPOS="1308" VPOS="2365" WIDTH="38"/>
						<String ID="P29_ST00255" HPOS="1346" VPOS="2340" WIDTH="29" HEIGHT="21" CONTENT="-," WC="0.61" CC="43"/>
						<SP ID="P29_SP00228" HPOS="1375" VPOS="2365" WIDTH="43"/>
						<String ID="P29_ST00256" HPOS="1418" VPOS="2319" WIDTH="268" HEIGHT="37" CONTENT="américaine" WC="0.99" CC="8062300330"/>
						<SP ID="P29_SP00229" HPOS="1686" VPOS="2365" WIDTH="47"/>
						<String ID="P29_ST00257" HPOS="1733" VPOS="2314" WIDTH="172" HEIGHT="52" CONTENT="(Frank" WC="0.99" CC="213002"/>
						<SP ID="P29_SP00230" HPOS="1905" VPOS="2366" WIDTH="36"/>
						<String ID="P29_ST00258" HPOS="1941" VPOS="2315" WIDTH="223" HEIGHT="51" CONTENT="Wright)," WC="0.98" CC="69690007"/>
						<SP ID="P29_SP00231" HPOS="2164" VPOS="2366" WIDTH="42"/>
						<String ID="P29_ST00259" HPOS="2206" VPOS="2316" WIDTH="222" HEIGHT="47" CONTENT="italienne," WC="1.00" CC="6000600001"/>
					</TextLine>
					<TextLine ID="P29_TL00029" HPOS="436" VPOS="2385" WIDTH="1992" HEIGHT="53">
						<String ID="P29_ST00260" HPOS="436" VPOS="2387" WIDTH="218" HEIGHT="49" CONTENT="française" WC="0.99" CC="645030000"/>
						<SP ID="P29_SP00232" HPOS="654" VPOS="2436" WIDTH="40"/>
						<String ID="P29_ST00261" HPOS="694" VPOS="2385" WIDTH="155" HEIGHT="51" CONTENT="(Tony" WC="0.99" CC="44000"/>
						<SP ID="P29_SP00233" HPOS="849" VPOS="2436" WIDTH="33"/>
						<String ID="P29_ST00262" HPOS="882" VPOS="2387" WIDTH="235" HEIGHT="51" CONTENT="Garnier)," WC="0.71" CC="605040404"/>
						<SP ID="P29_SP00234" HPOS="1117" VPOS="2438" WIDTH="38"/>
						<String ID="P29_ST00263" HPOS="1155" VPOS="2387" WIDTH="198" HEIGHT="46" CONTENT="danoise," WC="0.99" CC="00091004"/>
						<SP ID="P29_SP00235" HPOS="1353" VPOS="2438" WIDTH="37"/>
						<String ID="P29_ST00264" HPOS="1390" VPOS="2387" WIDTH="285" HEIGHT="47" CONTENT="Scandinave," WC="1.00" CC="50000710004" STYLEREFS="TXT_5"/>
						<SP ID="P29_SP00236" HPOS="1675" VPOS="2438" WIDTH="38"/>
						<String ID="P29_ST00265" HPOS="1713" VPOS="2388" WIDTH="277" HEIGHT="46" CONTENT="finlandaise," WC="1.00" CC="110000005004" STYLEREFS="TXT_5"/>
						<SP ID="P29_SP00237" HPOS="1990" VPOS="2438" WIDTH="37"/>
						<String ID="P29_ST00266" HPOS="2027" VPOS="2392" WIDTH="148" HEIGHT="44" CONTENT="suisse," WC="1.00" CC="0040003"/>
						<SP ID="P29_SP00238" HPOS="2175" VPOS="2438" WIDTH="38"/>
						<String ID="P29_ST00267" HPOS="2213" VPOS="2400" WIDTH="97" HEIGHT="36" CONTENT="etc.," WC="0.98" CC="07034"/>
						<SP ID="P29_SP00239" HPOS="2310" VPOS="2438" WIDTH="37"/>
						<String ID="P29_ST00268" HPOS="2347" VPOS="2400" WIDTH="81" HEIGHT="31" CONTENT="etc." WC="0.99" CC="0004"/>
					</TextLine>
					<TextLine ID="P29_TL00030" HPOS="569" VPOS="2530" WIDTH="1861" HEIGHT="52">
						<String ID="P29_ST00269" HPOS="569" VPOS="2530" WIDTH="29" HEIGHT="42" CONTENT="11" WC="0.80" CC="40"/>
						<SP ID="P29_SP00240" HPOS="598" VPOS="2572" WIDTH="33"/>
						<String ID="P29_ST00270" HPOS="631" VPOS="2542" WIDTH="114" HEIGHT="30" CONTENT="reste" WC="1.00" CC="10000"/>
						<SP ID="P29_SP00241" HPOS="745" VPOS="2572" WIDTH="31"/>
						<String ID="P29_ST00271" HPOS="776" VPOS="2548" WIDTH="161" HEIGHT="24" CONTENT="encore" WC="0.99" CC="000530"/>
						<SP ID="P29_SP00242" HPOS="937" VPOS="2572" WIDTH="30"/>
						<String ID="P29_ST00272" HPOS="967" VPOS="2534" WIDTH="26" HEIGHT="38" CONTENT="à" WC="0.37" CC="6"/>
						<SP ID="P29_SP00243" HPOS="993" VPOS="2572" WIDTH="30"/>
						<String ID="P29_ST00273" HPOS="1023" VPOS="2535" WIDTH="283" HEIGHT="38" CONTENT="mentionner" WC="1.00" CC="0000600000"/>
						<SP ID="P29_SP00244" HPOS="1306" VPOS="2573" WIDTH="31"/>
						<String ID="P29_ST00274" HPOS="1337" VPOS="2551" WIDTH="55" HEIGHT="22" CONTENT="au" WC="0.86" CC="02"/>
						<SP ID="P29_SP00245" HPOS="1392" VPOS="2573" WIDTH="33"/>
						<String ID="P29_ST00275" HPOS="1425" VPOS="2536" WIDTH="127" HEIGHT="46" CONTENT="point" WC="0.98" CC="02206"/>
						<SP ID="P29_SP00246" HPOS="1552" VPOS="2582" WIDTH="33"/>
						<String ID="P29_ST00276" HPOS="1585" VPOS="2533" WIDTH="55" HEIGHT="40" CONTENT="de" WC="1.00" CC="00"/>
						<SP ID="P29_SP00247" HPOS="1640" VPOS="2582" WIDTH="31"/>
						<String ID="P29_ST00277" HPOS="1671" VPOS="2549" WIDTH="86" HEIGHT="25" CONTENT="vue" WC="0.97" CC="070"/>
						<SP ID="P29_SP00248" HPOS="1757" VPOS="2582" WIDTH="33"/>
						<String ID="P29_ST00278" HPOS="1790" VPOS="2533" WIDTH="57" HEIGHT="40" CONTENT="de" WC="1.00" CC="00"/>
						<SP ID="P29_SP00249" HPOS="1847" VPOS="2582" WIDTH="31"/>
						<String ID="P29_ST00279" HPOS="1878" VPOS="2533" WIDTH="40" HEIGHT="41" CONTENT="la" WC="0.53" CC="17"/>
						<SP ID="P29_SP00250" HPOS="1918" VPOS="2582" WIDTH="34"/>
						<String ID="P29_ST00280" HPOS="1952" VPOS="2533" WIDTH="313" HEIGHT="42" CONTENT="Restauration" WC="0.99" CC="032506455376" STYLEREFS="TXT_3"/>
						<SP ID="P29_SP00251" HPOS="2265" VPOS="2582" WIDTH="32"/>
						<String ID="P29_ST00281" HPOS="2297" VPOS="2542" WIDTH="44" HEIGHT="34" CONTENT="et" WC="0.65" CC="60"/>
						<SP ID="P29_SP00252" HPOS="2341" VPOS="2582" WIDTH="33"/>
						<String ID="P29_ST00282" HPOS="2374" VPOS="2533" WIDTH="56" HEIGHT="43" CONTENT="de" WC="0.63" CC="70" STYLEREFS="TXT_3"/>
					</TextLine>
					<TextLine ID="P29_TL00031" HPOS="435" VPOS="2603" WIDTH="1127" HEIGHT="43">
						<String ID="P29_ST00283" HPOS="435" VPOS="2605" WIDTH="42" HEIGHT="40" CONTENT="la" WC="0.53" CC="72" STYLEREFS="TXT_3"/>
						<SP ID="P29_SP00253" HPOS="477" VPOS="2645" WIDTH="29"/>
						<String ID="P29_ST00284" HPOS="506" VPOS="2603" WIDTH="371" HEIGHT="42" CONTENT="Reconstruction" WC="0.99" CC="03449000500459" STYLEREFS="TXT_3"/>
						<SP ID="P29_SP00254" HPOS="877" VPOS="2645" WIDTH="29"/>
						<String ID="P29_ST00285" HPOS="906" VPOS="2603" WIDTH="80" HEIGHT="42" CONTENT="des" WC="0.97" CC="600" STYLEREFS="TXT_3"/>
						<SP ID="P29_SP00255" HPOS="986" VPOS="2645" WIDTH="30"/>
						<String ID="P29_ST00286" HPOS="1016" VPOS="2605" WIDTH="292" HEIGHT="41" CONTENT="Monuments" WC="0.99" CC="050450064" STYLEREFS="TXT_3"/>
						<SP ID="P29_SP00256" HPOS="1308" VPOS="2646" WIDTH="28"/>
						<String ID="P29_ST00287" HPOS="1336" VPOS="2605" WIDTH="179" HEIGHT="41" CONTENT="anciens" WC="0.98" CC="7064006" STYLEREFS="TXT_3"/>
						<SP ID="P29_SP00257" HPOS="1515" VPOS="2646" WIDTH="37"/>
						<String ID="P29_ST00288" HPOS="1552" VPOS="2622" WIDTH="10" HEIGHT="24" CONTENT=":" WC="0.46" CC="5" STYLEREFS="TXT_3"/>
					</TextLine>
					<TextLine ID="P29_TL00032" HPOS="569" VPOS="2676" WIDTH="1861" HEIGHT="52">
						<String ID="P29_ST00289" HPOS="569" VPOS="2676" WIDTH="61" HEIGHT="41" CONTENT="Le" WC="0.68" CC="60"/>
						<SP ID="P29_SP00258" HPOS="630" VPOS="2717" WIDTH="33"/>
						<String ID="P29_ST00290" HPOS="663" VPOS="2692" WIDTH="22" HEIGHT="26" CONTENT="«" WC="0.55" CC="4"/>
						<SP ID="P29_SP00259" HPOS="685" VPOS="2718" WIDTH="32"/>
						<String ID="P29_ST00291" HPOS="717" VPOS="2676" WIDTH="131" HEIGHT="41" CONTENT="Code" WC="1.00" CC="0000"/>
						<SP ID="P29_SP00260" HPOS="848" VPOS="2718" WIDTH="29"/>
						<String ID="P29_ST00292" HPOS="877" VPOS="2676" WIDTH="222" HEIGHT="42" CONTENT="Moderne" WC="1.00" CC="0200000"/>
						<SP ID="P29_SP00261" HPOS="1099" VPOS="2718" WIDTH="32"/>
						<String ID="P29_ST00293" HPOS="1131" VPOS="2677" WIDTH="56" HEIGHT="41" CONTENT="de" WC="1.00" CC="00"/>
						<SP ID="P29_SP00262" HPOS="1187" VPOS="2718" WIDTH="30"/>
						<String ID="P29_ST00294" HPOS="1217" VPOS="2681" WIDTH="222" HEIGHT="47" CONTENT="principes" WC="1.00" CC="000004000"/>
						<SP ID="P29_SP00263" HPOS="1439" VPOS="2728" WIDTH="31"/>
						<String ID="P29_ST00295" HPOS="1470" VPOS="2690" WIDTH="43" HEIGHT="29" CONTENT="et" WC="1.00" CC="00"/>
						<SP ID="P29_SP00264" HPOS="1513" VPOS="2728" WIDTH="32"/>
						<String ID="P29_ST00296" HPOS="1545" VPOS="2678" WIDTH="57" HEIGHT="41" CONTENT="de" WC="1.00" CC="00"/>
						<SP ID="P29_SP00265" HPOS="1602" VPOS="2728" WIDTH="30"/>
						<String ID="P29_ST00297" HPOS="1632" VPOS="2681" WIDTH="316" HEIGHT="47" CONTENT="prescriptions" WC="1.00" CC="0300043002300"/>
						<SP ID="P29_SP00266" HPOS="1948" VPOS="2728" WIDTH="30"/>
						<String ID="P29_ST00298" HPOS="1978" VPOS="2695" WIDTH="114" HEIGHT="33" CONTENT="pour" WC="0.98" CC="0304"/>
						<SP ID="P29_SP00267" HPOS="2092" VPOS="2728" WIDTH="31"/>
						<String ID="P29_ST00299" HPOS="2123" VPOS="2678" WIDTH="41" HEIGHT="41" CONTENT="la" WC="1.00" CC="00"/>
						<SP ID="P29_SP00268" HPOS="2164" VPOS="2728" WIDTH="31"/>
						<String ID="P29_ST00300" HPOS="2195" VPOS="2696" WIDTH="209" HEIGHT="23" CONTENT="conserva" SUBS_TYPE="HypPart1" SUBS_CONTENT="conservation," WC="0.99" CC="60500405"/>
						<HYP HPOS="2404" VPOS="2696" WIDTH="26" CONTENT="-"/>
					</TextLine>
					<TextLine ID="P29_TL00033" HPOS="436" VPOS="2748" WIDTH="1994" HEIGHT="52">
						<String ID="P29_ST00301" HPOS="436" VPOS="2751" WIDTH="105" HEIGHT="43" CONTENT="tion," SUBS_TYPE="HypPart2" SUBS_CONTENT="conservation," WC="0.98" CC="04304"/>
						<SP ID="P29_SP00269" HPOS="541" VPOS="2794" WIDTH="31"/>
						<String ID="P29_ST00302" HPOS="572" VPOS="2748" WIDTH="39" HEIGHT="42" CONTENT="la" WC="0.54" CC="08"/>
						<SP ID="P29_SP00270" HPOS="611" VPOS="2794" WIDTH="27"/>
						<String ID="P29_ST00303" HPOS="638" VPOS="2752" WIDTH="308" HEIGHT="44" CONTENT="restauration," WC="1.00" CC="2000000003300"/>
						<SP ID="P29_SP00271" HPOS="946" VPOS="2796" WIDTH="29"/>
						<String ID="P29_ST00304" HPOS="975" VPOS="2749" WIDTH="41" HEIGHT="42" CONTENT="le" WC="0.96" CC="00"/>
						<SP ID="P29_SP00272" HPOS="1016" VPOS="2796" WIDTH="24"/>
						<String ID="P29_ST00305" HPOS="1040" VPOS="2749" WIDTH="217" HEIGHT="51" CONTENT="réemploi" WC="0.99" CC="35000026"/>
						<SP ID="P29_SP00273" HPOS="1257" VPOS="2800" WIDTH="28"/>
						<String ID="P29_ST00306" HPOS="1285" VPOS="2768" WIDTH="57" HEIGHT="23" CONTENT="ou" WC="0.98" CC="00"/>
						<SP ID="P29_SP00274" HPOS="1342" VPOS="2800" WIDTH="26"/>
						<String ID="P29_ST00307" HPOS="1368" VPOS="2749" WIDTH="419" HEIGHT="51" CONTENT="l'agrandissement" WC="1.00" CC="0309000030010000"/>
						<SP ID="P29_SP00275" HPOS="1787" VPOS="2800" WIDTH="27"/>
						<String ID="P29_ST00308" HPOS="1814" VPOS="2751" WIDTH="79" HEIGHT="41" CONTENT="des" WC="1.00" CC="000"/>
						<SP ID="P29_SP00276" HPOS="1893" VPOS="2800" WIDTH="25"/>
						<String ID="P29_ST00309" HPOS="1918" VPOS="2754" WIDTH="326" HEIGHT="39" CONTENT="constructions" WC="1.00" CC="0253000005400"/>
						<SP ID="P29_SP00277" HPOS="2244" VPOS="2800" WIDTH="26"/>
						<String ID="P29_ST00310" HPOS="2270" VPOS="2763" WIDTH="43" HEIGHT="30" CONTENT="et" WC="1.00" CC="00"/>
						<SP ID="P29_SP00278" HPOS="2313" VPOS="2800" WIDTH="27"/>
						<String ID="P29_ST00311" HPOS="2340" VPOS="2752" WIDTH="68" HEIGHT="41" CONTENT="édi" SUBS_TYPE="HypPart1" SUBS_CONTENT="édifices" WC="0.96" CC="606"/>
						<HYP HPOS="2408" VPOS="2752" WIDTH="22" CONTENT="-"/>
					</TextLine>
					<TextLine ID="P29_TL00034" HPOS="438" VPOS="2820" WIDTH="1992" HEIGHT="54">
						<String ID="P29_ST00312" HPOS="438" VPOS="2821" WIDTH="103" HEIGHT="41" CONTENT="fices" SUBS_TYPE="HypPart2" SUBS_CONTENT="édifices" WC="0.99" CC="44001"/>
						<SP ID="P29_SP00279" HPOS="541" VPOS="2862" WIDTH="31"/>
						<String ID="P29_ST00313" HPOS="572" VPOS="2820" WIDTH="166" HEIGHT="42" CONTENT="offrant" WC="0.99" CC="0750000"/>
						<SP ID="P29_SP00280" HPOS="738" VPOS="2862" WIDTH="28"/>
						<String ID="P29_ST00314" HPOS="766" VPOS="2838" WIDTH="59" HEIGHT="24" CONTENT="un" WC="0.76" CC="40"/>
						<SP ID="P29_SP00281" HPOS="825" VPOS="2862" WIDTH="31"/>
						<String ID="P29_ST00315" HPOS="856" VPOS="2824" WIDTH="159" HEIGHT="39" CONTENT="intérêt" WC="0.99" CC="0006150"/>
						<SP ID="P29_SP00282" HPOS="1015" VPOS="2863" WIDTH="29"/>
						<String ID="P29_ST00316" HPOS="1044" VPOS="2822" WIDTH="348" HEIGHT="51" CONTENT="archéologique" WC="1.00" CC="0006701301600"/>
						<SP ID="P29_SP00283" HPOS="1392" VPOS="2873" WIDTH="32"/>
						<String ID="P29_ST00317" HPOS="1424" VPOS="2840" WIDTH="56" HEIGHT="24" CONTENT="ou" WC="0.32" CC="66"/>
						<SP ID="P29_SP00284" HPOS="1480" VPOS="2873" WIDTH="32"/>
						<String ID="P29_ST00318" HPOS="1512" VPOS="2823" WIDTH="242" HEIGHT="50" CONTENT="historique" WC="0.99" CC="0400341060"/>
						<SP ID="P29_SP00285" HPOS="1754" VPOS="2873" WIDTH="32"/>
						<String ID="P29_ST00319" HPOS="1786" VPOS="2840" WIDTH="22" HEIGHT="24" CONTENT="»" WC="0.62" CC="3"/>
						<SP ID="P29_SP00286" HPOS="1808" VPOS="2873" WIDTH="37"/>
						<String ID="P29_ST00320" HPOS="1845" VPOS="2823" WIDTH="183" HEIGHT="42" CONTENT="élaboré" WC="0.98" CC="7405057"/>
						<SP ID="P29_SP00287" HPOS="2028" VPOS="2873" WIDTH="31"/>
						<String ID="P29_ST00321" HPOS="2059" VPOS="2841" WIDTH="79" HEIGHT="33" CONTENT="par" WC="0.96" CC="073"/>
						<SP ID="P29_SP00288" HPOS="2138" VPOS="2874" WIDTH="31"/>
						<String ID="P29_ST00322" HPOS="2169" VPOS="2824" WIDTH="40" HEIGHT="41" CONTENT="la" WC="0.57" CC="34"/>
						<SP ID="P29_SP00289" HPOS="2209" VPOS="2874" WIDTH="32"/>
						<String ID="P29_ST00323" HPOS="2241" VPOS="2823" WIDTH="162" HEIGHT="42" CONTENT="Fédéra" SUBS_TYPE="HypPart1" SUBS_CONTENT="Fédération" WC="0.98" CC="070535"/>
						<HYP HPOS="2403" VPOS="2823" WIDTH="27" CONTENT="-"/>
					</TextLine>
					<TextLine ID="P29_TL00035" HPOS="436" VPOS="2893" WIDTH="1996" HEIGHT="53">
						<String ID="P29_ST00324" HPOS="436" VPOS="2896" WIDTH="94" HEIGHT="39" CONTENT="tion" SUBS_TYPE="HypPart2" SUBS_CONTENT="Fédération" WC="0.99" CC="0420"/>
						<SP ID="P29_SP00290" HPOS="530" VPOS="2935" WIDTH="38"/>
						<String ID="P29_ST00325" HPOS="568" VPOS="2893" WIDTH="79" HEIGHT="41" CONTENT="des" WC="1.00" CC="000"/>
						<SP ID="P29_SP00291" HPOS="647" VPOS="2935" WIDTH="34"/>
						<String ID="P29_ST00326" HPOS="681" VPOS="2893" WIDTH="199" HEIGHT="42" CONTENT="Sociétés" WC="0.99" CC="00026080"/>
						<SP ID="P29_SP00292" HPOS="880" VPOS="2935" WIDTH="35"/>
						<String ID="P29_ST00327" HPOS="915" VPOS="2893" WIDTH="333" HEIGHT="43" CONTENT="néerlandaises" WC="1.00" CC="0600300003000"/>
						<SP ID="P29_SP00293" HPOS="1248" VPOS="2936" WIDTH="37"/>
						<String ID="P29_ST00328" HPOS="1285" VPOS="2895" WIDTH="366" HEIGHT="51" CONTENT="d'Archéologie," WC="1.00" CC="04540060100502"/>
						<SP ID="P29_SP00294" HPOS="1651" VPOS="2946" WIDTH="40"/>
						<String ID="P29_ST00329" HPOS="1691" VPOS="2913" WIDTH="102" HEIGHT="24" CONTENT="sous" WC="0.98" CC="1500"/>
						<SP ID="P29_SP00295" HPOS="1793" VPOS="2946" WIDTH="37"/>
						<String ID="P29_ST00330" HPOS="1830" VPOS="2895" WIDTH="40" HEIGHT="42" CONTENT="la" WC="0.78" CC="40"/>
						<SP ID="P29_SP00296" HPOS="1870" VPOS="2946" WIDTH="38"/>
						<String ID="P29_ST00331" HPOS="1908" VPOS="2899" WIDTH="199" HEIGHT="47" CONTENT="pression" WC="0.99" CC="03004120"/>
						<SP ID="P29_SP00297" HPOS="2107" VPOS="2946" WIDTH="39"/>
						<String ID="P29_ST00332" HPOS="2146" VPOS="2896" WIDTH="206" HEIGHT="41" CONTENT="salutaire" WC="1.00" CC="002000630"/>
						<SP ID="P29_SP00298" HPOS="2352" VPOS="2946" WIDTH="37"/>
						<String ID="P29_ST00333" HPOS="2389" VPOS="2907" WIDTH="43" HEIGHT="30" CONTENT="et" WC="1.00" CC="00"/>
					</TextLine>
					<TextLine ID="P29_TL00036" HPOS="436" VPOS="2965" WIDTH="1189" HEIGHT="50">
						<String ID="P29_ST00334" HPOS="436" VPOS="2966" WIDTH="196" HEIGHT="41" CONTENT="féconde" WC="0.99" CC="5701000"/>
						<SP ID="P29_SP00299" HPOS="632" VPOS="3007" WIDTH="26"/>
						<String ID="P29_ST00335" HPOS="658" VPOS="2966" WIDTH="79" HEIGHT="41" CONTENT="des" WC="1.00" CC="000"/>
						<SP ID="P29_SP00300" HPOS="737" VPOS="3007" WIDTH="23"/>
						<String ID="P29_ST00336" HPOS="760" VPOS="2965" WIDTH="124" HEIGHT="42" CONTENT="idées" WC="0.98" CC="50700"/>
						<SP ID="P29_SP00301" HPOS="884" VPOS="3007" WIDTH="25"/>
						<String ID="P29_ST00337" HPOS="909" VPOS="2966" WIDTH="298" HEIGHT="42" CONTENT="modernistes" WC="0.99" CC="00008060800"/>
						<SP ID="P29_SP00302" HPOS="1207" VPOS="3008" WIDTH="26"/>
						<String ID="P29_ST00338" HPOS="1233" VPOS="2984" WIDTH="54" HEIGHT="24" CONTENT="en" WC="1.00" CC="00"/>
						<SP ID="P29_SP00303" HPOS="1287" VPOS="3008" WIDTH="26"/>
						<String ID="P29_ST00339" HPOS="1313" VPOS="2967" WIDTH="312" HEIGHT="48" CONTENT="architecture;" WC="1.00" CC="0200300090105"/>
					</TextLine>
					<TextLine ID="P29_TL00037" HPOS="569" VPOS="3037" WIDTH="1861" HEIGHT="46">
						<String ID="P29_ST00340" HPOS="569" VPOS="3037" WIDTH="207" HEIGHT="43" CONTENT="L'œuvre" WC="0.99" CC="0404000"/>
						<SP ID="P29_SP00304" HPOS="776" VPOS="3080" WIDTH="26"/>
						<String ID="P29_ST00341" HPOS="802" VPOS="3038" WIDTH="57" HEIGHT="41" CONTENT="de" WC="1.00" CC="00"/>
						<SP ID="P29_SP00305" HPOS="859" VPOS="3080" WIDTH="26"/>
						<String ID="P29_ST00342" HPOS="885" VPOS="3038" WIDTH="39" HEIGHT="41" CONTENT="la" WC="1.00" CC="00"/>
						<SP ID="P29_SP00306" HPOS="924" VPOS="3080" WIDTH="30"/>
						<String ID="P29_ST00343" HPOS="954" VPOS="3054" WIDTH="23" HEIGHT="26" CONTENT="«" WC="0.59" CC="4"/>
						<SP ID="P29_SP00307" HPOS="977" VPOS="3080" WIDTH="28"/>
						<String ID="P29_ST00344" HPOS="1005" VPOS="3038" WIDTH="266" HEIGHT="43" CONTENT="Commissie" WC="0.89" CC="000062000"/>
						<SP ID="P29_SP00308" HPOS="1271" VPOS="3081" WIDTH="25"/>
						<String ID="P29_ST00345" HPOS="1296" VPOS="3055" WIDTH="116" HEIGHT="26" CONTENT="voor" WC="0.78" CC="0133"/>
						<SP ID="P29_SP00309" HPOS="1412" VPOS="3081" WIDTH="23"/>
						<String ID="P29_ST00346" HPOS="1435" VPOS="3040" WIDTH="307" HEIGHT="41" CONTENT="Stadsschoon" WC="0.96" CC="00000000030"/>
						<SP ID="P29_SP00310" HPOS="1742" VPOS="3081" WIDTH="29"/>
						<String ID="P29_ST00347" HPOS="1771" VPOS="3057" WIDTH="22" HEIGHT="24" CONTENT="»" WC="0.62" CC="3"/>
						<SP ID="P29_SP00311" HPOS="1793" VPOS="3081" WIDTH="32"/>
						<String ID="P29_ST00348" HPOS="1825" VPOS="3052" WIDTH="43" HEIGHT="30" CONTENT="et" WC="1.00" CC="00"/>
						<SP ID="P29_SP00312" HPOS="1868" VPOS="3082" WIDTH="26"/>
						<String ID="P29_ST00349" HPOS="1894" VPOS="3041" WIDTH="57" HEIGHT="40" CONTENT="de" WC="1.00" CC="00"/>
						<SP ID="P29_SP00313" HPOS="1951" VPOS="3082" WIDTH="27"/>
						<String ID="P29_ST00350" HPOS="1978" VPOS="3040" WIDTH="40" HEIGHT="41" CONTENT="la" WC="0.71" CC="50"/>
						<SP ID="P29_SP00314" HPOS="2018" VPOS="3082" WIDTH="31"/>
						<String ID="P29_ST00351" HPOS="2049" VPOS="3057" WIDTH="22" HEIGHT="25" CONTENT="«" WC="0.55" CC="4"/>
						<SP ID="P29_SP00315" HPOS="2071" VPOS="3082" WIDTH="30"/>
						<String ID="P29_ST00352" HPOS="2101" VPOS="3041" WIDTH="302" HEIGHT="42" CONTENT="Schoonheids" SUBS_TYPE="HypPart1" SUBS_CONTENT="Schoonheidscommissie" WC="0.89" CC="00002000600"/>
						<HYP HPOS="2403" VPOS="3041" WIDTH="27" CONTENT="-"/>
					</TextLine>
					<TextLine ID="P29_TL00038" HPOS="435" VPOS="3111" WIDTH="1996" HEIGHT="51">
						<String ID="P29_ST00353" HPOS="435" VPOS="3114" WIDTH="252" HEIGHT="39" CONTENT="commissie" SUBS_TYPE="HypPart2" SUBS_CONTENT="Schoonheidscommissie" WC="0.87" CC="001030060"/>
						<SP ID="P29_SP00316" HPOS="687" VPOS="3153" WIDTH="30"/>
						<String ID="P29_ST00354" HPOS="717" VPOS="3127" WIDTH="23" HEIGHT="25" CONTENT="»" WC="0.70" CC="2"/>
						<SP ID="P29_SP00317" HPOS="740" VPOS="3153" WIDTH="33"/>
						<String ID="P29_ST00355" HPOS="773" VPOS="3114" WIDTH="25" HEIGHT="37" CONTENT="à" WC="0.28" CC="7"/>
						<SP ID="P29_SP00318" HPOS="798" VPOS="3153" WIDTH="29"/>
						<String ID="P29_ST00356" HPOS="827" VPOS="3111" WIDTH="293" HEIGHT="41" CONTENT="Amsterdam" WC="1.00" CC="000000000"/>
						<SP ID="P29_SP00319" HPOS="1120" VPOS="3153" WIDTH="30"/>
						<String ID="P29_ST00357" HPOS="1150" VPOS="3123" WIDTH="42" HEIGHT="30" CONTENT="et" WC="1.00" CC="00"/>
						<SP ID="P29_SP00320" HPOS="1192" VPOS="3153" WIDTH="28"/>
						<String ID="P29_ST00358" HPOS="1220" VPOS="3129" WIDTH="54" HEIGHT="24" CONTENT="en" WC="0.86" CC="02"/>
						<SP ID="P29_SP00321" HPOS="1274" VPOS="3153" WIDTH="28"/>
						<String ID="P29_ST00359" HPOS="1302" VPOS="3113" WIDTH="180" HEIGHT="49" CONTENT="général" WC="0.99" CC="0607005"/>
						<SP ID="P29_SP00322" HPOS="1482" VPOS="3162" WIDTH="31"/>
						<String ID="P29_ST00360" HPOS="1513" VPOS="3113" WIDTH="57" HEIGHT="40" CONTENT="de" WC="1.00" CC="00"/>
						<SP ID="P29_SP00323" HPOS="1570" VPOS="3162" WIDTH="29"/>
						<String ID="P29_ST00361" HPOS="1599" VPOS="3123" WIDTH="145" HEIGHT="31" CONTENT="toutes" WC="0.99" CC="044000"/>
						<SP ID="P29_SP00324" HPOS="1744" VPOS="3162" WIDTH="27"/>
						<String ID="P29_ST00362" HPOS="1771" VPOS="3129" WIDTH="73" HEIGHT="24" CONTENT="ces" WC="0.99" CC="200"/>
						<SP ID="P29_SP00325" HPOS="1844" VPOS="3162" WIDTH="28"/>
						<String ID="P29_ST00363" HPOS="1872" VPOS="3113" WIDTH="324" HEIGHT="41" CONTENT="Commissions" WC="1.00" CC="01004005100"/>
						<SP ID="P29_SP00326" HPOS="2196" VPOS="3162" WIDTH="30"/>
						<String ID="P29_ST00364" HPOS="2226" VPOS="3113" WIDTH="205" HEIGHT="41" CONTENT="urbaines" WC="0.99" CC="52006000"/>
					</TextLine>
					<TextLine ID="P29_TL00039" HPOS="438" VPOS="3182" WIDTH="1991" HEIGHT="54">
						<String ID="P29_ST00365" HPOS="438" VPOS="3201" WIDTH="57" HEIGHT="23" CONTENT="ou" WC="0.67" CC="60"/>
						<SP ID="P29_SP00327" HPOS="495" VPOS="3224" WIDTH="28"/>
						<String ID="P29_ST00366" HPOS="523" VPOS="3182" WIDTH="250" HEIGHT="51" CONTENT="régionales" WC="1.00" CC="6601000000"/>
						<SP ID="P29_SP00328" HPOS="773" VPOS="3233" WIDTH="25"/>
						<String ID="P29_ST00367" HPOS="798" VPOS="3200" WIDTH="116" HEIGHT="34" CONTENT="pour" WC="1.00" CC="0020"/>
						<SP ID="P29_SP00329" HPOS="914" VPOS="3234" WIDTH="27"/>
						<String ID="P29_ST00368" HPOS="941" VPOS="3182" WIDTH="41" HEIGHT="42" CONTENT="la" WC="0.91" CC="10"/>
						<SP ID="P29_SP00330" HPOS="982" VPOS="3234" WIDTH="27"/>
						<String ID="P29_ST00369" HPOS="1009" VPOS="3184" WIDTH="164" HEIGHT="41" CONTENT="beauté" WC="0.99" CC="000007"/>
						<SP ID="P29_SP00331" HPOS="1173" VPOS="3234" WIDTH="31"/>
						<String ID="P29_ST00370" HPOS="1204" VPOS="3184" WIDTH="56" HEIGHT="42" CONTENT="de" WC="1.00" CC="00"/>
						<SP ID="P29_SP00332" HPOS="1260" VPOS="3234" WIDTH="27"/>
						<String ID="P29_ST00371" HPOS="1287" VPOS="3182" WIDTH="40" HEIGHT="44" CONTENT="la" WC="0.82" CC="30"/>
						<SP ID="P29_SP00333" HPOS="1327" VPOS="3234" WIDTH="28"/>
						<String ID="P29_ST00372" HPOS="1355" VPOS="3187" WIDTH="85" HEIGHT="39" CONTENT="cité" WC="0.98" CC="0404"/>
						<SP ID="P29_SP00334" HPOS="1440" VPOS="3234" WIDTH="30"/>
						<String ID="P29_ST00373" HPOS="1470" VPOS="3202" WIDTH="57" HEIGHT="24" CONTENT="ou" WC="0.96" CC="00"/>
						<SP ID="P29_SP00335" HPOS="1527" VPOS="3234" WIDTH="30"/>
						<String ID="P29_ST00374" HPOS="1557" VPOS="3184" WIDTH="108" HEIGHT="43" CONTENT="d'un" WC="0.98" CC="0260"/>
						<SP ID="P29_SP00336" HPOS="1665" VPOS="3234" WIDTH="30"/>
						<String ID="P29_ST00375" HPOS="1695" VPOS="3184" WIDTH="170" HEIGHT="42" CONTENT="district" WC="0.99" CC="07001320"/>
						<SP ID="P29_SP00337" HPOS="1865" VPOS="3234" WIDTH="35"/>
						<String ID="P29_ST00376" HPOS="1900" VPOS="3184" WIDTH="130" HEIGHT="52" CONTENT="(telle" WC="0.99" CC="700250"/>
						<SP ID="P29_SP00338" HPOS="2030" VPOS="3236" WIDTH="28"/>
						<String ID="P29_ST00377" HPOS="2058" VPOS="3185" WIDTH="42" HEIGHT="42" CONTENT="la" WC="0.76" CC="40"/>
						<SP ID="P29_SP00339" HPOS="2100" VPOS="3236" WIDTH="29"/>
						<String ID="P29_ST00378" HPOS="2129" VPOS="3185" WIDTH="300" HEIGHT="42" CONTENT="Commission" WC="1.00" CC="0000700400"/>
					</TextLine>
					<TextLine ID="P29_TL00040" HPOS="436" VPOS="3255" WIDTH="1994" HEIGHT="52">
						<String ID="P29_ST00379" HPOS="436" VPOS="3273" WIDTH="115" HEIGHT="33" CONTENT="pour" WC="0.99" CC="0040"/>
						<SP ID="P29_SP00340" HPOS="551" VPOS="3306" WIDTH="28"/>
						<String ID="P29_ST00380" HPOS="579" VPOS="3255" WIDTH="40" HEIGHT="42" CONTENT="le" WC="0.96" CC="00"/>
						<SP ID="P29_SP00341" HPOS="619" VPOS="3306" WIDTH="28"/>
						<String ID="P29_ST00381" HPOS="647" VPOS="3255" WIDTH="275" HEIGHT="43" CONTENT="relèvement" WC="1.00" CC="5006000000"/>
						<SP ID="P29_SP00342" HPOS="922" VPOS="3306" WIDTH="31"/>
						<String ID="P29_ST00382" HPOS="953" VPOS="3256" WIDTH="79" HEIGHT="41" CONTENT="des" WC="1.00" CC="000"/>
						<SP ID="P29_SP00343" HPOS="1032" VPOS="3306" WIDTH="29"/>
						<String ID="P29_ST00383" HPOS="1061" VPOS="3255" WIDTH="198" HEIGHT="51" CONTENT="Régions" WC="0.99" CC="2604201"/>
						<SP ID="P29_SP00344" HPOS="1259" VPOS="3306" WIDTH="31"/>
						<String ID="P29_ST00384" HPOS="1290" VPOS="3257" WIDTH="237" HEIGHT="41" CONTENT="dévastées" WC="0.99" CC="070020700"/>
						<SP ID="P29_SP00345" HPOS="1527" VPOS="3306" WIDTH="29"/>
						<String ID="P29_ST00385" HPOS="1556" VPOS="3274" WIDTH="81" HEIGHT="33" CONTENT="par" WC="0.98" CC="004"/>
						<SP ID="P29_SP00346" HPOS="1637" VPOS="3307" WIDTH="30"/>
						<String ID="P29_ST00386" HPOS="1667" VPOS="3257" WIDTH="300" HEIGHT="42" CONTENT="l'inondation" WC="1.00" CC="113030000400"/>
						<SP ID="P29_SP00347" HPOS="1967" VPOS="3307" WIDTH="33"/>
						<String ID="P29_ST00387" HPOS="2000" VPOS="3257" WIDTH="56" HEIGHT="44" CONTENT="de" WC="1.00" CC="00"/>
						<SP ID="P29_SP00348" HPOS="2056" VPOS="3307" WIDTH="38"/>
						<String ID="P29_ST00388" HPOS="2094" VPOS="3258" WIDTH="119" HEIGHT="41" CONTENT="1916" WC="0.63" CC="7070"/>
						<SP ID="P29_SP00349" HPOS="2213" VPOS="3307" WIDTH="34"/>
						<String ID="P29_ST00389" HPOS="2247" VPOS="3258" WIDTH="110" HEIGHT="41" CONTENT="dans" WC="1.00" CC="0000"/>
						<SP ID="P29_SP00350" HPOS="2357" VPOS="3307" WIDTH="32"/>
						<String ID="P29_ST00390" HPOS="2389" VPOS="3257" WIDTH="41" HEIGHT="41" CONTENT="la" WC="0.92" CC="10"/>
					</TextLine>
					<TextLine ID="P29_TL00041" HPOS="437" VPOS="3328" WIDTH="1993" HEIGHT="52">
						<String ID="P29_ST00391" HPOS="437" VPOS="3332" WIDTH="215" HEIGHT="46" CONTENT="province" WC="0.99" CC="13206000"/>
						<SP ID="P29_SP00351" HPOS="652" VPOS="3378" WIDTH="25"/>
						<String ID="P29_ST00392" HPOS="677" VPOS="3328" WIDTH="57" HEIGHT="42" CONTENT="de" WC="1.00" CC="00"/>
						<SP ID="P29_SP00352" HPOS="734" VPOS="3378" WIDTH="23"/>
						<String ID="P29_ST00393" HPOS="757" VPOS="3328" WIDTH="232" HEIGHT="42" CONTENT="Hollande" WC="1.00" CC="00550000"/>
						<SP ID="P29_SP00353" HPOS="989" VPOS="3378" WIDTH="22"/>
						<String ID="P29_ST00394" HPOS="1011" VPOS="3329" WIDTH="362" HEIGHT="49" CONTENT="septentrionale," WC="1.00" CC="000000003000203"/>
						<SP ID="P29_SP00354" HPOS="1373" VPOS="3378" WIDTH="29"/>
						<String ID="P29_ST00395" HPOS="1402" VPOS="3346" WIDTH="57" HEIGHT="25" CONTENT="ou" WC="0.70" CC="50"/>
						<SP ID="P29_SP00355" HPOS="1459" VPOS="3378" WIDTH="23"/>
						<String ID="P29_ST00396" HPOS="1482" VPOS="3329" WIDTH="132" HEIGHT="41" CONTENT="celles" WC="0.99" CC="004305"/>
						<SP ID="P29_SP00356" HPOS="1614" VPOS="3378" WIDTH="23"/>
						<String ID="P29_ST00397" HPOS="1637" VPOS="3346" WIDTH="115" HEIGHT="34" CONTENT="pour" WC="0.99" CC="0012"/>
						<SP ID="P29_SP00357" HPOS="1752" VPOS="3380" WIDTH="24"/>
						<String ID="P29_ST00398" HPOS="1776" VPOS="3330" WIDTH="40" HEIGHT="40" CONTENT="la" WC="0.75" CC="50"/>
						<SP ID="P29_SP00358" HPOS="1816" VPOS="3380" WIDTH="24"/>
						<String ID="P29_ST00399" HPOS="1840" VPOS="3333" WIDTH="254" HEIGHT="47" CONTENT="protection" WC="1.00" CC="0440000300"/>
						<SP ID="P29_SP00359" HPOS="2094" VPOS="3380" WIDTH="25"/>
						<String ID="P29_ST00400" HPOS="2119" VPOS="3330" WIDTH="57" HEIGHT="42" CONTENT="de" WC="1.00" CC="00"/>
						<SP ID="P29_SP00360" HPOS="2176" VPOS="3380" WIDTH="22"/>
						<String ID="P29_ST00401" HPOS="2198" VPOS="3329" WIDTH="41" HEIGHT="41" CONTENT="la" WC="0.77" CC="40"/>
						<SP ID="P29_SP00361" HPOS="2239" VPOS="3380" WIDTH="24"/>
						<String ID="P29_ST00402" HPOS="2263" VPOS="3328" WIDTH="167" HEIGHT="44" CONTENT="Nature" WC="1.00" CC="000040"/>
					</TextLine>
					<TextLine ID="P29_TL00042" HPOS="436" VPOS="3400" WIDTH="1989" HEIGHT="52">
						<String ID="P29_ST00403" HPOS="436" VPOS="3413" WIDTH="43" HEIGHT="30" CONTENT="et" WC="1.00" CC="00"/>
						<SP ID="P29_SP00362" HPOS="479" VPOS="3443" WIDTH="29"/>
						<String ID="P29_ST00404" HPOS="508" VPOS="3400" WIDTH="59" HEIGHT="42" CONTENT="du" WC="1.00" CC="00"/>
						<SP ID="P29_SP00363" HPOS="567" VPOS="3443" WIDTH="28"/>
						<String ID="P29_ST00405" HPOS="595" VPOS="3401" WIDTH="238" HEIGHT="41" CONTENT="Caractère" WC="0.99" CC="003040750"/>
						<SP ID="P29_SP00364" HPOS="833" VPOS="3443" WIDTH="30"/>
						<String ID="P29_ST00406" HPOS="863" VPOS="3400" WIDTH="198" HEIGHT="52" CONTENT="régional" WC="0.99" CC="56033006"/>
						<SP ID="P29_SP00365" HPOS="1061" VPOS="3452" WIDTH="31"/>
						<String ID="P29_ST00407" HPOS="1092" VPOS="3400" WIDTH="78" HEIGHT="41" CONTENT="des" WC="0.99" CC="002"/>
						<SP ID="P29_SP00366" HPOS="1170" VPOS="3452" WIDTH="30"/>
						<String ID="P29_ST00408" HPOS="1200" VPOS="3400" WIDTH="190" HEIGHT="43" CONTENT="districts" WC="0.99" CC="041035000"/>
						<SP ID="P29_SP00367" HPOS="1390" VPOS="3452" WIDTH="29"/>
						<String ID="P29_ST00409" HPOS="1419" VPOS="3401" WIDTH="397" HEIGHT="51" CONTENT="physionomiques" WC="0.88" CC="00005302060000"/>
						<SP ID="P29_SP00368" HPOS="1816" VPOS="3452" WIDTH="38"/>
						<String ID="P29_ST00410" HPOS="1854" VPOS="3402" WIDTH="51" HEIGHT="50" CONTENT="(«" WC="0.66" CC="24"/>
						<SP ID="P29_SP00369" HPOS="1905" VPOS="3452" WIDTH="33"/>
						<String ID="P29_ST00411" HPOS="1938" VPOS="3402" WIDTH="129" HEIGHT="42" CONTENT="Bond" WC="1.00" CC="0000"/>
						<SP ID="P29_SP00370" HPOS="2067" VPOS="3452" WIDTH="31"/>
						<String ID="P29_ST00412" HPOS="2098" VPOS="3401" WIDTH="275" HEIGHT="42" CONTENT="Heemschut" WC="0.86" CC="000043030"/>
						<SP ID="P29_SP00371" HPOS="2373" VPOS="3452" WIDTH="29"/>
						<String ID="P29_ST00413" HPOS="2402" VPOS="3418" WIDTH="23" HEIGHT="25" CONTENT="»" WC="0.57" CC="4"/>
					</TextLine>
					<TextLine ID="P29_TL00043" HPOS="436" VPOS="3473" WIDTH="1994" HEIGHT="52">
						<String ID="P29_ST00414" HPOS="436" VPOS="3491" WIDTH="115" HEIGHT="33" CONTENT="pour" WC="0.98" CC="0204"/>
						<SP ID="P29_SP00372" HPOS="551" VPOS="3524" WIDTH="31"/>
						<String ID="P29_ST00415" HPOS="582" VPOS="3483" WIDTH="123" HEIGHT="33" CONTENT="toute" WC="0.99" CC="00600"/>
						<SP ID="P29_SP00373" HPOS="705" VPOS="3524" WIDTH="31"/>
						<String ID="P29_ST00416" HPOS="736" VPOS="3475" WIDTH="41" HEIGHT="40" CONTENT="la" WC="1.00" CC="00"/>
						<SP ID="P29_SP00374" HPOS="777" VPOS="3524" WIDTH="29"/>
						<String ID="P29_ST00417" HPOS="806" VPOS="3473" WIDTH="231" HEIGHT="42" CONTENT="Hollande" WC="1.00" CC="00500000"/>
						<SP ID="P29_SP00375" HPOS="1037" VPOS="3524" WIDTH="34"/>
						<String ID="P29_ST00418" HPOS="1071" VPOS="3490" WIDTH="23" HEIGHT="25" CONTENT="«" WC="0.55" CC="4"/>
						<SP ID="P29_SP00376" HPOS="1094" VPOS="3524" WIDTH="33"/>
						<String ID="P29_ST00419" HPOS="1127" VPOS="3473" WIDTH="278" HEIGHT="42" CONTENT="Nehalennia" WC="0.93" CC="0000000060"/>
						<SP ID="P29_SP00377" HPOS="1405" VPOS="3524" WIDTH="33"/>
						<String ID="P29_ST00420" HPOS="1438" VPOS="3490" WIDTH="21" HEIGHT="26" CONTENT="»" WC="0.70" CC="2"/>
						<SP ID="P29_SP00378" HPOS="1459" VPOS="3524" WIDTH="35"/>
						<String ID="P29_ST00421" HPOS="1494" VPOS="3492" WIDTH="115" HEIGHT="33" CONTENT="pour" WC="0.98" CC="0063"/>
						<SP ID="P29_SP00379" HPOS="1609" VPOS="3525" WIDTH="30"/>
						<String ID="P29_ST00422" HPOS="1639" VPOS="3474" WIDTH="92" HEIGHT="41" CONTENT="l'île" WC="0.99" CC="00140"/>
						<SP ID="P29_SP00380" HPOS="1731" VPOS="3525" WIDTH="31"/>
						<String ID="P29_ST00423" HPOS="1762" VPOS="3475" WIDTH="58" HEIGHT="40" CONTENT="de" WC="1.00" CC="00"/>
						<SP ID="P29_SP00381" HPOS="1820" VPOS="3525" WIDTH="29"/>
						<String ID="P29_ST00424" HPOS="1849" VPOS="3474" WIDTH="278" HEIGHT="42" CONTENT="Walcheren." WC="0.87" CC="0020003104"/>
						<SP ID="P29_SP00382" HPOS="2127" VPOS="3525" WIDTH="37"/>
						<String ID="P29_ST00425" HPOS="2164" VPOS="3475" WIDTH="59" HEIGHT="40" CONTENT="La" WC="1.00" CC="00"/>
						<SP ID="P29_SP00383" HPOS="2223" VPOS="3525" WIDTH="32"/>
						<String ID="P29_ST00426" HPOS="2255" VPOS="3475" WIDTH="175" HEIGHT="41" CONTENT="Société" WC="0.99" CC="0005500"/>
					</TextLine>
					<TextLine ID="P29_TL00044" HPOS="436" VPOS="3546" WIDTH="1994" HEIGHT="51">
						<String ID="P29_ST00427" HPOS="436" VPOS="3549" WIDTH="25" HEIGHT="38" CONTENT="à" WC="0.54" CC="4"/>
						<SP ID="P29_SP00384" HPOS="461" VPOS="3587" WIDTH="34"/>
						<String ID="P29_ST00428" HPOS="495" VPOS="3549" WIDTH="159" HEIGHT="39" CONTENT="intérêt" WC="0.99" CC="3005150"/>
						<SP ID="P29_SP00385" HPOS="654" VPOS="3588" WIDTH="34"/>
						<String ID="P29_ST00429" HPOS="688" VPOS="3546" WIDTH="139" HEIGHT="42" CONTENT="limité" WC="0.99" CC="020507"/>
						<SP ID="P29_SP00386" HPOS="827" VPOS="3588" WIDTH="33"/>
						<String ID="P29_ST00430" HPOS="860" VPOS="3564" WIDTH="114" HEIGHT="33" CONTENT="pour" WC="0.99" CC="0402"/>
						<SP ID="P29_SP00387" HPOS="974" VPOS="3597" WIDTH="35"/>
						<String ID="P29_ST00431" HPOS="1009" VPOS="3546" WIDTH="38" HEIGHT="42" CONTENT="la" WC="0.85" CC="20"/>
						<SP ID="P29_SP00388" HPOS="1047" VPOS="3597" WIDTH="38"/>
						<String ID="P29_ST00432" HPOS="1085" VPOS="3546" WIDTH="327" HEIGHT="42" CONTENT="Conservation" WC="1.00" CC="040000008700"/>
						<SP ID="P29_SP00389" HPOS="1412" VPOS="3597" WIDTH="37"/>
						<String ID="P29_ST00433" HPOS="1449" VPOS="3547" WIDTH="80" HEIGHT="41" CONTENT="des" WC="0.99" CC="020"/>
						<SP ID="P29_SP00390" HPOS="1529" VPOS="3597" WIDTH="34"/>
						<String ID="P29_ST00434" HPOS="1563" VPOS="3546" WIDTH="290" HEIGHT="42" CONTENT="Monuments" WC="1.00" CC="020300000"/>
						<SP ID="P29_SP00391" HPOS="1853" VPOS="3597" WIDTH="36"/>
						<String ID="P29_ST00435" HPOS="1889" VPOS="3546" WIDTH="206" HEIGHT="47" CONTENT="naturels," WC="1.00" CC="000030021"/>
						<SP ID="P29_SP00392" HPOS="2095" VPOS="3597" WIDTH="39"/>
						<String ID="P29_ST00436" HPOS="2134" VPOS="3546" WIDTH="296" HEIGHT="51" CONTENT="scientifiques" WC="1.00" CC="0050005330002"/>
					</TextLine>
				</TextBlock>
			</PrintSpace>
		</Page>
	</Layout>
</alto>
