2964 4104
2077 3711 197 13 kMMMaaa«M»«
2281 3710 323 15 ■■■■■■■■■■■■■■■■■■■

2107 3761 285 37 OCT'-NOV.
2448 3763 90 35 1919

457 3761 70 39 LA
578 3749 122 49 CITÉ

1474 3748 61 47 64

508 435 238 51 amplifiée.
772 437 84 49 J'ai
876 454 58 24 vu
956 437 62 41 les
1039 449 187 30 travaux
1248 438 57 41 de
1327 438 185 47 déblais,
1623 456 59 25 on
1702 455 59 25 va
1782 456 119 24 raser
1924 440 56 40 de
2002 440 146 41 beau!x
2171 458 240 24 morceaux
2435 442 56 41 de

506 511 134 38 vieux
668 520 218 39 remparts
913 520 45 31 et
983 509 271 43 l'architecte
1282 512 57 40 de
1369 512 40 40 la
1437 511 104 41 ville
1569 510 171 42 semble
1767 512 176 40 vouloir
1973 512 167 41 niveler
2166 513 235 51 beaucoup
2434 514 56 41 de

509 579 156 42 choses
684 592 43 29 et
746 598 152 33 passer
915 585 27 38 à
960 592 170 31 travers
1148 593 110 31 tout.

642 725 289 42 ROULERS.
1040 727 160 49 Quelle
1221 727 386 51 métamorphose!
1632 727 134 41 Voilà
1788 745 59 23 un
1869 727 105 51 plan
1999 745 85 33 que
2108 728 92 41 l'on
2224 741 105 37 peut
2354 730 114 50 quali-

508 796 79 41 fier
611 796 57 41 de
689 796 365 52 grandiloquent!
1078 799 100 50 Que
1202 799 58 41 de
1280 799 293 41 boulevards!
1598 798 147 42 Est-ce
1767 799 103 41 bien
1894 799 42 41 là
1980 799 40 41 le
2041 803 224 39 caractère
2288 804 72 47 qui
2383 818 79 24 con-

506 870 123 40 vient
654 872 26 37 à
706 868 42 41 la
775 869 143 41 future
945 870 171 50 grande
1140 870 104 42 ville
1268 871 374 41 manufacturière
1670 871 78 41 des
1773 870 233 42 Flandres!
2036 872 362 42 L'individualité

508 940 42 41 la
571 941 302 49 personnalité
898 942 56 41 de
976 942 42 41 la
1039 943 104 41 ville
1165 960 57 25 ne
1243 960 72 24 me
1339 946 245 46 paraissent
1606 960 80 32 pas
1708 943 340 49 sauvegardées.

640 1013 153 49 Quant
815 1031 56 23 au
894 1014 134 42 détail
1053 1014 78 42 des
1153 1018 165 39 artères
1342 1015 57 41 de
1421 1016 41 40 la
1482 1014 117 47 ville,
1626 1015 61 41 les
1709 1025 176 31 auteurs
1908 1032 46 24 se
1977 1027 103 30 sont
2103 1016 188 42 efforcés
2317 1018 56 40 de
2395 1035 70 24 cor-

508 1086 113 47 riger
651 1101 51 24 ce
733 1101 86 34 que
848 1085 63 41 les
938 1089 125 38 voies
1095 1087 58 41 de
1181 1090 378 38 communication
1590 1090 179 39 avaient
1800 1087 57 41 de
1891 1087 277 42 défectueux.
2206 1089 52 41 Ils
2289 1101 196 39 percent,

509 1156 225 46 nivellent,
764 1161 304 46 approprient,
1098 1176 90 24 non
1215 1159 245 41 seulement
1486 1176 71 25 sur
1582 1159 39 40 le
1648 1162 168 47 papier,
1846 1162 110 38 mais
1983 1176 53 25 en
2065 1160 91 41 fait.
2188 1161 87 40 Car
2302 1161 188 41 Roulers

510 1239 65 29 est
606 1245 59 23 un
699 1229 206 50 exemple
1032 1230 107 42 c'est
1172 1230 41 42 la
1246 1230 104 42 ville
1381 1234 199 38 sinistrée
1613 1234 73 47 qui
1720 1247 46 25 se
1800 1231 148 41 relève
1981 1231 41 41 le
2056 1232 98 50 plus
2190 1234 295 49 rapidement,

508 1299 168 42 offrant
698 1317 86 24 une
808 1300 128 52 leçon
962 1301 226 52 d'énergie
1211 1302 105 52 qu'il
1340 1303 96 41 faut
1459 1303 107 49 aller
1588 1303 291 50 contempler.
1908 1303 54 42 Et
1986 1322 135 32 parce
2146 1305 161 49 qu'elle
2331 1305 154 47 s'aide,

511 1388 58 24 on
604 1372 146 41 l'aide.
787 1373 120 42 C'est
938 1373 106 43 chez
1077 1374 95 47 elle,
1209 1392 71 24 sur
1312 1374 40 41 le
1385 1378 160 38 terrain
1579 1378 57 38 où
1670 1375 61 41 les
1762 1386 177 30 auteurs
1972 1376 60 41 du
2066 1376 105 50 plan
2205 1380 210 38 situèrent
2449 1378 40 40 le

511 1459 23 25 «
562 1447 193 46 quartier
779 1448 176 38 ouvrier
979 1461 23 26 »
1115 1463 51 25 ce
1189 1450 72 47 qui
1286 1458 64 30 est
1373 1464 86 24 une
1483 1446 117 42 belle
1623 1446 169 42 hérésie
1816 1448 163 40 sociale
2093 1466 85 32 que
2202 1449 181 41 l'Office
2409 1450 79 40 des

506 1515 198 50 Régions
725 1515 247 44 Dévastées
993 1525 120 34 tente
1134 1517 294 51 l'expérience
1451 1519 134 41 d'une
1606 1522 138 47 petite
1766 1519 356 50 agglomération
2146 1521 56 40 de
2223 1533 102 29 cent
2348 1532 117 30 cotta-

504 1603 77 33 ges
600 1590 331 49 économiques.
953 1589 374 50 Judicieusement
1348 1594 132 43 tracé,
1501 1608 51 24 ce
1572 1594 109 47 petit
1701 1591 228 41 ensemble
1951 1609 53 24 en
2025 1592 228 50 appellera
2276 1594 207 46 d'autres,

505 1658 134 42 l'élan
659 1671 66 30 est
746 1660 164 42 donné.

640 1802 341 43 AERSCHOT.
1094 1802 61 42 Le
1179 1803 105 51 plan
1309 1820 85 34 que
1418 1804 24 41 1'
1452 1822 58 22 on
1534 1808 204 46 exposait
1762 1808 105 38 était
1892 1804 39 42 le
1958 1805 103 42 fruit
2087 1806 59 41 du
2172 1807 155 41 travail
2355 1806 134 42 d'une

507 1876 299 38 commission.
831 1873 122 43 C'est
971 1877 222 47 peut-être
1211 1892 50 24 ce
1281 1879 72 47 qui
1375 1876 40 41 le
1437 1876 144 41 faisait
1602 1893 216 34 manquer
1842 1877 55 40 de
1918 1880 242 45 caractère;
2184 1877 148 43 c'était
2353 1882 108 38 néan-

506 1947 145 38 moins
674 1962 58 23 un
757 1945 106 50 plan
889 1946 210 50 complet,
1128 1949 88 39 très
1240 1946 262 43 honorable.

639 2016 61 42 Le
730 2016 354 44 dédoublement
1113 2018 56 42 de
1196 2018 42 42 la
1266 2036 77 24 rue
1373 2020 56 40 de
1458 2020 41 40 la
1528 2020 172 42 Station
1729 2037 82 33 par
1838 2037 86 25 une
1952 2022 209 40 nouvelle
2188 2025 160 47 percée
2377 2023 105 46 Sud,

510 2090 71 47 qui
604 2105 47 23 se
672 2088 104 41 relie
798 2088 367 50 judicieusement
1187 2093 27 38 à
1237 2090 42 41 la
1303 2107 75 24 rue
1404 2091 56 41 de
1486 2091 198 42 Louvain
1708 2103 64 30 est
1795 2109 85 24 une
1903 2093 153 41 bonne
2080 2093 146 41 chose.
2256 2094 60 41 Le
2339 2099 150 46 projet

511 2159 60 42 du
596 2160 251 41 boulevard
876 2161 58 41 du
960 2161 128 42 Nord
1117 2179 72 24 me
1217 2166 146 47 paraît
1391 2166 145 38 moins
1564 2163 205 47 heureux,
1802 2164 56 40 de
1886 2168 149 37 même
2063 2183 85 32 que
2176 2166 62 40 les
2267 2166 222 41 éclaircies

510 2232 112 40 dans
646 2232 39 40 le
710 2236 191 46 quartier
926 2234 57 40 de
1008 2234 188 50 l'Eglise.
1226 2234 115 41 Mais
1367 2238 71 46 qui
1466 2236 117 40 donc
1608 2253 24 23 a
1658 2253 141 33 conçu
1825 2248 42 29 et
1894 2237 173 41 dessiné
2094 2237 62 41 les
2181 2241 133 46 petits
2338 2243 148 46 parcs!

507 2304 124 40 Celui
661 2304 59 41 du
748 2304 253 51 Béguinage
1028 2317 64 30 est
1120 2305 103 47 laid,
1256 2306 317 42 froidement...
1606 2307 102 41 laid.
1742 2308 109 41 Laid
1881 2312 113 37 aussi
2021 2309 112 41 celui
2162 2310 56 40 de
2248 2310 165 50 l'église
2442 2321 44 30 et

506 2377 87 39 très
619 2375 103 47 laid,
749 2376 110 41 celui
884 2394 85 33 que
993 2377 91 41 l'on
1109 2382 195 47 projette
1329 2396 55 23 au
1409 2379 82 41 sud
1519 2379 56 40 de
1599 2379 41 41 la
1665 2380 122 40 ville!
1815 2380 114 41 Mais
1953 2398 50 23 ce
2028 2393 101 29 sont
2155 2382 40 40 là
2222 2382 78 41 des
2328 2382 157 42 détails

508 2447 283 41 d'exécution
819 2450 212 49 auxquels
1059 2467 58 24 on
1146 2467 164 33 pourra
1338 2450 163 41 veiller.
1535 2451 281 42 L'ensemble
1845 2453 57 40 du
1932 2453 118 49 plan,
2082 2458 44 45 je
2153 2454 70 41 l'ai
2254 2455 75 45 dit,
2362 2457 96 47 quoi-

505 2535 85 33 que
615 2535 102 24 sans
743 2519 141 50 grand
910 2523 223 39 caractère
1160 2532 65 31 est
1251 2521 254 51 homogène
1532 2534 42 30 et
1602 2524 106 40 c'est
1734 2527 204 37 énorme!

637 2662 278 42 MALINES.
1032 2662 135 42 Voilà
1192 2681 58 23 un
1279 2664 204 50 exemple
1510 2665 101 40 bien
1639 2668 181 48 typique
1848 2667 55 39 de
1931 2678 128 29 notre
2086 2667 228 41 mentalité
2342 2679 42 30 et
2412 2672 72 46 qui

503 2733 165 42 illustre
692 2737 26 36 à
742 2733 175 42 souhait
939 2745 128 31 notre
1091 2735 372 49 compréhension
1487 2737 188 40 actuelle
1701 2737 56 40 de
1782 2738 311 41 l'Urbanisme.

641 2805 116 41 Pour
781 2822 110 24 ceux
915 2808 71 47 qui
1012 2808 307 49 s'occupèrent
1343 2807 60 41 du
1428 2811 110 46 petit
1564 2809 233 49 problème
1825 2810 78 40 des
1929 2815 371 37 reconstructions
2326 2815 26 37 à
2378 2812 110 41 faire

507 2893 87 25 aux
621 2892 23 26 «
672 2877 161 41 Bailles
858 2878 56 40 de
936 2877 82 42 Fer
1044 2894 22 25 »
1094 2895 115 34 pour
1232 2878 40 41 le
1296 2883 99 47 jury
1420 2879 59 41 du
1503 2897 228 29 concours,
1760 2899 177 23 comme
1962 2900 113 32 pour
2100 2881 61 44 les
2187 2894 296 36 concurrents,

507 2949 28 41 il
558 2966 30 32 y
610 2952 122 38 avait
755 2949 42 41 là
819 2966 86 25 une
929 2953 205 48 question
1159 2951 57 41 de
1239 2951 145 50 styles.
1413 2951 53 41 Et
1491 2952 40 40 le
1555 2952 111 49 style
1692 2954 109 40 rend
1828 2971 179 33 myope,
2037 2954 169 42 chacun
2232 2956 174 41 bientôt
2432 2973 54 24 en

506 3037 96 25 sera
628 3023 260 40 convaincu.

639 3092 159 50 Voyez
830 3093 39 40 le
899 3094 181 41 résultat
1112 3095 59 40 du
1201 3111 229 26 concours.
1467 3095 30 42 Il
1529 3113 28 33 y
1587 3114 38 28 a,
1659 3114 178 26 comme
1866 3101 203 47 réponse,
2105 3099 79 41 des
2215 3099 184 50 façades
2429 3100 58 41 de

507 3165 112 49 style
646 3168 26 38 à
700 3165 159 41 rendre
885 3166 171 50 jalouse
1084 3167 39 40 la
1152 3167 170 42 Grand'
1332 3168 129 40 Place
1491 3169 55 40 de
1576 3169 224 41 Bruxelles
1920 3182 42 30 et
1989 3172 108 40 c'est
2124 3175 25 37 à
2178 3172 104 40 elles
2312 3190 84 32 que
2424 3172 62 41 les

506 3239 165 47 primes
698 3248 101 30 sont
826 3237 179 41 échues!
1035 3238 165 47 Certes,
1229 3239 109 42 c'est
1365 3241 90 40 fort
1480 3240 103 41 bien
1612 3241 185 47 dessiné,
1829 3246 111 37 mais
1966 3243 108 42 c'est
2101 3255 108 30 tout.
2242 3244 60 41 Le
2331 3248 155 37 mérite

506 3326 20 23 s
544 3312 145 38 arrête
713 3309 54 41 là.
797 3309 61 41 Le
880 3314 100 46 jury
1004 3327 28 24 n
1052 3328 25 23 a
1103 3328 80 33 pas
1206 3328 59 25 vu
1291 3312 261 41 l'ensemble
1578 3317 71 46 qui
1675 3326 64 28 est
1764 3314 339 51 inharmonique
2130 3327 43 30 et
2199 3319 84 47 qui,
2315 3316 166 46 réalisé,

504 3384 163 38 suerait
690 3380 41 42 le
753 3398 244 33 parvenu...
1026 3382 122 42 C'est
1172 3384 60 41 du
1255 3383 112 50 style
1391 3401 114 33 pour
1531 3400 22 25 «
1583 3385 169 42 Barons
1776 3387 30 34 Z
1809 3404 23 23 e
1836 3403 55 34 ep
1919 3403 40 24 ».

640 3452 95 42 Ah!
769 3453 233 42 Messieurs
1032 3455 59 40 du
1120 3459 99 46 jury
1246 3480 66 5 -
1340 3459 24 37 à
1395 3457 128 49 pieds
1553 3474 79 23 nus
1665 3459 110 40 dans
1806 3459 61 40 les
1896 3460 199 45 cendres,
2129 3463 162 47 puis-je
2321 3477 167 23 avouer

507 3540 86 34 que
616 3541 50 24 ce
689 3541 85 34 que
797 3525 41 41 le
864 3540 22 27 «
912 3525 429 52 Verwaltungschef,
1369 3528 75 42 Dr.
1473 3528 191 42 Rehorst
1689 3546 22 24 »
1741 3531 208 41 combina
1975 3549 53 23 en
2061 3531 115 41 1915
2206 3549 113 33 pour
2345 3532 40 40 la
2411 3549 75 24 rue
