2964 4104
378 3775 68 37 LA
499 3761 122 49 CITÉ

1402 3759 60 47 83

2039 3769 286 43 OCT.-NOV,
2382 3771 91 37 1919

415 581 232 80 Notes
683 607 138 53 sur
854 581 504 94 l'Exposition
1386 582 96 79 de
1519 581 73 79 la
1639 583 535 79 Restauration
2211 582 210 98 Agri=

418 703 173 77 cole
645 710 75 71 et
770 703 98 77 de
915 701 748 80 l'Embellissement
1697 704 96 77 de
1830 703 71 78 la
1938 704 139 77 Vie
2115 703 303 78 Rurale.

557 1023 128 41 Cette
715 1026 266 48 exposition,
1016 1024 156 50 placée
1202 1042 104 23 sous
1335 1024 41 41 le
1404 1023 108 42 haut
1541 1035 249 41 patronage
1822 1025 59 41 du
1911 1025 228 42 Ministère
2170 1027 56 40 de
2256 1026 141 50 l'Agri-

416 1096 182 46 culture,
624 1113 25 23 a
673 1098 70 38 été
767 1098 232 47 organisée
1021 1114 81 32 par
1126 1096 41 42 la
1191 1097 301 41 Commission
1519 1097 437 43 d'Embellissement
1980 1099 57 40 de
2062 1099 41 41 la
2124 1098 88 42 Vie
2234 1098 177 42 Rurale.

553 1169 129 40 Cette
713 1169 301 41 Commission
1045 1187 46 23 se
1120 1187 200 33 propose
1350 1169 237 47 d'ailleurs,
1622 1170 276 50 d'organiser
1929 1171 112 40 dans
2072 1171 40 40 le
2141 1183 187 30 courant
2359 1171 57 41 de

416 1241 177 40 l'année
628 1240 134 47 1920,
793 1258 87 24 une
908 1244 110 38 série
1046 1241 326 52 d'expositions
1399 1243 249 49 régionales
1677 1243 113 40 dans
1815 1243 173 50 chaque
2016 1247 226 47 province.

553 1314 61 40 Le
636 1314 81 40 but
740 1314 57 40 de
819 1331 72 23 ces
912 1317 237 38 initiatives
1172 1326 65 30 est
1258 1315 57 41 de
1337 1318 123 38 Créer
1481 1332 59 24 un
1563 1327 292 29 mouvement
1878 1333 53 23 en
1957 1316 155 41 faveur
2136 1317 57 40 de
2215 1317 175 40 l'embel-

418 1385 227 43 lissement
669 1387 79 40 des
771 1387 198 50 villages,
999 1389 57 41 de
1080 1387 347 42 l'amélioration
1452 1387 57 42 de
1532 1387 284 42 l'habitation
1841 1388 145 41 rurale
2009 1400 44 30 et
2077 1389 58 41 de
2159 1389 231 50 l'exploita-

418 1461 94 39 tion
537 1457 207 52 agricole.

552 1532 63 41 La
649 1531 301 47 Commission
986 1533 439 41 d'Embellissement
1461 1533 56 40 de
1551 1533 41 40 la
1626 1532 86 41 Vie
1745 1532 178 47 Rurale,
1961 1537 126 37 créée
2122 1551 53 24 en
2217 1534 135 46 1913,
2389 1537 26 39 à

423 1604 10 40 1
456 1607 207 38 occasion
692 1604 60 41 du
778 1604 177 51 Village
982 1605 220 41 moderne
1230 1605 57 41 de
1315 1605 296 50 l'Exposition
1641 1605 56 41 de
1725 1605 150 46 Gand,
1907 1610 213 46 entreprit
2146 1607 203 50 pendant
2377 1606 41 42 la

421 1694 169 33 guerre,
613 1695 104 23 sous
736 1677 41 41 le
796 1681 101 38 titre
916 1677 58 41 de
993 1677 302 42 Commission
1316 1677 57 42 de
1392 1677 374 42 Reconstruction
1787 1677 177 47 Rurale,
1989 1690 43 29 et
2051 1696 103 23 sous
2175 1679 39 40 le
2233 1690 187 31 couvert

423 1749 57 42 de
511 1749 41 41 la
585 1749 179 42 Section
795 1749 195 50 agricole
1023 1750 61 41 du
1115 1749 179 42 Comité
1343 1750 211 42 National
1605 1750 222 41 d'étudier
1861 1750 79 41 des
1990 1761 127 40 types
2168 1752 55 40 de
2255 1752 165 40 fermes

419 1822 254 45 modernes,
713 1822 58 40 de
803 1822 260 42 rechercher
1112 1822 63 41 les
1209 1825 326 38 constructions
1586 1825 239 39 anciennes
1877 1827 378 47 caractéristiques
2307 1841 83 33 pou-

419 1905 110 30 vant
551 1897 187 47 inspirer
762 1893 61 42 les
845 1893 262 43 architectes
1133 1906 43 30 et
1200 1895 63 40 les
1287 1905 340 39 entrepreneurs
1653 1895 113 42 dans
1791 1895 115 42 leurs
1931 1900 161 46 projet.

557 1967 90 41 Des
684 1967 322 41 Commissions
1041 1968 299 49 provinciales
1376 1979 79 29 ont
1491 1968 262 40 fonctionné
1791 1968 112 40 dans
1938 1979 123 30 toute
2096 1968 228 42 l'étendue
2361 1970 59 40 du

420 2056 125 33 pays,
573 2039 206 41 donnant
803 2039 80 41 des
905 2040 189 40 conseils
1119 2057 86 24 aux
1228 2040 345 50 campagnards,
1601 2040 93 41 leur
1718 2041 271 41 fournissant
2015 2041 78 40 des
2117 2041 129 50 plans
2270 2045 25 38 à
2321 2045 98 38 titre

419 2115 220 46 gracieux,
673 2112 162 41 faisant
865 2112 78 40 des
968 2112 171 41 relevés
1168 2112 57 40 de
1251 2116 325 37 constructions
1604 2112 165 42 rurales
1796 2116 393 48 caractéristiques.

557 2184 90 41 Des
675 2184 205 41 résultats
909 2184 260 41 favorables
1197 2196 78 30 ont
1305 2188 70 37 été
1404 2188 169 47 acquis;
1607 2184 259 42 différentes
1893 2189 327 38 constructions
2251 2198 80 31 ont
2359 2204 60 32 pu

423 2260 92 38 être
540 2257 177 40 élevées
745 2257 179 50 d'après
951 2257 77 40 des
1054 2257 129 50 plans
1209 2257 103 41 bien
1340 2275 163 32 conçus
1529 2275 56 23 au
1610 2260 128 47 point
1765 2258 56 40 de
1846 2275 86 23 vue
1957 2257 268 52 hygiénique
2252 2271 44 29 et
2319 2263 74 46 pré-

421 2340 177 30 sentant
618 2347 57 23 un
696 2340 156 39 aspect
869 2330 309 49 campagnard
1200 2347 54 23 en
1274 2342 187 38 rapport
1480 2347 110 23 avec
1611 2330 40 40 le
1670 2333 80 38 site
1769 2341 43 29 et
1832 2330 40 40 la
1893 2334 195 37 contrée.
2112 2331 91 41 Des
2225 2332 114 40 dons
2361 2332 56 40 de

422 2401 251 51 l'étranger,
702 2402 40 40 la
767 2401 329 42 collaboration
1122 2403 56 40 de
1202 2401 207 42 l'Œuvre
1433 2402 157 46 Suisse,
1621 2402 78 41 des
1722 2403 293 41 subventions
2042 2403 60 41 du
2128 2403 47 41 C.
2206 2404 51 41 N.
2287 2404 40 41 S.
2359 2405 54 40 A.

424 2486 78 29 ont
530 2478 164 47 permis
725 2474 228 41 l'érection
986 2475 56 41 de
1073 2475 212 49 quelques
1316 2479 196 36 maisons
1543 2478 216 47 typiques.

557 2547 240 51 Beaucoup
824 2547 208 42 d'études
1056 2559 79 30 ont
1159 2550 70 38 été
1254 2551 185 42 réunies,
1468 2547 79 41 des
1571 2547 266 42 documents
1860 2559 43 30 et
1928 2547 128 51 plans
2081 2565 54 24 en
2161 2552 88 37 très
2272 2549 144 50 grand

423 2620 191 40 nombre
639 2638 46 22 se
711 2631 211 31 trouvent
945 2620 113 42 dans
1082 2620 62 41 les
1171 2620 257 40 différentes
1453 2624 310 36 commissions
1788 2620 296 49 provinciales
2110 2624 24 37 à
2162 2621 40 40 la
2230 2621 163 50 disposi-

425 2695 92 38 tion
541 2693 56 40 de
618 2710 110 23 ceux
748 2710 85 32 que
856 2693 40 40 la
919 2696 204 47 question
1146 2696 221 37 intéresse.
1395 2693 61 40 La
1480 2692 210 41 diffusion
1713 2693 40 40 la
1776 2693 98 49 plus
1896 2693 192 40 étendue
2111 2704 64 29 est
2197 2696 25 37 à
2246 2693 40 40 la
2309 2693 107 41 base

426 2765 56 40 de
512 2764 336 49 l'organisation
880 2765 57 40 de
967 2765 40 41 la
1043 2782 22 24 «
1098 2765 301 41 Commission
1432 2765 437 42 d'Embellissement
1900 2765 56 41 de
1987 2765 40 41 la
2058 2765 85 41 Vie
2175 2765 162 41 Rurale
2372 2782 39 25 ».

557 2837 306 50 L'exposition
892 2850 66 29 est
986 2838 167 40 divisée
1181 2856 54 23 en
1263 2838 215 49 plusieurs
1505 2841 203 43 sections,
1740 2837 199 41 chacune
1968 2838 154 40 d'elles
2150 2849 136 38 ayant
2317 2841 100 38 trait

421 2911 26 39 à
470 2909 212 41 l'activité
706 2909 137 41 d'une
865 2913 226 47 province.

556 2981 65 42 En
647 2993 139 36 outre,
816 2982 79 42 des
917 2982 132 42 salles
1072 2994 104 31 sont
1199 2986 226 38 réservées
1449 2985 27 39 à
1501 2983 43 41 la
1572 2998 23 26 «
1623 2982 303 47 Commission!
1950 2982 58 41 de
2032 2981 382 43 Documentation

424 3054 165 42 Rurale
622 3070 41 35 »,
698 3058 26 38 à
756 3073 59 22 un
848 3055 230 42 ensemble
1112 3055 56 41 de
1201 3056 267 41 documents
1503 3055 58 41 de
1592 3055 113 50 style
1754 3055 211 51 régional,
2002 3066 44 30 et
2077 3059 27 38 à
2138 3055 80 42 des
2268 3055 148 52 objets

424 3127 28 41 d
472 3139 68 29 art
562 3127 115 41 rural
701 3139 42 29 et
765 3128 235 50 populaire
1023 3132 145 37 réunis
1191 3132 131 47 grâce
1344 3132 26 38 à
1394 3128 295 50 l'obligeance
1714 3128 55 40 de
1794 3127 211 51 quelques
2029 3127 382 42 collectionneurs.

739 3309 58 41 Le
908 3321 191 41 manque
1349 3309 53 41 de
1514 3309 127 55 place
1828 3321 110 29 nous
2107 3308 122 55 force
2412 3308 9 41 d

501 3393 109 42 ques
772 3392 144 43 pages
1115 3381 113 41 dans
1397 3381 237 54 lesquelles
1228 3379 27 43 à
2216 3392 171 43 propos

421 3454 62 42 Al.
671 3453 268 42 l'architecte
1308 3455 127 49 Vaes,
1614 3453 247 43 Secrétaire
2162 3452 193 44 Général

499 3527 26 42 à
604 3538 81 31 son
819 3527 96 40 avis
708 3541 23 25 «
1170 3527 39 40 le
1298 3539 104 30 sens
1559 3527 59 42 du
1730 3524 330 57 Régionalisme
1400 3541 39 26 ».
