2964 4104
1395 3723 107 74 65

402 3761 68 37 LÀ
519 3751 123 48 CITÉ

373 3833 4 7 ■
524 3835 207 5 MMM«MMa

2071 3761 283 39 OCT.-NOV.
2409 3765 95 36 1919

446 406 80 40 des
553 405 222 49 Béguines
804 414 46 30 et
877 402 44 42 la
950 402 99 42 Rue
1079 402 223 42 Nouvelle
1329 418 103 26 vers
1461 401 42 41 la
1532 400 131 51 Dyle,
1693 418 117 35 pour
1839 400 42 42 le
1910 400 239 43 débouché
2179 404 158 39 rétréci
2366 401 82 41 des

443 479 162 50 petites
636 493 112 29 rues,
786 475 155 42 Blauw
974 475 143 41 Hond
1150 475 208 51 Straatje,
1395 485 100 37 etc.,
1529 477 259 39 constituait
1818 474 105 41 bien
1957 474 43 42 là
2034 474 59 42 de
2125 474 25 41 Y
2158 473 285 48 Urbanisme,

442 561 44 30 et
515 549 60 41 du
603 548 201 41 meilleur
832 559 44 30 et
903 564 87 35 que
1017 565 51 23 ce
1095 546 153 44 Boche
1274 564 114 25 vous
1417 547 254 50 dépassait?
1708 546 65 43 Ce
1801 547 191 43 barbare
2020 548 192 50 plantait
2241 546 205 43 d'arbres

442 639 88 24 une
560 625 140 47 petite
729 620 131 51 place
889 623 103 48 près
1023 621 58 40 de
1112 620 171 42 l'Hôtel
1316 620 58 41 de
1402 620 119 47 ville,
1555 623 239 48 prévoyait
1822 637 59 24 un
1912 623 112 48 petit
2055 631 280 36 monument,
2370 637 50 24 en-

442 694 173 43 semble
636 694 298 50 harmonique
954 705 45 30 et
1021 693 231 47 délicieux,
1277 710 87 34 que
1383 709 115 25 vous
1517 710 111 24 avez
1649 693 183 43 difficile
1855 693 297 52 d'équivaloir
2172 711 83 34 par
2276 693 42 42 la
2338 710 81 25 con-

442 770 216 39 struction
689 767 58 40 de
775 766 41 41 la
845 766 148 47 Halle,
1027 766 106 42 fruit
1161 767 57 40 de
1248 766 212 41 relations
1488 766 294 42 inavouables
1811 766 108 42 d'un
1949 766 248 42 marchand
2229 766 57 41 de
2316 783 104 34 para-

444 839 142 52 pluies
614 851 45 30 et
689 839 137 41 d'une
854 850 207 31 matrone
1091 838 227 51 gothique.

579 912 301 50 Croyez-moi,
914 929 59 24 on
1000 923 108 40 peut
1136 912 212 50 regarder
1376 912 63 40 les
1465 914 294 48 conceptions
1785 912 62 42 du
1872 911 166 49 boche;
2069 912 106 42 elles
2200 923 104 31 sont
2330 912 92 52 judi-

445 987 179 39 cieuses.

583 1129 295 43 LOUVAIN.
999 1129 137 42 Alors
1163 1147 86 33 que
1277 1129 63 41 les
1366 1128 263 41 architectes
1655 1128 153 51 belges
1833 1132 231 47 croyaient
2090 1146 87 34 que
2204 1140 98 31 tout
2327 1132 124 39 avait

448 1204 71 39 été
546 1202 78 47 dit,
654 1213 98 30 tout
778 1201 189 47 dessiné,
997 1213 97 30 tout
1120 1201 163 48 étudié,
1313 1204 117 39 voici
1456 1219 86 33 que
1566 1201 42 41 le
1634 1201 473 48 Haut-Commissaire,
2135 1202 206 41 n'estime
2366 1219 82 34 pas

449 1276 42 41 la
510 1292 134 25 cause
663 1275 239 47 entendue,
927 1286 45 30 et
990 1275 106 51 qu'il
1117 1274 126 52 parle
1266 1275 109 41 d'un
1395 1277 238 38 concours!
1656 1274 227 52 Quelqu'il
1904 1277 98 44 soit,
2027 1274 146 52 quelle
2195 1292 86 34 que
2302 1277 148 48 puisse

449 1365 56 25 en
543 1352 93 37 être
674 1348 353 51 l'organisation,
1068 1347 222 42 d'avance
1329 1347 165 42 bravo!
1535 1347 307 51 L'exposition
1879 1365 26 23 a
1944 1347 389 42 irréfutablement
2371 1347 52 41 dé-

447 1423 180 39 montré
650 1420 107 51 qu'il
780 1420 78 50 n'y
879 1438 26 23 a
929 1437 82 34 pas
1034 1437 163 25 encore
1221 1420 58 42 de
1300 1419 196 43 solution
1519 1419 285 43 convenable
1825 1431 45 31 et
1891 1430 181 40 partant
2093 1420 230 51 complète
2345 1436 78 36 pro-

449 1496 139 48 posée
612 1511 56 24 au
693 1493 238 50 problème
956 1492 58 43 de
1039 1493 219 42 Louvain*
1284 1492 32 43 Il
1342 1493 97 42 faut
1463 1493 173 41 étudier
1660 1509 181 31 encore;
1870 1493 63 41 les
1956 1492 136 42 échos
2118 1493 79 41 des
2223 1493 227 41 incendies

451 1578 44 30 et
524 1566 80 42 des
633 1583 245 25 massacres
907 1576 81 32 ont
1014 1566 185 42 ébranlé
1228 1566 42 41 la
1299 1568 263 39 conscience
1590 1564 277 47 universelle,
1900 1576 45 30 et
1972 1565 110 42 c'est
2110 1583 104 23 sous
2243 1565 64 41 les
2335 1582 116 33 yeux

449 1639 202 42 attentifs
676 1639 61 41 du
760 1638 171 42 monde
954 1642 140 39 entier
1119 1656 86 33 que
1228 1655 114 25 nous
1364 1638 146 41 allons
1536 1641 293 38 reconstruire
1853 1637 42 42 la
1919 1637 120 42 Ville
2062 1641 318 38 universitaire.

583 1712 133 42 Aussi
739 1710 119 49 bien,
887 1722 99 32 tout
1008 1710 41 44 le
1076 1711 241 52 déballage
1343 1710 173 42 d'idées
1542 1711 156 41 n'aura
1722 1728 82 34 pas
1828 1713 71 39 été
1923 1710 165 42 inutile.
2117 1710 74 43 On
2215 1714 97 39 voit
2337 1710 113 42 dans

451 1785 62 40 les
536 1784 268 42 documents
824 1787 204 48 exposés,
1052 1802 59 24 un
1133 1784 93 43 lent
1246 1801 235 33 processus
1502 1783 210 42 s'établir.
1737 1783 64 42 Ce
1821 1785 113 40 n'est
1956 1783 196 42 d'abord
2174 1801 86 34 que
2282 1783 169 42 l'étude

451 1857 60 42 du
539 1858 136 41 cadre
702 1857 236 42 immédiat
966 1857 57 41 de
1051 1856 191 52 l'Eglise.
1276 1857 156 42 L'idée
1460 1860 121 38 saine
1610 1860 191 47 prévaut
1831 1856 60 42 du
1919 1867 115 31 reste
2062 1856 389 42 immédiatement

451 1943 44 29 et
521 1940 100 31 tous
646 1930 64 41 les
736 1933 175 38 artistes
936 1930 284 41 s'accordent
1248 1947 72 24 sur
1346 1947 59 24 un
1432 1932 141 48 point.
1606 1929 31 42 Il
1666 1929 97 42 faut
1788 1929 216 42 encadrer
2032 1929 40 42 le
2100 1928 209 52 Temple!
2340 1932 112 38 mais

449 2006 258 37 comment?

586 2076 83 40 Les
691 2093 82 24 uns
795 2092 27 24 n
844 2093 29 32 y
893 2078 156 39 voient
1071 2092 86 34 que
1181 2075 42 41 la
1246 2075 195 41 solution
1467 2075 79 41 des
1568 2074 266 42 immeubles
1856 2074 199 43 formant
2078 2086 211 40 rempart.
2318 2075 101 42 Rem-

451 2161 102 38 part
588 2149 58 41 de
680 2149 114 50 style
828 2148 329 42 évidemment!
1195 2147 244 52 Gothique,
1477 2148 313 47 Renaissance,
1829 2164 87 34 que
1950 2150 170 50 sais-je!
2159 2148 102 42 Puis
2296 2149 28 41 il
2361 2165 30 33 y
2425 2166 26 24 a

449 2220 141 52 phase
615 2221 80 42 des
716 2220 250 43 bouchons.
994 2220 32 42 Il
1050 2238 55 25 en
1127 2221 125 51 pleut
1274 2232 45 30 et
1341 2231 101 31 tous
1465 2220 63 42 les
1551 2220 263 42 architectes
1837 2237 55 25 en
1917 2232 79 31 ont
2018 2224 27 38 à
2067 2238 235 34 proposer.
2331 2221 90 41 Con-

449 2311 117 24 vexe
597 2311 104 25 sous
731 2293 42 43 le
802 2311 167 33 crayon
1003 2293 59 42 de
1091 2297 203 43 certains,
1327 2293 28 42 il
1387 2304 66 31 est
1482 2311 202 24 concave
1714 2310 116 34 pour
1860 2293 215 49 d'autres;
2109 2293 131 49 rond,
2274 2297 172 48 pointu,

453 2366 241 51 elliptique,
724 2384 115 33 pour
862 2370 237 48 conquérir
1124 2366 120 42 enfin
1270 2384 111 23 avec
1408 2366 73 41 feu
1506 2366 149 49 Janlet
1678 2365 63 42 les
1764 2366 179 41 faveurs
1968 2366 58 42 de
2049 2382 70 26 ses
2142 2366 227 51 collègues
2396 2366 57 42 de

454 2439 42 42 la
531 2439 302 43 Commission
868 2438 174 51 Royale
1078 2439 79 41 des
1191 2439 304 46 Monuments,
1533 2442 25 38 à
1592 2438 137 41 l'aide
1764 2438 107 41 d'un
1905 2438 114 51 style
2053 2439 396 47 franco-flamand,

453 2512 105 41 bien
585 2512 185 42 bâtard!
800 2512 52 50 Je
880 2511 41 41 le
951 2512 66 40 dis
1047 2511 286 47 froidement,
1365 2512 108 40 c'est
1500 2511 184 51 ignoble
1800 2523 43 29 et
1869 2511 94 41 cela
1992 2528 56 24 ne
2076 2529 95 24 sera
2201 2530 92 33 pas.
2326 2512 31 41 Il
2387 2523 65 30 est

451 2585 264 50 impossible
740 2602 86 34 que
851 2585 94 40 cela
969 2589 98 37 soit.
1096 2584 55 42 Et
1174 2585 110 41 c'est
1308 2602 51 23 ce
1384 2602 85 33 que
1496 2584 40 41 le
1562 2584 461 41 Haut-Commissaire
2048 2603 26 22 a
2100 2588 214 47 compris!

588 2658 144 46 Enfin,
764 2657 28 41 il
821 2675 30 32 y
877 2676 25 22 a
930 2657 343 41 heureusement
1301 2657 214 51 quelques
1542 2661 172 47 projets
1745 2672 24 26 «
1801 2657 296 41 d'urbanistes
2128 2674 40 30 »,
2202 2657 27 41 il
2260 2676 28 31 y
2316 2676 25 22 a
2372 2658 79 40 des

453 2733 158 47 esprits
637 2747 183 33 sagaces
847 2733 73 48 qui
945 2747 57 25 ne
1029 2730 190 41 limitent
1244 2747 82 33 pas
1353 2730 39 41 le
1418 2730 238 50 problème
1683 2730 57 41 de
1767 2729 200 42 Louvain
1993 2733 27 38 à
2045 2747 87 25 une
2158 2733 205 48 question
2393 2732 58 40 de

453 2815 233 37 paravent,
721 2803 57 41 de
805 2803 237 41 bouchons
1071 2820 56 24 ou
1158 2803 57 41 de
1242 2803 125 50 style.
1400 2803 30 41 Il
1459 2820 28 33 y
1513 2821 25 22 a
1569 2803 79 40 des
1676 2803 247 41 urbanistes
1951 2820 85 33 que
2065 2803 41 41 la
2136 2806 204 47 question
2371 2804 80 41 des

456 2885 137 33 trams
621 2878 266 47 préoccupe,
920 2887 43 30 et
991 2879 72 47 qui
1092 2879 283 38 entrevoient
1402 2876 40 40 la
1472 2875 309 51 perturbation
1810 2892 85 33 que
1923 2875 92 41 leur
2043 2878 214 39 intrusion
2287 2894 139 33 appor-

454 2951 131 38 terait
611 2966 56 24 au
695 2966 122 25 cœur
847 2949 56 41 de
933 2949 41 42 la
1003 2949 147 40 vieille
1177 2952 86 38 cité
1293 2949 348 50 Brabançonne!

588 3021 56 42 Ils
665 3021 177 50 parlent
862 3024 115 38 aussi
1001 3021 80 42 des
1103 3021 299 42 Installations
1424 3021 247 42 Maritimes
1694 3021 57 41 de
1773 3020 200 42 Louvain
1995 3033 44 29 et
2060 3025 223 47 pourquoi
2305 3022 28 41 il
2357 3022 97 42 faut

454 3097 182 46 prévoir
667 3094 266 42 l'extension
966 3093 58 42 de
1055 3093 41 42 la
1128 3094 105 41 ville
1262 3111 81 33 par
1374 3094 41 41 le
1444 3097 201 47 principe
1679 3094 79 41 des
1789 3093 449 51 Faubourgs-jardins
2269 3095 92 41 afin
2396 3095 58 41 de

453 3165 126 52 loger
600 3169 251 39 sainement
872 3166 41 42 la
936 3167 268 50 population
1228 3167 263 41 laborieuse.
1519 3167 82 41 Les
1623 3166 262 42 Urbanistes
1907 3166 100 42 font
2029 3170 142 47 partie
2194 3168 58 40 de
2276 3167 41 41 la
2342 3167 82 51 pha-

453 3238 132 52 lange
607 3241 57 40 de
684 3257 113 24 ceux
835 3243 74 48 qui
929 3240 258 41 souhaitent
1206 3257 86 24 une
1313 3240 136 41 étude
1471 3238 292 43 d'ensemble.

587 3311 255 42 Concevoir
891 3313 40 40 le
955 3312 239 51 problème
1222 3313 113 40 dans
1360 3330 48 24 sa
1432 3312 273 50 complexité
1730 3323 45 31 et
1801 3311 111 42 dans
1937 3329 82 24 son
2044 3313 205 50 ampleur
2275 3313 110 43 c'est
2411 3313 40 42 le

453 3396 393 30 commencement
872 3384 57 41 de
953 3384 42 42 la
1019 3402 178 33 sagesse
1221 3397 44 30 et
1290 3386 57 41 de
1371 3385 300 42 l'urbanisme.

1141 3461 16 46 i

587 3528 146 42 ViSE.
870 3529 125 41 Nous
1030 3532 115 38 voici
1185 3530 169 40 devant
1388 3547 58 23 un
1483 3530 117 40 beau
1636 3528 248 51 problème.
1921 3527 62 43 La
2019 3528 311 43 malheureuse
2366 3534 85 38 cité
