2964 4104
1436 3718 95 74 63

2103 3759 282 39 OCT.-NOV.
2441 3763 94 36 1919

433 3750 66 37 LA
548 3741 124 48 CITÉ

607 398 467 41 Reconstruira-t-on?
1111 397 126 42 Nous
1264 414 57 23 ne
1348 396 41 42 le
1416 413 199 34 pensons
1641 413 95 33 pas.
1765 395 168 48 Certes,
1963 413 59 25 un
2050 395 107 53 plan
2185 399 124 39 vient
2337 396 142 41 d'être

472 470 185 43 élaboré
769 487 86 34 que
878 486 89 34 peu
992 469 57 41 de
1072 487 249 32 personnes
1344 481 80 30 ont
1444 486 61 25 vu
1616 472 113 38 mais
1752 468 42 42 la
1819 472 204 49 question
2048 469 174 42 est-elle
2245 468 69 43 là?
2347 469 132 41 Cette

471 545 140 49 petite
638 542 105 41 ville
769 559 57 25 ne
854 541 371 42 s'étiolera-t-elle
1253 559 81 33 pas
1362 553 99 30 tout
1488 542 314 50 simplement?
1838 542 72 41 On
1940 543 97 42 doit
2065 561 47 26 se
2140 542 40 42 le
2210 542 263 42 demander.

473 616 96 42 Elle
599 619 73 48 qui
702 618 123 39 avait
854 615 145 50 perdu
1030 615 41 41 le
1098 626 183 30 contact
1311 615 58 41 de
1398 615 41 41 la
1469 632 95 24 mer
1594 627 45 29 et
1668 632 56 24 ne
1753 618 140 39 vivait
1922 632 86 35 que
2039 616 58 41 de
2126 616 125 41 force
2281 619 192 48 acquise.

473 689 368 50 Nieuport-Bain,
879 688 229 41 n'était-ce
1140 705 81 33 pas
1255 688 41 41 la
1328 688 121 41 seule
1481 691 143 47 partie
1655 691 184 38 vivante
1871 688 57 41 de
1960 689 245 51 Nieuport?
2246 688 93 42 Dès
2371 689 103 47 lors,

471 764 225 49 pourquoi
726 760 241 51 éparpiller
996 760 64 42 les
1088 760 159 42 efforts
1277 771 44 31 et
1350 764 225 47 pourquoi
1604 763 446 49 systématiquement
2077 778 57 26 ne
2162 780 83 33 pas
2275 762 176 51 réagglo-

472 837 146 38 mérer
644 844 148 31 toutes
835 833 63 42 les
924 836 202 48 énergies
1153 834 58 41 de
1237 834 42 41 la
1307 836 154 48 région
1488 837 26 38 à
1542 834 221 50 Nieuport
1787 833 159 52 plage?

607 906 360 51 Nieuport-ville,
995 924 69 23 ses
1088 906 170 42 écluses
1281 918 153 31 seront
1458 907 40 41 le
1524 907 86 41 lieu
1637 907 57 41 de
1715 907 268 52 pèlerinage.
2011 907 32 43 Il
2068 925 30 34 y
2121 926 26 23 a
2172 908 42 41 là
2240 908 81 41 des
2344 911 107 38 cime-

470 982 143 44 tières,
639 978 80 42 des
739 982 146 38 ruines
905 997 85 33 que
1010 983 44 47 je
1074 982 301 48 respecterais.

1239 1219 104 42 LES
1368 1218 210 43 VILLES
1605 1218 335 44 MARTYRES

612 1339 358 51 TERMONDE,
1002 1342 206 48 exposait
1239 1357 59 23 un
1328 1339 107 51 plan
1468 1356 124 24 assez
1622 1340 171 41 confus.

611 1411 106 42 Aux
745 1415 107 38 trois
878 1422 153 40 quarts
1060 1411 204 47 détruite,
1296 1423 117 30 cette
1441 1412 105 41 ville
1574 1423 107 31 veut
1725 1429 163 24 encore
1916 1412 193 43 sacrifier
2137 1413 213 52 quelques
2380 1430 75 36 par-

477 1484 136 42 celles
635 1484 145 42 bâties
804 1484 92 43 afin
923 1485 57 41 de
1004 1502 47 24 se
1075 1484 394 52 métamorphoser
1495 1484 365 51 complètement.
1888 1484 95 43 Elle
2008 1502 58 25 va
2091 1503 156 34 percer
2270 1504 70 24 ses
2366 1504 86 24 rem-

478 1568 123 39 parts
621 1568 44 30 et
684 1557 189 47 bientôt,
898 1558 268 51 enjambant
1185 1557 63 42 les
1269 1558 144 41 fossés
1432 1557 143 51 pleins
1596 1558 146 47 d'eau,
1765 1558 84 41 elle
1869 1575 58 25 va
1949 1558 191 43 doubler
2159 1559 42 41 la
2222 1559 175 42 surface
2415 1584 67 8 •

477 1629 263 43 Termonde
769 1630 249 42 deviendra
1046 1648 86 24 une
1159 1631 118 41 forte
1302 1634 87 38 cité
1416 1631 288 41 industrielle.

612 1702 102 50 Que
736 1713 111 32 vaut
868 1702 41 42 le
931 1702 109 52 plan
1063 1706 197 48 exposé?
1292 1703 127 42 Est-il
1442 1706 166 48 permis
1634 1704 57 40 de
1714 1704 41 41 le
1776 1707 233 48 critiquer?
2040 1704 265 51 Rappelons
2328 1722 88 34 que
2439 1705 42 42 la

480 1775 187 42 Dendre
696 1786 199 31 traverse
922 1775 42 42 la
992 1775 120 48 ville,
1141 1779 113 39 mais
1282 1794 58 33 qu
1361 1776 86 41 elle
1473 1793 56 24 ne
1557 1777 126 41 suffit
1709 1776 100 51 plus
1834 1794 88 24 aux
1948 1777 181 42 besoins
2156 1781 240 39 croissants
2425 1778 58 41 de

479 1848 42 42 la
548 1851 274 48 navigation.
851 1848 103 50 Que
980 1848 137 42 faire?
1151 1848 257 42 Détourner
1434 1860 99 31 tout
1558 1849 41 41 le
1624 1849 127 42 trafic
1775 1866 101 25 vers
1901 1850 41 41 le
1966 1850 107 47 Sud,
2103 1867 55 25 en
2185 1850 165 42 faisant
2376 1869 78 24 con-

479 1931 184 32 tourner
686 1921 42 42 la
752 1921 106 42 ville
882 1933 44 30 et
949 1921 64 42 les
1036 1933 222 39 remparts
1282 1938 83 34 par
1387 1938 87 25 une
1500 1921 254 43 dérivation
1779 1921 249 52 largement
2051 1940 184 34 conçue,
2264 1935 138 40 ayant
2427 1941 56 24 en

478 1994 201 42 bordure
709 1994 57 42 de
793 2005 152 31 vastes
975 1997 186 39 terrains
1189 1994 267 48 industriels,
1491 2012 59 24 ou
1577 1995 105 41 bien
1711 1998 243 48 aménager
1982 2013 87 25 une
2099 1996 253 42 dérivation
2381 2013 103 26 vers

479 2065 41 43 le
555 2066 141 48 Nord,
734 2067 101 51 plus
870 2078 155 31 courte
1060 2084 87 34 que
1183 2067 171 47 l'autre,
1395 2079 43 30 et
1472 2085 57 24 au
1565 2079 170 30 travers
1770 2067 107 43 d'un
1914 2071 193 48 quartier
2143 2069 196 42 d'usines
2377 2070 106 51 déjà

478 2141 218 38 existant?

618 2212 242 42 Problème
901 2215 262 48 angoissant
1206 2230 115 33 pour
1364 2213 62 41 les
1470 2213 226 41 habitants
1740 2217 73 47 qui
1855 2231 56 24 ne
1954 2218 263 47 songeaient
2258 2233 82 33 pas
2382 2233 102 24 sans

480 2284 155 42 frémir
660 2288 26 38 à
713 2302 60 24 un
800 2285 126 41 trafic
955 2285 58 41 de
1039 2285 233 41 batellerie
1300 2286 113 41 dont
1440 2286 39 40 le
1505 2286 205 41 bénéfice
1797 2312 5 7 -
1827 2286 59 41 oh
1912 2304 59 24 un
1999 2298 99 31 tout
2122 2291 112 48 petit
2261 2288 216 48 bénéfice,

480 2357 113 42 celui
615 2361 74 47 qui
710 2358 162 41 résulte
894 2358 60 41 du
976 2361 111 47 petit
1109 2375 256 24 commerce
1389 2358 78 41 des
1489 2359 206 40 cabarets
1716 2375 82 34 par
1819 2359 207 51 exemple
2132 2360 94 42 leur
2246 2365 144 38 aurait
2411 2365 71 38 été

478 2432 256 47 supprimé?

616 2503 61 41 Le
711 2503 107 50 plan
853 2514 179 30 montre
1066 2516 232 29 comment
1332 2504 40 40 le
1409 2504 316 50 département
1758 2504 80 42 des
1870 2504 209 43 Travaux
2114 2506 177 41 Publics
2324 2525 26 23 a
2387 2518 96 31 tout

481 2576 199 41 concilié.
714 2575 62 42 La
804 2575 186 42 Dendre
1018 2576 183 50 élargie:
1232 2577 62 40 les
1321 2576 218 42 chalands
1566 2580 264 39 continuant
1855 2580 26 39 à
1907 2589 217 31 traverser
2152 2579 41 41 la
2220 2580 117 46 ville,
2370 2580 113 42 dans

484 2664 84 24 une
601 2650 158 38 rivière
807 2650 147 38 moins
1003 2651 215 38 sinueuse.
1274 2648 60 42 M.
1388 2648 42 42 le
1481 2649 236 42 Chevalier
1766 2661 44 30 et
1856 2650 217 42 Sénateur
2120 2652 286 42 Schellekens
2457 2671 26 24 a

480 2723 148 38 raison
658 2739 8 22 :
691 2721 30 40 Il
743 2721 96 41 faut
859 2721 41 40 la
920 2721 186 41 Dendre
1126 2739 54 24 en
1199 2721 106 42 ville
1408 2726 115 37 aussi
1542 2723 106 40 bien
1669 2740 221 33 personne
1910 2724 162 41 n'a-t-il
2093 2727 110 39 émis
2222 2725 197 42 l'idéede
2441 2727 41 41 la

482 2796 252 47 supprimer
759 2794 279 46 totalement,
1068 2794 84 40 elle
1176 2807 73 29 eut
1273 2812 60 32 pu
1359 2812 55 24 ne
1439 2799 138 37 servir
1601 2812 85 34 que
1712 2796 57 41 de
1790 2813 107 24 vase
1922 2796 296 51 d'expansion
2244 2815 54 24 en
2324 2816 74 24 cas
2425 2799 58 41 de

484 2882 115 25 crue.
631 2866 115 41 Mais
774 2866 146 47 sait-il,
952 2866 61 41 M.
1047 2867 39 40 le
1114 2867 217 42 Sénateur
1360 2885 86 33 que
1474 2868 62 41 les
1564 2871 193 38 niveaux
1785 2869 79 40 des
1892 2873 124 47 quais
2044 2881 112 30 vont
2185 2888 45 23 se
2259 2871 224 42 surélever

481 2937 107 42 d'un
610 2941 142 38 mètre
773 2950 45 30 et
837 2939 140 41 demi!
999 2939 102 50 Que
1123 2940 304 42 deviendront
1447 2941 62 41 les
1529 2944 132 38 vieux
1680 2945 154 46 ponts!
1855 2942 274 42 reliera-t-on
2150 2961 72 23 ces
2241 2944 118 41 deux
2377 2961 78 34 por-

482 3014 118 37 tions
630 3012 57 40 de
717 3012 40 40 la
785 3012 106 41 ville
919 3029 81 33 par
1031 3012 79 41 des
1137 3024 136 38 ponts
1303 3017 259 38 tournants?
1600 3014 74 41 On
1702 3031 57 24 ne
1787 3014 40 41 le
1856 3015 63 41 dit
1947 3019 99 47 pas!
2077 3015 56 42 Et
2161 3017 203 49 pendant
2393 3034 87 34 que

482 3099 21 24 s
522 3083 203 42 étudient
753 3084 61 40 les
842 3095 188 30 travaux
1058 3085 57 40 de
1143 3085 41 40 la
1213 3088 170 44 rivière,
1418 3104 57 23 on
1507 3087 189 41 démolit
1724 3087 61 41 les
1813 3091 242 46 remparts?
2093 3088 82 42 Les
2203 3093 253 38 connaissez-

483 3159 141 37 vous?
654 3156 73 42 Au
750 3156 82 42 fait
852 3174 88 33 peu
963 3157 57 41 de
1041 3175 259 32 personnes,
1326 3159 182 42 allaient
1531 3177 54 24 en
1615 3160 120 41 1914
1758 3160 68 50 s'y
1846 3177 249 33 promener,
2121 3161 151 42 c'était
2296 3162 79 41 des
2399 3174 63 30 ter-

483 3231 118 38 rains
626 3229 238 42 militaires.
895 3229 112 42 L'on
1034 3248 27 23 n
1081 3248 28 32 y
1131 3235 64 37 vit
1219 3235 135 47 guère
1379 3249 86 33 que
1491 3232 60 42 M.
1582 3232 10 41 1
1613 3232 238 42 architecte
1874 3233 215 47 Stubben,
2116 3251 119 25 venu
2263 3235 57 41 de
2347 3235 108 42 Colo-

484 3317 97 32 gne,
616 3305 24 37 à
672 3302 38 40 la
743 3303 228 40 demande
1002 3304 56 40 de
1087 3304 60 41 M.
1183 3304 273 51 Helleputte,
1489 3309 194 37 autorisé
1713 3309 25 37 à
1766 3306 181 41 circuler
1975 3323 71 25 sur
2076 3307 62 41 les
2168 3308 314 42 fortifications

482 3372 113 42 dont
619 3374 26 40 il
671 3386 74 29 eut
768 3374 62 41 les
853 3374 175 51 plans...

621 3447 33 40 L
673 3447 235 42 architecte
948 3449 229 41 allemand
1213 3454 235 45 préconisa
1484 3451 271 41 l'ouverture
1789 3451 56 41 de
1877 3451 213 51 quelques
2123 3464 152 38 portes
2307 3471 101 25 vers
2442 3455 41 41 la

483 3534 252 35 campagne
762 3524 293 38 avoisinante.
1090 3522 155 41 L'idée
1274 3523 121 41 m'en
1425 3527 146 47 paraît
1599 3527 245 38 conservée
1873 3536 43 30 et
1943 3529 148 37 même
2120 3527 363 50 singulièrement
