2964 4104
412 3761 69 37 LA
532 3747 123 49 CITÉ

1436 3745 61 48 87

2072 3752 287 44 OCT.-NOV,
2417 3756 91 36 1919

588 416 62 41 La
676 416 252 42 Buanderie
955 415 214 51 publique
1195 415 57 40 de
1278 414 227 43 Bruxelles
1533 414 80 41 fait
1638 432 59 24 un
1723 418 167 47 exposé
1914 415 202 50 complet
2144 415 59 40 du
2229 414 197 41 fonction-

455 501 182 29 nement
665 488 56 41 de
748 506 68 23 ses
842 491 190 37 services
1060 487 56 41 de
1142 491 243 46 réception,
1416 490 324 44 manutention,
1770 488 266 41 classement
2062 499 43 29 et
2133 490 229 47 réception
2392 487 58 41 du

457 561 128 51 linge.
611 561 62 41 La
694 561 253 41 Buanderie
968 572 64 29 est
1051 560 243 41 accessible
1313 563 26 37 à
1361 570 146 30 toutes
1528 559 61 41 les
1608 559 162 41 classes
1792 560 57 40 de
1870 560 41 41 la
1933 563 177 38 société.

587 633 53 50 h)
686 633 367 42 Etablissements
1079 632 271 50 dangereux,
1378 631 245 42 insalubres
1651 650 57 23 ou
1733 633 324 41 incommodes.

588 704 298 51 Graphiques,
914 704 204 47 dossiers,
1147 704 228 47 formules,
1401 707 262 46 spécimens.

586 778 125 41 Telle
738 789 66 30 est
830 777 113 41 dans
968 795 69 23 ses
1062 777 193 51 grandes
1283 777 139 51 lignes
1449 777 41 40 la
1517 776 303 45 contribution
1850 777 57 41 de
1933 777 41 41 la
2002 778 177 41 Section
2210 777 239 51 d'hygiène

455 854 25 39 à
513 851 296 50 l'Exposition
845 851 56 40 de
934 850 183 41 l'Union
1151 850 79 41 des
1260 850 154 41 Villes.
1451 848 290 51 Incomplète,
1777 866 113 24 nous
1920 849 175 42 l'avons
2130 850 75 47 dit,
2243 854 109 37 mais
2387 850 62 41 les

455 927 328 47 organisateurs
807 935 80 30 ont
908 923 138 41 voulu
1070 940 98 33 que,
1197 923 56 40 de
1277 923 40 40 la
1342 925 186 38 réunion
1555 922 56 41 de
1634 939 73 24 ces
1733 922 146 41 divers
1902 922 228 47 éléments,
2157 940 46 23 se
2228 923 222 50 dégageât

453 996 297 50 l'impression
778 1013 85 33 que
890 996 62 40 les
978 995 259 50 problèmes
1265 995 240 50 d'hygiène
1530 994 269 50 municipale
1825 1006 102 30 sont
1952 1012 224 24 connexes
2202 998 25 38 à
2253 1012 110 24 ceux
2391 995 57 41 de

458 1069 40 41 la
521 1072 353 39 reconstruction
897 1068 79 42 des
995 1068 126 41 villes
1142 1080 43 29 et
1206 1068 128 50 qu'ils
1357 1068 188 41 doivent
1565 1071 92 37 être
1680 1069 150 39 traités
1852 1084 54 24 en
1928 1084 213 24 commun
2163 1079 43 30 et
2227 1085 53 24 en
2304 1071 146 38 même

453 1152 147 39 temps
622 1158 83 33 par
727 1151 100 32 tous
849 1140 62 42 les
933 1141 249 42 urbanistes
1204 1144 233 38 intéressés
1461 1152 44 30 et
1526 1139 273 50 spécialistes
1822 1143 283 46 compétents
2136 1157 9 24 :
2171 1139 273 48 architectes,

456 1217 263 48 ingénieurs,
750 1214 242 47 médecins,
1022 1214 396 46 administrateurs,
1448 1213 282 50 hygiénistes.

589 1287 208 41 L'avenir
827 1287 259 50 esthétique,
1121 1289 298 48 économique
1448 1297 44 30 et
1521 1285 268 51 hygiénique
1822 1285 78 41 des
1930 1284 126 41 villes
2088 1284 145 41 forme
2264 1302 57 23 un
2354 1296 96 30 tout

455 1358 293 46 inséparable.

1347 1441 185 43 Charles
1559 1442 57 40 de
1643 1441 347 43 GRONCKEL.

819 1516 115 41 Chef
961 1516 56 41 de
1043 1519 167 38 service
1235 1533 55 24 au
1318 1516 177 41 Service
1523 1514 257 50 d'Hygiène
1808 1514 57 40 de
1892 1513 41 41 la
1960 1531 240 23 commune
2229 1512 216 48 d'Ixelles,

1166 1589 244 41 Secrétaire
1442 1588 56 40 de
1529 1587 41 42 la
1601 1587 179 42 Section
1812 1587 254 50 d'Hygiène
2099 1589 25 38 à
2155 1585 294 52 l'Exposition

1439 1660 55 41 de
1522 1658 39 44 la
1591 1658 385 44 Reconstruction.

644 1944 193 102 La
898 1947 506 99 section
1475 1937 168 104 de
1709 1937 567 101 l'habitat

646 2133 47 56 à
745 2126 515 75 l'Exposition
1314 2123 102 61 de
1469 2121 76 62 la
1598 2122 668 61 Reconstruction

590 2425 158 41 Peut-il
777 2425 103 40 bien
908 2427 92 38 être
1029 2426 204 47 question
1264 2422 135 41 d'une
1426 2424 169 38 section
1625 2421 56 40 de
1710 2420 218 45 l'habitat,
1963 2419 205 41 distincte
2198 2419 78 40 des
2304 2428 146 31 autres

447 2501 193 39 sections
661 2498 56 41 de
738 2508 116 30 cette
873 2495 392 51 exposition,alors
1285 2510 86 35 que
1392 2494 111 41 dans
1523 2505 146 29 toutes
1689 2493 61 41 les
1769 2492 130 42 salles
1917 2508 113 25 nous
2049 2508 209 33 pouvons
2276 2501 150 31 consta-

458 2582 65 29 ter
552 2588 85 33 que
667 2571 62 40 les
758 2569 258 41 recherches
1047 2569 79 40 des
1155 2567 261 42 architectes
1447 2578 43 29 et
1521 2567 78 40 des
1627 2566 249 41 urbanistes
1905 2565 261 41 s'orientent
2198 2567 86 38 très
2313 2564 115 49 large-

457 2655 124 29 ment
606 2660 100 24 vers
733 2642 345 41 l'amélioration
1106 2641 59 40 du
1192 2640 228 49 logement
1448 2639 260 50 populaire?
1745 2638 291 41 Phénomène
2062 2648 141 30 certes
2229 2637 169 40 naturel
2429 2639 21 38 à

458 2726 116 30 cette
594 2715 148 46 heure,
767 2717 185 48 puisque
975 2714 112 40 dans
1110 2724 123 30 toute
1253 2712 212 50 l'Europe
1487 2712 40 40 la
1549 2715 109 37 crise
1679 2712 59 40 du
1762 2711 227 49 logement
2013 2713 174 37 ouvrier
2210 2712 111 38 sévit
2343 2725 107 24 avec

456 2805 88 24 une
568 2790 205 38 intensité
798 2789 297 48 angoissante.
1123 2785 57 42 Et
1205 2785 237 46 d'ailleurs,
1472 2785 40 40 la
1538 2788 174 37 maison
1738 2783 226 41 n'est-elld
1984 2800 82 33 pas
2092 2782 227 41 l'élément
2343 2798 107 23 avec

459 2861 144 49 lequel
632 2878 57 23 on
716 2862 215 38 construit
957 2858 79 41 des
1061 2858 139 46 villes,
1232 2869 96 29 tout
1353 2874 178 24 comme
1557 2856 109 42 c'est
1691 2856 41 41 la
1759 2856 156 50 brique
1941 2858 73 47 qui
2042 2855 107 41 chez
2176 2872 111 24 nous
2313 2865 87 29 sert
2427 2856 23 38 à

458 2932 156 42 édifier
635 2933 80 41 des
733 2935 215 44 maisons;
971 2931 40 40 la
1033 2933 143 48 pierre
1196 2930 217 41 naturelle
1432 2930 332 41 n'intervenant
1866 2928 57 41 de
1942 2931 148 38 même
2110 2944 84 34 que
2215 2927 61 40 les
2295 2943 124 24 monu-

458 3016 146 30 ments
626 3006 113 40 dans
762 3004 41 42 la
823 3007 85 38 cité
1017 3003 103 50 qu'à
1142 3006 99 38 titre
1263 3002 312 51 exceptionnel
1601 3013 43 30 et
1667 3012 203 35 souvent,
1896 3001 136 45 hélas,
2059 3011 235 39 purement
2319 2999 105 40 déco-

456 3077 115 42 ratif.

593 3150 82 41 Les
710 3153 329 46 organisateurs
1073 3148 56 41 de
1162 3147 298 51 l'Exposition
1495 3158 78 30 ont
1606 3149 169 43 estimé,
1814 3148 277 43 néanmoins,
2130 3162 56 33 qu
2207 3144 26 41 il
2269 3160 29 33 y
2330 3145 120 38 avait

458 3225 160 38 intérêt
639 3226 27 37 à
687 3221 202 42 localiser
912 3239 54 24 en
990 3220 213 52 quelques
1225 3220 130 42 salles
1379 3220 62 41 les
1466 3219 266 41 documents
1755 3218 168 42 relatifs
1945 3236 57 23 au
2025 3218 228 49 logement
2276 3218 174 38 ouvrier

458 3312 55 24 en
545 3295 226 51 Belgique.
803 3295 54 41 Ils
887 3312 44 23 m
953 3305 81 30 ont
1063 3296 94 48 prié
1162 3327 7 13 r
1178 3293 174 41 d'autre
1382 3303 113 40 part,
1531 3292 78 50 d'y
1639 3295 197 38 résumer
1960 3300 155 32 autant
2144 3305 85 34 que
2261 3288 111 41 faire
2401 3303 49 25 ce

458 3378 108 39 peut
590 3384 54 25 en
668 3384 60 25 un
754 3369 168 49 exposé
946 3366 248 51 graphique
1306 3365 25 42 Y
1340 3365 135 42 étude
1501 3364 232 51 théorique
1760 3364 60 41 du
1844 3362 248 52 problème.

574 3439 188 43 Donner
786 3458 60 23 un
875 3439 181 42 tableau
1082 3438 193 51 quelque
1301 3456 89 33 peu
1416 3437 202 51 complet
1645 3437 59 42 de
1730 3437 187 42 l'œuvre
1945 3435 183 42 réalisée
2154 3450 54 25 en
2238 3432 212 51 Belgique

459 3515 108 39 était
586 3512 274 50 impossible.
883 3512 104 42 Non
1007 3512 248 42 seulement
1275 3510 195 52 l'espace
1491 3513 251 48 manquait;
1764 3512 112 38 mais
1895 3518 184 35 surtout,
2103 3507 28 40 il
2152 3517 66 30 est
2237 3505 105 42 bien
2367 3505 83 42 dif-
