3609 4435
1803 90 91 55 178

205 238 137 49 Denn
372 253 51 33 er
454 234 128 52 allein
612 234 56 49 ist
713 252 89 31 von
849 234 113 51 zwei
993 234 240 52 Gewalten
1268 234 241 70 gedrängt,
1552 235 150 51 denen
1734 253 49 33 er

206 320 123 51 nicht
350 316 304 54 widerstehen
676 316 137 60 kann,
844 319 94 50 und
971 338 87 32 von
1090 320 146 50 denen
1269 337 50 32 er
1350 319 93 50 sich
1476 337 103 32 zum
1606 319 152 51 Selbst-

206 405 128 69 opfer
361 402 177 50 treiben
792 404 63 50 Es
888 405 81 49 soll
1002 404 94 50 also
1136 405 99 49 eine
1268 404 274 51 Revolution
1575 405 79 50 des
1687 405 66 51 Ab-

205 487 261 50 solutismus
496 484 111 61 sein,
644 485 88 51 den
765 487 71 49 ein
869 488 179 49 kühner
1080 488 283 49 Prätendent
1395 489 270 67 gegenüber
1697 490 88 50 den

202 570 230 68 legitimen
460 569 207 51 Grössen
691 572 224 58 ausführt,
946 572 72 49 ein
1035 572 328 52 Staatsstreich
1392 593 167 33 comme
1592 577 33 49 il
1653 579 132 49 laut!

200 657 162 49 Dann
386 662 96 42 erst
506 654 105 50 darf
629 656 70 49 die
719 657 230 67 Theilung
972 657 81 49 der
1070 657 180 51 Gewalt
1272 659 221 68 erfolgen.
1537 662 83 58 „In
1644 661 141 50 Liebe

198 742 188 47 müssen
432 738 94 51 sich
571 738 179 69 künftig
788 739 132 51 beide
967 741 382 71 Opernschöpfer
1388 743 270 70 begegnen;
1705 746 81 49 der

200 823 193 51 Dichter
424 841 126 33 muss
583 823 117 50 älter
731 824 95 50 und
858 826 212 67 zeugend
1103 827 110 60 sein,
1256 827 83 51 der
1368 830 156 58 Mann,
1571 831 80 49 der
1682 831 69 49 Mu-

202 910 121 49 siker
362 908 168 69 jünger
574 908 97 51 und
713 911 324 67 empfangend,
1099 912 70 51 die
1209 915 139 58 Frau,
1401 915 189 59 welche,
1646 915 140 67 jenen

201 993 307 51 vollkommen
539 993 294 61 verstehend,
866 995 192 68 gebiert.
1122 997 115 50 Jede
1269 997 516 69 Selbstbeschränkung

201 1077 80 51 des
323 1077 216 51 Dichters
586 1078 114 51 oder
1164 1082 85 50 wie
1294 1082 119 50 kann
1453 1100 106 32 man
1604 1082 145 51 unbe-

202 1161 295 52 schränkt
540 1164 249 50 verstehen
831 1165 94 51 und
967 1166 335 69 empfangen?!
1457 1167 193 59 „würde
1698 1167 89 50 den

201 1247 105 51 Tod
338 1247 80 51 des
447 1249 212 50 Drama's

332 1351 89 51 Die
463 1351 213 68 Stellung
725 1353 253 66 Wagner's
1029 1353 56 49 ist
1141 1353 221 49 demnach
1402 1351 239 68 jedenfalls
1687 1353 100 49 eine

201 1435 165 51 höchst
404 1435 291 68 gefährliche,
742 1435 86 50 wie
875 1435 70 50 die
979 1435 131 68 jedes
1142 1437 373 58 Prätendenten;
1569 1438 119 49 denn
1735 1456 51 31 er

201 1519 278 51 übernimmt
522 1519 70 50 die
634 1520 117 50 volle
797 1519 95 51 und
934 1520 392 51 ausschliessliche
1366 1523 417 67 Verantwortung.

196 1604 66 50 Er
300 1621 127 33 muss
468 1604 124 50 nicht
635 1622 90 32 nur
770 1604 145 50 selbst
958 1604 79 51 das
1081 1605 146 60 Neue,
1274 1607 80 48 das

198 1689 216 59 schaffen,
447 1689 201 51 sondern
680 1706 51 33 er
765 1707 127 33 muss
925 1691 114 49 auch
1072 1691 173 50 beide
1278 1692 155 49 Seiten
1466 1692 244 49 desselben
1740 1692 43 49 in

200 1773 277 67 gleicher
507 1774 423 50 Vollkommenheit
954 1774 170 51 liefern.
1157 1776 65 49 Ist
1255 1776 98 49 eine
1385 1776 82 52 der
1496 1774 167 54 beiden
1692 1777 90 49 ihm

198 1858 402 50 innewohnenden
630 1859 164 50 Kräfte
835 1859 71 50 die
938 1859 311 60 schwächere,
1292 1879 51 33 so
1374 1861 113 49 wird
1519 1861 79 51 das
1632 1862 153 51 Werk

202 1961 57 32 zu
277 1942 147 51 einem
442 1943 367 68 verunglückten
827 1945 239 49 Versuche
1085 1945 319 50 herabsinken.
1433 1946 107 49 Nun
1571 1945 214 68 glaubt

201 2044 52 31 er
284 2044 138 42 zwar,
455 2026 147 67 gleich
637 2027 125 50 stark
794 2027 64 50 als
888 2027 193 51 Dichter
1110 2028 87 50 wie
1218 2028 207 51 Musiker
1456 2049 56 30 zu
1545 2030 119 57 sein;
1697 2030 88 49 wie

198 2110 126 59 aber,
356 2127 137 33 wenn
525 2129 51 31 er
606 2111 92 49 sich
731 2111 95 60 irrt,
861 2129 136 33 wenn
1030 2112 92 51 die
1153 2113 150 50 Recht
1336 2113 229 59 behalten,
1607 2113 175 51 welche

197 2194 93 50 ihm
336 2194 64 49 als
442 2195 191 49 Dichter
676 2195 243 51 Phantasie
968 2196 91 52 und
1093 2196 261 60 Genialität,
1399 2197 63 49 als
1509 2196 272 69 Componist

197 2277 113 51 aber
351 2296 87 32 nur
466 2279 279 50 Kenntnisse
790 2280 96 49 und
915 2280 165 49 Talent
1126 2281 284 69 zusprechen
1427 2282 21 49 ?
1509 2282 126 49 Stets
1668 2299 110 41 war,

200 2362 87 51 wie
328 2362 44 50 in
418 2362 87 50 den
536 2364 212 49 Artikeln
788 2364 117 50 über
1360 2365 101 51 hier
1503 2366 106 50 sehr
1651 2366 130 51 wahr

204 2448 212 49 bemerkt
446 2448 179 60 wurde,
658 2449 79 49 das
770 2449 143 49 Genie
944 2467 89 31 nur
1062 2449 44 49 in
1137 2449 201 52 Einem
1369 2468 146 49 gross.

327 2549 172 50 Ziehen
557 2549 82 50 wir
691 2549 356 69 beispielsweise
1093 2552 236 50 nochmals
1376 2552 71 50 die
1496 2552 187 50 Malerei
1738 2553 44 49 in

200 2633 259 69 Vergleich.
512 2634 230 51 Welcher
784 2635 81 51 der
911 2635 122 51 alten
1065 2635 276 51 berühmten
1371 2638 189 50 Meister
1594 2655 94 33 war
1719 2638 63 50 als

198 2717 225 51 Zeichner
469 2718 114 51 und
628 2719 147 50 Maler
821 2719 197 68 gleich
1059 2721 261 50 vollendet?
1380 2722 123 52 War
1542 2721 241 68 Raphael's

200 2802 150 49 Pinsel
384 2818 49 33 so
464 2802 217 68 mächtig,
729 2804 64 50 als
826 2803 81 51 der
939 2804 325 68 Correggio's?
1322 2807 124 51 War
1491 2806 292 67 Correggio's

202 2887 156 49 Griffel
389 2905 51 31 so
471 2887 345 61 unerreichbar,
863 2889 63 50 als
959 2889 83 51 der
1071 2891 278 67 Raphael's?
1402 2892 183 51 Waren
1623 2891 44 49 in
1696 2891 87 49 den

202 2969 214 53 Werken
437 2971 325 52 Rembrandt's
797 2972 94 51 und
921 2975 102 48 Van
1047 2973 142 51 Dvk's
1222 2973 70 51 die
1315 2976 203 49 Formen
1551 2973 94 51 und
1669 2976 86 49 Far-

1095 3022 15 20 «J

201 3053 107 59 ben,
339 3055 70 49 die
441 3057 127 66 Züge
600 3056 94 51 und
724 3057 70 50 die
827 3057 301 69 Schattirung
1160 3058 147 68 gleich
1340 3060 278 49 vortrefflich
1637 3060 22 48 ?

327 3166 119 50 Dass
489 3183 49 33 es
583 3166 109 51 aber
737 3168 71 50 bei
840 3169 126 49 einer
995 3170 226 51 natürlich
1253 3170 271 69 gegebenen
1559 3170 229 67 Theilung

201 3245 85 53 der
318 3250 161 48 Kräfte
522 3250 70 50 für
638 3251 96 50 eine
780 3254 419 69 Kunstschöpfung
1247 3256 80 49 das
1372 3255 298 50 Rathsamste
1715 3254 72 60 ist,

200 3347 138 36 wenn
370 3334 94 49 sich
497 3335 146 50 zwei
675 3337 221 49 Künstler
925 3338 275 68 vereinigen,
1233 3358 79 31 um
1344 3339 80 50 das
1449 3357 144 48 ganze
1626 3356 161 49 grosse

200 3415 288 54 Kunstwerk
520 3418 438 70 hervorzubringen,
1004 3423 223 49 welchem
1273 3423 308 67 ungeteilter
1612 3423 173 58 Beifall,

198 3499 221 71 allseitige
454 3504 367 67 Bewunderung
851 3523 56 32 zu
934 3507 127 48 Theil
1094 3508 185 52 werden
1310 3509 99 57 soll,
1442 3507 80 50 das
1555 3507 231 50 beweisen

204 3587 77 49 auf
308 3588 78 49 das
419 3588 293 60 deutlichste,
770 3588 185 51 obwohl
988 3607 47 33 es
1068 3592 112 49 nach
1213 3593 81 50 der
1322 3593 267 66 Erfahrung
1618 3592 144 51 selbst-

202 3672 303 49 verständlich
535 3672 71 59 ist,
645 3672 108 67 jene
785 3672 414 52 unübertroffenen
1231 3676 220 49 Gemälde
1482 3676 278 49 niederländi-

204 3754 134 50 scher
369 3756 200 58 Meister,
601 3757 44 49 in
677 3757 209 51 welchen
921 3757 81 51 der
1034 3758 100 50 eine
1174 3758 71 51 die
1272 3759 290 60 Landschaft,
1594 3761 83 49 der
1707 3778 53 32 an-

206 3838 111 50 dere
351 3839 71 50 die
454 3839 63 50 sie
548 3839 288 52 belebenden
868 3842 205 69 Figuren
1105 3843 153 51 malte.

325 3942 107 50 Ein
474 3944 149 50 Wort
667 3961 86 33 von
793 3945 153 66 jenem
979 3946 186 59 Manne,
1208 3946 83 50 der
1324 3946 70 51 die
1424 3946 164 52 beiden
1617 3947 142 69 Eigen-

201 4025 203 51 schaften
436 4026 79 51 des
546 4027 326 52 Theoretikers
902 4030 94 51 und
1029 4030 249 51 Künstlers
1324 4031 82 50 auf
1430 4031 191 59 seltene,
1654 4050 99 32 wun-

201 4107 196 52 derbare
427 4110 89 49 Art
558 4111 272 51 wirklich
873 4114 40 49 in
945 4114 94 51 sich
1070 4114 266 68 vereinigte,
1380 4115 158 51 hätten
1570 4116 216 68 Wagner

1882 236 97 51 und
2011 239 122 50 seine
2164 236 254 70 Anhänger
2460 236 117 53 doch
2620 239 60 51 im
2713 240 304 56 Gedächtniss
3048 242 215 54 behalten
3296 245 142 52 sollen
3462 267 11 39 ;

1885 339 48 33 es
1965 322 168 53 heisst:

2112 409 173 59 „Grau,
2317 409 202 59 Freund,
2550 409 56 50 ist
2638 409 84 51 alle
2755 410 213 61 Theorie,

2097 493 133 51 Doch
2262 498 118 64 grün
2415 494 78 51 des
2524 494 184 51 Lebens
2740 496 193 66 goldner

3196 585 57 51 A.
3288 586 59 50 H.

2473 744 201 59 Wiener
2713 743 176 60 Briefe.

1885 859 112 52 [Frl.
2041 861 68 39 La
2140 860 139 41 Grua
2390 863 277 41 Gebrüder
2696 864 196 40 Müller
3003 864 121 39 Hell
3141 866 135 38 mesb
3292 878 87 40 erg
3396 868 60 39 ein-

2005 924 122 40 sehe
2140 936 15 27 s
2187 925 245 47 Quartett
2542 927 292 40 Akademie
2864 928 99 39 der
2992 927 280 41 Tonkunst

2337 987 684 55 Männergesang-Verein.]

2720 1091 106 39 Den
2856 1091 63 39 21.
2948 1092 296 41 November
3280 1093 111 40 1853.

2011 1166 85 51 Die
2129 1167 165 51 Fluten
2326 1169 148 66 gehen
2507 1167 168 52 bereits
2708 1186 51 33 so
2791 1170 119 49 hoch
2943 1171 94 50 und
3069 1172 259 60 stürmisch,
3362 1172 105 52 dass

1886 1269 103 32 man
2023 1252 140 49 Mühe
2195 1252 91 59 hat,
2318 1252 88 50 den
2436 1254 192 67 eigenen
2652 1254 179 49 kleinen
2858 1254 185 49 Nachen
3078 1255 114 50 über
3224 1256 87 51 den
3333 1259 103 51 Wel-

1885 1334 72 49 len
1990 1354 55 31 zu
2078 1336 220 51 erhalten.
2359 1338 184 50 Womit
2575 1336 196 69 beginne
2802 1338 71 50 ich
2911 1355 97 32 nun
3053 1338 219 50 diesmal?
3329 1343 137 49 Seien

1884 1419 85 51 wir
1999 1420 153 66 galant
2182 1420 94 51 und
2302 1421 148 51 lassen
2481 1423 87 49 den
2592 1424 179 49 Damen
2797 1423 89 50 den
2907 1421 214 51 Vortritt.
3152 1423 93 50 Frl.
3277 1425 190 50 Emmi

1884 1505 75 48 La
2004 1504 163 49 Grua
2227 1512 144 43 setzte
2420 1506 70 49 ihr
2533 1506 63 50 als
2638 1506 166 50 Amina
2845 1506 45 50 in
2943 1506 82 50 der
3060 1506 404 53 Nachtwandlerin

1881 1588 295 68 begonnenes
2208 1589 227 69 Gastspiel
2488 1590 261 69 (eigentlich
2798 1592 549 68 Engagements-Debut)
3395 1593 65 49 als

1884 1673 237 49 Valentine
2166 1673 45 49 in
2257 1673 90 51 den
2388 1677 306 64 Hugenotten
2727 1677 103 58 fort,
2877 1675 94 51 und
3017 1693 124 33 zwar
3185 1675 82 50 mit
3312 1675 148 51 einem

1880 1757 202 67 Erfolge,
2128 1757 207 50 welchen
2379 1759 97 50 ihre
2519 1768 137 50 erste,
2703 1778 134 32 wenn
2883 1760 117 50 auch
3046 1759 106 51 sehr
3199 1760 236 51 schätzens-

1881 1842 198 59 werthe,
2125 1843 225 69 Leistung
2382 1844 134 51 kaum
2549 1853 231 42 erwarten
2813 1846 118 50 liess.
2991 1846 75 49 Sie
3099 1846 291 49 entwickelte
3420 1847 44 49 in

1881 1926 149 50 dieser
2072 1927 133 49 Rolle
2248 1928 99 50 eine
2394 1929 181 50 Gewalt
2617 1931 78 49 des
2728 1929 289 60 Ausdrucks,
3064 1929 99 51 eine
3193 1931 126 48 Tiefe
3366 1931 94 50 und

1881 2011 321 49 Innerlichkeit
2228 2012 81 49 der
2333 2013 296 67 Auffassung,
2664 2014 175 50 welche
2863 2014 82 50 wir
2970 2013 69 50 ihr
3062 2013 126 50 nicht
3218 2021 247 59 zugetraut

1877 2094 163 50 hätten
2092 2096 94 49 und
2238 2096 84 58 die,
2376 2097 176 51 vereint
2592 2098 83 50 mit
2730 2100 102 48 dem
2884 2098 204 51 schönen
3133 2098 157 50 Metall
3343 2098 123 51 ihrer

1877 2180 209 54 Stimme,
2130 2180 104 49 dem
2276 2180 178 59 echten,
2495 2182 415 67 ungeschminkten
2943 2182 117 50 Adel
3107 2181 120 49 ihres
3260 2183 168 50 Vortra-

1876 2280 97 49 ges,
2018 2262 149 52 einem
2218 2262 381 62 lebenswarmen,
2651 2266 462 51 charakteristischen
3163 2266 151 67 Spiele
3367 2267 94 50 und

1876 2347 126 50 einer
2030 2347 319 67 angenehmen
2379 2354 221 45 äusseren
2630 2351 337 66 Erscheinung,
2999 2350 98 49 ihre
3127 2350 244 51 Valentine
3403 2370 57 32 zu

1877 2430 125 51 einer
2034 2431 81 50 der
2145 2431 333 51 vollendetsten
2511 2435 292 68 stempelten,
2848 2435 71 49 die
2951 2434 82 50 wir
3057 2434 47 67 je
3136 2434 182 67 gehört,
3363 2435 97 51 und

1879 2515 69 51 die
1982 2515 115 49 auch
2129 2516 123 50 nicht
2291 2516 235 60 verfehlte,
2573 2519 69 49 ihr
2685 2519 70 49 die
2797 2519 305 50 lebhaftesten
3133 2519 328 68 Sympathieen

1879 2616 190 33 unseres
2122 2599 266 52 Publicums
2448 2602 329 51 zuzuwenden.
2837 2605 136 47 Zwar
3014 2602 118 51 noch
3172 2602 125 51 nicht
3339 2620 114 51 ganz

1880 2684 207 49 schiiesst
2120 2684 93 51 sich
2242 2685 70 50 ihr
2342 2685 273 69 subjectives
2646 2689 78 49 Ich
2756 2688 80 50 mit
2863 2688 104 49 dem
2989 2688 170 67 Object
3188 2688 124 49 ihrer
3338 2690 92 48 Dar-

1880 2768 199 67 stellung
2110 2787 279 42 zusammen,
2434 2770 95 51 und
2575 2789 104 32 man
2726 2771 151 50 merkt
2929 2771 118 51 noch
3090 2771 222 50 zuweilen
3359 2771 100 51 eine

1879 2853 148 49 kleine
2056 2854 182 58 Lücke;
2271 2855 116 50 auch
2408 2855 271 61 entbehren,
2712 2856 86 50 wie
2831 2856 69 51 ich
2930 2856 145 50 Ihnen
3107 2856 142 50 schon
3279 2856 182 50 neulich

1885 2936 263 60 andeutete,
2194 2938 96 49 ihre
2321 2939 152 51 hohen
2503 2942 131 48 Töne
2672 2942 119 49 noch
2824 2942 82 49 der
2933 2940 303 68 Leichtigkeit
3267 2940 95 51 und
3394 2942 46 49 Si-

1884 3020 227 59 cherheit;
2143 3022 117 49 doch
2283 3022 166 67 glaube
2473 3023 86 58 ich,
2591 3023 103 52 dass
2727 3042 48 32 es
2808 3024 69 50 ihr
2907 3024 80 50 mit
3018 3024 82 50 der
3123 3024 99 50 Zeit
3252 3024 212 67 gelingen

1882 3105 130 59 wird,
2060 3107 117 49 auch
2222 3107 123 49 diese
2388 3108 410 67 Schwierigkeiten
2843 3127 114 49 ganz
3001 3127 55 32 zu
3089 3108 231 68 besiegen,
3367 3109 97 51 und

1882 3189 83 50 wir
1997 3188 148 49 haben
2177 3190 43 49 in
2246 3190 155 66 jedem
2432 3192 125 49 Falle
2587 3192 220 61 Ursache,
2839 3193 117 50 über
2986 3193 123 51 diese
3141 3210 118 33 neue
3291 3193 145 69 Acqui-

1884 3273 133 51 sition
2049 3274 107 49 sehr
2186 3276 174 49 erfreut
2392 3295 54 30 zu
2478 3276 108 52 sein.
2632 3278 72 50 Da
2746 3278 69 48 ihr
2846 3278 116 51 auch
2995 3279 91 49 Frl.
3118 3277 253 51 Liebhardt
3401 3278 64 50 als

1881 3357 201 68 Königin
2114 3358 92 51 und
2237 3377 141 33 unser
2408 3361 250 50 trefflicher
2684 3362 200 51 Draxler
2915 3363 65 50 als
3004 3363 188 50 Marcell
3224 3362 106 51 sehr
3358 3378 78 35 ver-

1884 3442 233 49 dienstlich
2153 3461 81 32 zur
2265 3444 124 50 Seite
2421 3444 207 61 standen,
2661 3464 51 33 so
2750 3446 150 51 haben
2930 3447 84 51 wir
3038 3447 117 67 jetzt
3184 3447 60 50 im
3277 3447 188 50 Ganzen

1884 3526 99 49 eine
2027 3526 107 49 sehr
2176 3527 259 69 gelungene
2465 3530 300 68 Darstellung
2816 3531 148 51 dieser
2996 3532 144 67 Oper.
3191 3530 85 50 Mit
3305 3531 159 48 Herrn

1882 3612 172 66 Steger
2086 3611 143 60 allein,
2262 3612 146 50 einem
2440 3613 244 69 Günstling
2713 3632 192 33 unseres
2935 3616 281 57 Publicums,
3262 3613 200 51 welcher

1882 3695 89 50 den
2001 3695 149 49 Raoul
2191 3696 136 67 singt,
2369 3714 187 52 vermag
2599 3698 68 50 ich
2707 3700 118 49 mich
2857 3700 229 49 durchaus
3128 3697 126 51 nicht
3295 3716 57 32 zu
3382 3697 54 51 be-

1884 3778 236 50 freunden.
2150 3780 163 51 Wenn
2336 3780 70 51 ich
2431 3781 122 51 seine
2573 3782 301 69 Naturgaben
2901 3782 203 59 abziehe,
3137 3781 70 51 die
3238 3781 44 51 in
3314 3781 146 51 einem

1881 3862 198 51 kolossal
2102 3862 225 69 kräftigen
2346 3865 189 67 Organe
2559 3866 239 61 bestehen,
2830 3867 79 50 das
2940 3866 82 50 mit
3048 3866 303 67 Leichtigkeit
3381 3865 80 51 das

1880 3947 122 51 hohe
2032 3947 174 50 Tenor-
2216 3950 37 49 C
2291 3949 171 68 angibt,
2507 3968 51 33 so
2599 3956 172 46 wüsste
2817 3950 71 51 ich
2929 3950 146 51 nichts
3118 3950 132 51 mehr
3279 3969 58 33 an
3366 3950 95 51 ihm

1882 4050 58 32 zu
1970 4031 224 59 rühmen;
2241 4032 119 53 denn
2403 4035 144 51 schön
2577 4035 59 51 ist
2681 4035 123 50 seine
2836 4034 193 51 Stimme
3060 4035 139 61 nicht,
3244 4035 217 52 vielmehr

1885 4114 277 54 schneidend
2192 4118 93 50 und
2317 4119 204 58 näselnd,
2564 4119 126 51 seine
2722 4120 129 50 Töne
2893 4118 218 53 kommen
3138 4120 74 51 nie
3254 4121 85 51 fest
3371 4119 95 52 und
