3520 4341
1712 125 100 48 115

332 259 277 64 „Wagner's
639 258 201 50 Irrthum
870 261 131 48 rührt
1030 261 159 56 daher,
1220 261 101 48 dass
1349 262 93 48 sein
1477 263 242 56 Verstand,

206 356 48 33 so
284 334 316 64 hochfliegend
630 351 50 32 er
708 338 114 46 auch
853 338 69 56 ist,
950 337 87 48 den
1062 338 293 47 Unterschied
1385 338 77 48 des
1489 341 196 63 sprach-

207 414 183 50 lichen
422 411 90 48 und
543 411 77 48 des
651 413 430 50 musicalischen
1114 413 263 56 Ausdrucks
1405 416 122 47 nicht
1555 416 134 48 durch-

206 492 159 47 schaut
394 505 42 30 u.
460 503 33 32 s.
519 505 54 30 sv.
605 485 80 67 [Es
715 489 146 65 folgen
894 491 80 47 auf
997 491 146 47 dieser
1175 491 122 47 Basis
1326 491 70 47 die
1425 492 42 47 in
1499 493 194 47 Deutsch-

206 566 104 49 land
339 564 185 48 vielfach
549 564 486 68 durchgesprochenen
1061 567 376 63 Einwendungen
1469 585 144 48 gegen
1644 569 77 49 das

204 642 449 64 Deckungs-System
684 659 82 31 von
798 644 96 47 Ton
927 642 91 48 und
1051 642 172 64 Wort.]

331 718 241 63 „Wagner
597 719 76 47 hat
703 719 92 47 also
826 719 71 47 die
921 719 203 47 Gränzen
1150 718 80 48 der
1253 720 146 46 Kunst
1422 719 120 47 nicht
1564 720 131 47 erwei-

204 802 102 49 tert,
336 811 49 30 er
413 794 53 48 ist
496 812 111 47 ganz
637 811 80 31 aus
746 795 143 46 ihrem
930 795 297 63 eigentlichen
1259 795 189 47 Gebiete
1479 795 216 65 herausge-

202 879 162 40 treten.
398 872 115 48 Was
538 872 109 63 geht
668 870 72 47 die
765 872 146 45 Kunst
934 887 46 30 es
1010 887 74 38 an,
1114 888 132 31 wenn
1278 888 48 29 er
1354 888 81 31 aus
1466 873 141 47 ihrem
1635 874 60 47 Ge-

204 948 118 48 biete
352 948 295 49 heraustritt?
698 948 149 47 Bleibt
875 964 50 31 er
953 948 146 56 darin,
1138 966 47 30 so
1218 953 266 43 unterstützt
1513 949 90 48 und
1634 950 90 47 hält

200 1025 63 49 sie
292 1025 102 55 ihn;
425 1025 95 46 tritt
548 1039 49 32 er
628 1023 180 57 heraus,
837 1039 49 32 so
911 1024 103 47 lässt
1034 1025 62 47 sie
1119 1025 75 47 ihn
1221 1025 165 56 laufen,
1418 1025 89 47 und
1532 1043 48 31 er
1606 1027 118 47 fühlt

201 1101 93 49 sich
324 1118 113 46 ganz
468 1100 119 47 wohl
618 1098 155 48 dabei!

331 1176 156 56 „Aber
529 1175 138 48 selbst
710 1193 131 32 wenn
878 1178 211 64 Wagner
1129 1179 59 47 im
1232 1178 188 48 Gebiete
1462 1178 80 49 der
1576 1181 148 46 Kunst

204 1253 157 55 bleibt,
407 1253 54 47 ist
496 1269 49 31 er
574 1253 119 47 dann
732 1255 220 64 originel?
1000 1255 119 48 Lebt
1147 1272 48 30 er
1222 1272 85 30 von
1336 1255 168 48 seinem
1535 1256 188 65 eigenen

204 1329 296 63 Vermögen?
554 1330 66 46 Er
662 1329 93 48 lebt
795 1348 86 30 von
922 1330 102 50 dem
1070 1331 338 64 gemeinsamen
1444 1333 118 47 Gute
1604 1333 120 48 eines

201 1405 197 57 Weber,
433 1406 223 64 Spontini,
695 1408 191 57 Berlioz,
921 1408 65 64 ja,
1028 1409 140 47 selbst
1207 1409 173 62 einiger
1419 1409 305 48 italiänischen

209 1482 340 65 Componisten,
578 1482 93 49 und
700 1484 194 48 erfindet
922 1501 50 32 er
1000 1485 165 48 einmal
1195 1485 98 47 eine
1322 1485 158 65 eigene
1509 1486 215 57 Melodie,

204 1576 50 32 so
282 1560 106 48 lässt
414 1560 75 47 ihn
521 1559 70 49 die
621 1578 154 47 grosse
806 1562 165 59 Quelle
999 1562 81 49 der
1110 1561 211 57 Melodie,
1361 1562 80 47 der
1471 1564 252 48 Universal-

202 1636 214 57 Melodie,
433 1637 82 47 der
536 1637 323 60 italiänischen,
873 1639 264 57 deutschen,
1156 1639 326 48 französischen
1508 1641 57 46 im
1585 1641 136 48 Stich.

329 1715 243 65 „Wagner
593 1716 56 47 ist
670 1715 250 66 durchweg
944 1716 118 48 bloss
1084 1716 178 64 negativ
1287 1716 89 48 und
1400 1717 160 64 glaubt
1580 1717 141 49 durch

201 1791 230 65 Negation
458 1791 171 48 wirken
651 1809 53 30 zu
729 1792 196 49 können.
954 1794 51 47 In
1032 1792 147 49 dieser
1198 1794 260 62 Beziehung
1486 1794 55 48 ist
1566 1811 50 31 er
1645 1794 78 49 das

202 1867 204 49 Product
441 1869 147 47 seiner
613 1870 110 48 Zeit.
771 1871 123 47 Alles
938 1874 275 53 umstürzen,
1255 1888 75 30 um
1361 1871 123 47 Alles
1523 1871 201 50 nachher

204 1943 170 49 wieder
402 1943 305 59 aufzubauen,
748 1946 54 47 ist
831 1946 80 47 der
941 1947 173 49 Traum
1143 1947 135 47 vieler
1308 1947 194 57 Geister,
1531 1947 70 49 die
1629 1949 92 48 sich

202 2021 78 47 für
305 2021 125 48 stark
461 2021 169 58 halten,
661 2023 100 47 weil
788 2023 63 49 sie
882 2023 279 65 eigensinnig
1189 2023 114 59 sind,
1342 2023 91 50 und
1465 2026 75 47 für
1570 2025 128 65 begei-

201 2105 127 49 stert,
359 2098 101 47 weil
482 2098 62 47 sie
567 2100 99 47 eine
691 2100 88 47 fixe
802 2100 104 48 Idee
930 2101 163 48 haben.
1122 2102 94 47 Das
1239 2101 96 47 sind
1358 2102 163 57 Leute,
1550 2103 171 49 welche

207 2175 159 48 —wie
394 2176 139 47 schon
562 2177 264 65 Montaigne
854 2185 100 57 sagt
1052 2195 75 32 um
1159 2178 129 49 einen
1320 2178 194 49 Flecken
1543 2196 149 48 wegzu-

202 2251 211 66 bringen,
442 2252 87 48 den
558 2253 122 49 Stoff
714 2253 252 59 zerreiben,
1010 2255 94 48 und
1147 2256 173 48 welche
1362 2255 70 49 die
1467 2257 257 48 Krankheit

202 2328 144 49 durch
375 2328 88 49 den
492 2330 99 48 Tod
623 2331 144 48 heilen

317 2407 56 46 11.
403 2407 94 47 Das
526 2407 353 50 ausführlichste
910 2408 175 50 Urtheil
1127 2408 115 49 über
1272 2408 212 66 Wagner
1519 2410 92 48 und
1639 2411 63 47 sei-

201 2498 88 32 nen
328 2484 301 47 Tannhäuser
667 2484 79 49 hat
787 2484 82 50 der
908 2486 394 48 Berichterstatter
1336 2486 82 48 der
1455 2487 158 50 Revue
1648 2488 76 49 des

201 2559 119 50 deux
346 2558 214 62 Mondes,
604 2562 193 48 Pierre
840 2563 208 56 Scudo,
1091 2563 296 65 abgegeben;
1430 2581 50 32 er
1514 2564 79 50 hat
1630 2566 91 47 sich

200 2637 139 48 schon
361 2638 84 47 seit
464 2638 171 47 Jahren
658 2639 82 49 mit
760 2639 250 65 Wagner's
1034 2639 254 49 Theorieen
1317 2641 94 48 und
1438 2641 145 48 ihrem
1607 2642 85 48 Ver-

202 2713 212 50 hältnisse
451 2732 54 31 zu
548 2714 81 49 der
672 2717 188 47 wahren
898 2717 149 48 Musik
1088 2717 285 65 beschäftigt,
1415 2718 116 48 auch
1571 2719 150 56 vieles,

204 2808 92 32 was
326 2792 43 48 in
398 2793 312 48 Deutschland
740 2793 201 50 darüber
971 2794 297 65 geschrieben
1296 2796 71 56 ist,
1402 2797 197 63 gelesen,
1629 2796 91 48 und

201 2869 170 65 spricht
398 2869 91 49 sich
522 2869 115 49 über
665 2871 87 48 den
781 2872 300 48 Tannhäuser
1103 2872 109 65 jetzt
1240 2881 90 39 erst
1358 2890 98 40 aus,
1498 2873 222 48 nachdem

201 2962 50 32 er
280 2945 124 49 einer
432 2947 305 66 Hauptprobe
778 2948 91 50 und
910 2948 94 50 drei
1035 2949 351 65 Vorstellungen
1416 2949 305 65 beigewohnt.

199 3023 105 48 Sein
333 3023 175 48 Urtheil
539 3024 56 47 ist
621 3025 167 58 scharf,
818 3024 112 50 aber
958 3025 81 49 mit
1066 3025 150 59 Ruhe,
1248 3028 78 47 mit
1354 3028 139 47 Ernst
1522 3027 91 48 und
1644 3028 80 47 mit

199 3099 473 51 wissenschaftlichem
704 3103 150 48 Geiste
887 3103 245 65 abgefasst.

310 3178 68 47 Er
413 3178 98 65 gibt
546 3186 150 41 zuerst
737 3180 99 47 eine
872 3180 345 65 vollständigere
1246 3180 268 50 Uebersicht
1543 3180 78 50 des
1650 3183 49 47 In-

199 3253 133 61 halts,
361 3255 64 49 als
455 3255 85 49 alle
571 3257 200 48 anderen
802 3258 214 49 Kritiker.
1084 3260 124 55 „Aus
1236 3258 146 49 dieser

197 3330 125 50 fährt
343 3348 51 32 er
416 3332 119 49 dann
560 3333 88 48 fort
657 3362 85 29 —,
776 3334 99 57 „die
900 3335 82 49 wir
1002 3352 49 32 so
1075 3335 99 49 klar
1197 3337 62 48 als
1284 3337 195 64 möglich
1510 3337 214 64 gemacht

195 3406 170 60 haben,
397 3409 114 48 wird
540 3427 106 32 man
675 3410 91 49 sich
799 3412 310 66 überzeugen,
1146 3412 102 49 dass
1278 3413 70 48 die
1376 3413 216 66 Legende
1620 3431 100 31 vom

196 3487 316 58 Tannhäuser,
553 3503 49 33 so
646 3488 86 48 wie
774 3489 214 65 Wagner
1028 3489 63 47 sie
1136 3489 245 50 behandelt
1422 3492 96 57 hat,
1560 3492 160 48 keinen

195 3563 324 51 brauchbaren
546 3565 122 49 Stoff
699 3583 53 31 zu
781 3565 145 50 einem
959 3567 342 52 musicalischen
1331 3570 177 47 Drama
1537 3569 184 48 enthält.

193 3640 120 48 Kein
345 3641 256 50 Charakter
633 3644 53 47 ist
715 3643 129 49 darin
873 3644 155 48 scharf
1051 3644 277 65 gezeichnet,
1366 3645 130 49 keine
1524 3645 168 50 Leiden-

195 3716 146 50 schaft
367 3718 101 49 klar
496 3720 395 65 ausgesprochen;
935 3720 73 48 die
1035 3721 233 49 Personen
1306 3723 263 48 erscheinen
1599 3723 124 48 nicht

195 3794 64 48 als
287 3796 304 50 menschliche
624 3798 190 59 Wesen,
856 3798 88 57 die,
985 3798 86 49 wie
1099 3799 100 58 wir,
1242 3799 87 48 den
1358 3800 362 50 Wechselfällen

195 3869 77 51 des
301 3871 179 50 Lebens
510 3876 312 49 unterworfen
860 3875 114 57 sind,
1015 3875 196 50 sondern
1255 3878 64 48 als
1361 3878 360 66 metaphysische

195 3949 231 66 Symbole,
455 3950 72 50 die
557 3953 110 48 eher
695 3954 43 47 in
769 3954 129 48 einen
927 3954 310 65 platonischen
1267 3955 168 65 Dialog
1466 3956 63 47 als
1554 3956 42 47 in
1622 3955 98 50 eine

193 4026 303 52 dramatische
535 4030 253 67 Handlung
828 4033 220 66 gehören.
1114 4033 85 48 Die
1242 4033 230 66 poetische
1516 4034 201 65 Sprache

1796 266 62 48 W
1865 267 175 62 agner's
2079 268 54 46 ist
2171 285 48 30 so
2256 268 164 49 dunkel
2464 270 90 48 und
2598 271 134 58 dicht,
2774 291 131 32 wenn
2943 291 103 33 man
3075 292 47 32 so
3151 294 137 49 sagen

1792 341 115 57 darf,
1946 342 100 48 dass
2074 343 61 47 sie
2164 345 197 49 trefflich
2392 347 209 64 geeignet
2634 348 186 59 scheint,
2860 352 70 48 die
2966 352 325 66 zweideutigen

1795 418 246 47 Gedanken
2072 419 118 49 eines
2214 421 192 48 Orakels
2434 440 51 30 zu
2509 423 254 57 verhüllen;
2793 442 74 32 um
2897 428 109 49 aber
3037 428 254 51 bestimmte

1795 494 213 55 Gefühle,
2027 496 313 48 entschiedene
2358 498 365 50 Leidenschaften
2742 501 77 47 des
2836 505 325 47 menschlichen
3178 507 87 47 Her-

1794 586 116 39 zens,
1942 571 169 48 welche
2139 572 70 47 die
2239 573 146 48 Musik
2422 576 79 45 mit
2537 576 141 48 ihrem
2708 577 182 48 Zauber
2919 581 250 47 umkleiden
3200 583 96 55 soll,

1795 646 356 58 auszudrücken,
2182 649 163 49 bedarf
2368 667 45 31 es
2443 652 120 47 einer
2594 652 169 58 klaren,
2796 654 260 49 fliessenden
3080 658 215 64 Sprache,

1795 722 71 47 die
1895 722 78 48 das
1996 723 165 65 Object
2181 726 146 47 scharf
2350 727 213 57 zeichnet,
2594 729 115 47 ohne
2737 747 46 29 es
2811 748 51 30 zu
2895 731 78 48 fest
3004 732 265 49 einzuschnü-

1796 816 94 30 ren.
1923 799 244 65 Wagner's
2190 802 240 48 Phantasie
2453 803 77 47 hat
2551 803 88 47 sich
2671 806 41 47 in
2744 807 67 47 ein
2838 807 176 48 Gewirr
3043 823 82 32 von
3156 812 116 61 poeti-

1795 875 136 49 schen
1954 877 299 48 Ausdrücken
2276 879 104 47 sehr
2403 880 405 64 untergeordneter
2825 884 199 65 Gattung
3048 887 247 54 verstrickt,

1796 967 80 32 aus
1905 952 144 49 denen
2078 971 47 30 er
2154 972 87 30 nur
2269 957 138 47 selten
2438 957 354 49 herauskommt.
2821 960 81 47 Mit
2925 962 158 47 Einem
3108 962 192 48 Worte:

1796 1028 80 47 der
1904 1030 299 49 Tannhäuser
2237 1032 54 47 ist
2318 1033 69 47 ein
2418 1033 291 65 ungeschickt
2737 1035 320 50 dramatisirtes
3085 1038 216 48 Märchen

1796 1104 118 47 ohne
1945 1105 264 65 Handlung,
2244 1108 117 48 ohne
2392 1109 279 48 Charaktere
2702 1110 90 47 und
2821 1112 117 47 ohne
2966 1113 232 57 Interesse,
3229 1115 70 47 ein

1799 1180 183 48 banales
2018 1183 91 47 und
2140 1183 249 49 kindisches
2418 1185 141 65 Sujet,
2596 1187 98 48 eine
2736 1204 83 31 von
2855 1188 136 65 jenen
3029 1192 272 62 gespreizten

1797 1259 694 65 metaphysisch-sentimentalen
2515 1264 197 61 Fragen,
2741 1264 70 47 die
2834 1282 103 30 man
2967 1265 59 49 im
3048 1267 257 48 Mittelalter

1795 1350 80 32 vor
1903 1334 85 48 den
2020 1335 301 51 Liebeshöfen
2350 1355 51 31 zu
2430 1339 275 48 verhandeln
2737 1339 178 65 pflegte.

1922 1413 240 63 „Wagner
2201 1415 55 47 ist
2291 1432 111 48 ganz
2445 1415 90 48 und
2570 1433 82 47 gar
2688 1416 68 49 ein
2787 1418 216 47 Künstler
3043 1419 124 47 einer
3192 1420 112 57 Zeit,

1797 1488 172 48 welche
2010 1488 69 49 die
2109 1489 348 65 Eigenschaften
2500 1493 90 47 und
2627 1494 176 62 Mängel
2845 1494 123 48 einer
2996 1494 190 48 Periode
3225 1495 75 50 des

1800 1564 190 48 Verfalls
2020 1565 100 50 hat:
2152 1583 49 30 er
2228 1566 55 49 ist
2304 1568 69 47 ein
2405 1569 295 57 Quasi-Poet,
2730 1569 78 47 der
2836 1571 80 46 auf
2940 1570 127 48 einen
3098 1573 201 47 Kritiker

1796 1642 226 65 gepfropft
2050 1642 69 56 ist,
2148 1644 70 48 ein
2248 1644 217 57 Musiker,
2501 1645 80 48 der
2615 1662 80 31 aus
2736 1646 122 47 einer
2886 1648 195 47 Theorie
3120 1649 156 48 hervor-

1795 1735 240 50 gegangen
2062 1720 71 57 ist,
2162 1720 70 49 die
2261 1738 48 31 er
2330 1721 138 48 selbst
2495 1722 210 64 gemacht
2722 1722 93 58 hat,
2844 1740 75 31 um
2944 1724 145 48 seiner
3117 1725 187 64 eigenen

1795 1796 146 48 Sache
1969 1796 82 50 auf
2073 1796 71 50 die
2173 1799 138 47 Beine
2338 1816 54 31 zu
2422 1799 159 48 helfen.
2624 1800 121 47 Alles
2775 1816 55 31 an
2860 1800 92 47 ihm
2993 1800 54 48 ist
3076 1802 225 63 gemacht,

1795 1872 93 47 und
1916 1872 43 49 in
1987 1874 152 47 seinen
2170 1875 208 48 Werken
2407 1875 55 48 ist
2487 1876 122 47 Alles
2650 1876 198 65 gewollt,
2891 1876 223 65 überlegt,
3158 1877 113 49 beab-

1794 1949 202 64 sichtigt;
2025 1950 72 48 die
2125 1951 531 65 Haupt-Eigenschaften
2685 1954 76 47 des
2791 1952 179 57 Genies,
2999 1954 80 47 frei
3108 1970 80 32 aus
3216 1955 90 48 sich

1794 2026 138 48 selbst
1959 2027 259 49 schaffende
2234 2029 240 49 Phantasie
2505 2029 90 48 und
2610 2029 249 50 Wahrheit
2887 2029 79 49 der
2981 2030 324 66 Empfindung,

1797 2103 145 49 fehlen
1973 2105 133 47 ihnen
2135 2121 112 47 ganz
2278 2106 90 47 und
2397 2123 94 48 gar.
2534 2107 65 47 Er
2618 2106 173 48 kommt
2807 2107 144 47 einem
2981 2107 83 49 fast
3090 2125 93 41 vor,
3213 2109 86 48 wie

1795 2180 70 48 ein
1894 2181 197 65 Sophist,
2121 2181 80 48 der
2229 2181 70 49 die
2328 2182 242 50 Menschen
2601 2182 116 48 über
2751 2182 71 48 die
2860 2183 157 47 wahre
3048 2185 149 47 Natur
3225 2185 80 48 der

1795 2257 150 64 Dinge
1971 2275 53 30 zu
2040 2258 213 49 täuschen
2281 2260 131 48 sucht
2440 2258 90 49 und
2552 2260 91 47 sich
2674 2260 145 57 müht,
2840 2258 266 50 scheinbare
3120 2260 186 49 Gründe

1796 2333 164 52 hervor
1988 2352 52 31 zu
2069 2336 187 57 suchen,
2286 2354 75 30 um
2392 2337 119 47 seine
2540 2337 188 65 eigenen
2742 2336 277 48 Schwächen
3047 2354 53 30 zu
3128 2338 153 49 verhül-

1796 2411 85 49 len.
1926 2412 212 65 Wagner
2168 2412 155 50 besitzt
2351 2415 128 47 mehr
2509 2413 193 65 Ehrgeiz
2731 2412 90 50 und
2850 2413 192 49 Streben
3069 2413 45 49 in
3136 2415 166 49 seinem

1797 2488 190 56 Willen,
2017 2490 62 47 als
2110 2490 242 64 Fügigkeit
2379 2490 42 48 in
2449 2490 168 48 seinem
2657 2491 178 57 Talent,
2873 2491 131 47 mehr
3032 2491 194 48 Theorie
3260 2492 46 47 in

1794 2566 167 48 seinem
1993 2566 240 57 Verstand,
2256 2568 62 47 als
2347 2568 178 49 wahres
2553 2568 170 47 Gefühl
2751 2567 43 48 in
2824 2568 165 47 seinem
3019 2570 206 55 Herzen;
3254 2586 50 32 er

1794 2643 92 64 legt
1914 2660 45 30 es
1988 2644 82 47 auf
2102 2643 78 50 das
2224 2644 304 67 Complicirte,
2570 2643 302 66 Grossartige,
2911 2644 257 49 manchmal
3205 2646 94 48 und

1792 2718 116 50 noch
1938 2719 117 49 öfter
2082 2721 81 48 auf
2185 2721 79 48 das
2285 2721 393 64 Ungeheuerliche
2700 2737 73 40 an,
2803 2721 90 47 und
2915 2721 170 48 scheint
3107 2737 110 48 ganz
3245 2738 55 32 zu

1794 2796 273 57 verkennen,
2097 2798 84 47 wie
2209 2798 81 48 viel
2318 2798 269 50 Erhabenes
2615 2797 93 48 und
2739 2798 243 48 Göttliches
3009 2798 43 48 in
3094 2797 79 49 der
3194 2799 83 47 Ein-

1795 2873 197 50 fachheit

1916 2953 194 46 —Herr
2139 2952 150 48 Scudo
2318 2952 175 49 kommt
2521 2952 184 49 alsdann
2744 2952 81 48 auf
2850 2952 247 63 Wagner's
3125 2952 154 48 theore-

1795 3027 140 49 tische
1963 3028 240 57 Schriften,
2233 3029 269 49 namentlich
2519 3029 114 49 auch
2652 3028 80 48 auf
2755 3028 86 48 den
2859 3028 203 48 famosen
3079 3028 227 50 Vorrede-

1795 3104 128 48 Brief
1957 3122 79 30 zur
2079 3106 327 49 französischen
2445 3106 339 64 Uebersetzung
2831 3106 148 46 seiner
3027 3106 280 64 Opernlexte

1796 3180 132 64 (über
1957 3183 84 48 den
2073 3201 48 30 er
2151 3184 114 47 auch
2297 3184 177 47 Hiller's
2505 3184 175 49 Artikel
2718 3183 61 48 im
2810 3183 252 48 Feuilleton
3092 3183 81 48 der
3201 3184 81 47 Kol-

1803 3240 6 7 *
2587 3245 14 9 4

1794 3259 181 48 nischen
2004 3260 192 64 Zeitung
2225 3259 224 65 anführt),
2477 3259 93 48 und
2600 3259 81 50 auf
2703 3259 71 48 die
2793 3259 347 50 Unhaltbarkeit
3165 3260 142 47 seiner

1794 3338 537 63 Kunst-Philosopheme.
2389 3338 143 48 Unter
2562 3337 230 49 Anderem
2829 3337 119 48 wirft
2986 3353 48 32 er
3064 3337 243 64 Wagner's

1795 3414 147 48 Kritik
1974 3415 179 64 Mangel
2192 3432 56 30 an
2288 3415 296 66 Richtigkeit,
2625 3432 58 32 an
2718 3413 311 49 umfassender
3067 3413 240 49 Kenntniss

1795 3492 91 49 und
1917 3508 54 32 an
2002 3492 405 64 Unparteilichkeit
2434 3509 91 32 vor.
2592 3493 65 47 Er
2699 3492 140 49 werfe
2881 3490 70 49 die
2977 3492 209 47 Zeitalter
3215 3489 91 50 und

1795 3569 71 48 die
1897 3569 257 65 Gattungen
2186 3569 117 48 eben
2331 3586 48 31 so
2410 3569 141 48 durch
2582 3568 231 57 einander,
2844 3569 82 47 wie
2961 3567 68 49 die
3057 3567 225 49 Nationali-

1794 3650 142 51 täten;
1977 3645 81 49 mit
2100 3645 315 65 verdächtiger
2444 3645 362 50 Gelehrsamkeit
2846 3643 92 49 und
2979 3643 157 49 höchst
3172 3643 108 49 ober-

1795 3723 278 48 flächlichem
2106 3724 185 50 Wissen
2322 3724 187 66 spreche
2539 3742 48 30 er
2617 3724 114 48 über
2768 3721 70 49 die
2877 3721 281 65 wichtigsten
3194 3723 87 48 Fra-

1795 3818 84 48 gen
1909 3800 59 48 ab
1998 3800 93 48 und
2120 3801 124 49 ziehe
2272 3818 82 32 aus
2382 3818 110 48 ganz
2535 3800 324 51 willkürlichen
2897 3799 254 48 Prämissen
3194 3798 115 49 eben

1792 3894 47 31 so
1871 3876 297 50 willkürliche
2197 3879 336 65 Folgerungen.
2591 3876 151 50 Ueber
2773 3876 245 64 Wagner's
3045 3875 152 48 Lehre
3225 3892 85 31 von

1792 3954 103 48 dem
1927 3954 279 49 Ver'nältniss
2234 3955 82 48 der
2336 3956 232 64 Dichtung
2595 3970 77 32 zur
2688 3951 147 50 Musik
2854 3951 92 50 und
2976 3951 157 50 dessen
3150 3953 157 48 Praxis

1792 4033 80 48 der
1903 4033 510 66 Wort-Uebersetzung
2440 4034 42 48 in
2512 4034 126 47 Töne
2669 4030 210 66 bestätigt
2907 4030 152 50 Scudo
3088 4030 216 50 vollkom-

2932 4101 66 75 H
