3520 4341
1712 99 101 50 117

209 230 374 63 Ueherlieferung
599 227 78 50 der
695 228 243 50 deutschen
957 231 165 50 Schule
1151 232 283 65 gebrochen;
1465 235 70 48 die
1556 236 168 57 Lehre,

206 307 71 47 die
306 324 50 29 er
386 307 41 46 in
460 307 126 46 Paris
625 306 203 49 erhalten
868 307 93 56 hat,
1000 308 54 47 ist
1094 308 118 58 hart,
1262 311 109 47 aber
1408 312 185 62 gerecht
1634 314 90 47 und

209 383 202 47 heilsam.
458 385 128 44 Denn
618 382 78 48 das
726 383 297 49 Durchfallen
1066 385 77 47 des
1181 387 298 48 Tannhäuser
1509 388 76 47 hat
1626 390 98 48 eine

206 461 165 61 Menge
399 458 294 49 Nachahmer
722 461 57 47 im
813 461 130 47 Keim
974 461 232 56 erdrückt,
1246 462 70 48 die
1358 463 90 47 sich
1499 465 222 62 glücklich

206 536 180 63 gefühlt
426 535 167 57 hätten,
651 537 96 47 ihre
798 537 310 47 musicalische
1156 538 264 49 Ohnmacht
1465 540 142 48 durch
1645 541 79 48 das

206 611 528 48 Glaubensbekenntniss
776 630 141 30 neuer
953 613 254 47 Theorieen
1245 631 52 31 zu
1342 616 240 48 maskiren.
1663 618 61 46 Es

205 688 96 65 gibt
332 696 117 40 etwa
473 688 253 50 drei—ich
752 691 167 47 könnte
948 689 62 46 sie
1043 706 177 32 nennen
1231 719 83 29 —,
1344 692 71 48 die
1437 692 91 48 sich
1559 693 164 49 bereits

205 764 306 58 anschickten,
540 767 93 47 sich
663 783 79 31 vor
779 767 71 46 die
881 766 119 45 Stirn
1041 783 50 30 zu
1132 767 213 63 schlagen
1385 769 90 47 und
1512 769 89 49 sich
1646 787 78 31 vor

205 841 101 48 dem
337 860 184 45 grossen
553 843 258 64 Propheten
842 841 80 47 der
952 843 194 47 Melodie
1183 843 77 48 des
1291 844 195 49 Waldes
1533 863 52 30 zu
1626 848 71 46 nei-

206 933 102 49 gen.
351 919 74 47 Sie
455 918 183 48 werden
668 918 92 46 sich
792 916 119 48 wohl
935 917 109 65 jetzt
1074 918 214 50 besinnen
1320 921 89 47 und
1463 923 260 53 „„Hailoh!

206 994 114 50 über
348 996 87 48 den
765 993 232 57 schreien;
1021 994 117 49 denn
1155 1013 44 31 es
1216 997 96 48 sind
1336 999 100 63 gute

329 1072 148 54 „Was
507 1087 81 30 uns
613 1069 185 57 betrifft,
821 1087 47 30 so
892 1070 206 49 erklären
1129 1073 83 46 wir
1240 1073 137 56 offen,
1400 1074 102 49 dass
1531 1077 82 46 wir
1643 1092 82 32 uns

205 1147 114 48 über
347 1148 70 46 ein
447 1147 232 63 Ereigniss
708 1147 176 62 gefreut
914 1147 166 57 haben,
1128 1148 79 48 das
1250 1149 70 48 die
1359 1150 248 49 Wahrheit
1645 1152 80 48 der

202 1224 182 47 Lehren
430 1223 226 65 bestätigt,
701 1224 72 48 die
816 1224 82 47 wir
939 1225 84 47 seit
1068 1227 163 63 langen
1272 1228 172 47 Jahren
1486 1237 238 40 vertreten.

205 1300 136 47 Diese
369 1300 199 56 Lehren,
599 1300 82 47 wir
707 1302 146 47 haben
874 1302 62 47 sie
966 1302 120 48 nicht
1109 1303 239 57 erfunden,
1378 1305 83 46 wir
1490 1305 147 49 haben
1663 1307 62 47 sie

204 1392 81 32 aus
315 1375 80 47 der
426 1377 268 48 Geschichte
723 1378 80 47 der
832 1379 149 46 Kunst
1011 1378 89 48 und
1133 1396 80 30 aus
1241 1378 87 49 den
1353 1382 370 48 Meisterwerken

202 1453 82 48 der
313 1454 179 47 Genie's
529 1472 217 47 gezogen,
788 1454 89 48 und
919 1472 102 32 man
1063 1457 56 45 ist
1155 1457 141 55 stark,
1331 1474 131 32 wenn
1507 1476 102 31 man
1653 1459 71 48 die

201 1530 199 48 schönen
433 1530 168 48 Worte
630 1531 79 49 des
733 1533 315 62 Evangelisten
1079 1531 81 49 auf
1181 1533 92 47 sich
1297 1535 250 47 anwenden
1580 1535 144 49 kann:

214 1608 188 56 „„Wer
428 1624 84 32 von
541 1609 92 47 sich
663 1609 139 48 selbst
828 1609 186 65 spricht,
1043 1610 131 46 sucht
1202 1609 86 49 den
1322 1611 190 65 eigenen
1542 1613 179 56 Ruhm;

202 1700 96 32 wer
327 1684 112 48 aber
466 1685 87 47 den
577 1686 152 47 Ruhm
755 1686 259 65 desjenigen
1044 1686 146 54 sucht,
1220 1686 80 49 der
1324 1689 76 46 ihn
1424 1693 189 59 gesandt
1631 1690 92 56 hat,

201 1761 83 49 der
312 1763 54 47 ist
395 1764 243 56 wahrhaft,
668 1764 89 47 und
790 1780 55 31 an
875 1764 91 46 ihm
997 1763 54 47 ist
1081 1764 100 47 kein

317 1839 94 47 Das
444 1839 369 48 unterschreiben
846 1839 81 47 wir
957 1840 264 64 vollständig
1253 1841 89 49 und
1372 1843 241 47 schliessen
1644 1843 52 48 da-

204 1915 80 47 mit
312 1914 71 48 die
413 1916 149 64 Frage
593 1915 115 48 über
742 1915 196 48 Bichard
969 1916 230 65 Wagner,
1236 1919 71 47 die
1347 1919 75 47 für
1460 1937 81 30 uns
1579 1921 146 63 längst

201 1992 348 64 abgeschlossen
595 2010 112 40 war,
743 1995 115 46 auch
902 1992 76 49 für
1015 1994 94 48 sein
1146 1996 239 49 Auftreten
1424 1998 92 47 und
1565 1996 156 50 dessen

202 2070 331 64 Beurlheilung
560 2071 44 47 in
635 2072 125 47 Paris
790 2071 73 48 ab.

597 2321 160 67 Faust,
800 2321 127 72 Oper
969 2339 94 36 von
1105 2321 220 55 Gounod.

317 2456 235 51 GounocTs
582 2459 140 47 Faust
751 2457 53 49 ist
832 2475 92 31 nun
955 2457 106 49 fünf
1084 2459 90 47 Mal
1199 2457 83 49 auf
1314 2457 80 49 der
1422 2457 301 50 darinstädter

199 2535 254 49 Hofbühne
480 2535 207 63 gegeben
718 2535 202 48 worden.
964 2537 94 46 Der
1088 2536 138 47 Leser
1255 2535 113 48 wird
1397 2535 42 48 in
1467 2536 253 65 Zeitungen

199 2612 110 47 aller
339 2611 247 65 Gegenden
614 2612 207 47 Berichte
853 2612 113 47 über
1006 2611 70 48 die
1119 2629 184 47 grossen
1345 2612 190 64 Erfolge
1575 2612 146 48 dieser

199 2688 144 65 Oper,
373 2705 49 32 er
453 2687 110 48 wird
597 2688 300 64 unbedingtes
926 2688 118 56 Lob,
1084 2690 95 47 hier
1208 2688 90 49 und
1329 2688 57 49 da
1415 2690 198 48 Ausrufe
1643 2690 77 48 des

197 2766 286 48 Entzückens
515 2766 244 63 gefunden,
789 2767 98 47 eine
924 2767 282 64 eingehende
1242 2766 341 65 Besprechung,
1621 2768 99 47 eine

196 2843 208 64 Prüfung
433 2842 80 48 der
544 2843 226 50 einzelnen
802 2843 156 47 Theile
987 2843 78 47 des
1093 2843 327 47 Kunstwerkes
1467 2843 45 47 in
1555 2843 135 49 beson-

195 2920 133 48 derer
357 2920 442 64 Berücksichtigung
827 2920 80 48 der
936 2921 149 47 Musik
1117 2921 249 63 vergebens
1410 2921 191 63 gesucht
1637 2922 53 47 ha-

196 2997 103 48 ben.
342 2997 113 48 Eine
484 2997 151 48 solche
667 2997 149 48 haben
849 2998 81 47 wir
961 3006 364 41 unternommen.

310 3077 93 44 Zur
432 3092 208 46 genauen
672 3076 318 63 Bezeichnung
1027 3092 184 31 unseres
1240 3075 339 66 Standpunktes
1609 3077 83 47 wol-

195 3151 70 47 len
296 3151 84 48 wir
408 3152 224 55 erklären,
662 3153 100 47 dass
793 3152 84 48 wir
905 3153 80 47 das
1014 3153 239 47 Textbuch
1291 3170 113 47 ganz
1447 3170 48 32 so
1527 3153 168 65 accepti-

195 3245 96 39 ren,
314 3229 84 47 wie
427 3228 71 48 die
522 3228 329 50 französischen
872 3229 265 50 Bearbeiter
1161 3229 76 49 des
1262 3231 302 48 Göthe'schen
1579 3232 141 47 Faust

196 3321 47 32 es
271 3304 164 58 boten;
464 3306 103 48 dass
595 3307 84 47 wir
707 3308 93 47 also
831 3323 83 49 gar
943 3307 124 48 nicht
1094 3312 207 44 erörtern
1330 3307 203 58 werden,
1561 3308 42 47 in
1634 3309 85 47 wie

195 3382 95 48 fern
319 3382 71 48 die
421 3383 273 48 Göthe'sche
726 3384 229 64 Dichtung
988 3384 77 47 für
1105 3384 130 47 einen
1265 3384 258 65 Operntext
1570 3402 145 47 passe,

193 3461 44 47 in
267 3461 85 48 wie
384 3461 93 47 fern
508 3461 80 47 der
619 3462 264 63 Componist
911 3461 151 48 diesen
1088 3461 110 49 oder
1220 3461 137 64 jenen
1382 3463 255 48 Charakter
1658 3463 61 48 im

195 3537 152 48 Geiste
376 3537 80 49 der
486 3538 232 65 Dichtung
747 3538 247 64 aufgefasst
1023 3538 118 48 habe
1173 3556 40 30 u.
1242 3555 33 31 s.
1308 3556 55 32 w.
1397 3541 107 48 Wir
1533 3539 183 49 werden

193 3612 72 49 die
292 3623 266 56 strengeren
601 3614 246 49 deutschen
888 3616 547 64 Kunst-Anschauungen
1472 3633 84 47 gar
1594 3618 123 47 nicht

193 3692 183 61 geltend
407 3693 208 55 machen,
646 3693 123 48 nicht
795 3693 72 47 die
896 3693 143 48 Pietät
1067 3711 146 47 gegen
1245 3693 86 48 den
1362 3694 188 49 Dichter
1579 3694 138 59 üben,

193 3768 173 48 welche
397 3770 217 49 mancher
642 3772 141 47 Leser
811 3772 219 47 vielleicht
1058 3772 247 65 verlangen
1333 3772 163 48 dürfte.
1562 3773 124 64 Dage-

193 3861 87 48 gen
304 3845 183 50 werden
520 3848 82 47 wir
630 3866 84 30 uns
742 3848 126 48 desto
901 3848 128 48 mehr
1058 3864 55 32 an
1145 3848 78 48 das
1275 3848 97 48 rein
1401 3849 316 48 Musicalische

193 3922 150 48 halten
376 3923 90 48 und
498 3923 69 48 bei
600 3924 80 48 der
693 3925 208 65 Prüfung
929 3925 216 49 mancher
1161 3927 137 47 Stelle
1328 3924 85 50 den
1435 3925 148 50 Effect
1609 3925 81 50 sub-

192 3999 219 61 trahiren,
441 4002 203 48 welchen
675 4003 71 48 die
785 4003 366 65 Erinnerung
1189 4019 57 32 an
1288 4002 87 49 den
1413 4004 302 48 Göthe'schen

1795 239 309 50 deutschen
2134 245 140 48 Faust
2302 246 57 48 im
2384 247 236 50 Publicum
2646 260 195 56 erzeugt,
2869 254 99 48 eine
2990 255 302 69 Erinnerung,

1795 316 70 47 die
1895 317 101 47 dem
2029 320 326 51 französischen
2384 326 104 46 sehr
2518 326 62 47 oft
2606 344 51 29 zu
2681 329 172 48 Statten
2883 331 186 50 kommt.

1909 395 85 47 Um
2021 397 83 45 alle
2135 397 328 68 überflüssigen
2496 402 420 68 Wiederholungen
2944 425 51 31 zu
3026 410 270 57 vermeiden,

1797 470 160 47 wollen
1988 471 82 47 wir
2098 474 69 47 ein
2200 475 75 47 für
2303 477 84 46 alle
2416 479 89 45 Mal
2545 479 262 58 bemerken,
2849 480 98 49 dass
2990 485 193 50 Gounod
3224 488 70 47 ein

1796 545 294 49 künstlerisch
2120 548 265 64 gebildeter,
2431 554 280 63 praktischer
2747 556 201 50 Musiker
2987 560 69 57 ist,
3097 561 80 48 der
3224 562 71 50 die

1800 621 194 48 lechnik
2027 625 78 45 mit
2133 642 179 46 grosser
2341 628 400 51 Geschicklichkeit
2769 632 255 57 handhabt;
3073 637 119 49 seine
3220 640 48 46 In-

1794 700 344 48 strumentation
2175 703 53 46 ist
2269 703 236 66 gediegen,
2558 707 120 47 seine
2718 708 245 50 Recitative
2999 711 96 47 sind
3135 714 161 48 immer

1795 790 115 47 ganz
1940 775 161 66 richtig
2130 777 349 66 durchgeführt,
2507 782 120 48 seine
2655 785 369 63 Stimmführung
3051 796 132 57 zeugt
3211 806 84 33 von

1795 860 270 54 genauester
2093 855 243 48 Kenntniss
2366 858 91 47 und
2487 857 368 52 künstlerischem
2881 863 181 49 Fleisse.

1909 928 102 47 Und
2040 932 131 46 somit
2197 932 145 64 gehen
2374 935 80 47 wir
2481 952 78 31 zur
2586 937 205 64 Prüfung
2820 938 126 50 über.

1910 1006 84 47 Die
2024 1007 127 62 Oper
2181 1008 184 64 beginnt
2393 1012 80 47 mit
2501 1012 145 47 einem
2675 1013 494 70 Orchester-Vorspiel,
3198 1020 75 49 des-

1794 1096 77 32 sen
1899 1082 212 48 Andante
2154 1083 159 50 keinen
2355 1088 287 48 erheblichen
2685 1091 337 48 musicalischen
3052 1096 245 49 Gedanken

1795 1157 242 57 aulweis't;
2068 1158 70 48 die
2162 1161 270 49 melodische
2454 1163 170 48 Phrase
2647 1182 70 31 am
2742 1167 207 47 Schlüsse
2972 1168 75 47 des
3073 1171 223 66 Vorspiels

1795 1232 53 48 ist
1867 1233 104 48 sehr
1994 1229 187 56 hübsch.
2214 1239 113 47 Dem
2352 1248 144 40 ersten
2515 1242 215 48 Recitativ
2747 1244 176 47 Faust's
2947 1244 108 65 folgt
3076 1247 98 48 eine
3191 1250 106 48 Arie

1796 1307 282 67 (Ansprache
2109 1330 54 29 an
2194 1313 70 48 die
2294 1316 307 64 Gift-Phiole),
2643 1318 87 55 die,
2769 1336 47 30 so
2846 1319 84 49 wie
2959 1319 81 49 der
3070 1323 122 47 Chor
3220 1324 79 49 der

1796 1387 252 48 Landleute
2090 1390 90 46 und
2220 1390 78 49 das
2332 1394 137 47 Duett
2504 1396 218 47 zwischen
2755 1398 138 47 Faust
2932 1398 87 47 und
3059 1401 238 63 Mephisto,

1796 1462 320 49 unbedeutend
2143 1467 88 45 und
2256 1469 113 46 auch
2394 1469 196 50 effectlos
2620 1470 65 49 ist.
2717 1473 84 47 Die
2821 1473 109 48 Arie
2953 1474 197 50 Faust's:
3186 1478 113 55 „Ein

1797 1540 209 49 Wunsch
2036 1559 88 30 nur
2411 1547 53 47 ist
2492 1548 41 47 in
2563 1547 80 48 der
2670 1549 254 66 Erfindung
2957 1552 104 48 sehr
3088 1554 209 50 schwach

1796 1617 89 47 und
1917 1618 169 48 enthält
2121 1619 135 64 jenen
2302 1622 251 49 wohlfeilen
2584 1624 276 65 Uebergang
2896 1643 79 31 aus
3010 1628 80 47 der
3117 1631 182 64 Haupt-

1795 1694 173 47 Tonart
1997 1695 40 46 in
2070 1697 70 47 die
2170 1697 80 47 der
2276 1716 186 47 grossen
2488 1702 129 56 Terz,
2646 1717 80 32 aus
2938 1704 42 47 in
3212 1708 87 48 den

1795 1769 70 48 ein
1894 1770 292 65 geistreicher
2217 1774 264 66 Componist
2516 1778 84 47 wie
2632 1778 193 49 Gounod
2855 1779 169 66 füglich
3055 1782 120 49 nicht
3203 1784 72 47 auf-

1797 1848 190 48 wenden
2016 1850 151 48 sollte:

1794 2535 245 48 Seltsamer
2069 2536 158 47 Weise
2257 2536 132 48 kehrt
2416 2536 145 48 dieser
2589 2537 292 66 Uebergang,
2913 2539 87 48 und
3031 2540 42 48 in
3102 2542 198 64 gleicher

1796 2612 158 48 Weise
1999 2612 287 57 vorbereitet,
2341 2613 43 47 in
2432 2615 131 48 zwei
2612 2616 543 65 Haupt-Momenten
3205 2620 95 49 der

1792 2690 149 64 Oper
1971 2690 191 57 wieder;
2194 2691 81 47 wir
2304 2690 146 48 heben
2481 2691 151 48 diesen
2655 2694 219 48 Umstand
2905 2694 175 58 hervor,
3104 2697 99 47 weil
3226 2696 70 50 die

1794 2766 307 66 besprochene
2126 2767 317 48 harmonische
2462 2770 251 64 Wendung
2735 2770 122 48 nicht
2878 2777 116 42 etwa
3015 2789 51 30 zu
3092 2772 83 49 den
3205 2775 71 47 ein-

1791 2843 159 49 fachen
1979 2843 180 65 gehört,
2201 2845 71 48 die
2314 2845 91 47 sich
2446 2845 58 47 im
2537 2846 157 48 Flusse
2735 2847 80 47 der
2843 2847 191 48 Melodie
3074 2850 225 48 natürlich

1791 2921 286 57 entwickeln,
2105 2922 195 48 sondern
2322 2922 217 48 vielmehr
2567 2941 50 31 zu
2642 2923 136 65 jenen
2799 2923 204 50 Effecten
3026 2944 52 29 zu
3102 2927 198 48 rechnen

1790 2998 71 57 ist,
1891 2998 70 49 die
1985 2998 113 49 einst
2120 3016 83 31 von
2227 3000 80 47 der
2330 3000 439 49 neu-französischen
2792 3001 166 48 Schule
2982 3002 89 47 und
3097 3020 83 30 von
3202 3005 64 48 Do-

1791 3076 146 48 nizetti
1968 3077 80 46 viel
2078 3076 253 65 gebraucht
2360 3076 203 56 wurden,
2599 3077 109 65 jetzt
2744 3078 113 49 aber
2891 3080 108 47 total
3028 3080 272 49 verbraucht

1790 3153 95 47 sind
1917 3152 90 48 und
2037 3153 42 47 in
2111 3152 84 48 den
2225 3153 340 65 abgetragenen
2595 3155 335 48 romantischen
2961 3157 165 48 Trödel
3158 3158 111 64 gehö-

1792 3248 94 39 ren,
1930 3247 78 31 aus
2050 3229 101 49 dem
2195 3229 71 49 die
2303 3231 132 57 Voss,
2477 3231 175 48 Ascher
2693 3232 91 47 und
2817 3232 248 50 Consorten
3095 3236 92 46 und
3227 3235 69 48 die

1789 3308 133 47 ihnen
1947 3307 328 65 ebenbürtigen
2299 3307 513 67 Lieder-Componisten
2841 3311 97 47 ihre
2962 3311 333 48 musicalischen

1792 3384 435 50 Mess-Artikelchen
2258 3384 216 49 bereiten.

1904 3462 85 47 Die
2013 3461 271 48 melodische
2307 3463 188 56 Phrase,
2524 3463 80 47 mit
2632 3463 195 48 welcher
2852 3463 77 50 das
2953 3463 241 50 Orchester
3222 3464 72 49 die

1791 3539 476 66 phantasmagorische
2297 3539 317 65 Erscheinung
2652 3539 241 66 (Gretchen
2924 3558 69 31 am
3023 3541 268 64 Spinnrade)

1792 3617 224 65 begleitet,
2055 3617 55 46 ist
2138 3616 105 48 sehr
2274 3617 226 48 wirksam.
2551 3618 96 47 Der
2676 3618 179 48 Schluss
2885 3617 74 48 des
2987 3626 145 39 ersten
3161 3619 136 47 Actes

1791 3694 150 64 bringt
1961 3693 98 48 eine
2082 3693 372 66 Wiederholung
2477 3694 80 49 der
2577 3694 193 49 Melodie
2793 3696 128 63 jener
2943 3693 117 50 oben
3085 3696 180 49 erwähn-

1788 3779 72 41 ten
1889 3769 122 50 Arie.

1900 3849 66 46 Im
1990 3848 187 48 zweiten
2201 3849 113 47 Acte
2345 3848 233 65 begegnen
2603 3849 81 47 wir
2711 3853 147 42 zuerst
2885 3848 146 48 einem
3055 3849 210 50 Wechsel-

1788 3925 125 56 chor,
1952 3924 44 48 in
2027 3925 219 49 welchem
2276 3925 266 56 Studenten,
2578 3924 230 57 Soldaten,
2846 3924 195 66 Bürger,
3071 3925 221 50 Mädchen

1790 4003 89 49 und
1908 4003 241 49 Matronen
2189 4004 113 50 nach
2341 4002 213 50 einander
2584 4002 283 58 erscheinen;
2910 4019 48 32 er
2985 4003 55 48 ist
