2678 4509
338 343 231 94 LA
693 312 572 125 CITÉ.
1524 335 480 99 DEC.
2136 340 417 94 1923

206 3816 127 97 96

1954 611 12 10 -/

338 639 405 57 enthousiastes,
778 656 65 33 en
876 636 149 67 dépit
1056 637 164 52 d'une
1255 636 337 66 atmosphère
1627 635 261 53 mortelle.
1929 635 72 52 Ils
2037 633 198 58 rêvent,
2273 650 98 48 pro-

336 726 229 52 duisent.
588 725 230 52 édifient.
843 725 74 52 Et
936 725 71 51 les
1029 724 139 53 voici
1189 724 146 66 prêts
1356 724 29 50 à
1408 722 280 66 reprendre
1708 735 52 39 et
1780 722 31 52 à
1834 720 324 67 développer
2182 721 221 53 l'œuvre

335 813 88 50 des
448 811 194 57 Horta,
672 811 89 52 des
787 810 196 52 Vande
1008 810 188 56 Velde,
1225 810 89 52 des
1340 809 245 57 Hankar,
1615 809 89 52 des
1731 809 129 51 Van
1890 806 401 69 Rysselberghe.

692 967 704 56 L'ENSEIGNEMENT.
1484 967 124 54 SES
1652 965 382 55 DEFAUTS.

875 1055 434 53 METHODES
1365 1053 483 54 NOUVELLES.

589 1145 93 51 LE
742 1141 502 55 PROGRAMME
1307 1141 104 53 DE
1473 1140 306 54 VICTOR
1841 1138 296 56 HORTA.

494 1242 296 52 Comment
819 1260 51 33 se
899 1239 367 54 forment-ils?
1303 1239 95 54 Un
1431 1257 104 48 peu
1567 1257 69 33 au
1667 1238 196 52 hasard
1895 1252 50 38 et
1976 1255 142 35 nous
2147 1253 258 50 pouvons

329 1346 139 36 nous
498 1328 285 66 appliquer
813 1328 45 51 le
888 1341 119 38 mot
1046 1346 12 32 :
1105 1345 30 34 «
1172 1326 46 52 Il
1251 1326 96 66 n'y
1379 1343 28 35 a
1439 1343 98 49 pas
1566 1326 63 52 de
1660 1324 217 56 maître;
1911 1324 40 54 il
1985 1323 96 67 n'y
2114 1342 28 33 a
2175 1341 106 49 que
2312 1322 89 53 des

330 1416 164 53 élèves
528 1435 51 33 ».
613 1416 79 52 La
725 1415 213 53 routine
970 1428 76 39 est
1077 1413 270 52 maîtresse
1379 1413 64 55 de
1474 1412 451 65 l'enseignement.
1962 1412 121 52 Nos
2116 1409 288 54 académies

330 1516 126 38 sont
486 1502 29 51 à
547 1502 52 52 la
632 1519 281 48 remorque
946 1501 63 52 de
1042 1500 201 52 l'Ecole
1276 1500 90 52 des
1396 1498 368 56 Beaux-Arts,
1799 1497 136 53 mais
1967 1515 52 34 ce
2051 1498 96 64 qui
2182 1510 76 39 est
2290 1496 113 53 bon

327 1608 63 34 en
428 1590 195 51 France
660 1605 141 36 nous
837 1601 76 38 est
951 1605 104 34 une
1091 1585 324 67 perpétuelle
1451 1601 228 36 menace.
1722 1585 94 53 On
1855 1583 259 54 soustrait
2152 1582 182 55 l'élève
2373 1583 30 53 à

330 1675 436 66 l'indispensable
799 1674 266 66 pratique.
1101 1672 93 55 Où
1230 1672 150 54 mène
1416 1672 51 52 la
1502 1671 150 66 copie
1688 1672 208 65 passive
1930 1671 90 53 des
2055 1670 254 67 planches
2343 1670 63 52 de

326 1763 268 66 Vignole?
634 1763 120 64 Que
788 1774 136 39 vaut
959 1759 199 54 l'étude
1195 1760 136 52 d'un
1366 1759 285 66 chapiteau
1688 1759 42 52 si
1766 1759 116 52 l'on
1920 1776 65 36 ne
2023 1756 231 53 réfléchit
2292 1774 109 34 aux

329 1850 205 52 raisons
562 1849 64 52 de
654 1867 54 34 sa
739 1848 221 53 beauté?
993 1846 207 54 Mêmes
1230 1859 286 39 errements
1547 1845 136 53 dans
1711 1845 73 52 les
1812 1844 304 67 puissantes
2144 1843 166 54 écoles
2342 1844 62 52 de

327 1935 298 55 Saint-Luc
649 1935 75 54 où
750 1935 73 52 les
848 1933 236 54 modèles
1109 1933 284 67 classiques
1418 1931 130 55 font
1576 1931 147 69 place
1750 1933 29 52 à
1808 1949 106 36 une
1939 1929 269 56 exclusive
2236 1931 132 52 docu-

324 2023 306 53 mentation
658 2020 315 59 médiévale;
1006 2036 50 39 et
1084 2020 171 54 même
1286 2019 216 53 absence
1533 2020 64 52 de
1627 2019 85 53 vie
1740 2018 266 68 pratique.
2042 2018 97 53 Un
2166 2017 143 54 élève
2339 2018 64 52 de

329 2109 298 55 Saint-Luc
653 2109 123 52 vint
801 2127 87 34 me
913 2108 272 52 consulter
1215 2126 75 34 un
1319 2107 131 67 jour
1477 2124 91 36 sur
1595 2107 74 53 les
1695 2105 219 54 services
1942 2104 136 55 d'un
2107 2103 194 56 musée.
2332 2103 76 53 Le

324 2215 260 35 concours
617 2197 62 53 de
712 2196 84 53 fin
832 2194 224 55 d'année
1091 2194 280 54 consistait
1404 2213 65 35 en
1505 2213 75 33 un
1614 2192 183 68 projet
1831 2193 64 53 de
1929 2192 176 53 musée
2142 2190 257 67 régional.

327 2286 74 52 Le
430 2284 136 67 style
594 2284 264 67 gothique
888 2283 130 54 était
1046 2283 64 54 de
1142 2282 231 66 rigueur.
1407 2282 94 53 On
1531 2300 84 35 me
1644 2281 195 53 convia
1869 2281 29 52 à
1929 2278 357 67 l'exposition
2318 2281 90 52 des

344 2372 229 53 devoirs.
578 2370 270 55 C'étaient
870 2384 195 40 autant
1087 2370 65 54 de
1173 2368 352 55 cathédrales!
1552 2368 76 54 Le
1651 2368 161 66 jeune
1832 2368 225 54 homme
2080 2385 105 49 que
2208 2366 197 67 j'avais

325 2458 267 65 renseigné
615 2457 189 54 n'était
827 2457 170 54 même
1018 2457 162 66 point
1203 2455 172 54 classé.
1406 2456 45 52 Il
1476 2455 130 53 était
1631 2453 130 55 resté
1785 2453 281 68 gothique,
2094 2453 136 55 mais
2255 2452 149 53 avait

326 2545 88 53 osé
437 2545 282 53 concevoir
742 2563 55 34 sa
822 2544 370 54 construction
1219 2563 64 34 en
1310 2541 194 56 béton!

482 2632 348 54 L'architecte
853 2631 135 54 Jean
1015 2631 331 57 Smolderen,
1378 2630 288 58 d'Anvers,
1698 2629 226 54 brillant
1951 2629 207 54 lauréat
2185 2630 64 52 de
2277 2641 127 40 tous

324 2720 72 53 les
430 2738 278 39 concours,
749 2719 205 53 m'écrit
990 2737 124 34 avec
1149 2716 287 68 éloquence
1472 2716 73 68 (je
1584 2715 204 56 résume
1826 2735 56 35 sa
1920 2716 404 64 consultation)
2386 2735 14 32 :

333 2827 30 33 «
390 2808 465 64 L'enseignement
879 2820 76 40 est
976 2805 337 67 insignifiant
1337 2823 75 36 ou
1440 2804 264 55 dérisoire.
1735 2805 45 54 Il
1807 2823 51 34 se
1885 2818 196 39 ressent
2107 2804 75 53 du
2208 2820 104 49 peu
2340 2804 64 53 de

322 2894 229 67 prestige
579 2908 51 39 et
656 2894 64 53 de
745 2892 397 54 considération
1169 2893 141 53 dont
1336 2892 267 67 jouissent
1631 2892 73 53 les
1731 2890 321 55 architectes.
2083 2890 81 54 La
2193 2889 180 69 profes-

320 2983 119 52 sion
462 2996 76 39 est
559 2980 203 54 exercée
782 2999 99 49 par
902 2982 72 52 les
992 2980 84 54 fils
1097 2982 64 53 de
1181 2982 52 52 la
1256 2994 155 41 toute
1431 2980 165 68 petite
1618 2979 355 67 bourgeoisie,
1999 2993 52 41 et
2072 2979 53 54 la
2149 2996 221 49 suppres-

321 3069 118 54 sion
463 3069 75 54 du
561 3069 134 52 Prix
717 3069 65 52 de
804 3068 175 55 Rome
1003 3087 229 48 aggrave
1255 3069 50 52 la
1330 3067 283 54 situation.
1642 3067 418 53 L'architecture
2086 3085 110 35 sera
2221 3066 150 54 désor-

317 3157 137 52 mais
477 3156 226 53 réservée
729 3175 109 34 aux
863 3156 185 53 classes
1070 3154 355 69 privilégiées;
1453 3156 72 53 les
1549 3154 93 55 fils
1666 3156 65 53 de
1754 3156 185 53 bonne
1961 3154 212 55 famille
2197 3171 174 37 exerce-

320 3259 127 38 ront
472 3257 156 40 notre
655 3259 83 38 art
764 3262 209 35 comme
998 3243 51 52 la
1076 3245 226 66 plupart
1330 3245 90 53 des
1446 3243 305 54 architectes
1778 3242 207 69 anglais
2013 3262 66 35 en
2105 3242 181 55 créant
2312 3242 91 53 des

320 3331 184 53 offices
534 3330 408 54 d'architecture
973 3331 139 53 dont
1143 3331 65 53 ils
1241 3345 356 44 assumeront,
1632 3330 212 68 j'hésite
1874 3349 228 49 presque
2132 3331 28 52 à
2192 3331 49 52 le
2272 3330 128 58 dire,

320 3419 51 52 la
413 3419 172 66 partie
626 3419 366 53 commerciale
1032 3438 64 34 en
1138 3436 51 36 se
1229 3417 205 55 faisant
1478 3419 144 53 aider
1665 3436 99 50 par
1807 3419 89 54 des
1940 3417 357 55 dessinateurs
2340 3417 65 54 de

320 3506 217 54 carrière
556 3506 126 68 plus
705 3525 75 35 ou
800 3506 182 54 moins
1003 3506 166 55 doués
1196 3527 51 34 ».
1274 3507 75 54 Et
1369 3506 84 55 M.
1479 3506 318 56 Smolderen
1818 3507 67 54 de
1906 3506 291 68 s'insurger
2219 3518 186 42 contre

320 3594 228 53 l'inertie
569 3594 76 53 du
668 3594 242 67 pouvoir
931 3609 51 38 et
1003 3594 385 54 l'indifférence
1411 3595 75 53 du
1509 3594 186 68 public
1717 3594 128 68 (que
1867 3594 371 67 n'ajoute-t-il
2264 3593 65 55 de
2352 3593 52 53 la
