2680 4466
2363 3774 147 95 101

185 290 66 94 L
312 292 99 92 A
543 292 183 117 CJ
792 272 315 122 TÉ.
1392 300 475 102 DEC.
2001 308 408 94 1923

327 588 28 50 à
382 588 51 51 la
458 587 318 67 Brangwyn
804 605 49 38 et
876 590 207 67 impose
1110 610 109 34 aux
1248 592 189 54 détails
1465 610 103 36 une
1596 593 174 54 forme
1796 597 354 63 personnelle;
2184 599 182 52 réalisa-

329 689 117 38 teur
480 675 268 66 pratique,
787 677 38 51 il
862 677 121 54 s'est
1018 679 266 64 spécialisé
1322 681 136 51 dans
1493 681 71 50 les
1600 684 396 50 constructions
2033 696 145 40 entre
2218 699 177 38 toutes

329 761 283 53 modernes
655 780 11 32 :
705 762 275 68 cliniques,
1051 766 325 57 infirmeries,
1448 766 290 65 hôpitaux.
1815 769 44 51 Il
1930 771 310 54 construisit
2309 773 87 52 des

329 847 271 54 demeures
637 850 361 64 particulières
1037 868 51 37 et
1129 853 89 52 des
1257 854 138 65 logis
1436 854 264 56 ouvriers;
1747 870 122 36 avec
1912 873 73 34 un
2027 856 266 54 bâtiment
2335 859 61 51 de

327 934 144 52 force
491 935 239 57 motrice,
754 936 29 51 à
805 936 199 59 Haren,
1027 939 38 51 il
1086 955 214 49 prouva
1322 957 104 47 que
1448 939 193 51 l'usine
1662 953 76 38 est
1759 941 313 64 susceptible
2095 944 62 51 de
2179 943 211 57 beauté;

329 1021 137 51 mais
505 1021 37 51 il
584 1039 28 33 a
653 1021 179 54 donné
872 1043 54 33 sa
965 1025 174 66 pleine
1181 1043 203 34 mesure
1426 1043 123 33 avec
1590 1027 51 49 la
1682 1025 233 65 clinique
1957 1029 73 50 du
2072 1030 220 51 docteur
2333 1030 62 51 C.

326 1108 357 65 (Bruxelles),
720 1112 46 50 le
797 1113 162 51 home
990 1113 502 52 anti-tuberculeux
1525 1113 119 65 près
1679 1113 296 53 d'Ostende
2010 1131 48 35 et
2093 1117 49 49 la
2177 1117 217 52 Maison

334 1195 89 51 des
461 1195 327 55 Infirmières
825 1199 357 64 (Bruxelles).
1229 1199 212 65 Chargé
1481 1201 63 50 de
1583 1199 51 51 la
1676 1201 368 50 construction
2088 1203 72 50 du
2203 1204 196 51 nouvel

329 1281 214 67 hôpital
573 1284 383 59 universitaire,
983 1287 38 51 il
1047 1303 224 36 renonce
1296 1287 30 51 à
1351 1287 51 51 la
1430 1286 327 64 disposition
1785 1305 64 33 en
1876 1287 223 65 largeur,
2128 1288 272 65 supprime

326 1369 74 53 les
428 1369 153 54 salles
611 1388 327 42 communes,
973 1373 363 66 déprimantes
1366 1388 51 37 et
1449 1373 324 57 immorales,
1808 1375 257 63 applique
2098 1376 44 51 le
2175 1376 221 65 système

326 1458 401 52 centralisateur
764 1472 126 40 tout
926 1479 64 34 en
1028 1460 350 66 répartissant
1416 1461 137 51 dans
1591 1460 140 52 leurs
1769 1460 264 66 quartiers
2070 1479 222 48 propres
2330 1463 71 51 les

324 1545 218 52 services
562 1545 300 58 médicaux,
886 1547 396 66 chirurgicaux,
1305 1547 361 66 hospitaliers,
1693 1560 94 38 etc.
1812 1546 283 66 L'hôpital
2118 1549 213 53 devient
2354 1550 45 51 le

327 1631 129 65 plus
484 1646 235 40 avenant
747 1634 90 52 des
863 1632 177 54 hôtels
1067 1664 81 8 •
1176 1634 206 64 Joseph
1412 1634 246 64 Diongre
1690 1651 29 33 a
1751 1634 268 52 construit
2050 1634 88 53 des
2168 1635 237 52 maisons

326 1719 285 59 ouvrières,
658 1738 102 35 une
802 1721 131 65 jolie
975 1721 165 52 ferme
1185 1723 28 49 à
1255 1721 224 54 Weerde
1522 1720 324 63 (Brabant),
1893 1720 228 53 maintes
2164 1723 236 52 maisons

319 1805 363 65 particulières
700 1820 52 40 et
769 1824 30 34 a
818 1808 127 52 doté
965 1809 46 51 le
1030 1825 136 49 pays
1185 1809 136 52 d'un
1342 1806 104 54 très
1464 1808 137 52 beau
1622 1822 328 38 monument
1967 1806 434 54 commémoratif

327 1893 64 52 de
414 1894 51 51 la
487 1912 201 48 guerre,
712 1895 135 52 celui
871 1896 63 51 de
957 1895 331 54 Londerzeel
1312 1894 325 66 (Brabant),
1666 1895 166 52 haute
1858 1896 240 51 lanterne
2123 1913 62 34 en
2213 1895 192 66 pierres

327 1982 253 52 blanches
613 1996 52 38 et
698 1982 231 66 briques.
1082 1983 52 52 A
1171 1983 297 57 Bruxelles,
1509 1983 175 52 citons
1719 1999 184 35 encore
1938 1983 152 52 Jules
2123 1982 280 53 Brunfaut

326 2068 167 65 (pour
527 2086 76 34 ses
637 2069 239 52 maisons
913 2070 76 53 du
1028 2087 190 48 square
1253 2069 136 52 Jean
1427 2069 174 52 Jacob
1639 2083 51 38 et
1728 2069 62 52 de
1830 2069 51 51 la
1921 2086 90 35 rue
2051 2069 61 51 de
2151 2069 51 51 la
2241 2068 160 63 Loi),

326 2156 252 53 Blomme
617 2157 204 66 (façade
863 2176 92 33 rue
994 2158 64 51 de
1097 2158 250 64 l'Ecuyer
1388 2156 319 66 apparentée
1750 2175 109 34 aux
1902 2156 263 53 créations
2206 2157 199 53 d'Otto

325 2243 295 66 Wagner),
663 2243 189 54 Alexis
891 2244 262 53 Dumont
1190 2243 161 65 (école
1393 2244 29 51 à
1463 2243 331 65 Jodoigne),
1839 2244 73 51 les
1952 2243 160 52 frères
2154 2243 251 52 Hamesse

325 2331 289 66 (plusieurs
646 2331 245 58 cinémas,
926 2331 177 53 hôtels
1135 2331 194 66 privés,
1366 2330 155 64 etc.),
1558 2330 320 58 Bonduelle,
1915 2331 284 57 Pelseneer,
2236 2331 169 51 Henri

324 2418 240 58 Lacoste,
593 2418 120 67 déjà
740 2420 98 52 cité
865 2438 143 48 pour
1036 2438 99 34 son
1163 2420 156 66 église
1346 2420 63 51 de
1436 2418 287 58 Bléharies,
1756 2431 191 40 auteur
1975 2418 75 53 du
2077 2431 326 40 monument

327 2525 110 34 aux
465 2507 205 52 soldats
696 2507 174 65 belges
895 2521 174 38 morts
1097 2525 64 34 en
1188 2507 200 52 France
1415 2506 458 65 (Père-Lachaise)
1915 2521 51 37 et
1994 2519 219 39 surtout
2243 2506 161 52 d'une

326 2595 267 66 boutique
616 2595 29 52 à
668 2595 254 52 Tournai
943 2605 13 48 (
975 2595 206 66 1922).
1206 2594 182 53 —La
1412 2595 171 52 même
1609 2592 312 69 génération
1948 2606 215 52 compte
2187 2612 63 34 en
2277 2610 95 48 pro-

326 2683 153 52 vince
514 2702 13 31 :
559 2683 27 52 à
614 2683 179 57 Gand,
825 2683 169 53 Oscar
1021 2683 127 52 Van
1181 2683 62 52 de
1271 2683 244 56 Voorde,
1548 2681 321 52 l'architecte
1898 2680 209 66 élégant
2136 2694 51 39 et
2216 2681 188 64 souple

326 2770 64 52 de
414 2770 353 66 l'exposition
793 2770 64 52 de
890 2788 173 47 1913;
1093 2770 28 51 à
1147 2770 229 56 Anvers,
1406 2769 129 53 Van
1561 2769 203 65 Aspere
1788 2783 51 38 et
1864 2769 130 52 Van
2020 2766 280 54 Averbeke

327 2859 51 51 la
399 2876 205 34 caserne
626 2858 89 53 des
735 2858 274 66 pompiers
1032 2858 62 52 de
1116 2876 51 33 ce
1190 2857 205 53 dernier
1418 2872 77 37 est
1516 2857 137 52 d'un
1676 2857 117 52 vrai
1816 2855 331 66 précurseur;
2177 2855 27 51 à
2227 2855 173 64 Liège,

327 2946 322 57 Comblain;
677 2946 28 50 à
730 2944 267 57 Verviers,
1025 2944 294 65 Duesberg.

485 3033 74 52 Le
588 3033 109 52 rôle
724 3033 62 52 de
813 3051 224 48 presque
1067 3047 125 38 tous
1218 3051 78 33 ces
1324 3032 209 52 artistes
1561 3046 76 38 est
1665 3032 255 52 d'autant
1949 3031 125 66 plus
2100 3029 300 52 honorable

325 3122 164 65 qu'ils
533 3135 117 43 ont,
698 3139 207 34 comme
952 3120 73 52 les
1072 3120 251 66 premiers
1370 3132 311 43 novateurs,
1731 3120 282 62 beaucoup
2061 3116 229 53 souffert
2338 3116 61 52 de

324 3210 282 53 l'hostilité
636 3210 284 52 ambiante.
956 3208 95 52 Un
1081 3208 76 52 air
1186 3208 62 52 de
1276 3207 207 52 famille
1514 3203 297 70 rapproche
1839 3207 139 51 leurs
2008 3222 221 40 œuvres,
2262 3203 134 66 qu'il

325 3297 209 66 s'agisse
557 3297 63 51 de
641 3297 50 51 la
715 3310 261 38 structure
999 3293 253 67 générale,
1279 3296 87 51 des
1389 3293 253 53 éléments
1666 3295 63 52 de
1752 3295 52 51 la
1827 3292 200 66 façade,
2053 3292 63 52 de
2140 3292 49 51 la
2215 3291 150 63 dispo-

324 3386 165 52 sition
509 3385 281 53 intérieure
810 3382 340 55 confortable
1173 3398 50 36 et
1247 3381 355 53 accueillante.
1632 3382 73 52 Ils
1727 3395 100 39 ont
1849 3380 181 53 secoué
2055 3398 75 34 un
2151 3379 248 52 mauvais

324 3474 202 66 bagage
552 3473 322 64 scolastique
900 3487 51 38 et
978 3471 89 52 tué
1096 3471 89 52 des
1213 3471 146 52 excès
1384 3470 234 52 fâcheux
1647 3470 69 62 (le
1743 3466 361 56 modernisme
2132 3466 267 65 engendra

322 3563 73 51 les
414 3561 127 65 plus
560 3574 164 40 sottes
744 3560 310 52 caricatures
1074 3559 27 51 à
1119 3558 174 66 Liège,
1319 3559 228 56 Anvers,
1569 3556 164 54 Gand
1754 3556 229 64 (comme
2004 3556 28 51 à
2052 3555 279 51 Bruxelles
2344 3561 12 49 )
2381 3572 14 38 ;
