2678 4478
171 330 231 94 LA
532 309 559 123 CITÉ.
1378 336 477 96 DEC.
1985 341 406 94 1923

2344 3827 164 95 105

320 625 106 52 être
456 642 191 49 aperçu
674 643 99 48 par
801 625 89 53 des
917 628 221 53 milliers
1167 630 65 52 de
1261 642 322 53 spectateurs
1614 643 126 39 tout
1768 649 64 35 en
1862 631 246 55 formant
2137 635 46 52 le
2212 648 172 41 centre

320 710 164 52 d'une
519 710 234 54 enceinte
787 713 165 53 sacrée
989 714 225 53 réservée
1251 733 110 34 aux
1398 714 216 66 prêtres.
1655 715 233 54 Galeries
1926 736 90 35 sur
2052 720 333 52 colonnettes

324 811 203 39 autour
574 798 75 52 du
698 799 197 59 chœur,
950 802 279 57 bas-côtés,
1284 802 468 57 déambulatoires,
1809 804 276 55 triforium
2137 822 252 51 pouvant

319 884 229 52 recevoir
574 884 222 68 jusqu'à
821 888 143 52 deux
990 889 148 52 mille
1162 906 307 49 personnes,
1498 889 262 65 chapelles
1789 891 88 52 des
1905 892 279 65 provinces
2212 894 173 65 belges

321 987 112 36 aux
462 971 305 53 extrémités
796 973 75 52 du
901 987 257 55 transept,
1192 988 197 40 autant
1417 976 64 52 de
1511 976 353 64 dispositions
1893 996 211 37 neuves.
2137 981 78 51 La
2245 982 112 51 basi-

320 1056 146 66 lique
506 1075 66 34 ne
614 1075 110 35 sera
766 1077 97 49 pas
905 1062 179 52 moins
1127 1062 256 52 moderne
1425 1079 100 48 par
1566 1062 243 65 l'emploi
1851 1063 89 52 des
1983 1065 324 58 matériaux;
2358 1067 29 51 à

320 1143 320 59 l'extérieur,
696 1147 230 66 briques,
980 1150 194 64 pierres
1227 1150 269 56 blanches,
1552 1150 181 64 granit
1785 1150 151 57 clair;
1995 1152 28 51 à
2077 1152 307 57 l'intérieur,

322 1231 217 66 briques
579 1232 291 66 jaunâtres,
915 1249 51 38 et
1707 1247 75 41 ter
1863 1254 59 34 ta
2060 1246 147 43 cotta
1375 1236 249 52 formant
1666 1253 122 35 avec
1831 1237 46 52 le
1920 1236 165 55 béton
2131 1241 139 51 armé
2317 1258 73 34 un

320 1319 251 64 complex
618 1320 98 66 qui
762 1320 266 67 répondra
1078 1340 110 34 aux
1237 1322 271 66 exigences
1555 1322 280 65 multiples
1883 1325 62 51 de
1995 1325 281 65 l'hygiène,
2328 1327 62 51 de

320 1406 299 54 l'entretien
655 1421 67 44 et,
760 1426 98 47 par
895 1410 50 51 la
981 1410 300 65 possibilité
1318 1411 89 51 des
1442 1410 153 52 effets
1629 1409 219 58 colorés,
1888 1429 108 34 aux
2036 1413 124 63 plus
2196 1413 194 53 sévères

321 1493 274 63 postulats
623 1494 337 67 esthétiques.
993 1496 207 66 Quand
1229 1509 132 39 cette
1393 1495 273 67 Basilique
1696 1514 111 34 sera
1837 1496 206 54 debout
2074 1513 49 38 et
2154 1499 170 65 qu'on
2357 1518 33 47 y

325 1597 166 40 verra,
528 1598 207 36 comme
769 1600 141 35 nous
943 1584 306 66 l'espérons,
1286 1585 90 51 des
1409 1602 207 34 œuvres
1651 1584 63 52 de
1749 1583 209 59 Minne,
1997 1587 230 57 Servaes,
2265 1588 127 51 Van

322 1667 64 52 de
425 1668 313 66 Woestyne,
787 1688 73 34 un
904 1670 154 66 règne
1100 1688 255 36 nouveau
1399 1689 130 35 aura
1573 1672 301 52 commencé
1921 1689 141 49 pour
2105 1673 124 52 l'art
2276 1675 92 51 reli-

320 1752 179 66 gieux.
532 1754 261 53 Rendons
821 1757 290 64 hommage
1143 1776 70 34 au
1243 1755 165 68 clergé
1437 1759 97 64 qui
1566 1776 29 33 a
1625 1757 220 67 préparé
1878 1776 74 34 un
1986 1761 69 50 tel
2085 1758 309 55 événement

320 1854 51 39 et
401 1856 220 39 surtout
654 1861 68 34 au
754 1844 395 54 moine-artiste
1181 1846 63 53 de
1277 1844 339 59 Maredsous,
1655 1846 111 52 don
1801 1844 274 54 Sébastien
2108 1846 202 53 Braun.

482 1928 238 55 Richard
748 1931 164 57 Acke,
945 1932 63 51 de
1039 1932 276 57 Courtrai,
1348 1933 121 51 s'est
1500 1931 166 53 révélé
1695 1950 65 34 en
1799 1950 165 48 1910,
2000 1950 121 34 avec
2155 1951 74 34 un
2259 1933 135 52 local

320 2032 143 49 pour
494 2016 188 53 société
712 2031 51 38 et
792 2018 206 65 imposé
1031 2017 151 66 après
1213 2036 184 48 guerre
1430 2036 123 34 avec
1587 2037 76 35 un
1696 2018 204 54 cinéma
2044 2021 51 51 la
2130 2020 265 52 Lanterne

321 2103 140 52 d'Or
606 2103 346 55 entièrement
984 2125 63 33 en
1083 2105 166 54 béton
1285 2107 143 52 armé
1465 2107 30 52 à
1530 2107 328 66 l'exception
1893 2108 64 51 de
1995 2108 51 51 la
2081 2107 184 68 façade
2300 2108 95 65 qui

324 2204 77 39 est
438 2209 65 34 en
542 2191 198 52 vieilles
779 2192 216 68 briques
1035 2194 63 50 de
1139 2192 352 54 démolitions
1530 2208 51 38 et
1623 2211 63 35 en
1728 2194 168 64 pierre
1936 2194 64 52 de
2042 2194 212 53 France.
2300 2194 99 53 Les

321 2294 315 49 pavements
660 2295 127 37 sont
811 2299 65 36 en
901 2281 240 64 granito;
1174 2282 72 51 les
1272 2299 149 34 murs
1449 2281 29 51 à
1503 2281 234 52 hauteur
1765 2282 278 53 d'homme
2069 2296 127 39 sont
2223 2282 176 65 peints

324 2383 64 35 en
426 2379 135 46 vert,
600 2368 49 52 le
686 2380 130 40 reste
852 2385 65 36 en
957 2385 182 50 rouge,
1181 2369 124 52 sauf
1345 2369 72 52 les
1455 2369 198 66 parties
1693 2388 64 34 en
1798 2369 168 53 béton
2005 2387 107 49 que
2152 2387 248 35 recouvre

326 2470 72 35 un
432 2467 97 38 ton
560 2453 183 66 pierre.
774 2454 101 52 Les
904 2455 265 65 appareils
1200 2455 311 65 d'éclairage
1541 2470 127 39 sont
1699 2474 65 35 en
1795 2455 121 54 bois
1948 2456 166 65 peint,
2151 2470 114 39 vert
2298 2456 102 53 très

324 2539 120 66 pâle
482 2553 51 41 et
572 2540 158 54 blanc
772 2542 242 52 rehaussé
1054 2543 138 56 d'or,
1235 2543 74 52 les
1347 2542 192 67 petites
1580 2544 268 51 lanternes
1887 2561 63 35 en
1994 2558 115 38 vert
2150 2544 157 66 opale
2350 2557 49 38 et

321 2628 211 66 plomb.
578 2629 250 52 L'œuvre
870 2630 190 64 respire
1102 2630 51 65 je
1195 2648 63 33 ne
1301 2630 102 53 sais
1444 2632 124 64 quel
1613 2630 77 53 air
1732 2632 63 52 de
1839 2630 111 54 bon
1996 2632 191 52 accueil
2230 2630 72 54 où
2347 2630 50 53 la

322 2714 277 54 cordialité
637 2716 269 53 flamande
950 2733 146 49 perce
1138 2717 29 52 à
1210 2732 203 38 travers
1456 2717 51 53 la
1552 2718 279 66 discipline
1874 2718 89 53 des
2005 2731 394 40 constructeurs

321 2802 297 55 modernes.
663 2803 153 54 Cette
856 2804 320 65 impression
1218 2806 137 52 n'est
1394 2806 163 64 point
1596 2803 272 55 diminuée
2025 2823 69 36 au
2135 2807 262 51 contraire

438 2909 99 48 par
575 2909 104 35 une
717 2891 156 53 visite
910 2910 70 35 au
1018 2892 99 53 bar
1155 2891 75 54 où
1270 2893 73 52 les
1381 2892 225 55 lambris
1644 2893 153 54 bleus
1837 2893 285 55 tranchent
2161 2911 122 36 avec
2324 2892 72 55 les

320 2978 184 66 parois
541 2978 354 68 brun-rouge.
941 2980 76 52 Ce
1055 2980 205 52 cinéma
1300 2980 351 54 courtraisien
1695 2995 94 44 est,
1834 2981 134 53 dans
2009 2981 386 53 l'architecture

321 3066 149 67 belge
501 3066 456 67 contemporaine,
994 3084 103 35 une
1127 3066 233 55 manière
1392 3067 64 54 de
1487 3067 405 54 chef-d'œuvre.

401 3218 545 58 L'URBANISME.
990 3220 529 54 THEORICIENS
1562 3221 105 53 ET
1709 3218 602 56 REALISATEURS.

429 3307 314 55 AUTRES
772 3306 669 56 REPRESENTANTS
1469 3309 106 53 DE
1605 3307 103 54 LA
1737 3307 252 55 JEUNE
2019 3306 267 55 ECOLE.

485 3433 377 52 L'urbanisme
893 3451 29 33 a
951 3433 91 52 des
1072 3432 214 66 adeptes
1314 3431 269 54 brillants.
1616 3431 172 53 Louis
1818 3432 126 52 Van
1976 3432 91 52 der
2096 3429 301 55 Swaelmen

325 3519 91 55 fut
449 3521 130 53 chez
613 3537 141 36 nous
788 3519 47 54 le
870 3532 365 53 propagateur
1272 3536 99 49 par
1404 3518 289 54 excellence
1728 3518 64 54 de
1830 3518 51 52 la
1916 3517 194 55 science
2146 3516 251 54 nouvelle

321 3610 70 63 (le
418 3627 132 35 nom
574 3624 76 38 est
674 3607 267 66 peut-être
966 3608 126 65 plus
1115 3625 254 35 nouveau
1397 3625 104 48 que
1528 3607 50 52 la
1604 3607 213 64 chose).
1849 3606 44 53 Il
1922 3606 114 52 alu
2062 3607 73 51 les
2161 3620 236 39 travaux
