2680 4467
331 308 234 95 LA
694 282 554 121 CITÉ.
1533 308 472 95 DEC.
2142 310 409 93 1923

208 3762 153 93 112

339 603 138 51 leurs
496 602 140 65 pires
656 602 235 51 ennemis
915 601 28 51 à
969 601 329 52 reconnaître
1320 601 50 51 la
1394 601 220 65 justesse
1637 602 73 50 du
1733 615 120 38 mot
1878 601 364 52 enthousiaste
2267 602 133 52 d'un

341 687 268 52 rédacteur
637 687 89 51 des
765 705 31 33 «
834 704 30 47 7
895 686 133 52 Arts
1060 704 31 33 »
1132 705 13 32 :
1190 704 30 33 «
1254 686 73 51 Le
1357 686 198 52 monde
1588 686 279 65 artistique
1898 686 254 52 moderne
2183 686 219 65 possède

340 774 157 57 enfin,
537 772 147 66 grâce
722 772 28 52 à
791 772 400 58 l'architecture,
1238 789 72 35 un
1352 772 135 64 style
1530 790 48 33 ».
1621 771 149 52 Pour
1808 789 131 34 ceux
1981 774 95 63 qui
2119 771 283 53 réclament

340 860 188 65 depuis
552 870 168 42 trente
744 877 95 34 ans
862 857 189 54 l'unité
1077 859 62 52 de
1163 859 123 52 l'art
1310 871 50 39 et
1385 859 386 63 revendiquent
1798 859 44 51 le
1868 859 146 52 droit
2041 859 26 51 à
2094 860 51 50 la
2169 857 233 54 création

339 962 143 48 pour
519 945 71 52 les
628 945 303 51 architectes
970 958 49 38 et
1059 944 72 51 les
1171 941 332 55 décorateurs
1544 960 206 35 comme
1789 960 142 49 pour
1971 944 71 52 les
2081 945 231 64 peintres
2354 957 49 38 et

337 1030 312 66 sculpteurs,
690 1048 78 34 ces
804 1030 226 65 paroles,
1071 1029 327 66 prononcées
1436 1048 98 47 par
1574 1047 73 35 un
1687 1029 176 66 Belge,
1906 1047 142 48 pour
2089 1029 72 52 les
2199 1028 201 66 Belges,

335 1118 202 53 devant
555 1118 89 52 des
661 1134 205 36 œuvres
882 1117 189 64 belges,
1097 1117 267 52 raniment
1384 1117 72 52 les
1475 1115 298 66 espérances
1794 1115 300 54 endormies
2115 1131 51 40 et
2185 1115 216 54 vibrent

336 1221 206 35 comme
567 1204 46 51 le
638 1221 215 35 sursum
878 1203 227 52 matinal
1135 1203 62 52 de
1224 1204 49 50 la
1303 1203 235 52 victoire.

1721 1289 597 51 Fierens-Gevaert.

593 3472 214 50 Maisons
830 3491 60 31 au
913 3472 315 63 Kapelleveld.
1479 3472 146 49 Arch.
1661 3472 33 63 J.
1728 3472 55 49 F.
1818 3472 297 50 HOEBEN

788 3549 216 61 <D'après
1040 3549 42 47 la
1115 3547 159 50 Revue
1312 3569 19 22 «
1369 3547 241 50 L'Amour
1644 3549 55 48 de
1733 3549 125 48 l'Art
1884 3556 45 47 »>
