2423 3946
330 329 243 64 LES
641 307 783 83 VÉHICULES
1495 315 580 68 PUBLICS

312 792 116 61 Ces
483 792 152 59 becs
686 790 79 58 de
815 806 113 61 gaz
972 785 188 78 qu'on
1208 783 131 59 voit
1390 785 37 56 à
1476 783 188 79 peine
1712 800 150 39 sous
1914 782 64 56 la
2026 799 153 59 pous-

192 907 165 67 sière
392 905 111 59 des
536 903 220 81 globes
785 899 285 60 attachés
1103 916 82 39 au
1210 895 280 79 plafond,
1524 895 154 59 c'est
1704 894 361 79 l'éclairage
2101 894 113 57 des

196 1020 272 58 autobus
495 1016 278 79 rapides.

310 1129 118 57 Les
472 1123 279 83 grandes
782 1123 283 58 voitures
1110 1120 110 79 qui
1259 1124 262 53 courent
1552 1117 93 58 les
1690 1115 278 82 grandes
2007 1116 207 80 lignes

192 1242 79 58 de
301 1241 201 58 Paris.

309 1354 51 57 A
388 1359 131 53 tout
562 1356 286 54 moment
878 1350 154 58 elles
1056 1347 322 79 changent
1404 1344 77 58 de
1517 1360 367 62 passagers.
1907 1342 120 59 Des
2065 1361 112 38 cen-

188 1468 206 58 taines
445 1465 76 59 de
559 1464 182 79 pieds
797 1462 359 78 s'appuient
1211 1478 113 39 sur
1358 1458 142 57 leur
1537 1455 313 79 plancher
1893 1454 194 60 établi
2142 1454 76 58 de

195 1582 184 69 façon
403 1580 36 57 à
473 1578 157 59 faire
675 1576 216 60 couler
931 1576 64 58 la
1024 1575 165 58 boue
1223 1592 78 39 en
1342 1571 289 73 dessous,
1681 1570 59 58 le
1766 1568 206 82 grand
2003 1567 109 61 flot
2140 1568 78 59 de

187 1694 194 58 saleté
403 1691 446 79 qu'apportent
878 1688 112 58 des
1023 1686 183 79 pieds
1230 1684 364 79 empressés
1632 1681 111 79 qui
1763 1700 80 38 ne
1866 1680 352 60 cherchent

190 1806 146 80 qu'à
356 1805 140 59 fuir.
525 1803 211 73 Aussi,
770 1821 164 58 pour
959 1798 372 61 dissimuler
1368 1797 60 58 le
1452 1796 258 58 sinistre
1733 1794 263 59 crachat
2030 1799 185 73 qu'on

190 1920 214 57 admet
439 1935 151 41 sans
619 1934 236 41 avouer
898 1915 162 57 dans
1102 1932 125 39 une
1257 1918 167 52 sorte
1444 1909 79 58 de
1561 1907 191 60 tacite
1791 1914 269 52 entente.

309 2032 116 60 Ces
474 2032 201 57 bancs
721 2037 61 51 et
808 2047 106 39 ces
950 2028 206 78 sièges
1192 2024 273 80 gardent
1507 2023 63 57 la
1612 2022 252 57 tiédeur
1895 2028 225 52 tenace
2159 2028 59 52 et

192 2146 330 78 mélangée
572 2144 79 58 de
680 2150 142 51 tous
863 2160 106 39 ces
1009 2156 185 61 corps
1222 2137 111 79 qui
1372 2135 314 59 s'affalent
1726 2135 94 57 les
1862 2152 123 40 uns
2030 2136 187 76 après

188 2260 94 58 les
305 2266 214 50 autres
549 2257 160 58 dans
736 2273 72 41 ce
845 2254 152 59 bain
1030 2249 475 62 d'exhalaisons
1533 2254 60 52 et
1631 2246 79 59 de
1743 2246 307 60 miasmes
2085 2268 8 37 :
2120 2248 95 58 les

190 2370 418 78 respirations
674 2387 68 40 se
804 2365 381 61 confondent
1251 2380 249 42 comme
1546 2360 160 58 dans
1762 2379 89 38 un
1900 2360 317 58 immense

192 2484 220 79 soupir
444 2483 307 58 d'amour.

309 2597 84 58 Le
435 2602 209 51 même
689 2596 195 72 souci,
925 2594 60 59 le
1016 2591 176 59 désir
1223 2587 337 61 accablant
1585 2584 317 61 d'arriver
1944 2606 82 39 au
2069 2588 145 78 plus

191 2713 127 57 vite
368 2709 256 58 désunit
656 2727 105 39 ces
804 2723 383 63 voyageurs.

310 2824 83 56 Le
423 2821 295 59 véhicule
747 2821 266 60 marche
1044 2821 37 55 à
1105 2814 240 84 grands
1376 2832 117 60 pas
1519 2815 187 58 mené
1739 2833 118 60 par
1881 2834 127 40 une
2038 2817 176 57 main

190 2945 166 52 sûre.

308 3050 81 60 Ce
425 3049 163 57 n'est
620 3048 148 77 plus
794 3067 88 38 un
915 3047 352 71 chauffeur,
1291 3044 61 57 le
1395 3048 132 52 mot
1559 3040 244 60 semble
1829 3043 130 58 mal
1983 3043 225 59 choisi.

192 3163 163 61 C'est
399 3161 322 74 l'ouvrier,
765 3160 258 58 homme
1067 3179 150 39 sans
1260 3160 248 67 maître,
1557 3153 171 60 force
1780 3156 339 79 appliquée
2179 3157 38 57 à

196 3278 244 80 l'usage
470 3273 223 80 public
751 3273 111 78 qui
905 3271 143 59 aide
1098 3270 165 60 ainsi
1314 3270 36 56 à
1400 3273 337 53 retrouver
1776 3269 141 58 leur
1952 3268 116 59 but
2102 3269 112 60 des

190 3391 348 70 centaines,
569 3407 122 59 que
736 3387 213 75 dis-je.
985 3384 113 60 des
1131 3384 286 59 millions
1460 3378 230 64 d'êtres
1734 3382 141 58 àla
1904 3383 103 59 vie
2057 3383 160 59 dure

191 3511 61 51 et
282 3503 213 79 pleine
529 3500 77 58 de
627 3499 231 78 petites
897 3505 61 52 et
995 3497 79 59 de
1109 3497 280 80 grandes
1425 3499 378 78 privations.
