4338 5679
387 5086 86 64 38

475 525 320 72 schuldet,
831 526 127 61 daß
989 551 149 37 man
1170 530 92 57 sie
1298 525 322 62 durchaus
1659 548 112 38 zur
1803 525 273 77 unglück-

473 637 219 64 lichen
724 636 213 64 Kunst
971 637 276 63 machen
1279 636 148 62 will.
1491 636 159 61 Man
1681 635 133 62 will
1846 636 137 62 sich
2019 660 65 36 er-

476 752 232 59 innern
781 749 159 61 oder
1011 752 289 56 erinnert
1369 746 290 61 werden.
1757 746 106 60 An
1935 745 182 61 Gott.

474 857 111 65 An
621 860 105 62 die
764 858 221 61 Liebe.
1057 858 107 60 An
1198 856 568 77 Alt-Heidelberg.
1834 856 107 60 An
1980 856 103 60 Bis-

475 969 245 73 marck,
776 994 79 37 an
906 967 556 62 Dienstmädchen
1515 967 128 61 und
1698 992 80 35 an
1831 966 246 63 Schwie-

477 1087 378 71 germütter,
1930 1106 60 7 —

476 1190 125 64 Zur
641 1189 416 78 Darstellung
1097 1189 216 61 dieser
1350 1189 493 77 Erinnerungen
1883 1188 236 61 dienen

476 1300 106 62 die
627 1299 481 78 Schauspieler,
1156 1299 103 61 die
1306 1299 136 62 sich
1490 1300 337 61 ihrerseits
1874 1299 247 61 wieder

477 1410 119 63 der
641 1410 271 64 Dichter
957 1410 344 61 bedienen.
1391 1410 272 62 Dichter
1709 1409 141 62 sind
1894 1410 224 69 Leute,

477 1520 107 63 die
627 1520 139 62 ihre
812 1524 273 74 eigenen
1127 1521 493 77 Erinnerungen
1663 1520 156 61 oder
1862 1520 104 60 die
2007 1520 75 59 Er-

484 1634 403 74 innerungen
929 1629 280 61 anderer
1248 1634 362 73 ungereimt
1653 1634 273 73 gereimt
1969 1629 156 60 oder

486 1743 272 73 gereimt
817 1744 364 72 ungereimt
1237 1738 599 61 niederschreiben.
1946 1739 181 59 Beim

486 1848 289 63 Theater
807 1849 271 60 werden
1112 1852 90 58 sie
1241 1850 107 59 auf
1385 1848 101 60 die
1524 1847 417 61 handelnden
1974 1849 114 59 Per-

488 1982 205 39 sonen
727 1958 285 70 verteilt,
1046 1966 337 53 worunter
1417 1957 104 60 die
1556 1956 460 77 Schauspieler
2051 1980 77 36 zu

483 2069 355 61 verstehen
867 2068 160 62 sind.
1064 2068 121 59 Die
1211 2066 492 76 Erinnerungen
1730 2067 268 60 werden
2025 2089 103 37 um

488 2182 192 59 einen
736 2176 336 71 Streitfall,
1129 2176 126 60 den
1307 2183 449 69 sogenannten
1810 2175 316 69 Konflikt,

483 2290 356 73 gruppiert,
882 2286 205 61 damit
1134 2289 142 56 eine
1323 2284 440 61 menschliche
1808 2284 317 76 Wirkung

486 2396 311 64 entsteht.
876 2396 121 61 Die
1041 2396 256 77 Lösung
1339 2396 118 60 des
1504 2394 353 63 Streitfalls
1902 2398 222 57 nimmt

483 2507 118 61 der
676 2507 271 60 Dichter
1026 2506 92 61 als
1195 2506 267 60 Richter
1539 2505 372 77 persönlich
1988 2530 135 36 vor.

485 2617 224 77 Bringt
767 2642 66 36 er
887 2617 206 61 Leute
1146 2639 122 48 um,
1327 2621 81 57 ist
1461 2642 67 38 es
1584 2621 145 55 eine
1781 2614 343 79 Tragödie,

485 2728 137 61 läßt
682 2752 68 36 er
807 2732 92 56 sie
959 2727 137 61 sich
1154 2734 367 69 vertragen,
1584 2730 141 56 eine
1784 2726 341 75 Komödie,

488 2842 114 57 mit
643 2837 602 77 Gesangseinlagen
1285 2840 141 56 eine
1467 2836 218 61 Posse.
1753 2835 182 62 Wird
1974 2834 155 63 alles

486 2960 331 65 gesungen
873 2950 82 57 ist
1012 2970 68 37 es
1135 2949 114 57 mit
1304 2944 139 62 Tod
1503 2948 141 57 eine
1701 2943 52 61 o
1764 2969 37 52 P
1811 2967 85 46 er,
1957 2943 166 61 ohne

485 3053 141 65 Tod
684 3062 146 57 eine
887 3057 342 76 Operette.

486 3168 134 62 Der
654 3166 462 77 Schauspieler
1151 3190 130 36 nun
1313 3165 558 62 charakterisiert.
1933 3165 83 61 Er
2046 3169 81 56 ist

488 3278 166 62 dazu
695 3278 249 64 bereits
991 3301 129 37 von
1161 3276 120 61 der
1324 3280 261 73 gütigen
1629 3276 250 59 Mutter
1923 3275 205 61 Natur

490 3396 458 71 ausgestattet.
1062 3387 83 60 Er
1203 3391 82 56 ist
1344 3386 151 61 dick
1554 3387 99 62 für
1711 3386 125 60 den
1896 3385 230 71 Onkel,

486 3499 177 62 dünn
702 3500 101 60 für
842 3498 127 61 den
1008 3499 422 75 Intriganten,
1499 3496 105 62 Sie
1645 3496 112 61 hat
1794 3495 332 62 schwarze

488 3608 216 63 Haare
753 3610 101 60 für
900 3608 105 61 die
1055 3607 483 70 Leidenschaft,
1589 3606 238 61 blonde
1874 3608 101 59 für
2024 3608 105 60 die

487 3719 404 78 Hingebung.
968 3718 221 61 Durch
1230 3722 190 56 einen
1462 3716 435 63 Stiernacken
1938 3721 81 57 ist
2062 3741 69 36 er

486 3829 118 62 der
654 3830 330 77 geborene
1036 3827 187 71 Held,
1274 3827 203 61 durch
1526 3832 144 57 eine
1720 3826 170 62 volle
1941 3827 189 77 Figur

488 3944 97 59 sie
660 3941 103 60 die
842 3939 254 61 Mutter
1172 3937 205 64 Natur
1456 3937 390 77 persönlich.
1957 3937 171 61 Gute

487 4051 217 62 Zähne
759 4050 599 62 charakterisieren
1407 4047 338 78 Frohsinn,
1797 4047 332 63 schlechte

489 4162 184 62 Neid.
747 4162 159 61 Man
943 4161 235 69 merkt,
1218 4159 179 77 jeder
1434 4158 279 61 Mensch
1749 4161 82 57 ist
1871 4158 115 60 der
2025 4174 71 63 ge-

489 4273 247 61 borene
776 4269 483 79 Schauspieler,
1325 4268 204 62 Jeder
1563 4268 111 62 hat
1709 4272 179 60 seine
1924 4268 206 71 Rolle,

490 4384 181 76 jeder
708 4391 140 53 sein
885 4381 193 63 Fach,
1146 4380 134 61 Der
1311 4379 314 61 Direktor
1662 4379 157 60 oder
1856 4379 115 60 der
2007 4379 82 60 Re-

492 4498 249 73 gisseur
785 4491 278 63 braucht
1107 4489 110 63 ihn
1257 4513 119 37 nur
1422 4489 108 61 auf
1574 4488 125 61 den
1743 4493 390 73 geeigneten

492 4605 183 61 Platz
720 4627 80 39 zu
844 4601 256 65 stellen.
1183 4601 106 61 An
1333 4599 407 63 besonderer
1784 4599 350 78 Begabung

492 4713 247 63 kommt
824 4711 349 78 allerdings
1256 4711 169 61 noch
1503 4710 118 61 das
1704 4708 387 78 Auswendig-

494 4825 228 66 lernen
759 4825 183 62 dazu.
1008 4823 219 63 Damit
1264 4825 327 73 etwaigen
1628 4820 464 78 Minderbegab-

2243 531 111 53 ten
2393 524 106 59 auf
2537 523 246 60 d'esem
2819 522 243 61 Gebiet
3097 522 179 60 nicht
3311 520 102 61 die
3451 519 438 78 Möglichkeit

2244 648 384 63 genommen
2669 634 181 71 wird,
2896 657 143 36 zum
3083 632 286 61 Theater
3412 655 79 38 zu
3530 630 228 78 gehen,
3801 635 87 58 ist

2244 750 64 54 in
2371 745 210 75 jedem
2657 744 272 62 Iheater
2994 748 143 57 eine
3204 743 205 61 ältere
3472 742 205 61 Dame
3742 764 146 38 zum

2242 855 339 76 Vorsagen
2635 856 157 60 oder
2844 855 386 77 Nachsagen
3278 859 64 55 in
3392 858 193 56 einen
3636 852 252 63 Kasten

2246 966 359 61 versteckt.
2715 966 104 61 Sie
2879 967 176 59 kann
3116 966 100 61 bei
3277 965 240 61 Bedarf
3574 963 167 62 auch
3793 963 96 62 als

2243 1077 399 60 natürliches
2692 1076 176 61 Echo
2920 1077 340 61 verwandt
3310 1076 287 61 werden.

2244 1185 319 61 Niemand
2606 1187 158 60 aber
2808 1187 323 61 kümmert
3172 1187 138 61 sich
3350 1211 106 37 um
3498 1187 104 60 die
3645 1186 205 61 Kunst-

2246 1297 210 59 mittel
2494 1297 112 62 des
2645 1296 343 62 Theaters:
3028 1321 105 37 um
3164 1300 126 59 den
3326 1297 260 61 Tonfall
3618 1297 132 61 und
3785 1297 101 60 die

2248 1408 387 76 Bewegung,
2706 1407 372 62 Höchstens
3115 1431 104 38 um
3259 1409 134 59 ihre
3433 1407 457 76 Ausdeutung,

2247 1517 210 60 Kunst
2515 1522 80 56 ist
2653 1517 193 60 keire
2907 1518 541 78 Verständigung.
3558 1518 159 62 Sinn
3774 1517 116 61 der

2247 1626 212 63 Kunst
2504 1651 116 36 nur
2664 1627 210 61 Kunst
2921 1628 350 60 sinnlicher
3315 1628 415 78 Gestaltung,

2248 1738 132 59 Der
2432 1738 159 59 Reiz
2643 1738 115 60 der
2807 1738 369 78 Bewegung
3227 1743 83 56 ist
3362 1739 102 60 die
3520 1739 373 77 Bewegung

2249 1848 128 60 und
2428 1848 177 60 nicht
2659 1848 96 60 ihr
2805 1848 259 62 Zweck.
3161 1849 132 60 Der
3343 1850 157 59 Reiz
3552 1850 114 60 des
3718 1848 129 62 Ton-

2250 1957 143 63 falls
2439 1962 80 57 ist
2563 1958 114 60 der
2718 1957 255 62 Tonfall
3012 1959 129 60 und
3183 1959 177 60 nicht
3404 1964 178 59 seine
3625 1960 233 76 begriff-

2250 2068 168 60 liche
2465 2068 381 78 Erklärung.
2938 2070 130 62 Das
3117 2070 246 61 Wesen
3409 2070 112 61 des
3570 2069 322 62 Theaters

2251 2179 92 62 als
2393 2179 402 61 Kunstwerk
2843 2180 265 62 besteht
3158 2185 62 55 in
3269 2181 114 61 der
3431 2181 464 77 Komposition

2252 2290 333 76 optischer
2642 2291 127 60 und
2829 2291 413 61 akustischer
3300 2291 361 61 Elemente.
3770 2291 82 60 Be-

2250 2414 272 64 wegung
2559 2401 129 61 und
2725 2399 256 62 Tonfall
3014 2407 262 56 müssen
3311 2405 63 56 in
3409 2401 316 61 sinnliche
3763 2399 131 62 und

2250 2511 177 62 nicht
2477 2511 353 62 höchstens
2879 2516 62 55 in
2990 2511 478 62 intellektuelle
3520 2512 373 76 Beziehung

2252 2621 398 61 zueinander
2714 2622 309 61 rebracht
3102 2622 289 61 werden.
3506 2623 157 60 Man
3742 2622 150 61 muß

2253 2730 137 62 also
2427 2732 313 61 zunächst
2777 2732 202 62 sehen
3012 2733 129 60 und
3177 2733 205 63 hören
3419 2733 284 60 können.
3761 2733 132 60 Das

2252 2843 263 61 können
2556 2845 102 59 die
2701 2847 277 57 meisten
3019 2843 195 61 heute
3255 2866 118 37 nur
3410 2846 114 57 mit
3563 2842 172 60 Hilfe
3778 2843 115 61 des

2253 2952 330 61 Denkens.
2678 2952 105 62 Sie
2837 2952 335 62 schließen
3222 2976 128 37 von
3398 2956 181 55 einer
3629 2952 79 60 be
3719 2952 147 78 griff-

2251 3046 213 62 liehen
2501 3045 420 77 Vorstellung
2961 3046 106 60 auf
3107 3045 379 62 Sichtbares
3529 3043 158 64 oder
3728 3044 125 59 Hör-

2252 3157 211 61 bares.
2559 3158 105 61 Sie
2720 3156 375 77 empfinden
3141 3155 206 61 daher
3399 3154 165 61 auch
3614 3159 102 55 nie
3769 3154 125 60 den

2252 3267 266 77 Mangel
2560 3291 80 37 an
2684 3267 479 76 Komposition,
3207 3267 151 59 weil
3400 3269 93 57 sie
3536 3265 179 61 nicht
3760 3269 101 56 ein-

2253 3378 126 61 mal
2427 3379 100 59 die
2571 3378 340 60 Elemente
2962 3377 410 60 aufnehmen.
3462 3376 133 60 Nur
3637 3399 106 37 wo
3790 3374 102 61 die

2251 3487 433 78 Möglichkeit
2716 3488 442 78 begrifflicher
3189 3487 369 61 Aufnahme
3591 3487 127 60 fast
3751 3509 108 38 aus-

2255 3600 420 77 geschlossen
2714 3604 99 65 ist,
2852 3599 351 62 entstehen
3239 3601 140 57 rein
3412 3595 482 64 künstlerische

2255 3710 428 78 Wirkungen:
2740 3710 173 61 beim
2963 3709 178 61 Tanz
3194 3708 129 61 und
3376 3708 105 60 bei
3536 3707 116 60 der
3704 3706 155 62 abso-

2258 3821 180 61 luten
2490 3821 238 60 Musik.
2830 3820 158 60 Wer
3040 3833 189 62 sogar
3281 3817 139 60 hier
3471 3815 170 62 noch
3693 3816 207 62 denkt

2259 3931 158 61 oder
2479 3931 165 61 nach
2705 3930 451 76 Erklärungen
3216 3926 204 70 sucht,
3484 3930 84 56 ist
3630 3926 100 60 für
3792 3926 103 60 die

2256 4042 211 62 Kunst
2515 4041 323 61 verloren.

2255 4153 121 60 Die
2415 4152 296 70 Malerei,
2752 4152 101 59 die
2896 4149 392 75 Gestaltung
3321 4148 337 76 bewegter
3696 4147 161 62 Farb-

2260 4263 270 70 formen,
2575 4262 110 60 hat
2730 4260 136 61 sich
2910 4257 426 62 bekanntlich
3380 4281 129 37 von
3547 4257 119 60 der
3708 4256 161 61 intel-

2259 4372 359 61 lektuellen
2660 4368 416 77 Darstellung
3117 4366 442 79 begrifflicher
3599 4367 304 61 Formeln

2259 4483 115 61 der
2428 4483 344 77 optischen
2824 4479 177 62 Welt
3056 4478 227 77 gelöst.
3384 4478 132 61 Das
3570 4491 290 64 ungegen-

2261 4593 362 63 ständliche
2663 4591 140 60 Bild
2841 4594 82 57 ist
2961 4588 414 63 entstanden.
3437 4588 84 61 Es
3559 4588 136 77 gibt
3730 4587 171 62 viele

2259 4705 289 77 Denker,
2602 4704 101 59 die
2763 4725 65 38 es
2884 4699 365 77 langweilig
3304 4699 241 71 finden,
3601 4698 153 62 weil
3809 4702 93 58 sie

2261 4816 138 63 sich
2453 4815 193 61 dabei
2703 4813 112 62 das
2872 4811 178 62 nicht
3107 4810 262 62 denken
3425 4812 285 71 können,
3766 4836 137 38 was
