3688 4493
1866 155 92 54 212

279 295 440 61 Oralorien-Musik,
765 295 81 52 das
891 299 316 68 evangelische
1249 299 142 68 Epos,
1435 296 200 52 welches
1667 296 94 51 sich
1790 297 65 51 als

279 398 160 51 grosse
466 380 280 52 Kunstform
778 380 83 52 der
893 383 362 67 volksmässigen
1284 380 416 70 protestantischen
1731 380 92 52 Cho-

275 464 228 68 ral-Lyrik
545 465 255 61 anschloss,
851 466 101 51 eine
990 465 211 69 Aufgabe
1244 465 82 51 der
1358 466 282 68 Gegenwart
1683 465 47 52 in
1775 466 82 51 der

275 548 246 50 Tonkunst
552 549 97 51 sein
687 549 136 53 kann.
882 549 263 52 Bezweifelt
1185 565 107 51 mag
1329 548 113 52 aber
1482 549 127 52 nicht
1651 550 206 61 werden,

276 633 104 49 dass
412 631 81 53 das
519 634 289 60 Oratorium,
836 652 83 33 aus
953 634 103 50 dem
1084 633 311 67 begeisterten
1423 634 247 69 religiösen
1695 635 135 52 Ideen-

276 717 257 68 schwunge
546 718 366 67 hervorgehend,
943 717 199 50 welcher
1164 717 62 50 im
1255 718 215 68 Anfange
1499 719 83 51 des
1612 719 218 52 achtzehn-

275 808 81 43 ten
386 800 340 52 Jahrhunderts
753 802 45 49 in
830 800 81 51 der
930 800 154 51 Musik
1115 800 157 52 seinen
1287 802 251 52 Ausdruck
1561 803 121 61 fand,
1712 803 145 51 durch

281 885 91 51 den
403 885 131 51 Geist
562 884 94 51 und
686 884 71 51 die
787 884 157 51 innere
968 884 514 55 Glaubens-Wahrheit
1502 888 148 51 dieser
1664 887 196 52 Periode

280 969 203 52 und-die
525 969 121 51 noch
675 968 43 51 in
750 969 119 51 allen
902 971 290 52 Gemüthern
1222 972 304 68 anklingende
1554 973 273 51 Bedeutsam-

280 1052 90 51 keit
400 1051 79 50 des
510 1052 174 51 Inhalts
726 1053 71 51 ein
836 1053 47 52 in
922 1054 135 68 jener
1082 1056 103 50 Zeit
1223 1056 84 50 tief
1347 1056 288 50 wurzelndes
1676 1056 156 67 organi-

277 1136 131 52 sches
439 1136 162 52 Leben
632 1137 120 61 fand,
795 1139 89 50 wie
927 1156 50 34 es
1009 1139 82 51 der
1134 1139 219 68 unsrigen
1383 1139 277 51 entfremdet
1689 1141 72 51 ist.
1806 1142 52 48 In

281 1219 119 51 allen
430 1221 591 70 Kunst-Reproductionen
1057 1223 116 50 wird
1215 1223 85 50 alle
1342 1222 259 69 Begabung
1646 1222 82 51 des
1768 1225 60 48 Ta-

279 1306 162 60 lentes,
484 1305 169 52 idealer
681 1307 334 66 Aufschwung,
1053 1306 215 51 Reinheit
1297 1306 81 51 des
1409 1307 310 51 Geschmacks
1762 1307 96 51 und

282 1390 266 50 kunstreich
587 1390 280 50 didaktische
896 1390 202 49 Technik
1140 1391 72 49 nie
1251 1391 71 51 die
1366 1391 134 51 Kraft
1543 1391 83 49 der
1656 1391 202 51 Realität

284 1473 92 50 und
406 1473 160 51 naiven
596 1472 425 69 Ursprünglichkeit
1049 1473 89 51 voll
1169 1481 212 43 ersetzen
1411 1475 200 61 können,
1653 1473 119 53 eben
1803 1493 53 33 so

279 1556 163 67 wenig,
456 1556 88 51 wie
566 1556 72 51 bei
654 1559 91 49 den
766 1557 245 51 Zuhörern
1034 1557 73 51 ein
1123 1559 285 67 geläuterter
1422 1560 434 67 Kunstgeschmack

276 1640 71 51 die
378 1656 175 35 warme
569 1641 418 69 Empfänglichkeit
1015 1642 229 51 innerster
1259 1644 267 68 Sympathie
1555 1644 94 52 und
1681 1644 147 50 Ueber-

272 1740 215 51 zeugung
517 1724 153 68 geben
698 1725 136 53 kann.

370 1807 316 69 „Abgesehen
722 1828 90 33 von
842 1810 82 52 der
948 1810 119 52 oben
1093 1811 255 51 berührten
1363 1813 168 67 Frage,
1560 1813 58 50 ist
1649 1813 71 50 die
1743 1813 87 50 Auf-

275 1891 120 69 gabe
427 1893 81 50 des
541 1894 610 71 Oratorien-Componisten
1180 1898 142 49 daher
1352 1915 81 32 um
1463 1914 51 34 so
1546 1898 312 67 schwieriger.

273 1978 140 49 Denn
454 1978 45 49 in
538 1978 149 50 seiner
715 1980 287 66 Auffassung
1046 1980 94 51 und
1180 1980 277 69 Gestaltung
1496 1980 248 70 gleichsam
1786 1981 82 51 auf

273 2060 102 50 eine
407 2060 286 52 illusorische
727 2061 133 54 Welt
892 2063 61 49 im
985 2064 316 51 Verhältnisse
1333 2082 105 33 zum
1469 2064 222 67 Zeitgeist
1720 2082 112 49 ange-

273 2143 192 61 wiesen,
511 2145 162 50 stellen
719 2145 94 51 sich
858 2147 91 49 ihm
995 2148 113 49 zwei
1165 2148 592 68 Haupt-Anforderungen,
1808 2166 52 33 so

275 2228 334 51 entscheidend
648 2229 45 50 in
734 2230 146 50 ihrem
914 2230 224 68 Genügen
1183 2232 65 49 als
1288 2232 182 49 schwer
1513 2232 46 50 in
1588 2232 123 49 ihrer
1740 2234 90 48 Ver-

272 2312 234 67 mittlung,
538 2319 246 61 entgegen.
844 2315 64 50 Er
941 2333 127 33 muss
1100 2315 42 50 in
1173 2315 262 68 Erfindung
1465 2315 96 53 und
1590 2317 144 49 Form
1764 2315 94 53 sich

276 2395 107 51 dem
414 2397 287 51 Geschmack
746 2398 94 51 und
886 2398 82 53 der
999 2401 345 49 musicalischen
1375 2399 483 70 Empfindungsweise

277 2479 84 51 der
406 2481 280 67 Gegenwart
731 2483 320 60 anschliessen,
1098 2484 70 50 für
1199 2484 71 51 die
1301 2502 49 33 er
1392 2484 216 60 schreibt,
1653 2484 94 51 und
1787 2484 73 51 die

276 2564 311 51 Fortschritte
619 2564 81 51 der
729 2567 505 52 Instrumental-Mittel
1272 2568 301 52 effectuirend
1602 2567 258 61 benutzen;

284 2648 210 66 zugleich
535 2648 114 51 aber
690 2651 83 49 soll
820 2667 50 32 er
912 2652 117 50 auch
1062 2652 104 50 dem
1197 2652 241 67 würdigen
1470 2652 391 51 Oratorien-Stile

276 2732 213 51 früherer
519 2733 102 51 Zeit
652 2741 104 43 treu
788 2735 197 59 bleiben,
1030 2737 97 59 der,
1173 2755 58 32 an
1261 2737 94 50 sich
1395 2737 143 50 schon
1568 2736 293 52 balancirend

279 2815 228 52 zwischen
566 2817 504 67 religiös-kirchlichem
1127 2821 171 49 Ernste
1354 2821 97 49 und
1509 2820 351 50 dramatischem

277 2900 155 50 freiem
472 2901 294 61 Ausdrucke,
800 2902 148 51 durch
990 2903 124 51 diese
1156 2905 254 51 modernen
1453 2903 405 69 Bereicherungen

276 3001 89 32 nur
408 3001 78 33 um
529 3001 52 35 so
624 2985 189 51 leichter
859 2987 312 51 schwankend
1218 2989 115 49 wird
1383 2987 96 51 und
1521 3005 104 33 vom
1668 2987 192 51 rechten

279 3067 179 50 Maasse
488 3067 156 54 abirrt.

375 3151 116 59 „Die
513 3152 80 51 mit
616 3155 494 52 ausserordentlichem
1126 3156 208 59 Talente,
1366 3156 322 69 gediegenster
1711 3155 118 51 Tech-

279 3235 77 49 nik
402 3236 94 50 und
557 3237 355 53 künstlerischer
959 3241 305 50 Erkenntniss
1310 3241 261 68 gelungene
1611 3240 250 67 Erfüllung

279 3319 151 51 dieser
460 3320 299 67 Bedingnisse
802 3323 43 49 in
891 3324 104 49 dem
1028 3325 269 50 Oratorium
1326 3324 272 68 Reissiger's
1631 3324 229 51 erscheint

277 3403 144 49 daher
466 3404 67 49 als
578 3404 109 66 jene
732 3405 171 51 seltene
948 3408 93 50 und
1085 3425 83 33 vor
1211 3409 152 49 Allem
1418 3406 438 52 hervorzuhebende

279 3488 309 66 Eigenschaft,
633 3489 175 51 welche
850 3490 90 51 ihm
985 3511 78 33 vor
1107 3493 223 49 manchen
1361 3493 201 51 anderen
1594 3491 263 68 derartigen

276 3587 203 34 neueren
512 3571 215 51 Werken
767 3573 100 49 eine
908 3575 108 49 weit
1052 3574 279 69 überlegene
1368 3575 347 69 Berechtigung
1757 3574 100 67 gibt

281 3655 90 50 und
417 3657 156 49 seinen
630 3655 193 69 übrigen
870 3659 249 66 Vorzügen
1168 3660 97 49 eine
1317 3660 242 68 lebendige
1603 3660 254 66 Wirkung,

281 3737 297 52 Theilnahme
620 3739 94 51 und
745 3740 353 68 Anerkennung
1142 3743 257 51 zuwendet.
1455 3745 99 49 Der
1584 3743 273 69 Componist

280 3822 77 49 hat
388 3822 58 49 im
747 3824 73 51 bei
864 3825 179 50 reicher
1085 3824 95 51 und
1223 3825 447 53 charakteristischer
1698 3827 130 51 Erfin-

282 3904 139 68 dung,
453 3906 327 52 dramatischer
811 3909 252 51 Wahrheit
1093 3909 82 50 des
1207 3908 272 52 Ausdrucks
1509 3911 93 50 und
1634 3911 124 50 einer
1789 3911 66 49 oft

282 3988 104 50 sehr
414 3989 243 51 reizenden
690 3992 93 49 und
812 3992 129 51 dabei
973 3992 238 52 einfachen
1240 3992 203 51 Melodik
1472 3993 71 50 die
1576 4002 155 42 ernste
1759 3993 97 51 und

284 4072 205 65 religiöse
520 4074 208 68 Haltung
757 4076 94 49 und
892 4077 70 49 die
999 4076 254 52 Harmonie
1284 4076 82 50 des
1397 4076 108 50 Stils
1545 4077 82 49 mit
1670 4095 186 48 grosser

282 4154 333 54 Meisterschaft
657 4160 347 67 durchgeführt.
1057 4162 88 50 Die
1175 4161 413 53 Instrumentation
1618 4161 140 66 einigt
1786 4161 70 51 ihr

1952 297 341 69 mannigfaches
2347 296 94 52 und
2487 296 351 52 effectuirendes
2886 299 176 52 Colorit
3107 299 44 51 in
3202 299 328 53 würdevollem

1950 383 183 50 Maasse
2163 383 83 50 mit
2276 383 103 50 dem
2412 380 457 52 charakteristischen
2901 383 278 52 Ausdrucke
3224 383 80 52 des
3334 384 200 59 Inhalts;

1951 466 72 51 die
2053 466 407 68 Durcharbeitung
2502 465 82 50 der
2613 466 202 49 Formen
2859 466 227 51 offenbart
3117 468 286 50 Geschmack
3433 468 94 52 und

1952 551 99 51 eine
2083 551 245 68 gewandte
2358 550 95 51 und
2483 549 252 68 gediegene
2765 549 206 51 Technik
3015 550 121 50 ohne
3175 551 228 51 künstlich
3447 569 54 50 ge-

1952 635 187 50 suchtes
2176 635 268 51 Machwerk
2488 634 96 51 und
2628 633 100 52 eine
2770 633 201 51 einfache
3015 633 96 51 und
3155 635 268 61 natürliche,
3469 635 65 51 oft

2208 706 6 12 /

1952 736 163 50 grosse
2144 718 286 70 Conception
2460 719 45 51 in
2537 718 81 52 der
2648 719 234 60 Structur,
2914 717 81 50 mit
3024 717 211 50 Klarheit
3263 718 271 53 verbunden

1951 803 95 51 und
2077 803 120 51 ohne
2227 803 45 49 in
2302 822 57 30 zu
2389 821 163 49 grosse
2566 803 296 68 Dehnungen
2885 821 54 33 zu
2966 802 227 52 verfallen.
3222 803 163 51 Bilden
3409 804 125 51 diese

1951 887 301 67 allgemeinen
2284 888 217 65 Vorzüge
2530 887 83 51 der
2643 887 315 70 Composition
2991 887 80 51 das
3102 887 155 52 Werk
3296 904 56 34 zu
3384 887 150 52 einem

1951 971 257 50 trefflichen
2225 971 202 58 Ganzen,
2455 971 80 49 das
2567 971 206 67 zugleich
2805 972 120 51 ohne
2956 971 224 68 auffällige
3205 969 323 71 reproductive

1951 1054 283 68 Anlehnung
2264 1053 71 51 die
2364 1052 338 52 Individualität
2747 1056 80 49 des
2860 1056 333 68 Componisten
3224 1054 308 52 vollkommen

1951 1138 227 61 bewahrt,
2223 1156 52 33 so
2305 1137 202 51 erheben
2540 1137 94 51 sich
2665 1137 167 52 daraus
2863 1139 203 50 einzelne
3095 1141 258 49 Nummern
3384 1139 146 51 durch

1952 1222 427 52 charakteristische
2407 1222 136 51 Kraft
2582 1222 96 51 und
2708 1221 293 68 Originalität
3042 1222 83 50 der
3155 1223 252 51 Gedanken
3436 1223 98 52 und

1952 1307 259 67 gelungene
2269 1306 368 68 Durchführung
2704 1324 57 33 zu
2829 1305 292 53 besonderen
3180 1307 351 52 musicalischen

1950 1391 327 53 Schönheiten.
2338 1391 110 53 Wir
2486 1391 202 51 rechnen
2732 1391 134 51 dahin
2893 1409 106 31 zum
3031 1390 195 68 Beispiel
3264 1391 146 67 gleich
3443 1392 89 51 den

1949 1482 156 44 ersten
2135 1475 140 59 Chor,
2308 1475 89 51 den
2426 1475 313 67 Sieges-Chor
2768 1475 96 68 (Nr.
2901 1473 67 70 7),
3000 1473 89 51 den
3118 1475 184 49 Marsch
3334 1476 95 51 und
3461 1476 71 52 die

1947 1559 432 67 KrönungDavid's
2404 1559 97 68 (Nr.
2526 1557 108 70 12),
2665 1559 90 50 den
2779 1557 126 52 Chor
3296 1557 97 70 (Nr.
3419 1559 109 67 16),

1964 1644 146 59 „Gott
2139 1642 58 51 ist
2238 1642 120 51 mein
2596 1642 98 70 (Nr.
2728 1642 112 69 20),
2888 1642 71 51 die
3003 1641 166 52 beiden
3212 1641 322 52 Schlusssätze

1955 1735 104 53 etc.,
2109 1727 91 51 und
2246 1727 44 51 in
2336 1727 89 51 den
2457 1727 271 53 Solosätzen
2769 1727 58 51 ist
2869 1745 50 33 es
2959 1726 277 52 namentlich
3280 1727 71 50 die
3380 1727 154 51 Partie

1954 1811 199 60 David's,
2195 1811 70 51 die
2305 1811 94 51 sich
2444 1811 146 51 durch
2633 1811 99 51 eine
2773 1811 100 51 edle
2914 1810 485 70 Empfindungsweise
3440 1811 94 52 und

1959 1895 249 53 Wahrheit
2236 1896 80 50 des
2347 1895 309 51 melodischen
2686 1895 273 51 Ausdrucks
2991 1895 306 51 auszeichnet.

2098 1980 127 59 „Das
2241 1979 290 68 vorzügliche
2548 1979 95 52 und
2660 1980 70 50 für
2747 1979 207 51 ähnliche
2980 1980 358 66 Aufführungen
3368 1979 166 51 höchst

1957 2064 467 69 empfehlenswerthe
2467 2064 155 52 Werk
2666 2064 81 52 des
2791 2064 297 67 geschätzten
3118 2063 214 52 Meisters
3372 2064 162 51 wurde

1956 2149 84 50 mit
2069 2148 493 51 ausserordentlichem
2591 2149 158 50 Beifall
2780 2149 370 66 aufgenommen,
3191 2148 95 51 und
3316 2148 71 51 die
3417 2148 88 51 Auf-

1955 2232 203 66 führung
2187 2248 98 33 war
2314 2238 139 42 unter
2483 2232 83 49 der
2594 2230 237 51 Direction
2863 2230 80 51 des
2962 2230 330 69 Componisten
3323 2230 95 52 und
3447 2248 57 33 un-

1954 2322 73 43 ter
2055 2314 301 68 Mitwirkung
2387 2314 81 52 der
2497 2314 377 70 Dreyssig'schen
2906 2313 391 69 Sing-Akademie
3328 2315 95 51 und
3454 2314 80 51 des

1955 2399 319 68 Sängerchors
2318 2399 80 51 des
2432 2401 157 49 Herrn
2620 2399 417 51 Musik-Directors
3067 2399 199 68 Schurig
3296 2399 100 51 eine
3428 2399 106 51 sehr

1955 2484 272 68 gelungene.
2284 2483 263 52 Besonders
2591 2483 314 51 lobenswerth
2948 2501 98 33 war
3088 2483 82 51 der
3198 2486 207 64 Vortrag
3452 2483 82 51 des

2217 2567 144 51 durch
2391 2568 158 50 Herrn
2594 2567 429 51 Tichatscheck
3069 2567 95 51 und
3208 2567 73 51 die
3323 2567 188 52 vortreff-

1955 2651 115 51 liche
2100 2651 94 51 und
2217 2651 251 67 glänzende
2491 2651 225 67 Leistung
2746 2652 79 50 des
2849 2651 215 51 Fräulein
3095 2652 261 51 Grosser
3385 2652 44 50 in
3454 2651 80 51 der

1956 2736 374 67 Sopran-Partie.
2388 2737 98 47 Der
2516 2737 123 48 Text
2779 2736 70 49 die
2881 2736 272 51 Geschichte
3198 2736 82 49 des
3309 2735 147 52 David
3485 2735 45 50 in

1956 2820 130 50 ihren
2115 2820 453 68 Haupt-Momenten
2709 2820 57 50 ist
2811 2821 88 49 den
2933 2822 206 51 Worten
3180 2820 80 50 des
3291 2820 122 50 alten
3443 2821 61 49 Te-

1955 2911 251 43 stamentes
2237 2903 107 69 (den
2374 2903 215 51 Büchern
2620 2903 80 51 des
2725 2903 203 70 Samuel)
2961 2911 325 52 entnommen;
3315 2903 43 51 in
3382 2903 149 51 einem

1956 2987 325 51 wesentlichen
2314 2987 365 69 Wendepunkte
2712 2987 258 61 derselben,
3000 2989 104 50 dem
3125 2987 292 51 Sündenfalle
3434 2989 63 48 Da-

1954 3071 123 60 vid's,
2110 3071 77 51 hat
2218 3071 70 51 die
2319 3071 350 67 Schwierigkeit
2698 3071 80 53 des
2796 3072 273 50 Ausdrucks
3099 3090 56 32 zu
3188 3072 125 50 einer
3337 3071 167 51 Unklar-

1954 3155 94 51 heit
2076 3155 72 49 für
2180 3155 70 51 die
2275 3155 204 67 weniger
2501 3155 366 69 Bibelkundigen
2897 3156 223 60 verleitet,
3150 3156 95 50 und
3276 3174 48 33 es
3348 3156 186 51 möchte

1952 3239 163 67 nöthig
2157 3239 109 59 sein,
2313 3237 203 54 dieselbe
2559 3239 146 51 durch
2751 3240 337 66 Hinzufügung
3131 3240 196 50 anderer
3360 3240 174 52 Worte

3262 3325 54 51 F.
3353 3325 54 51 B.

2024 3528 87 58 Die
2151 3527 275 61 Ouverture
2467 3546 63 42 zu
2567 3529 330 60 Beethoven’s
2937 3531 219 59 Leonore
3207 3531 253 74 (Fidelio),

1951 3659 81 50 mit
2072 3658 199 51 welcher
2316 3659 69 50 die
2417 3660 131 68 Oper
2586 3659 154 52 1805
2797 3679 107 32 zum
2948 3671 155 41 ersten
3132 3663 121 51 Male
3297 3663 45 49 in
3385 3664 149 50 Scene

1952 3759 258 51 gegangen,
2243 3743 56 49 ist
2328 3762 94 32 nun
2454 3744 43 50 in
2530 3745 220 60 Partitur,
2780 3747 94 49 und
2909 3765 123 33 zwar
3062 3747 275 67 vollständig
3366 3747 44 51 in
3441 3766 60 33 ur-

1951 3825 438 69 sprünglicher
2407 3828 292 67 Gestaltung,
2725 3828 71 52 bei
2813 3829 247 69 Breitkopf
3078 3828 42 51 &
3139 3829 160 50 Härtel
3325 3831 175 52 erschie-

1950 3928 89 32 nen
2065 3909 94 50 und
2190 3909 81 50 mit
2300 3912 79 49 Nr.
2417 3911 50 59 2,
2512 3912 87 51 wie
2629 3913 43 48 in
2705 3913 82 50 der
2819 3913 247 66 Ordnung,
3107 3912 270 52 bezeichnet
3407 3933 93 33 wor-

1950 3994 101 52 den.
2083 3993 155 51 Schon
2269 4012 77 33 um
2379 3994 152 52 1840
2566 3997 359 49 veröffentlichte
2954 3997 124 51 diese
3102 3998 432 70 Verlagshandlung

1950 4076 209 52 dasselbe
2191 4077 151 52 Werk
2387 4079 115 50 nach
2545 4079 83 50 der
2666 4079 88 50 mir
2797 4097 88 32 von
2924 4079 268 53 Beethoven
3231 4100 83 33 vor
3360 4083 172 51 seinem

1949 4161 308 52 Hinscheiden
2286 4162 44 51 in
2361 4162 237 52 Abschrift
2631 4162 328 68 übergebenen
2989 4166 221 51 Partitur.
3250 4168 125 50 Herr
3405 4167 123 51 Prof.
