2606 3893
1246 298 114 62 159

248 471 70 42 ce
382 452 363 79 quotidien,
808 452 421 73 semblaient,
1283 456 236 76 depuis
1569 457 477 76 quelquelques
2105 457 251 60 années,

249 532 174 77 déjà,
456 548 82 44 en
564 531 393 72 décadence;
987 532 47 57 il
1080 533 164 57 n'est
1274 550 116 57 pas
1433 536 302 58 mauvais
1784 537 77 57 de
1895 538 290 57 montrer
2214 555 133 40 aux

248 611 286 77 éphèbes
599 608 410 61 tourmentés
1074 626 117 60 par
1248 611 282 59 l'amour
1585 613 115 59 des
1751 613 252 74 lettres,
2057 632 123 59 que
2242 632 111 42 ces

248 692 219 57 divers
501 688 325 61 exercices
859 691 149 57 sont
1042 689 438 77 susceptibles
1522 692 79 58 de
1632 693 249 59 donner
1913 693 149 78 plus
2099 694 77 59 de
2205 712 110 59 pro-

249 771 77 58 fit
356 786 127 58 que
509 768 167 60 l'art.
1610 807 10 22 r

323 849 188 59 Nous
543 847 236 71 allons,
820 846 185 77 grâce
1051 847 35 58 à
1132 847 99 59 cet
1281 846 189 60 effort
1511 848 327 75 suprême,
1872 851 143 57 voir
2044 851 208 59 éclore
2283 852 63 57 la

249 927 298 60 dernière
577 924 379 78 génération
986 926 493 74 parnassienne.
1516 926 136 59 Nul
1682 943 79 41 ne
1791 929 158 73 peut
1980 928 138 60 s'en
2143 931 177 75 plain-

251 1006 139 73 dre,
423 1022 107 42 car
569 1004 61 60 le
663 1003 240 77 dégoût
933 1007 100 57 est
1061 1006 151 74 plus
1245 1006 116 58 sûr
1391 1021 126 59 que
1561 1004 65 59 la
1657 1004 348 63 lassitude.

330 1303 351 60 Plusieurs
707 1302 330 60 membres
1065 1303 89 59 du
1187 1302 202 60 cercle
1421 1303 77 59 de
1535 1303 65 59 la
1628 1319 223 59 presse
1884 1319 166 42 nous
2083 1302 245 76 demandent

213 1302 124 60 des
378 1302 577 60 renseignements
996 1302 124 60 sur
1161 1302 41 60 Y
1243 1302 165 60 Aide
1449 1302 371 60 critique.
1861 1302 165 60 Nous
2067 1302 288 60 n'avons

250 1479 118 58 pas
400 1461 467 60 connaissance
899 1461 156 57 d'un
1087 1477 281 59 ouvrage
1392 1462 259 74 portant
1679 1477 68 41 ce
1774 1461 171 57 titre.
1981 1460 114 59 S'il
2118 1458 235 70 existe,

249 1541 99 58 les
377 1542 399 57 Entretiens
808 1538 361 60 informent
1194 1540 280 57 l'auteur
1503 1538 191 77 qu'ils
1728 1538 412 60 souscrivent
2169 1538 185 74 vingt

256 1618 458 77 exemplaires,
750 1617 197 76 qu'ils
979 1634 67 41 se
1078 1620 349 73 proposent
1459 1617 248 60 d'offrir
1738 1635 80 42 en
1855 1618 211 77 prime
2109 1617 37 58 à
2170 1616 185 76 vingt

253 1697 316 77 critiques
599 1698 62 57 et
687 1696 481 76 chroniqueurs
1200 1696 347 61 autorisés.

329 1991 82 61 M.
446 1992 156 60 Zola
648 1992 202 75 ayant
896 1991 352 60 découvert
1296 1991 319 73 Lourdes,
1664 1991 541 60 ĺenthousiasme
2234 1991 116 59 des

253 2074 329 73 reporters
610 2075 99 55 est
740 2071 36 57 à
804 2088 117 40 son
953 2070 269 60 comble.
1269 2070 99 61 On
1401 2086 291 42 annonce
1744 2085 126 60 que
1926 2070 61 58 le
2032 2069 324 58 châtelain

257 2151 77 57 de
378 2151 101 57 Me
489 2151 127 56 dan
662 2165 83 42 va
790 2149 206 76 partir
1025 2166 167 54 pour
1221 2149 65 57 la
1330 2149 296 75 Mecque,
1677 2147 131 59 afin
1862 2149 78 57 de
1991 2147 248 59 révéler
2270 2165 84 41 au

256 2229 240 58 monde
525 2229 98 58 les
655 2227 466 75 authentiques
1154 2227 302 59 miracles
1507 2243 124 58 que
1664 2226 245 60 suscite
1951 2226 59 57 le
2041 2226 310 59 tombeau

257 2307 80 59 de
366 2307 356 58 Mahomet.
759 2305 195 60 Alors
991 2305 365 60 seulement
1389 2305 48 57 il
1470 2305 298 58 décidera
1801 2306 87 57 du
1922 2305 174 62 suiet
2126 2305 77 57 de
2236 2321 120 42 son

2001 2367 19 13 fj>

254 2385 187 60 futur
470 2401 253 54 roman,
756 2385 64 58 et
846 2385 89 57 du
968 2385 233 60 milieu
1239 2385 164 58 dans
1432 2382 222 77 lequel
1684 2384 49 58 il
1763 2382 140 60 fera
1933 2400 423 42 manœuvrer

258 2481 107 44 ses
399 2480 460 61 personnages.

333 2542 101 61 On
464 2560 169 43 nous
665 2542 256 60 affirme
954 2559 126 58 que
1110 2542 60 60 le
1202 2542 175 75 Pape
1419 2541 62 60 et
1514 2541 61 59 le
1608 2540 231 61 Sultan
1866 2574 75 8 —•
1980 2539 374 59 travaillant

256 2622 251 60 chacun
533 2639 167 58 pour
729 2622 146 60 leur
905 2622 172 59 saint
1118 2655 61 11 —
1212 2626 111 54 ont
1354 2620 249 76 envoyé
1637 2621 35 57 à
1705 2620 85 60 M.
1825 2620 158 58 Zola
2016 2620 113 57 des
2157 2619 158 58 émis-

257 2701 207 58 saires
491 2702 264 57 secrets.

329 2926 127 58 Les
486 2931 400 56 Entretiens
911 2926 288 60 donnent
1231 2944 80 42 en
1353 2925 147 76 prix
1547 2925 96 58 les
1692 2939 258 44 œuvres
1994 2920 355 76 complètes

262 3005 78 59 de
371 3006 89 57 M.
487 3006 211 58 l'abbé
732 3007 77 57 de
839 3006 219 58 Feletz
1084 3024 81 40 au
1198 3005 279 75 critique
1507 3005 109 75 qui
1646 3002 320 78 répondra
1987 3001 76 58 de
2079 3000 64 59 la
2168 3000 187 71 façon

253 3083 66 60 la
347 3085 154 75 plus
529 3085 448 59 satisfaisante
1005 3086 34 56 à
1070 3085 63 58 la
1165 3085 309 76 question
1502 3082 303 60 suivante
1846 3099 12 39 :

334 3162 552 76 Qu'appelle-t-on
916 3180 130 42 une
1079 3180 222 43 œuvre
1325 3165 23 54 ?

330 3438 154 61 Aux
515 3441 301 60 bureaux
852 3442 78 59 de
976 3442 63 59 la
1083 3440 279 62 Révolte
1412 3440 312 59 viennent
1774 3438 78 58 de
1901 3437 283 76 paraître
2221 3454 12 39 :
2262 3441 89 55 Le

255 3518 321 61 Salariat
605 3521 62 58 et
1174 3524 98 55 La
840 3524 123 57 Loi
998 3522 71 59 et
1946 3516 390 65 l'Autorité,
1511 3535 118 60 par
1658 3517 222 60 Pierre
1920 3515 426 80 Kropotkine.
