2606 3893
1345 330 0 0 131

228 427 317 60 discutait
572 425 151 80 âpre
733 427 182 60 ment
936 439 156 47 avec
1113 444 92 42 un
1237 427 339 60 monsieur
1598 427 236 72 barbu,
1867 425 276 62 boiteux
2187 425 37 59 à
2253 424 66 60 lu-

228 509 214 58 nettes
476 510 61 57 et
562 524 125 61 que
736 524 105 42 ma
880 507 418 77 grand-mère
1355 507 372 77 prétendait
1768 508 135 58 être
1942 523 99 43 un
2091 522 213 52 rouge
2334 522 16 54 ;

221 588 135 77 j'en
379 589 181 58 avais
593 588 60 58 si
681 604 165 60 peur
871 589 11 57 !
918 588 130 58 Les
1073 587 263 59 vieilles
1362 587 395 77 péroraient.
1791 588 109 59 Ma
1931 588 177 59 mère
2144 608 29 36 «
2192 584 160 61 était

229 668 166 60 dans
427 668 98 61 les
558 684 251 61 nuages
841 688 57 52 »,
922 667 37 58 à
990 684 68 42 ce
1078 684 129 59 que
1236 668 132 58 l'on
1397 668 355 58 soutenait.
1809 669 85 59 Ce
1939 670 209 58 terme
2199 682 117 59 aug-

229 749 223 57 menta
484 764 234 44 envers
757 747 127 59 elle
913 764 108 41 ma
1050 745 407 61 vénération.
1496 747 130 58 Par
1656 747 267 71 chance,
1941 747 63 59 la
2028 738 325 67 bisaïeule

226 828 336 76 mangeait
587 844 74 42 sa
690 844 204 60 soupe
917 827 187 58 aussi
1134 827 131 59 mal
1287 843 128 60 que
1442 825 157 73 moi,
1633 825 37 59 à
1701 843 197 43 cause
1918 827 90 58 du
2035 825 274 60 tremble-

230 912 205 56 ment.
469 907 239 69 Quand
739 924 83 42 on
857 907 187 59 allait
1082 907 156 72 rire,
1283 905 239 71 l'abbé,
1555 905 137 61 très
1724 923 147 42 rose
1926 907 256 59 cachait
2228 922 122 43 son

234 988 338 62 embarras
605 988 287 61 derrière
925 1004 108 45 ses
1059 987 221 61 mains
1306 985 272 79 jointes.

313 1369 128 58 Les
494 1368 239 77 petites
791 1366 427 63 demoiselles
1282 1368 78 61 de
1426 1368 318 61 Bellevue
1797 1366 245 63 étaient
2127 1370 233 76 quatre

234 1449 223 58 toutes
511 1449 334 71 cousines,
880 1448 168 59 dans
1087 1465 94 42 un
1238 1450 210 75 grand
1478 1449 312 60 château:
1854 1449 245 76 Jenny,
2125 1450 234 73 Lucie,

233 1529 198 66 Rose,
454 1528 447 61 Constance...
923 1528 173 59 Elles
1119 1529 428 76 possédaient
1570 1531 229 74 quatre
1821 1529 193 60 robes
2042 1529 214 76 grises
2279 1530 80 60 de

234 1609 505 77 pensionnaires
766 1608 546 61 Ursulinesetun
1343 1627 149 59 gros
1509 1610 229 59 cheval
1760 1609 196 60 blanc
1989 1609 362 77 surleque,

233 1705 171 42 nous
432 1689 240 60 allions
704 1705 256 44 comme
993 1690 98 59 les
1124 1691 230 74 quatre
1398 1690 110 59 fils
1541 1690 77 57 de
1650 1690 63 57 la
1757 1689 339 79 Légende;
2144 1690 176 60 Rose

231 1768 261 73 l'aînée,
522 1770 231 57 tenant
784 1769 63 57 la
876 1768 210 59 bride.
1120 1768 145 59 Une
1297 1769 164 60 allée
1490 1769 79 58 de
1597 1768 254 59 tilleuls
1889 1769 250 58 menait
2171 1770 80 59 de
2281 1770 67 57 la

239 1848 190 77 grille
448 1865 134 42 aux
611 1848 387 59 bâtiments.
1034 1848 103 59 On
1191 1865 45 59 y
1265 1848 292 59 trouvait
1588 1865 132 42 une
1752 1849 180 60 tante
1975 1848 272 61 robuste
2294 1850 65 57 et

241 1930 119 59 des
389 1930 207 57 tartes
621 1928 391 72 immenses,
1047 1929 117 57 des
1195 1928 319 76 gaillards
1532 1928 77 59 de
1642 1929 270 58 cousins
1943 1928 305 61 fumeurs
2282 1929 79 58 de

243 2008 275 76 cigares.
558 2008 85 57 Ils
672 2008 298 58 savaient
997 2006 348 60 découvrir
1374 2008 99 58 les
1504 2008 154 58 nids
1691 2008 166 58 dans
1887 2009 61 58 le
1983 2024 200 42 creux
2242 2009 120 58 des

241 2085 373 61 murailles.
645 2085 129 59 Les
798 2103 158 42 cous
988 2085 371 76 déplumés,
1393 2088 98 58 les
1518 2086 152 60 becs
1699 2086 242 74 jaunes
1960 2088 244 58 tendus
2232 2089 101 58 avi-

240 2168 292 71 dement,
564 2165 138 60 cela
725 2165 249 60 m'était
1003 2183 131 42 une
1161 2166 226 77 gloire.
1420 2168 78 58 Je
1531 2168 344 75 possédais
1912 2168 78 58 de
2019 2168 64 58 la
2113 2168 129 68 vie,
2280 2169 79 58 de

236 2245 66 59 la
332 2246 105 58 vie
460 2245 37 57 à
529 2244 157 71 moi,
724 2260 126 59 que
893 2245 67 74 je
991 2246 303 74 pouvais,
1329 2246 36 59 â
1414 2263 155 42 mon
1616 2245 257 78 plaisir,
1917 2248 439 76 interrompre

240 2340 84 42 ou
348 2323 374 77 perpétuer.
744 2323 508 63 Généralement
1268 2325 96 60 les
1395 2326 200 77 petits
1618 2326 277 60 oiseaux
1912 2343 82 43 ne
2026 2328 334 59 tardaient

243 2420 119 60 pas
394 2404 37 58 â
459 2403 199 77 périr.

414 2508 5 11 \

327 2591 76 58 Je
427 2606 105 43 me
563 2589 115 60 liai
701 2589 424 63 intimement
1147 2610 132 42 aux
1302 2592 226 61 décors
1562 2593 78 60 de
1672 2593 63 60 la
1755 2592 303 79 religion.
2102 2594 95 60 La
2228 2596 110 58 cha-

247 2671 171 77 pelle
447 2672 89 57 du
568 2673 278 57 couvent
878 2690 68 42 se
978 2673 212 76 parait
1230 2674 78 59 de
1340 2674 205 59 fleurs
1576 2691 276 56 neuves,
1887 2676 78 58 de
1999 2676 177 76 tapis
2225 2676 112 59 bro-

248 2749 142 73 dés,
421 2751 78 58 de
525 2752 139 57 tout
694 2768 128 42 une
846 2751 354 62 orfèvrerie
1224 2753 431 78 magnifique,
1680 2754 296 60 cadeaux
1998 2756 115 58 des
2143 2756 230 59 dames

245 2829 318 60 recluses.
609 2831 128 59 Les
777 2831 228 61 offices
1045 2850 45 58 y
1125 2833 243 60 étaient
1407 2834 155 77 plus
1600 2833 221 61 beaux
1856 2851 128 60 que
2022 2836 220 58 toutes
2273 2834 100 60 les

244 2926 274 61 pompes
563 2909 341 63 officielles
948 2928 119 61 par
1110 2913 135 60 moi
1291 2931 313 42 connues.
1637 2916 127 57 Les
1809 2913 325 76 religieux
2177 2914 158 59 chan-

243 2991 216 59 tèrent
499 2991 160 58 d'un
691 2993 225 59 accent
949 2993 399 60 surhumain
1381 2994 115 77 qui
1529 3011 106 42 me
1666 2996 220 58 rendit
1917 2994 130 59 fort
2079 2993 288 61 craintif.

243 3071 94 58 La
365 3071 392 76 persuasion
799 3090 105 40 me
943 3073 134 76 prit
1110 3073 155 60 d'un
1296 3074 175 59 Dieu
1504 3076 143 57 tout
1687 3074 263 77 proche,
1983 3073 141 76 prêt
2163 3073 36 59 à
2232 3074 108 59 des-

244 3151 236 59 cendre
544 3152 78 58 de
683 3152 380 61 l'ostensoir
1109 3154 65 60 et
1214 3154 160 59 dont
1416 3154 64 59 la
1523 3153 183 60 main
1754 3153 403 61 formidable
2202 3153 140 60 écra-

248 3231 277 59 serait...

324 3311 90 58 Le
460 3311 239 58 monde
733 3311 319 75 chrétien,
1099 3312 65 58 la
1209 3312 236 77 sphère
1476 3312 197 60 bleue
1705 3312 116 77 qui
1852 3312 62 58 le
1945 3311 436 78 représentait

247 3406 132 42 aux
427 3391 218 58 mains
695 3391 91 59 du
827 3393 163 59 Père
1048 3392 267 61 trônant
1362 3393 166 59 dans
1578 3392 59 58 le
1687 3392 247 75 vitrail,
1983 3392 401 61 suscitèrent

245 3468 264 79 l'image
558 3471 80 58 de
682 3471 240 59 l'infini
968 3472 424 77 numérique,
1434 3473 150 57 tous
1630 3490 106 42 ces
1781 3473 278 79 peuples
2103 3473 281 60 courbés

249 3566 116 42 sur
410 3549 65 60 la
523 3549 258 61 surface
833 3552 80 60 de
962 3553 64 59 la
1073 3555 171 58 terre
1294 3553 244 59 devant
1583 3552 62 58 la
1688 3553 212 60 croix!
1945 3555 128 58 Les
2108 3553 276 79 peuples
