2606 3893
1251 255 119 60 144

230 424 172 57 terre
433 421 101 59 est
553 419 66 61 la
649 416 478 64 connaissance
1162 418 64 60 et
1254 416 66 61 la
1350 416 311 79 pratique
1693 416 80 61 de
1795 410 65 67 la
1889 410 150 80 Loi,
2066 415 65 62 et
2180 433 84 44 on
2296 428 81 50 ne

230 501 64 60 la
316 501 157 78 peut
495 499 410 79 pleinement
936 498 344 78 pratiquer
1294 498 198 77 qu'en
1512 515 70 43 se
1615 498 324 59 dérobant
1954 514 132 43 aux
2107 496 129 61 lois
2260 499 117 76 qui

232 599 84 42 ne
349 583 154 58 sont
532 597 119 62 pas
671 580 67 60 la
767 579 348 61 véritable.
1145 580 93 61 Le
1268 580 154 60 Juif
1447 579 119 79 qui
1599 579 252 61 suivait
1896 595 110 45 ces
2034 578 344 78 préceptes

235 660 285 62 s'isolait
557 660 92 60 du
680 663 176 57 reste
899 660 119 60 des
1059 660 334 69 hommes,
1425 659 49 60 il
1525 677 71 43 se
1638 658 411 62 retranchait
2086 659 292 62 derrière

228 743 101 59 les
359 743 191 59 haies
581 741 386 78 qu'avaient
997 740 260 62 élevées
1290 743 245 58 autour
1573 740 81 61 de
1694 740 382 72 laThorah,
2129 740 249 62 Esdras

232 825 64 59 et
335 823 99 61 les
464 821 329 79 premiers
824 820 255 62 scribes
1110 821 113 79 (1),,
1253 821 158 79 puis
1436 821 100 60 les
1568 820 395 61 Pharisiens
1995 823 66 58 et
2098 820 101 61 les
2231 820 113 62 Tal-

232 903 339 61 mudistes
621 903 313 61 héritiers
966 903 342 72 d'Esdras,
1343 901 491 61 déformateurs
1874 903 93 58 du
2016 906 364 56 mosaïsme

231 983 297 78 primitif
564 985 64 59 et
671 984 308 61 ennemis
1025 984 119 60 des
1187 981 382 80 prophètes.
1604 981 54 60 Il
1705 999 83 43 ne
1820 981 227 61 s'isola
2076 999 121 61 pas
2230 999 113 43 seu-

231 1065 254 61 lement
533 1080 83 45 en
668 1064 308 61 refusant
1031 1065 80 60 de
1158 1082 70 42 se
1271 1063 368 61 soumettre
1685 1079 135 43 aux
1865 1065 355 59 coutumes
2262 1064 118 77 qui

232 1145 465 61 établissaient
729 1146 118 59 des
880 1145 174 60 liens
1092 1146 181 59 entre
1305 1144 99 60 les
1435 1143 348 59 habitants
1818 1143 118 61 des
1968 1144 304 61 contrées
2291 1146 87 59 où

231 1227 49 59 il
303 1227 161 59 était
487 1225 228 73 établi,
740 1224 173 61 mais
945 1225 186 60 aussi
1158 1242 81 42 en
1266 1224 400 77 repoussant
1695 1224 187 58 toute
1910 1224 285 61 relation
2220 1242 157 43 avec

231 1324 108 43 ces
406 1307 345 60 habitants
797 1305 440 61 eux-mêmes.
1291 1304 60 61 A
1408 1320 122 44 son
1588 1304 483 76 insociabilité,
2117 1305 63 61 le
2232 1305 152 61 Juif

236 1388 228 79 ajouta
490 1385 546 61 l'exclusivisme.

315 1468 170 61 Sans
533 1467 67 59 la
628 1467 146 72 Loi,
811 1483 156 43 sans
997 1464 208 61 Israël
1233 1482 171 59 pour
1432 1464 66 61 la
1531 1464 369 79 pratiquer,
1926 1465 62 62 le
2020 1467 245 60 monde
2295 1483 83 44 ne

235 1550 203 60 serait
481 1566 146 59 pas,
666 1548 176 60 Dieu
895 1547 61 61 le
1017 1545 198 61 ferait
1246 1549 257 57 rentrer
1555 1547 169 59 dans
1780 1547 62 59 le
1901 1548 225 75 néant,
2198 1549 64 60 et
2315 1549 62 60 le

235 1628 243 61 monde
497 1646 82 42 ne
608 1628 343 60 connaîtra
981 1627 64 59 le
1079 1625 310 61 bonheur
1421 1643 128 61 que
1580 1625 307 78 lorsqu'il
1920 1644 147 45 sera
2117 1629 261 60 soumis

232 1710 37 60 à
301 1709 301 78 l'empire
630 1708 341 61 universel
997 1708 78 58 de
1108 1709 169 57 cette
1308 1707 115 73 loi,
1447 1707 400 62 c'est-à-dire
1881 1709 38 60 à
1935 1709 300 79 l'empire
2262 1710 116 60 des

232 1789 210 61 Juifs.
478 1790 133 59 Par
626 1787 438 77 conséquent,
1088 1787 61 61 le
1188 1787 243 77 peuple
1455 1785 145 82 juif
1644 1789 103 60 est
1781 1789 64 60 le
1875 1790 243 78 peuple
2160 1790 217 61 choisi

233 1888 120 60 par
372 1869 178 61 Dieu
580 1886 260 43 comme
875 1867 405 78 dépositaire
1309 1869 81 59 de
1441 1884 111 44 ses
1585 1868 306 61 volontés
1922 1872 65 59 et
2018 1872 81 59 de
2131 1888 106 43 ses
2270 1870 74 60 dé-

232 1952 156 71 sirs,
414 1952 43 57 il
496 1952 101 58 est
627 1950 62 60 le
724 1949 147 61 seul
905 1967 156 42 avec
1088 1949 118 76 qui
1237 1948 66 60 la
1331 1948 307 61 Divinité
1670 1949 92 60 ait
1803 1950 122 61 fait
1957 1969 92 42 un
2079 1954 212 76 pacte,
2328 1952 50 61 il

230 2034 100 57 est
353 2030 157 61 l'élu
536 2030 90 59 du
659 2030 346 78 Seigneur.
1037 2029 108 60 Au
1171 2030 301 60 moment
1502 2029 86 61 où
1610 2029 60 61 le
1699 2034 269 75 serpent
1996 2033 187 60 tenta
2212 2033 164 74 Eve,

232 2113 100 58 dit
360 2112 63 59 le
457 2110 316 73 Talmud,
805 2110 49 59 il
890 2109 66 60 la
995 2109 362 78 corrompit
1388 2110 80 59 de
1511 2127 122 43 son
1662 2112 226 61 venin.
1924 2113 209 60 Israël
2166 2131 83 43 en
2282 2131 64 43 re-

230 2196 238 58 cevant
497 2193 67 58 la
591 2190 365 63 révélation
985 2192 92 59 du
1101 2189 185 62 Sinaï
1315 2208 69 43 se
1418 2190 259 61 délivra
1704 2192 91 61 du
1827 2194 158 71 mal,
2019 2194 99 61 les
2146 2197 230 58 autres

230 2274 271 60 nations
524 2272 150 61 n'en
704 2273 247 77 purent
981 2270 257 78 guérir:
1262 2270 188 60 aussi
1484 2272 57 59 si
1566 2272 162 61 elles
1756 2277 116 56 ont
1903 2274 299 61 chacune
2230 2274 148 61 leur

232 2372 168 61 ange
456 2354 274 78 gardien
774 2354 66 59 et
894 2352 181 61 leurs
1126 2352 511 61 constellations
1675 2356 453 74 protectrices,
2169 2356 208 60 Israël

230 2439 101 55 est
363 2433 183 79 placé
571 2451 161 43 sous
762 2432 160 61 l'œil
955 2432 219 61 même
1199 2433 80 60 de
1310 2430 338 77 Jéhovah;
1682 2433 49 60 il
1764 2437 100 58 est
1886 2436 61 59 le
1974 2436 111 61 fils
2118 2436 259 77 préféré

230 2516 80 58 de
353 2514 343 73 l'Eternel,
722 2513 174 61 celui
912 2513 119 77 qui
1063 2531 36 42 a
1132 2512 148 61 seul
1312 2512 175 61 droit
1519 2514 35 60 à
1582 2531 122 43 son
1736 2532 261 58 amour,
2016 2517 37 60 à
2082 2535 74 43 sa
2189 2517 152 61 bien-

224 2594 352 74 veillance,
612 2594 35 60 à
680 2612 74 42 sa
802 2593 371 79 protection
1224 2592 312 78 spéciale,
1571 2597 62 57 et
1663 2594 101 60 les
1795 2598 224 60 autres
2067 2597 310 61 hommes

230 2679 152 58 sont
435 2674 223 79 placés
708 2674 404 60 au-dessous
1167 2673 118 60 des
1314 2673 353 76 Hébreux;
1701 2676 87 59 ils
1821 2677 185 61 n'ont
2038 2678 177 61 droit
2246 2696 132 60 que

226 2775 120 61 par
376 2756 165 78 pitié
567 2756 38 59 à
635 2756 64 59 la
717 2756 441 59 munificence
1181 2753 252 74 divine,
1468 2756 313 77 puisque,
1798 2758 250 74 seules,
2067 2759 101 61 les
2192 2759 185 60 âmes

226 2838 118 61 des
372 2837 183 61 Juifs
580 2836 409 62 descendent
1018 2836 94 59 du
1155 2836 294 77 premier
1492 2837 296 61 homme.
1832 2839 132 61 Les
2020 2841 200 59 biens
2250 2841 122 77 qui

227 2919 152 61 sont
435 2917 316 80 délégués
812 2935 135 42 aux
998 2916 269 61 nations
1320 2917 516 77 appartiennent
1893 2937 83 43 en
2042 2921 240 61 réalité
2338 2921 37 59 à

222 2999 234 72 Israël,
500 3002 61 57 et
618 3015 173 44 nous
821 3015 263 59 voyons
1135 2996 230 75 Jésus,
1418 2998 380 75 lui-même,
1850 3001 329 80 répondre
2228 3003 41 59 à
2310 3002 63 60 la

232 3081 250 61 femme
517 3095 284 62 grecque
828 3097 14 41 :

310 3181 27 36 «
370 3161 55 59 Il
454 3162 170 58 n'est
646 3177 118 60 pas
796 3159 132 61 bon
961 3158 80 60 de
1074 3157 287 79 prendre
1394 3157 62 63 le
1488 3158 160 80 pain
1676 3161 118 61 des
1830 3162 268 63 enfants
2118 3182 174 61 pour
2312 3165 63 60 le

224 3241 176 78 jeter
430 3259 135 41 aux
594 3241 206 77 petits
837 3238 233 61 chiens
1102 3237 110 80 (2).
1251 3259 30 35 »

308 3323 183 60 Cette
543 3322 93 61 foi
693 3323 36 59 à
760 3322 149 60 leur
964 3318 556 80 prédestination,
1568 3321 37 61 à
1642 3322 148 62 leur
1831 3323 312 76 élection,
2178 3326 190 62 déve-

292 3517 71 59 (1)
397 3518 93 47 Les
531 3515 172 50 Dibré
738 3517 305 62 Sopherim.

290 3580 70 60 (2)
382 3580 155 49 Marc
571 3580 131 59 YII,
739 3580 79 49 27.
