2606 3893
1248 359 108 59 121

241 518 98 59 les
372 518 308 73 honorez,
725 518 62 59 et
825 516 332 75 terribles,
1192 518 56 58 si
1299 535 168 42 vous
1520 518 286 60 devenez
1842 517 304 60 rebelles.
2182 516 187 60 Vous

244 597 146 60 leur
433 597 255 61 obéirez
740 598 168 59 donc
942 597 321 78 jusqu'au
1309 597 295 60 sacrifice
1644 601 63 55 et
1756 615 154 42 avec
1957 614 252 43 amour.
2246 596 123 61 Car

244 694 167 42 vous
468 694 190 42 savez
692 676 275 76 qu'elles
1000 692 70 44 se
1102 676 442 76 vengeraient.
1577 676 142 70 Que
1770 676 398 72 ferez-vous,
2216 675 56 59 si
2305 675 63 58 la

244 756 308 74 Famille,
583 757 55 59 si
685 756 223 71 l'Etat,
945 756 57 58 si
1050 756 63 60 la
1144 755 250 61 Société
1423 772 165 42 vous
1625 756 333 60 déclarent
1996 757 62 59 la
2086 755 278 77 guerre?

242 835 189 61 Vous
463 852 324 42 mourrez.
828 835 194 59 Votre
1056 836 253 75 respect
1342 836 100 57 est
1474 835 167 59 donc
1681 835 196 72 forcé,
1914 836 55 57 si
2014 852 166 42 vous
2211 851 119 43 vou-

244 915 99 58 lez
373 916 202 58 vivre.
603 915 82 59 Et
715 931 166 43 vous
904 931 80 42 ne
1018 915 201 59 devez
1247 915 213 58 même
1491 915 184 58 vivre
1703 931 127 59 que
1863 931 165 60 pour
2057 931 131 43 eux
2212 931 17 42 :
2260 930 108 44 car

244 995 179 58 vivre
473 1011 167 60 pour
685 995 442 71 vous-même,
1177 1011 79 42 en
1303 993 310 78 égoïstes,
1656 995 203 58 serait
1912 993 149 77 déjà
2112 992 215 60 mécon-

246 1077 211 56 naître
490 1073 288 78 quelque
809 1073 134 60 lien
985 1075 224 58 social.
1243 1072 60 60 À
1334 1073 168 60 celui
1548 1073 114 77 qui
1696 1073 239 59 souille
1966 1073 64 59 la
2058 1072 306 73 Famille,

246 1155 114 76 qui
402 1155 300 76 conspire
752 1156 222 58 contre
1017 1153 222 73 l'Etat,
1289 1153 115 77 qui
1446 1156 266 74 attaque
1762 1153 64 59 la
1873 1153 222 59 Patrie
2135 1169 85 44 0:1
2258 1155 111 75 qui

244 1235 246 57 attente
523 1233 35 58 à
589 1235 65 57 la
685 1232 277 73 Société,
994 1250 169 43 vous
1196 1250 79 42 en
1307 1233 307 59 viendrez
1638 1233 36 58 à
1707 1232 139 59 dire
1883 1250 12 39 :
1929 1251 28 36 «
1994 1232 50 57 Il
2070 1231 139 60 faut
2242 1247 126 61 que

238 1312 69 76 je
337 1315 61 56 te
431 1315 114 56 tue
579 1334 54 51 »,
670 1315 61 57 et
762 1330 169 58 pour
953 1313 61 59 le
1045 1316 170 69 tuer,
1237 1330 166 43 vous
1435 1315 274 57 mettrez
1741 1315 183 56 votre
1957 1313 103 58 vie
2093 1329 80 40 en
2208 1312 120 59 dan-

246 1409 111 59 ger
405 1396 305 56 souvent.
764 1392 222 71 Ainsi,
1033 1410 169 42 vous
1258 1399 225 53 n'avez
1539 1409 119 59 pas
1707 1392 61 60 le
1815 1392 224 59 choix.
2090 1391 166 60 Sans
2305 1391 64 58 la

244 1471 304 72 Famille,
583 1472 63 57 la
693 1472 246 71 Patrie,
971 1472 65 59 la
1086 1472 275 73 Société,
1392 1489 167 42 vous
1606 1487 322 44 mourrez.
1973 1470 170 59 Mais
2197 1486 170 43 vous

246 1569 301 42 mourrez
581 1569 231 42 encore
845 1569 166 59 pour
1041 1552 163 59 elles
1230 1602 12 10 .
1276 1552 170 69 Quoi
1482 1569 125 59 que
1643 1569 166 42 vous
1836 1551 264 71 fassiez,
2133 1551 231 62 traître

245 1647 84 42 ou
363 1631 220 71 fidèle,
617 1631 86 58 ils
735 1631 362 60 réclament
1126 1633 183 59 votre
1342 1647 184 60 sang,
1563 1647 107 44 ces
1701 1632 196 59 êtres.
1931 1631 172 60 C'est
2143 1628 154 61 bien
2329 1630 37 57 à

245 1712 138 57 cela
415 1711 197 75 qu'on
646 1714 337 57 reconnaît
1013 1711 197 76 qu'ils
1244 1714 149 57 sont
1426 1712 114 57 des
1569 1711 225 60 dieux.

331 1791 325 58 Pourtant
673 1807 169 42 vous
863 1791 273 58 vénérez
1164 1807 256 42 comme
1450 1791 114 57 des
1597 1790 198 58 dieux
1827 1790 407 76 protecteurs
2255 1805 107 42 ces

250 1867 203 61 dieux
495 1868 367 75 sanglants.
913 1870 82 58 Et
1026 1871 207 57 certes
1281 1870 86 58 ils
1426 1886 166 42 vous
1643 1868 367 75 protègent.
2062 1867 170 60 Mais
2292 1882 70 44 ce

250 1948 195 74 qu'ils
476 1948 344 75 protègent
852 1965 80 42 en
953 1965 192 53 vous,
1174 1965 68 42 ce
1265 1950 167 57 n'est
1460 1965 120 58 pas
1611 1965 186 42 vous.
1835 1948 94 59 Ne
1959 1962 407 60 voyez-vous

250 2045 117 57 pas
397 2028 197 77 qu'ils
617 2030 150 57 sont
792 2028 114 58 des
934 2027 232 60 idées?
1187 2027 205 60 Aussi
1427 2028 145 58 leur
1602 2027 308 60 domaine
1934 2027 187 59 est-il
2151 2026 202 60 idéal.

250 2107 87 57 Ils
372 2114 150 52 sont
551 2107 99 59 les
698 2107 300 59 soutiens
1040 2108 77 58 de
1160 2124 69 42 ce
1262 2107 116 75 qui
1408 2106 221 60 dérive
1676 2107 196 59 d'eux
1901 2125 117 58 par
2075 2106 146 58 voie
2277 2106 81 58 de

246 2185 238 76 genèse
514 2185 285 76 logique.
826 2186 181 57 lisse
1041 2187 333 57 montrent
1403 2186 278 60 hostiles
1709 2187 36 57 à
1793 2202 70 42 ce
1914 2186 114 76 qui
2061 2185 263 76 logique-

249 2263 292 59 mentles
569 2265 345 57 contredit.
948 2262 92 61 Ils
1069 2265 414 76 protégeront
1511 2281 79 42 en
1609 2282 166 42 vous
1803 2266 316 58 l'essence
2147 2263 214 60 idéale

246 2359 118 58 par
391 2342 288 76 laquelle
703 2360 165 41 vous
887 2360 152 43 avez
1064 2343 283 77 quelque
1371 2343 256 61 affinité
1654 2361 155 43 avec
1839 2362 151 42 eux.
2009 2346 76 57 Je
2110 2361 80 42 ne
2216 2343 145 59 suis

247 2421 388 60 réellement
669 2439 124 58 que
824 2423 404 60 moi-même.
1261 2423 169 60 Mais
1459 2441 79 42 en
1588 2425 145 59 idée
1771 2425 69 76 je
1872 2425 143 59 suis
2060 2423 297 61 membre

249 2500 198 59 d'une
478 2501 281 58 Famille
787 2505 60 54 et
875 2502 194 60 d'une
1105 2503 273 72 Société,
1431 2503 259 77 citoyen
1724 2505 158 58 d'un
1912 2505 176 70 Etat,
2135 2503 227 59 enfant

250 2578 195 60 d'une
478 2580 242 58 Patrie.
754 2581 170 71 Moi,
969 2597 78 44 en
1079 2583 144 58 tant
1268 2599 126 59 que
1427 2583 156 72 moi,
1623 2583 66 73 je
1723 2583 142 60 suis
1896 2583 381 60 indifférent
2325 2582 38 59 à

249 2658 64 59 la
368 2658 306 73 Famille,
717 2660 36 57 à
805 2660 62 59 la
924 2661 276 72 Société,
1253 2662 36 59 à
1347 2662 206 60 l'Etat.
1588 2663 171 59 Mais
1807 2681 259 60 pourvu
2123 2680 127 60 que
2293 2661 69 77 je

249 2740 309 57 consente
590 2738 36 58 à
655 2738 201 60 n'être
885 2757 119 59 pas
1032 2741 155 72 moi,
1224 2741 36 58 à
1305 2742 134 59 être
1470 2743 371 60 seulement
1898 2742 131 61 bon
2061 2742 133 71 fils,
2226 2741 133 58 bon

247 2817 179 75 père,
489 2817 129 60 bon
675 2818 261 77 citoyen
981 2836 63 43 et
1101 2821 129 60 bon
1279 2822 321 76 patriote,
1651 2823 68 77 je
1776 2823 146 59 suis
1990 2822 226 59 assuré
2279 2821 79 58 de

244 2896 149 58 leur
424 2896 167 60 aide.
630 2896 100 61 On
764 2915 79 42 ne
873 2916 105 42 me
1012 2898 239 63 défend
1287 2901 141 60 rien
1461 2917 127 61 que
1620 2903 202 59 d'être
1856 2901 157 72 moi,
2039 2919 107 40 car
2180 2901 66 76 je
2278 2915 81 43 ne

245 2976 305 76 pourrais
583 2978 133 58 être
745 2978 380 61 moi-même
1180 2986 194 71 qu'en
1420 2985 348 68 menaçant
1812 3000 132 42 une
1996 2982 114 57 des
2143 2980 215 58 idoles

247 3055 300 59 sociales.
611 3055 168 61 Sous
828 3060 165 58 cette
1051 3060 287 72 réserve,
1384 3060 67 77 je
1505 3079 179 58 peux
1736 3061 183 58 vivre
1978 3061 64 58 et
2105 3058 254 60 mourir

246 3133 384 79 tranquille.
665 3135 84 59 Et
801 3136 56 60 si
910 3137 97 60 les
1054 3140 203 59 dieux
1309 3141 462 60 m'ordonnent
1825 3141 80 58 de
1968 3138 276 73 mourir,
2288 3137 69 76 je

246 3215 149 58 n'en
426 3215 183 57 aurai
658 3232 116 59 pas
793 3239 11 7 •
825 3218 217 60 moins
1092 3220 314 59 conservé
1445 3238 154 40 mon
1644 3220 322 59 caractère
2024 3217 333 60 d'homme

246 3295 329 57 vertueux
598 3295 62 58 et
689 3295 78 59 de
786 3296 131 60 bon
947 3298 283 75 citoyen.
1266 3300 77 59 Je
1375 3300 170 59 serai
1562 3301 170 57 mort
1759 3301 146 57 tout
1931 3297 233 71 entier,
2185 3296 173 60 mais

237 3373 69 77 je
334 3373 170 59 serai
538 3376 170 57 mort
730 3375 270 80 intègre.
1036 3377 182 61 Cette
1247 3378 293 60 destinée
1590 3396 81 42 ne
1714 3395 168 43 vous
1915 3375 443 62 suffirait-elle

241 3453 164 77 pas?
437 3453 273 78 Voyons
736 3456 173 61 alors
936 3458 35 59 à
994 3475 170 44 nous
1196 3458 398 76 émanciper.
