2606 3893
1250 265 116 63 136

235 424 247 70 mains,
499 437 159 43 sous
676 420 118 60 des
817 438 283 62 vapeurs
1124 425 913 80 étincelantes,lointaines...
2060 430 309 63 L'ombre

240 499 451 81 s'appesantit,
727 503 271 76 conquit
1029 505 98 60 les
1155 509 257 61 choses.
1449 512 385 61 L'incendie
1856 512 80 61 de
1976 512 186 61 l'âtre
2202 529 130 42 mar-

238 583 189 77 quait
454 597 91 42 un
589 580 407 76 cataclysme
1026 603 146 44 rose
1199 589 166 61 dans
1397 592 60 59 le
1489 592 368 61 brouillard
1886 611 14 39 :
1932 595 63 56 et
2028 592 257 77 parfois
2322 593 49 60 il

240 660 466 78 disparaissait
741 664 588 77 complètement...
1377 672 188 59 Dans
1616 673 58 58 le
1706 672 147 61 noir
1880 672 494 78 triomphateur

236 759 158 43 mon
436 740 179 61 aieul
672 759 248 60 poussa
960 763 118 43 son
1127 749 92 61 cri
1256 752 79 59 de
1377 753 206 77 gloire
1621 801 12 12 .
1694 753 143 60 Mes
1886 753 258 60 soldats
2202 771 129 43 mar-

234 821 270 60 chaient
535 820 37 60 à
616 839 73 42 sa
722 823 174 61 suite
924 842 118 44 sur
1059 828 196 62 l'élan
1274 830 198 61 d'une
1504 832 466 72 marseillaise,
1986 835 65 58 et
2084 833 281 61 soudain

235 901 186 60 leurs
459 900 294 62 bouches
785 903 405 66 s'ouvraient,
1233 910 564 75 démesurément,
1846 912 219 61 c'était
2117 913 99 60 les
2270 914 69 60 in-

234 982 433 60 nombrables
697 983 171 59 têtes
898 988 443 63 vociférantes
1372 992 79 59 de
1477 992 65 59 la
1571 993 165 58 Bête
1769 992 120 77 qui
1936 1011 70 42 se
2040 993 261 61 ruaient
2334 994 36 59 à

239 1063 215 59 moi...
488 1063 77 59 Je
595 1063 356 62 m'éveillai
981 1084 156 45 avec
1166 1069 61 61 le
1278 1088 265 60 spasme
1603 1073 80 60 de
1713 1073 64 58 la
1807 1075 200 58 toux.
2044 1074 329 61 L'essaim

240 1144 120 60 des
388 1159 273 60 gnomes
711 1144 400 80 s'échappait
1157 1167 81 43 en
1282 1153 293 60 tumulte
1609 1153 79 60 de
1739 1171 109 42 ma
1904 1171 194 62 gorge
2154 1154 185 61 dessé-

240 1223 234 61 chée...
504 1224 420 62 L'immonde
954 1227 270 78 liqueur
1249 1232 247 59 coulait
1524 1251 116 42 sur
1666 1233 149 60 leur
1857 1236 202 67 trace,
2103 1236 233 77 emplis-

245 1303 131 61 sait
398 1319 155 45 mon
584 1304 136 60 être
755 1304 80 60 de
864 1323 106 43 ses
1014 1312 369 72 puanteurs
1423 1313 708 79 pharmaceutiques...

322 1384 96 59 La
447 1385 508 61 convalescence
988 1387 103 61 fut
1122 1407 132 43 une
1287 1392 254 77 époqne
1569 1393 415 62 charmeuse.
2022 1394 103 61 On
2163 1413 105 43 me
2299 1398 76 58 lit

239 1462 387 62 l'existence
657 1463 501 66 bienveillante.
1202 1469 397 79 Marguerite
1641 1491 105 43 me
1786 1476 255 76 rapprit
2100 1476 38 59 à
2195 1493 132 43 mar-

244 1544 175 60 cher.
446 1544 206 70 .Dans
682 1544 99 60 les
805 1547 273 73 caisses,
1111 1549 100 61 les
1235 1552 213 73 jouets
1482 1553 582 75 s'accumulèrent,
2098 1556 68 77 je
2218 1558 127 59 titu-

244 1622 150 61 bais
409 1623 79 60 de
515 1623 316 61 faiblesse
861 1642 158 44 sous
1049 1628 99 61 les
1175 1617 133 90 piis
1340 1632 80 59 de
1451 1632 64 61 la
1546 1633 159 62 robe
1732 1636 81 59 de
1843 1636 314 62 chambre
2177 1636 194 61 bleue

247 1704 80 59 de
360 1703 97 60 roi
494 1751 13 13 .
540 1703 77 61 Je
640 1707 304 75 mangeai
978 1708 168 60 dans
1175 1728 91 42 un
1291 1712 252 62 service
1592 1714 81 60 de
1705 1716 252 61 dinette
1985 1717 117 60 des
2145 1718 228 60 cailles

244 1784 65 59 et
360 1783 115 60 des
507 1783 245 76 grives,
809 1785 118 60 des
978 1788 203 76 petits
1232 1790 278 63 oiseaux
1565 1793 167 62 rôtis
1790 1796 237 77 exprès
2080 1815 169 59 pour
2314 1798 61 59 le

247 1862 287 61 malade.

323 1944 96 59 La
450 1945 305 59 servante
779 1944 219 79 jouait
1029 1964 85 45 au
1144 1952 315 79 mariage.
1494 1953 146 62 Elle
1670 1956 344 61 endossait
2046 1975 120 43 son
2205 1957 172 62 beau

248 2039 267 61 corsage
543 2023 259 76 breton,
837 2027 87 70 et,
959 2044 107 44 me
1087 2032 264 73 portant
1367 2050 114 43 sur
1492 2034 64 59 la
1585 2034 205 74 table,
1816 2036 69 77 je
1918 2037 316 61 devenais
2257 2056 120 42 son

248 2103 170 58 mari
451 2104 168 71 vrai,
653 2104 155 76 plus
836 2108 206 75 grand
1071 2111 315 74 qu'elle...
1421 2114 120 60 fier
1572 2116 80 58 de
1687 2116 313 77 l'épouse.
2045 2118 143 59 Mes
2234 2136 108 60 pre-

247 2183 245 61 mières
539 2185 238 61 sorties
804 2189 234 59 eurent
1081 2207 169 60 pour
1270 2193 123 61 but
1424 2196 80 58 de
1534 2196 235 61 visiter
1800 2215 118 42 son
1951 2198 135 59 ami
2125 2199 61 59 le
2219 2201 118 75 pho-

244 2264 344 76 tographe,
609 2263 204 77 jeune
845 2265 269 64 homme
1142 2271 276 62 chevelu
1445 2276 117 76 qui
1593 2274 449 63 l'embrassait
2087 2278 290 61 derrière

243 2343 100 60 les
366 2345 354 78 appareils.
756 2347 145 59 Ala
924 2347 165 62 foire
1120 2352 89 60 du
1231 2354 216 74 trône,
1475 2356 49 59 il
1567 2373 107 44 me
1720 2358 280 78 chargea
2033 2359 79 59 de
2167 2361 170 58 mirli-

242 2425 154 59 tons
424 2429 63 55 et
518 2425 79 60 de
628 2424 372 65 babioles...
1033 2429 76 63 Je
1141 2431 111 62 fus
1284 2436 141 58 ravi
1456 2453 306 45 nonsans
1783 2439 432 78 comprendre
2230 2439 146 61 leur

244 2503 301 79 manège.

323 2583 59 60 A
413 2586 194 76 peine
640 2587 226 79 remis,
889 2587 177 77 j'eus
1084 2592 419 81 ledésespoir
1528 2596 438 78 d'apprendre
1988 2598 62 61 le
2080 2601 295 77 mariage

243 2663 80 61 de
355 2666 158 60 Mlle
543 2667 294 79 Fourny.
868 2669 104 61 Ma
998 2672 174 61 mère
1205 2691 105 43 me
1343 2677 339 61 conduisit
1713 2696 82 43 en
1819 2681 199 59 visite
2050 2681 157 61 chez
2266 2699 105 43 ses

243 2748 291 72 parents.
574 2747 78 59 Je
692 2748 93 78 l'y
818 2749 104 60 vis
955 2768 164 60 pour
1164 2752 66 60 la
1284 2756 301 61 dernière
1636 2757 152 62 fois.
1851 2760 146 60 Elle
2042 2777 71 43 se
2163 2762 210 60 tenait

244 2826 212 61 assise
482 2845 116 42 sur
625 2846 132 42 une
788 2829 222 63 chaise
1040 2832 265 62 volante
1331 2841 382 58 recouverte
1748 2840 80 59 de
1886 2841 264 61 brocart
2194 2860 173 60 pers.

353 2904 137 78 joie
517 2907 371 63 illuminait
918 2928 107 44 ses
1057 2931 181 58 yeux
1264 2916 390 62 immenses.
1688 2918 146 61 Elle
1884 2939 82 43 ne
2011 2939 359 61 remarqua

243 2986 372 62 nullement
647 3007 155 43 mon
832 2991 296 80 chagrin.
1191 2996 173 59 Tout
1416 2997 432 65 l'enchantait
1893 3002 81 60 de
2016 3020 106 42 ses
2173 3021 197 43 noces

238 3066 322 78 jusqu'au
592 3087 158 43 nom
783 3072 80 60 de
893 3072 65 60 la
982 3074 160 61 ville
1174 3076 85 59 où
1306 3077 124 60 elle
1476 3078 356 64 habiterait
1859 3099 13 42 :
1929 3083 438 78 Angoulême.

243 3147 145 61 Elle
441 3149 298 61 ordonna
797 3153 198 75 qu'on
1054 3172 170 43 nous
1282 3157 179 60 offrit
1514 3160 90 59 du
1651 3160 122 61 lait
1829 3166 370 74 provenant
2254 3165 119 59 des

245 3226 247 63 fermes
525 3229 80 60 de
638 3248 119 44 son
790 3233 207 61 futur.
1033 3236 77 59 Je
1133 3237 184 58 n'eus
1340 3255 118 61 pas
1482 3238 61 61 le
1566 3257 280 63 courage
1872 3243 148 60 d'en
2051 3245 207 61 boire.
2295 3246 78 58 Je

244 3306 66 59 la
341 3311 360 75 regardais,
736 3314 485 63 extrêmement
1252 3320 260 76 surpris
1541 3321 241 76 qu'elle
1810 3340 80 44 ne
1915 3341 70 43 se
2006 3323 101 63 fût
2122 3326 248 79 jamais

244 3403 278 60 aperçue
555 3392 80 60 de
661 3410 108 42 ma
791 3396 293 75 passion.
1118 3398 451 63 Cruellement
1602 3401 123 60 elle
1758 3406 369 61 montrales
2150 3407 219 76 pièces

248 3466 80 59 de
358 3485 120 43 son
498 3471 352 62 trousseau
884 3476 198 77 qu'on
1115 3480 328 76 apportait
1475 3497 11 41 :
1513 3481 98 60 les
1635 3481 332 63 chemises
1999 3485 37 59 à
2060 3486 182 77 jour,
2270 3486 96 60 les

247 3547 332 77 peignoirs
610 3551 241 64 brodés
879 3574 80 43 en
993 3558 139 60 soie
1170 3560 80 59 de
1271 3560 206 61 fleurs
1513 3562 458 64 multicolores
2003 3568 62 58 et
2092 3568 80 60 de
2204 3567 166 61 min-
