3510 4379
1690 106 68 50 55

158 242 61 35 für
246 238 236 48 gemischten
511 237 100 36 Chor
637 249 73 24 von
741 238 93 37 Rob.
865 239 217 35 Schumann
1111 238 79 35 und
1220 239 78 36 drei
1326 238 270 37 Salon-Piecen
1627 242 60 35 für

157 300 231 40 Pianoforte,
418 301 248 43 vorgetragen
698 310 72 23 von
798 299 121 34 Herrn
948 299 133 35 Alfred
1108 299 117 36 Jaell.
1273 300 49 34 11.
1354 301 132 34 Theil:
1519 301 167 35 Sinfonie

158 362 63 34 Nr.
250 358 24 36 4
301 360 38 33 in
368 357 133 35 B-dur
528 369 73 23 von
631 358 104 34 Niels
766 358 116 37 Gade.

233 419 99 35 Herr
359 418 104 34 Jaell
493 418 135 45 spielte
658 418 59 34 die
746 419 251 45 angeführten
1028 418 293 36 Ciaviersachen
1357 423 69 33 auf
1453 421 120 34 einem
1602 433 62 23 vor-

156 478 209 37 trefflichen
394 477 253 34 Erard'schen
675 478 139 46 Flügel
851 481 68 32 mit
948 479 65 34 der
1041 479 76 33 ihm
1147 480 156 44 eigenen
1331 480 167 45 Eleganz
1529 480 72 34 und
1631 480 37 35 Si-

155 539 181 44 cherheit,
364 538 77 34 und
470 539 98 33 Herr
595 538 240 47 Wipplinger
860 539 157 35 brachte
1047 539 65 35 das
1143 539 375 36 Mendelssohn'sche
1549 541 137 34 Violin-

156 600 164 35 Concert
346 601 38 32 in
414 611 40 23 so
484 599 338 45 ausgezeichneter
851 600 126 38 Weise
1006 611 47 24 zu
1082 600 139 44 Gehör,
1252 601 86 35 dass
1371 612 84 23 mau
1486 602 103 33 seine
1616 612 72 24 nur

156 661 145 45 wenige
329 661 104 45 Tage
472 659 98 34 nach
614 659 84 33 dem
727 658 183 36 Concerte
947 660 160 46 erfolgte
1136 661 232 45 Ernennung
1397 672 84 22 zum
1510 659 155 36 Concert-

154 722 152 36 meister
331 731 73 24 nur
431 720 58 34 als
518 720 82 33 eine
630 719 298 35 wohlverdiente
957 720 299 46 Auszeichnung
1285 720 64 35 des
1377 722 38 33 in
1437 721 110 44 jeder
1562 722 126 33 Weise

153 793 44 24 so
224 781 197 47 tüchtigen
451 779 205 35 Künstlers
697 779 224 35 betrachten
962 780 116 34 kann.
1134 781 71 34 Die
1234 781 165 45 Leitung
1438 781 64 34 des
1543 793 144 33 ganzen

155 842 204 36 Concertes
388 840 118 35 durch
536 840 123 35 Herrn
689 839 386 48 Hof-Capellmeister
1102 841 109 35 Reiss
1253 852 77 23 war
1365 842 37 34 in
1426 841 107 45 jeder
1560 842 106 34 Bezie-

157 902 106 45 hung
292 899 244 37 vortrefflich.

235 1009 52 44 ff
717 1004 33 36 5.
769 1005 180 35 Februar.
984 1006 128 34 Durch
1143 1006 103 33 seine
1273 1004 154 47 heutige
1443 1006 245 46 Aufführung

154 1068 66 35 der
247 1066 277 36 Mozart'schen
554 1065 375 45 Figaro-Ouverture
969 1066 78 33 und
1093 1065 65 34 der
1197 1065 83 34 dem
1317 1066 219 35 Altmeister
1565 1067 122 45 Spohr

150 1129 252 46 gewidmeten
423 1129 145 33 vierten
593 1126 166 34 Sinfonie
788 1137 73 23 von
882 1125 106 35 Gade
1017 1126 11 44 (
1034 1125 130 35 B-dur
1167 1124 10 47 )
1206 1126 217 46 widerlegte
1452 1127 64 34 der
1543 1127 144 46 hiesige

154 1188 359 36 Orchester-Verein
560 1185 59 35 die
662 1185 309 45 vorübergehend
1021 1186 300 45 aufgetauchten
1376 1187 311 46 Befürchtungen

151 1249 107 35 eines
287 1246 270 36 allmählichen
586 1244 226 36 Erlahmens
842 1247 123 33 seiner
987 1246 273 46 jugendlichen
1279 1247 113 34 Kraft
1420 1247 78 35 und
1515 1248 149 36 Munter-

152 1309 93 38 keit.
286 1309 72 33 Die
386 1313 227 40 genannten,
642 1307 81 33 'mit
750 1307 430 34 anerkennenswerther
1207 1308 195 34 Präcision
1431 1308 75 34 und
1536 1308 152 36 Wärme

152 1369 245 48 producirten
425 1367 310 46 Compositionen
770 1367 166 35 bildeten
975 1367 71 35 den
1075 1367 128 46 Gipfel
1241 1368 66 34 des
1342 1369 217 37 Concertes.
1611 1370 81 35 Auf

150 1428 74 37 den
268 1430 209 35 Vorstufen
519 1427 238 47 begegneten
805 1428 66 34 wir
916 1428 102 35 einer
1060 1429 308 34 willkommenen
1413 1430 273 43 Reminiscenz,

150 1489 212 37 Hummel's
391 1489 152 45 Adagio
571 1489 76 34 und
676 1488 135 36 Rondo
846 1490 37 32 in
911 1488 134 36 B-dur
1088 1491 67 32 mit
1184 1489 204 36 Orchester
1433 1491 62 34 für
1523 1490 164 45 Ciavier,

151 1553 137 35 dessen
318 1552 130 34 Partie
477 1551 66 34 der
570 1550 153 35 Lenker
753 1550 64 35 des
846 1550 172 45 Vereins,
1047 1550 100 35 Herr
1175 1551 327 36 Musik-Director
1529 1553 157 42 Klein,

151 1612 163 48 gefällig
342 1611 271 35 übernommen
641 1611 118 44 hatte,
790 1621 70 24 zur
889 1611 144 35 Freude
1062 1611 63 35 des
1155 1612 237 43 Publicums,
1431 1613 67 34 das
1528 1614 68 33 mit
1622 1625 42 33 ge-

150 1674 167 36 rechtem
345 1673 148 43 Danke,
536 1673 99 34 irren
665 1672 68 34 wir
759 1671 117 43 nicht,
921 1671 70 34 den
1033 1672 110 46 lange
1185 1672 315 36 vorenthaltenen
1536 1674 150 34 Genuss

150 1734 197 46 erkannte,
393 1734 71 34 den
493 1733 192 34 Vertreter
730 1731 65 36 der
819 1731 276 47 Chopin'schen
1126 1733 139 34 Schule
1308 1737 112 31 unter
1447 1745 73 23 uns
1550 1734 136 35 einmal

150 1795 141 36 wieder
319 1794 194 36 öffentlich
545 1806 47 22 an
623 1795 140 33 seinem
791 1794 255 34 Instrumente
1081 1805 48 23 zu
1158 1794 128 34 hören.
1338 1795 92 33 Matf
1457 1796 227 42 vermuthet,

145 1868 41 24 es
216 1856 171 48 gebühre
411 1855 195 35 vielleicht
627 1856 142 44 einiger
787 1855 156 34 Antheil
971 1867 48 22 an
1048 1855 85 34 dem
1154 1855 252 34 Entschlüsse
1436 1855 65 35 des
1522 1856 164 45 Spielers

148 1919 75 36 den
252 1919 203 46 Vorzügen
484 1918 65 34 des
579 1917 209 47 gespielten
816 1916 313 46 Concertflügels,
1158 1918 104 34 eines
1291 1917 299 37 lobenswerthen
1619 1919 45 35 Er-

150 1982 220 45 geugnisses
400 1980 66 35 der
493 1977 384 36 Pianoforte-Fabrik
914 1978 78 34 und
1019 1978 353 46 Orgel-Werkstatt
1408 1980 64 34 der
1500 1980 166 45 vereinig-

150 2047 63 30 ten
242 2041 197 37 Gebrüder
466 2039 125 36 Röhl
604 2040 104 45 fing
749 2039 217 35 hierselbst.
1020 2039 83 35 Auf
1143 2039 59 35 die
1237 2040 287 46 Verbesserung
1563 2041 123 34 seines

149 2104 202 34 Inventars
396 2114 48 22 an
487 2101 395 35 Blas-Instiumenten
918 2102 50 33 ist
1006 2098 64 37 der
1100 2100 358 36 Orchester-Verein
1486 2102 110 45 eifrig
1622 2101 43 35 be-

150 2164 125 35 dacht.
332 2161 333 36 Unvermeidliche
694 2161 236 35 Schwächen
957 2162 38 33 in
1025 2161 66 35 der
1118 2162 218 45 Besetzung
1373 2162 78 34 und
1479 2162 83 35 dem
1595 2163 67 34 Ver-

148 2225 188 35 hältnisse
366 2224 66 34 der
459 2223 141 33 Bleche
629 2233 48 22 zu
706 2222 70 34 den
806 2223 142 41 Saiten,
991 2222 142 34 welche
1169 2222 234 34 namentlich
1434 2223 61 34 bei
1524 2223 64 34 der
1617 2222 68 34 das

148 2284 164 36 Concert
349 2282 241 37 eröffnenden
630 2282 217 35 Ouvertüre
890 2293 48 23 zu
1166 2295 74 22 von
1277 2283 193 46 Reissiger
1512 2282 12 44 (
1535 2282 150 46 C-moll)

150 2345 154 35 fühlbar
331 2345 151 35 blieben
576 2343 61 35 die
666 2345 251 44 Temperatur
945 2342 64 35 des
1040 2342 132 36 Saales
1202 2343 96 34 wich
1328 2343 66 35 des
1422 2343 140 35 milden
1584 2344 77 34 Wet-

148 2411 77 30 ters
254 2405 233 46 ungeachtet
513 2416 74 24 von
616 2404 66 35 der
702 2407 182 32 äusseren
908 2404 145 45 einiger
1077 2404 177 35 Maassen
1283 2404 48 35 ab
1359 2403 77 35 und
1465 2404 131 34 schien
1627 2404 59 34 die

149 2466 177 35 Reinheit
352 2466 67 35 der
447 2465 217 45 Stimmung
692 2477 48 22 zu
769 2465 328 44 beeinträchtigen
1129 2476 68 25 —:
1243 2465 56 33 sie
1336 2464 127 35 lassen
1502 2465 80 33 sich
1623 2464 42 36 be-

148 2527 201 35 kanntlich
378 2528 72 34 auf
474 2526 266 35 verschiedene
768 2525 128 36 Weise
934 2524 143 35 decken
1116 2524 89 36 oder
1232 2525 184 37 mindern.
1470 2526 72 33 Die
1571 2525 114 34 Wahl

148 2587 66 35 des
242 2587 244 46 Programms
521 2587 67 35 hat
623 2597 134 24 ausser
785 2585 64 35 der
878 2585 253 45 allgemeinen
1166 2585 249 46 Wichtigkeit
1442 2586 81 34 eine
1552 2585 111 35 beson-

146 2648 87 35 dere
263 2650 60 32 für
352 2648 179 35 Institute
548 2649 70 34 wie
641 2647 66 36 der
732 2658 41 24 so
802 2647 208 34 strebsame
1032 2647 150 43 Verein,
1201 2646 77 35 und
1304 2658 38 23 es
1365 2647 126 34 würde
1519 2646 140 36 schwer-

148 2709 75 35 lich
254 2721 84 22 zum
367 2707 202 36 Nachtheil
597 2709 123 33 seiner
749 2708 156 44 Erfolge
934 2707 59 35 die
1012 2707 230 45 Erwartung
1271 2708 81 34 sich
1382 2707 226 47 bestätigen,
1636 2719 48 23 zu

148 2770 164 35 welcher
341 2770 85 34 dem
454 2768 239 35 Vernehmen
722 2768 98 34 nach
850 2780 86 22 man
966 2769 132 33 immer
1126 2768 97 35 noch
1253 2768 213 46 berechtigt
1493 2770 62 44 ist,
1595 2768 89 36 dass

149 2829 171 36 derselbe
354 2830 60 35 die
451 2841 42 23 so
522 2841 118 24 warm
668 2841 75 23 von
772 2829 160 46 Leipzig
978 2828 77 35 und
1086 2829 127 35 Berlin
1255 2841 69 23 aus
1367 2830 315 45 anempfohlenen

148 2890 218 38 Sinfonieen
403 2901 74 23 von
505 2889 97 35 Karl
630 2890 153 45 Philipp
813 2890 184 34 Emanuel
1027 2890 104 33 Bach
1172 2890 141 34 seinem
1341 2890 185 45 Uebungs
1546 2890 116 45 Reper-

152 2952 97 34 toire
278 2949 77 48 i\nd
385 2949 71 36 den
484 2949 375 46 ErÖffnungstheilen
889 2951 123 33 seiner
1040 2950 202 44 künftigen
1274 2949 183 35 Concerte
1488 2950 178 34 einverlei-

153 3010 70 36 ben
254 3011 103 35 wird.
399 3011 78 33 Das
506 3010 285 34 HummeFsche
818 3008 268 36 Ciavierstück
1113 3010 37 34 in
1180 3008 64 35 der
1272 3009 110 35 Mitte
1410 3010 64 34 des
1504 3010 182 45 heutigen

151 3071 373 46 Eröffnungstheiles
564 3071 191 35 zwischen
799 3071 71 34 den
911 3071 133 34 beiden
1074 3070 241 34 Ouvertüren
1352 3082 48 23 zu
1606 3072 79 35 und

367 3132 102 36 ward
491 3133 207 47 eingefasst
724 3144 75 24 von
828 3132 311 45 zweistimmigen
1167 3131 77 35 und
1274 3132 278 46 einstimmigen
1576 3131 88 35 Lied-

150 3198 193 42 gesängen
372 3194 256 37 freundlicher
649 3194 218 47 Mitglieder
894 3205 70 24 aus
994 3192 83 35 dem
1104 3192 288 36 Damenkranze
1423 3192 64 35 des
1514 3192 174 48 hiesigen

153 3253 317 47 Gesangvereins.

234 3359 200 35 Flotow'
450 3370 16 24 s
496 3363 158 31 neueste
686 3360 261 47 Composition
975 3360 151 35 besteht
1154 3361 36 33 in
1220 3359 64 35 der
1314 3359 263 47 begleitenden
1607 3359 53 35 Mu-

152 3419 59 35 sik
252 3431 47 23 zu
338 3420 196 35 Putlitz*
578 3420 250 37 historischer
856 3422 304 46 Tragödie:..
1160 3422 160 35 Wilhelm
1348 3432 75 25 von
1453 3420 167 35 Oranien
1648 3421 38 34 in

201 3584 45 36 In
289 3584 285 47 Würzburg
620 3584 106 37 starb
769 3598 61 22 am
859 3584 34 38 5.
922 3587 151 35 Januar
1101 3587 66 36 der
1194 3587 162 37 Hofrath
1386 3588 77 35 und
1492 3589 195 37 Professor

152 3645 64 36 Dr.
245 3645 259 43 Fröhlich,
548 3646 176 35 Gründer
752 3646 79 35 und
859 3647 262 48 langjähriger
1150 3650 126 34 Leiter
1305 3649 64 34 des
1399 3649 174 46 dortigen
1601 3650 58 34 Mu-

150 3705 257 36 sik-Instituts
437 3707 76 35 und
543 3708 56 34 als
628 3709 152 46 eifriger
806 3709 188 35 Förderer
1020 3715 112 41 guter
1155 3711 131 34 Musik
1315 3710 98 36 auch
1442 3711 38 33 in
1509 3712 177 34 weiteren

149 3767 163 35 Kreisen
343 3766 177 46 bekannt,
550 3769 52 34 im
630 3768 109 37 Alter
766 3781 75 24 von
870 3768 49 40 82
945 3770 161 38 Jahren.

589 3884 60 39 l2.
670 3886 162 35 Januar.
860 3887 69 34 Die
959 3888 167 45 gestrige
1154 3887 231 35 Production
1415 3898 158 25 unserer
1601 3887 65 36 Lie-

150 3943 160 37 dertafel
340 3945 103 34 kann
472 3945 145 36 sowohl
646 3947 38 35 in
712 3947 131 46 Bezug
872 3948 71 34 auf
968 3948 59 35 die
1049 3947 134 37 Vocal-
1207 3950 71 34 wie
1298 3947 365 37 Instrumental-Vor-

149 4008 109 44 träge
288 4017 48 24 zu
367 4006 102 36 einer
498 4005 64 36 der
590 4007 279 47 gelungensten
899 4010 207 45 gerechnet
1129 4010 159 37 werden.
1326 4008 181 37 Dieselbe
1537 4010 149 46 begann

146 4067 70 35 mit
245 4066 65 37 der
339 4066 212 38 herrlichen
580 4067 163 37 Cantate
773 4071 81 44 „An
884 4071 69 36 das
1256 4070 161 36 Gedicht
1444 4082 74 24 von
1547 4071 141 37 Müller

1759 255 73 22 von
1863 242 293 50 Königswinter,
2185 250 211 46 componirt
2425 262 70 24 von
2517 252 40 37 F.
2577 253 172 48 Hiller,
2780 256 131 35 dessen
2941 257 229 46 imposantes
3199 258 77 36 und

1759 304 52 32 oft
1840 303 341 47 überwältigendes
2211 309 233 46 Tongebilde
2481 311 37 33 in
2547 313 145 44 inniger
2721 315 200 36 Harmonie
2951 318 67 32 mit
3046 317 84 34 dem
3158 318 119 34 Texte

1759 362 97 34 beim
1884 364 232 45 nürnberger
2144 366 234 46 Sängerleste
2420 371 68 32 mit
2525 374 182 41 grösstem
2737 374 293 37 Enthusiasmus
3059 377 195 46 aufgenom-

1757 435 83 22 men
1871 424 128 35 wurde
2041 425 76 34 und
2158 426 50 35 im
2251 429 206 35 deutschen
2486 430 256 37 Liederwalde
2780 435 58 33 für
2876 437 72 33 alle
2977 438 127 33 Zeiten
3135 439 145 43 grünen

1757 482 77 33 und
1863 482 140 35 blühen
2034 484 103 36 wird.
2192 487 141 35 Ijnsere
2362 490 227 34 Liedertafel
2629 491 189 35 bewährte
2860 494 117 35 durch
3020 496 261 44 intelligenten

1758 541 76 34 und
1865 542 292 37 lebensfrischen
2189 546 162 47 Vortrag
2378 549 120 35 dieses
2527 551 79 33 Ton
2613 551 156 44 Werkes,
2817 564 41 22 so
2895 555 68 33 wie
3000 554 63 34 der
3106 556 174 34 weiteren

1757 601 136 48 Chörej
1923 603 203 35 bestehend
2156 618 69 22 aus
2253 608 118 34 einem
2399 610 234 43 Volksliede,
2664 611 219 45 gleichfalls
2913 625 70 23 von
3012 614 132 43 Hiller,
3174 615 98 35 dann

1761 661 104 47 „Geh
1907 674 66 23 zur
2001 664 85 34 Ruh
2106 674 15 8 **
2154 677 72 23 von
2256 668 100 33 Neeb
2384 670 77 33 und
2493 668 348 49 „Sturmesmythe'"
2874 684 70 22 von
2976 673 168 35 Lachner
3172 675 105 34 ihren

1759 723 100 34 alten
1888 724 78 33 Ruf
1992 724 76 33 und
2097 725 128 46 längst
2252 729 230 35 anerkannte
2511 731 186 45 Vorzüge.
2728 732 70 34 Die
2817 732 134 42 Chöre,
2982 735 37 32 in
3050 734 97 33 allen
3170 734 89 34 Stim-

1757 793 83 23 men
1870 783 86 34 sehr
1977 783 192 36 zahlreich
2192 786 155 44 besetzt,
2378 790 267 35 entwickelten
2669 791 111 34 Kraft
2808 792 76 34 und
2906 792 210 35 Sicherheit
3144 794 36 32 in
3210 793 70 35 den

1759 844 216 35 Einsätzen.
2027 845 54 33 Im
2111 845 261 46 Allgemeinen
2403 849 127 33 macht
2558 850 80 34 sieh
2667 852 35 32 in
2733 863 156 23 unserer
2916 852 122 36 Stadt,
3069 852 213 35 veranlasst

1759 901 117 35 durch
1902 903 57 34 die
1989 905 67 32 mit
2084 915 40 24 so
2154 917 168 33 grossem
2355 908 153 35 Beifalle
2551 912 334 44 aufgenommenen
2929 913 77 34 und
3051 913 230 46 gediegenen

1758 962 233 46 Leistungen
2021 964 63 35 der
2113 972 108 28 unter
2249 967 163 45 Leitung
2455 969 64 35 des
2547 970 123 34 Herrn
2712 972 143 35 Hiinn
2902 972 204 35 stehenden
3136 972 126 35 Gesell-

1759 1023 138 45 schaft,
1928 1025 59 34 ein
2016 1025 256 37 bedeutender
2294 1028 265 47 Aufschwung
2586 1031 50 32 im
2664 1031 140 35 Reiche
2831 1032 62 34 der
2914 1033 105 33 Töne
3042 1033 238 35 bemerkbar.

1844 1139 51 32 $1
1914 1138 111 37 Seift«
2081 1141 69 34 Als
2178 1142 171 35 Pendant
2385 1155 67 23 zur
2481 1144 242 46 vorjährigen
2754 1145 421 47 Concert-Aufführung
3217 1146 64 36 der

1760 1199 317 36 Schubert'sehen
2107 1202 100 45 Oper
2239 1204 101 45 „Der
2377 1204 197 36 häusliche
2787 1206 256 45 beabsichtigt
3078 1206 82 34 dem
3198 1207 67 34 Ver-

1757 1260 160 34 nehmen
1946 1262 96 34 nach
2072 1263 58 33 die
2152 1263 279 35 ..Gesellschaft
2459 1265 64 34 der
2907 1268 51 33 im
2989 1267 104 33 März
3122 1268 38 32 in
3189 1266 70 34 ähn-

1760 1319 118 36 licher
1907 1320 108 37 Form
2055 1322 187 36 abermals
2281 1326 83 33 eine
2405 1326 293 35 Schubert'sehe
2726 1327 112 46 Oper,
2881 1327 76 34 und
3001 1339 99 21 zwar
3132 1327 151 34 ..Alfons

1759 1380 78 34 und
2097 1385 266 43 vorzuführen,
2406 1385 110 35 deren
2558 1386 363 46 Original-Partitur
2949 1386 254 46 (Autograph)
3232 1387 54 33 sie

1761 1451 47 23 zu
1838 1442 189 34 erwerben
2057 1447 76 30 erst
2160 1444 174 35 kürzlich
2364 1457 41 23 so
2436 1446 174 45 glücklih
2642 1459 88 23 war.

2041 1547 43 34 In
2113 1547 84 35 dem
2224 1548 139 35 letzten
2392 1549 242 36 Concerte
2672 1552 65 34 der
2765 1550 516 47 Sophien-Akademie

1759 1607 131 35 wurde
1918 1607 60 35 die
2008 1609 26 33 C
2048 1609 71 34 hri
2132 1614 73 30 stn
2218 1611 84 34 ach
2315 1609 211 37 t-Cantate
2554 1623 72 23 von
2651 1613 44 34 A.
2725 1625 33 24 v.
2788 1613 144 45 Platen,
2972 1613 208 46 componirt
3207 1624 73 23 von

1759 1667 132 37 Ferd.
1919 1669 107 34 Hill
2037 1682 66 34 er,
2133 1672 68 33 mit
2229 1683 168 34 grossem
2427 1673 159 34 Beifalle
2613 1674 229 45 aufgeführt.

1836 1778 73 24 ***
1938 1781 254 38 Utrecht,
2250 1785 124 36 Unser
2413 1790 158 31 erstes
2609 1787 380 36 Stadt-Concert
3024 1786 91 35 fand
3156 1785 124 35 diesen

1761 1841 144 35 Winter
1935 1845 119 32 etwas
2083 1846 99 43 spät,
2213 1849 75 30 erst
2317 1857 60 23 am
2407 1846 60 38 18.
2488 1847 162 44 Januar,
2680 1849 113 42 Statt,
2824 1849 112 34 Dank
2965 1848 69 34 den
3064 1846 217 35 Umtrieben

1759 1902 102 34 einer
1889 1903 188 45 gewissen
2107 1905 139 43 Partei,
2288 1906 144 36 welche
2458 1908 67 35 das
2565 1910 71 33 seit
2662 1908 132 47 länger
2821 1909 56 34 als
2907 1908 258 35 zweihundert
3191 1907 69 35 Jah-

1759 1975 62 22 ren
1853 1964 230 36 bestehende
2114 1966 206 47 Collegium
2347 1968 182 36 musicum
2556 1970 69 34 mit
2651 1969 84 35 dem
2765 1969 255 47 Sinnspruche
3061 1968 116 36 Amat
3205 1968 77 34 alta

1757 2023 153 37 silentia
1938 2027 117 34 Musa
2096 2027 93 45 (was
2217 2028 80 34 hier
2324 2039 41 24 so
2394 2030 73 34 viel
2496 2029 188 45 bedeutet,
2713 2031 79 35 als:
2826 2042 62 23 ..es
2918 2031 128 34 macht
3074 2030 103 34 nicht
3207 2028 74 35 viel

1758 2086 181 35 Lärmens
1968 2098 71 23 von
2069 2088 81 33 sich
2369 2102 89 33 gern
2488 2091 36 34 in
2554 2091 72 35 den
2650 2092 258 46 Hintergrund
2930 2091 167 47 drängen
3117 2090 163 35 möchte.

1833 2147 51 33 Es
1914 2147 149 45 begann
2100 2150 68 32 mit
2205 2149 64 34 der
2297 2148 188 48 Sinfonia
2514 2151 125 36 eroica
2682 2163 72 24 von
2792 2152 298 43 Beethoven,
3134 2151 143 35 welche

1756 2207 113 32 unter
1897 2205 64 34 der
1989 2206 234 45 bewährten,
2269 2208 92 33 eben
2393 2220 41 22 so
2464 2210 252 46 umsichtigen
2744 2211 78 33 und
2851 2211 180 43 sicheren,
3076 2214 55 32 als
3161 2210 119 34 durch

1758 2264 161 46 richtige
1945 2265 235 46 Auffassung
2222 2267 64 34 des
2317 2268 148 35 Geistes
2509 2269 230 36 classischer
2775 2270 129 35 Musik
2945 2270 338 46 ausgezeichneten

1758 2325 196 35 Direction
1983 2326 64 33 des
2076 2326 121 35 Herrn
2226 2327 37 37 J.
2294 2328 45 35 H.
2370 2328 268 36 Kufferath
2688 2332 70 33 auf
2782 2330 181 36 treffliche
2993 2331 124 34 Weise
3146 2340 111 35 ausge-

1757 2387 106 33 führt
1892 2387 128 35 wurde
2052 2388 75 34 und
2155 2389 96 33 nach
2276 2389 128 44 jedem
2433 2390 112 35 Satze
2574 2393 106 33 einen
2709 2391 191 35 lebhaften
2930 2392 173 46 Applaus
3132 2391 131 34 hervor-

1757 2448 82 36 rief.
1886 2446 183 37 Dennoch
2100 2450 178 44 steigerte
2307 2451 80 33 sich
2418 2451 58 35 die
2505 2450 352 38 Aufmerksamkeit
2885 2453 76 33 und
2991 2452 195 38 Präzision
3217 2450 64 36 des

1758 2508 224 35 Orchesters
2020 2510 96 35 noch
2156 2511 103 34 mehr
2294 2510 58 35 bei
2380 2512 82 33 dem
2493 2513 183 45 Vortrage
2706 2513 64 35 des
2801 2513 209 35 herrlichen
3038 2510 221 38 Violin-Con-

1756 2573 121 30 certes
1906 2570 63 34 Nr.
2003 2568 41 36 11
2076 2581 72 23 von
2178 2569 149 46 Spohr
2369 2571 119 35 durch
2531 2574 194 45 August
2766 2574 223 46 Kömpel,
3032 2585 40 23 so
3102 2573 86 34 dass
3219 2571 58 35 die

1754 2629 256 47 Ausführung
2051 2630 120 35 dieses
2215 2630 200 37 Concertes
2457 2635 37 32 in
2530 2635 107 44 jeder
2665 2635 178 35 Hinsicht
2886 2637 81 33 eine
3004 2635 277 35 vollkommene

1754 2690 187 47 Leistung
1970 2703 88 25 war.
2086 2693 80 34 Das
2187 2693 205 36 Publicum
2424 2707 78 23 war
2531 2707 133 24 ausser
2692 2697 78 34 sich
2789 2709 7 31 ;
2825 2697 213 36 Hervorruf
3062 2698 67 32 mit
3152 2697 105 33 Trom-

1754 2757 127 40 peten-
1910 2752 77 35 und
2014 2754 284 35 Paukenschall
2328 2756 127 35 wurde
2485 2757 85 34 dem
2599 2758 183 35 Künstler
2811 2770 48 22 zu
2888 2757 124 37 Theil.
3064 2757 106 35 Nach
3200 2756 83 34 dem

1754 2813 286 36 meisterhaften
2071 2815 185 47 Vortrage
2298 2817 64 35 der
2392 2818 241 36 Variationen
2676 2831 72 22 von
2787 2820 320 44 Vieuxtemps
3149 2817 133 46 spielte

1754 2884 50 33 er,
1848 2885 64 24 um
1955 2874 84 37 dem
2081 2877 253 35 stürmischen
2363 2877 281 47 .Dacapo-Rufe
2679 2891 47 23 zu
2755 2882 184 43 genügen,
2983 2879 58 33 die
3068 2878 111 34 letzte
3207 2878 50 33 Va-

1754 2935 136 35 riation
1931 2936 97 34 noch
2070 2937 140 34 einmal
2254 2938 90 46 und,
2389 2939 47 34 da
2477 2940 66 33 das
2571 2940 201 35 Publicum
2806 2940 79 34 sich
2914 2938 96 36 noch
3038 2938 106 35 nicht
3172 2938 88 35 beru-

1756 2994 116 46 higte,
1903 2996 82 34 eine
2014 2997 131 46 Fuge
2173 3010 73 23 von
2277 2999 148 44 Bach,
2469 3000 58 35 die
2558 3002 65 33 wir
2652 3013 98 23 zwar
2779 3001 113 35 schon
2921 3001 124 44 einige
3073 2999 104 35 Male
3205 3011 73 24 von

1754 3055 225 36 berühmten
2008 3057 226 36 Violinisten
2273 3060 135 44 gehört
2452 3060 139 43 hatten,
2635 3062 89 33 aber
2765 3073 46 22 so
2855 3060 173 42 trefflich,
3067 3060 71 33 wie
3172 3060 108 45 jetzt,

1756 3117 97 34 noch
1882 3119 71 35 nie.
1982 3117 42 35 In
2054 3119 101 33 einer
2184 3119 127 35 Soiree
2339 3120 58 34 bei
2425 3120 122 36 Herrn
2578 3121 199 35 Kufferath
2809 3121 63 35 hat
2901 3121 78 34 sich
3003 3121 98 34 Herr
3120 3119 163 47 Kömpel

1757 3178 99 35 auch
1886 3178 56 34 als
1971 3180 59 32 ein
2059 3189 97 35 ganz
2185 3181 334 43 ausgezeichneter
2547 3180 320 47 Quartettspieler
2893 3180 183 36 bewährt.

1834 3239 43 33 In
1908 3238 276 35 Dordrecht
2212 3239 129 35 hatten
2374 3241 65 33 wir
2469 3253 57 21 am
2556 3240 35 38 8.
2619 3242 147 34 Januar
2796 3243 122 33 Herrn
2947 3239 160 47 Kömpel
3136 3239 145 46 gehört,

1757 3311 58 24 wo
1844 3311 39 23 er
1911 3300 149 34 Beeth
2079 3300 156 34 oven's
2266 3299 306 38 Violin-Concert
2599 3303 135 45 spielte
2772 3302 76 35 und
2879 3302 167 35 dadurch
3079 3302 105 33 einen
3213 3313 47 23 un-

1756 3361 194 45 gemeinen
1980 3361 191 35 Eindruck
2201 3361 158 35 machte.
2417 3363 128 33 Durch
2589 3364 59 33 die
2692 3363 177 35 brillante
2897 3363 250 45 Ausführung
3184 3365 101 33 einer

1758 3421 259 45 schwierigen,
2057 3420 88 35 aber
2185 3420 86 35 sehr
2311 3421 238 36 effectvollen
2587 3423 160 35 Toccata
2777 3436 69 22 von
2876 3424 42 35 F.
2946 3423 106 34 Hill
3065 3434 65 33 er,
3173 3422 110 35 deren

1759 3481 400 46 Clavier-Begleitung
2201 3481 66 35 der
2295 3481 223 49 Componist
2559 3483 60 35 für
2648 3484 157 46 Kömpel
2848 3485 278 34 instrumentirt
3165 3484 115 43 hatte,

1757 3546 144 42 erregte
1930 3542 169 35 derselbe
2128 3542 184 35 ebenfalls
2341 3543 213 36 Erstaunen
2583 3544 75 34 und
2687 3544 255 36 stürmischen
2970 3544 221 36 Hervorruf.

1835 3605 117 34 Einen
1982 3603 97 35 Rath
2109 3603 177 35 möchten
2319 3606 67 33 wir
2412 3605 91 34 aber
2542 3613 95 26 noch
2669 3605 47 34 du
2726 3606 61 33 ich
2820 3606 65 35 Ihr
2912 3606 238 46 geschätztes
3179 3605 104 34 Blatt

1758 3665 71 35 den
1856 3664 208 35 Künstlern
2107 3665 195 43 ertheilen,
2348 3666 58 34 die
2443 3666 167 34 Holland
2650 3666 203 36 besuchen.
2908 3666 116 34 Jedes
3065 3665 105 34 Land
3212 3665 64 34 hat

1757 3728 103 35 seine
1888 3726 121 35 Sitten
2037 3726 78 34 und
2137 3726 295 35 Gewohnheiten
2463 3727 75 35 und
2569 3729 101 33 seine
2696 3727 307 46 tonangebenden
3026 3725 231 36 Gesellschaf-

1757 3792 77 34 ten.
1879 3788 78 34 Der
1987 3786 143 35 fremde
2157 3787 183 35 Künstler
2368 3799 117 30 muss,
2528 3800 106 23 wenn
2671 3801 38 22 er
2739 3789 118 34 neben
2884 3787 80 35 dem
2993 3786 158 35 Beifalle
3179 3786 99 35 auch

1758 3849 97 36 Geld
1883 3848 200 36 verdienen
2112 3849 91 42 will,
2248 3850 36 33 in
2315 3849 297 34 Amsterdam
2657 3856 125 29 zuerst
2820 3850 36 33 in
2888 3848 111 36 Felix
3026 3847 149 37 Meritis
3179 3874 8 18 ,
3229 3848 50 34 im

1757 3912 136 45 Haag
1935 3913 128 33 zuerst
2102 3911 38 33 in
2180 3909 71 36 den
2294 3909 435 46 Diligentia-Concerten
2766 3910 190 44 (Dirigent
2982 3908 212 48 Verhülst),
3241 3909 39 34 in

1757 3972 205 36 Utrecht
2005 3974 129 31 zuerst
2173 3972 38 33 in
2253 3970 67 34 den
2365 3968 339 39 Stadt-Concerten
2732 3971 190 46 (Dirigent
2950 3969 217 46 Kufferath)
3198 3970 81 34 auf-

3166 4029 37 40 s.

1757 4039 136 32 treten.
1942 4030 110 46 Quod
2081 4036 50 31 est
2161 4029 222 38 notandum.
