3510 4379
1742 194 67 52 52

230 340 221 50 Concerte
480 337 153 59 reden,
663 336 113 51 wird
805 355 46 33 es
881 355 83 33 uns
992 340 115 50 auch
1136 337 225 50 Niemand
1393 337 104 50 übel
1526 337 214 56 nehmen,

230 433 132 31 wenn
392 416 81 47 wir
501 415 59 48 ob
588 415 78 48 des
693 416 360 48 Deutschthums
1083 430 83 33 von
1195 416 197 56 Namen,
1435 415 72 47 die
1543 415 82 47 auf
1656 410 84 63 ini,

230 491 66 51 csi
321 491 89 50 und
435 491 112 50 rska
572 491 166 59 enden,
766 494 237 48 ernstliche
1030 492 183 50 Zweifel
1243 492 163 64 hegen.
1460 492 136 47 Eines
1624 491 93 48 Soli-

227 577 97 40 sten
353 567 112 50 aber
491 569 163 49 dürfen
684 569 84 48 wir
793 570 124 48 nicht
943 585 253 50 vergessen,
1233 569 93 48 und
1352 569 94 48 dies
1474 569 54 47 ist
1557 583 183 33 unseres

227 645 257 48 trefflichen
513 645 242 48 Lübeck.
811 647 136 46 Ernst
981 644 187 50 Lübeck
1211 645 79 48 hat
1329 645 152 48 seinen
1519 644 221 48 wohlver-

805 704 11 11 S

227 720 182 51 dienten
438 739 185 47 grossen
654 722 157 65 Erfolg
852 722 85 47 den
979 721 350 65 Eigenschaften
1371 739 52 29 zu
1460 720 278 57 verdanken,

227 797 72 50 die
329 815 82 32 uns
517 798 151 51 hebs!
675 798 141 49 —bei
842 798 85 49 den
957 800 200 48 anderen
1186 815 49 32 so
1265 806 257 57 genannten
1552 814 186 48 grossen

230 875 442 49 Ciavier-Virtuosen
711 891 48 32 so
788 875 64 48 oft
881 876 160 48 fehlen.
1097 876 161 47 Dieser
1287 873 342 66 Ciavierspieler
1656 875 56 47 im-

224 952 149 64 ponirt
414 951 245 48 besonders
710 950 143 49 durch
894 953 94 47 sein
1032 951 253 66 Fertigsein
1328 950 85 64 (ich
1442 967 111 49 sage
1590 951 148 48 nicht:

219 1026 351 66 Fertigkeit,
599 1027 100 48 weil
729 1028 70 47 ich
829 1028 98 47 hier
953 1046 77 31 um
1063 1027 160 50 keinen
1247 1028 126 47 Preis
1394 1027 122 48 nicht
1538 1033 175 42 verstan-

219 1103 87 50 den
336 1102 184 51 werden
550 1105 213 64 möchte).
818 1106 155 47 Nichts
1009 1106 220 63 misslingt
1257 1105 110 57 ihm,
1397 1106 123 47 Alles
1548 1105 54 47 ist
1630 1105 87 48 voll-

219 1179 216 50 kommen
463 1181 99 48 klar
590 1181 90 48 und
710 1179 252 51 dadurch
1004 1197 129 48 gross
1162 1179 92 50 und
1284 1181 113 48 edel.
1451 1182 74 47 Da
1552 1181 54 48 ist
1635 1181 101 48 kein

218 1258 262 65 armseliges
509 1258 361 48 Effecthaschen.
923 1259 142 56 „Hier
1093 1258 126 48 stehe
1248 1258 88 55 ich,
1364 1258 71 48 ich
1464 1258 119 48 kann
1614 1258 124 48 nicht

218 1333 180 57 anders,
428 1334 106 49 Gott
562 1333 118 48 helfe
710 1334 108 47 mir!
1112 1336 66 48 Er
1221 1338 122 61 trägt
1387 1351 82 32 uns
1515 1334 221 49 einfach

214 1411 99 48 eine
341 1427 155 48 grosse
527 1411 395 66 Composition
965 1430 80 31 vor
1087 1411 90 49 und
1220 1412 55 48 ist
1315 1413 125 56 stolz,
1481 1428 133 32 wenn
1655 1412 81 48 der

213 1487 159 48 Beifall
414 1487 115 49 eben
571 1503 50 33 so
663 1488 106 48 sehr
810 1487 81 49 der
920 1488 308 66 Composition
1271 1489 65 47 als
1373 1488 102 48 dem
1507 1488 228 65 Vortrage

216 1564 96 64 gilt,
343 1563 119 50 denn
494 1563 120 50 dann
642 1564 54 50 ist
722 1564 94 50 sein
844 1566 165 48 Zweck
1040 1566 209 49 erreicht.
1290 1564 102 51 Und
1423 1567 56 47 ist
1506 1564 80 51 das
1614 1566 123 48 nicht

216 1640 82 50 der
326 1642 156 48 wahre
509 1642 165 48 Zweck
705 1642 77 49 des
812 1643 280 50 Virtuosen?
1136 1643 117 50 Was
1281 1644 109 64 liegt
1418 1660 83 33 uns
1530 1661 57 32 an
1616 1643 96 48 Tril-

214 1718 115 58 lern,
357 1718 219 58 Octaven,
604 1720 173 49 Terzen
806 1720 92 49 und
926 1720 339 55 Sextenläufen,
1303 1737 134 32 wenn
1467 1722 85 47 wir
1578 1720 158 58 sehen,

216 1794 102 51 dass
346 1794 80 50 das
453 1812 142 49 ganze
623 1797 144 48 Stück
805 1797 117 49 eben
952 1814 87 32 nur
1068 1797 298 66 geschrieben
1395 1799 72 56 ist,
1506 1816 77 30 um
1614 1798 122 49 diese

216 1873 400 49 Kunststückchen
642 1892 55 30 zu
726 1874 172 66 zeigen.
927 1874 185 50 Lübeck
1145 1875 120 49 kann
1295 1875 80 49 das
1403 1875 108 50 alles
1540 1875 116 50 eben
1685 1892 50 33 so

217 1957 98 58 gut,
344 1950 63 49 als
434 1950 159 66 irgend
623 1952 141 57 einer,
793 1952 112 49 aber
932 1954 63 47 als
1018 1960 174 41 ernster
1215 1953 217 48 Künstler
1450 1953 287 49 verschmäht

216 2043 50 32 er
292 2027 183 49 solchen
503 2028 279 65 Klingklang
811 2029 92 48 und
933 2029 180 50 wendet
1140 2030 94 49 sein
1263 2047 178 48 grosses
1470 2030 164 49 Talent
1661 2047 75 40 an,

213 2112 165 49 ernste,
407 2121 155 47 grosse
595 2105 367 65 Compositionen
997 2124 81 31 zur
1107 2108 201 63 Geltung
1333 2124 55 31 zu
1418 2107 193 64 bringen
1642 2108 91 48 und

214 2195 83 33 uns
322 2179 144 49 Liebe
492 2197 53 31 zu
575 2180 86 50 den
691 2181 215 50 Meistern
950 2183 312 56 einzuflössen,
1303 2183 141 49 deren
1482 2183 160 49 Cultus
1682 2201 51 31 er

214 2258 94 48 sein
338 2258 162 48 Talent
528 2258 91 48 und
649 2259 157 48 Leben
847 2260 198 65 geweiht
1083 2260 91 48 hat.
1229 2260 156 48 Seines
1426 2261 305 64 ungemeinen

216 2334 209 65 Erfolges
454 2334 44 48 in
527 2334 167 49 diesem
726 2335 221 50 Concerte
983 2338 214 50 erwähne
1233 2338 70 47 ich
1347 2338 140 56 nicht,
1528 2354 50 32 er
1619 2338 113 48 wird

216 2418 106 42 stets
350 2411 159 65 Erfolg
538 2411 315 51 haben—wie
882 2430 50 32 er
960 2414 75 48 ihn
1064 2422 105 40 stets
1199 2414 171 65 gehabt
1399 2414 79 49 hat
1486 2443 85 31 —,
1600 2432 132 33 wenn

218 2504 48 33 er
293 2496 109 58 gute
429 2489 149 48 Musik
609 2490 145 48 einem
783 2499 140 56 guten
953 2490 238 50 Publicum
1221 2496 216 60 vorträgt.

1075 2569 251 49 Bichard
1369 2569 245 52 Lindau.

331 2641 170 65 (Ueber
529 2642 79 51 das
636 2644 119 49 oben
785 2645 232 50 erwähnte
1041 2645 196 51 Concert
1263 2646 106 65 geht
1401 2663 83 32 uns
1511 2648 117 48 noch
1658 2648 71 49 ein

216 2719 193 50 anderer
437 2721 182 48 Bericht
644 2739 71 39 zu,
743 2721 101 51 dem
876 2724 83 47 wir
984 2722 256 67 Folgendes
1267 2724 320 66 entnehmen:)

329 2797 235 50 Vielleicht
604 2799 169 49 könnte
811 2800 71 49 ein
922 2801 189 48 subtiler
1150 2801 205 50 Kritiker
1394 2801 97 48 hier
1533 2801 92 50 und
1670 2800 57 51 da

213 2874 234 49 Einzelnes
496 2875 339 61 herausfinden,
896 2877 80 50 das
1025 2886 141 41 etwas
1206 2896 52 31 zu
1303 2879 246 49 wünschen
1591 2879 137 66 übrig

213 2952 141 56 Hesse,
396 2952 112 50 aber
548 2952 93 51 dies
685 2959 124 44 wäre
851 2956 81 47 viel
974 2974 54 30 zu
1070 2956 106 48 weit
1204 2974 237 48 gegangen
1472 2957 71 50 bei
1580 2957 146 50 einem

216 3029 208 57 Vereine,
452 3030 80 48 der
561 3031 158 50 letzten
743 3034 213 63 Samstag
984 3051 99 31 zum
1107 3041 150 42 ersten
1281 3035 121 48 Male
1423 3051 79 32 vor
1524 3034 72 49 die
1618 3035 83 48 Oef-

217 3106 273 50 lentlichkeit
512 3115 104 49 trat,
639 3126 130 32 wenn
792 3110 114 48 doch
933 3111 71 48 bei
1025 3112 177 49 Leuten
1225 3128 85 33 von
1334 3112 140 58 Fach,
1498 3111 71 50 die
1590 3112 139 49 schon

212 3182 142 48 Jahre
381 3184 105 64 lang
508 3187 452 59 zusammenwirken,
989 3204 46 33 es
1064 3189 216 48 mitunter
1309 3190 116 47 auch
1456 3197 141 40 etwas
1627 3206 77 32 aus-

211 3267 204 41 zusetzen
458 3261 109 65 gibt.
622 3264 123 48 War
787 3264 114 49 doch
943 3265 79 49 das
1051 3266 153 50 Ganze
1232 3267 105 49 sehr
1366 3269 229 63 gelungen
1639 3267 89 49 und

212 3346 212 41 versetzte
461 3338 71 50 die
561 3341 314 50 Executanten
917 3344 172 48 sowohl
1133 3344 85 48 wie
1254 3345 80 47 das
1364 3344 291 50 Auditorium
1688 3346 40 47 in

204 3415 107 63 jene
340 3415 274 67 Stimmung,
659 3416 71 49 die
771 3434 102 33 man
917 3420 122 48 nicht
1078 3420 161 48 immer
1267 3438 84 31 von
1385 3421 342 48 musicalischen

211 3492 359 66 Auflührungen
613 3495 79 47 mit
734 3496 113 48 nach
877 3497 156 48 Hause
1074 3498 174 49 nimmt.
1303 3500 302 65 Ueberhaupt
1634 3516 97 32 wer

209 3570 150 48 wollte
388 3568 57 50 da
476 3571 193 54 mäkeln,
699 3589 131 31 wenn
859 3572 143 50 durch
1032 3573 141 49 dieses
1199 3575 194 49 Concert
1416 3592 45 32 es
1482 3594 81 30 zur
1586 3576 113 49 That-

209 3647 134 47 sache
372 3647 129 55 wird,
532 3647 100 50 dass
660 3648 70 50 die
759 3648 216 51 deutsche
1006 3652 185 47 Colonie
1220 3652 42 47 in
1294 3653 124 49 Paris
1449 3653 170 50 wieder
1651 3671 75 31 um

209 3725 70 47 ein
311 3725 176 47 Institut
517 3726 175 48 reicher
720 3727 264 64 geworden,
1012 3727 80 50 das
1121 3728 211 66 geeignet
1360 3731 71 54 ist,
1460 3731 103 48 dem
1596 3731 105 49 deut-

208 3801 135 48 schen
373 3801 144 49 Volke
558 3802 87 50 den
688 3812 138 55 guten
857 3805 96 49 Buf
988 3806 146 48 seiner
1168 3807 339 51 musicalischen
1536 3808 161 50 Befähi-

211 3895 123 47 gung
364 3879 296 51 unbestrilten
687 3899 54 30 zu
781 3882 216 50 erhalten.
1055 3885 107 48 Wir
1202 3901 163 48 sagen:
1408 3886 320 57 unbestritten,

211 3953 118 48 denn
368 3972 46 31 es
456 3957 52 47 ist
550 3975 81 30 uns
673 3958 123 50 nicht
834 3959 217 60 bekannt,
1093 3961 102 49 dass
1228 3962 43 48 in
1301 3962 126 50 Paris
1456 3963 73 49 ein
1557 3963 169 50 Verein

212 4031 410 53 französischer
650 4037 277 49 Dilettanten
957 4053 80 33 aus
1069 4037 321 67 bürgerlichen
1421 4041 189 48 Kreisen
1642 4059 84 33 von

211 4109 176 50 Damen
418 4111 83 49 wie
533 4112 174 49 Herren
739 4114 187 61 existirt,
962 4116 198 49 welcher
1200 4116 90 49 sich
1334 4117 72 49 die
1447 4118 157 67 Pflege
1646 4119 81 50 der

1815 338 266 48 classischen
2110 338 167 58 Musik,
2320 335 193 53 wieder
2552 376 17 19 „
3069 340 111 51 oder
3204 340 130 68 jeder

1813 414 201 49 anderen
2043 416 149 47 Musik
2221 433 80 30 zur
2328 415 216 66 Aufgabe
2570 418 178 62 gestellt
2777 418 135 48 hätte.
2940 419 119 47 Dem
3091 419 243 49 Schreiber

1812 489 149 51 dieser
1985 491 152 50 Zeilen
2175 493 202 63 gereicht
2413 510 47 31 es
2497 493 111 48 aber
2636 510 79 31 zur
2753 510 187 47 grossen
2970 495 364 66 Genugthuung,

1813 566 102 50 dass
1943 568 123 48 seine
2103 569 43 47 in
2184 570 80 47 Nr.
2297 569 31 49 3
2359 569 82 48 der
2480 569 207 57 „Pariser
2974 571 333 65 ausgesproche-

1812 660 88 32 nen
1925 645 222 48 frommen
2174 646 240 49 Wünsche
2437 646 129 49 keine
2590 646 192 49 fromme
2808 648 237 48 Wünsche
3069 649 130 48 mehr
3219 648 115 58 sind,

1811 721 197 48 sondern
2036 722 92 47 sich
2159 722 114 49 nach
2306 722 89 49 und
2425 722 115 49 nach
2569 722 378 50 verwirklichten.
2994 726 98 46 Aus
3120 724 88 49 den
3236 742 74 33 ver-

1811 797 271 49 schiedenen
2114 799 243 57 Vereinen,
2399 800 174 48 welche
2613 800 99 48 hier
2752 800 81 49 das
2874 800 217 49 deutsche
3119 802 214 49 Männer-

1813 875 219 57 Quartett
2072 876 249 55 cultiviren,
2363 875 248 49 besonders
2650 893 83 31 aus
2773 877 103 49 dem

1812 951 286 48 entwickelte
2143 952 93 47 sich
2278 951 81 48 der
2399 952 134 47 Keim
2575 969 54 30 zu
2672 951 104 50 dem
2828 992 18 18 „

1812 1027 237 57 welchem,
2095 1029 116 48 nach
2260 1029 170 48 seinem
2480 1036 150 41 ersten
2678 1029 291 50 öffentlichen
2998 1031 241 50 Auftreten
3280 1050 54 31 zu

1809 1105 260 57 schliessen,
2112 1106 99 48 eine
2249 1106 169 48 schöne
2453 1106 205 48 Zukunft
2695 1124 54 32 zu
2785 1107 300 66 prophezeien
3129 1109 70 55 ist,
3241 1109 93 48 und

1809 1182 139 48 schon
1980 1182 118 48 reiht
2124 1183 111 56 sich,
2264 1183 86 47 wie
2380 1182 71 48 die
2491 1185 210 54 „Pariser
2974 1187 83 49 Nr.
3087 1186 103 50 122
3222 1187 83 49 mel-

1809 1257 92 57 det,
1943 1258 151 49 diesen
2123 1260 170 48 älteren
2325 1258 225 50 Vereinen
2579 1260 71 48 ein
2681 1279 142 31 neuer
2852 1280 74 39 an,
2968 1264 99 48 eine
3105 1266 203 62 grössten-

1808 1336 131 48 theils
1980 1352 82 33 aus
2104 1336 262 49 Deutschen
2410 1336 277 51 bestehende
2742 1340 591 57 Orchester-Gesellschaft,

1809 1413 188 58 welche,
2028 1413 85 49 wie
2142 1430 46 32 es
2217 1413 174 50 damals
2419 1415 271 63 gewünscht
2719 1417 175 59 wurde,
2937 1417 120 48 wohl
3087 1417 43 48 in
3159 1417 174 65 einiger

1807 1490 98 48 Zeit
1945 1490 60 48 im
2044 1490 171 49 Stande
2255 1491 94 48 sein
2387 1490 132 58 wird,
2555 1491 91 48 sich
2692 1491 71 49 bei
2806 1497 242 60 grösseren
3079 1493 255 51 Concerten

1808 1567 80 48 mit
1915 1567 128 48 ihren
2067 1567 412 66 Vorgängerinnen
2509 1568 92 49 und
2626 1570 296 64 Colleginnen
2950 1589 53 30 zu
3032 1571 300 49 verbrüdern.

1808 1646 132 47 Denn
1971 1661 132 33 wenn
2132 1662 46 32 es
2207 1646 116 48 auch
2356 1645 130 49 keine
2514 1647 163 50 leichte
2706 1648 216 65 Aufgabe
2950 1648 71 59 ist,
3049 1650 285 48 Dilettanten

1806 1738 52 31 zu
1895 1722 147 48 einem
2074 1722 323 66 wohlgeübten
2428 1723 250 50 Orchester
2712 1742 54 31 zu
2809 1725 204 57 schulen,
3053 1740 49 33 so
3144 1725 56 49 ist
3239 1725 95 49 dies

1808 1798 117 50 doch
1968 1799 282 68 keineswegs
2292 1801 99 48 eine
2432 1802 387 65 Unmöglichkeit,
2862 1802 93 50 und
2991 1820 133 32 wenn
3158 1820 47 32 es
3239 1802 95 50 sich

1809 1893 78 31 um
1917 1876 72 49 ein
2015 1877 197 48 Concert
2235 1877 84 48 wie
2348 1877 80 49 das
2457 1877 198 51 kürzlich
2679 1879 119 49 Statt
2824 1878 201 66 gehabte
3053 1879 203 59 handelt,
3284 1896 50 32 so

1809 1953 187 50 werden
2019 1954 121 50 wohl
2163 1956 255 49 zahlreiche
2441 1954 184 51 Proben
2655 1956 92 49 und
2776 1958 203 64 tüchtige
3001 1957 333 66 Einstudirung

1808 2031 73 49 die
1910 2032 199 48 Routine
2138 2039 219 50 ersetzen,
2400 2032 173 49 welche
2610 2033 58 48 im
2701 2034 240 64 Vergleich
2969 2051 55 32 zu
3052 2034 282 50 Fachleuten

1811 2109 278 49 Dilettanten
2129 2109 186 64 abgeht.
2368 2111 101 47 Den
2499 2111 249 48 deutschen
2781 2112 525 63 Wohlthätigkeits-Ver-

1806 2186 132 48 einen
1967 2186 190 48 würden
2201 2187 120 48 dann
2363 2187 45 48 in
2444 2187 182 49 solchen
2658 2189 156 49 Fällen
2851 2189 107 47 weit
2984 2192 211 61 grössere
3223 2189 84 49 Ein-

1806 2262 199 48 nahmen
2033 2263 254 56 zufliessen,
2316 2262 93 48 und
2438 2280 133 33 wenn
2599 2264 273 49 schliesslich
2902 2266 61 47 im
2987 2267 221 47 Interesse
3229 2263 78 51 der-

1806 2339 155 48 selben
2005 2339 91 48 und
2140 2340 58 47 im
2240 2340 223 49 Interesse
2504 2340 83 49 der
2613 2342 346 48 Musikfreunde
3002 2342 81 48 der
3114 2342 218 49 Cäcilien-

1807 2415 165 50 Verein
2014 2433 76 32 um
2129 2418 100 47 eine
2259 2417 182 66 baldige
2467 2419 159 48 zweite
2657 2419 303 65 Aufführung
2988 2419 184 48 ersucht
3203 2419 131 57 wird,

1803 2509 50 32 so
1883 2493 153 49 hoffen
2066 2494 100 56 wir,
2194 2494 102 48 dass
2325 2512 51 30 er
2403 2494 167 50 diesem
2602 2495 264 67 mehrseitig
2894 2500 293 62 geäusserten
3215 2497 119 48 Ver-

1803 2571 165 65 langen
1999 2570 287 67 bereitwillig
2316 2574 300 65 entsprechen
2646 2578 152 62 möge.

3071 2575 55 49 A.
3156 2575 58 47 M.

2340 2805 98 56 Aus
2477 2804 323 59 Manchester.

2206 2929 108 48 (Aus
2358 2931 154 36 einem
2551 2931 372 48 Privatbriefe.)

2673 3040 100 35 Den
2815 3038 35 40 5.
2884 3039 224 38 Februar
3145 3040 111 39 1862.

2086 3111 75 49 Sie
2192 3111 190 50 ersehen
2414 3113 199 57 hieraus,
2657 3113 102 48 dass
2787 3114 70 48 ich
2889 3114 58 48 im
2977 3115 177 48 Januar
3189 3115 144 50 1853

1803 3188 114 49 nach
1961 3189 292 48 Manchester
2293 3189 319 49 übersiedelte.
2669 3191 191 49 Damals
2902 3191 78 49 sah
3030 3208 46 32 es
3118 3191 97 50 hier
3259 3194 77 47 für

1801 3265 143 65 junge
1975 3268 231 47 Deutsche
2234 3266 274 50 erbärmlich
2540 3284 106 39 aus;
2688 3268 144 48 nichts
2861 3269 160 48 wurde
3052 3269 185 66 gelhan,
3272 3271 64 47 sie

1803 3342 188 49 deutsch
2022 3362 50 29 zu
2105 3344 224 54 erhalten,
2358 3345 62 47 sie
2451 3362 153 31 waren
2634 3345 92 48 sich
2757 3363 113 47 ganz
2893 3346 138 49 selbst
3054 3348 282 55 überlassen,

1803 3420 118 48 denn
1945 3436 47 32 es
2015 3421 108 47 hielt
2145 3421 194 56 schwer,
2362 3423 42 46 in
2430 3423 381 58 Familiencirkel,
2834 3424 71 48 die
2927 3425 125 48 ihrer
3072 3425 264 66 Erziehung

1804 3497 89 49 und
1925 3497 103 49 dem
2060 3499 246 49 deutschen
2331 3500 153 50 Geiste
2504 3501 319 65 entsprachen,
2853 3503 267 63 eingeführt
3139 3520 53 31 zu
3218 3520 88 32 wer-

1806 3576 104 56 den,
1940 3576 90 48 und
2063 3576 144 48 daher
2236 3577 103 47 kam
2371 3595 46 31 es
2446 3577 136 56 denn,
2613 3579 102 48 dass
2735 3580 221 48 Mancher
2979 3581 206 47 verloren
3209 3581 126 65 ging,

1803 3654 98 47 weil
1934 3669 49 32 er
2011 3654 122 48 seine
2164 3655 350 48 Mussestunden
2545 3655 123 49 nicht
2697 3656 83 48 auf
2804 3656 347 65 heilbringende
3172 3657 164 50 Weise

1804 3748 54 31 zu
1888 3731 273 66 verbringen
2192 3732 302 64 Gelegenheit
2536 3732 119 50 fand.
2710 3735 151 47 Meine
2891 3735 209 66 Stellung
3140 3735 92 49 und
3262 3737 70 47 ein

1807 3807 104 50 bald
1959 3809 85 48 mir
2086 3809 303 64 gewordenes
2432 3811 252 48 häusliches
2714 3812 144 49 Glück
2904 3811 267 51 bewahrten
3215 3814 118 48 mich

1803 3903 81 31 vor
1912 3885 149 51 dieser
2091 3887 197 57 Gefahr;
2330 3889 133 48 allein
2507 3889 165 64 täglich
2714 3889 193 66 drängle
2947 3891 92 48 sich
3085 3892 85 47 mir
3204 3891 132 48 mehr

1808 3962 93 49 und
1933 3964 130 48 mehr
2099 3964 71 49 die
2199 3964 371 67 Ueberzeugung
2610 3966 94 57 auf,
2751 3965 102 49 dass
2893 3975 141 42 etwas
3076 3967 260 66 geschehen

1802 4044 170 54 müsse,
2002 4041 218 51 deutsche
2243 4042 367 51 Geistes-Cultur
2637 4042 72 50 bei
2739 4046 180 48 meinen
2941 4046 310 50 Landsleuten
3279 4064 56 32 zu

1802 4118 204 51 erhalten
2033 4120 89 49 und
2147 4139 54 30 zu
2225 4120 270 61 befördern,
2523 4122 62 50 sie
2616 4122 80 50 mit
2725 4122 102 51 dem
2851 4124 282 50 Vaterlande
3154 4125 45 49 in
3222 4125 109 51 fort-
