<?xml version="1.0" encoding="UTF-8"?>
<alto xmlns:xsi="http://www.w3.org/2001/XMLSchema-instance" xmlns="http://www.loc.gov/standards/alto/ns-v2#" xsi:schemaLocation="http://www.loc.gov/standards/alto/ns-v2# http://www.loc.gov/standards/alto/alto-v2.0.xsd" xmlns:xlink="http://www.w3.org/1999/xlink">
	<Description>
		<MeasurementUnit>mm10</MeasurementUnit>
		<sourceImageInformation>
			<fileName>//fileserver7/IN2/Princeton/Batch5/bmtnabi/1865/03/25_01/00000097.tif</fileName>
		</sourceImageInformation>
		<OCRProcessing ID="OCRPROCESSING_1">
			<preProcessingStep>
				<processingSoftware>
					<softwareCreator>CCS Content Conversion Specialists GmbH, Germany</softwareCreator>
					<softwareName>CCS docWORKS</softwareName>
					<softwareVersion>6.6-1.18</softwareVersion>
				</processingSoftware>
			</preProcessingStep>
			<ocrProcessingStep>
				<processingSoftware>
					<softwareCreator>ABBYY (BIT Software), Russia</softwareCreator>
					<softwareName>FineReader</softwareName>
					<softwareVersion>10.0</softwareVersion>
				</processingSoftware>
			</ocrProcessingStep>
		</OCRProcessing>
		<OCRProcessing ID="OCRPROCESSING_2">
			<preProcessingStep>
				<processingSoftware>
					<softwareCreator>CCS Content Conversion Specialists GmbH, Germany</softwareCreator>
					<softwareName>CCS docWORKS</softwareName>
					<softwareVersion>6.6-1.18</softwareVersion>
				</processingSoftware>
			</preProcessingStep>
			<ocrProcessingStep>
				<processingSoftware>
					<softwareCreator>ABBYY (BIT Software), Russia</softwareCreator>
					<softwareName>NA</softwareName>
				</processingSoftware>
			</ocrProcessingStep>
		</OCRProcessing>
	</Description>
	<Styles>
		<TextStyle ID="TXT_0" FONTSIZE="19" FONTFAMILY="Times New Roman" FONTSTYLE="bold"/>
		<TextStyle ID="TXT_1" FONTSIZE="18" FONTFAMILY="Times New Roman"/>
		<TextStyle ID="TXT_2" FONTSIZE="75" FONTFAMILY="Unknown" FONTSTYLE="bold"/>
		<TextStyle ID="TXT_3" FONTSIZE="40" FONTFAMILY="Unknown" FONTSTYLE="bold"/>
		<TextStyle ID="TXT_4" FONTSIZE="21" FONTFAMILY="Times New Roman" FONTSTYLE="italics"/>
		<TextStyle ID="TXT_5" FONTSIZE="14" FONTFAMILY="Times New Roman"/>
		<TextStyle ID="TXT_6" FONTSIZE="13" FONTFAMILY="Times New Roman"/>
		<TextStyle ID="TXT_7" FONTSIZE="15" FONTFAMILY="Times New Roman"/>
		<TextStyle ID="TXT_8" FONTSIZE="19" FONTFAMILY="Times New Roman"/>
		<ParagraphStyle ID="PAR_RIGHT" ALIGN="Right"/>
		<ParagraphStyle ID="PAR_LEFT" ALIGN="Left"/>
		<ParagraphStyle ID="PAR_BLOCK" ALIGN="Block"/>
		<ParagraphStyle ID="PAR_CENTER" ALIGN="Center"/>
	</Styles>
	<Layout>
		<Page ID="P1" PHYSICAL_IMG_NR="1" HEIGHT="4391" WIDTH="3497" PC="0.932">
			<TopMargin ID="P1_TM00001" HPOS="0" VPOS="0" WIDTH="3497" HEIGHT="211"/>
			<LeftMargin ID="P1_LM00001" HPOS="0" VPOS="211" WIDTH="114" HEIGHT="4000"/>
			<RightMargin ID="P1_RM00001" HPOS="3261" VPOS="211" WIDTH="236" HEIGHT="4000"/>
			<BottomMargin ID="P1_BM00001" HPOS="0" VPOS="4211" WIDTH="3497" HEIGHT="180">
				<TextBlock ID="P1_TB00001" HPOS="2963" VPOS="4221" WIDTH="67" HEIGHT="51" STYLEREFS="TXT_0 PAR_RIGHT">
					<TextLine ID="P1_TL00001" HPOS="2964" VPOS="4222" WIDTH="66" HEIGHT="49">
						<String ID="P1_ST00001" HPOS="2964" VPOS="4222" WIDTH="66" HEIGHT="49" CONTENT="12" WC="0.68" CC="06"/>
					</TextLine>
				</TextBlock>
			</BottomMargin>
			<PrintSpace ID="P1_PS00001" HPOS="114" VPOS="211" WIDTH="3147" HEIGHT="4000">
				<TextBlock ID="P1_TB00002" HPOS="122" VPOS="211" WIDTH="3118" HEIGHT="627" STYLEREFS="TXT_1 PAR_LEFT">
					<TextLine ID="P1_TL00002" HPOS="329" VPOS="211" WIDTH="2692" HEIGHT="254">
						<String ID="P1_ST00002" HPOS="329" VPOS="211" WIDTH="1412" HEIGHT="203" CONTENT="Niederrheinisdie" WC="0.40" CC="9098773380507868" STYLEREFS="TXT_2"/>
						<SP ID="P1_SP00001" HPOS="1741" VPOS="414" WIDTH="142"/>
						<String ID="P1_ST00003" HPOS="1883" VPOS="211" WIDTH="1138" HEIGHT="254" CONTENT="Alusik-Zeitung" WC="0.51" CC="45475106745087" STYLEREFS="TXT_2"/>
					</TextLine>
					<TextLine ID="P1_TL00003" HPOS="981" VPOS="513" WIDTH="1405" HEIGHT="122">
						<String ID="P1_ST00004" HPOS="981" VPOS="516" WIDTH="117" HEIGHT="117" CONTENT="für" WC="0.93" CC="487" STYLEREFS="TXT_3"/>
						<SP ID="P1_SP00002" HPOS="1098" VPOS="633" WIDTH="66"/>
						<String ID="P1_ST00005" HPOS="1164" VPOS="516" WIDTH="554" HEIGHT="119" CONTENT="ixiutstfreraiüp" WC="0.22" CC="876878868877878" STYLEREFS="TXT_3"/>
						<SP ID="P1_SP00003" HPOS="1718" VPOS="635" WIDTH="272"/>
						<String ID="P1_ST00006" HPOS="1990" VPOS="513" WIDTH="396" HEIGHT="120" CONTENT="Jttatlw." WC="0.35" CC="88777084" STYLEREFS="TXT_3"/>
					</TextLine>
					<TextLine ID="P1_TL00004" HPOS="123" VPOS="757" WIDTH="3117" HEIGHT="80">
						<String ID="P1_ST00007" HPOS="123" VPOS="765" WIDTH="411" HEIGHT="63" CONTENT="Herausgegeben" WC="0.99" CC="2020414040706"/>
						<SP ID="P1_SP00004" HPOS="534" VPOS="828" WIDTH="43"/>
						<String ID="P1_ST00008" HPOS="577" VPOS="780" WIDTH="96" HEIGHT="36" CONTENT="von" WC="0.95" CC="751"/>
						<SP ID="P1_SP00005" HPOS="673" VPOS="828" WIDTH="40"/>
						<String ID="P1_ST00009" HPOS="713" VPOS="762" WIDTH="254" HEIGHT="55" CONTENT="Professor" WC="0.98" CC="642640236"/>
						<SP ID="P1_SP00006" HPOS="967" VPOS="828" WIDTH="42"/>
						<String ID="P1_ST00010" HPOS="1009" VPOS="760" WIDTH="66" HEIGHT="58" CONTENT="L." WC="0.67" CC="06" STYLEREFS="TXT_4"/>
						<SP ID="P1_SP00007" HPOS="1075" VPOS="828" WIDTH="1062"/>
						<String ID="P1_ST00011" HPOS="2137" VPOS="761" WIDTH="274" HEIGHT="76" CONTENT="Bischoff." WC="0.99" CC="412652006" STYLEREFS="TXT_4"/>
						<SP ID="P1_SP00008" HPOS="2411" VPOS="837" WIDTH="-851"/>
						<String ID="P1_ST00012" HPOS="1560" VPOS="766" WIDTH="183" HEIGHT="64" CONTENT="Verlag" WC="0.98" CC="509027"/>
						<SP ID="P1_SP00009" HPOS="2411" VPOS="837" WIDTH="-628"/>
						<String ID="P1_ST00013" HPOS="1783" VPOS="766" WIDTH="86" HEIGHT="48" CONTENT="der" WC="0.95" CC="706"/>
						<SP ID="P1_SP00010" HPOS="2411" VPOS="837" WIDTH="-500"/>
						<String ID="P1_ST00014" HPOS="1911" VPOS="760" WIDTH="80" HEIGHT="57" CONTENT="M." WC="0.64" CC="06" STYLEREFS="TXT_4"/>
						<SP ID="P1_SP00011" HPOS="2411" VPOS="837" WIDTH="28"/>
						<String ID="P1_ST00015" HPOS="2439" VPOS="779" WIDTH="32" HEIGHT="37" CONTENT="&lt;t" WC="0.33" CC="58" STYLEREFS="TXT_4"/>
						<SP ID="P1_SP00012" HPOS="2471" VPOS="837" WIDTH="10"/>
						<String ID="P1_ST00016" HPOS="2481" VPOS="757" WIDTH="90" HEIGHT="59" CONTENT="übe" WC="0.91" CC="886" STYLEREFS="TXT_4"/>
						<String ID="P1_ST00017" HPOS="2579" VPOS="760" WIDTH="225" HEIGHT="71" CONTENT="/v/'schen" WC="0.42" CC="888331718"/>
						<SP ID="P1_SP00013" HPOS="2804" VPOS="837" WIDTH="40"/>
						<String ID="P1_ST00018" HPOS="2844" VPOS="764" WIDTH="396" HEIGHT="66" CONTENT="Buchhandlung." WC="0.99" CC="6435705226594"/>
					</TextLine>
				</TextBlock>
				<TextBlock ID="P1_TB00003" HPOS="220" VPOS="1092" WIDTH="231" HEIGHT="41" STYLEREFS="TXT_5 PAR_LEFT">
					<TextLine ID="P1_TL00005" HPOS="221" VPOS="1094" WIDTH="227" HEIGHT="36">
						<String ID="P1_ST00019" HPOS="221" VPOS="1094" WIDTH="227" HEIGHT="36" CONTENT="Inhalt." WC="0.98" CC="6000000"/>
					</TextLine>
				</TextBlock>
				<TextBlock ID="P1_TB00004" HPOS="502" VPOS="1092" WIDTH="2750" HEIGHT="55" STYLEREFS="TXT_6 PAR_RIGHT">
					<TextLine ID="P1_TL00006" HPOS="505" VPOS="1094" WIDTH="2746" HEIGHT="53">
						<String ID="P1_ST00020" HPOS="505" VPOS="1094" WIDTH="147" HEIGHT="35" CONTENT="Franz" WC="0.97" CC="86071"/>
						<SP ID="P1_SP00014" HPOS="652" VPOS="1129" WIDTH="42"/>
						<String ID="P1_ST00021" HPOS="694" VPOS="1095" WIDTH="250" HEIGHT="36" CONTENT="Schubert." WC="0.99" CC="530650004"/>
						<SP ID="P1_SP00015" HPOS="944" VPOS="1131" WIDTH="44"/>
						<String ID="P1_ST00022" HPOS="988" VPOS="1097" WIDTH="85" HEIGHT="34" CONTENT="Von" WC="0.95" CC="606"/>
						<SP ID="P1_SP00016" HPOS="1073" VPOS="1131" WIDTH="29"/>
						<String ID="P1_ST00023" HPOS="1102" VPOS="1097" WIDTH="63" HEIGHT="35" CONTENT="Dr." WC="0.98" CC="040"/>
						<SP ID="P1_SP00017" HPOS="1165" VPOS="1132" WIDTH="32"/>
						<String ID="P1_ST00024" HPOS="1197" VPOS="1097" WIDTH="185" HEIGHT="34" CONTENT="Heinrich" WC="1.00" CC="62000000"/>
						<SP ID="P1_SP00018" HPOS="1382" VPOS="1132" WIDTH="29"/>
						<String ID="P1_ST00025" HPOS="1411" VPOS="1096" WIDTH="168" HEIGHT="35" CONTENT="Kreissie" WC="0.99" CC="04000034"/>
						<SP ID="P1_SP00019" HPOS="1579" VPOS="1132" WIDTH="29"/>
						<String ID="P1_ST00026" HPOS="1608" VPOS="1107" WIDTH="75" HEIGHT="23" CONTENT="von" WC="1.00" CC="000"/>
						<SP ID="P1_SP00020" HPOS="1683" VPOS="1132" WIDTH="29"/>
						<String ID="P1_ST00027" HPOS="1712" VPOS="1094" WIDTH="198" HEIGHT="37" CONTENT="Hellborn." WC="0.99" CC="503505064"/>
						<SP ID="P1_SP00021" HPOS="1910" VPOS="1132" WIDTH="43"/>
						<String ID="P1_ST00028" HPOS="1953" VPOS="1097" WIDTH="66" HEIGHT="34" CONTENT="111." WC="0.98" CC="1501"/>
						<SP ID="P1_SP00022" HPOS="2019" VPOS="1132" WIDTH="121"/>
						<String ID="P1_ST00029" HPOS="2140" VPOS="1097" WIDTH="191" HEIGHT="34" CONTENT="Pariser" WC="0.99" CC="7002000"/>
						<SP ID="P1_SP00023" HPOS="2331" VPOS="1132" WIDTH="40"/>
						<String ID="P1_ST00030" HPOS="2371" VPOS="1098" WIDTH="160" HEIGHT="33" CONTENT="Briefe" WC="0.99" CC="600004"/>
						<SP ID="P1_SP00024" HPOS="2531" VPOS="1132" WIDTH="46"/>
						<String ID="P1_ST00031" HPOS="2577" VPOS="1096" WIDTH="119" HEIGHT="47" CONTENT="(„Der" WC="1.00" CC="02000"/>
						<SP ID="P1_SP00025" HPOS="2696" VPOS="1143" WIDTH="28"/>
						<String ID="P1_ST00032" HPOS="2724" VPOS="1098" WIDTH="173" HEIGHT="47" CONTENT='Saphir",' WC="0.98" CC="65860040"/>
						<SP ID="P1_SP00026" HPOS="2897" VPOS="1145" WIDTH="30"/>
						<String ID="P1_ST00033" HPOS="2927" VPOS="1099" WIDTH="193" HEIGHT="35" CONTENT="komische" WC="0.98" CC="42005267"/>
						<SP ID="P1_SP00027" HPOS="3120" VPOS="1145" WIDTH="30"/>
						<String ID="P1_ST00034" HPOS="3150" VPOS="1100" WIDTH="101" HEIGHT="47" CONTENT="Oper" WC="0.98" CC="3006"/>
					</TextLine>
				</TextBlock>
				<TextBlock ID="P1_TB00005" HPOS="114" VPOS="1153" WIDTH="3137" HEIGHT="172" STYLEREFS="TXT_6 PAR_LEFT">
					<TextLine ID="P1_TL00007" HPOS="115" VPOS="1155" WIDTH="3056" HEIGHT="49">
						<String ID="P1_ST00035" HPOS="115" VPOS="1157" WIDTH="38" HEIGHT="33" CONTENT="in" WC="0.40" CC="74"/>
						<SP ID="P1_SP00028" HPOS="153" VPOS="1190" WIDTH="31"/>
						<String ID="P1_ST00036" HPOS="184" VPOS="1155" WIDTH="78" HEIGHT="35" CONTENT="drei" WC="0.97" CC="7404"/>
						<SP ID="P1_SP00029" HPOS="262" VPOS="1190" WIDTH="30"/>
						<String ID="P1_ST00037" HPOS="292" VPOS="1155" WIDTH="136" HEIGHT="47" CONTENT="Acten," WC="0.98" CC="303154"/>
						<SP ID="P1_SP00030" HPOS="428" VPOS="1202" WIDTH="29"/>
						<String ID="P1_ST00038" HPOS="457" VPOS="1155" WIDTH="130" HEIGHT="35" CONTENT="Musik" WC="0.98" CC="07120"/>
						<SP ID="P1_SP00031" HPOS="587" VPOS="1202" WIDTH="29"/>
						<String ID="P1_ST00039" HPOS="616" VPOS="1167" WIDTH="75" HEIGHT="23" CONTENT="von" WC="0.99" CC="200"/>
						<SP ID="P1_SP00032" HPOS="691" VPOS="1202" WIDTH="27"/>
						<String ID="P1_ST00040" HPOS="718" VPOS="1155" WIDTH="171" HEIGHT="36" CONTENT="Felicien" WC="0.82" CC="20204400"/>
						<SP ID="P1_SP00033" HPOS="889" VPOS="1202" WIDTH="31"/>
						<String ID="P1_ST00041" HPOS="920" VPOS="1157" WIDTH="156" HEIGHT="44" CONTENT="David)»" WC="0.98" CC="2134614"/>
						<SP ID="P1_SP00034" HPOS="1076" VPOS="1202" WIDTH="138"/>
						<String ID="P1_ST00042" HPOS="1214" VPOS="1158" WIDTH="174" HEIGHT="44" CONTENT="Tages-" WC="0.97" CC="276234"/>
						<SP ID="P1_SP00035" HPOS="1388" VPOS="1202" WIDTH="42"/>
						<String ID="P1_ST00043" HPOS="1430" VPOS="1159" WIDTH="92" HEIGHT="33" CONTENT="und" WC="0.93" CC="765"/>
						<SP ID="P1_SP00036" HPOS="1522" VPOS="1202" WIDTH="38"/>
						<String ID="P1_ST00044" HPOS="1560" VPOS="1155" WIDTH="531" HEIGHT="46" CONTENT="Unterhaltungsblatt" WC="0.99" CC="065366005767526055"/>
						<SP ID="P1_SP00037" HPOS="2091" VPOS="1202" WIDTH="41"/>
						<String ID="P1_ST00045" HPOS="2132" VPOS="1155" WIDTH="182" HEIGHT="47" CONTENT="(Lennep," WC="0.99" CC="04300043"/>
						<SP ID="P1_SP00038" HPOS="2314" VPOS="1202" WIDTH="34"/>
						<String ID="P1_ST00046" HPOS="2348" VPOS="1157" WIDTH="94" HEIGHT="42" CONTENT="~Die" WC="0.59" CC="3335"/>
						<SP ID="P1_SP00039" HPOS="2442" VPOS="1202" WIDTH="42"/>
						<String ID="P1_ST00047" HPOS="2484" VPOS="1157" WIDTH="139" HEIGHT="34" CONTENT="letzten" WC="0.99" CC="2600045"/>
						<SP ID="P1_SP00040" HPOS="2623" VPOS="1202" WIDTH="44"/>
						<String ID="P1_ST00048" HPOS="2667" VPOS="1158" WIDTH="124" HEIGHT="45" CONTENT="Dinge" WC="0.80" CC="00062"/>
						<String ID="P1_ST00049" HPOS="2799" VPOS="1159" WIDTH="16" HEIGHT="17" CONTENT="u" STYLE="superscript" WC="0.23" CC="7"/>
						<SP ID="P1_SP00041" HPOS="2815" VPOS="1203" WIDTH="47"/>
						<String ID="P1_ST00050" HPOS="2862" VPOS="1169" WIDTH="74" HEIGHT="23" CONTENT="von" WC="0.97" CC="006"/>
						<SP ID="P1_SP00042" HPOS="2936" VPOS="1203" WIDTH="44"/>
						<String ID="P1_ST00051" HPOS="2980" VPOS="1159" WIDTH="41" HEIGHT="33" CONTENT="L." WC="0.82" CC="03"/>
						<SP ID="P1_SP00043" HPOS="3021" VPOS="1203" WIDTH="30"/>
						<String ID="P1_ST00052" HPOS="3051" VPOS="1159" WIDTH="120" HEIGHT="45" CONTENT="Spohr" WC="0.56" CC="76070"/>
						<SP ID="P1_SP00044" HPOS="3171" VPOS="1204" WIDTH="0"/>
					</TextLine>
					<TextLine ID="P1_TL00008" HPOS="115" VPOS="1214" WIDTH="3135" HEIGHT="50">
						<String ID="P1_ST00053" HPOS="115" VPOS="1215" WIDTH="169" HEIGHT="43" CONTENT="Minden," WC="0.99" CC="0050022"/>
						<SP ID="P1_SP00045" HPOS="284" VPOS="1258" WIDTH="31"/>
						<String ID="P1_ST00054" HPOS="315" VPOS="1214" WIDTH="146" HEIGHT="47" CONTENT="Joseph" WC="0.98" CC="354106"/>
						<SP ID="P1_SP00046" HPOS="461" VPOS="1261" WIDTH="31"/>
						<String ID="P1_ST00055" HPOS="492" VPOS="1216" WIDTH="172" HEIGHT="35" CONTENT="Schmidt" WC="0.99" CC="6400000"/>
						<SP ID="P1_SP00047" HPOS="664" VPOS="1261" WIDTH="27"/>
						<String ID="P1_ST00056" HPOS="691" VPOS="1217" WIDTH="25" HEIGHT="43" CONTENT="f" WC="0.13" CC="8"/>
						<SP ID="P1_SP00048" HPOS="716" VPOS="1261" WIDTH="109"/>
						<String ID="P1_ST00057" HPOS="825" VPOS="1216" WIDTH="137" HEIGHT="43" CONTENT="Gotha," WC="0.98" CC="640700"/>
						<SP ID="P1_SP00049" HPOS="962" VPOS="1261" WIDTH="28"/>
						<String ID="P1_ST00058" HPOS="990" VPOS="1216" WIDTH="291" HEIGHT="46" CONTENT="Aufführungen" WC="0.99" CC="580607066905"/>
						<SP ID="P1_SP00050" HPOS="1281" VPOS="1262" WIDTH="29"/>
						<String ID="P1_ST00059" HPOS="1310" VPOS="1218" WIDTH="49" HEIGHT="31" CONTENT="im" WC="0.44" CC="55"/>
						<SP ID="P1_SP00051" HPOS="1359" VPOS="1262" WIDTH="32"/>
						<String ID="P1_ST00060" HPOS="1391" VPOS="1216" WIDTH="225" HEIGHT="35" CONTENT="Hoftheater" WC="0.99" CC="7016701202"/>
						<SP ID="P1_SP00052" HPOS="1616" VPOS="1262" WIDTH="105"/>
						<String ID="P1_ST00061" HPOS="1721" VPOS="1216" WIDTH="141" HEIGHT="44" CONTENT="Berlin," WC="0.98" CC="0053484"/>
						<SP ID="P1_SP00053" HPOS="1862" VPOS="1262" WIDTH="39"/>
						<String ID="P1_ST00062" HPOS="1901" VPOS="1217" WIDTH="422" HEIGHT="35" CONTENT="Tänzer-Gesellschaft" WC="1.00" CC="0500364700120034000"/>
						<SP ID="P1_SP00054" HPOS="2323" VPOS="1262" WIDTH="106"/>
						<String ID="P1_ST00063" HPOS="2429" VPOS="1219" WIDTH="127" HEIGHT="42" CONTENT="Wien," WC="0.99" CC="40002"/>
						<SP ID="P1_SP00055" HPOS="2556" VPOS="1262" WIDTH="42"/>
						<String ID="P1_ST00064" HPOS="2598" VPOS="1218" WIDTH="250" HEIGHT="46" CONTENT="Meyerbeer's" WC="0.72" CC="60635500030"/>
						<SP ID="P1_SP00056" HPOS="2848" VPOS="1264" WIDTH="34"/>
						<String ID="P1_ST00065" HPOS="2882" VPOS="1220" WIDTH="189" HEIGHT="43" CONTENT="~Dinorah" WC="0.65" CC="64526500"/>
						<String ID="P1_ST00066" HPOS="3078" VPOS="1220" WIDTH="17" HEIGHT="18" CONTENT="u" STYLE="superscript" WC="0.57" CC="4"/>
						<String ID="P1_ST00067" HPOS="3102" VPOS="1246" WIDTH="7" HEIGHT="16" CONTENT="," WC="0.56" CC="4"/>
						<SP ID="P1_SP00057" HPOS="3109" VPOS="1264" WIDTH="43"/>
						<String ID="P1_ST00068" HPOS="3152" VPOS="1220" WIDTH="74" HEIGHT="35" CONTENT="Con" SUBS_TYPE="HypPart1" SUBS_CONTENT="Concert" WC="0.67" CC="530"/>
						<HYP HPOS="3226" VPOS="1220" WIDTH="24" CONTENT="-"/>
					</TextLine>
					<TextLine ID="P1_TL00009" HPOS="116" VPOS="1275" WIDTH="3060" HEIGHT="48">
						<String ID="P1_ST00069" HPOS="116" VPOS="1280" WIDTH="80" HEIGHT="30" CONTENT="cert" SUBS_TYPE="HypPart2" SUBS_CONTENT="Concert" WC="0.63" CC="5350"/>
						<SP ID="P1_SP00058" HPOS="196" VPOS="1310" WIDTH="27"/>
						<String ID="P1_ST00070" HPOS="223" VPOS="1275" WIDTH="64" HEIGHT="35" CONTENT="des" WC="1.00" CC="000"/>
						<SP ID="P1_SP00059" HPOS="287" VPOS="1310" WIDTH="31"/>
						<String ID="P1_ST00071" HPOS="318" VPOS="1275" WIDTH="295" HEIGHT="36" CONTENT="akademischen" WC="1.00" CC="110040024004"/>
						<SP ID="P1_SP00060" HPOS="613" VPOS="1311" WIDTH="30"/>
						<String ID="P1_ST00072" HPOS="643" VPOS="1277" WIDTH="305" HEIGHT="46" CONTENT="Gesangvereins" WC="0.99" CC="9000790002260"/>
						<SP ID="P1_SP00061" HPOS="948" VPOS="1323" WIDTH="104"/>
						<String ID="P1_ST00073" HPOS="1052" VPOS="1277" WIDTH="232" HEIGHT="46" CONTENT="Biographie" WC="0.99" CC="6009500700"/>
						<SP ID="P1_SP00062" HPOS="1284" VPOS="1323" WIDTH="28"/>
						<String ID="P1_ST00074" HPOS="1312" VPOS="1277" WIDTH="41" HEIGHT="33" CONTENT="F." WC="0.69" CC="23"/>
						<SP ID="P1_SP00063" HPOS="1353" VPOS="1323" WIDTH="31"/>
						<String ID="P1_ST00075" HPOS="1384" VPOS="1275" WIDTH="303" HEIGHT="37" CONTENT="Mendelssohn's" WC="0.71" CC="8100550130704"/>
						<SP ID="P1_SP00064" HPOS="1687" VPOS="1323" WIDTH="110"/>
						<String ID="P1_ST00076" HPOS="1797" VPOS="1278" WIDTH="77" HEIGHT="32" CONTENT="Der" WC="0.96" CC="603"/>
						<SP ID="P1_SP00065" HPOS="1874" VPOS="1323" WIDTH="29"/>
						<String ID="P1_ST00077" HPOS="1903" VPOS="1278" WIDTH="126" HEIGHT="33" CONTENT="Tenor" WC="0.98" CC="70054"/>
						<SP ID="P1_SP00066" HPOS="2029" VPOS="1323" WIDTH="30"/>
						<String ID="P1_ST00078" HPOS="2059" VPOS="1277" WIDTH="171" HEIGHT="46" CONTENT="Giuglini" WC="0.68" CC="90710070"/>
						<SP ID="P1_SP00067" HPOS="2230" VPOS="1323" WIDTH="103"/>
						<String ID="P1_ST00079" HPOS="2333" VPOS="1277" WIDTH="174" HEIGHT="46" CONTENT="London," WC="0.98" CC="0080494"/>
						<SP ID="P1_SP00068" HPOS="2507" VPOS="1323" WIDTH="32"/>
						<String ID="P1_ST00080" HPOS="2539" VPOS="1277" WIDTH="163" HEIGHT="35" CONTENT="Concert" WC="0.52" CC="6670048"/>
						<SP ID="P1_SP00069" HPOS="2702" VPOS="1323" WIDTH="29"/>
						<String ID="P1_ST00081" HPOS="2731" VPOS="1279" WIDTH="50" HEIGHT="32" CONTENT="im" WC="1.00" CC="00"/>
						<SP ID="P1_SP00070" HPOS="2781" VPOS="1323" WIDTH="29"/>
						<String ID="P1_ST00082" HPOS="2810" VPOS="1277" WIDTH="366" HEIGHT="46" CONTENT="Krystall-Palaste)." WC="0.79" CC="014060014804050000"/>
					</TextLine>
				</TextBlock>
				<TextBlock ID="P1_TB00006" HPOS="532" VPOS="1458" WIDTH="701" HEIGHT="58" STYLEREFS="TXT_7 PAR_LEFT">
					<TextLine ID="P1_TL00010" HPOS="533" VPOS="1458" WIDTH="700" HEIGHT="58">
						<String ID="P1_ST00083" HPOS="533" VPOS="1458" WIDTH="231" HEIGHT="55" CONTENT="Franz" WC="0.98" CC="41082"/>
						<SP ID="P1_SP00071" HPOS="764" VPOS="1513" WIDTH="63"/>
						<String ID="P1_ST00084" HPOS="827" VPOS="1458" WIDTH="406" HEIGHT="58" CONTENT="Schubert." WC="0.98" CC="667475063"/>
					</TextLine>
				</TextBlock>
				<TextBlock ID="P1_TB00007" HPOS="310" VPOS="1582" WIDTH="1141" HEIGHT="39" STYLEREFS="TXT_5 PAR_LEFT">
					<TextLine ID="P1_TL00011" HPOS="311" VPOS="1584" WIDTH="1140" HEIGHT="37">
						<String ID="P1_ST00085" HPOS="311" VPOS="1585" WIDTH="84" HEIGHT="34" CONTENT="Von" WC="0.93" CC="647"/>
						<SP ID="P1_SP00072" HPOS="395" VPOS="1619" WIDTH="36"/>
						<String ID="P1_ST00086" HPOS="431" VPOS="1585" WIDTH="67" HEIGHT="36" CONTENT="Dr." WC="0.95" CC="354"/>
						<SP ID="P1_SP00073" HPOS="498" VPOS="1621" WIDTH="38"/>
						<String ID="P1_ST00087" HPOS="536" VPOS="1584" WIDTH="240" HEIGHT="36" CONTENT="Heinrich" WC="0.98" CC="61356055"/>
						<SP ID="P1_SP00074" HPOS="776" VPOS="1621" WIDTH="47"/>
						<String ID="P1_ST00088" HPOS="823" VPOS="1585" WIDTH="216" HEIGHT="36" CONTENT="Kreissle" WC="1.00" CC="00000303"/>
						<SP ID="P1_SP00075" HPOS="1039" VPOS="1621" WIDTH="35"/>
						<String ID="P1_ST00089" HPOS="1074" VPOS="1597" WIDTH="90" HEIGHT="24" CONTENT="von" WC="0.94" CC="763"/>
						<SP ID="P1_SP00076" HPOS="1164" VPOS="1621" WIDTH="39"/>
						<String ID="P1_ST00090" HPOS="1203" VPOS="1585" WIDTH="248" HEIGHT="36" CONTENT="Hellborn." WC="0.98" CC="615090682"/>
					</TextLine>
				</TextBlock>
				<TextBlock ID="P1_TB00008" HPOS="836" VPOS="1693" WIDTH="85" HEIGHT="58" STYLEREFS="TXT_7 PAR_LEFT">
					<TextLine ID="P1_TL00012" HPOS="844" VPOS="1703" WIDTH="77" HEIGHT="48">
						<String ID="P1_ST00091" HPOS="844" VPOS="1703" WIDTH="77" HEIGHT="48" CONTENT="III." WC="1.00" CC="0001"/>
					</TextLine>
				</TextBlock>
				<TextBlock ID="P1_TB00009" HPOS="601" VPOS="1811" WIDTH="567" HEIGHT="48" STYLEREFS="TXT_6 PAR_LEFT">
					<TextLine ID="P1_TL00013" HPOS="601" VPOS="1811" WIDTH="567" HEIGHT="48">
						<String ID="P1_ST00092" HPOS="601" VPOS="1813" WIDTH="44" HEIGHT="45" CONTENT="(I." WC="0.72" CC="502"/>
						<SP ID="P1_SP00077" HPOS="645" VPOS="1858" WIDTH="28"/>
						<String ID="P1_ST00093" HPOS="673" VPOS="1825" WIDTH="29" HEIGHT="24" CONTENT="s." WC="0.52" CC="54"/>
						<SP ID="P1_SP00078" HPOS="702" VPOS="1858" WIDTH="29"/>
						<String ID="P1_ST00094" HPOS="731" VPOS="1814" WIDTH="64" HEIGHT="37" CONTENT="Nr." WC="0.94" CC="806"/>
						<SP ID="P1_SP00079" HPOS="795" VPOS="1858" WIDTH="30"/>
						<String ID="P1_ST00095" HPOS="825" VPOS="1811" WIDTH="61" HEIGHT="38" CONTENT="10." WC="0.82" CC="310"/>
						<SP ID="P1_SP00080" HPOS="886" VPOS="1858" WIDTH="30"/>
						<String ID="P1_ST00096" HPOS="916" VPOS="1814" WIDTH="49" HEIGHT="35" CONTENT="11." WC="0.99" CC="200"/>
						<SP ID="P1_SP00081" HPOS="965" VPOS="1858" WIDTH="31"/>
						<String ID="P1_ST00097" HPOS="996" VPOS="1813" WIDTH="63" HEIGHT="35" CONTENT="Nr." WC="0.97" CC="430"/>
						<SP ID="P1_SP00082" HPOS="1059" VPOS="1858" WIDTH="32"/>
						<String ID="P1_ST00098" HPOS="1091" VPOS="1811" WIDTH="77" HEIGHT="48" CONTENT="II.)" WC="0.97" CC="6420"/>
					</TextLine>
				</TextBlock>
				<TextBlock ID="P1_TB00010" HPOS="117" VPOS="1895" WIDTH="1533" HEIGHT="1853" STYLEREFS="TXT_7 PAR_BLOCK">
					<TextLine ID="P1_TL00014" HPOS="238" VPOS="1895" WIDTH="1409" HEIGHT="65">
						<String ID="P1_ST00099" HPOS="238" VPOS="1895" WIDTH="234" HEIGHT="51" CONTENT="Wiewohl" WC="1.00" CC="0000004"/>
						<SP ID="P1_SP00083" HPOS="472" VPOS="1946" WIDTH="43"/>
						<String ID="P1_ST00100" HPOS="515" VPOS="1912" WIDTH="81" HEIGHT="33" CONTENT="aus" WC="1.00" CC="000"/>
						<SP ID="P1_SP00084" HPOS="596" VPOS="1946" WIDTH="44"/>
						<String ID="P1_ST00101" HPOS="640" VPOS="1895" WIDTH="86" HEIGHT="50" CONTENT="den" WC="0.98" CC="600"/>
						<SP ID="P1_SP00085" HPOS="726" VPOS="1946" WIDTH="44"/>
						<String ID="P1_ST00102" HPOS="770" VPOS="1895" WIDTH="166" HEIGHT="50" CONTENT="beiden" WC="0.99" CC="500000"/>
						<SP ID="P1_SP00086" HPOS="936" VPOS="1946" WIDTH="31"/>
						<String ID="P1_ST00103" HPOS="967" VPOS="1912" WIDTH="442" HEIGHT="48" CONTENT="vorangegangenen" WC="1.00" CC="000060002500105"/>
						<SP ID="P1_SP00087" HPOS="1409" VPOS="1960" WIDTH="32"/>
						<String ID="P1_ST00104" HPOS="1441" VPOS="1895" WIDTH="206" HEIGHT="50" CONTENT="Artikeln" WC="0.99" CC="42620000"/>
					</TextLine>
					<TextLine ID="P1_TL00015" HPOS="118" VPOS="1974" WIDTH="1529" HEIGHT="65">
						<String ID="P1_ST00105" HPOS="118" VPOS="1975" WIDTH="117" HEIGHT="48" CONTENT="über" WC="0.99" CC="0300"/>
						<SP ID="P1_SP00088" HPOS="235" VPOS="2023" WIDTH="38"/>
						<String ID="P1_ST00106" HPOS="273" VPOS="1974" WIDTH="81" HEIGHT="49" CONTENT="das" WC="0.97" CC="402"/>
						<SP ID="P1_SP00089" HPOS="354" VPOS="2023" WIDTH="39"/>
						<String ID="P1_ST00107" HPOS="393" VPOS="1974" WIDTH="353" HEIGHT="65" CONTENT="biographische" WC="1.00" CC="3040100300060"/>
						<SP ID="P1_SP00090" HPOS="746" VPOS="2039" WIDTH="33"/>
						<String ID="P1_ST00108" HPOS="779" VPOS="1974" WIDTH="149" HEIGHT="49" CONTENT="Werk" WC="0.98" CC="6030"/>
						<SP ID="P1_SP00091" HPOS="928" VPOS="2039" WIDTH="43"/>
						<String ID="P1_ST00109" HPOS="971" VPOS="1989" WIDTH="84" HEIGHT="33" CONTENT="von" WC="0.97" CC="034"/>
						<SP ID="P1_SP00092" HPOS="1055" VPOS="2039" WIDTH="30"/>
						<String ID="P1_ST00110" HPOS="1085" VPOS="1974" WIDTH="60" HEIGHT="48" CONTENT="H." WC="0.51" CC="54"/>
						<SP ID="P1_SP00093" HPOS="1145" VPOS="2039" WIDTH="33"/>
						<String ID="P1_ST00111" HPOS="1178" VPOS="1974" WIDTH="198" HEIGHT="47" CONTENT="Rreissle" WC="0.79" CC="74000040"/>
						<SP ID="P1_SP00094" HPOS="1376" VPOS="2039" WIDTH="29"/>
						<String ID="P1_ST00112" HPOS="1405" VPOS="1990" WIDTH="86" HEIGHT="32" CONTENT="von" WC="0.98" CC="015"/>
						<SP ID="P1_SP00095" HPOS="1491" VPOS="2039" WIDTH="30"/>
						<String ID="P1_ST00113" HPOS="1521" VPOS="1974" WIDTH="101" HEIGHT="48" CONTENT="Hell" SUBS_TYPE="HypPart1" SUBS_CONTENT="Hellborn" WC="0.98" CC="5070"/>
						<HYP HPOS="1622" VPOS="1974" WIDTH="25" CONTENT="-"/>
					</TextLine>
					<TextLine ID="P1_TL00016" HPOS="118" VPOS="2050" WIDTH="1529" HEIGHT="66">
						<String ID="P1_ST00114" HPOS="118" VPOS="2053" WIDTH="118" HEIGHT="48" CONTENT="born" SUBS_TYPE="HypPart2" SUBS_CONTENT="Hellborn" WC="0.96" CC="6505"/>
						<SP ID="P1_SP00096" HPOS="236" VPOS="2101" WIDTH="29"/>
						<String ID="P1_ST00115" HPOS="265" VPOS="2051" WIDTH="276" HEIGHT="65" CONTENT="hinlänglich" WC="0.99" CC="20600030206"/>
						<SP ID="P1_SP00097" HPOS="541" VPOS="2116" WIDTH="30"/>
						<String ID="P1_ST00116" HPOS="571" VPOS="2051" WIDTH="295" HEIGHT="64" CONTENT="hervorgeht," WC="1.00" CC="30200200400"/>
						<SP ID="P1_SP00098" HPOS="866" VPOS="2116" WIDTH="29"/>
						<String ID="P1_ST00117" HPOS="895" VPOS="2050" WIDTH="175" HEIGHT="50" CONTENT="welche" WC="1.00" CC="000000"/>
						<SP ID="P1_SP00099" HPOS="1070" VPOS="2116" WIDTH="24"/>
						<String ID="P1_ST00118" HPOS="1094" VPOS="2050" WIDTH="300" HEIGHT="50" CONTENT="Theilnahme" WC="0.81" CC="6000560000"/>
						<SP ID="P1_SP00100" HPOS="1394" VPOS="2116" WIDTH="24"/>
						<String ID="P1_ST00119" HPOS="1418" VPOS="2051" WIDTH="79" HEIGHT="49" CONTENT="das" WC="1.00" CC="000"/>
						<SP ID="P1_SP00101" HPOS="1497" VPOS="2116" WIDTH="24"/>
						<String ID="P1_ST00120" HPOS="1521" VPOS="2051" WIDTH="126" HEIGHT="49" CONTENT="Buch" WC="1.00" CC="0000"/>
					</TextLine>
					<TextLine ID="P1_TL00017" HPOS="117" VPOS="2130" WIDTH="1532" HEIGHT="62">
						<String ID="P1_ST00121" HPOS="117" VPOS="2133" WIDTH="44" HEIGHT="47" CONTENT="in" WC="1.00" CC="00"/>
						<SP ID="P1_SP00102" HPOS="161" VPOS="2180" WIDTH="32"/>
						<String ID="P1_ST00122" HPOS="193" VPOS="2130" WIDTH="80" HEIGHT="48" CONTENT="der" WC="0.99" CC="002"/>
						<SP ID="P1_SP00103" HPOS="273" VPOS="2180" WIDTH="30"/>
						<String ID="P1_ST00123" HPOS="303" VPOS="2130" WIDTH="346" HEIGHT="48" CONTENT="musicalischen" WC="1.00" CC="0200000000000"/>
						<SP ID="P1_SP00104" HPOS="649" VPOS="2180" WIDTH="21"/>
						<String ID="P1_ST00124" HPOS="670" VPOS="2130" WIDTH="226" HEIGHT="47" CONTENT="Lesewelt" WC="0.99" CC="00000074"/>
						<SP ID="P1_SP00105" HPOS="896" VPOS="2180" WIDTH="22"/>
						<String ID="P1_ST00125" HPOS="918" VPOS="2145" WIDTH="192" HEIGHT="47" CONTENT="erregen" WC="0.99" CC="0900006"/>
						<SP ID="P1_SP00106" HPOS="1110" VPOS="2192" WIDTH="33"/>
						<String ID="P1_ST00126" HPOS="1143" VPOS="2145" WIDTH="137" HEIGHT="40" CONTENT="muss," WC="0.95" CC="00020"/>
						<SP ID="P1_SP00107" HPOS="1280" VPOS="2192" WIDTH="25"/>
						<String ID="P1_ST00127" HPOS="1305" VPOS="2145" WIDTH="48" HEIGHT="32" CONTENT="so" WC="0.66" CC="33"/>
						<SP ID="P1_SP00108" HPOS="1353" VPOS="2192" WIDTH="26"/>
						<String ID="P1_ST00128" HPOS="1379" VPOS="2130" WIDTH="160" HEIGHT="48" CONTENT="wollen" WC="0.99" CC="001504"/>
						<SP ID="P1_SP00109" HPOS="1539" VPOS="2192" WIDTH="28"/>
						<String ID="P1_ST00129" HPOS="1567" VPOS="2131" WIDTH="82" HEIGHT="46" CONTENT="wir" WC="1.00" CC="000"/>
					</TextLine>
					<TextLine ID="P1_TL00018" HPOS="119" VPOS="2206" WIDTH="1525" HEIGHT="65">
						<String ID="P1_ST00130" HPOS="119" VPOS="2208" WIDTH="116" HEIGHT="48" CONTENT="doch" WC="0.99" CC="0004"/>
						<SP ID="P1_SP00110" HPOS="235" VPOS="2256" WIDTH="30"/>
						<String ID="P1_ST00131" HPOS="265" VPOS="2223" WIDTH="102" HEIGHT="32" CONTENT="zum" WC="0.97" CC="051"/>
						<SP ID="P1_SP00111" HPOS="367" VPOS="2256" WIDTH="29"/>
						<String ID="P1_ST00132" HPOS="396" VPOS="2208" WIDTH="268" HEIGHT="47" CONTENT="Beschlüsse" WC="1.00" CC="7000001520"/>
						<SP ID="P1_SP00112" HPOS="664" VPOS="2256" WIDTH="30"/>
						<String ID="P1_ST00133" HPOS="694" VPOS="2206" WIDTH="117" HEIGHT="49" CONTENT="noch" WC="0.98" CC="2060"/>
						<SP ID="P1_SP00113" HPOS="811" VPOS="2256" WIDTH="38"/>
						<String ID="P1_ST00134" HPOS="849" VPOS="2206" WIDTH="146" HEIGHT="65" CONTENT="einige" WC="1.00" CC="000200"/>
						<SP ID="P1_SP00114" HPOS="995" VPOS="2271" WIDTH="31"/>
						<String ID="P1_ST00135" HPOS="1026" VPOS="2206" WIDTH="170" HEIGHT="49" CONTENT="Stellen" WC="0.99" CC="5401600"/>
						<SP ID="P1_SP00115" HPOS="1196" VPOS="2271" WIDTH="30"/>
						<String ID="P1_ST00136" HPOS="1226" VPOS="2223" WIDTH="80" HEIGHT="30" CONTENT="aus" WC="0.98" CC="301"/>
						<SP ID="P1_SP00116" HPOS="1306" VPOS="2271" WIDTH="30"/>
						<String ID="P1_ST00137" HPOS="1336" VPOS="2206" WIDTH="101" HEIGHT="49" CONTENT="dem" WC="1.00" CC="000"/>
						<SP ID="P1_SP00117" HPOS="1437" VPOS="2271" WIDTH="32"/>
						<String ID="P1_ST00138" HPOS="1469" VPOS="2208" WIDTH="150" HEIGHT="47" CONTENT="sieben" SUBS_TYPE="HypPart1" SUBS_CONTENT="siebenzehnten" WC="0.99" CC="500101"/>
						<HYP HPOS="1619" VPOS="2208" WIDTH="25" CONTENT="-"/>
					</TextLine>
					<TextLine ID="P1_TL00019" HPOS="118" VPOS="2283" WIDTH="1530" HEIGHT="57">
						<String ID="P1_ST00139" HPOS="118" VPOS="2284" WIDTH="191" HEIGHT="48" CONTENT="zehnten" SUBS_TYPE="HypPart2" SUBS_CONTENT="siebenzehnten" WC="0.99" CC="2066300"/>
						<SP ID="P1_SP00118" HPOS="309" VPOS="2332" WIDTH="32"/>
						<String ID="P1_ST00140" HPOS="341" VPOS="2284" WIDTH="272" HEIGHT="48" CONTENT="Abschnitte" WC="0.99" CC="4200560560"/>
						<SP ID="P1_SP00119" HPOS="613" VPOS="2332" WIDTH="28"/>
						<String ID="P1_ST00141" HPOS="641" VPOS="2283" WIDTH="262" HEIGHT="48" CONTENT="desselben:" WC="1.00" CC="8000011010"/>
						<SP ID="P1_SP00120" HPOS="903" VPOS="2332" WIDTH="41"/>
						<String ID="P1_ST00142" HPOS="944" VPOS="2284" WIDTH="135" HEIGHT="56" CONTENT="„Zur" WC="0.98" CC="6002"/>
						<SP ID="P1_SP00121" HPOS="1079" VPOS="2340" WIDTH="39"/>
						<String ID="P1_ST00143" HPOS="1118" VPOS="2283" WIDTH="530" HEIGHT="55" CONTENT='Charakteristik",' WC="1.00" CC="7601000100050030"/>
					</TextLine>
					<TextLine ID="P1_TL00020" HPOS="119" VPOS="2360" WIDTH="1528" HEIGHT="57">
						<String ID="P1_ST00144" HPOS="119" VPOS="2361" WIDTH="251" HEIGHT="55" CONTENT="anführen," WC="0.99" CC="300040031"/>
						<SP ID="P1_SP00122" HPOS="370" VPOS="2416" WIDTH="50"/>
						<String ID="P1_ST00145" HPOS="420" VPOS="2361" WIDTH="100" HEIGHT="49" CONTENT="weil" WC="1.00" CC="0000"/>
						<SP ID="P1_SP00123" HPOS="520" VPOS="2416" WIDTH="49"/>
						<String ID="P1_ST00146" HPOS="569" VPOS="2361" WIDTH="78" HEIGHT="55" CONTENT="sie," WC="0.99" CC="3002"/>
						<SP ID="P1_SP00124" HPOS="647" VPOS="2416" WIDTH="47"/>
						<String ID="P1_ST00147" HPOS="694" VPOS="2360" WIDTH="334" HEIGHT="48" CONTENT="anschliessend" WC="1.00" CC="5600504000050"/>
						<SP ID="P1_SP00125" HPOS="1028" VPOS="2416" WIDTH="43"/>
						<String ID="P1_ST00148" HPOS="1071" VPOS="2378" WIDTH="56" HEIGHT="30" CONTENT="an" WC="0.30" CC="67"/>
						<SP ID="P1_SP00126" HPOS="1127" VPOS="2416" WIDTH="44"/>
						<String ID="P1_ST00149" HPOS="1171" VPOS="2361" WIDTH="95" HEIGHT="56" CONTENT="das," WC="1.00" CC="0000"/>
						<SP ID="P1_SP00127" HPOS="1266" VPOS="2417" WIDTH="57"/>
						<String ID="P1_ST00150" HPOS="1323" VPOS="2378" WIDTH="93" HEIGHT="32" CONTENT="was" WC="1.00" CC="000"/>
						<SP ID="P1_SP00128" HPOS="1416" VPOS="2417" WIDTH="44"/>
						<String ID="P1_ST00151" HPOS="1460" VPOS="2365" WIDTH="187" HEIGHT="45" CONTENT="Anton" WC="0.99" CC="42030"/>
					</TextLine>
					<TextLine ID="P1_TL00021" HPOS="120" VPOS="2437" WIDTH="1529" HEIGHT="65">
						<String ID="P1_ST00152" HPOS="120" VPOS="2437" WIDTH="305" HEIGHT="51" CONTENT="Schindler" WC="1.00" CC="512000003"/>
						<SP ID="P1_SP00129" HPOS="425" VPOS="2488" WIDTH="48"/>
						<String ID="P1_ST00153" HPOS="473" VPOS="2439" WIDTH="43" HEIGHT="47" CONTENT="in" WC="0.76" CC="04"/>
						<SP ID="P1_SP00130" HPOS="516" VPOS="2488" WIDTH="50"/>
						<String ID="P1_ST00154" HPOS="566" VPOS="2437" WIDTH="151" HEIGHT="49" CONTENT="diesen" WC="0.99" CC="025006"/>
						<SP ID="P1_SP00131" HPOS="717" VPOS="2488" WIDTH="51"/>
						<String ID="P1_ST00155" HPOS="768" VPOS="2439" WIDTH="202" HEIGHT="48" CONTENT="Blättern" WC="0.99" CC="26165020"/>
						<SP ID="P1_SP00132" HPOS="970" VPOS="2488" WIDTH="48"/>
						<String ID="P1_ST00156" HPOS="1018" VPOS="2439" WIDTH="259" HEIGHT="63" CONTENT="(Jahrgang" WC="1.00" CC="440030000"/>
						<SP ID="P1_SP00133" HPOS="1277" VPOS="2502" WIDTH="45"/>
						<String ID="P1_ST00157" HPOS="1322" VPOS="2437" WIDTH="161" HEIGHT="65" CONTENT="1857)" WC="0.51" CC="11677"/>
						<SP ID="P1_SP00134" HPOS="1483" VPOS="2502" WIDTH="52"/>
						<String ID="P1_ST00158" HPOS="1535" VPOS="2440" WIDTH="114" HEIGHT="47" CONTENT="über" WC="0.99" CC="0300"/>
					</TextLine>
					<TextLine ID="P1_TL00022" HPOS="122" VPOS="2515" WIDTH="1525" HEIGHT="66">
						<String ID="P1_ST00159" HPOS="122" VPOS="2515" WIDTH="231" HEIGHT="51" CONTENT="Schubert" WC="1.00" CC="30400002"/>
						<SP ID="P1_SP00135" HPOS="353" VPOS="2566" WIDTH="21"/>
						<String ID="P1_ST00160" HPOS="374" VPOS="2524" WIDTH="178" HEIGHT="57" CONTENT="gesagt," WC="0.98" CC="9230053"/>
						<SP ID="P1_SP00136" HPOS="552" VPOS="2581" WIDTH="29"/>
						<String ID="P1_ST00161" HPOS="581" VPOS="2516" WIDTH="83" HEIGHT="48" CONTENT="auf" WC="0.98" CC="040"/>
						<SP ID="P1_SP00137" HPOS="664" VPOS="2581" WIDTH="25"/>
						<String ID="P1_ST00162" HPOS="689" VPOS="2515" WIDTH="290" HEIGHT="49" CONTENT="mündlichen" WC="1.00" CC="0000000307"/>
						<SP ID="P1_SP00138" HPOS="979" VPOS="2581" WIDTH="26"/>
						<String ID="P1_ST00163" HPOS="1005" VPOS="2515" WIDTH="92" HEIGHT="48" CONTENT="und" WC="0.96" CC="640"/>
						<SP ID="P1_SP00139" HPOS="1097" VPOS="2581" WIDTH="21"/>
						<String ID="P1_ST00164" HPOS="1118" VPOS="2516" WIDTH="304" HEIGHT="48" CONTENT="schriftlichen" WC="0.99" CC="0065036100205"/>
						<SP ID="P1_SP00140" HPOS="1422" VPOS="2581" WIDTH="25"/>
						<String ID="P1_ST00165" HPOS="1447" VPOS="2517" WIDTH="175" HEIGHT="49" CONTENT="Mitthei" SUBS_TYPE="HypPart1" SUBS_CONTENT="Mittheilungen" WC="0.99" CC="0056500"/>
						<HYP HPOS="1622" VPOS="2517" WIDTH="25" CONTENT="-"/>
					</TextLine>
					<TextLine ID="P1_TL00023" HPOS="122" VPOS="2595" WIDTH="1525" HEIGHT="65">
						<String ID="P1_ST00166" HPOS="122" VPOS="2596" WIDTH="170" HEIGHT="64" CONTENT="lungen" SUBS_TYPE="HypPart2" SUBS_CONTENT="Mittheilungen" WC="0.99" CC="011004"/>
						<SP ID="P1_SP00141" HPOS="292" VPOS="2660" WIDTH="29"/>
						<String ID="P1_ST00167" HPOS="321" VPOS="2595" WIDTH="81" HEIGHT="48" CONTENT="der" WC="0.98" CC="006"/>
						<SP ID="P1_SP00142" HPOS="402" VPOS="2660" WIDTH="29"/>
						<String ID="P1_ST00168" HPOS="431" VPOS="2610" WIDTH="263" HEIGHT="50" CONTENT="genaueren" WC="0.99" CC="900000106"/>
						<SP ID="P1_SP00143" HPOS="694" VPOS="2660" WIDTH="32"/>
						<String ID="P1_ST00169" HPOS="726" VPOS="2595" WIDTH="215" HEIGHT="48" CONTENT="Freunde" WC="1.00" CC="0003100"/>
						<SP ID="P1_SP00144" HPOS="941" VPOS="2660" WIDTH="28"/>
						<String ID="P1_ST00170" HPOS="969" VPOS="2595" WIDTH="285" HEIGHT="48" CONTENT="Schubert's:" WC="0.78" CC="40464003000"/>
						<SP ID="P1_SP00145" HPOS="1254" VPOS="2660" WIDTH="38"/>
						<String ID="P1_ST00171" HPOS="1292" VPOS="2596" WIDTH="214" HEIGHT="64" CONTENT="Spaun," WC="0.89" CC="000050"/>
						<SP ID="P1_SP00146" HPOS="1506" VPOS="2660" WIDTH="43"/>
						<String ID="P1_ST00172" HPOS="1549" VPOS="2611" WIDTH="98" HEIGHT="33" CONTENT="von" WC="0.96" CC="036"/>
					</TextLine>
					<TextLine ID="P1_TL00024" HPOS="123" VPOS="2672" WIDTH="1523" HEIGHT="65">
						<String ID="P1_ST00173" HPOS="123" VPOS="2672" WIDTH="284" HEIGHT="58" CONTENT="Schober," WC="0.99" CC="40405000"/>
						<SP ID="P1_SP00147" HPOS="407" VPOS="2730" WIDTH="42"/>
						<String ID="P1_ST00174" HPOS="449" VPOS="2672" WIDTH="436" HEIGHT="56" CONTENT="Sonnleithner," WC="0.78" CC="5230001040053"/>
						<SP ID="P1_SP00148" HPOS="885" VPOS="2730" WIDTH="43"/>
						<String ID="P1_ST00175" HPOS="928" VPOS="2672" WIDTH="420" HEIGHT="65" CONTENT="Kupelwieser," WC="0.96" CC="000000000012"/>
						<SP ID="P1_SP00149" HPOS="1348" VPOS="2737" WIDTH="40"/>
						<String ID="P1_ST00176" HPOS="1388" VPOS="2674" WIDTH="222" HEIGHT="47" CONTENT="Bauern" SUBS_TYPE="HypPart1" SUBS_CONTENT="Bauernfeld," WC="0.99" CC="600034"/>
						<HYP HPOS="1610" VPOS="2674" WIDTH="36" CONTENT="-"/>
					</TextLine>
					<TextLine ID="P1_TL00025" HPOS="124" VPOS="2750" WIDTH="1522" HEIGHT="67">
						<String ID="P1_ST00177" HPOS="124" VPOS="2750" WIDTH="140" HEIGHT="56" CONTENT="feld," SUBS_TYPE="HypPart2" SUBS_CONTENT="Bauernfeld," WC="0.99" CC="20010"/>
						<SP ID="P1_SP00150" HPOS="264" VPOS="2806" WIDTH="29"/>
						<String ID="P1_ST00178" HPOS="293" VPOS="2751" WIDTH="361" HEIGHT="66" CONTENT="Mayrhofer," WC="0.93" CC="0030000010"/>
						<SP ID="P1_SP00151" HPOS="654" VPOS="2817" WIDTH="30"/>
						<String ID="P1_ST00179" HPOS="684" VPOS="2751" WIDTH="234" HEIGHT="48" CONTENT="Stadler" WC="0.98" CC="1550703"/>
						<SP ID="P1_SP00152" HPOS="918" VPOS="2817" WIDTH="39"/>
						<String ID="P1_ST00180" HPOS="957" VPOS="2750" WIDTH="92" HEIGHT="49" CONTENT="und" WC="1.00" CC="000"/>
						<SP ID="P1_SP00153" HPOS="1049" VPOS="2817" WIDTH="31"/>
						<String ID="P1_ST00181" HPOS="1080" VPOS="2752" WIDTH="158" HEIGHT="47" CONTENT="Anna" WC="0.99" CC="4000"/>
						<SP ID="P1_SP00154" HPOS="1238" VPOS="2817" WIDTH="32"/>
						<String ID="P1_ST00182" HPOS="1270" VPOS="2751" WIDTH="266" HEIGHT="48" CONTENT="Fröhlich" WC="0.99" CC="30026200"/>
						<SP ID="P1_SP00155" HPOS="1536" VPOS="2817" WIDTH="35"/>
						<String ID="P1_ST00183" HPOS="1571" VPOS="2751" WIDTH="50" HEIGHT="48" CONTENT="be" SUBS_TYPE="HypPart1" SUBS_CONTENT="beruhen" WC="0.98" CC="40"/>
						<HYP HPOS="1621" VPOS="2751" WIDTH="25" CONTENT="-"/>
					</TextLine>
					<TextLine ID="P1_TL00026" HPOS="124" VPOS="2829" WIDTH="1524" HEIGHT="64">
						<String ID="P1_ST00184" HPOS="124" VPOS="2830" WIDTH="146" HEIGHT="48" CONTENT="ruhen" SUBS_TYPE="HypPart2" SUBS_CONTENT="beruhen" WC="0.98" CC="05605"/>
						<SP ID="P1_SP00156" HPOS="270" VPOS="2878" WIDTH="23"/>
						<String ID="P1_ST00185" HPOS="293" VPOS="2829" WIDTH="94" HEIGHT="48" CONTENT="und" WC="0.96" CC="308"/>
						<SP ID="P1_SP00157" HPOS="387" VPOS="2878" WIDTH="23"/>
						<String ID="P1_ST00186" HPOS="410" VPOS="2845" WIDTH="72" HEIGHT="33" CONTENT="am" WC="1.00" CC="00"/>
						<SP ID="P1_SP00158" HPOS="482" VPOS="2878" WIDTH="27"/>
						<String ID="P1_ST00187" HPOS="509" VPOS="2829" WIDTH="155" HEIGHT="48" CONTENT="besten" WC="0.98" CC="510516"/>
						<SP ID="P1_SP00159" HPOS="664" VPOS="2878" WIDTH="24"/>
						<String ID="P1_ST00188" HPOS="688" VPOS="2829" WIDTH="212" HEIGHT="64" CONTENT="geeignet" WC="0.99" CC="02009103"/>
						<SP ID="P1_SP00160" HPOS="900" VPOS="2893" WIDTH="22"/>
						<String ID="P1_ST00189" HPOS="922" VPOS="2829" WIDTH="115" HEIGHT="54" CONTENT="sind," WC="1.00" CC="00300"/>
						<SP ID="P1_SP00161" HPOS="1037" VPOS="2893" WIDTH="26"/>
						<String ID="P1_ST00190" HPOS="1063" VPOS="2829" WIDTH="254" HEIGHT="48" CONTENT="Unwahres" WC="0.99" CC="37002000"/>
						<SP ID="P1_SP00162" HPOS="1317" VPOS="2893" WIDTH="24"/>
						<String ID="P1_ST00191" HPOS="1341" VPOS="2829" WIDTH="109" HEIGHT="48" CONTENT="oder" WC="1.00" CC="0000"/>
						<SP ID="P1_SP00163" HPOS="1450" VPOS="2893" WIDTH="24"/>
						<String ID="P1_ST00192" HPOS="1474" VPOS="2829" WIDTH="145" HEIGHT="49" CONTENT="Ueber" SUBS_TYPE="HypPart1" SUBS_CONTENT="Uebertriebenes" WC="0.73" CC="00606"/>
						<HYP HPOS="1619" VPOS="2829" WIDTH="29" CONTENT="-"/>
					</TextLine>
					<TextLine ID="P1_TL00027" HPOS="124" VPOS="2909" WIDTH="682" HEIGHT="63">
						<String ID="P1_ST00193" HPOS="124" VPOS="2909" WIDTH="226" HEIGHT="47" CONTENT="triebenes" SUBS_TYPE="HypPart2" SUBS_CONTENT="Uebertriebenes" WC="0.92" CC="200000300"/>
						<SP ID="P1_SP00164" HPOS="350" VPOS="2956" WIDTH="29"/>
						<String ID="P1_ST00194" HPOS="379" VPOS="2925" WIDTH="52" HEIGHT="31" CONTENT="zu" WC="0.66" CC="60"/>
						<SP ID="P1_SP00165" HPOS="431" VPOS="2956" WIDTH="33"/>
						<String ID="P1_ST00195" HPOS="464" VPOS="2909" WIDTH="296" HEIGHT="63" CONTENT="berichtigen." WC="0.99" CC="606006500030"/>
						<SP ID="P1_SP00166" HPOS="760" VPOS="2972" WIDTH="40"/>
						<String ID="P1_ST00196" HPOS="800" VPOS="2949" WIDTH="6" HEIGHT="5" CONTENT="." WC="0.30" CC="6"/>
					</TextLine>
					<TextLine ID="P1_TL00028" HPOS="238" VPOS="2986" WIDTH="1412" HEIGHT="62">
						<String ID="P1_ST00197" HPOS="238" VPOS="2986" WIDTH="88" HEIGHT="47" CONTENT="Die" WC="0.97" CC="150"/>
						<SP ID="P1_SP00167" HPOS="326" VPOS="3033" WIDTH="47"/>
						<String ID="P1_ST00198" HPOS="373" VPOS="2990" WIDTH="183" HEIGHT="44" CONTENT="äussere" WC="0.98" CC="9600060"/>
						<SP ID="P1_SP00168" HPOS="556" VPOS="3034" WIDTH="44"/>
						<String ID="P1_ST00199" HPOS="600" VPOS="2986" WIDTH="318" HEIGHT="62" CONTENT="Erscheinung" WC="1.00" CC="00002013060"/>
						<SP ID="P1_SP00169" HPOS="918" VPOS="3048" WIDTH="49"/>
						<String ID="P1_ST00200" HPOS="967" VPOS="3001" WIDTH="184" HEIGHT="32" CONTENT="unseres" WC="0.99" CC="6000402"/>
						<SP ID="P1_SP00170" HPOS="1151" VPOS="3048" WIDTH="50"/>
						<String ID="P1_ST00201" HPOS="1201" VPOS="2986" WIDTH="298" HEIGHT="47" CONTENT="Tondichters" WC="1.00" CC="02090003000"/>
						<SP ID="P1_SP00171" HPOS="1499" VPOS="3048" WIDTH="56"/>
						<String ID="P1_ST00202" HPOS="1555" VPOS="3001" WIDTH="95" HEIGHT="32" CONTENT="war" WC="1.00" CC="000"/>
					</TextLine>
					<TextLine ID="P1_TL00029" HPOS="125" VPOS="3062" WIDTH="1524" HEIGHT="66">
						<String ID="P1_ST00203" HPOS="125" VPOS="3062" WIDTH="143" HEIGHT="50" CONTENT="nichts" WC="0.98" CC="600260"/>
						<SP ID="P1_SP00172" HPOS="268" VPOS="3112" WIDTH="29"/>
						<String ID="P1_ST00204" HPOS="297" VPOS="3064" WIDTH="203" HEIGHT="64" CONTENT="weniger" WC="0.99" CC="0070900"/>
						<SP ID="P1_SP00173" HPOS="500" VPOS="3128" WIDTH="28"/>
						<String ID="P1_ST00205" HPOS="528" VPOS="3065" WIDTH="63" HEIGHT="47" CONTENT="als" WC="0.98" CC="060"/>
						<SP ID="P1_SP00174" HPOS="591" VPOS="3128" WIDTH="30"/>
						<String ID="P1_ST00206" HPOS="621" VPOS="3062" WIDTH="265" HEIGHT="50" CONTENT="anziehend." WC="0.99" CC="4640000004"/>
						<SP ID="P1_SP00175" HPOS="886" VPOS="3128" WIDTH="53"/>
						<String ID="P1_ST00207" HPOS="939" VPOS="3062" WIDTH="106" HEIGHT="49" CONTENT="Sein" WC="0.99" CC="0006"/>
						<SP ID="P1_SP00176" HPOS="1045" VPOS="3128" WIDTH="43"/>
						<String ID="P1_ST00208" HPOS="1088" VPOS="3062" WIDTH="183" HEIGHT="54" CONTENT="rundes," WC="0.99" CC="4650002"/>
						<SP ID="P1_SP00177" HPOS="1271" VPOS="3128" WIDTH="42"/>
						<String ID="P1_ST00209" HPOS="1313" VPOS="3062" WIDTH="166" HEIGHT="54" CONTENT="dickes," WC="1.00" CC="0000110"/>
						<SP ID="P1_SP00178" HPOS="1479" VPOS="3128" WIDTH="31"/>
						<String ID="P1_ST00210" HPOS="1510" VPOS="3070" WIDTH="139" HEIGHT="39" CONTENT="etwas" WC="1.00" CC="00020"/>
					</TextLine>
					<TextLine ID="P1_TL00030" HPOS="124" VPOS="3141" WIDTH="1523" HEIGHT="66">
						<String ID="P1_ST00211" HPOS="124" VPOS="3141" WIDTH="367" HEIGHT="66" CONTENT="aufgedunsenes" WC="1.00" CC="4000000610601"/>
						<SP ID="P1_SP00179" HPOS="491" VPOS="3207" WIDTH="32"/>
						<String ID="P1_ST00212" HPOS="523" VPOS="3142" WIDTH="198" HEIGHT="54" CONTENT="Gesicht," WC="1.00" CC="10000620"/>
						<SP ID="P1_SP00180" HPOS="721" VPOS="3207" WIDTH="32"/>
						<String ID="P1_ST00213" HPOS="753" VPOS="3141" WIDTH="70" HEIGHT="48" CONTENT="die" WC="0.97" CC="080"/>
						<SP ID="P1_SP00181" HPOS="823" VPOS="3207" WIDTH="29"/>
						<String ID="P1_ST00214" HPOS="852" VPOS="3141" WIDTH="184" HEIGHT="48" CONTENT="niedere" WC="1.00" CC="0000050"/>
						<SP ID="P1_SP00182" HPOS="1036" VPOS="3207" WIDTH="30"/>
						<String ID="P1_ST00215" HPOS="1066" VPOS="3142" WIDTH="139" HEIGHT="54" CONTENT="Stirn," WC="0.99" CC="056200"/>
						<SP ID="P1_SP00183" HPOS="1205" VPOS="3207" WIDTH="38"/>
						<String ID="P1_ST00216" HPOS="1243" VPOS="3141" WIDTH="71" HEIGHT="47" CONTENT="die" WC="1.00" CC="000"/>
						<SP ID="P1_SP00184" HPOS="1314" VPOS="3207" WIDTH="29"/>
						<String ID="P1_ST00217" HPOS="1343" VPOS="3141" WIDTH="277" HEIGHT="64" CONTENT="aufgeworfe" SUBS_TYPE="HypPart1" SUBS_CONTENT="aufgeworfenen" WC="1.00" CC="0200000490"/>
						<HYP HPOS="1620" VPOS="3141" WIDTH="27" CONTENT="-"/>
					</TextLine>
					<TextLine ID="P1_TL00031" HPOS="124" VPOS="3217" WIDTH="1524" HEIGHT="68">
						<String ID="P1_ST00218" HPOS="124" VPOS="3235" WIDTH="86" HEIGHT="32" CONTENT="nen" SUBS_TYPE="HypPart2" SUBS_CONTENT="aufgeworfenen" WC="0.97" CC="502"/>
						<SP ID="P1_SP00185" HPOS="210" VPOS="3267" WIDTH="42"/>
						<String ID="P1_ST00219" HPOS="252" VPOS="3220" WIDTH="195" HEIGHT="65" CONTENT="Lippen," WC="1.00" CC="0000410"/>
						<SP ID="P1_SP00186" HPOS="447" VPOS="3285" WIDTH="43"/>
						<String ID="P1_ST00220" HPOS="490" VPOS="3220" WIDTH="249" HEIGHT="63" CONTENT="buschigen" WC="1.00" CC="000032000"/>
						<SP ID="P1_SP00187" HPOS="739" VPOS="3285" WIDTH="33"/>
						<String ID="P1_ST00221" HPOS="772" VPOS="3219" WIDTH="363" HEIGHT="63" CONTENT="Augenbrauen," WC="0.99" CC="769011200054"/>
						<SP ID="P1_SP00188" HPOS="1135" VPOS="3285" WIDTH="43"/>
						<String ID="P1_ST00222" HPOS="1178" VPOS="3217" WIDTH="71" HEIGHT="49" CONTENT="die" WC="0.98" CC="050"/>
						<SP ID="P1_SP00189" HPOS="1249" VPOS="3285" WIDTH="42"/>
						<String ID="P1_ST00223" HPOS="1291" VPOS="3219" WIDTH="197" HEIGHT="62" CONTENT="stumpfe" WC="0.99" CC="0531900"/>
						<SP ID="P1_SP00190" HPOS="1488" VPOS="3285" WIDTH="38"/>
						<String ID="P1_ST00224" HPOS="1526" VPOS="3217" WIDTH="122" HEIGHT="49" CONTENT="Nase" WC="1.00" CC="0000"/>
					</TextLine>
					<TextLine ID="P1_TL00032" HPOS="124" VPOS="3296" WIDTH="1524" HEIGHT="67">
						<String ID="P1_ST00225" HPOS="124" VPOS="3297" WIDTH="90" HEIGHT="49" CONTENT="und" WC="0.98" CC="040"/>
						<SP ID="P1_SP00191" HPOS="214" VPOS="3346" WIDTH="32"/>
						<String ID="P1_ST00226" HPOS="246" VPOS="3299" WIDTH="79" HEIGHT="48" CONTENT="das" WC="1.00" CC="000"/>
						<SP ID="P1_SP00192" HPOS="325" VPOS="3347" WIDTH="30"/>
						<String ID="P1_ST00227" HPOS="355" VPOS="3299" WIDTH="288" HEIGHT="64" CONTENT="gekräuselte" WC="0.99" CC="90038240150"/>
						<SP ID="P1_SP00193" HPOS="643" VPOS="3363" WIDTH="31"/>
						<String ID="P1_ST00228" HPOS="674" VPOS="3299" WIDTH="128" HEIGHT="47" CONTENT="Haar" WC="0.97" CC="6024"/>
						<SP ID="P1_SP00194" HPOS="802" VPOS="3363" WIDTH="42"/>
						<String ID="P1_ST00229" HPOS="844" VPOS="3297" WIDTH="149" HEIGHT="64" CONTENT="gaben" WC="0.99" CC="00305"/>
						<SP ID="P1_SP00195" HPOS="993" VPOS="3363" WIDTH="38"/>
						<String ID="P1_ST00230" HPOS="1031" VPOS="3297" WIDTH="169" HEIGHT="47" CONTENT="seinem" WC="0.98" CC="406405"/>
						<SP ID="P1_SP00196" HPOS="1200" VPOS="3363" WIDTH="33"/>
						<String ID="P1_ST00231" HPOS="1233" VPOS="3296" WIDTH="146" HEIGHT="65" CONTENT="Kopfe" WC="0.99" CC="52000"/>
						<SP ID="P1_SP00197" HPOS="1379" VPOS="3363" WIDTH="39"/>
						<String ID="P1_ST00232" HPOS="1418" VPOS="3296" WIDTH="69" HEIGHT="47" CONTENT="ein" WC="0.95" CC="507"/>
						<SP ID="P1_SP00198" HPOS="1487" VPOS="3363" WIDTH="32"/>
						<String ID="P1_ST00233" HPOS="1519" VPOS="3297" WIDTH="97" HEIGHT="46" CONTENT="moh" SUBS_TYPE="HypPart1" SUBS_CONTENT="mohrenartiges" WC="0.98" CC="025"/>
						<HYP HPOS="1616" VPOS="3297" WIDTH="32" CONTENT="-"/>
					</TextLine>
					<TextLine ID="P1_TL00033" HPOS="124" VPOS="3373" WIDTH="1526" HEIGHT="68">
						<String ID="P1_ST00234" HPOS="124" VPOS="3377" WIDTH="253" HEIGHT="64" CONTENT="renartiges" SUBS_TYPE="HypPart2" SUBS_CONTENT="mohrenartiges" WC="0.99" CC="3070230002"/>
						<SP ID="P1_SP00199" HPOS="377" VPOS="3441" WIDTH="29"/>
						<String ID="P1_ST00235" HPOS="406" VPOS="3376" WIDTH="257" HEIGHT="56" CONTENT="Aussehen," WC="0.99" CC="064305042"/>
						<SP ID="P1_SP00200" HPOS="663" VPOS="3441" WIDTH="31"/>
						<String ID="P1_ST00236" HPOS="694" VPOS="3376" WIDTH="156" HEIGHT="48" CONTENT="womit" WC="1.00" CC="01000"/>
						<SP ID="P1_SP00201" HPOS="850" VPOS="3441" WIDTH="30"/>
						<String ID="P1_ST00237" HPOS="880" VPOS="3376" WIDTH="115" HEIGHT="47" CONTENT="auch" WC="0.99" CC="0400"/>
						<SP ID="P1_SP00202" HPOS="995" VPOS="3441" WIDTH="31"/>
						<String ID="P1_ST00238" HPOS="1026" VPOS="3375" WIDTH="71" HEIGHT="47" CONTENT="die" WC="0.96" CC="900"/>
						<SP ID="P1_SP00203" HPOS="1097" VPOS="3441" WIDTH="30"/>
						<String ID="P1_ST00239" HPOS="1127" VPOS="3375" WIDTH="82" HEIGHT="47" CONTENT="auf" WC="0.99" CC="020"/>
						<SP ID="P1_SP00204" HPOS="1209" VPOS="3441" WIDTH="22"/>
						<String ID="P1_ST00240" HPOS="1231" VPOS="3376" WIDTH="101" HEIGHT="46" CONTENT="dem" WC="1.00" CC="000"/>
						<SP ID="P1_SP00205" HPOS="1332" VPOS="3441" WIDTH="37"/>
						<String ID="P1_ST00241" HPOS="1369" VPOS="3373" WIDTH="281" HEIGHT="64" CONTENT="Währinger" WC="0.99" CC="004006005"/>
					</TextLine>
					<TextLine ID="P1_TL00034" HPOS="124" VPOS="3452" WIDTH="1526" HEIGHT="62">
						<String ID="P1_ST00242" HPOS="124" VPOS="3453" WIDTH="245" HEIGHT="50" CONTENT="Friedhofe" WC="1.00" CC="000003430"/>
						<SP ID="P1_SP00206" HPOS="369" VPOS="3503" WIDTH="31"/>
						<String ID="P1_ST00243" HPOS="400" VPOS="3453" WIDTH="275" HEIGHT="50" CONTENT="befindliche" WC="1.00" CC="30005061000"/>
						<SP ID="P1_SP00207" HPOS="675" VPOS="3503" WIDTH="31"/>
						<String ID="P1_ST00244" HPOS="706" VPOS="3455" WIDTH="137" HEIGHT="47" CONTENT="Büste" WC="0.99" CC="00050"/>
						<SP ID="P1_SP00208" HPOS="843" VPOS="3503" WIDTH="32"/>
						<String ID="P1_ST00245" HPOS="875" VPOS="3452" WIDTH="426" HEIGHT="62" CONTENT="übereinstimmt*)." WC="1.00" CC="0000003050060060"/>
						<SP ID="P1_SP00209" HPOS="1301" VPOS="3514" WIDTH="31"/>
						<String ID="P1_ST00246" HPOS="1332" VPOS="3452" WIDTH="132" HEIGHT="47" CONTENT="Seine" WC="1.00" CC="00000"/>
						<SP ID="P1_SP00210" HPOS="1464" VPOS="3514" WIDTH="28"/>
						<String ID="P1_ST00247" HPOS="1492" VPOS="3452" WIDTH="158" HEIGHT="47" CONTENT="Statur" WC="0.97" CC="551645"/>
					</TextLine>
					<TextLine ID="P1_TL00035" HPOS="124" VPOS="3528" WIDTH="1526" HEIGHT="66">
						<String ID="P1_ST00248" HPOS="124" VPOS="3546" WIDTH="95" HEIGHT="33" CONTENT="war" WC="0.98" CC="004"/>
						<SP ID="P1_SP00211" HPOS="219" VPOS="3579" WIDTH="41"/>
						<String ID="P1_ST00249" HPOS="260" VPOS="3541" WIDTH="132" HEIGHT="39" CONTENT="unter" WC="0.98" CC="52004"/>
						<SP ID="P1_SP00212" HPOS="392" VPOS="3580" WIDTH="29"/>
						<String ID="P1_ST00250" HPOS="421" VPOS="3532" WIDTH="324" HEIGHT="62" CONTENT="Mittelgrösse," WC="1.00" CC="0450040003000"/>
						<SP ID="P1_SP00213" HPOS="745" VPOS="3594" WIDTH="45"/>
						<String ID="P1_ST00251" HPOS="790" VPOS="3531" WIDTH="187" HEIGHT="48" CONTENT="Rücken" WC="0.99" CC="700002"/>
						<SP ID="P1_SP00214" HPOS="977" VPOS="3594" WIDTH="39"/>
						<String ID="P1_ST00252" HPOS="1016" VPOS="3531" WIDTH="88" HEIGHT="47" CONTENT="und" WC="0.99" CC="110"/>
						<SP ID="P1_SP00215" HPOS="1104" VPOS="3594" WIDTH="34"/>
						<String ID="P1_ST00253" HPOS="1138" VPOS="3530" WIDTH="240" HEIGHT="48" CONTENT="Schultern" WC="0.99" CC="500305026"/>
						<SP ID="P1_SP00216" HPOS="1378" VPOS="3594" WIDTH="31"/>
						<String ID="P1_ST00254" HPOS="1409" VPOS="3528" WIDTH="241" HEIGHT="65" CONTENT="gerundet," WC="1.00" CC="005000003"/>
					</TextLine>
					<TextLine ID="P1_TL00036" HPOS="123" VPOS="3607" WIDTH="1525" HEIGHT="66">
						<String ID="P1_ST00255" HPOS="123" VPOS="3608" WIDTH="71" HEIGHT="49" CONTENT="die" WC="0.97" CC="053"/>
						<SP ID="P1_SP00217" HPOS="194" VPOS="3657" WIDTH="29"/>
						<String ID="P1_ST00256" HPOS="223" VPOS="3612" WIDTH="144" HEIGHT="46" CONTENT="Arme" WC="0.97" CC="6340"/>
						<SP ID="P1_SP00218" HPOS="367" VPOS="3658" WIDTH="29"/>
						<String ID="P1_ST00257" HPOS="396" VPOS="3610" WIDTH="93" HEIGHT="48" CONTENT="und" WC="0.96" CC="560"/>
						<SP ID="P1_SP00219" HPOS="489" VPOS="3658" WIDTH="30"/>
						<String ID="P1_ST00258" HPOS="519" VPOS="3610" WIDTH="165" HEIGHT="48" CONTENT="Hände" WC="0.99" CC="70000"/>
						<SP ID="P1_SP00220" HPOS="684" VPOS="3658" WIDTH="29"/>
						<String ID="P1_ST00259" HPOS="713" VPOS="3608" WIDTH="218" HEIGHT="65" CONTENT="fleischig," WC="1.00" CC="0000300092"/>
						<SP ID="P1_SP00221" HPOS="931" VPOS="3673" WIDTH="30"/>
						<String ID="P1_ST00260" HPOS="961" VPOS="3607" WIDTH="71" HEIGHT="48" CONTENT="die" WC="0.97" CC="600"/>
						<SP ID="P1_SP00222" HPOS="1032" VPOS="3673" WIDTH="33"/>
						<String ID="P1_ST00261" HPOS="1065" VPOS="3608" WIDTH="166" HEIGHT="63" CONTENT="Finger" WC="0.98" CC="600703"/>
						<SP ID="P1_SP00223" HPOS="1231" VPOS="3673" WIDTH="31"/>
						<String ID="P1_ST00262" HPOS="1262" VPOS="3607" WIDTH="121" HEIGHT="48" CONTENT="kurz." WC="0.98" CC="00373"/>
						<SP ID="P1_SP00224" HPOS="1383" VPOS="3673" WIDTH="31"/>
						<String ID="P1_ST00263" HPOS="1414" VPOS="3607" WIDTH="94" HEIGHT="47" CONTENT="Der" WC="1.00" CC="100"/>
						<SP ID="P1_SP00225" HPOS="1508" VPOS="3673" WIDTH="23"/>
						<String ID="P1_ST00264" HPOS="1531" VPOS="3607" WIDTH="88" HEIGHT="47" CONTENT="Aus" SUBS_TYPE="HypPart1" SUBS_CONTENT="Ausdruck" WC="0.99" CC="410"/>
						<HYP HPOS="1619" VPOS="3607" WIDTH="29" CONTENT="-"/>
					</TextLine>
					<TextLine ID="P1_TL00037" HPOS="123" VPOS="3685" WIDTH="1525" HEIGHT="63">
						<String ID="P1_ST00265" HPOS="123" VPOS="3687" WIDTH="142" HEIGHT="48" CONTENT="druck" SUBS_TYPE="HypPart2" SUBS_CONTENT="Ausdruck" WC="0.99" CC="01300"/>
						<SP ID="P1_SP00226" HPOS="265" VPOS="3735" WIDTH="29"/>
						<String ID="P1_ST00266" HPOS="294" VPOS="3688" WIDTH="145" HEIGHT="49" CONTENT="seines" WC="1.00" CC="000002"/>
						<SP ID="P1_SP00227" HPOS="439" VPOS="3737" WIDTH="30"/>
						<String ID="P1_ST00267" HPOS="469" VPOS="3688" WIDTH="234" HEIGHT="49" CONTENT="Gesichtes" WC="0.99" CC="003000604"/>
						<SP ID="P1_SP00228" HPOS="703" VPOS="3737" WIDTH="40"/>
						<String ID="P1_ST00268" HPOS="743" VPOS="3687" WIDTH="170" HEIGHT="48" CONTENT="konnte" WC="0.99" CC="005600"/>
						<SP ID="P1_SP00229" HPOS="913" VPOS="3737" WIDTH="38"/>
						<String ID="P1_ST00269" HPOS="951" VPOS="3686" WIDTH="153" HEIGHT="48" CONTENT="weder" WC="1.00" CC="00000"/>
						<SP ID="P1_SP00230" HPOS="1104" VPOS="3737" WIDTH="42"/>
						<String ID="P1_ST00270" HPOS="1146" VPOS="3686" WIDTH="64" HEIGHT="48" CONTENT="als" WC="0.97" CC="350"/>
						<SP ID="P1_SP00231" HPOS="1210" VPOS="3737" WIDTH="41"/>
						<String ID="P1_ST00271" HPOS="1251" VPOS="3685" WIDTH="254" HEIGHT="63" CONTENT="geistreich," WC="1.00" CC="00604100030"/>
						<SP ID="P1_SP00232" HPOS="1505" VPOS="3748" WIDTH="29"/>
						<String ID="P1_ST00272" HPOS="1534" VPOS="3685" WIDTH="114" HEIGHT="47" CONTENT="noch" WC="0.96" CC="6327"/>
					</TextLine>
				</TextBlock>
				<TextBlock ID="P1_TB00011" HPOS="118" VPOS="3860" WIDTH="1535" HEIGHT="351" STYLEREFS="TXT_6 PAR_BLOCK">
					<TextLine ID="P1_TL00038" HPOS="223" VPOS="3868" WIDTH="1428" HEIGHT="53">
						<String ID="P1_ST00273" HPOS="223" VPOS="3872" WIDTH="38" HEIGHT="49" CONTENT="*)" WC="0.62" CC="52"/>
						<SP ID="P1_SP00233" HPOS="261" VPOS="3921" WIDTH="30"/>
						<String ID="P1_ST00274" HPOS="291" VPOS="3873" WIDTH="68" HEIGHT="35" CONTENT="Als" WC="0.98" CC="041"/>
						<SP ID="P1_SP00234" HPOS="359" VPOS="3921" WIDTH="28"/>
						<String ID="P1_ST00275" HPOS="387" VPOS="3874" WIDTH="97" HEIGHT="33" CONTENT="nach" WC="0.97" CC="0816"/>
						<SP ID="P1_SP00235" HPOS="484" VPOS="3921" WIDTH="31"/>
						<String ID="P1_ST00276" HPOS="515" VPOS="3873" WIDTH="63" HEIGHT="34" CONTENT="der" WC="1.00" CC="000"/>
						<SP ID="P1_SP00236" HPOS="578" VPOS="3921" WIDTH="28"/>
						<String ID="P1_ST00277" HPOS="606" VPOS="3883" WIDTH="61" HEIGHT="24" CONTENT="am" WC="1.00" CC="00"/>
						<SP ID="P1_SP00237" HPOS="667" VPOS="3921" WIDTH="32"/>
						<String ID="P1_ST00278" HPOS="699" VPOS="3869" WIDTH="59" HEIGHT="38" CONTENT="13." WC="0.33" CC="774"/>
						<SP ID="P1_SP00238" HPOS="758" VPOS="3921" WIDTH="22"/>
						<String ID="P1_ST00279" HPOS="780" VPOS="3872" WIDTH="167" HEIGHT="35" CONTENT="October" WC="0.76" CC="3304104"/>
						<SP ID="P1_SP00239" HPOS="947" VPOS="3921" WIDTH="31"/>
						<String ID="P1_ST00280" HPOS="978" VPOS="3868" WIDTH="98" HEIGHT="39" CONTENT="1863" WC="0.57" CC="7027"/>
						<SP ID="P1_SP00240" HPOS="1076" VPOS="3921" WIDTH="29"/>
						<String ID="P1_ST00281" HPOS="1105" VPOS="3881" WIDTH="348" HEIGHT="35" CONTENT="vorgenommenen" WC="0.99" CC="0047080803600"/>
						<SP ID="P1_SP00241" HPOS="1453" VPOS="3921" WIDTH="31"/>
						<String ID="P1_ST00282" HPOS="1484" VPOS="3873" WIDTH="144" HEIGHT="43" CONTENT="Ausgra" SUBS_TYPE="HypPart1" SUBS_CONTENT="Ausgrabung" WC="0.99" CC="074002"/>
						<HYP HPOS="1628" VPOS="3873" WIDTH="23" CONTENT="-"/>
					</TextLine>
					<TextLine ID="P1_TL00039" HPOS="119" VPOS="3930" WIDTH="1533" HEIGHT="51">
						<String ID="P1_ST00283" HPOS="119" VPOS="3932" WIDTH="104" HEIGHT="49" CONTENT="bung" SUBS_TYPE="HypPart2" SUBS_CONTENT="Ausgrabung" WC="0.94" CC="4668"/>
						<SP ID="P1_SP00242" HPOS="223" VPOS="3981" WIDTH="41"/>
						<String ID="P1_ST00284" HPOS="264" VPOS="3934" WIDTH="64" HEIGHT="35" CONTENT="der" WC="1.00" CC="000"/>
						<SP ID="P1_SP00243" HPOS="328" VPOS="3981" WIDTH="39"/>
						<String ID="P1_ST00285" HPOS="367" VPOS="3934" WIDTH="192" HEIGHT="34" CONTENT="irdischen" WC="0.99" CC="600006700"/>
						<SP ID="P1_SP00244" HPOS="559" VPOS="3981" WIDTH="30"/>
						<String ID="P1_ST00286" HPOS="589" VPOS="3934" WIDTH="114" HEIGHT="33" CONTENT="Reste" WC="0.99" CC="60000"/>
						<SP ID="P1_SP00245" HPOS="703" VPOS="3981" WIDTH="42"/>
						<String ID="P1_ST00287" HPOS="745" VPOS="3944" WIDTH="76" HEIGHT="23" CONTENT="von" WC="0.95" CC="047"/>
						<SP ID="P1_SP00246" HPOS="821" VPOS="3981" WIDTH="30"/>
						<String ID="P1_ST00288" HPOS="851" VPOS="3932" WIDTH="220" HEIGHT="35" CONTENT="Beethoven" WC="0.99" CC="300563000"/>
						<SP ID="P1_SP00247" HPOS="1071" VPOS="3981" WIDTH="44"/>
						<String ID="P1_ST00289" HPOS="1115" VPOS="3930" WIDTH="77" HEIGHT="35" CONTENT="und" WC="0.95" CC="660"/>
						<SP ID="P1_SP00248" HPOS="1192" VPOS="3981" WIDTH="29"/>
						<String ID="P1_ST00290" HPOS="1221" VPOS="3930" WIDTH="187" HEIGHT="36" CONTENT="Schubert" WC="0.98" CC="96660002"/>
						<SP ID="P1_SP00249" HPOS="1408" VPOS="3981" WIDTH="29"/>
						<String ID="P1_ST00291" HPOS="1437" VPOS="3931" WIDTH="57" HEIGHT="34" CONTENT="die" WC="1.00" CC="000"/>
						<SP ID="P1_SP00250" HPOS="1494" VPOS="3981" WIDTH="43"/>
						<String ID="P1_ST00292" HPOS="1537" VPOS="3930" WIDTH="92" HEIGHT="35" CONTENT="wohl" SUBS_TYPE="HypPart1" SUBS_CONTENT="wohlerhaltenen" WC="0.97" CC="6570"/>
						<HYP HPOS="1629" VPOS="3930" WIDTH="23" CONTENT="-"/>
					</TextLine>
					<TextLine ID="P1_TL00040" HPOS="119" VPOS="3991" WIDTH="1534" HEIGHT="43">
						<String ID="P1_ST00293" HPOS="119" VPOS="3994" WIDTH="221" HEIGHT="36" CONTENT="erhaltenen" SUBS_TYPE="HypPart2" SUBS_CONTENT="wohlerhaltenen" WC="0.99" CC="4573503720"/>
						<SP ID="P1_SP00251" HPOS="340" VPOS="4030" WIDTH="38"/>
						<String ID="P1_ST00294" HPOS="378" VPOS="3993" WIDTH="164" HEIGHT="37" CONTENT="Schädel" WC="0.98" CC="6466011"/>
						<SP ID="P1_SP00252" HPOS="542" VPOS="4030" WIDTH="43"/>
						<String ID="P1_ST00295" HPOS="585" VPOS="4005" WIDTH="73" HEIGHT="23" CONTENT="von" WC="0.96" CC="037"/>
						<SP ID="P1_SP00253" HPOS="658" VPOS="4030" WIDTH="44"/>
						<String ID="P1_ST00296" HPOS="702" VPOS="3994" WIDTH="165" HEIGHT="33" CONTENT="Aerzten" WC="0.92" CC="0000005"/>
						<SP ID="P1_SP00254" HPOS="867" VPOS="4030" WIDTH="47"/>
						<String ID="P1_ST00297" HPOS="914" VPOS="3992" WIDTH="226" HEIGHT="36" CONTENT="untersucht" WC="0.99" CC="7702006470"/>
						<SP ID="P1_SP00255" HPOS="1140" VPOS="4030" WIDTH="42"/>
						<String ID="P1_ST00298" HPOS="1182" VPOS="3991" WIDTH="167" HEIGHT="43" CONTENT="wurden," WC="0.98" CC="7700006"/>
						<SP ID="P1_SP00256" HPOS="1349" VPOS="4034" WIDTH="44"/>
						<String ID="P1_ST00299" HPOS="1393" VPOS="3992" WIDTH="135" HEIGHT="34" CONTENT="fanden" WC="0.99" CC="006008"/>
						<SP ID="P1_SP00257" HPOS="1528" VPOS="4034" WIDTH="43"/>
						<String ID="P1_ST00300" HPOS="1571" VPOS="3991" WIDTH="82" HEIGHT="35" CONTENT="sich" WC="0.97" CC="0047"/>
					</TextLine>
					<TextLine ID="P1_TL00041" HPOS="119" VPOS="4052" WIDTH="1534" HEIGHT="38">
						<String ID="P1_ST00301" HPOS="119" VPOS="4054" WIDTH="273" HEIGHT="36" CONTENT="Kennzeichen" WC="0.99" CC="41760206502"/>
						<SP ID="P1_SP00258" HPOS="392" VPOS="4090" WIDTH="43"/>
						<String ID="P1_ST00302" HPOS="435" VPOS="4054" WIDTH="296" HEIGHT="36" CONTENT="musicalischen" WC="0.99" CC="0200004064734"/>
						<SP ID="P1_SP00259" HPOS="731" VPOS="4090" WIDTH="44"/>
						<String ID="P1_ST00303" HPOS="775" VPOS="4054" WIDTH="135" HEIGHT="34" CONTENT="Sinnes" WC="0.99" CC="000403"/>
						<SP ID="P1_SP00260" HPOS="910" VPOS="4090" WIDTH="46"/>
						<String ID="P1_ST00304" HPOS="956" VPOS="4054" WIDTH="125" HEIGHT="34" CONTENT="weder" WC="0.99" CC="90000"/>
						<SP ID="P1_SP00261" HPOS="1081" VPOS="4090" WIDTH="36"/>
						<String ID="P1_ST00305" HPOS="1117" VPOS="4053" WIDTH="61" HEIGHT="34" CONTENT="bei" WC="0.99" CC="020"/>
						<SP ID="P1_SP00262" HPOS="1178" VPOS="4090" WIDTH="41"/>
						<String ID="P1_ST00306" HPOS="1219" VPOS="4052" WIDTH="185" HEIGHT="35" CONTENT="Schubert" WC="0.98" CC="94767020"/>
						<SP ID="P1_SP00263" HPOS="1404" VPOS="4090" WIDTH="46"/>
						<String ID="P1_ST00307" HPOS="1450" VPOS="4052" WIDTH="97" HEIGHT="35" CONTENT="noch" WC="0.97" CC="0147"/>
						<SP ID="P1_SP00264" HPOS="1547" VPOS="4090" WIDTH="44"/>
						<String ID="P1_ST00308" HPOS="1591" VPOS="4052" WIDTH="62" HEIGHT="35" CONTENT="bei" WC="0.97" CC="700"/>
					</TextLine>
					<TextLine ID="P1_TL00042" HPOS="119" VPOS="4113" WIDTH="1534" HEIGHT="48">
						<String ID="P1_ST00309" HPOS="119" VPOS="4114" WIDTH="221" HEIGHT="36" CONTENT="Beethoven" WC="0.99" CC="602364036"/>
						<SP ID="P1_SP00265" HPOS="340" VPOS="4150" WIDTH="28"/>
						<String ID="P1_ST00310" HPOS="368" VPOS="4127" WIDTH="47" HEIGHT="23" CONTENT="an" WC="0.14" CC="97"/>
						<SP ID="P1_SP00266" HPOS="415" VPOS="4150" WIDTH="24"/>
						<String ID="P1_ST00311" HPOS="439" VPOS="4116" WIDTH="110" HEIGHT="45" CONTENT="jener" WC="0.97" CC="54602"/>
						<SP ID="P1_SP00267" HPOS="549" VPOS="4161" WIDTH="29"/>
						<String ID="P1_ST00312" HPOS="578" VPOS="4113" WIDTH="116" HEIGHT="36" CONTENT="Stelle" WC="0.98" CC="604142"/>
						<SP ID="P1_SP00268" HPOS="694" VPOS="4161" WIDTH="28"/>
						<String ID="P1_ST00313" HPOS="722" VPOS="4126" WIDTH="80" HEIGHT="34" CONTENT="vor," WC="0.96" CC="0747"/>
						<SP ID="P1_SP00269" HPOS="802" VPOS="4161" WIDTH="42"/>
						<String ID="P1_ST00314" HPOS="844" VPOS="4126" WIDTH="57" HEIGHT="23" CONTENT="wo" WC="0.22" CC="95"/>
						<SP ID="P1_SP00270" HPOS="901" VPOS="4161" WIDTH="44"/>
						<String ID="P1_ST00315" HPOS="945" VPOS="4125" WIDTH="87" HEIGHT="23" CONTENT="man" WC="0.97" CC="070"/>
						<SP ID="P1_SP00271" HPOS="1032" VPOS="4161" WIDTH="42"/>
						<String ID="P1_ST00316" HPOS="1074" VPOS="4113" WIDTH="102" HEIGHT="35" CONTENT="diese" WC="0.99" CC="03212"/>
						<SP ID="P1_SP00272" HPOS="1176" VPOS="4161" WIDTH="30"/>
						<String ID="P1_ST00317" HPOS="1206" VPOS="4118" WIDTH="106" HEIGHT="30" CONTENT="sonst" WC="0.98" CC="04700"/>
						<SP ID="P1_SP00273" HPOS="1312" VPOS="4161" WIDTH="30"/>
						<String ID="P1_ST00318" HPOS="1342" VPOS="4124" WIDTH="47" HEIGHT="23" CONTENT="zu" WC="0.63" CC="07"/>
						<SP ID="P1_SP00274" HPOS="1389" VPOS="4161" WIDTH="28"/>
						<String ID="P1_ST00319" HPOS="1417" VPOS="4113" WIDTH="141" HEIGHT="35" CONTENT="suchen" WC="0.98" CC="473315"/>
						<SP ID="P1_SP00275" HPOS="1558" VPOS="4161" WIDTH="31"/>
						<String ID="P1_ST00320" HPOS="1589" VPOS="4123" WIDTH="43" HEIGHT="35" CONTENT="ge" SUBS_TYPE="HypPart1" SUBS_CONTENT="gewohnt" WC="0.97" CC="03"/>
						<HYP HPOS="1632" VPOS="4123" WIDTH="21" CONTENT="-"/>
					</TextLine>
					<TextLine ID="P1_TL00043" HPOS="119" VPOS="4172" WIDTH="247" HEIGHT="39">
						<String ID="P1_ST00321" HPOS="119" VPOS="4172" WIDTH="130" HEIGHT="36" CONTENT="wohnt" SUBS_TYPE="HypPart2" SUBS_CONTENT="gewohnt" WC="0.97" CC="92610"/>
						<SP ID="P1_SP00276" HPOS="249" VPOS="4208" WIDTH="28"/>
						<String ID="P1_ST00322" HPOS="277" VPOS="4186" WIDTH="89" HEIGHT="25" CONTENT="war." WC="0.99" CC="0004"/>
					</TextLine>
				</TextBlock>
				<TextBlock ID="P1_TB00012" HPOS="1739" VPOS="1433" WIDTH="1522" HEIGHT="2776" STYLEREFS="TXT_7 PAR_BLOCK">
					<TextLine ID="P1_TL00044" HPOS="1739" VPOS="1434" WIDTH="1511" HEIGHT="64">
						<String ID="P1_ST00323" HPOS="1739" VPOS="1435" WIDTH="63" HEIGHT="47" CONTENT="als" WC="1.00" CC="000"/>
						<SP ID="P1_SP00277" HPOS="1802" VPOS="1482" WIDTH="30"/>
						<String ID="P1_ST00324" HPOS="1832" VPOS="1434" WIDTH="248" HEIGHT="47" CONTENT="freundlich" WC="0.99" CC="7205440020"/>
						<SP ID="P1_SP00278" HPOS="2080" VPOS="1482" WIDTH="30"/>
						<String ID="P1_ST00325" HPOS="2110" VPOS="1434" WIDTH="167" HEIGHT="64" CONTENT="gelten," WC="0.99" CC="4004060"/>
						<SP ID="P1_SP00279" HPOS="2277" VPOS="1498" WIDTH="29"/>
						<String ID="P1_ST00326" HPOS="2306" VPOS="1434" WIDTH="90" HEIGHT="47" CONTENT="und" WC="1.00" CC="000"/>
						<SP ID="P1_SP00280" HPOS="2396" VPOS="1498" WIDTH="32"/>
						<String ID="P1_ST00327" HPOS="2428" VPOS="1452" WIDTH="85" HEIGHT="29" CONTENT="nur" WC="0.98" CC="420"/>
						<SP ID="P1_SP00281" HPOS="2513" VPOS="1498" WIDTH="23"/>
						<String ID="P1_ST00328" HPOS="2536" VPOS="1435" WIDTH="136" HEIGHT="54" CONTENT="dann," WC="0.99" CC="00040"/>
						<SP ID="P1_SP00282" HPOS="2672" VPOS="1498" WIDTH="29"/>
						<String ID="P1_ST00329" HPOS="2701" VPOS="1451" WIDTH="129" HEIGHT="31" CONTENT="wenn" WC="0.97" CC="4071"/>
						<SP ID="P1_SP00283" HPOS="2830" VPOS="1498" WIDTH="31"/>
						<String ID="P1_ST00330" HPOS="2861" VPOS="1435" WIDTH="74" HEIGHT="49" CONTENT="ihn" WC="0.96" CC="055"/>
						<SP ID="P1_SP00284" HPOS="2935" VPOS="1498" WIDTH="25"/>
						<String ID="P1_ST00331" HPOS="2960" VPOS="1437" WIDTH="147" HEIGHT="47" CONTENT="Musik" WC="0.99" CC="23020"/>
						<SP ID="P1_SP00285" HPOS="3107" VPOS="1498" WIDTH="32"/>
						<String ID="P1_ST00332" HPOS="3139" VPOS="1437" WIDTH="111" HEIGHT="49" CONTENT="oder" WC="0.99" CC="0005"/>
					</TextLine>
					<TextLine ID="P1_TL00045" HPOS="1741" VPOS="1512" WIDTH="1507" HEIGHT="64">
						<String ID="P1_ST00333" HPOS="1741" VPOS="1512" WIDTH="255" HEIGHT="64" CONTENT="Gespräche" WC="1.00" CC="000404000"/>
						<SP ID="P1_SP00286" HPOS="1996" VPOS="1576" WIDTH="31"/>
						<String ID="P1_ST00334" HPOS="2027" VPOS="1512" WIDTH="252" HEIGHT="62" CONTENT="aufregten," WC="0.99" CC="0264005062"/>
						<SP ID="P1_SP00287" HPOS="2279" VPOS="1576" WIDTH="46"/>
						<String ID="P1_ST00335" HPOS="2325" VPOS="1512" WIDTH="245" HEIGHT="48" CONTENT="besonders" WC="1.00" CC="000000000"/>
						<SP ID="P1_SP00288" HPOS="2570" VPOS="1576" WIDTH="42"/>
						<String ID="P1_ST00336" HPOS="2612" VPOS="1512" WIDTH="127" HEIGHT="57" CONTENT="aber," WC="0.98" CC="34034"/>
						<SP ID="P1_SP00289" HPOS="2739" VPOS="1576" WIDTH="42"/>
						<String ID="P1_ST00337" HPOS="2781" VPOS="1528" WIDTH="131" HEIGHT="32" CONTENT="wenn" WC="0.97" CC="4064"/>
						<SP ID="P1_SP00290" HPOS="2912" VPOS="1576" WIDTH="39"/>
						<String ID="P1_ST00338" HPOS="2951" VPOS="1528" WIDTH="46" HEIGHT="32" CONTENT="es" WC="0.97" CC="00"/>
						<SP ID="P1_SP00291" HPOS="2997" VPOS="1576" WIDTH="42"/>
						<String ID="P1_ST00339" HPOS="3039" VPOS="1514" WIDTH="90" HEIGHT="47" CONTENT="sich" WC="0.99" CC="0005"/>
						<SP ID="P1_SP00292" HPOS="3129" VPOS="1576" WIDTH="44"/>
						<String ID="P1_ST00340" HPOS="3173" VPOS="1531" WIDTH="75" HEIGHT="31" CONTENT="um" WC="0.76" CC="04"/>
					</TextLine>
					<TextLine ID="P1_TL00046" HPOS="1741" VPOS="1588" WIDTH="1510" HEIGHT="66">
						<String ID="P1_ST00341" HPOS="1741" VPOS="1589" WIDTH="254" HEIGHT="48" CONTENT="Beethoven" WC="0.99" CC="700153006"/>
						<SP ID="P1_SP00293" HPOS="1995" VPOS="1637" WIDTH="33"/>
						<String ID="P1_ST00342" HPOS="2028" VPOS="1588" WIDTH="226" HEIGHT="54" CONTENT="handelte," WC="1.00" CC="104000600"/>
						<SP ID="P1_SP00294" HPOS="2254" VPOS="1642" WIDTH="30"/>
						<String ID="P1_ST00343" HPOS="2284" VPOS="1588" WIDTH="94" HEIGHT="66" CONTENT="fing" WC="0.96" CC="0069"/>
						<SP ID="P1_SP00295" HPOS="2378" VPOS="1654" WIDTH="28"/>
						<String ID="P1_ST00344" HPOS="2406" VPOS="1589" WIDTH="92" HEIGHT="47" CONTENT="sein" WC="0.99" CC="5000"/>
						<SP ID="P1_SP00296" HPOS="2498" VPOS="1654" WIDTH="31"/>
						<String ID="P1_ST00345" HPOS="2529" VPOS="1590" WIDTH="133" HEIGHT="63" CONTENT="Auge" WC="0.98" CC="6400"/>
						<SP ID="P1_SP00297" HPOS="2662" VPOS="1654" WIDTH="29"/>
						<String ID="P1_ST00346" HPOS="2691" VPOS="1606" WIDTH="52" HEIGHT="30" CONTENT="zu" WC="0.66" CC="60"/>
						<SP ID="P1_SP00298" HPOS="2743" VPOS="1654" WIDTH="32"/>
						<String ID="P1_ST00347" HPOS="2775" VPOS="1588" WIDTH="160" HEIGHT="49" CONTENT="blitzen" WC="0.99" CC="5004400"/>
						<SP ID="P1_SP00299" HPOS="2935" VPOS="1654" WIDTH="30"/>
						<String ID="P1_ST00348" HPOS="2965" VPOS="1604" WIDTH="56" HEIGHT="32" CONTENT="an" WC="0.95" CC="00"/>
						<SP ID="P1_SP00300" HPOS="3021" VPOS="1654" WIDTH="30"/>
						<String ID="P1_ST00349" HPOS="3051" VPOS="1589" WIDTH="92" HEIGHT="50" CONTENT="und" WC="0.99" CC="020"/>
						<SP ID="P1_SP00301" HPOS="3143" VPOS="1654" WIDTH="30"/>
						<String ID="P1_ST00350" HPOS="3173" VPOS="1590" WIDTH="52" HEIGHT="49" CONTENT="be" SUBS_TYPE="HypPart1" SUBS_CONTENT="belebten" WC="0.98" CC="50"/>
						<HYP HPOS="3225" VPOS="1590" WIDTH="26" CONTENT="-"/>
					</TextLine>
					<TextLine ID="P1_TL00047" HPOS="1741" VPOS="1667" WIDTH="541" HEIGHT="63">
						<String ID="P1_ST00351" HPOS="1741" VPOS="1668" WIDTH="148" HEIGHT="47" CONTENT="lebten" SUBS_TYPE="HypPart2" SUBS_CONTENT="belebten" WC="0.99" CC="003033"/>
						<SP ID="P1_SP00302" HPOS="1889" VPOS="1715" WIDTH="31"/>
						<String ID="P1_ST00352" HPOS="1920" VPOS="1667" WIDTH="90" HEIGHT="47" CONTENT="sich" WC="0.99" CC="0004"/>
						<SP ID="P1_SP00303" HPOS="2010" VPOS="1715" WIDTH="32"/>
						<String ID="P1_ST00353" HPOS="2042" VPOS="1667" WIDTH="71" HEIGHT="47" CONTENT="die" WC="0.94" CC="860"/>
						<SP ID="P1_SP00304" HPOS="2113" VPOS="1715" WIDTH="28"/>
						<String ID="P1_ST00354" HPOS="2141" VPOS="1668" WIDTH="141" HEIGHT="62" CONTENT="Züge." WC="1.00" CC="00004"/>
					</TextLine>
					<TextLine ID="P1_TL00048" HPOS="1855" VPOS="1743" WIDTH="1397" HEIGHT="57">
						<String ID="P1_ST00355" HPOS="1855" VPOS="1744" WIDTH="60" HEIGHT="46" CONTENT="So" WC="0.78" CC="03"/>
						<SP ID="P1_SP00305" HPOS="1915" VPOS="1790" WIDTH="44"/>
						<String ID="P1_ST00356" HPOS="1959" VPOS="1743" WIDTH="318" HEIGHT="53" CONTENT="unscheinbar," WC="1.00" CC="034200005500"/>
						<SP ID="P1_SP00306" HPOS="2277" VPOS="1796" WIDTH="44"/>
						<String ID="P1_ST00357" HPOS="2321" VPOS="1743" WIDTH="84" HEIGHT="48" CONTENT="fast" WC="1.00" CC="0000"/>
						<SP ID="P1_SP00307" HPOS="2405" VPOS="1796" WIDTH="41"/>
						<String ID="P1_ST00358" HPOS="2446" VPOS="1743" WIDTH="261" HEIGHT="48" CONTENT="abstossend" WC="0.93" CC="0300200000"/>
						<SP ID="P1_SP00308" HPOS="2707" VPOS="1796" WIDTH="43"/>
						<String ID="P1_ST00359" HPOS="2750" VPOS="1744" WIDTH="94" HEIGHT="47" CONTENT="sein" WC="0.99" CC="0014"/>
						<SP ID="P1_SP00309" HPOS="2844" VPOS="1796" WIDTH="42"/>
						<String ID="P1_ST00360" HPOS="2886" VPOS="1745" WIDTH="264" HEIGHT="55" CONTENT="Aeusseres," WC="0.84" CC="4035000002"/>
						<SP ID="P1_SP00310" HPOS="3150" VPOS="1800" WIDTH="54"/>
						<String ID="P1_ST00361" HPOS="3204" VPOS="1761" WIDTH="48" HEIGHT="31" CONTENT="so" WC="1.00" CC="00"/>
					</TextLine>
					<TextLine ID="P1_TL00049" HPOS="1739" VPOS="1820" WIDTH="1514" HEIGHT="66">
						<String ID="P1_ST00362" HPOS="1739" VPOS="1822" WIDTH="139" HEIGHT="47" CONTENT="schön" WC="0.97" CC="40767"/>
						<SP ID="P1_SP00311" HPOS="1878" VPOS="1869" WIDTH="32"/>
						<String ID="P1_ST00363" HPOS="1910" VPOS="1820" WIDTH="89" HEIGHT="47" CONTENT="und" WC="0.97" CC="060"/>
						<SP ID="P1_SP00312" HPOS="1999" VPOS="1869" WIDTH="31"/>
						<String ID="P1_ST00364" HPOS="2030" VPOS="1820" WIDTH="121" HEIGHT="49" CONTENT="reich" WC="0.99" CC="00307"/>
						<SP ID="P1_SP00313" HPOS="2151" VPOS="1869" WIDTH="32"/>
						<String ID="P1_ST00365" HPOS="2183" VPOS="1828" WIDTH="294" HEIGHT="56" CONTENT="ausgestattet" WC="1.00" CC="300000600000"/>
						<SP ID="P1_SP00314" HPOS="2477" VPOS="1884" WIDTH="28"/>
						<String ID="P1_ST00366" HPOS="2505" VPOS="1837" WIDTH="97" HEIGHT="32" CONTENT="war" WC="0.99" CC="002"/>
						<SP ID="P1_SP00315" HPOS="2602" VPOS="1884" WIDTH="26"/>
						<String ID="P1_ST00367" HPOS="2628" VPOS="1822" WIDTH="96" HEIGHT="47" CONTENT="sein" WC="1.00" CC="0001"/>
						<SP ID="P1_SP00316" HPOS="2724" VPOS="1884" WIDTH="28"/>
						<String ID="P1_ST00368" HPOS="2752" VPOS="1822" WIDTH="197" HEIGHT="47" CONTENT="Inneres." WC="1.00" CC="52001000"/>
						<SP ID="P1_SP00317" HPOS="2949" VPOS="1884" WIDTH="40"/>
						<String ID="P1_ST00369" HPOS="2989" VPOS="1823" WIDTH="101" HEIGHT="46" CONTENT="Alle" WC="0.98" CC="0440"/>
						<SP ID="P1_SP00318" HPOS="3090" VPOS="1884" WIDTH="29"/>
						<String ID="P1_ST00370" HPOS="3119" VPOS="1822" WIDTH="112" HEIGHT="64" CONTENT="dieje" SUBS_TYPE="HypPart1" SUBS_CONTENT="diejenigen," WC="0.99" CC="05010"/>
						<HYP HPOS="3231" VPOS="1822" WIDTH="22" CONTENT="-"/>
					</TextLine>
					<TextLine ID="P1_TL00050" HPOS="1741" VPOS="1898" WIDTH="1515" HEIGHT="64">
						<String ID="P1_ST00371" HPOS="1741" VPOS="1899" WIDTH="152" HEIGHT="63" CONTENT="nigen," SUBS_TYPE="HypPart2" SUBS_CONTENT="diejenigen," WC="1.00" CC="000040"/>
						<SP ID="P1_SP00319" HPOS="1893" VPOS="1962" WIDTH="43"/>
						<String ID="P1_ST00372" HPOS="1936" VPOS="1898" WIDTH="172" HEIGHT="47" CONTENT="welche" WC="0.99" CC="000070"/>
						<SP ID="P1_SP00320" HPOS="2108" VPOS="1962" WIDTH="38"/>
						<String ID="P1_ST00373" HPOS="2146" VPOS="1898" WIDTH="227" HEIGHT="48" CONTENT="Schubert" WC="0.99" CC="20003055"/>
						<SP ID="P1_SP00321" HPOS="2373" VPOS="1962" WIDTH="41"/>
						<String ID="P1_ST00374" HPOS="2414" VPOS="1898" WIDTH="141" HEIGHT="48" CONTENT="näher" WC="0.98" CC="08003"/>
						<SP ID="P1_SP00322" HPOS="2555" VPOS="1962" WIDTH="42"/>
						<String ID="P1_ST00375" HPOS="2597" VPOS="1898" WIDTH="199" HEIGHT="64" CONTENT="gekannt" WC="1.00" CC="0030000"/>
						<SP ID="P1_SP00323" HPOS="2796" VPOS="1962" WIDTH="43"/>
						<String ID="P1_ST00376" HPOS="2839" VPOS="1898" WIDTH="167" HEIGHT="59" CONTENT="haben," WC="0.99" CC="105024"/>
						<SP ID="P1_SP00324" HPOS="3006" VPOS="1962" WIDTH="42"/>
						<String ID="P1_ST00377" HPOS="3048" VPOS="1899" WIDTH="208" HEIGHT="48" CONTENT="stimmen" WC="0.98" CC="7504700"/>
					</TextLine>
					<TextLine ID="P1_TL00051" HPOS="1741" VPOS="1975" WIDTH="1515" HEIGHT="60">
						<String ID="P1_ST00378" HPOS="1741" VPOS="1976" WIDTH="128" HEIGHT="49" CONTENT="darin" WC="0.99" CC="00206"/>
						<SP ID="P1_SP00325" HPOS="1869" VPOS="2025" WIDTH="37"/>
						<String ID="P1_ST00379" HPOS="1906" VPOS="1975" WIDTH="207" HEIGHT="57" CONTENT="überein," WC="1.00" CC="00030050"/>
						<SP ID="P1_SP00326" HPOS="2113" VPOS="2032" WIDTH="43"/>
						<String ID="P1_ST00380" HPOS="2156" VPOS="1976" WIDTH="100" HEIGHT="47" CONTENT="dass" WC="0.73" CC="0460"/>
						<SP ID="P1_SP00327" HPOS="2256" VPOS="2032" WIDTH="44"/>
						<String ID="P1_ST00381" HPOS="2300" VPOS="1992" WIDTH="48" HEIGHT="31" CONTENT="er" WC="0.84" CC="03"/>
						<SP ID="P1_SP00328" HPOS="2348" VPOS="2032" WIDTH="42"/>
						<String ID="P1_ST00382" HPOS="2390" VPOS="1976" WIDTH="70" HEIGHT="47" CONTENT="ein" WC="1.00" CC="000"/>
						<SP ID="P1_SP00329" HPOS="2460" VPOS="2032" WIDTH="41"/>
						<String ID="P1_ST00383" HPOS="2501" VPOS="1975" WIDTH="332" HEIGHT="48" CONTENT="vortreffliches" WC="1.00" CC="50020007600500"/>
						<SP ID="P1_SP00330" HPOS="2833" VPOS="2032" WIDTH="42"/>
						<String ID="P1_ST00384" HPOS="2875" VPOS="1975" WIDTH="197" HEIGHT="48" CONTENT="Gemüth" WC="0.74" CC="004801"/>
						<SP ID="P1_SP00331" HPOS="3072" VPOS="2032" WIDTH="44"/>
						<String ID="P1_ST00385" HPOS="3116" VPOS="1978" WIDTH="140" HEIGHT="57" CONTENT="hatte," WC="0.98" CC="736004"/>
					</TextLine>
					<TextLine ID="P1_TL00052" HPOS="1742" VPOS="2053" WIDTH="1511" HEIGHT="63">
						<String ID="P1_ST00386" HPOS="1742" VPOS="2054" WIDTH="100" HEIGHT="48" CONTENT="dass" WC="1.00" CC="0000"/>
						<SP ID="P1_SP00332" HPOS="1842" VPOS="2102" WIDTH="30"/>
						<String ID="P1_ST00387" HPOS="1872" VPOS="2069" WIDTH="49" HEIGHT="32" CONTENT="er" WC="0.98" CC="00"/>
						<SP ID="P1_SP00333" HPOS="1921" VPOS="2102" WIDTH="29"/>
						<String ID="P1_ST00388" HPOS="1950" VPOS="2054" WIDTH="70" HEIGHT="47" CONTENT="ein" WC="1.00" CC="001"/>
						<SP ID="P1_SP00334" HPOS="2020" VPOS="2102" WIDTH="31"/>
						<String ID="P1_ST00389" HPOS="2051" VPOS="2060" WIDTH="132" HEIGHT="56" CONTENT="guter" WC="1.00" CC="02000"/>
						<SP ID="P1_SP00335" HPOS="2183" VPOS="2116" WIDTH="21"/>
						<String ID="P1_ST00390" HPOS="2204" VPOS="2053" WIDTH="125" HEIGHT="48" CONTENT="Sohn" WC="0.98" CC="4110"/>
						<SP ID="P1_SP00336" HPOS="2329" VPOS="2116" WIDTH="30"/>
						<String ID="P1_ST00391" HPOS="2359" VPOS="2069" WIDTH="112" HEIGHT="40" CONTENT="war," WC="0.99" CC="0600"/>
						<SP ID="P1_SP00337" HPOS="2471" VPOS="2116" WIDTH="29"/>
						<String ID="P1_ST00392" HPOS="2500" VPOS="2053" WIDTH="153" HEIGHT="48" CONTENT="seinen" WC="0.99" CC="000601"/>
						<SP ID="P1_SP00338" HPOS="2653" VPOS="2116" WIDTH="25"/>
						<String ID="P1_ST00393" HPOS="2678" VPOS="2053" WIDTH="333" HEIGHT="54" CONTENT="Geschwistern" WC="1.00" CC="000060503020"/>
						<SP ID="P1_SP00339" HPOS="3011" VPOS="2116" WIDTH="29"/>
						<String ID="P1_ST00394" HPOS="3040" VPOS="2054" WIDTH="42" HEIGHT="47" CONTENT="in" WC="0.82" CC="03"/>
						<SP ID="P1_SP00340" HPOS="3082" VPOS="2116" WIDTH="30"/>
						<String ID="P1_ST00395" HPOS="3112" VPOS="2053" WIDTH="141" HEIGHT="48" CONTENT="Liebe" WC="1.00" CC="00000"/>
					</TextLine>
					<TextLine ID="P1_TL00053" HPOS="1742" VPOS="2130" WIDTH="1511" HEIGHT="65">
						<String ID="P1_ST00396" HPOS="1742" VPOS="2131" WIDTH="91" HEIGHT="49" CONTENT="und" WC="0.98" CC="400"/>
						<SP ID="P1_SP00341" HPOS="1833" VPOS="2180" WIDTH="32"/>
						<String ID="P1_ST00397" HPOS="1865" VPOS="2131" WIDTH="380" HEIGHT="64" CONTENT="Anhänglichkeit" WC="0.99" CC="06205002059006"/>
						<SP ID="P1_SP00342" HPOS="2245" VPOS="2195" WIDTH="29"/>
						<String ID="P1_ST00398" HPOS="2274" VPOS="2131" WIDTH="243" HEIGHT="64" CONTENT="zugethan," WC="0.76" CC="500045500"/>
						<SP ID="P1_SP00343" HPOS="2517" VPOS="2195" WIDTH="43"/>
						<String ID="P1_ST00399" HPOS="2560" VPOS="2131" WIDTH="86" HEIGHT="47" CONTENT="den" WC="0.99" CC="003"/>
						<SP ID="P1_SP00344" HPOS="2646" VPOS="2195" WIDTH="32"/>
						<String ID="P1_ST00400" HPOS="2678" VPOS="2130" WIDTH="243" HEIGHT="48" CONTENT="Freunden" WC="0.99" CC="24051000"/>
						<SP ID="P1_SP00345" HPOS="2921" VPOS="2195" WIDTH="42"/>
						<String ID="P1_ST00401" HPOS="2963" VPOS="2131" WIDTH="69" HEIGHT="47" CONTENT="ein" WC="1.00" CC="000"/>
						<SP ID="P1_SP00346" HPOS="3032" VPOS="2195" WIDTH="41"/>
						<String ID="P1_ST00402" HPOS="3073" VPOS="2130" WIDTH="180" HEIGHT="48" CONTENT="wahrer" WC="1.00" CC="000200"/>
					</TextLine>
					<TextLine ID="P1_TL00054" HPOS="1742" VPOS="2209" WIDTH="1511" HEIGHT="62">
						<String ID="P1_ST00403" HPOS="1742" VPOS="2209" WIDTH="201" HEIGHT="56" CONTENT="Freund," WC="0.99" CC="0146600"/>
						<SP ID="P1_SP00347" HPOS="1943" VPOS="2265" WIDTH="30"/>
						<String ID="P1_ST00404" HPOS="1973" VPOS="2209" WIDTH="337" HEIGHT="52" CONTENT="wohlwollend," WC="1.00" CC="015002040000"/>
						<SP ID="P1_SP00348" HPOS="2310" VPOS="2265" WIDTH="33"/>
						<String ID="P1_ST00405" HPOS="2343" VPOS="2209" WIDTH="77" HEIGHT="47" CONTENT="frei" WC="0.99" CC="0003"/>
						<SP ID="P1_SP00349" HPOS="2420" VPOS="2265" WIDTH="31"/>
						<String ID="P1_ST00406" HPOS="2451" VPOS="2225" WIDTH="81" HEIGHT="32" CONTENT="von" WC="0.98" CC="006"/>
						<SP ID="P1_SP00350" HPOS="2532" VPOS="2265" WIDTH="33"/>
						<String ID="P1_ST00407" HPOS="2565" VPOS="2209" WIDTH="116" HEIGHT="47" CONTENT="Hass" WC="0.71" CC="5500"/>
						<SP ID="P1_SP00351" HPOS="2681" VPOS="2265" WIDTH="31"/>
						<String ID="P1_ST00408" HPOS="2712" VPOS="2209" WIDTH="89" HEIGHT="47" CONTENT="und" WC="0.97" CC="330"/>
						<SP ID="P1_SP00352" HPOS="2801" VPOS="2265" WIDTH="26"/>
						<String ID="P1_ST00409" HPOS="2827" VPOS="2209" WIDTH="259" HEIGHT="62" CONTENT="Missgunst," WC="1.00" CC="1000000050"/>
						<SP ID="P1_SP00353" HPOS="3086" VPOS="2271" WIDTH="30"/>
						<String ID="P1_ST00410" HPOS="3116" VPOS="2209" WIDTH="110" HEIGHT="47" CONTENT="hoch" SUBS_TYPE="HypPart1" SUBS_CONTENT="hochherzig," WC="0.98" CC="3006"/>
						<HYP HPOS="3226" VPOS="2209" WIDTH="27" CONTENT="-"/>
					</TextLine>
					<TextLine ID="P1_TL00055" HPOS="1743" VPOS="2284" WIDTH="1515" HEIGHT="66">
						<String ID="P1_ST00411" HPOS="1743" VPOS="2286" WIDTH="167" HEIGHT="64" CONTENT="herzig," SUBS_TYPE="HypPart2" SUBS_CONTENT="hochherzig," WC="0.99" CC="0046000"/>
						<SP ID="P1_SP00354" HPOS="1910" VPOS="2350" WIDTH="34"/>
						<String ID="P1_ST00412" HPOS="1944" VPOS="2286" WIDTH="241" HEIGHT="63" CONTENT="begeistert" WC="0.99" CC="5090026010"/>
						<SP ID="P1_SP00355" HPOS="2185" VPOS="2350" WIDTH="32"/>
						<String ID="P1_ST00413" HPOS="2217" VPOS="2286" WIDTH="75" HEIGHT="46" CONTENT="für" WC="0.98" CC="005"/>
						<SP ID="P1_SP00356" HPOS="2292" VPOS="2350" WIDTH="28"/>
						<String ID="P1_ST00414" HPOS="2320" VPOS="2285" WIDTH="70" HEIGHT="48" CONTENT="die" WC="1.00" CC="000"/>
						<SP ID="P1_SP00357" HPOS="2390" VPOS="2350" WIDTH="30"/>
						<String ID="P1_ST00415" HPOS="2420" VPOS="2285" WIDTH="306" HEIGHT="48" CONTENT="Schönheiten" WC="0.99" CC="00185500602"/>
						<SP ID="P1_SP00358" HPOS="2726" VPOS="2350" WIDTH="41"/>
						<String ID="P1_ST00416" HPOS="2767" VPOS="2284" WIDTH="80" HEIGHT="48" CONTENT="der" WC="0.99" CC="002"/>
						<SP ID="P1_SP00359" HPOS="2847" VPOS="2350" WIDTH="28"/>
						<String ID="P1_ST00417" HPOS="2875" VPOS="2285" WIDTH="147" HEIGHT="47" CONTENT="Natur" WC="0.98" CC="50610"/>
						<SP ID="P1_SP00360" HPOS="3022" VPOS="2350" WIDTH="43"/>
						<String ID="P1_ST00418" HPOS="3065" VPOS="2284" WIDTH="92" HEIGHT="48" CONTENT="und" WC="0.98" CC="040"/>
						<SP ID="P1_SP00361" HPOS="3157" VPOS="2350" WIDTH="30"/>
						<String ID="P1_ST00419" HPOS="3187" VPOS="2284" WIDTH="71" HEIGHT="48" CONTENT="die" WC="0.98" CC="050"/>
					</TextLine>
					<TextLine ID="P1_TL00056" HPOS="1741" VPOS="2364" WIDTH="476" HEIGHT="62">
						<String ID="P1_ST00420" HPOS="1741" VPOS="2364" WIDTH="92" HEIGHT="47" CONTENT="ihm" WC="0.96" CC="262"/>
						<SP ID="P1_SP00362" HPOS="1833" VPOS="2411" WIDTH="32"/>
						<String ID="P1_ST00421" HPOS="1865" VPOS="2364" WIDTH="163" HEIGHT="62" CONTENT="heilige" WC="0.99" CC="0000090"/>
						<SP ID="P1_SP00363" HPOS="2028" VPOS="2426" WIDTH="30"/>
						<String ID="P1_ST00422" HPOS="2058" VPOS="2364" WIDTH="159" HEIGHT="47" CONTENT="Kunst." WC="0.98" CC="304643"/>
					</TextLine>
					<TextLine ID="P1_TL00057" HPOS="1856" VPOS="2439" WIDTH="1401" HEIGHT="65">
						<String ID="P1_ST00423" HPOS="1856" VPOS="2441" WIDTH="50" HEIGHT="47" CONTENT="In" WC="0.56" CC="26"/>
						<SP ID="P1_SP00364" HPOS="1906" VPOS="2488" WIDTH="30"/>
						<String ID="P1_ST00424" HPOS="1936" VPOS="2441" WIDTH="168" HEIGHT="47" CONTENT="seinem" WC="0.99" CC="000700"/>
						<SP ID="P1_SP00365" HPOS="2104" VPOS="2488" WIDTH="28"/>
						<String ID="P1_ST00425" HPOS="2132" VPOS="2440" WIDTH="171" HEIGHT="48" CONTENT="Wesen" WC="1.00" CC="00000"/>
						<SP ID="P1_SP00366" HPOS="2303" VPOS="2488" WIDTH="30"/>
						<String ID="P1_ST00426" HPOS="2333" VPOS="2440" WIDTH="160" HEIGHT="64" CONTENT="sprach" WC="0.99" CC="650000"/>
						<SP ID="P1_SP00367" HPOS="2493" VPOS="2504" WIDTH="31"/>
						<String ID="P1_ST00427" HPOS="2524" VPOS="2440" WIDTH="91" HEIGHT="47" CONTENT="sich" WC="0.99" CC="0006"/>
						<SP ID="P1_SP00368" HPOS="2615" VPOS="2504" WIDTH="31"/>
						<String ID="P1_ST00428" HPOS="2646" VPOS="2440" WIDTH="99" HEIGHT="47" CONTENT="eine" WC="1.00" CC="0000"/>
						<SP ID="P1_SP00369" HPOS="2745" VPOS="2504" WIDTH="28"/>
						<String ID="P1_ST00429" HPOS="2773" VPOS="2439" WIDTH="191" HEIGHT="65" CONTENT="gewisse" WC="1.00" CC="0006000"/>
						<SP ID="P1_SP00370" HPOS="2964" VPOS="2504" WIDTH="26"/>
						<String ID="P1_ST00430" HPOS="2990" VPOS="2439" WIDTH="241" HEIGHT="65" CONTENT="Behaglich" SUBS_TYPE="HypPart1" SUBS_CONTENT="Behaglichkeit" WC="1.00" CC="700000004"/>
						<HYP HPOS="3231" VPOS="2439" WIDTH="26" CONTENT="-"/>
					</TextLine>
					<TextLine ID="P1_TL00058" HPOS="1743" VPOS="2516" WIDTH="1514" HEIGHT="66">
						<String ID="P1_ST00431" HPOS="1743" VPOS="2519" WIDTH="90" HEIGHT="48" CONTENT="keit" SUBS_TYPE="HypPart2" SUBS_CONTENT="Behaglichkeit" WC="1.00" CC="0000"/>
						<SP ID="P1_SP00371" HPOS="1833" VPOS="2567" WIDTH="28"/>
						<String ID="P1_ST00432" HPOS="1861" VPOS="2535" WIDTH="96" HEIGHT="38" CONTENT="aus," WC="0.99" CC="0050"/>
						<SP ID="P1_SP00372" HPOS="1957" VPOS="2573" WIDTH="31"/>
						<String ID="P1_ST00433" HPOS="1988" VPOS="2519" WIDTH="89" HEIGHT="47" CONTENT="und" WC="0.92" CC="659"/>
						<SP ID="P1_SP00373" HPOS="2077" VPOS="2573" WIDTH="32"/>
						<String ID="P1_ST00434" HPOS="2109" VPOS="2519" WIDTH="69" HEIGHT="47" CONTENT="ein" WC="0.98" CC="004"/>
						<SP ID="P1_SP00374" HPOS="2178" VPOS="2573" WIDTH="30"/>
						<String ID="P1_ST00435" HPOS="2208" VPOS="2519" WIDTH="315" HEIGHT="63" CONTENT="gutmüthiger" WC="0.76" CC="03000660900"/>
						<SP ID="P1_SP00375" HPOS="2523" VPOS="2582" WIDTH="32"/>
						<String ID="P1_ST00436" HPOS="2555" VPOS="2517" WIDTH="141" HEIGHT="58" CONTENT="Witz," WC="0.97" CC="70352"/>
						<SP ID="P1_SP00376" HPOS="2696" VPOS="2582" WIDTH="28"/>
						<String ID="P1_ST00437" HPOS="2724" VPOS="2516" WIDTH="81" HEIGHT="48" CONTENT="der" WC="0.99" CC="002"/>
						<SP ID="P1_SP00377" HPOS="2805" VPOS="2582" WIDTH="28"/>
						<String ID="P1_ST00438" HPOS="2833" VPOS="2517" WIDTH="166" HEIGHT="49" CONTENT="diesem" WC="1.00" CC="001000"/>
						<SP ID="P1_SP00378" HPOS="2999" VPOS="2582" WIDTH="32"/>
						<String ID="P1_ST00439" HPOS="3031" VPOS="2516" WIDTH="194" HEIGHT="50" CONTENT="Wohlbe" SUBS_TYPE="HypPart1" SUBS_CONTENT="Wohlbehagen" WC="1.00" CC="510000"/>
						<HYP HPOS="3225" VPOS="2516" WIDTH="32" CONTENT="-"/>
					</TextLine>
					<TextLine ID="P1_TL00059" HPOS="1742" VPOS="2595" WIDTH="1515" HEIGHT="67">
						<String ID="P1_ST00440" HPOS="1742" VPOS="2597" WIDTH="149" HEIGHT="65" CONTENT="hagen" SUBS_TYPE="HypPart2" SUBS_CONTENT="Wohlbehagen" WC="0.98" CC="15901"/>
						<SP ID="P1_SP00379" HPOS="1891" VPOS="2662" WIDTH="29"/>
						<String ID="P1_ST00441" HPOS="1920" VPOS="2604" WIDTH="261" HEIGHT="57" CONTENT="entsprang," WC="1.00" CC="0520020600"/>
						<SP ID="P1_SP00380" HPOS="2181" VPOS="2662" WIDTH="39"/>
						<String ID="P1_ST00442" HPOS="2220" VPOS="2611" WIDTH="48" HEIGHT="32" CONTENT="so" WC="1.00" CC="00"/>
						<SP ID="P1_SP00381" HPOS="2268" VPOS="2662" WIDTH="30"/>
						<String ID="P1_ST00443" HPOS="2298" VPOS="2597" WIDTH="85" HEIGHT="46" CONTENT="wie" WC="1.00" CC="000"/>
						<SP ID="P1_SP00382" HPOS="2383" VPOS="2662" WIDTH="28"/>
						<String ID="P1_ST00444" HPOS="2411" VPOS="2595" WIDTH="94" HEIGHT="48" CONTENT="sein" WC="0.99" CC="0020"/>
						<SP ID="P1_SP00383" HPOS="2505" VPOS="2662" WIDTH="30"/>
						<String ID="P1_ST00445" HPOS="2535" VPOS="2595" WIDTH="138" HEIGHT="47" CONTENT="Trieb" WC="1.00" CC="00000"/>
						<SP ID="P1_SP00384" HPOS="2673" VPOS="2662" WIDTH="29"/>
						<String ID="P1_ST00446" HPOS="2702" VPOS="2595" WIDTH="114" HEIGHT="47" CONTENT="nach" WC="0.97" CC="3503"/>
						<SP ID="P1_SP00385" HPOS="2816" VPOS="2662" WIDTH="31"/>
						<String ID="P1_ST00447" HPOS="2847" VPOS="2595" WIDTH="289" HEIGHT="63" CONTENT="Geselligkeit" WC="1.00" CC="002042000066"/>
						<SP ID="P1_SP00386" HPOS="3136" VPOS="2662" WIDTH="28"/>
						<String ID="P1_ST00448" HPOS="3164" VPOS="2611" WIDTH="62" HEIGHT="32" CONTENT="wa" SUBS_TYPE="HypPart1" SUBS_CONTENT="waren" WC="0.97" CC="05"/>
						<HYP HPOS="3226" VPOS="2611" WIDTH="31" CONTENT="-"/>
					</TextLine>
					<TextLine ID="P1_TL00060" HPOS="1742" VPOS="2672" WIDTH="1508" HEIGHT="60">
						<String ID="P1_ST00449" HPOS="1742" VPOS="2691" WIDTH="79" HEIGHT="32" CONTENT="ren" SUBS_TYPE="HypPart2" SUBS_CONTENT="waren" WC="0.98" CC="104"/>
						<SP ID="P1_SP00387" HPOS="1821" VPOS="2723" WIDTH="24"/>
						<String ID="P1_ST00450" HPOS="1845" VPOS="2674" WIDTH="70" HEIGHT="48" CONTENT="die" WC="0.99" CC="002"/>
						<SP ID="P1_SP00388" HPOS="1915" VPOS="2723" WIDTH="24"/>
						<String ID="P1_ST00451" HPOS="1939" VPOS="2675" WIDTH="217" HEIGHT="57" CONTENT="Ursache," WC="0.99" CC="65000004"/>
						<SP ID="P1_SP00389" HPOS="2156" VPOS="2732" WIDTH="24"/>
						<String ID="P1_ST00452" HPOS="2180" VPOS="2674" WIDTH="101" HEIGHT="48" CONTENT="dass" WC="0.92" CC="0002"/>
						<SP ID="P1_SP00390" HPOS="2281" VPOS="2732" WIDTH="20"/>
						<String ID="P1_ST00453" HPOS="2301" VPOS="2674" WIDTH="93" HEIGHT="47" CONTENT="sich" WC="1.00" CC="0002"/>
						<SP ID="P1_SP00391" HPOS="2394" VPOS="2732" WIDTH="24"/>
						<String ID="P1_ST00454" HPOS="2418" VPOS="2672" WIDTH="245" HEIGHT="49" CONTENT="Menschen" WC="1.00" CC="01000000"/>
						<SP ID="P1_SP00392" HPOS="2663" VPOS="2732" WIDTH="21"/>
						<String ID="P1_ST00455" HPOS="2684" VPOS="2689" WIDTH="84" HEIGHT="32" CONTENT="von" WC="0.98" CC="400"/>
						<SP ID="P1_SP00393" HPOS="2768" VPOS="2732" WIDTH="26"/>
						<String ID="P1_ST00456" HPOS="2794" VPOS="2672" WIDTH="193" HEIGHT="49" CONTENT="heiterer" WC="1.00" CC="00060300"/>
						<SP ID="P1_SP00394" HPOS="2987" VPOS="2732" WIDTH="20"/>
						<String ID="P1_ST00457" HPOS="3007" VPOS="2672" WIDTH="213" HEIGHT="49" CONTENT="Gemüths" SUBS_TYPE="HypPart1" SUBS_CONTENT="Gemüthsart" WC="0.67" CC="0060646"/>
						<HYP HPOS="3220" VPOS="2672" WIDTH="30" CONTENT="-"/>
					</TextLine>
					<TextLine ID="P1_TL00061" HPOS="1742" VPOS="2749" WIDTH="1191" HEIGHT="64">
						<String ID="P1_ST00458" HPOS="1742" VPOS="2760" WIDTH="71" HEIGHT="41" CONTENT="art" SUBS_TYPE="HypPart2" SUBS_CONTENT="Gemüthsart" WC="0.57" CC="254"/>
						<SP ID="P1_SP00395" HPOS="1813" VPOS="2801" WIDTH="28"/>
						<String ID="P1_ST00459" HPOS="1841" VPOS="2751" WIDTH="93" HEIGHT="48" CONTENT="und" WC="0.99" CC="030"/>
						<SP ID="P1_SP00396" HPOS="1934" VPOS="2801" WIDTH="32"/>
						<String ID="P1_ST00460" HPOS="1966" VPOS="2751" WIDTH="205" HEIGHT="48" CONTENT="leichtem" WC="0.99" CC="40006006"/>
						<SP ID="P1_SP00397" HPOS="2171" VPOS="2801" WIDTH="31"/>
						<String ID="P1_ST00461" HPOS="2202" VPOS="2751" WIDTH="138" HEIGHT="47" CONTENT="Sinne" WC="0.99" CC="40400"/>
						<SP ID="P1_SP00398" HPOS="2340" VPOS="2801" WIDTH="29"/>
						<String ID="P1_ST00462" HPOS="2369" VPOS="2765" WIDTH="112" HEIGHT="48" CONTENT="gern" WC="0.96" CC="9027"/>
						<SP ID="P1_SP00399" HPOS="2481" VPOS="2813" WIDTH="29"/>
						<String ID="P1_ST00463" HPOS="2510" VPOS="2750" WIDTH="92" HEIGHT="47" CONTENT="ihm" WC="0.98" CC="040"/>
						<SP ID="P1_SP00400" HPOS="2602" VPOS="2813" WIDTH="32"/>
						<String ID="P1_ST00464" HPOS="2634" VPOS="2749" WIDTH="299" HEIGHT="48" CONTENT="anschlössen." WC="1.00" CC="070001000000"/>
					</TextLine>
					<TextLine ID="P1_TL00062" HPOS="1858" VPOS="2826" WIDTH="1300" HEIGHT="51">
						<String ID="P1_ST00465" HPOS="1858" VPOS="2831" WIDTH="96" HEIGHT="46" CONTENT="Ihm" WC="0.95" CC="660"/>
						<SP ID="P1_SP00401" HPOS="1954" VPOS="2877" WIDTH="46"/>
						<String ID="P1_ST00466" HPOS="2000" VPOS="2846" WIDTH="152" HEIGHT="31" CONTENT="waren" WC="0.98" CC="03805"/>
						<SP ID="P1_SP00402" HPOS="2152" VPOS="2877" WIDTH="43"/>
						<String ID="P1_ST00467" HPOS="2195" VPOS="2829" WIDTH="256" HEIGHT="48" CONTENT="Falschheit" WC="0.99" CC="4372062000"/>
						<SP ID="P1_SP00403" HPOS="2451" VPOS="2877" WIDTH="39"/>
						<String ID="P1_ST00468" HPOS="2490" VPOS="2827" WIDTH="90" HEIGHT="49" CONTENT="und" WC="0.97" CC="070"/>
						<SP ID="P1_SP00404" HPOS="2580" VPOS="2877" WIDTH="31"/>
						<String ID="P1_ST00469" HPOS="2611" VPOS="2827" WIDTH="114" HEIGHT="49" CONTENT="Neid" WC="0.99" CC="5000"/>
						<SP ID="P1_SP00405" HPOS="2725" VPOS="2877" WIDTH="29"/>
						<String ID="P1_ST00470" HPOS="2754" VPOS="2827" WIDTH="228" HEIGHT="47" CONTENT="durchaus" WC="1.00" CC="03000030"/>
						<SP ID="P1_SP00406" HPOS="2982" VPOS="2877" WIDTH="31"/>
						<String ID="P1_ST00471" HPOS="3013" VPOS="2826" WIDTH="145" HEIGHT="48" CONTENT="fremd" WC="1.00" CC="03000"/>
						<SP ID="P1_SP00407" HPOS="3158" VPOS="2877" WIDTH="0"/>
					</TextLine>
					<TextLine ID="P1_TL00063" HPOS="1742" VPOS="2904" WIDTH="1514" HEIGHT="66">
						<String ID="P1_ST00472" HPOS="1742" VPOS="2924" WIDTH="48" HEIGHT="32" CONTENT="so" WC="0.84" CC="03"/>
						<SP ID="P1_SP00408" HPOS="1790" VPOS="2956" WIDTH="40"/>
						<String ID="P1_ST00473" HPOS="1830" VPOS="2907" WIDTH="340" HEIGHT="49" CONTENT="charakterisirt" WC="0.72" CC="07411760010015"/>
						<SP ID="P1_SP00409" HPOS="2170" VPOS="2956" WIDTH="37"/>
						<String ID="P1_ST00474" HPOS="2207" VPOS="2907" WIDTH="75" HEIGHT="47" CONTENT="ihn" WC="0.97" CC="008"/>
						<SP ID="P1_SP00410" HPOS="2282" VPOS="2956" WIDTH="42"/>
						<String ID="P1_ST00475" HPOS="2324" VPOS="2907" WIDTH="39" HEIGHT="47" CONTENT="J." WC="0.48" CC="63"/>
						<SP ID="P1_SP00411" HPOS="2363" VPOS="2956" WIDTH="32"/>
						<String ID="P1_ST00476" HPOS="2395" VPOS="2906" WIDTH="259" HEIGHT="64" CONTENT="Mayrhofer" WC="0.58" CC="046560904"/>
						<String ID="P1_ST00477" HPOS="2672" VPOS="2923" WIDTH="81" HEIGHT="29" CONTENT="—:" WC="0.60" CC="80"/>
						<SP ID="P1_SP00412" HPOS="2753" VPOS="2970" WIDTH="43"/>
						<String ID="P1_ST00478" HPOS="2796" VPOS="2906" WIDTH="43" HEIGHT="46" CONTENT="in" WC="1.00" CC="00"/>
						<SP ID="P1_SP00413" HPOS="2839" VPOS="2970" WIDTH="42"/>
						<String ID="P1_ST00479" HPOS="2881" VPOS="2906" WIDTH="170" HEIGHT="46" CONTENT="seinem" WC="0.99" CC="000606"/>
						<SP ID="P1_SP00414" HPOS="3051" VPOS="2970" WIDTH="32"/>
						<String ID="P1_ST00480" HPOS="3083" VPOS="2904" WIDTH="173" HEIGHT="48" CONTENT="Wesen" WC="0.98" CC="25006"/>
					</TextLine>
					<TextLine ID="P1_TL00064" HPOS="1743" VPOS="2981" WIDTH="1514" HEIGHT="56">
						<String ID="P1_ST00481" HPOS="1743" VPOS="2986" WIDTH="217" HEIGHT="47" CONTENT="mischten" WC="0.99" CC="00300505"/>
						<SP ID="P1_SP00415" HPOS="1960" VPOS="3033" WIDTH="23"/>
						<String ID="P1_ST00482" HPOS="1983" VPOS="2985" WIDTH="91" HEIGHT="47" CONTENT="sich" WC="0.97" CC="5005"/>
						<SP ID="P1_SP00416" HPOS="2074" VPOS="3033" WIDTH="22"/>
						<String ID="P1_ST00483" HPOS="2096" VPOS="2985" WIDTH="202" HEIGHT="47" CONTENT="Zartheit" WC="0.99" CC="00305050"/>
						<SP ID="P1_SP00417" HPOS="2298" VPOS="3033" WIDTH="23"/>
						<String ID="P1_ST00484" HPOS="2321" VPOS="2984" WIDTH="90" HEIGHT="48" CONTENT="und" WC="0.99" CC="030"/>
						<SP ID="P1_SP00418" HPOS="2411" VPOS="3033" WIDTH="19"/>
						<String ID="P1_ST00485" HPOS="2430" VPOS="2984" WIDTH="237" HEIGHT="53" CONTENT="Derbheit," WC="0.99" CC="502630042"/>
						<SP ID="P1_SP00419" HPOS="2667" VPOS="3037" WIDTH="24"/>
						<String ID="P1_ST00486" HPOS="2691" VPOS="2981" WIDTH="296" HEIGHT="50" CONTENT="Genusshebe" WC="1.00" CC="0000107040"/>
						<SP ID="P1_SP00420" HPOS="2987" VPOS="3037" WIDTH="25"/>
						<String ID="P1_ST00487" HPOS="3012" VPOS="2981" WIDTH="79" HEIGHT="48" CONTENT="mit" WC="1.00" CC="000"/>
						<SP ID="P1_SP00421" HPOS="3091" VPOS="3037" WIDTH="23"/>
						<String ID="P1_ST00488" HPOS="3114" VPOS="2982" WIDTH="115" HEIGHT="47" CONTENT="Treu" SUBS_TYPE="HypPart1" SUBS_CONTENT="Treuherzigkeit," WC="0.98" CC="6400"/>
						<HYP HPOS="3229" VPOS="2982" WIDTH="28" CONTENT="-"/>
					</TextLine>
					<TextLine ID="P1_TL00065" HPOS="1743" VPOS="3059" WIDTH="1514" HEIGHT="68">
						<String ID="P1_ST00489" HPOS="1743" VPOS="3064" WIDTH="262" HEIGHT="63" CONTENT="herzigkeit," SUBS_TYPE="HypPart2" SUBS_CONTENT="Treuherzigkeit," WC="0.99" CC="00560050060"/>
						<SP ID="P1_SP00422" HPOS="2005" VPOS="3127" WIDTH="32"/>
						<String ID="P1_ST00490" HPOS="2037" VPOS="3061" WIDTH="291" HEIGHT="64" CONTENT="Geselligkeit" WC="0.99" CC="603056400020"/>
						<SP ID="P1_SP00423" HPOS="2328" VPOS="3127" WIDTH="21"/>
						<String ID="P1_ST00491" HPOS="2349" VPOS="3062" WIDTH="80" HEIGHT="46" CONTENT="mit" WC="0.96" CC="405"/>
						<SP ID="P1_SP00424" HPOS="2429" VPOS="3127" WIDTH="22"/>
						<String ID="P1_ST00492" HPOS="2451" VPOS="3060" WIDTH="313" HEIGHT="48" CONTENT="Melancholie." WC="1.00" CC="007000003003"/>
						<SP ID="P1_SP00425" HPOS="2764" VPOS="3127" WIDTH="32"/>
						<String ID="P1_ST00493" HPOS="2796" VPOS="3060" WIDTH="295" HEIGHT="54" CONTENT="Bescheiden," WC="1.00" CC="60000000051"/>
						<SP ID="P1_SP00426" HPOS="3091" VPOS="3127" WIDTH="29"/>
						<String ID="P1_ST00494" HPOS="3120" VPOS="3059" WIDTH="137" HEIGHT="55" CONTENT="offen," WC="0.97" CC="379050"/>
					</TextLine>
					<TextLine ID="P1_TL00066" HPOS="1742" VPOS="3136" WIDTH="1515" HEIGHT="58">
						<String ID="P1_ST00495" HPOS="1742" VPOS="3140" WIDTH="213" HEIGHT="54" CONTENT="kindlich," WC="1.00" CC="005004000"/>
						<SP ID="P1_SP00427" HPOS="1955" VPOS="3194" WIDTH="32"/>
						<String ID="P1_ST00496" HPOS="1987" VPOS="3141" WIDTH="150" HEIGHT="47" CONTENT="besass" WC="0.95" CC="200000"/>
						<SP ID="P1_SP00428" HPOS="2137" VPOS="3194" WIDTH="23"/>
						<String ID="P1_ST00497" HPOS="2160" VPOS="3156" WIDTH="48" HEIGHT="32" CONTENT="er" WC="0.82" CC="03"/>
						<SP ID="P1_SP00429" HPOS="2208" VPOS="3194" WIDTH="24"/>
						<String ID="P1_ST00498" HPOS="2232" VPOS="3140" WIDTH="186" HEIGHT="47" CONTENT="Gönner" WC="0.99" CC="206004"/>
						<SP ID="P1_SP00430" HPOS="2418" VPOS="3194" WIDTH="21"/>
						<String ID="P1_ST00499" HPOS="2439" VPOS="3137" WIDTH="93" HEIGHT="49" CONTENT="und" WC="0.99" CC="030"/>
						<SP ID="P1_SP00431" HPOS="2532" VPOS="3194" WIDTH="23"/>
						<String ID="P1_ST00500" HPOS="2555" VPOS="3137" WIDTH="230" HEIGHT="55" CONTENT="Freunde," WC="0.99" CC="90006000"/>
						<SP ID="P1_SP00432" HPOS="2785" VPOS="3194" WIDTH="23"/>
						<String ID="P1_ST00501" HPOS="2808" VPOS="3137" WIDTH="71" HEIGHT="47" CONTENT="die" WC="1.00" CC="000"/>
						<SP ID="P1_SP00433" HPOS="2879" VPOS="3194" WIDTH="21"/>
						<String ID="P1_ST00502" HPOS="2900" VPOS="3137" WIDTH="153" HEIGHT="47" CONTENT="seinen" WC="0.98" CC="004507"/>
						<SP ID="P1_SP00434" HPOS="3053" VPOS="3194" WIDTH="23"/>
						<String ID="P1_ST00503" HPOS="3076" VPOS="3136" WIDTH="156" HEIGHT="48" CONTENT="Schick" SUBS_TYPE="HypPart1" SUBS_CONTENT="Schicksalen" WC="0.99" CC="406140"/>
						<HYP HPOS="3232" VPOS="3136" WIDTH="25" CONTENT="-"/>
					</TextLine>
					<TextLine ID="P1_TL00067" HPOS="1742" VPOS="3213" WIDTH="1514" HEIGHT="54">
						<String ID="P1_ST00504" HPOS="1742" VPOS="3219" WIDTH="122" HEIGHT="48" CONTENT="salen" SUBS_TYPE="HypPart2" SUBS_CONTENT="Schicksalen" WC="0.99" CC="00006"/>
						<SP ID="P1_SP00435" HPOS="1864" VPOS="3267" WIDTH="32"/>
						<String ID="P1_ST00505" HPOS="1896" VPOS="3217" WIDTH="90" HEIGHT="49" CONTENT="und" WC="0.95" CC="067"/>
						<SP ID="P1_SP00436" HPOS="1986" VPOS="3267" WIDTH="32"/>
						<String ID="P1_ST00506" HPOS="2018" VPOS="3217" WIDTH="332" HEIGHT="49" CONTENT="Productionen" WC="0.82" CC="501000500305"/>
						<SP ID="P1_SP00437" HPOS="2350" VPOS="3267" WIDTH="32"/>
						<String ID="P1_ST00507" HPOS="2382" VPOS="3216" WIDTH="253" HEIGHT="47" CONTENT="herzlichen" WC="0.99" CC="0006300706"/>
						<SP ID="P1_SP00438" HPOS="2635" VPOS="3267" WIDTH="33"/>
						<String ID="P1_ST00508" HPOS="2668" VPOS="3215" WIDTH="180" HEIGHT="48" CONTENT="Antheil" WC="0.87" CC="0205000"/>
						<SP ID="P1_SP00439" HPOS="2848" VPOS="3267" WIDTH="41"/>
						<String ID="P1_ST00509" HPOS="2889" VPOS="3213" WIDTH="240" HEIGHT="49" CONTENT="widmeten" WC="1.00" CC="00000000"/>
						<SP ID="P1_SP00440" HPOS="3129" VPOS="3267" WIDTH="38"/>
						<String ID="P1_ST00510" HPOS="3167" VPOS="3213" WIDTH="89" HEIGHT="47" CONTENT="und" WC="0.96" CC="560"/>
					</TextLine>
					<TextLine ID="P1_TL00068" HPOS="1745" VPOS="3291" WIDTH="1513" HEIGHT="68">
						<String ID="P1_ST00511" HPOS="1745" VPOS="3296" WIDTH="81" HEIGHT="48" CONTENT="auf" WC="0.99" CC="020"/>
						<SP ID="P1_SP00441" HPOS="1826" VPOS="3344" WIDTH="15"/>
						<String ID="P1_ST00512" HPOS="1841" VPOS="3296" WIDTH="135" HEIGHT="63" CONTENT="jenen" WC="0.98" CC="00616"/>
						<SP ID="P1_SP00442" HPOS="1976" VPOS="3359" WIDTH="31"/>
						<String ID="P1_ST00513" HPOS="2007" VPOS="3295" WIDTH="300" HEIGHT="63" CONTENT="allgemeinen" WC="0.99" CC="60500900606"/>
						<SP ID="P1_SP00443" HPOS="2307" VPOS="3359" WIDTH="32"/>
						<String ID="P1_ST00514" HPOS="2339" VPOS="3293" WIDTH="263" HEIGHT="55" CONTENT="hinwiesen," WC="0.99" CC="4080005030"/>
						<SP ID="P1_SP00444" HPOS="2602" VPOS="3359" WIDTH="30"/>
						<String ID="P1_ST00515" HPOS="2632" VPOS="3292" WIDTH="196" HEIGHT="47" CONTENT="welcher" WC="0.99" CC="0010412"/>
						<SP ID="P1_SP00445" HPOS="2828" VPOS="3359" WIDTH="29"/>
						<String ID="P1_ST00516" HPOS="2857" VPOS="3291" WIDTH="100" HEIGHT="47" CONTENT="dem" WC="1.00" CC="000"/>
						<SP ID="P1_SP00446" HPOS="2957" VPOS="3359" WIDTH="33"/>
						<String ID="P1_ST00517" HPOS="2990" VPOS="3292" WIDTH="154" HEIGHT="61" CONTENT="länger" WC="0.99" CC="006000"/>
						<SP ID="P1_SP00447" HPOS="3144" VPOS="3359" WIDTH="29"/>
						<String ID="P1_ST00518" HPOS="3173" VPOS="3292" WIDTH="57" HEIGHT="46" CONTENT="Le" SUBS_TYPE="HypPart1" SUBS_CONTENT="Lebenden" WC="0.98" CC="40"/>
						<HYP HPOS="3230" VPOS="3292" WIDTH="28" CONTENT="-"/>
					</TextLine>
					<TextLine ID="P1_TL00069" HPOS="1746" VPOS="3370" WIDTH="1512" HEIGHT="66">
						<String ID="P1_ST00519" HPOS="1746" VPOS="3375" WIDTH="174" HEIGHT="45" CONTENT="benden" SUBS_TYPE="HypPart2" SUBS_CONTENT="Lebenden" WC="0.99" CC="501008"/>
						<SP ID="P1_SP00448" HPOS="1920" VPOS="3420" WIDTH="47"/>
						<String ID="P1_ST00520" HPOS="1967" VPOS="3375" WIDTH="162" HEIGHT="61" CONTENT="gewiss" WC="0.98" CC="950050"/>
						<SP ID="P1_SP00449" HPOS="2129" VPOS="3436" WIDTH="42"/>
						<String ID="P1_ST00521" HPOS="2171" VPOS="3372" WIDTH="245" HEIGHT="64" CONTENT="geworden" WC="0.99" CC="00040006"/>
						<SP ID="P1_SP00450" HPOS="2416" VPOS="3436" WIDTH="46"/>
						<String ID="P1_ST00522" HPOS="2462" VPOS="3376" WIDTH="121" HEIGHT="42" CONTENT="wäre" WC="0.98" CC="0900"/>
						<SP ID="P1_SP00451" HPOS="2583" VPOS="3436" WIDTH="49"/>
						<String ID="P1_ST00523" HPOS="2632" VPOS="3372" WIDTH="90" HEIGHT="46" CONTENT="und" WC="0.96" CC="450"/>
						<SP ID="P1_SP00452" HPOS="2722" VPOS="3436" WIDTH="39"/>
						<String ID="P1_ST00524" HPOS="2761" VPOS="3371" WIDTH="99" HEIGHT="46" CONTENT="dem" WC="0.97" CC="007"/>
						<SP ID="P1_SP00453" HPOS="2860" VPOS="3436" WIDTH="44"/>
						<String ID="P1_ST00525" HPOS="2904" VPOS="3370" WIDTH="42" HEIGHT="47" CONTENT="in" WC="0.68" CC="06"/>
						<SP ID="P1_SP00454" HPOS="2946" VPOS="3436" WIDTH="39"/>
						<String ID="P1_ST00526" HPOS="2985" VPOS="3370" WIDTH="80" HEIGHT="45" CONTENT="der" WC="1.00" CC="001"/>
						<SP ID="P1_SP00455" HPOS="3065" VPOS="3436" WIDTH="31"/>
						<String ID="P1_ST00527" HPOS="3096" VPOS="3370" WIDTH="162" HEIGHT="45" CONTENT="Blüthe" WC="0.66" CC="760600"/>
					</TextLine>
					<TextLine ID="P1_TL00070" HPOS="1746" VPOS="3446" WIDTH="1512" HEIGHT="70">
						<String ID="P1_ST00528" HPOS="1746" VPOS="3450" WIDTH="421" HEIGHT="66" CONTENT="Hingeschiedenen" WC="1.00" CC="406000360000614"/>
						<SP ID="P1_SP00456" HPOS="2167" VPOS="3516" WIDTH="26"/>
						<String ID="P1_ST00529" HPOS="2193" VPOS="3450" WIDTH="113" HEIGHT="47" CONTENT="noch" WC="0.96" CC="6306"/>
						<SP ID="P1_SP00457" HPOS="2306" VPOS="3516" WIDTH="27"/>
						<String ID="P1_ST00530" HPOS="2333" VPOS="3450" WIDTH="213" HEIGHT="63" CONTENT="gewisser" WC="0.99" CC="00901532"/>
						<SP ID="P1_SP00458" HPOS="2546" VPOS="3516" WIDTH="23"/>
						<String ID="P1_ST00531" HPOS="2569" VPOS="3448" WIDTH="339" HEIGHT="63" CONTENT="nachgetragen" WC="0.99" CC="700090036905"/>
						<SP ID="P1_SP00459" HPOS="2908" VPOS="3516" WIDTH="19"/>
						<String ID="P1_ST00532" HPOS="2927" VPOS="3446" WIDTH="182" HEIGHT="47" CONTENT="werden" WC="0.99" CC="001006"/>
						<SP ID="P1_SP00460" HPOS="3109" VPOS="3516" WIDTH="22"/>
						<String ID="P1_ST00533" HPOS="3131" VPOS="3446" WIDTH="127" HEIGHT="47" CONTENT="wird." WC="0.98" CC="90104"/>
					</TextLine>
					<TextLine ID="P1_TL00071" HPOS="1860" VPOS="3523" WIDTH="1398" HEIGHT="68">
						<String ID="P1_ST00534" HPOS="1860" VPOS="3530" WIDTH="47" HEIGHT="45" CONTENT="In" WC="0.54" CC="26"/>
						<SP ID="P1_SP00461" HPOS="1907" VPOS="3575" WIDTH="34"/>
						<String ID="P1_ST00535" HPOS="1941" VPOS="3528" WIDTH="79" HEIGHT="47" CONTENT="der" WC="0.99" CC="010"/>
						<SP ID="P1_SP00462" HPOS="2020" VPOS="3575" WIDTH="47"/>
						<String ID="P1_ST00536" HPOS="2067" VPOS="3528" WIDTH="139" HEIGHT="63" CONTENT="Regel" WC="0.99" CC="53000"/>
						<SP ID="P1_SP00463" HPOS="2206" VPOS="3591" WIDTH="41"/>
						<String ID="P1_ST00537" HPOS="2247" VPOS="3527" WIDTH="177" HEIGHT="64" CONTENT="begann" WC="0.98" CC="300088"/>
						<SP ID="P1_SP00464" HPOS="2424" VPOS="3591" WIDTH="46"/>
						<String ID="P1_ST00538" HPOS="2470" VPOS="3527" WIDTH="142" HEIGHT="46" CONTENT="Franz" WC="0.96" CC="30787"/>
						<SP ID="P1_SP00465" HPOS="2612" VPOS="3591" WIDTH="43"/>
						<String ID="P1_ST00539" HPOS="2655" VPOS="3525" WIDTH="92" HEIGHT="48" CONTENT="sein" WC="0.99" CC="0005"/>
						<SP ID="P1_SP00466" HPOS="2747" VPOS="3591" WIDTH="42"/>
						<String ID="P1_ST00540" HPOS="2789" VPOS="3525" WIDTH="254" HEIGHT="62" CONTENT="Tagewerk" WC="1.00" CC="04000030"/>
						<SP ID="P1_SP00467" HPOS="3043" VPOS="3591" WIDTH="45"/>
						<String ID="P1_ST00541" HPOS="3088" VPOS="3525" WIDTH="42" HEIGHT="45" CONTENT="in" WC="0.68" CC="06"/>
						<SP ID="P1_SP00468" HPOS="3130" VPOS="3591" WIDTH="43"/>
						<String ID="P1_ST00542" HPOS="3173" VPOS="3523" WIDTH="85" HEIGHT="49" CONTENT="den" WC="0.97" CC="035"/>
					</TextLine>
					<TextLine ID="P1_TL00072" HPOS="1745" VPOS="3600" WIDTH="1516" HEIGHT="69">
						<String ID="P1_ST00543" HPOS="1745" VPOS="3605" WIDTH="406" HEIGHT="64" CONTENT="Morgenstunden," WC="0.99" CC="90404666070070"/>
						<SP ID="P1_SP00469" HPOS="2151" VPOS="3669" WIDTH="47"/>
						<String ID="P1_ST00544" HPOS="2198" VPOS="3605" WIDTH="80" HEIGHT="47" CONTENT="auf" WC="0.96" CC="703"/>
						<SP ID="P1_SP00470" HPOS="2278" VPOS="3669" WIDTH="37"/>
						<String ID="P1_ST00545" HPOS="2315" VPOS="3603" WIDTH="101" HEIGHT="47" CONTENT="dem" WC="1.00" CC="000"/>
						<SP ID="P1_SP00471" HPOS="2416" VPOS="3669" WIDTH="49"/>
						<String ID="P1_ST00546" HPOS="2465" VPOS="3603" WIDTH="127" HEIGHT="47" CONTENT="Bette" WC="0.98" CC="70160"/>
						<SP ID="P1_SP00472" HPOS="2592" VPOS="3669" WIDTH="39"/>
						<String ID="P1_ST00547" HPOS="2631" VPOS="3601" WIDTH="165" HEIGHT="49" CONTENT="sitzend" WC="0.98" CC="1067609"/>
						<SP ID="P1_SP00473" HPOS="2796" VPOS="3669" WIDTH="47"/>
						<String ID="P1_ST00548" HPOS="2843" VPOS="3602" WIDTH="89" HEIGHT="46" CONTENT="und" WC="0.97" CC="070"/>
						<SP ID="P1_SP00474" HPOS="2932" VPOS="3669" WIDTH="43"/>
						<String ID="P1_ST00549" HPOS="2975" VPOS="3600" WIDTH="286" HEIGHT="54" CONTENT="schreibend," WC="0.99" CC="67750000700"/>
					</TextLine>
					<TextLine ID="P1_TL00073" HPOS="1747" VPOS="3678" WIDTH="1511" HEIGHT="65">
						<String ID="P1_ST00550" HPOS="1747" VPOS="3682" WIDTH="88" HEIGHT="50" CONTENT="und" WC="0.94" CC="439"/>
						<SP ID="P1_SP00475" HPOS="1835" VPOS="3732" WIDTH="29"/>
						<String ID="P1_ST00551" HPOS="1864" VPOS="3683" WIDTH="154" HEIGHT="47" CONTENT="führte" WC="0.99" CC="000160"/>
						<SP ID="P1_SP00476" HPOS="2018" VPOS="3732" WIDTH="29"/>
						<String ID="P1_ST00552" HPOS="2047" VPOS="3699" WIDTH="44" HEIGHT="30" CONTENT="es" WC="1.00" CC="00"/>
						<SP ID="P1_SP00477" HPOS="2091" VPOS="3732" WIDTH="32"/>
						<String ID="P1_ST00553" HPOS="2123" VPOS="3681" WIDTH="400" HEIGHT="48" CONTENT="ununterbrochen" WC="0.99" CC="67753228000407"/>
						<SP ID="P1_SP00478" HPOS="2523" VPOS="3732" WIDTH="33"/>
						<String ID="P1_ST00554" HPOS="2556" VPOS="3680" WIDTH="64" HEIGHT="47" CONTENT="bis" WC="0.94" CC="536"/>
						<SP ID="P1_SP00479" HPOS="2620" VPOS="3732" WIDTH="28"/>
						<String ID="P1_ST00555" HPOS="2648" VPOS="3697" WIDTH="77" HEIGHT="30" CONTENT="zur" WC="0.95" CC="651"/>
						<SP ID="P1_SP00480" HPOS="2725" VPOS="3732" WIDTH="25"/>
						<String ID="P1_ST00556" HPOS="2750" VPOS="3680" WIDTH="267" HEIGHT="63" CONTENT="Mittagszeit" WC="0.99" CC="00350066005"/>
						<SP ID="P1_SP00481" HPOS="3017" VPOS="3743" WIDTH="31"/>
						<String ID="P1_ST00557" HPOS="3048" VPOS="3678" WIDTH="97" HEIGHT="47" CONTENT="fort." WC="0.97" CC="93302"/>
						<SP ID="P1_SP00482" HPOS="3145" VPOS="3743" WIDTH="47"/>
						<String ID="P1_ST00558" HPOS="3192" VPOS="3680" WIDTH="66" HEIGHT="44" CONTENT="Da" WC="0.56" CC="80"/>
					</TextLine>
					<TextLine ID="P1_TL00074" HPOS="1747" VPOS="3757" WIDTH="1513" HEIGHT="69">
						<String ID="P1_ST00559" HPOS="1747" VPOS="3763" WIDTH="107" HEIGHT="63" CONTENT="ging" WC="0.97" CC="7060"/>
						<SP ID="P1_SP00483" HPOS="1854" VPOS="3826" WIDTH="29"/>
						<String ID="P1_ST00560" HPOS="1883" VPOS="3762" WIDTH="117" HEIGHT="48" CONTENT="denn" WC="0.97" CC="0066"/>
						<SP ID="P1_SP00484" HPOS="2000" VPOS="3826" WIDTH="30"/>
						<String ID="P1_ST00561" HPOS="2030" VPOS="3762" WIDTH="92" HEIGHT="47" CONTENT="sein" WC="1.00" CC="0000"/>
						<SP ID="P1_SP00485" HPOS="2122" VPOS="3826" WIDTH="29"/>
						<String ID="P1_ST00562" HPOS="2151" VPOS="3776" WIDTH="163" HEIGHT="48" CONTENT="ganzes" WC="0.99" CC="000600"/>
						<SP ID="P1_SP00486" HPOS="2314" VPOS="3826" WIDTH="29"/>
						<String ID="P1_ST00563" HPOS="2343" VPOS="3760" WIDTH="175" HEIGHT="48" CONTENT="Wesen" WC="0.98" CC="16111"/>
						<SP ID="P1_SP00487" HPOS="2518" VPOS="3826" WIDTH="32"/>
						<String ID="P1_ST00564" HPOS="2550" VPOS="3760" WIDTH="40" HEIGHT="45" CONTENT="in" WC="0.67" CC="06"/>
						<SP ID="P1_SP00488" HPOS="2590" VPOS="3826" WIDTH="33"/>
						<String ID="P1_ST00565" HPOS="2623" VPOS="3758" WIDTH="145" HEIGHT="47" CONTENT="Musik" WC="0.99" CC="04010"/>
						<SP ID="P1_SP00489" HPOS="2768" VPOS="3826" WIDTH="33"/>
						<String ID="P1_ST00566" HPOS="2801" VPOS="3757" WIDTH="99" HEIGHT="55" CONTENT="auf;" WC="0.96" CC="4445"/>
						<SP ID="P1_SP00490" HPOS="2900" VPOS="3826" WIDTH="43"/>
						<String ID="P1_ST00567" HPOS="2943" VPOS="3757" WIDTH="63" HEIGHT="47" CONTENT="oft" WC="0.95" CC="093"/>
						<SP ID="P1_SP00491" HPOS="3006" VPOS="3826" WIDTH="31"/>
						<String ID="P1_ST00568" HPOS="3037" VPOS="3757" WIDTH="144" HEIGHT="46" CONTENT="fühlte" WC="0.98" CC="900460"/>
						<SP ID="P1_SP00492" HPOS="3181" VPOS="3826" WIDTH="29"/>
						<String ID="P1_ST00569" HPOS="3210" VPOS="3771" WIDTH="50" HEIGHT="32" CONTENT="er" WC="0.99" CC="00"/>
					</TextLine>
					<TextLine ID="P1_TL00075" HPOS="1745" VPOS="3833" WIDTH="1510" HEIGHT="69">
						<String ID="P1_ST00570" HPOS="1745" VPOS="3840" WIDTH="92" HEIGHT="47" CONTENT="sich" WC="1.00" CC="0000"/>
						<SP ID="P1_SP00493" HPOS="1837" VPOS="3887" WIDTH="32"/>
						<String ID="P1_ST00571" HPOS="1869" VPOS="3856" WIDTH="83" HEIGHT="31" CONTENT="von" WC="0.97" CC="016"/>
						<SP ID="P1_SP00494" HPOS="1952" VPOS="3887" WIDTH="30"/>
						<String ID="P1_ST00572" HPOS="1982" VPOS="3840" WIDTH="150" HEIGHT="47" CONTENT="seinen" WC="0.99" CC="100007"/>
						<SP ID="P1_SP00495" HPOS="2132" VPOS="3887" WIDTH="32"/>
						<String ID="P1_ST00573" HPOS="2164" VPOS="3837" WIDTH="324" HEIGHT="65" CONTENT="Schöpfungen" WC="0.99" CC="50600027008"/>
						<SP ID="P1_SP00496" HPOS="2488" VPOS="3902" WIDTH="29"/>
						<String ID="P1_ST00574" HPOS="2517" VPOS="3836" WIDTH="137" HEIGHT="47" CONTENT="selbst" WC="0.99" CC="003400"/>
						<SP ID="P1_SP00497" HPOS="2654" VPOS="3902" WIDTH="29"/>
						<String ID="P1_ST00575" HPOS="2683" VPOS="3834" WIDTH="231" HEIGHT="65" CONTENT="ergriffen," WC="0.99" CC="0590079030"/>
						<SP ID="P1_SP00498" HPOS="2914" VPOS="3902" WIDTH="41"/>
						<String ID="P1_ST00576" HPOS="2955" VPOS="3833" WIDTH="88" HEIGHT="47" CONTENT="und" WC="0.96" CC="270"/>
						<SP ID="P1_SP00499" HPOS="3043" VPOS="3902" WIDTH="30"/>
						<String ID="P1_ST00577" HPOS="3073" VPOS="3836" WIDTH="152" HEIGHT="59" CONTENT="Augen" SUBS_TYPE="HypPart1" SUBS_CONTENT="Augenzeugen" WC="0.98" CC="55007"/>
						<HYP HPOS="3225" VPOS="3836" WIDTH="30" CONTENT="-"/>
					</TextLine>
					<TextLine ID="P1_TL00076" HPOS="1746" VPOS="3909" WIDTH="1512" HEIGHT="73">
						<String ID="P1_ST00578" HPOS="1746" VPOS="3934" WIDTH="170" HEIGHT="48" CONTENT="zeugen" SUBS_TYPE="HypPart2" SUBS_CONTENT="Augenzeugen" WC="0.98" CC="702006"/>
						<SP ID="P1_SP00500" HPOS="1916" VPOS="3982" WIDTH="32"/>
						<String ID="P1_ST00579" HPOS="1948" VPOS="3917" WIDTH="270" HEIGHT="51" CONTENT="versichern," WC="0.99" CC="00333040080"/>
						<SP ID="P1_SP00501" HPOS="2218" VPOS="3982" WIDTH="28"/>
						<String ID="P1_ST00580" HPOS="2246" VPOS="3914" WIDTH="102" HEIGHT="49" CONTENT="dass" WC="0.61" CC="9050"/>
						<SP ID="P1_SP00502" HPOS="2348" VPOS="3982" WIDTH="21"/>
						<String ID="P1_ST00581" HPOS="2369" VPOS="3914" WIDTH="63" HEIGHT="47" CONTENT="sie" WC="0.99" CC="030"/>
						<SP ID="P1_SP00503" HPOS="2432" VPOS="3982" WIDTH="24"/>
						<String ID="P1_ST00582" HPOS="2456" VPOS="3914" WIDTH="57" HEIGHT="47" CONTENT="da" WC="1.00" CC="00"/>
						<SP ID="P1_SP00504" HPOS="2513" VPOS="3982" WIDTH="22"/>
						<String ID="P1_ST00583" HPOS="2535" VPOS="3930" WIDTH="55" HEIGHT="31" CONTENT="an" WC="0.97" CC="00"/>
						<SP ID="P1_SP00505" HPOS="2590" VPOS="3982" WIDTH="25"/>
						<String ID="P1_ST00584" HPOS="2615" VPOS="3914" WIDTH="166" HEIGHT="46" CONTENT="seinem" WC="0.99" CC="230700"/>
						<SP ID="P1_SP00506" HPOS="2781" VPOS="3982" WIDTH="27"/>
						<String ID="P1_ST00585" HPOS="2808" VPOS="3909" WIDTH="292" HEIGHT="51" CONTENT="leuchtenden" WC="0.99" CC="70041004006"/>
						<SP ID="P1_SP00507" HPOS="3100" VPOS="3982" WIDTH="26"/>
						<String ID="P1_ST00586" HPOS="3126" VPOS="3912" WIDTH="132" HEIGHT="58" CONTENT="Auge" WC="0.98" CC="0090"/>
					</TextLine>
					<TextLine ID="P1_TL00077" HPOS="1747" VPOS="3987" WIDTH="1513" HEIGHT="70">
						<String ID="P1_ST00587" HPOS="1747" VPOS="3994" WIDTH="89" HEIGHT="47" CONTENT="und" WC="0.95" CC="670"/>
						<SP ID="P1_SP00508" HPOS="1836" VPOS="4041" WIDTH="47"/>
						<String ID="P1_ST00588" HPOS="1883" VPOS="3994" WIDTH="80" HEIGHT="49" CONTENT="der" WC="0.98" CC="006"/>
						<SP ID="P1_SP00509" HPOS="1963" VPOS="4043" WIDTH="50"/>
						<String ID="P1_ST00589" HPOS="2013" VPOS="3993" WIDTH="293" HEIGHT="48" CONTENT="veränderten" WC="0.99" CC="00205010516"/>
						<SP ID="P1_SP00510" HPOS="2306" VPOS="4043" WIDTH="44"/>
						<String ID="P1_ST00590" HPOS="2350" VPOS="3992" WIDTH="204" HEIGHT="65" CONTENT="Sprache" WC="0.98" CC="4056060"/>
						<SP ID="P1_SP00511" HPOS="2554" VPOS="4057" WIDTH="49"/>
						<String ID="P1_ST00591" HPOS="2603" VPOS="3991" WIDTH="269" HEIGHT="47" CONTENT="entnehmen" WC="1.00" CC="000000030"/>
						<SP ID="P1_SP00512" HPOS="2872" VPOS="4057" WIDTH="46"/>
						<String ID="P1_ST00592" HPOS="2918" VPOS="3988" WIDTH="213" HEIGHT="53" CONTENT="konnten," WC="0.98" CC="53675012"/>
						<SP ID="P1_SP00513" HPOS="3131" VPOS="4057" WIDTH="42"/>
						<String ID="P1_ST00593" HPOS="3173" VPOS="3987" WIDTH="87" HEIGHT="47" CONTENT="wie" WC="1.00" CC="000"/>
					</TextLine>
					<TextLine ID="P1_TL00078" HPOS="1748" VPOS="4063" WIDTH="1510" HEIGHT="74">
						<String ID="P1_ST00594" HPOS="1748" VPOS="4073" WIDTH="197" HEIGHT="64" CONTENT="mächtig" WC="0.99" CC="0007600"/>
						<SP ID="P1_SP00514" HPOS="1945" VPOS="4137" WIDTH="45"/>
						<String ID="P1_ST00595" HPOS="1990" VPOS="4088" WIDTH="45" HEIGHT="32" CONTENT="es" WC="1.00" CC="00"/>
						<SP ID="P1_SP00515" HPOS="2035" VPOS="4137" WIDTH="44"/>
						<String ID="P1_ST00596" HPOS="2079" VPOS="4072" WIDTH="39" HEIGHT="47" CONTENT="in" WC="0.68" CC="06"/>
						<SP ID="P1_SP00516" HPOS="2118" VPOS="4137" WIDTH="44"/>
						<String ID="P1_ST00597" HPOS="2162" VPOS="4072" WIDTH="167" HEIGHT="46" CONTENT="seinem" WC="0.99" CC="403400"/>
						<SP ID="P1_SP00517" HPOS="2329" VPOS="4137" WIDTH="51"/>
						<String ID="P1_ST00598" HPOS="2380" VPOS="4071" WIDTH="166" HEIGHT="47" CONTENT="Innern" WC="0.99" CC="370000"/>
						<SP ID="P1_SP00518" HPOS="2546" VPOS="4137" WIDTH="56"/>
						<String ID="P1_ST00599" HPOS="2602" VPOS="4068" WIDTH="184" HEIGHT="48" CONTENT="arbeite." WC="1.00" CC="00000400"/>
						<SP ID="P1_SP00519" HPOS="2786" VPOS="4137" WIDTH="56"/>
						<String ID="P1_ST00600" HPOS="2842" VPOS="4064" WIDTH="255" HEIGHT="65" CONTENT="Allerdings" WC="1.00" CC="6000100600"/>
						<SP ID="P1_SP00520" HPOS="3097" VPOS="4137" WIDTH="42"/>
						<String ID="P1_ST00601" HPOS="3139" VPOS="4063" WIDTH="119" HEIGHT="50" CONTENT="kann" WC="0.97" CC="0365"/>
					</TextLine>
					<TextLine ID="P1_TL00079" HPOS="1747" VPOS="4142" WIDTH="1511" HEIGHT="67">
						<String ID="P1_ST00602" HPOS="1747" VPOS="4151" WIDTH="227" HEIGHT="48" CONTENT="Schubert" WC="0.99" CC="60006005"/>
						<SP ID="P1_SP00521" HPOS="1974" VPOS="4199" WIDTH="39"/>
						<String ID="P1_ST00603" HPOS="2013" VPOS="4167" WIDTH="86" HEIGHT="31" CONTENT="nur" WC="0.96" CC="900"/>
						<SP ID="P1_SP00522" HPOS="2099" VPOS="4199" WIDTH="37"/>
						<String ID="P1_ST00604" HPOS="2136" VPOS="4149" WIDTH="43" HEIGHT="49" CONTENT="in" WC="1.00" CC="00"/>
						<SP ID="P1_SP00523" HPOS="2179" VPOS="4199" WIDTH="39"/>
						<String ID="P1_ST00605" HPOS="2218" VPOS="4149" WIDTH="102" HEIGHT="47" CONTENT="dem" WC="0.96" CC="056"/>
						<SP ID="P1_SP00524" HPOS="2320" VPOS="4199" WIDTH="32"/>
						<String ID="P1_ST00606" HPOS="2352" VPOS="4149" WIDTH="137" HEIGHT="47" CONTENT="Sinne" WC="0.97" CC="40850"/>
						<SP ID="P1_SP00525" HPOS="2489" VPOS="4199" WIDTH="29"/>
						<String ID="P1_ST00607" HPOS="2518" VPOS="4147" WIDTH="140" HEIGHT="62" CONTENT="thätig" WC="0.47" CC="609409"/>
						<SP ID="P1_SP00526" HPOS="2658" VPOS="4209" WIDTH="29"/>
						<String ID="P1_ST00608" HPOS="2687" VPOS="4153" WIDTH="198" HEIGHT="56" CONTENT="genannt" WC="0.98" CC="0370784"/>
						<SP ID="P1_SP00527" HPOS="2885" VPOS="4209" WIDTH="32"/>
						<String ID="P1_ST00609" HPOS="2917" VPOS="4143" WIDTH="200" HEIGHT="56" CONTENT="werden," WC="0.99" CC="0200060"/>
						<SP ID="P1_SP00528" HPOS="3117" VPOS="4209" WIDTH="42"/>
						<String ID="P1_ST00610" HPOS="3159" VPOS="4142" WIDTH="99" HEIGHT="48" CONTENT="dass" WC="0.99" CC="0000"/>
					</TextLine>
				</TextBlock>
				<TextBlock ID="P1_TB00013" HPOS="2729" VPOS="919" WIDTH="435" HEIGHT="74" STYLEREFS="TXT_8 PAR_RIGHT">
					<TextLine ID="P1_TL00080" HPOS="2733" VPOS="920" WIDTH="431" HEIGHT="72">
						<String ID="P1_ST00611" HPOS="2733" VPOS="920" WIDTH="119" HEIGHT="54" CONTENT="\III." WC="0.56" CC="76250"/>
						<SP ID="P1_SP00529" HPOS="2852" VPOS="974" WIDTH="42"/>
						<String ID="P1_ST00612" HPOS="2894" VPOS="921" WIDTH="270" HEIGHT="71" CONTENT="Jahrgang." WC="0.98" CC="647376830"/>
					</TextLine>
				</TextBlock>
				<TextBlock ID="P1_TB00014" HPOS="189" VPOS="914" WIDTH="202" HEIGHT="54" STYLEREFS="TXT_7 PAR_LEFT">
					<TextLine ID="P1_TL00081" HPOS="190" VPOS="914" WIDTH="201" HEIGHT="54">
						<String ID="P1_ST00613" HPOS="190" VPOS="914" WIDTH="82" HEIGHT="54" CONTENT="Nr." WC="0.94" CC="745"/>
						<SP ID="P1_SP00530" HPOS="272" VPOS="968" WIDTH="43"/>
						<String ID="P1_ST00614" HPOS="315" VPOS="914" WIDTH="76" HEIGHT="54" CONTENT="12." WC="0.65" CC="180"/>
					</TextLine>
				</TextBlock>
				<TextBlock ID="P1_TB00015" HPOS="1364" VPOS="906" WIDTH="643" HEIGHT="78" STYLEREFS="TXT_7 PAR_CENTER">
					<TextLine ID="P1_TL00082" HPOS="1365" VPOS="906" WIDTH="642" HEIGHT="77">
						<String ID="P1_ST00615" HPOS="1365" VPOS="906" WIDTH="173" HEIGHT="77" CONTENT="KÖLN," WC="0.95" CC="57776"/>
						<SP ID="P1_SP00531" HPOS="1538" VPOS="983" WIDTH="42"/>
						<String ID="P1_ST00616" HPOS="1580" VPOS="917" WIDTH="77" HEIGHT="54" CONTENT="25." WC="0.50" CC="806"/>
						<SP ID="P1_SP00532" HPOS="1657" VPOS="983" WIDTH="43"/>
						<String ID="P1_ST00617" HPOS="1700" VPOS="916" WIDTH="130" HEIGHT="55" CONTENT="März" WC="0.96" CC="4843"/>
						<SP ID="P1_SP00533" HPOS="1830" VPOS="983" WIDTH="43"/>
						<String ID="P1_ST00618" HPOS="1873" VPOS="917" WIDTH="134" HEIGHT="55" CONTENT="1865." WC="0.49" CC="45734"/>
					</TextLine>
				</TextBlock>
			</PrintSpace>
		</Page>
	</Layout>
</alto>
