2161 3596
744 122 76 27 LES
852 122 235 26 TOMBEAUX
1121 121 51 27 EN
1207 120 200 32 MUSIQUE

80 126 79 42 574

78 220 218 51 périodes,
323 220 34 38 si
382 230 85 40 que
489 215 181 42 m'étant
694 218 163 37 avancé
877 213 53 41 de
952 214 126 40 venir
1111 226 53 26 en
1188 225 46 27 ce
1258 212 87 40 lieu
1368 224 112 27 vous
1503 218 206 45 apporter
1732 212 191 52 quelque
1963 215 88 40 allé-

78 296 195 42 gement,
293 287 88 39 moi
398 286 190 51 premier
603 284 54 40 de
677 291 116 40 tous,
810 285 135 37 navré
965 281 373 46 démesurément,
1357 292 69 26 me
1444 287 152 31 trouve
1614 278 77 39 dès
1711 278 176 40 l'entrée
1906 281 164 51 plongé

78 369 53 26 en
155 369 93 26 mes
268 353 198 41 funestes
489 357 202 48 pensées,
719 354 181 50 opressé
923 350 53 40 de
999 363 94 27 mes
1116 348 223 42 horribles
1359 356 170 42 regrets
1581 347 38 39 le
1639 360 198 38 poumon
1857 348 210 49 haletant,

78 422 175 40 l'action
268 422 322 50 languissante,
609 421 38 39 la
663 421 99 39 voix
778 418 272 51 défaillante,
1065 418 38 40 le
1122 419 140 51 respir
1278 416 278 50 chancelant,
1572 415 143 41 toutle
1734 428 101 27 sens
1849 420 220 48 émoussé,

76 491 38 38 la
139 492 150 39 raison
312 495 175 46 égarée,
513 491 190 38 témoins
741 489 77 39 des
838 487 296 41 lamentables
1163 489 208 38 étreintes
1393 485 74 53 qui
1501 496 71 29 me
1593 491 203 44 pressent
1825 482 40 41 le
1890 497 120 26 coeur
2032 494 40 30 et

78 572 69 26 me
170 557 94 42 font
282 563 21 35 à
323 572 46 27 ce
393 560 97 51 jour
511 571 112 27 vous
643 558 176 39 dresser
838 557 76 39 des
952 556 237 53 plaintives
1209 555 164 50 élégies
1395 567 112 39 pour
1527 553 78 40 des
1619 552 345 52 panégyriques,
1996 552 76 40 des

76 628 175 51 pointes
273 635 41 32 et
331 627 76 39 des
431 626 232 40 tranchées
687 625 334 41 désordonnées
1045 638 113 39 pour
1175 639 60 26 un
1258 623 203 40 discours
1482 621 103 40 bien
1605 623 110 38 tissu
1732 628 41 32 et
1797 621 276 40 artistement

80 700 215 46 agencé...
329 693 59 55 (i)
409 706 20 28 ))
466 695 97 41 Une
592 696 215 51 mimique
829 695 262 51 appropriée
1106 693 243 50 soulignait
1362 692 38 39 le
1424 691 260 52 pathétique
1706 689 77 40 des
1797 689 199 39 discours
2017 701 55 27 ou

76 764 77 40 des
176 773 214 32 concerts.
435 762 125 42 Nous
597 777 195 27 sommes
828 764 259 49 renseignés
1123 776 75 26 sur
1220 761 62 40 les
1304 758 211 42 attitudes
1531 759 77 40 des
1633 757 206 41 luthistes
1857 757 74 50 qui
1956 769 90 27 sem-

78 832 168 41 blaient
269 833 169 40 mourir
460 846 54 26 en
537 833 167 52 jouant,
728 846 56 26 ou
804 844 113 39 pour
939 831 38 39 le
1001 832 145 38 moins
1167 842 19 27 ((
1206 829 108 40 faire
1348 829 169 39 mourir
1538 827 62 39 les
1620 826 188 40 chordes
1830 838 106 27 sous
1957 824 116 40 leurs

78 900 148 50 doigts
249 912 35 28 )).
309 900 117 40 Avec
445 900 40 40 la
504 900 170 39 lenteur
706 900 57 38 du
800 907 300 41 mouvement,
1127 898 40 40 la
1193 898 219 40 solennité
1433 896 51 40 de
1505 896 227 50 l'attaque,
1756 894 11 39 1
1789 894 199 40 addition
2020 893 53 40 de

79 976 125 31 notes
227 966 182 47 brisées,
438 966 53 38 de
514 965 185 45 retards,
725 964 52 39 de
798 966 191 50 soupirs,
1015 964 53 39 de
1092 977 216 38 syncopes
1332 973 41 31 et
1396 964 54 40 de
1474 962 352 48 tremblements,
1861 976 46 26 ce
1924 977 26 24 n
1969 963 105 38 était

80 1048 78 38 pas
177 1043 95 43 trop
296 1046 158 27 encore
476 1032 132 40 d'une
631 1040 117 32 sorte
765 1032 52 39 de
840 1033 276 50 pantomime
1133 1033 265 50 expressive,
1419 1045 113 37 pour
1545 1031 170 39 donner
1734 1045 82 25 aux
1834 1030 242 38 Tombeaux

81 1117 59 25 un
176 1115 102 26 sens
311 1109 214 44 apparent
560 1108 40 32 et
638 1100 279 40 décidément
953 1098 204 51 lugubre.
1193 1098 68 40 En
1294 1098 298 52 rapprochant
1615 1098 116 40 l'une
1755 1098 52 39 de
1831 1097 154 39 l'autre
2014 1097 61 39 les

76 1171 204 38 versions
316 1167 253 42 différentes
610 1169 57 39 du
713 1167 211 40 Tombeau
947 1167 50 39 de
1026 1166 214 40 L'Enclos
1246 1198 10 16 ,
1281 1180 54 26 en
1374 1182 26 36 y
1429 1174 260 44 comparant
1726 1166 77 39 des
1839 1167 145 50 pièces
2016 1164 57 41 du

78 1242 143 36 même
238 1251 150 36 genre,
412 1237 99 52 plus
536 1241 210 43 récentes,
784 1236 27 40 il
842 1244 64 31 est
939 1237 176 38 curieux
1154 1235 302 52 d'apercevoir
1497 1235 38 39 la
1570 1232 303 52 signification
1903 1232 170 42 bientôt

76 1307 175 39 donnée
280 1306 111 39 dans
433 1306 39 39 le
526 1305 193 50 langage
764 1303 313 41 instrumental
1124 1303 86 39 àla
1263 1301 174 42 brisure
1479 1303 255 52 rythmique
1771 1301 105 40 d'un
1909 1301 160 47 thème,

77 1374 192 40 obtenue
285 1388 80 38 par
387 1374 191 51 l'emploi
599 1373 53 40 de
672 1381 126 32 notes
812 1374 216 51 pointées.
1054 1371 87 40 Des
1162 1371 247 50 fragments
1433 1371 279 51 mélodiques
1736 1374 140 35 tracés
1900 1369 110 40 dans
2033 1369 38 40 le

76 1445 242 38 manuscrit
338 1442 229 40 Hamilton
586 1456 54 25 en
661 1449 126 32 notes
807 1439 174 52 d'égale
1002 1440 169 50 valeur,
1214 1448 218 43 prennent
1464 1440 112 39 dans
1597 1439 61 39 les
1683 1439 131 39 livres
1837 1442 159 46 gravés
2020 1438 50 39 de

78 1509 202 43 Gaultier
297 1520 40 31 et
358 1512 51 39 de
426 1510 183 41 Perrine
631 1523 85 27 une
732 1509 237 40 démarche
990 1508 375 40 volontairement
1383 1521 202 38 rompue,
1603 1520 85 39 que
1707 1506 62 39 les
1781 1507 219 38 virtuoses
2018 1519 53 26 ne

76 1580 178 40 veulent
268 1581 123 51 point
416 1579 270 46 sautillante,
710 1579 113 38 mais
845 1576 225 47 saccadée,
1091 1585 40 31 et
1155 1580 22 35 à
1202 1575 191 53 laquel'e
1418 1576 52 39 ils
1504 1574 241 41 attribuent
1786 1573 286 40 visiblement

78 1663 59 26 un
160 1654 218 34 caractère
400 1646 230 53 expressif,
657 1647 239 51 approprié
917 1660 53 25 au
1015 1644 77 40 but
1128 1645 103 39 d'un
1273 1643 232 41 Tombeau
1538 1642 200 41 musical.
1779 1641 262 41 Souvenons-

77 1730 114 27 nous
227 1729 84 39 que
346 1715 254 41 Beethoven
631 1730 21 24 a
670 1715 175 39 dessiné
869 1728 74 26 sur
962 1714 52 39 de
1038 1712 271 40 semblables
1333 1712 204 40 schémas
1562 1712 277 51 rythmiques
1865 1710 37 40 le
1923 1710 146 40 thème

75 1785 144 40 initial
241 1785 53 40 de
317 1785 38 39 la
401 1784 179 39 marche
617 1782 200 49 funèbre,
862 1782 111 40 dans
1014 1782 38 39 la
1092 1780 263 55 Symphonie
1374 1779 200 55 héroïque
1578 1811 11 20 ,
1611 1788 41 32 et
1675 1787 120 33 toute
1830 1779 38 39 la
1890 1778 179 40 marche

78 1852 183 41 funèbre
281 1867 112 38 pour
415 1854 133 50 piano
569 1852 53 39 de
642 1852 40 39 la
708 1849 167 42 Sonate
901 1863 69 39 op.
998 1853 65 36 26.

133 1921 122 40 Dans
280 1921 62 40 les
365 1921 211 51 procédés
610 1919 131 52 qu'ils
758 1920 247 49 imaginent
1027 1931 114 38 pour
1162 1919 193 50 préciser
1376 1916 40 40 le
1439 1929 101 27 sens
1563 1916 57 40 du
1644 1915 201 40 discours
1866 1914 201 47 musical,

75 1989 62 40 les
157 1990 322 51 compositeurs
499 1989 58 39 du
573 2002 87 25 xvn
665 1992 15 16 e
702 1987 129 39 siècle
854 1986 198 40 donnent
1084 1988 142 36 même
1244 1985 38 39 le
1311 1997 79 38 pas
1416 1989 20 34 à
1471 1984 219 39 l'élément
1709 1983 251 52 rythmique
1993 1996 77 26 sur

75 2055 220 40 l'élément
330 2055 136 40 tonal.
503 2054 122 41 Tous
661 2055 62 38 les
751 2053 244 40 Tombeaux
1012 2065 54 27 ne
1091 2061 99 32 sont
1210 2065 81 39 pas
1323 2065 162 37 conçus
1521 2052 111 39 dans
1656 2051 39 40 le
1726 2051 131 40 mode
1877 2052 188 38 mineur.

76 2123 119 41 C'est
218 2136 54 27 en
295 2129 42 34 ut
356 2124 185 51 majeur,
565 2124 112 38 mais
708 2135 103 27 avec
850 2134 232 40 syncopes,
1100 2121 194 52 soupirs,
1318 2128 126 33 notes
1468 2121 215 51 pointées,
1713 2132 85 39 que
1821 2117 249 51 Froberger

73 2194 104 38 écrit
194 2205 53 26 en
271 2190 141 42 forme
443 2191 296 40 d'allemande
767 2203 136 38 grave
933 2204 60 25 un
1029 2189 204 40 Lamento
1269 2196 128 48 sopra
1438 2188 41 40 la
1513 2188 201 39 dolorosa
1745 2187 170 55 perdita
1959 2187 111 38 délia

71 2260 91 39 real
191 2258 164 41 Maesta
387 2260 45 38 di
464 2258 277 40 Ferdinando
764 2258 77 50 /F,
867 2258 63 39 Re
958 2257 46 40 di
1026 2256 189 41 Romani
1219 2288 11 20 ,
1265 2256 194 41 formant
1493 2256 38 40 le
1558 2258 191 51 premier
1784 2268 208 28 morceau
2016 2255 52 40 de

73 2342 47 26 sa
137 2328 231 40 douzième
409 2329 113 39 suite
565 2341 112 38 pour
711 2327 39 39 le
781 2326 209 40 clavecin.
1030 2324 83 40 Les
1150 2327 106 38 trois
1294 2335 147 31 autres
1476 2326 144 50 pièces
1641 2324 54 40 de
1720 2332 110 32 cette
1854 2326 112 37 suite
2006 2322 62 53 s'y

72 2396 158 40 relient
254 2398 119 38 aussi
406 2395 102 41 bien
546 2410 112 37 pour
677 2394 248 40 l'intention
950 2407 83 39 que
1056 2406 113 39 pour
1191 2393 40 39 la
1264 2392 183 51 facture,
1473 2402 40 31 et
1535 2395 35 37 si
1592 2393 38 39 le
1668 2397 158 35 maître
1846 2391 222 41 allemand

71 2477 54 27 ne
144 2465 63 39 les
230 2479 22 25 a
289 2478 79 38 pas
403 2465 174 39 munies
610 2464 104 40 d'un
734 2476 286 38 programme
1044 2462 226 49 littéraire,
1308 2462 28 38 il
1376 2462 62 40 les
1479 2476 21 25 a
1538 2465 316 43 commentées,
1874 2460 112 40 dans
2028 2460 40 40 le

72 2535 243 38 manuscrit
353 2532 294 52 autographe,
698 2546 81 38 par
812 2532 54 39 de
901 2530 306 54 symboliques
1239 2530 175 40 dessins
1458 2534 21 35 à
1519 2530 40 39 la
1599 2530 150 52 plume
1775 2545 6 24 :
1809 2529 38 39 le
1877 2530 98 38 titre
2015 2528 53 40 de

71 2602 282 41 l'allemande
375 2611 65 32 est
480 2603 153 39 inscrit
671 2602 111 39 dans
818 2617 60 25 un
910 2600 236 41 cartouche
1198 2606 56 34 où
1288 2608 99 31 sont
1424 2603 276 47 représentés
1738 2597 113 40 deux
1892 2596 176 41 enfants

71 2684 100 34 nus,
205 2679 40 32 et
264 2670 85 42 fort
370 2671 129 47 laids,
525 2685 79 38 par
620 2671 281 51 parenthèse,
929 2674 22 35 à
975 2669 117 40 demi
1116 2667 207 47 couchés,
1350 2667 111 40 dans
1485 2681 86 26 une
1590 2679 107 39 pose
1735 2665 271 43 méditative,
2046 2668 21 36 à

70 2739 191 41 droiteet
278 2744 22 35 à
316 2739 173 51 gauche
508 2739 106 40 d'un
628 2737 165 41 sablier
815 2750 8 37 ;
843 2736 188 42 l'accord
1046 2735 106 42 final
1177 2744 64 33 est
1259 2737 113 39 suivi
1393 2735 53 40 de
1470 2736 107 38 trois
1602 2737 108 37 têtes
1729 2733 53 40 de
1810 2731 254 49 chérubins,

70 2809 309 51 apparaissant
410 2806 112 40 dans
545 2821 59 25 un
628 2820 148 37 nuage
795 2817 8 36 ;
829 2806 39 39 la
893 2805 191 40 seconde
1103 2806 136 51 pièce,
1275 2817 57 27 ou
1365 2804 152 49 gigue,
1545 2816 19 25 a
1594 2815 113 38 pour
1729 2799 220 42 emblème
1981 2813 86 27 une

70 2888 225 28 couronne
313 2877 196 50 antique,
533 2875 40 39 la
598 2888 226 27 couronne
847 2874 77 40 des
944 2874 94 39 élus
1071 2884 8 37 ;
1104 2886 114 39 pour
1241 2872 37 39 la
1313 2878 228 41 courante,
1567 2867 252 52 Froberger
1842 2883 22 26 a
1888 2869 179 39 dessiné

71 2958 59 26 un
153 2942 176 42 crucifix
346 2952 41 32 et
403 2958 59 26 un
485 2945 259 47 encensoir;
770 2956 112 39 pour
904 2942 39 40 la
965 2940 268 49 sarabande,
1273 2952 86 28 une
1386 2951 224 28 couronne
1633 2937 53 40 de
1724 2937 186 40 lauriers
1933 2945 41 31 et
2009 2951 58 25 un

70 3012 158 52 champ
249 3012 53 40 de
325 3010 206 47 froment,
551 3013 200 38 moisson
773 3010 77 40 des
894 3018 150 32 vertus
1085 3009 58 39 du
1176 3006 169 42 défunt.
1383 3005 210 47 Ambros,
1621 3006 73 50 qui
1719 3017 113 27 nous
1857 3018 21 25 a
1903 3005 142 38 rensei-

68 3085 87 45 gné
178 3093 76 28 sur
275 3093 70 27 ces
387 3080 190 50 dessins,
610 3078 79 41 fait
727 3092 259 38 remarquer
1020 3078 112 39 dans
1167 3077 38 39 la
1251 3084 167 32 texture
1452 3073 212 41 musicale
1687 3072 58 40 du
1765 3071 205 40 Lamento
2006 3086 59 26 un

69 3148 134 40 détail
243 3147 231 53 descriptif
508 3147 130 41 d'une
677 3149 186 38 minutie
901 3146 168 53 puérile
1095 3157 7 27 :
1138 3158 86 28 une
1247 3156 177 39 gamme
1468 3141 266 41 ascendante
1771 3140 88 40 dut
1878 3141 185 51 majeur,

73 3219 73 48 qui
170 3226 165 38 monte,
360 3217 224 54 glissando
602 3225 41 32 et
659 3222 158 49 presto,
840 3216 58 40 du
921 3215 80 40 bas
1024 3213 204 54 jusqu'en
1251 3213 107 40 haut
1378 3212 57 40 du
1459 3211 177 49 clavier,
1658 3210 120 50 peint
1801 3209 264 41 l'ascension

114 3385 47 43 (I)
186 3384 210 42 VALLADIER,
434 3384 153 33 Oraison
608 3385 157 41 funèbre
787 3386 39 31 de
841 3384 115 32 Henri
975 3384 29 32 le
1028 3382 137 40 Grand,
1180 3382 169 44 preschée
1363 3382 19 29 à
1401 3379 90 32 Metz
1496 3403 7 15 ,
1527 3379 90 31 citée
1642 3379 89 33 dans
1755 3380 38 30 A.
1819 3379 126 36 LEZAT,
1966 3377 97 32 Delà

66 3436 219 42 prédication
307 3446 82 21 sous
415 3434 113 32 Henri
542 3434 66 39 IV,
628 3447 36 28 p.
689 3434 79 33 106.
