4917 6660
69 6570 83 42 212

47 83 75 49 als
163 97 62 35 zu
268 82 176 63 wenig.
505 82 318 59 Potentaten,
869 77 396 60 Finanzbärone,
1308 76 246 59 Minister,

50 154 330 60 Parlamente,
431 154 231 47 Parteien
709 151 103 49 und
860 152 307 60 Kongresse,
1217 148 336 61 Demagogen

47 224 238 49 beiderlei
389 223 347 59 Geschlechts,
842 213 712 63 Universitäts-Professoren,

48 293 485 60 Volksschullehrer,
599 292 458 61 Literatenkliquen
1123 290 100 49 und
1290 290 236 59 Zeitungs-

48 364 347 60 redaktionen,
435 363 95 50 alle
565 363 290 62 schwingen
892 363 92 48 das
1021 363 147 50 Wort
1488 359 65 47 im

48 434 193 49 Munde
276 435 104 48 und
412 434 198 62 greifen
641 448 157 48 sogar
828 435 50 47 in
909 433 81 47 die
1022 431 193 48 Tasche
1248 430 162 58 dafür,
1444 428 110 48 teils

48 507 49 45 in
133 505 83 47 die
249 507 199 61 eigene,
486 505 113 50 teils!
632 508 48 49 in
716 503 209 59 fremde,
962 502 101 47 und
1099 499 245 50 natürlich
1379 500 178 45 immer

51 574 79 49 für
428 574 192 50 Kultur.
665 573 136 48 Aber
825 573 93 47 mit
942 571 220 47 welcher
1187 570 143 47 Sorte
1359 568 197 48 wahrer

51 645 181 50 Kultur
266 661 117 33 man
417 645 93 48 das
543 658 161 48 ganze
741 642 131 47 Volk
905 655 62 34 zu
999 640 283 61 beglücken
1317 638 237 62 gedenkt,

50 716 167 48 davon
267 717 64 47 ist
378 712 355 51 wohlweislich
779 714 82 47 nie
907 711 82 49 die
1038 710 161 57 Rede;
1245 712 74 46 sie
1367 708 188 49 könnte

51 785 129 49 doch
204 800 94 47 gar
320 799 62 34 zu
405 783 147 50 deicht
577 782 210 49 unwahr
807 783 169 47 tönen.
1014 780 270 48 Trotzdem
1308 780 67 48 ist
1394 779 163 59 einzig

51 855 110 48 dies
190 856 90 48 der
310 855 138 51 Rede
479 855 132 46 wert.
659 851 269 50 Nationale
960 851 179 49 Kultur
1164 849 158 50 bleibt
1348 849 49 61 ja
1425 849 131 48 leere

53 925 204 59 Phrase,
293 939 142 33 wenn
468 925 76 47 sie
578 922 137 49 nicht
747 923 79 47 ein
860 921 247 48 humanes
1141 921 297 60 Programm
1472 918 58 48 be-

52 996 196 47 deutet:
277 993 289 50 bestimmte
598 991 475 63 Veredlungswerte
1101 991 90 47 der
1220 988 335 59 Menschheit,

52 1065 81 48 die
174 1065 90 47 das
312 1062 129 49 Volk
484 1062 368 49 selbstbewußt
891 1063 51 46 in
986 1060 104 49 sich
1091 1057 3 56 1
1135 1059 264 50 ausbilden
1444 1057 110 49 soll.

52 1135 314 60 Allgemeine
417 1131 220 61 Bildung
682 1133 66 48 ist
792 1146 96 34 nur
933 1133 80 48 ein
1061 1131 103 48 Ziel
1213 1129 81 48 für
1339 1128 188 48 hochbe-

50 1205 151 59 gabte
237 1200 488 59 Persönlichkeiten;
757 1203 66 47 im
859 1199 357 49 Durchschnitt
1245 1199 90 48 des
1367 1198 190 49 Volkes

52 1273 127 48 läuft
218 1274 74 46 sie
337 1272 157 50 leider
533 1272 88 47 auf
662 1271 298 67 allgemeine
1002 1269 316 62 Verbildung
1360 1269 195 49 hinaus.

52 1343 105 48 Gar
192 1345 114 46 eine
343 1342 383 61 schöngeistige
767 1340 422 64 Bildungspflege
1228 1342 65 49 ist
1330 1339 106 47 fürs
1473 1353 58 48 ge-

50 1416 161 45 samte
261 1413 131 47 Volk
438 1413 83 47 ein
570 1412 224 61 Unding,
844 1426 102 33 war
987 1413 128 46 stets
1162 1424 94 33 nur
1301 1410 256 61 gewissen

51 1482 415 49 bevorrechteten
492 1480 573 49 Gesellschaftsklassen
1091 1479 219 50 wirklich
1348 1479 186 49 erreich-

51 1553 105 58 bar,
196 1552 153 48 deren
386 1551 230 49 leibliche
654 1551 646 49 Wirtschaftsbedürfnisse
1338 1563 99 35 von
1474 1564 58 35 an-

52 1623 154 48 deren
236 1621 214 51 Klassen
477 1623 213 60 besorgt
715 1622 221 48 wurden.
980 1621 110 48 Alle
1114 1620 302 63 organische
1444 1619 87 49 Kul-

55 1693 257 61 turpolitik
361 1692 122 48 muß
534 1690 242 52 zunächst
824 1691 242 49 natürlich
1113 1690 186 48 darauf
1342 1689 219 50 bedacht

52 1764 125 57 sein,
240 1763 283 47 besonders
588 1761 423 62 leistungsfähige
1059 1761 363 49 Berufsstände
1499 1773 60 34 zu

52 1832 359 61 begünstigen,
440 1848 62 32 an
531 1832 81 48 die
638 1832 106 49 sich
745 1829 2 64 1
770 1832 81 49 die
877 1832 213 61 übrigen
1118 1829 292 63 angliedern
1437 1830 93 48 kön-

54 1917 114 47 nen,
200 1904 46 61 je
280 1903 128 49 nach
437 1902 100 48 den
569 1901 445 62 hauptsächlichen
1047 1899 378 62 Volksanlagen
1455 1899 105 48 und

53 1972 99 48 den
189 1972 262 51 zeitlichen
489 1974 93 48 wie
614 1972 244 52 örtlichen
898 1970 632 62 Entwicklungsbedingun-

52 2057 116 48 gen.
222 2041 168 51 Selbst
424 2044 54 49 in
513 2042 101 49 den
649 2042 249 50 kleinsten
936 2041 384 48 Gemeinwesen
1358 2038 86 49 hat
1478 2039 83 49 die

56 2112 180 49 Kultur
265 2114 80 46 nie
375 2123 99 38 von
505 2112 204 61 Anfang
739 2127 63 32 an
831 2110 351 49 harmonische
1209 2109 239 49 Tendenz

54 2181 136 60 habt,
228 2197 100 33 war
361 2180 192 50 überall
586 2197 84 33 um
704 2180 302 63 spezifische
1041 2182 519 59 Interessengruppen

53 2250 358 52 konsolidiert:
443 2251 288 62 agrarische
762 2252 130 47 oder
921 2250 388 61 kommerzielle,
1341 2250 198 49 militäri-

54 2321 118 50 sche
210 2322 125 47 oder
368 2322 290 61 juridische,
697 2322 236 62 religiöse
969 2322 127 46 oder
1129 2318 431 67 philosophische,

53 2393 49 59 je
124 2390 244 50 nachdem
396 2392 82 48 die
502 2391 336 49 Oberschicht
861 2387 143 52 mehr
1026 2390 222 49 sensuell
1270 2390 127 48 oder
1418 2388 143 49 mehr

55 2459 326 51 intellektuell
417 2460 190 63 begabt
641 2476 114 46 war,
789 2461 144 48 mehr
964 2460 266 62 energisch
1263 2459 128 48 oder
1421 2459 143 47 mehr

54 2530 297 62 spekulativ.
417 2532 99 46 Für
560 2530 63 48 all
667 2531 93 48 das
805 2531 169 47 lassen
1018 2530 109 48 sich
1170 2529 236 51 reinliche
1455 2528 81 50 Bei-

54 2600 158 62 spiele
255 2601 82 48 bei
384 2600 243 52 räumlich!
666 2600 370 50 beschränkten
1083 2600 244 50 Kulturen
1372 2599 189 58 finden,

55 2685 98 34 von
204 2671 113 47 dem
365 2669 383 63 spartanischen
798 2672 347 60 Kriegerstaat
1188 2670 79 49 bis
1314 2669 86 48 hin
1447 2683 113 34 zum

58 2740 377 49 Friedensreich
436 2738 1 63 1
458 2741 92 47 der
575 2741 136 60 Inka,
736 2755 100 34 von
860 2741 99 47 den
982 2739 263 52 indischen
1268 2738 266 52 Weisheits-

58 2810 393 49 fürstentümern
482 2811 78 48 bis
589 2825 65 34 zu
680 2810 100 49 den
810 2810 334 49 Minnehöfen
1173 2810 90 48 der
1292 2810 269 47 Provence.

163 2881 167 48 Heute
360 2879 135 63 aber,
527 2883 50 45 in
605 2895 220 36 unseren
853 2881 199 64 großen
1070 2880 203 53 Staaten
1302 2880 92 46 mit
1420 2878 140 49 ihren

57 2950 217 48 vielerlei
309 2950 583 61 Machthabergruppen,
926 2964 77 33 wo
1037 2948 226 49 herrscht
1295 2948 66 48 da
1394 2948 172 49 wahre

59 3020 361 61 Einmütigkeit
456 3020 126 49 über
613 3018 174 53 solche
823 3020 541 61 Meistbegünstigung
1378 3020 24 47 ?
1451 3020 113 48 Wie

56 3091 134 47 kann
220 3091 113 47 eine
367 3091 278 50 Harmonie
675 3090 91 48 der
796 3091 282 47 Interessen
1107 3089 282 60 entstehen,
1420 3103 143 33 wenn

58 3159 101 50 fast
190 3159 143 62 jeder
362 3160 160 48 Stand
555 3172 97 36 nur
682 3161 83 47 die
802 3158 181 52 Politik
1015 3159 231 66 verfolgt,
1281 3158 109 52 sich
1390 3158 2 67 1
1420 3161 109 59 mög-

58 3229 146 50 lichst
635 3245 62 34 zu
727 3229 202 50 stellen!
980 3230 53 47 In
1068 3228 344 49 Deutschland
1444 3228 120 49 wird

57 3315 117 33 man
207 3300 108 48 sich
350 3300 275 49 höchstens
657 3299 250 52 Vielleicht
941 3299 90 49 auf
1061 3299 94 48 das
1189 3299 374 62 Zugeständnis

55 3372 229 59 einigen:
320 3372 86 46 wir
439 3370 237 49 scheinen
710 3374 116 46 eine
859 3369 310 51 industrielle
1205 3368 180 50 Kultur
1415 3371 119 46 ziem-

59 3439 97 49 lich
186 3439 168 48 hohen
387 3439 206 61 Ranges'
616 3454 63 34 zu
706 3439 246 49 schaffen.
998 3438 137 49 Aber
1159 3439 81 47 die
1274 3438 291 66 Folgerung

60 3508 155 49 lautet
262 3509 138 48 dann
449 3511 266 47 meistens:
767 3508 207 63 folglich
1021 3508 214 51 braucht
1279 3510 78 49 sie
1431 3507 137 50 nicht

58 3578 143 49 mehr
227 3579 298 62 begünstigt
552 3594 62 33 zu
643 3579 216 49 werden.
905 3579 118 48 Und
1048 3578 221 62 gewisse
1297 3578 268 49 Idealisten

60 3651 167 46 zetern
267 3649 190 48 sofort:
496 3649 94 50 das
628 3651 68 49 ist
732 3650 49 60 ja
820 3647 154 63 „bloß
1371 3649 193 59 Kultur,

61 3719 64 47 ist
162 3719 112 49 alSo
313 3718 319 63 „überhaupt
910 3721 67 49 ist
1012 3719 197 61 „nichts
1402 3718 141 50 Zivili-

57 3790 185 48 sation.
295 3789 134 61 Nun,
466 3788 83 51 iCh
584 3790 87 47 bin
709 3788 168 50 selber
913 3793 80 44 ein
1033 3788 218 60 Idealist,
1289 3788 277 60 allerdings!

59 3859 172 48 keiner
270 3860 91 48 mit
400 3859 139 49 fixen
581 3859 167 61 Ideen,
791 3859 101 48 und
931 3861 112 46 eine
1084 3859 195 48 Grenze
1320 3858 245 50 zwischen

59 3929 148 59 jenen
247 3929 184 48 beiden
474 3928 258 62 Begriffen
773 3929 106 49 läßt
914 3928 107 52 sich
1057 3931 194 49 meines
1293 3927 273 49 Erachtens

62 3998 251 49 durchaus
355 3999 135 48 nicht
533 3998 226 52 fixieren.
820 4000 121 47 Eine
985 3999 248 49 Industrie
1273 4013 100 33 von
1413 4000 124 46 mate-

63 4066 186 50 riellem
299 4065 322 53 Höchstwert
665 4069 68 49 ist
781 4069 512 61 notwendigerweise
1337 4067 228 62 zugleich

62 4138 147 48 ideell
244 4139 125 47 oder
400 4152 112 35 zum
545 4140 286 51 mindesten
863 4137 341 61 intellektuell,
1238 4137 219 49 nämlich
1484 4152 57 35 an-

61 4208 265 61 gewandte
365 4207 543 59 Naturwissenschaft;
948 4208 63 48 da
1047 4209 66 49 ist
1149 4208 108 48 alSo
1295 4207 157 49 schon
1490 4208 79 47 ein

64 4278 166 48 Punkt
273 4277 319 67 aufgedeckt,
638 4293 76 33 wo
757 4277 312 52 Zivilisation
1111 4281 51 50 in
1206 4277 180 51 Kultur
1424 4277 117 51 über-

62 4347 136 62 geht.
253 4347 93 48 Die
384 4348 249 51 Industrie
668 4349 66 49 ist
769 4348 167 48 ferner
966 4350 251 60 genötigt,
1251 4347 106 50 sich
1394 4361 174 49 wegen

64 4417 131 49 ihrer
237 4417 321 49 technischen
602 4417 289 57 Qualitäten
931 4417 303 49 ästhetische
1275 4418 170 47 Werte
1487 4433 56 32 an-

63 4486 300 59 zuzüchten;
406 4488 102 47 und
547 4488 80 49 die
667 4487 149 51 teilen
853 4488 107 55 sich
997 4488 136 49 dann
1171 4487 244 49 natürlich
1454 4488 114 47 dem

65 4556 131 48 Volk
238 4559 105 59 mit,
386 4558 93 47 das!
515 4557 107 50 ihre
667 4559 254 48 Produkte
963 4558 286 60 herstellen,
1289 4558 280 47 vertreiben

65 4627 103 48 und
205 4627 339 49 verbrauchen
583 4627 127 50 hilft.
780 4629 118 47 Und
932 4629 101 47 daß
1070 4627 158 49 durch
1266 4629 79 47 ein
1382 4626 156 63 gründ-

65 4697 154 47 liches
262 4697 440 62 Industriesystem
743 4698 129 50 auch
915 4698 184 47 allerlei
1139 4699 231 63 sonstige
1412 4698 133 49 Diszi-

63 4764 122 63 plin,
228 4767 380 60 ökonomische,
646 4768 301 61 juristische,
989 4768 342 66 hygienische,
1372 4768 171 47 morali-

63 4836 135 60 sche,
234 4839 49 46 in
317 4835 93 51 der
444 4835 329 51 Volksmasse
810 4838 319 60 ausgebildet
1163 4838 137 59 wird,
1333 4839 66 49 ist
1433 4837 136 49 ohne

66 4908 224 48 weiteres
330 4907 520 58 selbstverständlich;
890 4908 224 47 Bernard
1151 4907 151 48 Shaw
1339 4907 88 49 hat
1461 4907 84 47 dar-

66 4974 125 50 über
234 4978 64 46 im
345 4977 181 47 letzten
571 4977 99 47 Akt
709 4979 166 47 seiner
918 4977 250 50 Komödie
1212 4978 202 61 „Major
1456 4977 87 48 Bar-

258 5046 120 48 sehr
411 5045 272 51 räsonabel
713 5047 328 61 phantasiert.

193 5113 164 51 Bleibt
388 5118 151 47 somit
571 5116 231 62 lediglich
831 5118 446 60 auszuprobieren,
1307 5118 69 47 ob
1407 5120 48 47 in
1485 5118 89 47 der

66 5184 97 50 Tat
195 5199 179 35 unsere
409 5186 249 48 Industrie
688 5214 60 5 —
779 5188 51 48 in
862 5187 366 62 Arbeitgebern
1258 5190 90 45 wie
1382 5187 164 49 Arbeit-

69 5256 240 47 nehmern
357 5283 59 8 —
461 5256 160 50 schon
667 5271 61 33 so
772 5256 169 48 starke
991 5256 429 61 Kulturpotenzen
1466 5272 72 33 um-

66 5328 202 59 spannt,
300 5325 98 48 daß
428 5327 72 45 sie
528 5326 81 46 die
638 5326 213 65 übrigen
880 5326 567 62 Machthabergruppen
1474 5341 98 34 von

68 5395 156 48 ihrem
281 5395 376 61 Vorzugsrecht
710 5396 292 61 überzeugt,
1056 5410 112 34 zum
1225 5396 221 62 Beispiel
1494 5397 79 48 die

69 5466 196 47 Herren
312 5466 237 60 Agrarier
593 5465 103 47 und
738 5466 98 47 den
879 5466 138 49 nicht
1056 5467 198 47 minder
1296 5466 276 50 herrlichen

70 5533 193 53 Klerus.
328 5533 191 50 Sobald
570 5535 79 47 die
698 5537 187 64 geistig
931 5536 404 48 bedeutendsten
1384 5537 160 48 Macht-

68 5620 231 48 gruppen
346 5607 115 46 eine
508 5604 260 49 dauernde
817 5603 226 64 Hebung
1089 5605 134 50 ihrer
1267 5605 307 62 Wohlfahrt,

69 5677 72 46 sei
185 5690 56 35 es
288 5676 165 49 direkt
497 5675 125 48 oder
666 5675 230 60 indirekt,
942 5690 99 33 von
1087 5679 138 46 einer
1267 5675 309 50 materiellen

69 5746 238 49 Tendenz
348 5747 257 59 erwarten,
643 5745 198 61 schlägt
877 5746 141 46 diese
1055 5743 185 50 bereits
1277 5747 78 49 ins
1394 5746 182 48 Ideelle

70 5830 100 45 um,
207 5818 49 45 in
292 5817 110 47 eine
434 5814 430 63 sozialpolitische
896 5814 292 62 Sympathie
1220 5815 123 48 aller
1372 5815 204 61 Stände,

68 5885 84 48 die
192 5886 106 48 sich
298 5885 2 62 1
336 5886 79 49 bis
455 5901 64 33 zu
560 5885 265 62 religiöser
868 5885 209 48 Ekstase
1116 5885 105 47 und
1262 5886 312 60 poetischem

74 5955 387 50 Enthusiasmus
516 5957 221 61 steigern
788 5957 161 55 kann;
1001 5955 141 50 siehe
1195 5955 80 52 die
1328 5956 111 49 Zeit
1488 5957 91 47 der

73 6025 306 62 Kreuzzüge,
426 6027 81 47 die
549 6041 93 34 aus
688 6025 321 63 agrarischen
1055 6026 283 47 Interessen
1379 6040 166 47 empor-

70 6094 131 48 kam.
257 6094 331 66 Dergleichen
624 6097 124 61 geht
782 6097 149 48 meist
966 6095 97 49 viel
1098 6095 201 48 rascher
1330 6108 94 36 vor
1455 6096 121 61 sich,

73 6164 74 47 als
175 6163 82 48 die
290 6164 138 49 fixen
460 6167 267 48 Idealisten
755 6167 250 61 glauben;
1035 6167 126 47 aber
1185 6166 97 48 ehe
1310 6180 54 33 es
1395 6165 186 49 wieder

73 6232 223 62 möglich
344 6236 135 59 wird,
527 6239 205 45 müssen
782 6237 190 48 freilich
1022 6239 100 45 erst
1168 6236 81 49 die
1295 6234 281 49 führenden

74 6304 203 47 Geister
322 6304 89 47 der
456 6306 259 48 einzelnen
760 6307 349 49 Berufskreise
1153 6305 145 50 mehr
1346 6306 234 62 Fühlung

74 6373 334 49 miteinander
433 6373 254 63 erlangen,
712 6377 75 48 als
812 6392 88 33 zur
924 6377 111 49 Zeit
1057 6377 81 49 bei
1163 6392 96 34 uns
1282 6377 295 48 vorhanden

74 6446 78 56 ist,
185 6443 141 49 mehr
355 6444 344 50 Achtsamkeit
726 6446 104 49 und
858 6448 145 47 mehr
1030 6448 331 48 Verständnis
1391 6447 81 49 für
1498 6448 81 48 die

1692 71 388 64 gegenseitigen
2145 67 503 65 Ergänzungswerte.
2742 60 308 54 Inzwischen
3116 60 86 50 hat

1692 143 258 61 jederman
1998 143 65 47 im
2113 137 148 62 Volk,
2307 140 103 47 erst
2454 137 137 49 recht
2637 136 121 48 aber
2798 135 143 60 jeder
2984 132 216 49 leitende

1695 214 174 58 Mann,
1896 212 96 48 das
2011 212 121 47 Eine
2162 225 62 34 zu
2252 212 103 57 tun,
2383 207 96 49 das
2502 208 181 47 immer
2707 207 192 47 nottut:
2927 205 140 48 seine
3095 215 79 36 ver-

1692 283 223 47 dammte
1952 279 181 51 Pflicht
2164 280 103 48 und
2299 277 358 62 Schuldigkeit.
2708 275 218 61 Bildung
2956 274 245 62 predigen

1694 353 132 49 kann
1859 353 92 48 der
1983 351 416 60 nichtsnutzigste
2434 345 243 64 Nörgler;
2710 347 121 61 gute
2864 345 192 48 Lehren
3089 344 112 48 sind

1695 426 106 59 gut,
1842 425 122 59 gute
2007 419 271 50 Vorbilder
2315 419 192 48 besser.
2567 419 70 45 Im
2676 417 218 61 eigenen
2934 413 156 50 Beruf
3132 416 46 45 et-

1695 507 100 33 was
1839 491 273 61 Tüchtiges
2153 490 180 48 feisten
2375 488 105 48 und
2524 486 192 50 fremde
2757 485 322 61 Tüchtigkeit
3120 499 56 32 an-

1696 563 270 60 erkennen,
2001 561 89 48 das
2125 562 65 46 ist
2218 555 291 52 schließlich
2540 557 85 49 die
2652 555 145 49 beste
2830 554 371 62 Kulturpolitik,

1698 634 154 49 Kurz:
1883 629 274 68 möglichst
2184 630 164 59 wenig
2376 628 167 48 davon
2574 627 154 49 reden
2752 627 70 50 im
2851 624 351 63 allgemeinen,

1695 702 273 63 möglichst
2002 700 96 50 viel
2131 702 68 47 im
2233 698 322 50 besonderen
2592 697 129 48 dazu
2758 697 111 48 tun!
2920 696 54 47 In
3009 696 191 48 diesem

1695 772 154 50 Sinne
1885 772 189 49 könnte
2110 770 83 48 die
2229 767 317 49 Großmacht
2871 765 113 49 aufs
3018 766 155 48 beson-

1693 843 169 49 derste
1888 838 296 53 vorbildlich
2209 839 210 58 wirken;
2444 837 271 60 notabene,
2738 851 150 34 wenn
2910 838 74 46 sie
3005 836 198 49 endlich

1697 913 181 48 wollte.

1692 1164 168 89 Der
1899 1163 257 90 Fluch
2197 1163 152 88 des
2388 1161 376 108 Magiers

1692 1288 779 91 Anateiresiotidas

1692 1433 125 52 Von
1852 1431 197 54 Albert
2082 1429 340 56 Ehrenstein

3003 1449 164 41 ScfclUM

1824 1559 307 64 Begünstigt
2211 1558 133 50 ward
2425 1557 92 49 das
2598 1555 275 50 Vorhaben
2951 1553 94 48 der
3106 1551 68 49 Ge-

1696 1630 316 62 schädigten,
2050 1632 52 47 in
2140 1630 143 53 ihren
2322 1626 270 64 heiligsten
2635 1626 220 52 Rechten
2895 1623 282 61 Geschädig-

1700 1702 98 57 ten,
1835 1699 158 50 durch
2029 1699 82 50 die
2145 1697 552 53 übereinstimmenden
2734 1692 350 63 Erklärungen
3118 1693 91 47 der

1700 1770 660 62 Mohnkipfelbeschwörer.
2423 1769 66 47 Es
2536 1767 129 49 nahe
2708 1766 85 49 die
2837 1766 125 59 Zeit,
3006 1764 66 47 da
3115 1764 92 46 das

1700 1838 334 52 allerhöchste
2090 1838 410 50 Herrscherhaus
2554 1849 101 38 von
2713 1836 112 48 dem
2886 1833 183 49 Fluche
3122 1832 57 48 be-

1701 1909 115 49 freit
1865 1911 109 47 sein
2029 1910 165 50 werde
2244 1937 61 7 —
2359 1909 106 47 dies
2516 1907 171 63 gaben
2738 1908 73 46 sie
2864 1920 93 33 vor
3006 1907 49 46 in
3107 1903 99 47 den

1699 1979 211 48 Sternen
1957 1980 103 49 und
2105 1977 520 51 Wurstabschnitzeln
2668 1976 207 62 gelesen
2919 1989 62 35 zu
3027 1973 179 48 haben.

1700 2050 113 47 Wie
1858 2049 183 61 jedoch
2090 2050 99 47 den
2242 2049 384 48 Prinzessinnen
2675 2045 217 52 kälteres
2943 2043 114 49 Blut
3104 2043 78 49 bei-

1699 2119 231 61 bringen,
1975 2120 82 47 ein
2106 2117 418 59 Gefühlsniveau,
2571 2116 86 48 auf
2698 2114 119 50 dem
2862 2114 99 48 den
3005 2128 65 33 an
3116 2113 92 47 das

1699 2189 143 48 beste
1907 2188 349 48 Mannsfutter
2302 2187 305 62 gewöhnten
2660 2186 196 47 Damen
2906 2198 158 47 sogar
3128 2184 55 59 Ju-

1701 2260 153 47 risten
1884 2258 317 49 annehmlich
2228 2258 277 49 schienen?
2548 2255 103 50 Auf
2675 2255 82 48 die
2781 2256 136 46 erste
2941 2252 270 50 Nachricht

1701 2344 99 35 von
1842 2341 60 37 so
1946 2325 352 52 entsetzlicher
2340 2328 297 59 Zumutung
2676 2326 127 62 ging
2846 2325 89 47 wie
2977 2325 82 50 ein
3102 2336 81 34 ver-

1701 2398 227 48 haltener
1977 2397 289 49 Wutschrei
2319 2397 80 47 ein
2443 2395 301 67 gewaltiges
2800 2393 265 52 Rauschen
3117 2392 91 48 des

1702 2468 196 49 Zornes
1940 2467 161 51 durch
2101 2462 1 61 1
2145 2468 81 47 die
2273 2464 203 52 Kleider
2521 2466 90 47 der
2656 2462 343 61 Betroffenen,
3042 2463 49 60 ja
3137 2462 73 48 sie

1702 2537 172 51 hätten
1908 2539 93 47 mit
2030 2538 167 50 einem
2237 2533 366 63 Fächerschfag
2634 2534 91 49 der
2760 2534 312 60 Entrüstung
3105 2531 106 52 ihre

1703 2608 221 47 Zimmer
1964 2607 272 60 verlassen,
2280 2621 143 33 wenn
2463 2620 96 34 nur
2596 2604 205 62 jemand
2841 2603 245 48 darinnen
3127 2616 56 47 ge-

1703 2688 165 39 wesen
1905 2680 151 46 wäre.
2109 2676 155 51 Ihnen
2301 2677 220 61 Juristen
2555 2677 263 59 antragen,
2854 2674 169 58 Leute,
3056 2672 155 48 deren

1701 2747 137 48 kühn
1891 2749 50 46 in
1990 2747 83 52 die
2119 2744 186 54 Brillen
2353 2745 445 63 geschwungenen
2847 2742 364 50 Schnurrbarte

1702 2817 315 62 keineswegs
2069 2816 82 49 für
2196 2816 108 49 ihre
2352 2813 412 51 vornehmlichen
2814 2813 215 48 Glatzen
3105 2814 80 46 ent-

1703 2887 275 62 schädigen
2029 2887 243 60 konnten,
2323 2886 325 48 helltönende
2697 2883 230 59 Glatzen,
2975 2883 82 48 die
3106 2881 105 49 sich

1703 2957 136 48 nicht
1879 2957 185 49 einmal
2103 2956 155 48 durch
2298 2956 92 47 das
2429 2954 268 49 berühmte
2739 2952 473 51 Haarwuchsmittel

2023 3025 282 50 aufforsten
2349 3025 189 50 ließen!
2597 3024 134 48 Alles
2771 3024 209 48 bäumte
3016 3022 110 48 sich'
3162 3024 49 49 in

1704 3097 152 48 ihnen
1908 3096 102 50 auf.
2079 3095 244 63 Juristen!
2390 3094 235 49 Welcher
2673 3094 188 48 feinere
2916 3093 146 52 Prinz
3108 3094 80 48 stu-

1705 3167 127 48 diert
1867 3168 106 60 Jus,
2011 3168 103 47 und
2151 3180 160 45 wenn,
2347 3178 85 35 wo
2465 3164 138 49 steht
2636 3179 54 36 es
2725 3159 348 67 geschrieben,
3109 3159 101 50 daß

1703 3251 61 35 so
1809 3237 83 48 ein
1941 3236 436 60 Ausnahmsprinz
2421 3236 141 51 eines
2607 3234 136 54 johne
2794 3233 196 62 Plagiat
3035 3232 150 48 durch-

1703 3306 271 61 geführten
2037 3303 618 64 rechtsphilbsophischen
2719 3302 265 50 Aufsatzes
3072 3302 139 61 fähig

1706 3378 101 47 ist?
1875 3377 219 61 Juristen
2147 3375 250 48 heiraten!
2479 3374 296 60 Menschen,
2826 3373 86 51 die
2959 3387 85 33 um
3124 3373 91 50 der

1702 3445 263 49 schnöden
2034 3444 415 50 Leibesnotdurft
2515 3444 161 48 willen
2729 3442 300 62 Jahrzehnte
3095 3442 121 61 lang

1703 3516 418 61 Schweißgeruch
2158 3515 330 60 ansammeln,
2525 3514 163 48 denen
2721 3528 119 33 man
2872 3528 57 33 es
2962 3512 135 61 ewig
3128 3527 58 32 an-

1705 3586 170 60 riecht,
1916 3586 102 47 daß
2061 3587 73 47 sie
2178 3587 131 48 einst
2349 3583 79 49 oft
2467 3587 81 48 ein
2592 3583 129 49 Paar
2764 3583 323 48 Frankfurter
3122 3584 93 47 mit

1706 3656 167 49 Krenn
1919 3655 81 49 für
2038 3657 82 47 ein
2161 3654 274 62 opulentes'
2475 3652 322 63 Mittagmahl
2838 3653 168 61 gelten
3048 3652 165 48 ließen

1706 3764 8 10 .
1751 3765 9 9 .
1795 3765 10 9 .
1842 3725 94 48 Die
1973 3726 386 47 Prinzessinnen
2393 3724 150 51 fielen
2575 3727 50 49 in
2658 3722 303 51 Ohiimacht.
3009 3721 122 62 Jede
3164 3724 49 47 in

1706 3795 155 48 ihrem
1901 3796 233 47 Zimmer.
2188 3794 89 49 AIS
2311 3796 74 47 sie
2422 3793 183 49 wieder
2637 3808 63 34 zu
2732 3793 106 49 sich
2874 3793 199 60 kamen,
3108 3805 107 37 war

1705 3864 76 49 ihr
1821 3864 147 49 Wille
2008 3864 293 67 gebrochen
2345 3902 10 11 .
2389 3902 10 10 .
2433 3903 11 10 .
2502 3863 140 49 Zehn
2686 3862 282 53 Roßhähne
3009 3861 204 48 wurden

1706 3935 97 47 den
1836 3934 218 49 Göttern
2084 3936 94 46 der
2207 3931 276 51 Unterwelt:
2510 3932 253 64 geopfert,
2792 3932 136 48 dann
2957 3931 141 49 faßte
3126 3931 89 49 der

1709 4005 251 62 Erzeuger
2005 4005 101 47 den
2157 4002 268 63 Beschlüß,
2471 4004 83 48 die
2603 4003 475 61 Liebesneigungen
3125 4002 91 47 der

1707 4074 291 50 weiblichen
2054 4074 365 61 Angehörigen
2469 4073 94 48 des
2618 4072 388 63 Königshauses
3057 4071 158 49 durch

1709 4145 246 62 Hypnose
1994 4143 289 50 abzutöten.
2340 4144 118 47 Und
2496 4158 61 33 so
2594 4142 225 65 geschah
2857 4157 71 46 es,
2966 4141 245 50 nachdem

1707 4217 101 45 erst
1850 4214 91 49 das
1985 4211 686 68 Zustimmungstetegramm
2712 4227 118 34 vom
2874 4211 341 62 Delphischen

1707 4284 189 49 Orakel
1916 4283 343 62 eingetroffen
2288 4298 113 34 war.
2427 4281 155 50 Wohl
2606 4282 102 62 gab
2733 4292 59 40 es!
2814 4281 131 48 noch
2971 4295 243 48 geraume

1707 4353 111 49 Zeit
1852 4345 253 57 harmlose
2143 4351 275 62 Rückfälle,
2451 4352 101 48 den
2585 4350 459 50 Schwimmhäuten
3078 4366 105 34 man-

1705 4423 119 49 cher
1871 4423 281 49 Menschen
2202 4421 379 63 vergleichbare
2626 4421 320 51 atavistische
2997 4422 188 48 Hervor-

1707 4494 322 61 bringungen
2065 4508 98 34 von
2198 4491 386 67 unschuldigem
2617 4491 269 67 Spielzeug
2918 4491 273 49 verscholle-

1709 4577 88 34 ner
1849 4563 399 61 Generationen,
2319 4562 98 48 als:
2487 4561 405 60 Tennisrackets,
2951 4561 265 60 Diabolos,

1708 4633 326 62 Trompeten,
2080 4632 496 51 Automobilbrillen.
2639 4631 147 49 Doch!
2824 4632 240 48 schwand
3108 4632 109 48 dies

1708 4704 90 48 mit
1830 4704 100 46 den
1969 4701 199 63 Jahren,
2206 4703 102 48 und
2341 4703 142 61 jener
2515 4702 248 47 Wackere
2794 4701 135 49 hätte
2964 4700 112 49 Gift
3106 4702 85 48 dar-

1709 4772 88 48 auf
1841 4773 216 47 nehmen
2103 4775 206 59 mögen,
2351 4772 103 48 daß
2497 4772 82 48 die
2625 4770 386 52 Prinzessinnen
3053 4771 166 49 dieser

1713 4842 203 49 Familie
1952 4843 365 60 ebensowenig
2353 4842 153 51 Liebe
2538 4842 128 48 oder
2701 4841 173 50 tiefere
2911 4841 307 61 Neigungen

1711 4912 324 62 empfänden,
2079 4914 93 47 wie
2212 4913 81 47 die
2332 4912 180 66 irgend
2552 4914 144 49 eines
2732 4911 223 48 ahderen
2998 4911 219 48 Hauses.

1712 4980 109 50 Alle
1864 4982 136 49 Welt
2040 4982 224 49 schickte
2304 4996 106 33 nun
2452 4981 83 50 die
2581 4981 188 50 Kinder
2810 4980 90 49 auf
2940 4981 81 49 die
3066 4980 116 62 Gym-

1712 5053 190 48 nasien.
1964 5052 147 48 Denn
2156 5067 101 34 war
2297 5051 174 49 früher
2510 5052 111 48 eine
2667 5050 397 62 Königstochter
3102 5065 116 34 vom

1713 5122 231 49 Drachen
1997 5136 63 35 zu
2108 5121 244 61 befreien,
2402 5121 291 62 Tapferkeit
2742 5120 105 49 und
2899 5122 293 48 weitvoraus-

1710 5192 264 47 blickende
2013 5190 254 63 Klugheit,
2301 5193 82 46 ein
2416 5190 259 49 andermal
2712 5190 81 49 für
2823 5193 112 46 eine
2968 5191 253 62 derartige

1714 5262 311 61 Erwerbung
2073 5261 619 61 rätsellösend-einfältige
2738 5261 291 48 Schlauheit
3101 5276 92 34 von-

1713 5333 153 46 nöten
1894 5345 252 49 gewesen,
2171 5331 116 48 dem
2313 5345 64 34 an
2403 5344 183 35 unsere
2614 5330 206 63 Epoche
2841 5330 352 50 heranreichen-

1712 5401 97 48 den
1849 5399 353 64 aufgeklärten
2242 5400 238 49 Zeitalter
2516 5416 102 33 war
2653 5416 55 33 es
2746 5401 324 49 entschieden
3134 5416 59 47 ge-

1712 5471 190 61 mäßer,
1947 5471 81 48 die
2073 5471 154 48 Hand
2271 5471 139 48 einer
2453 5471 198 51 Fürstin
2695 5486 63 33 an
2798 5471 82 50 die
2922 5471 162 53 durch!
3121 5471 101 49 den

1715 5540 165 50 Besitz
1908 5543 142 49 eines
2080 5538 423 67 eigentümlichen
2534 5542 224 47 Namens
2787 5541 307 50 verschärfte
3124 5542 66 48 Ab-

1715 5609 217 64 fassung
1996 5612 138 47 eines
2201 5610 622 66 rechtsphifoisöjphischen
2894 5612 184 60 Essays
3160 5626 60 33 zu

1714 5681 243 62 knüpfen.

1838 5748 178 50 Welch
2046 5752 84 46 ein
2163 5749 269 51 Wetteifer
2462 5753 150 46 unter
2642 5750 99 49 den
2777 5751 218 60 Juristen
3027 5751 197 49 sowohl

1714 5820 93 48 des
1849 5819 364 62 Königreiches
2256 5820 281 49 Sirvermor
2578 5819 75 50 äIS
2696 5820 128 49 auch
2866 5820 92 49 der
2997 5821 225 50 anderen

1716 5890 216 49 Länder!
1985 5891 165 64 Sogar
2183 5891 92 48 der
2308 5904 138 34 arme
2482 5888 279 54 Herrscher
2796 5901 100 38 von
2930 5890 293 67 Suminoye,

1715 5960 114 47 dem
1877 5962 111 46 sein
2041 5961 317 63 Herzogtum
2409 5958 321 64 abgebrannt
2780 5955 101 65 wir,
2934 5959 98 48 ließ
3082 5963 140 46 seine

1715 6029 169 48 Söhne
1924 6030 91 60 Jus
2051 6029 260 50 studieren
2346 6030 81 49 bis
2465 6031 72 47 sie
2573 6029 221 49 schwarz
2830 6029 227 50 wurden.
3100 6029 123 50 Bald

1714 6098 185 62 jedoch'
1943 6099 211 50 schwoll
2198 6099 94 51 der
2341 6100 138 48 Fleiß
2530 6100 89 49 ab:
2667 6097 81 50 die
2798 6098 206 49 Aemter
3052 6100 171 50 hatten

1716 6168 95 48 alle
1861 6168 341 51 Bittschriften
2253 6184 83 33 um
2385 6169 495 66 Namensänderung
2925 6170 301 63 abschlägig

1715 6238 305 49 beschieden
2062 6240 103 47 und
2205 6240 126 48 auch
2368 6241 82 47 die
2487 6239 424 67 mannigfaltigen
2951 6240 273 59 Versuche,

1716 6308 156 47 durch
1930 6308 291 63 Beifügung
2273 6309 93 49 des!
2414 6310 353 50 mütterlichen
2822 6310 223 48 Namens
3098 6311 129 48 oder

1717 6377 158 50 durch
1911 6360 265 83 Adoption
2209 6389 113 40 zum
2361 6377 137 57 Ziele
2531 6394 63 38 zu
2626 6380 273 67 gelangen,
2932 6380 74 54 sie
3045 6395 181 44 waren,

1718 6447 243 50 nachdem
2003 6451 117 47 eine
2158 6449 181 59 Saigon
2382 6450 120 67 lang
2542 6451 153 48 Leute
2734 6465 212 35 namens
2986 6450 77 50 Sir
3101 6452 126 48 oder

3339 57 164 51 Sirver
3537 56 132 51 hoch
3700 57 68 50 im
3807 54 168 51 Preise
4007 51 302 70 gestanden,
4341 50 157 52 durch
4535 49 182 52 Edikte
4746 64 79 35 ver-

3338 126 139 52 eitelt
3520 128 221 60 worden,
3786 126 154 50 deren
3982 139 235 49 genauen
4260 122 254 50 Wortlaut
4553 122 295 62 jedermann

3340 200 198 49 kennen
3586 197 171 53 lernen
3803 198 149 58 kann,
3999 194 190 52 wofern
4233 209 57 33 er
4331 193 109 49 sich
4482 207 96 34 nur
4619 193 50 49 in
4712 193 139 47 einer

3343 269 285 49 Bibliothek
3675 269 82 47 die
3804 266 355 50 betreffenden
4209 265 279 48 Nummern
4536 264 90 46 des
4674 264 152 46 sirver-

3341 339 284 49 morischen
3664 338 331 48 Amtsblattes
4029 335 290 51 verschafft.
4371 333 153 49 Nicht
4557 334 80 47 ein
4654 331 165 50 Weich-

3342 410 227 61 herziger
3616 410 92 47 wie
3752 408 97 60 ich,
3897 411 78 46 ein
4023 408 216 48 anderer
4282 408 157 59 möge
4482 404 98 48 den
4630 404 222 59 Jammer

3342 480 89 48 der
3465 479 354 49 enttäuschten
3862 476 166 49 Eltern
4064 476 348 59 beschreiben,
4450 474 81 53 die
4569 473 281 61 vergebens

3342 550 106 47 ihre
3482 547 305 67 Sprößlinge
3823 546 91 50 auf
3945 548 83 47 die
4067 548 283 47 Prinzessin
4387 546 172 47 hatten
4594 544 256 48 studieren

3343 618 182 50 lassen.
3575 620 122 47 Was
3731 618 130 49 mich
3893 618 292 62 anbelangt,
4220 632 58 33 so
4310 617 122 47 muß
4464 615 79 49 ich
4578 614 108 48 hier
4714 616 110 48 inne-

3343 690 167 48 halten
3566 689 103 48 und
3719 689 169 61 einige
3938 687 158 50 ihrem
4149 687 271 61 gerechten
4475 686 243 49 Kummer
4766 697 58 48 ge-

3343 760 178 48 weihte
3571 759 200 48 Zähren
3820 759 199 46 weinen
4071 796 9 9 .
4116 796 9 9 .
4160 796 9 9 .

3469 829 351 48 Andererseits
3879 828 190 66 gingen
4127 828 244 47 entartete
4432 827 311 47 Untertanen
4802 824 50 47 in

3343 899 156 50 ihrem
3540 899 145 49 Groll
3720 899 204 57 zuweit;
3961 899 76 46 sie
4073 909 171 36 waren
4281 911 72 44 es,
4389 895 82 48 die
4508 897 166 46 zuerst
4713 894 112 49 Real-

3343 970 206 51 schulen
3578 969 247 49 erfanden
3857 969 101 46 und
3985 967 302 63 gründeten,
4316 981 83 32 um
4429 965 273 61 möglichst
4728 964 125 47 viele

3345 1040 274 63 Jünglinge
3664 1040 93 47 der
3806 1039 244 60 Dynastie
4099 1037 302 48 erlösenden
4449 1033 405 68 Beschäftigung;

3343 1113 90 46 mit
3456 1111 101 48 den
3586 1106 603 56 Rechtswissenschaften
4216 1105 298 62 abspenstig
4537 1120 63 35 zu
4624 1104 227 49 machen.

3343 1181 68 48 So
3458 1181 128 62 groß
3636 1181 66 48 ist
3743 1179 86 49 die
3871 1177 394 62 Schlechtigkeit
4306 1176 93 50 der
4442 1175 304 48 Menschen!

3470 1265 113 48 Von
3619 1265 67 48 da
3723 1264 62 49 ab
3823 1264 171 48 redete
4028 1276 121 35 man
4184 1275 97 33 nur
4314 1262 162 59 wenig
4512 1273 99 34 von
4646 1266 209 41 unserer

3346 1333 420 63 Angelegenheit,
3810 1333 190 49 Artikel
4040 1331 278 49 höchstens
4359 1332 50 49 in
4451 1330 97 48 den
4596 1328 230 50 Familien-

3344 1403 234 62 blättern,
3624 1403 247 68 angefüllt
3911 1405 93 46 mit
4043 1403 359 63 königstreuer
4442 1399 411 48 Mathematiker-

3348 1473 398 63 Berechnungen
3797 1474 126 49 über
3973 1473 79 49 die
4102 1468 539 54 Wahrscheinlichkeit
4717 1473 139 45 einer

3346 1543 219 63 völligen
3597 1543 313 63 Aufhebung
3936 1544 95 48 des!
4058 1543 228 60 Fluches,
4313 1542 286 47 erinnerten
4626 1540 81 46 die
4736 1539 89 47 Bür-

3345 1628 91 48 ger
3482 1614 66 47 ab
3602 1614 101 47 und
3747 1628 68 53 px
3867 1628 64 35 an
3978 1615 115 59 jene
4142 1612 351 50 unliebsamen
4548 1610 302 60 Ereignisse.

3348 1683 117 48 Und
3505 1683 161 49 damit
3706 1686 165 46 wären
3909 1683 95 49 wir
4040 1682 83 52 bis!
4159 1698 64 33 zu
4260 1683 142 61 jener
4442 1682 110 47 Zeit
4591 1677 234 64 hinaufge-

3343 1753 259 61 schritten,
3636 1755 54 47 in
3724 1754 90 47 der
3846 1753 81 48 die
3963 1752 297 62 eigentliche
4294 1750 303 50 Geschichte
4630 1750 105 48 sich
4770 1750 57 47 ab-

3346 1822 163 63 spielt.
3559 1821 381 64 Erbprinzessin
3972 1822 200 61 Jezaide
4200 1821 280 50 Sirvermor
4507 1819 347 50 lustwandelte

3348 1895 63 46 im
3455 1890 323 64 königlichen
3819 1893 207 48 Garten.
4083 1893 69 48 Ist
4189 1892 132 48 doch
4361 1892 90 47 der
4492 1890 241 64 Frühling
4773 1904 56 33 an-

3346 1964 323 62 gekommen,
3713 1962 89 50 auf
3841 1965 178 45 seinen
4064 1959 262 50 Schultern
4372 1961 101 47 und
4520 1959 209 64 Flügeln
4768 1959 85 48 die

3347 2032 217 49 Schären
3604 2033 90 48 der
3732 2031 281 62 Singvögel
4054 2032 227 64 tragend.
4339 2031 74 61 Ja,
4451 2031 74 47 sie
4564 2031 182 63 singen
4786 2031 65 49 im

3347 2101 322 63 königlichen
3723 2102 189 48 Garten
3964 2102 81 47 die
4097 2102 197 52 kleinen
4347 2099 367 62 Nachtigallen,
4764 2099 91 48 das

3348 2173 139 49 heißt
3535 2174 93 47 mit
3674 2171 365 49 allerhöchster
4090 2171 264 48 Erlaubnis
4406 2169 103 49 und
4558 2171 180 47 soweit
4784 2172 72 46 sie

3347 2242 181 49 keinen
3575 2241 293 62 Schnupfen
3916 2241 181 49 haben.
4161 2241 135 49 Aber
4339 2240 137 51 nicht
4520 2240 92 47 der
4656 2238 172 48 Nachti-

3348 2310 166 64 gallen
3533 2312 244 62 Gesänge
3793 2313 125 47 oder
3935 2312 381 62 NiChtgesange
4343 2309 198 49 lauscht
4558 2308 105 50 ihre
4680 2309 149 61 könig-

3349 2381 125 49 liche
3513 2382 207 61 Hoheit,
3762 2382 138 48 Falte
3936 2380 89 49 auf
4062 2381 136 48 Falte
4232 2380 264 49 schneidet
4527 2379 105 49 sich
4669 2382 49 47 in
4751 2379 105 50 ihre

3349 2452 409 60 Alabasterstirn,
3793 2451 167 49 siehe:
3996 2452 89 48 wie
4119 2453 52 47 in
4204 2450 172 50 tiefem
4410 2450 188 49 Sinnen
4634 2449 119 48 hebt
4787 2450 69 46 sie

3346 2523 113 48 eine
3495 2521 152 49 Hand
3682 2536 191 47 empor,
3906 2523 90 48 mit
4027 2522 115 47 dem
4177 2520 204 52 Rücken
4414 2519 125 49 nach
4571 2519 152 60 oben,
4757 2519 100 48 und

3349 2591 188 62 spricht
3581 2605 62 34 zu
3682 2591 137 49 ihrer
3859 2590 570 53 Obersthofmeisterin:
4475 2590 134 62 „Mir
4650 2589 206 60 scheint,

3437 2661 98 49 will
3862 2661 118 49 Und
4011 2663 50 47 in
4093 2661 167 48 dieser
4291 2660 229 63 Haltung
4552 2658 184 49 wollen
4768 2661 91 46 wir

3349 2732 73 48 sie
3450 2731 271 50 verlassen.

3477 2815 97 49 Um
3618 2815 141 50 diese
3804 2815 112 49 Zeit
3958 2815 133 48 lebte
4132 2816 51 50 in
4226 2815 92 47 der
4355 2813 144 49 Stadt
4542 2814 195 49 Vienna
4778 2815 80 47 ein

3348 2885 142 48 edler
3540 2885 245 67 Jüngling
3835 2888 215 46 namensl
4094 2885 295 61 Srimoverr,
4438 2883 170 53 Baron
4661 2882 196 49 Aeneas

3350 2954 292 50 Srimoverr.
3697 2957 64 46 Er
3795 2953 203 52 brachte
4033 2955 87 52 die
4150 2951 237 52 üblichen
4424 2953 148 61 Jahre
4607 2956 50 49 in
4693 2953 162 49 einem

3351 3025 298 61 geistlichen
3684 3025 335 62 Gymnasium
4058 3040 61 33 zu
4152 3025 106 49 und
4295 3025 232 52 widmete
4561 3026 74 49 sie
4669 3051 59 6 —
4763 3025 96 47 wie

3352 3093 144 64 billig
3527 3124 59 6 —
3623 3097 162 47 einem
3823 3095 303 54 zweifachen
4162 3094 247 50 Studium.
4462 3093 101 48 Auf
4594 3093 91 48 der
4721 3091 136 49 Bank

3354 3165 147 62 lagen
3533 3180 92 34 vor
3653 3168 169 45 seiner
3853 3166 136 47 Nase
4020 3162 346 64 ausgebreitet
4398 3163 290 49 lateinische
4722 3162 109 49 Klas-

3352 3235 148 61 siker,
3520 3238 146 47 unter
3698 3235 115 48 dem
3835 3234 115 49 Pult
3983 3235 123 50 aber
4136 3234 265 48 entzückte
4436 3234 140 46 seine
4593 3232 152 48 Sinne
4777 3232 81 53 die

3353 3305 211 51 Lektüre
3609 3303 304 50 klassischer
3958 3306 302 47 Franzosen.
4321 3302 259 49 Nachdem
4625 3318 57 32 er
4720 3302 140 48 seine

3354 3375 192 48 ebenso
3593 3374 531 61 verschiedenartigen
4177 3373 74 49 als
4298 3373 400 61 eindringlichen
4748 3371 84 48 Stu-

3350 3444 118 48 dien
3511 3444 158 49 durch
3711 3444 97 49 das!
3849 3443 267 49 Auftreten
4160 3443 131 49 noch
4335 3444 190 60 einiger
4570 3441 289 49 Freiherren

3354 3528 212 35 namens
3626 3514 280 48 Srimoverr
3967 3514 101 47 und
4132 3514 111 47 eine
4288 3514 321 60 sogenannte
4655 3511 177 48 Schluß-

3352 3583 227 63 prüfung
3628 3584 220 48 beendet
3900 3583 150 61 hätte,
4100 3583 207 49 beehrte
4357 3598 57 33 er
4460 3583 82 47 die
4590 3581 270 62 juridische

3356 3652 231 51 Fakultät
3634 3655 93 48 mit
3773 3655 192 49 seinem
4014 3654 217 61 Besuch,
4282 3653 137 48 nicht
4463 3667 62 33 so
4573 3652 130 59 sehr,
4753 3651 109 48 weil

3354 3723 83 48 ihn
3463 3724 82 48 die
3570 3724 285 62 Süssigkeit
3876 3724 93 47 der
3992 3722 372 52 Wissenschaft
4389 3737 180 47 anzog,
4595 3726 131 56 nein,
4751 3722 111 48 eine

3354 3793 155 49 durch
3546 3794 95 48 das:
3675 3793 191 49 Bildnis
3903 3793 265 62 Jezaidens
4201 3793 362 66 geschmückte
4598 3793 235 60 Zeitungs-

3353 3873 232 39 annonce
3631 3864 137 49 hätte
3812 3864 88 50 ihn
3943 3864 94 50 mit
4079 3863 101 49 den
4227 3864 370 65 Bedingungen
4643 3864 219 47 vertraut

3352 3933 250 63 gemacht,
3648 3936 147 48 unter
3837 3934 164 47 denen
4042 3935 83 46 ein
4172 3935 276 61 Königtum
4492 3947 101 34 von
4634 3933 99 47 den
4779 3931 56 49 Di-

3353 4005 299 48 mensionen
3689 4004 92 48 des
3822 4003 209 52 Reiches
4067 4003 279 49 Sirvermor
4379 4017 64 35 zu
4478 4006 234 58 erringen
4749 4017 111 34 war.

3355 4073 118 49 Und
3525 4075 140 47 seine
3720 4072 150 50 Liebe
3918 4072 248 55 erlahmte
4218 4074 139 49 nicht
4408 4073 288 67 angesichts
4774 4073 88 47 der

3354 4141 418 51 Schrecklichkeit
3801 4145 167 47 seiner
3997 4143 252 63 Aufgabe.
4296 4144 167 48 Zwar:
4492 4157 56 34 es
4577 4145 65 49 ist
4669 4141 193 63 richtig,

3355 4228 143 33 wenn
3564 4213 89 49 der
3714 4213 267 49 berühmte
4032 4212 223 63 lygische
4305 4212 559 50 Geschichtsschreiber

3354 4283 177 48 Moses
3575 4284 162 47 Maria
3780 4283 334 49 Archivstaub
4155 4284 294 61 behauptet,
4492 4284 200 48 Aeneas
4733 4282 129 50 habe

3352 4352 109 49 sich
3492 4350 160 51 selbst
3682 4352 308 67 hinlänglich
4023 4352 83 49 für
4135 4356 176 47 seinen
4341 4351 491 52 bewundernswürdi-

3354 4437 101 47 gen
3499 4421 140 50 Fleiß
3677 4422 227 50 belohnt.
3963 4423 65 48 Er
4064 4423 238 49 benützte
4342 4423 217 53 nämlich
4597 4422 138 50 nicht
4771 4436 96 36 nur

3353 4493 83 48 die
3475 4491 328 68 reichhaltige
3840 4493 287 50 Bibliothek
4162 4497 170 47 seines
4370 4493 228 61 Oheims,
4635 4494 92 47 des
4766 4493 74 48 Pri-

3356 4562 335 50 vatdozenten
3717 4563 81 48 für
3822 4562 511 64 Rechtsphilbsophie
4358 4563 391 49 Bartholomäus
4770 4562 72 49 Sri-

3356 4641 214 52 moverr,
3611 4633 225 49 sbndern
3877 4633 133 49 auch
4047 4633 186 49 dessen
4275 4633 272 49 Gemahlin
4591 4633 135 49 teilte
4766 4646 98 36 von

3354 4702 141 62 jeher
3533 4704 94 47 mit
3669 4702 295 50 demselben
4010 4703 137 50 Eifer
4186 4704 92 48 das
4322 4704 161 61 Lager
4521 4704 92 49 des
4654 4703 182 61 jugend-

3357 4770 161 51 lichen
3561 4772 204 62 Neffen,
3808 4775 90 47 wie
3937 4772 83 51 die
4062 4774 521 60 Annehmlichkeiten,
4623 4774 82 51 die
4744 4772 98 50 Stel-

3359 4841 123 62 lung
3533 4843 103 48 und
3690 4842 162 49 Güter
3898 4843 97 52 des!
4029 4844 275 68 gelehrten
4354 4844 189 48 Gatten
4593 4845 92 47 mit
4762 4842 103 49 sich

3357 4911 256 51 brachten.
3664 4913 182 50 Dieser
3879 4913 252 50 Umstand
4161 4913 126 51 aber
4315 4912 149 51 sollte
4497 4913 234 52 Aeneens
4750 4914 88 48 Ver-

3359 4981 220 64 hängnis
3627 4983 214 49 werden.
3909 4985 106 47 Der
4058 4985 127 61 Tag,
4235 4985 65 48 da
4348 4999 54 34 er
4445 4985 91 48 mit
4582 4985 116 48 dem
4748 4983 96 49 voll-

3356 5052 220 49 endeten
3624 5052 185 50 Werke
3852 5054 108 48 sich
3961 5052 3 64 1
4008 5068 64 35 zu
4115 5056 168 47 seiner
4327 5055 165 47 Tante
4535 5054 184 62 begab,
4769 5053 65 48 Ab-

3356 5122 174 49 schied
3559 5138 98 33 von
3681 5123 81 49 ihr
3785 5137 64 35 zu
3874 5124 235 61 nehmen,
4134 5124 93 48 der
4247 5124 112 62 Tag
4384 5123 135 50 ward
4544 5125 108 52 sein
4677 5124 159 48 Todes-

3361 5194 99 64 tag.
3520 5192 129 62 Tief,
3695 5193 87 49 tief
3824 5208 165 33 waren
4030 5193 83 49 die
4155 5192 185 52 beiden
4382 5195 301 60 versunken,
4726 5210 53 33 er
4818 5197 48 49 in

3357 5262 96 49 das
3493 5261 246 50 Vorlesen
3778 5264 171 48 seiner
3984 5263 199 62 Schrift,
4225 5265 72 48 sie
4335 5266 52 49 in
4424 5267 82 46 ein
4545 5265 296 49 enthusiasti-

3360 5332 143 49 sches
3542 5333 276 61 Lauschen,
3853 5333 105 48 und
3991 5333 85 48 die
4114 5333 411 62 Doppelschritte
4558 5335 97 48 des!
4685 5334 154 52 nahen-

3360 5402 97 48 den
3493 5402 187 49 Gatten
3715 5404 205 47 wurden
3954 5405 102 46 erst
4083 5403 199 66 gehört,
4316 5404 73 48 als
4420 5419 55 33 es
4508 5417 62 37 zu
4602 5408 116 60 spät
4747 5419 117 35 war.

3361 5472 126 49 Kein
3520 5471 441 50 zweckdienlicher
3992 5473 187 50 Kasten
4210 5475 66 49 im
4309 5474 238 63 Zimmer,
4578 5476 105 48 und
4711 5476 156 47 schon

3358 5542 241 61 schwang
3641 5543 105 48 sich
3793 5542 214 61 Aeneas,
4049 5543 95 48 das
4186 5543 244 50 kostbare
4476 5545 303 62 Pergament
4819 5545 48 50 in

3361 5611 88 48 der
3489 5611 153 49 Hand
3682 5610 221 62 haltend,
3941 5615 124 45 statt
4100 5613 101 48 den
4243 5614 261 49 Ehemann
4542 5631 64 33 so
4641 5617 78 48 ins
4759 5616 81 60 Jen-

3360 5683 121 48 seits
3529 5695 63 35 zu
3639 5681 217 61 stürzen,
3901 5683 53 48 in
4001 5681 430 68 unbegreiflicher
4475 5686 393 60 Verwechslung

3360 5748 160 52 selbst
3548 5750 92 49 auf
3670 5751 92 49 das
3796 5753 342 48 Fensterbrett
4167 5755 105 47 und
4302 5769 193 49 sprang
4523 5770 113 35 zum
4671 5756 173 49 letzten-

3360 5821 102 49 mal
3505 5819 153 50 hinab
3700 5823 53 47 in
3796 5822 99 48 den
3939 5823 170 61 Teich,
4152 5824 187 49 dessen
4381 5825 197 49 Wellen
4623 5826 244 48 manchen

3364 5891 402 50 Ueberraschten
3799 5892 263 67 geborgen
4094 5894 166 49 haben
4290 5896 253 49 mochten.
4591 5896 122 61 Ach,
4742 5896 102 48 dies-

3359 5960 106 49 mal
3507 5961 203 49 dürften
3759 5963 81 48 die
3887 5962 195 50 Mühen
4127 5965 93 47 der
4265 5965 214 49 Lektüre
4525 5980 63 34 zu
4633 5966 236 67 gewaltig

3361 6042 235 51 gewesen
3645 6033 123 47 sein.
3835 6033 104 48 Des
3983 6034 205 48 kühnen
4234 6035 258 49 Tauchers
4540 6036 134 48 Herz
4718 6034 149 50 brach

3360 6101 232 49 darüber.
3641 6101 137 50 Wild
3811 6103 358 49 aufrauschten
4199 6106 83 47 die
4313 6106 223 61 Wasser,
4569 6106 105 49 und
4705 6106 162 48 indem

3364 6186 51 33 er
3457 6171 97 51 den
3598 6172 226 49 Zwicker
3860 6173 265 62 aufsetzte,
4166 6175 182 61 sprach
4388 6177 93 48 der
4521 6176 348 49 Privatdozent

3364 6241 79 48 die
3503 6241 315 64 geflügelten
3879 6244 201 49 Worte:
4141 6245 226 60 „Traun!
4426 6246 81 49 ich
4553 6246 134 49 habe
4741 6244 126 50 doch

3364 6310 189 50 diesem
3592 6312 360 50 Fischhändler
3981 6317 199 59 gesagt,
4211 6316 79 49 ich
4323 6316 95 49 will
4451 6331 96 34 nur
4572 6316 114 50 echt
4705 6317 137 48 Ibsen-

3362 6381 120 48 sChe
3515 6382 340 50 Karauschen.
3906 6384 116 48 Und
4056 6399 101 33 was
4188 6385 88 48 hat
4306 6386 93 48 der
4425 6387 296 66 geschickt?
4751 6382 118 53 Sind

3364 6450 94 50 das
3497 6452 268 50 Ibsensche
3807 6454 365 50 Karauschen?
4223 6454 300 64 Mutwillige
4564 6457 190 60 Fische,
4791 6455 78 49 die
