3576 4447
1781 112 90 54 348

241 244 140 50 findet
414 245 279 51 Mitteltöne:
724 247 77 51 das
833 247 54 51 ist
918 248 70 51 die
1018 249 255 69 Erfindung
1303 251 80 50 der
1412 252 245 49 Tonleiter.
1701 253 78 50 Ich

238 327 119 48 habe
400 328 369 67 minderbegabte
812 332 362 67 Gesangschüler
1226 334 134 50 kaum
1406 334 80 50 mit
1527 338 254 48 äusserster

241 409 141 49 Mühe
415 409 130 51 dahin
570 411 184 67 bringen
790 412 194 58 können,
1014 416 195 66 sogleich
1234 416 259 49 Tonleitern
1522 435 55 31 zu
1610 417 170 67 singen,

242 492 205 67 dagegen
492 493 69 50 die
603 494 441 68 Mindestbegabten,
1089 498 235 51 scheinbar
1352 499 243 59 Tonlosen,
1638 501 142 51 durch

242 574 254 66 Vorsingen
525 576 121 48 eines
674 578 417 52 Grund-Accordes
1116 574 436 82 (Dwr-Dreiklangs)
1585 583 194 66 sogleich

242 673 102 31 zum
388 657 216 66 richtigen
633 659 285 68 Nachsingen
960 663 256 50 veranlasst.
1277 663 181 51 Diesem
1501 666 277 49 natürlichen

241 738 491 70 Entwicklungsgange
750 743 327 70 widerspricht,
1106 764 134 31 wenn
1262 746 248 51 immerfort
1539 747 79 51 das
1641 747 103 51 Con-

241 839 328 33 sonanzen-
602 825 91 49 und
722 826 700 53 Dissonanzen-Wesen
1453 849 43 31 u.
1527 847 35 33 s.
1594 847 57 35 w.
1684 847 72 33 ver-

242 910 174 59 spottet
445 903 115 51 wird
593 898 137 81 (65),
776 910 213 49 während
1019 929 103 31 man
1153 910 117 50 denn
1300 910 113 52 doch
1455 911 298 68 „Widrigklin-

496 988 290 54 anerkennen
829 1010 124 32 muss
985 987 175 80 (414).
1218 995 132 49 Nicht
1394 993 156 51 besser
1594 996 62 51 als
1701 996 80 51 der

240 1068 250 50 Harmonie
520 1070 93 49 ist's
644 1071 102 51 dem
776 1075 337 67 Rhythmus
1145 1093 242 49 ergangen,
1417 1077 199 50 welcher
1644 1076 109 52 eben-

241 1150 96 49 falls
381 1151 114 49 nach
539 1152 124 50 einer
702 1155 263 68 hartnäckig
1004 1157 353 68 festgehaltenen
1392 1160 292 66 Vorstellung
1713 1161 62 50 als

242 1232 126 50 reine
397 1233 114 50 Ver
525 1236 620 51 Standes
1191 1241 166 65 gefasst
1400 1241 112 50 wird
1543 1241 111 67 (57,
1689 1241 92 61 63,

245 1315 133 58 294,
411 1314 132 60 360,
576 1315 153 70 365),
758 1321 217 50 während
1004 1321 69 51 die
1092 1322 256 50 Naturseite
1378 1324 90 49 und
1486 1324 295 50 Naturmacht

245 1396 80 50 des
340 1397 268 68 Rhythmus,
638 1400 69 51 die
736 1401 93 51 sich
858 1404 43 48 in
924 1404 484 68 Pendelschwingung,
1440 1406 341 69 Wellenschlag

242 1480 93 48 und
365 1480 414 54 Saiten-Vibration
810 1486 237 60 offenbart,
1092 1487 199 67 gänzlich
1323 1489 295 67 übergangen
1648 1490 127 52 wird.

241 1562 103 49 Und
376 1562 114 50 doch
520 1564 56 49 ist
607 1565 94 51 hier
729 1568 97 49 eine
857 1569 522 67 mystisch-dämonische
1400 1571 167 60 Macht,
1599 1573 68 49 die
1696 1590 82 33 aus

245 1645 80 48 der
353 1646 146 49 Natur
538 1646 42 50 in
621 1648 70 49 die
718 1651 145 49 Natur
894 1651 133 50 wirkt
1070 1653 117 49 ohne
1234 1654 297 49 menschliche
1563 1655 189 51 Willens-

242 1726 126 57 that;
398 1728 145 49 dieses
574 1728 193 69 bezeugt
797 1733 57 49 im
884 1734 256 51 niedersten
1160 1735 188 51 Gebiete
1379 1736 142 50 schon
1550 1736 70 51 die
1649 1738 97 52 Wir-

245 1809 123 66 kung
397 1809 81 51 der
506 1811 257 68 Rhythmen
793 1815 80 48 auf
896 1816 178 59 Thiere,
1119 1816 137 51 deren
1285 1818 207 49 mehrere
1522 1819 91 49 und
1644 1820 112 66 geist-

242 1890 146 50 losere
420 1909 99 32 vom
550 1894 255 67 Rhythmus
843 1898 213 64 ergriffen
1087 1899 198 58 werden,
1328 1899 64 51 als
1422 1918 100 32 vom
1554 1900 196 52 harmoni-

241 1974 136 48 schen
409 1975 155 59 Tone;
608 1976 144 51 höher
791 1979 164 60 hinauf,
1002 1980 68 51 bei
1101 1983 259 57 Menschen,
1404 1984 202 66 ereignet
1634 1985 144 60 sich's,

244 2055 106 50 dass
393 2058 215 48 mancher
647 2060 411 69 Kaltverständige,
1117 2064 389 67 Willenskräftige
1563 2067 114 49 doch
1719 2068 57 49 im

242 2136 353 68 Rhythmischen
626 2142 208 50 schwach
875 2144 80 59 ist;
998 2144 57 50 im
1087 2145 217 50 höchsten
1334 2147 190 49 Gebiete
1552 2147 123 61 aber,
1719 2149 59 50 im

242 2237 191 48 grossen
463 2220 294 68 Tongebilde,
799 2224 116 69 zeigt
945 2227 90 49 sich
1066 2228 79 49 das
1176 2228 302 67 rhythmische
1510 2230 175 51 Wesen
1714 2233 66 50 oft

241 2303 63 48 als
343 2303 278 66 gestaltende
651 2308 153 49 Macht
847 2308 143 49 über
1036 2310 100 50 dem
1167 2312 269 58 Verstände,
1478 2312 149 51 indem
1658 2332 37 32 z.
1726 2316 50 50 B.

242 2384 79 50 das
351 2385 176 68 Princip
557 2387 80 49 der
669 2382 389 83 (notwendigen)
1093 2393 376 67 Wiederholung,
1498 2394 80 50 der
1606 2397 145 67 Reper-

241 2467 194 59 cussion,
466 2468 80 49 der
574 2469 296 70 Eurhythmie
900 2473 80 48 der
1009 2474 176 68 Haupt-
1213 2476 91 48 und
1333 2476 362 52 Neben-Glieder

241 2549 85 48 wie
355 2550 63 49 sie
440 2550 134 50 Marx
604 2552 40 49 in
675 2553 146 51 seiner
839 2554 501 69 Compositions-Lehre
1370 2575 51 33 so
1450 2559 140 50 schön
1619 2559 133 68 darge-

240 2630 227 60 stellt—,
509 2632 282 70 keineswegs
821 2636 226 50 abstracte
1070 2639 567 69 Verstandes-Zählungen
1667 2642 112 51 oder

238 2714 272 49 äusserliche
529 2717 248 67 Ordnungs
802 2719 248 50 Merkmale
1075 2721 112 56 sind,
1218 2722 195 51 sondern
1437 2723 210 51 innerlich
1674 2724 100 51 dem

238 2794 155 51 Leben
410 2796 272 52 verflochten
702 2801 42 48 in
765 2802 343 57 wundervoller,
1127 2801 371 68 unbegreiflicher
1515 2806 259 51 Schönheit.

362 2879 63 49 Es
456 2879 142 51 ruhen
630 2882 94 49 hier
746 2883 427 69 Natur-Mysterien,
1204 2886 353 65 geheimnissvoll
1590 2890 90 49 und
1710 2891 41 49 of-

241 2959 155 50 fenbar
426 2953 251 84 (61,69),
707 2965 141 66 gleich
881 2966 80 49 der
993 2967 284 50 Wellenlinie
1309 2961 155 80 (372,
1497 2968 113 52 532
1616 2965 35 78 ),
1680 2989 94 33 was

241 3060 84 32 uns
354 3043 116 49 noch
494 3045 78 48 viel
604 3064 54 31 zu
687 3048 218 66 sprechen
938 3048 131 66 gäbe,
1099 3066 135 33 wenn
1257 3050 83 49 wir
1357 3051 121 51 nicht
1498 3052 111 51 eilen
1630 3057 115 46 müss-

241 3136 75 41 ten
348 3144 101 31 zum
478 3127 140 51 Ende.
665 3131 221 48 Desshalb
932 3132 155 48 weilen
1133 3132 82 50 wir
1257 3133 122 50 nicht
1423 3135 127 49 mehr
1591 3135 70 50 bei
1694 3137 81 48 der

242 3208 355 69 Verurtheilung
633 3212 135 50 eitlen
800 3215 399 49 Virtuosenthums
1229 3208 178 82 (406),
1450 3217 81 50 der
1559 3217 182 69 Empfeh-

241 3293 108 64 lung
379 3290 183 50 wahren
595 3293 353 53 künstlerischen
980 3296 211 51 Gehaltes
1224 3291 160 81 (104)
1418 3316 42 32 u.
1492 3318 34 33 s.
1559 3318 73 40 w.,
1672 3301 99 50 weil

240 3375 81 45 wir
350 3373 95 49 hier
472 3373 135 68 völlig
636 3375 292 52 beistimmen.
976 3380 97 48 Nur
1115 3377 113 51 über
1257 3380 70 49 die
1356 3380 225 51 Concerte
1613 3375 158 82 (448)

237 3456 81 48 mit
348 3455 118 49 ihrer
496 3467 308 56 sogenannten
823 3461 322 50 Zerrissenheit
1177 3465 121 47 wäre
1328 3462 113 51 doch
1473 3481 157 33 ausser
1647 3466 95 48 Men-

238 3537 251 51 delssohn's
517 3540 247 68 Vorschlag
796 3536 160 80 (448)
988 3542 115 50 noch
1136 3561 54 32 zu
1223 3549 228 62 erwägen,
1482 3546 59 50 ob
1571 3564 48 32 es
1653 3549 122 48 nicht

237 3619 170 50 Schuld
449 3620 80 48 der
556 3621 267 52 Directoren
865 3624 77 58 sei,
988 3641 72 33 wo
1105 3625 71 49 die
1215 3626 260 67 Mannigfalt
1517 3629 99 49 eine
1658 3633 87 47 stö-

236 3702 179 50 rende
445 3704 260 64 geworden.
736 3706 201 59 Freilich,
961 3724 130 33 wenn
1121 3710 50 48 in
1199 3710 208 50 continuo
1435 3710 92 50 drei
1547 3711 228 51 Liedchen

238 3801 249 50 gesungen,
518 3786 65 50 oft
613 3786 79 50 mit
722 3789 231 49 schreiend
986 3789 341 51 verschiedener
1346 3793 183 57 Tonart,
1559 3794 191 67 dessglei-

238 3870 112 48 chen
381 3869 67 48 ein
481 3885 107 51 paar
619 3870 162 50 Piecen
811 3888 81 33 aus
923 3873 67 49 ein
1023 3890 107 50 paar
1159 3874 385 52 Salonstückchen
1573 3875 173 69 abgedu-

238 3951 92 49 delt
369 3950 92 50 und
503 3950 106 52 alles
650 3953 146 50 dieses
837 3954 115 49 ohne
981 3955 245 51 Rücksicht
1268 3956 80 50 auf
1384 3956 160 61 Inhalt,
1587 3959 187 61 Tonart,

240 4031 156 52 Poesie
438 4043 234 58 vermengt
720 4035 125 59 wird,
891 4035 52 50 da
989 4036 56 50 ist
1089 4036 99 51 kein
1229 4038 304 67 vernünftiges
1564 4039 207 55 Concert.

1879 253 129 50 Aber
2038 253 97 51 eine
2165 254 279 68 vernünftige
2472 257 473 68 Zusammenstellung
2975 261 55 50 ist
3059 262 274 65 möglich,
3364 264 54 50 ist

1879 336 115 49 auch
2024 334 97 50 hier
2151 336 94 49 und
2274 337 54 49 da
2358 337 199 49 wirklich
2588 341 260 63 geworden.
2894 343 149 50 Wäre
3073 346 62 48 sie
3168 337 177 81 (ausser
3374 347 44 48 in

1879 436 191 48 grossen
2099 419 99 50 Ton
2204 419 196 59 werken,
2429 421 240 59 Motetten,
2701 422 243 51 Oratorien
2975 421 192 78 u.s.w.)
3201 445 66 32 an
3298 428 119 50 sich

1879 501 356 66 unmöglich,
2279 501 117 51 dann
2428 503 156 50 würde
2626 505 113 49 auch
2781 506 70 49 die
2889 506 142 51 durch
3063 510 129 49 Marx
3225 510 41 49 in
3297 511 119 49 ihrer

1878 583 144 50 vollen
2051 583 275 68 Bedeutung
2354 585 273 50 anerkannte
2658 587 283 60 Sinfonie,
2973 590 68 49 die
3073 591 345 52 Ouvertüre

1878 684 44 31 u.
1953 684 34 31 s.
2022 684 54 31 w.
2109 665 214 52 ebenfalls
2353 668 255 66 unmöglich
2639 670 118 58 sein;
2789 671 115 49 denn
2933 672 218 51 Niemand
3181 675 95 66 gibt
3307 676 111 51 oder

1878 747 104 51 hört
2013 748 96 50 eine
2140 748 259 68 Tonübung
2428 767 85 33 von
2543 769 188 49 grossen
2749 753 195 59 Massen,
2974 774 76 32 um
3081 756 96 50 eine
3209 759 207 59 Viertel-,

1878 831 243 49 höchstens
2150 832 98 50 eine
2278 831 130 52 halbe
2437 833 178 51 Stunde
2641 833 273 54 beisammen
2946 856 53 31 zu
3031 837 117 51 sein!

2001 913 84 50 Die
2129 913 334 53 kritischen
2505 917 348 68 Bemerkungen
2908 919 114 50 über
3063 921 216 52 Lebende
3323 925 93 49 und

1877 996 150 50 Todte
2056 996 96 50 sind
2184 996 118 51 wohl
2334 997 77 51 das
2443 999 310 67 Gelungenste
2785 1002 42 50 in
2858 1002 102 51 dem
2984 1004 178 59 Buche;
3206 1006 80 50 mit
3330 1009 63 48 sel-

1877 1085 128 43 tener
2022 1077 185 51 Schärfe
2226 1079 91 49 und
2334 1080 475 68 Rücksichtslosigkeit
2828 1087 382 66 ausgesprochen,
3229 1090 186 50 wecken

1877 1160 62 49 sie
1971 1160 76 49 das
2079 1160 170 51 Urtheil
2279 1161 92 50 und
2401 1161 181 51 fördern
2612 1164 69 50 die
2715 1165 522 56 Kunst-Wissenschaft.
3278 1173 108 49 Stim-

1877 1260 104 33 men
2027 1244 81 49 wir
2150 1244 114 49 auch
2307 1244 123 50 nicht
2472 1245 169 51 überall
2686 1246 86 61 bei,
2817 1269 39 31 z.
2899 1250 52 51 B.
2994 1250 113 51 über
3149 1254 266 52 Richard

1877 1326 279 66 Wagner,
2188 1325 80 51 der
2297 1326 163 50 freilich
2480 1326 102 52 bald
2599 1329 251 67 gepriesen,
2879 1330 103 52 bald
3012 1334 69 48 für
3110 1338 303 64 ungenügend

1875 1407 169 50 erklärt
2086 1407 113 51 wird
2245 1401 155 80 (175,
2437 1409 128 61 157,
2603 1406 150 79 179),
2797 1413 114 50 über
2949 1416 238 51 Berlioz
3234 1413 178 80 (160),

1870 1491 211 50 Victor
2109 1491 167 68 Hugo
2303 1493 93 49 und
2427 1493 235 50 Grabbe
2693 1489 177 81 (184),
2900 1515 51 32 so
2982 1499 95 51 sind
3109 1499 203 69 dagegen
3342 1503 70 51 die

1870 1573 352 50 Kern-Urtheile
2264 1573 113 52 über
2419 1575 276 61 Beethoven,
2752 1579 335 63 Mendelssohn,
3129 1584 282 66 Meyerbeer,

1872 1655 120 50 Bach
2035 1673 45 32 u.
2126 1673 35 33 s.
2203 1673 59 33 w.
2305 1658 321 64 Grossentheils
2672 1678 85 32 von
2801 1660 280 68 objectivem,
3124 1664 284 53 bleibendem

1873 1738 213 50 Werthe.
2117 1738 424 52 Mendelssohn
2571 1741 55 49 ist
2655 1759 55 32 an
2735 1744 235 51 mehreren
2992 1747 169 49 Stellen
3192 1748 41 49 in
3266 1750 147 50 seiner

1873 1822 169 48 Grösse
2074 1819 90 51 und
2192 1820 151 51 seinen
2359 1822 211 66 Mängeln
2597 1823 194 52 deutlich
2809 1828 258 65 gezeichnet
3098 1823 158 79 (102,
3283 1830 127 61 106,

1878 1902 132 59 119,
2041 1896 155 79 265),
2227 1921 220 49 wogegen
2477 1904 89 51 ihm
2597 1907 236 52 anderswo
2865 1909 68 50 ein
2965 1912 299 66 ungerechter
3293 1914 90 50 Vor-

1873 1985 123 50 wurf
2020 1984 162 51 daraus
2201 1985 208 66 gemacht
2423 1987 127 58 wird,
2584 1988 100 51 dass
2715 2007 49 32 er
2794 1990 119 51 nicht
2944 2011 55 31 an
3030 1994 84 50 den
3137 1995 274 53 Fortschritt

1870 2068 61 48 im
1962 2067 397 66 neu-hegePschen
2392 2069 138 50 Sinne
2561 2070 155 66 glaubt
2748 2065 286 84 (93,193).
3063 2077 348 67 Meyerbeer

1872 2150 56 49 ist
1952 2150 78 49 mit
2048 2149 132 51 allem
2197 2150 186 51 Grunde
2411 2169 75 31 um
2516 2153 120 50 seine
3029 2158 174 67 gefragt
3222 2153 186 83 (116);

1870 2232 115 49 auch
2016 2233 31 48 S
2063 2241 214 50 trauss,
2309 2233 80 50 der
2409 2234 339 70 Walzerkönig,
2767 2238 173 51 kommt
2969 2258 53 32 zu
3051 2241 164 50 seinem
3232 2243 173 51 Rechte

1874 2308 178 79 (227),
2096 2313 145 51 wobei
2272 2331 48 33 es
2350 2316 116 49 denn
2498 2316 162 52 freilich
2693 2319 212 51 Wunder
2933 2322 174 57 nimmt,
3145 2322 70 51 bei
3245 2342 50 32 so
3327 2331 54 61 gü-

1873 2397 114 66 tiger
2016 2397 343 67 Anerkennung
2387 2399 332 66 mannigfacher
2747 2403 369 69 Zeitrichtungen
3159 2407 70 50 die
3271 2408 109 51 from-

1873 2496 103 33 men
2008 2478 208 67 Gesänge
2245 2478 80 51 der
2354 2482 183 48 Vorzeit
2577 2500 50 31 so
2667 2492 207 42 constant
2913 2488 297 50 verurtheilen
3239 2509 56 31 zu
3327 2492 53 50 hö-

1872 2578 81 32 ren
1985 2554 176 80 (446),
2184 2561 62 50 als
2270 2562 92 49 läse
2380 2581 100 32 man
2505 2564 223 53 zwischen
2750 2567 86 50 den
2856 2568 179 52 Zeilen:
3077 2571 151 57 „Thul
3248 2573 159 57 nichts,

1873 2643 81 50 der
1982 2642 117 49 Jude
2131 2643 110 50 wird

1996 2726 335 51 Beethoven
2390 2727 112 51 wird
2557 2728 58 51 im
2660 2731 182 51 Ganzen
2886 2735 93 48 und
3017 2735 241 52 Einzelnen
3304 2738 104 50 sehr

1870 2807 234 67 gründlich
2135 2807 231 55 erläutert.
2405 2811 85 49 Die
2518 2812 367 67 Betrachtungen
2918 2816 79 49 der
3026 2825 198 43 neunten
3255 2821 124 50 Sinfo-

1868 2890 72 49 nie
1969 2890 59 49 im
2060 2890 137 49 Sinne
2226 2891 80 48 der
2334 2891 211 68 leipziger
2573 2893 166 51 Schule
2778 2888 157 80 (153,
2971 2892 134 80 163)
3148 2900 146 52 lassen
3325 2905 82 48 wir

1869 2972 80 50 auf
1983 2972 91 50 sich
2104 2971 219 52 beruhen.
2381 2973 84 50 Ein
2496 2992 107 50 paar
2632 2977 88 48 Mal
2750 2976 108 51 aber
2889 2984 179 45 müssen
3098 2982 83 49 wir
3208 2984 173 67 einspre-

1868 3055 113 49 chen
2011 3053 91 50 und
2135 3071 82 32 uns
2249 3055 184 49 weitere
2462 3057 259 69 Belehrung
2763 3060 206 52 erbitten.
3022 3064 92 49 Das
3144 3066 257 66 Allegretto

1867 3136 82 51 der
1996 3130 756 83 Cis-wo//-(Mondschein-)Sonate
2782 3136 159 83 (467)
2973 3145 71 57 ist,
3088 3147 177 51 meinen
3308 3152 95 58 wir,

1865 3219 170 50 nicht
2066 3220 321 66 tänzermässig
2413 3221 89 50 und
2524 3224 113 49 doch
2664 3225 159 68 richtig
2843 3225 276 53 bezeichnet.
3149 3231 84 48 Die
3255 3234 148 49 Kühle

1867 3300 113 52 nach
2011 3300 80 49 der
2122 3301 208 50 Schwüle
2361 3302 78 50 des
2469 3314 151 40 ersten
2650 3306 170 61 Satzes,
2858 3309 45 49 in
2932 3310 212 51 Thränen
3182 3312 220 63 lächelnd,

1867 3384 99 49 tritt
1995 3401 51 32 so
2076 3382 94 49 klar
2199 3382 177 60 hervor,
2400 3386 83 51 wie
2510 3405 47 32 es
2582 3389 69 49 die
2669 3390 127 49 Töne
2814 3409 88 32 nur
2927 3410 136 49 sagen
3095 3395 193 51 können.
3317 3399 58 49 Be-

1868 3464 194 52 weisbar
2091 3464 92 50 und
2213 3465 440 54 worlbeschreiblich
2684 3466 160 80 (467)
2876 3473 57 50 ist
2963 3474 282 67 dergleichen
3275 3479 106 49 aller-

1868 3547 128 66 dings
2024 3546 149 59 nicht;
2203 3547 80 50 der
2311 3549 196 67 logische
2537 3553 130 66 Gang
2696 3554 56 48 ist
2781 3554 218 63 heimlich,
3031 3558 114 50 doch
3177 3560 225 61 wirksam,

1869 3631 84 49 wie
1983 3630 41 50 in
2056 3630 156 50 Bach's
2244 3633 236 49 Präludien
2510 3635 91 50 und
2631 3636 174 65 Fugen,
2850 3638 69 50 die
2952 3640 115 50 auch
3109 3643 62 48 oft
3213 3643 43 49 in
3300 3645 39 50 G
3356 3663 23 32 e-

1868 3715 336 64 gensätzen
2235 3714 154 58 reden,
2418 3716 122 51 nicht
2568 3718 143 49 allzeit
2942 3739 151 50 sagen,
3124 3724 141 66 gleich
3297 3727 104 50 dem

1868 3794 328 51 französischen
2213 3795 313 69 Philosophen.
2556 3799 94 49 Das
2679 3817 158 49 grosse
2858 3805 434 52 F-dwr-Präludium
3323 3809 78 51 des

1865 3876 295 68 temperirten
2190 3878 209 59 Claviers,
2439 3878 83 66 %,
2565 3880 55 50 ist
2649 3899 85 32 von
2764 3883 275 54 tiefernstem
3068 3888 160 59 Inhalt,
3274 3892 105 49 feier-

1865 3959 87 49 lich
1995 3958 202 67 singend,
2240 3960 269 67 orgeltonig,
2554 3963 91 51 und
2687 3965 119 50 seine
2836 3968 129 66 Fuge
2996 3967 20 26 3
3040 4000 20 27 8
3093 3970 68 51 ein
3191 3970 210 63 heiteres,

1864 4040 260 54 neckisches
2156 4043 135 68 Spiel,
2323 4044 83 53 voll
2433 4044 316 67 jugendlichen
2780 4050 329 62 Muthwillens;
3154 4055 85 51 wie
3269 4058 132 50 sollte
