3576 4447
1792 119 92 56 350

368 252 105 51 Von
499 251 55 52 da
574 270 56 33 an
653 252 176 51 machte
858 254 63 51 sie
945 255 78 50 mit
1045 255 210 70 geringer
1270 256 382 71 Unterbrechung
1675 266 110 61 gute

249 335 254 60 Geschälte,
533 336 93 50 und
667 344 138 58 „gute
823 336 240 54 Geschäfte
1332 341 199 66 gereicht
1554 343 98 49 hier
1674 349 111 44 stets

251 434 83 33 zur
360 418 141 59 Ehre,
532 419 112 49 auch
674 437 131 31 wenn
835 437 47 33 es
914 420 93 50 sich
1036 440 78 33 um
1144 424 70 49 die
1241 424 153 51 Kunst
1421 424 195 52 handelt.
1660 425 100 53 Frei-

249 499 86 51 lich
364 517 154 33 waren
559 500 69 50 die
656 500 352 69 Auflührungen
1036 506 249 49 manchmal
1316 523 113 49 ganz
1458 508 327 49 unverzeihlich

247 581 240 60 liederlich,
526 585 143 47 Natur
700 584 90 49 und
820 586 238 60 nationale,
1079 588 87 49 wie
1187 589 272 51 ästhetische
1483 590 194 68 Bildung
1707 592 81 49 der

250 666 177 65 Sänger
468 682 51 31 so
561 666 307 61 verschieden,
907 668 61 67 ja,
1009 670 45 50 in
1095 670 275 52 offenbarem
1411 673 374 68 Widerspruche,

249 746 100 50 dass
378 764 56 32 an
463 746 70 49 ein
564 748 208 59 schönes,
800 749 349 53 künstlerisches
1167 754 175 50 Ganzes
1371 754 124 51 nicht
1524 773 54 32 zu
1610 757 177 49 denken

258 847 109 40 war,
410 830 149 50 ferner
598 848 83 50 gar
722 833 190 49 manche
941 834 216 61 Grössen,
1200 837 69 49 die
1308 837 123 50 nicht
1460 837 122 52 bloss
1613 856 54 33 zu
1700 839 87 50 den

251 910 388 61 verbleichenden,
668 914 197 51 sondern
895 917 140 50 schon
1065 936 55 31 zu
1150 918 87 49 den
1263 919 312 51 verblichenen
1595 923 193 48 Sternen

250 995 216 66 gehören.
495 994 130 51 Aber
654 1003 118 43 trotz
804 999 188 50 alledem
1021 1000 58 50 ist
1107 1018 50 32 es
1175 1002 266 59 Thatsache,
1470 1003 102 50 dass
1604 1004 80 50 der
1702 1006 54 48 Be-

247 1077 112 50 such
386 1084 121 42 trotz
536 1079 142 66 Krieg
705 1080 94 50 und
828 1082 249 68 Theurung
1107 1084 130 50 meist
1266 1086 217 49 zahlreich
1514 1103 109 32 war.

369 1159 87 51 Ein
486 1160 217 67 gewisser
726 1163 197 50 Vorrath
950 1182 86 33 von
1053 1167 370 67 Vergnügungen
1453 1168 56 50 ist
1538 1169 101 50 dem
1663 1169 93 66 Eng-

249 1242 156 49 länder
434 1242 43 49 in
508 1243 81 50 der
617 1244 157 50 Saison
805 1247 317 67 nothwendig;
1166 1249 92 50 und
1302 1267 133 33 wenn
1476 1267 49 33 er
1564 1251 63 50 sie
1666 1252 122 49 nicht

249 1343 57 31 zu
334 1326 156 49 Hause
519 1326 156 59 findet,
707 1328 132 50 sucht
867 1346 51 32 er
946 1329 62 51 sie
1037 1334 248 56 auswärts;
1309 1332 46 66 je
1385 1333 200 66 weniger
1614 1334 173 50 Privat-

246 1407 140 58 Bälle,
429 1408 348 50 Lust-Partieen
821 1411 93 49 und
957 1412 267 51 Reunionen
1269 1413 43 51 in
1356 1414 81 50 der
1479 1414 309 53 fashionablen

249 1489 144 59 Welt,
438 1488 131 51 desto
611 1492 129 48 mehr
767 1493 216 69 Zudrang
1025 1514 56 31 zu
1124 1496 87 51 den
1256 1497 286 52 öffentlichen
1578 1500 180 64 Vergnü-

247 1578 296 60 gungsorten.
574 1573 86 50 Mr.
686 1575 129 49 Kean
842 1576 76 49 hat
938 1577 71 50 nie
1040 1595 51 33 so
1121 1578 113 50 volle
1262 1578 280 52 Einnahmen
1571 1597 72 35 am
1661 1581 102 49 Prin-

249 1655 318 49 zess-Theater
598 1656 183 65 gehabt,
824 1658 94 51 und
948 1660 55 49 all
1034 1660 78 49 das
1144 1660 131 59 Geld,
1318 1662 194 51 welches
1543 1680 51 33 er
1622 1681 58 33 an
1709 1663 79 50 das

247 1736 277 68 prachtvolle
554 1738 262 69 Schauspiel
842 1741 214 51 Heinrich
1083 1743 121 52 VIII.
1248 1745 212 66 gewandt
1503 1746 92 60 hat,
1623 1746 56 49 ist
1709 1746 81 51 mit

246 1818 181 51 reichen
454 1820 166 49 Zinsen
647 1820 44 50 in
721 1822 122 51 seine
872 1823 174 51 Tasche
1075 1826 446 67 zurückgewandert.
1550 1829 87 49 Die
1666 1829 90 50 Con-

251 1909 123 43 certe
418 1901 81 49 der
833 1903 168 51 Sacred
1220 1906 253 51 Harmonie
1778 1909 17 49 S
1220 1909 46 50 in
1293 1910 175 49 Exeter
1496 1911 103 50 Hall
1642 1910 146 51 haben

250 1985 122 51 nicht
401 1985 255 66 aufgehört,
700 1987 97 50 eine
838 2006 159 49 grosse
1025 1991 166 66 Menge
1228 1991 155 51 herbei
1413 2011 56 32 zu
1500 1994 169 57 ziehen,
1712 2011 77 33 um

250 2069 70 49 die
336 2067 244 50 Oratorien
611 2085 86 33 von
720 2071 178 50 Händel
929 2072 92 51 und
1041 2074 320 50 Mendelssohn
1390 2093 55 31 zu
1476 2076 157 59 hören,
1663 2076 94 50 wäh-

249 2150 111 49 rend
391 2149 117 50 noch
537 2168 72 33 am
631 2151 130 51 Ende
790 2152 81 50 der
896 2155 158 51 Saison
1084 2155 70 51 die
1178 2156 352 67 Vorstellungen
1561 2159 80 48 der
1667 2157 121 53 Mlle.

249 2232 218 50 Rachel
510 2232 249 52 zahlreiche
801 2236 95 50 und
933 2237 330 51 aufmerksame
1291 2240 209 51 Zuhörer
1542 2241 114 50 nach
1686 2241 102 50 dem

250 2315 465 51 St.-James-Theater
741 2317 197 53 lockten.

374 2397 105 50 Von
520 2397 88 51 den
650 2399 230 52 einzelnen
921 2403 158 66 Opern
1124 2419 95 34 war
1261 2403 70 50 die
1374 2404 295 68 Aufführung
1710 2406 79 49 des

253 2481 125 49 Don
407 2480 149 48 Juan
585 2479 71 51 die
684 2481 423 63 allerschlechteste,
1133 2484 97 51 eine
1258 2485 154 51 wahre
1430 2488 259 66 Lästerung
1717 2488 78 48 auf

251 2565 192 48 Mozart.
490 2563 157 50 Wenn
692 2564 116 51 doch
851 2583 87 32 nur
979 2566 122 51 diese
1129 2568 302 50 italiänischen
1462 2570 326 66 Tageshelden,

254 2645 170 51 welche
466 2662 94 33 nun
604 2645 160 51 einmal
792 2649 300 51 Mozart'sche
1119 2650 151 50 Musik
1298 2650 122 52 nicht
1459 2653 130 49 mehr
1630 2653 158 66 singen

253 2728 196 57 können,
479 2726 87 50 den
595 2728 120 50 alten
743 2729 188 51 Meister
959 2730 139 51 lieber
1125 2733 145 49 ruhen
1300 2733 174 59 Hessen,
1517 2740 168 44 anstatt
1712 2734 75 50 ihn

254 2829 57 32 zu
339 2809 324 51 misshandeln!
706 2813 222 49 Dennoch
959 2832 95 32 war
1086 2815 77 50 das
1192 2817 127 49 Haus
1350 2817 109 49 zwei
1488 2818 89 48 Mal
1608 2818 180 66 gefüllt;

255 2893 80 51 das
349 2891 236 51 Publicum
614 2893 129 49 ehrte
773 2894 87 51 den
875 2895 246 69 Schöpfer;
1150 2898 72 48 die
1238 2898 147 49 Kritik
1412 2898 99 49 that
1539 2898 91 51 dies
1661 2899 128 59 auch,

254 2977 150 49 indem
442 2975 65 50 sie
546 2975 349 70 unbarmherzig
923 2978 114 51 über
1077 2979 247 67 diejenigen
1352 2980 174 60 herfiel,
1568 2982 71 49 die
1669 2982 121 50 seine

255 3058 321 67 Schöpfungen
618 3060 367 51 verunstalteten.
1044 3062 259 50 Tamburini
1357 3063 158 67 spielte
1558 3063 86 51 den
1685 3065 103 49 Don

254 3142 118 49 Juan
411 3139 80 50 mit
529 3140 168 50 seinem
727 3142 211 52 früheren
969 3144 152 50 Geiste
1152 3145 91 50 und
1272 3144 308 51 feinsittlicher
1608 3145 155 51 Auffas-

255 3241 144 49 sung;
438 3222 109 50 aber
575 3222 57 49 da
661 3239 50 33 er
745 3224 129 50 keine
904 3226 188 50 Stimme
1116 3227 127 49 mehr
1271 3227 91 59 hat,
1407 3245 51 33 so
1487 3236 173 42 musste
1688 3246 100 32 man

256 3307 90 49 sich
388 3306 82 50 mit
510 3306 82 49 der
620 3307 128 49 einen
774 3308 155 50 Hälfte
959 3309 80 50 der
1069 3311 268 67 Hauptrolle
1365 3309 258 69 begnügen,
1666 3312 92 49 wäh-

254 3389 113 50 rend
399 3388 69 50 die
498 3388 570 70 Gesammt-Ausführung,
1112 3393 54 47 da
1210 3410 104 33 man
1356 3392 70 51 die
1469 3394 131 66 Oper
1639 3393 149 50 ohne

255 3471 193 50 Probe
490 3469 103 68 gab,
636 3471 85 49 wie
759 3472 79 49 das
879 3472 94 49 hier
1012 3474 104 49 sehr
1144 3474 156 66 häufig
1343 3474 244 66 geschieht,
1632 3474 158 51 höchst

254 3553 253 66 nachlässig
533 3552 93 52 und
655 3571 56 33 zu
740 3556 172 57 Zeiten,
955 3556 85 49 wie
1078 3556 60 49 im
1169 3557 149 50 Finale
1349 3557 77 50 des
1456 3565 152 48 ersten
1636 3557 153 60 Actes,

255 3638 224 66 geradezu
510 3636 197 51 schlecht
735 3655 106 34 war.
872 3638 85 50 Mit
984 3638 147 51 Recht
1161 3640 152 48 eiferte
1341 3641 198 49 Davison
1570 3641 218 66 dagegen,

255 3721 102 49 dass
387 3721 80 51 der
495 3721 105 48 Don
621 3720 132 58 Juan,
783 3721 195 49 welcher
1007 3721 82 51 seit
1120 3722 143 48 einem
1295 3721 161 51 halben
1479 3722 310 51 Jahrhundert

254 3803 128 50 mehr
399 3819 203 50 gezogen
623 3801 65 49 als
716 3801 158 66 irgend
896 3802 96 51 eine
1013 3803 165 50 andere
1204 3803 143 68 Oper,
1376 3802 242 52 behandelt
1636 3806 151 49 werde

253 3886 85 49 wie
367 3887 68 48 ein
466 3886 110 49 altes
606 3883 142 51 Stück
777 3885 305 66 Hausgeräth,
1126 3886 79 49 das
1248 3904 120 40 man,
1411 3904 132 31 wenn
1591 3905 103 32 man
1738 3905 47 33 es

253 3967 204 61 braucht,
490 3985 79 33 aus
600 3967 103 51 dem
736 3967 183 52 Winkel
950 3968 260 50 hervorholt
1239 3968 92 50 und
1361 3986 51 32 so
1441 3968 231 61 bestäubt,
1703 3971 84 50 wie

251 4069 49 33 es
329 4052 71 60 ist,
428 4051 221 60 hinstellt;
679 4051 101 51 dass
811 4050 79 51 das
922 4048 127 53 beste
1079 4051 149 52 Werk
1258 4051 80 52 des
1369 4055 211 63 grössten
1611 4054 145 50 drama-

1881 260 172 52 tischen
2066 261 324 69 Componisten
2406 260 44 52 in
2474 261 303 69 schmutziger
2798 263 306 71 Ausstattung
3127 265 94 52 und
3246 269 153 70 schlep-

1882 345 170 66 pender
2080 345 94 50 und
2202 345 305 51 ermattender
2523 346 300 68 Ausführung
2845 350 264 65 vorgeführt
3138 351 171 51 werde.
3339 354 86 50 Die

1879 426 240 50 rettenden
2149 428 171 50 Stellen
2365 428 78 49 der
2475 428 295 67 Vorstellung
2812 447 153 33 waren
3007 432 210 50 Madame
3243 434 178 51 Bosio's

1878 509 150 50 reiner
2070 509 95 51 und
2203 510 309 66 vorzüglicher
2547 512 182 64 Gesang
2771 512 63 49 als
2864 513 191 59 Zerline,
3100 514 70 51 die
3198 515 110 50 Arie
3348 519 78 57 „II

1878 593 92 49 mio
2205 611 87 31 von
2332 593 143 51 Mario
2518 593 92 51 und
2654 593 70 49 die
2762 594 147 50 Elvira
2956 613 85 32 von
3082 597 152 50 Fräul.
3265 599 157 60 Marai,

1879 675 173 50 welche
2083 675 94 50 sich
2206 677 142 49 durch
2378 677 275 63 Intelligenz,
2681 693 133 33 wenn
2840 678 111 49 auch
2972 679 122 50 nicht
3120 679 142 51 durch
3279 683 147 58 Kraft,

1881 757 329 59 auszeichnete,
2253 758 56 49 da
2338 758 255 68 überhaupt
2621 759 222 66 tragische
2874 759 255 52 Heldinnen
3160 764 264 50 ausserhalb

1879 839 120 50 ihres
2031 839 171 51 Faches
2232 839 159 67 liegen.
2420 839 263 52 Lablache's
2713 843 254 66 Leporello,
2996 844 117 49 noch
3143 862 52 32 so
3224 846 202 50 ziemlich

1881 922 219 49 natürlich
2131 923 91 50 und
2251 923 127 50 wahr
2408 923 58 50 im
2497 932 152 41 ersten
2679 924 134 59 Acte,
2857 943 94 31 war
2982 926 54 49 im
3069 927 182 49 Ganzen
3280 928 146 51 nichts

1882 1004 173 57 weiter,
2085 1004 62 50 als
2179 1006 98 49 eine
2302 1004 198 51 schlecht
2531 1006 305 66 angebrachte
2864 1007 233 52 Burleske.

2001 1088 106 48 Don
2135 1088 119 50 Juan
2295 1105 371 48 ausgenommen,
2711 1089 158 50 wurde
2900 1091 102 49 kein
3031 1092 58 49 W
3090 1092 10 14 T
3104 1091 81 49 erk
3212 1093 213 51 Mozart's

1881 1169 269 66 aufgeführt.
2208 1171 83 48 Die
2320 1169 292 52 Zauberflöte
2641 1172 59 49 ist
2728 1172 96 49 hier
2853 1174 258 65 unmöglich
3153 1174 118 51 ohne
3301 1177 93 50 Ron-

1881 1251 137 50 coni's
2047 1253 255 66 Papageno.
2333 1253 85 48 Die
2436 1253 222 50 Hochzeit
2686 1253 79 50 des
2784 1254 163 67 Figaro
2979 1256 172 49 scheint
3180 1275 101 32 zum
3311 1260 86 49 Ver-

1879 1333 190 51 modern
2098 1334 58 50 im
2178 1334 345 50 Notenschrank
2546 1337 263 48 verurtheilt
2840 1355 54 32 zu
2925 1337 108 58 sein,
3064 1340 90 49 und
3185 1338 116 51 doch
3331 1359 95 33 war

1879 1416 80 51 der
1991 1418 113 49 Graf
2127 1417 98 51 eine
2255 1418 80 50 der
2365 1417 158 51 besten
2552 1420 162 49 Rollen
2744 1420 318 58 Tamburini's,
3096 1422 94 50 und
3219 1441 103 33 zum
3351 1425 50 49 Fi-

1881 1516 110 48 garo
2022 1498 57 50 ist
2107 1498 70 51 die
2207 1500 142 52 Wahl
2378 1500 260 53 vorhanden
2678 1501 225 51 zwischen
2930 1502 226 51 Lablache
3186 1505 93 50 und
3306 1506 87 49 For-

1879 1599 110 34 mes.
2025 1585 98 48 Cosi
2147 1586 84 65 fan
2267 1586 129 48 Tulte
2424 1582 57 51 ist
2511 1583 130 51 allem
2669 1585 229 50 Anschein
2927 1586 113 49 nach
3071 1604 81 33 aus
3182 1588 80 49 der
3283 1588 139 53 Mode

1881 1665 296 66 gekommen;
2217 1666 247 49 Idomeneo
2505 1666 176 51 scheint
2723 1666 77 51 das
2846 1685 140 50 ganze
3027 1668 270 53 Geschlecht
3340 1672 81 50 der

1878 1746 492 52 Theater-Directoren
2412 1747 44 51 in
2486 1748 257 50 Schrecken
2785 1768 56 30 zu
2871 1757 169 52 setzen,
3085 1751 91 50 und
3219 1754 73 49 La
3325 1755 72 49 Cle-

1882 1846 161 33 menza
2260 1831 50 48 di
2427 1831 99 50 Tilo
2287 1830 58 51 ist
2384 1848 257 48 vergessen.
2699 1831 85 51 Mit
2826 1831 248 52 deutschen
3104 1835 316 66 Sängerinnen

1879 1911 96 51 und
2003 1912 209 66 Sängern
2240 1911 71 51 bei
2342 1914 81 48 der
2450 1914 302 49 italiänischen
2786 1915 128 67 Oper
2941 1915 88 51 wie
3049 1916 152 51 Fräul.
3231 1919 189 67 Jenny

1878 1994 132 68 Ney,
2039 1995 121 49 Frau
2189 1996 422 59 Rudersdorff,
2640 1997 153 50 Fräul.
2822 1997 180 51 Marai
3031 1999 93 49 und
3142 2001 120 48 Herr
3283 2001 101 51 For-

1878 2093 83 33 me
1973 2093 36 42 s,
2050 2081 123 46 wäre
2203 2077 78 50 das
2312 2077 401 52 Wiederaufleben
2754 2080 83 49 der
2878 2080 240 51 reizenden
3161 2081 259 54 komischen

1881 2159 128 67 Oper
2226 2161 75 56 „II
2509 2160 129 51 nicht
2639 2178 37 33 nur
2714 2161 209 68 möglich,
2968 2163 197 50 sondern
3194 2165 115 50 auch
3340 2183 53 49 ge-

1881 2241 104 50 wiss
2017 2244 68 47 für
2114 2243 71 48 die
2215 2243 138 49 Casse
2381 2243 95 50 und
2505 2243 87 50 den
2624 2244 280 49 Geschmack
2935 2245 105 50 sehr
3068 2246 323 68 erspriesslich.

2003 2325 69 48 Da
2104 2324 81 49 wir
2213 2325 153 51 Fräul.
2392 2326 116 66 Ney
2536 2326 207 50 erwähnt
2771 2325 162 61 haben,
2963 2345 50 32 so
3044 2329 163 49 wollen
3237 2330 83 50 wir
3341 2348 52 33 zu-

1882 2404 143 67 gleich
2053 2406 80 49 auf
2156 2405 106 66 jene
2290 2406 218 50 Künstler
2536 2408 397 58 zurückkommen,
2974 2410 174 50 welche
3177 2411 103 49 dem
3309 2428 83 51 eng-

1879 2486 169 51 lischen
2078 2489 233 49 Publicum
2354 2507 91 31 neu
2485 2507 169 34 waren.
2711 2489 142 51 Unter
2897 2491 132 50 ihnen
3072 2509 154 33 waren
3265 2494 154 51 Fräul.

1878 2570 118 67 Ney
2038 2571 93 50 und
2161 2571 164 66 Signor
2365 2573 295 59 Graziani,
2700 2573 170 51 welche
2909 2573 130 51 beide
3071 2575 127 51 einen
3229 2594 190 49 grossen

1881 2653 158 66 Erfolg
2069 2653 169 59 hatten,
2267 2654 70 50 die
2363 2654 454 66 hervorragendsten.
2846 2655 154 51 Fräul.
3030 2658 95 66 Ney
3153 2665 90 42 trat
3271 2659 80 50 auf
3374 2660 46 51 in

1883 2735 169 50 Fidelio
2097 2753 71 33 am
2210 2737 193 49 Abende
2445 2738 81 49 des
2569 2738 149 49 hohen
2759 2739 244 51 Besuches.
3060 2740 78 49 Ihr
3177 2742 243 52 Verdienst

1882 2818 159 66 schlug
2071 2818 93 48 hier
2191 2819 116 50 noch
2338 2819 121 50 nicht
2486 2837 115 48 ganz
2631 2819 158 60 durch,
2833 2820 93 51 und
2956 2820 69 50 die
3055 2822 220 52 Stimmen
3303 2823 114 52 über

1881 2899 96 50 ihre
2004 2902 209 48 Leonore
2243 2918 153 33 waren
2437 2902 199 64 getheilt.
2693 2902 84 49 Die
2806 2902 191 50 Meisten
3029 2921 142 49 zogen
3201 2905 69 50 die
3303 2905 85 53 Cru-

1879 2983 98 51 velli
2008 3001 94 42 vor,
2144 2984 218 51 während
2403 3001 208 33 unserem
2643 2984 202 51 Urtheile
2885 2985 112 50 nach
3029 2987 80 49 der
3137 2988 170 51 Fidelio
3336 3008 52 49 ge-

1878 3065 109 51 rade
2015 3064 98 51 eine
2144 3065 80 49 der
2246 3065 328 50 schlechtesten
2596 3065 161 51 Rollen
2781 3067 80 49 der
2884 3068 190 50 Cruvelli
3105 3069 70 51 ist.
3207 3071 81 49 Als
3317 3072 99 51 eine

1879 3148 167 50 andere
2089 3148 93 51 und
2220 3149 105 49 sehr
2353 3148 316 51 verschiedene
2697 3151 210 49 Leonore
2935 3151 222 61 indessen,
3201 3153 64 50 als
3298 3156 88 49 Leo-

1877 3247 114 33 nore
2029 3231 43 48 in
2112 3231 174 49 Verdi's
2315 3232 249 49 Trovatore
2608 3224 173 80 (zuerst
2818 3233 207 66 gegeben
3066 3252 69 32 am
3175 3236 85 50 10.
3290 3232 126 77 Mai),

1878 3312 156 49 feierte
2064 3312 151 51 Fräul.
2230 3313 96 66 Ney
2356 3313 274 66 ungetheilte
2650 3313 355 69 Anerkennung.
3035 3317 52 49 In
3116 3317 146 49 dieser
3285 3318 131 51 Rolle

1879 3402 182 58 erregte
2104 3394 70 50 die
2218 3396 166 58 starke,
2427 3396 169 50 schöne
2625 3398 359 68 Sopranstimme
3031 3399 80 50 der
3154 3401 262 51 Künstlerin

1878 3477 81 49 mit
1987 3477 121 48 ihrer
2136 3477 152 49 reinen
2318 3478 91 50 und
2439 3478 261 68 prächtigen
2728 3481 150 58 Höhe,
2908 3482 169 48 vereint
3105 3482 81 50 mit
3214 3482 202 51 wahrem

1881 3558 344 51 dramatischem
2255 3560 202 58 Gefühle,
2497 3579 157 49 grosse
2683 3562 94 50 und
2805 3563 214 65 gerechte
3048 3565 367 67 Bewunderung.

1877 3642 115 50 Jede
2036 3642 205 65 folgende
2272 3643 476 66 Opern-Vorstellung
2790 3645 91 49 hob
2921 3646 152 49 Fräul.
3116 3647 97 67 Ney
3250 3647 45 51 in
3335 3647 80 52 der

1878 3723 293 66 allgemeinen
2208 3725 228 67 Achtung,
2469 3727 89 50 und
2587 3726 70 48 ihr
2686 3726 531 68 Wieder-Engagement
3246 3731 68 48 für
3344 3730 71 53 die

1877 3806 188 51 nächste
2080 3806 158 49 Saison
2267 3807 56 50 ist
2351 3808 128 49 mehr
2507 3808 63 50 als
2601 3807 381 54 wahrscheinlich.
3013 3811 164 66 Signor
3195 3811 217 63 Graziani,

1879 3888 196 50 welcher
2117 3888 43 50 in
2189 3890 167 49 Ernani
2401 3890 228 49 debutirte
2660 3883 92 79 (am
2786 3891 90 51 26.
2907 3887 164 79 April),
3115 3892 125 52 hatte
3284 3896 130 52 einen

1878 3971 174 66 Erfolg,
2081 3971 80 50 der
2189 3972 130 50 mehr
2349 3972 101 51 dem
2480 3974 191 49 frischen
2701 3974 93 50 und
2823 3974 198 50 schönen
3052 3975 249 53 Charakter
3327 3980 64 49 sei-

1877 4071 84 35 ner
1989 4054 204 62 Stimme,
2236 4055 62 51 als
2338 4055 81 52 der
2445 4056 268 67 Entfaltung
2748 4056 158 68 irgend
2946 4057 122 52 einer
3095 4057 317 58 bedeutenden
