3472 4358
1725 173 103 50 100

203 315 79 49 der
305 316 107 47 Zeit.
444 315 149 48 Schon
618 316 57 46 im
699 316 140 47 Jahre
872 313 137 50 1847
1039 313 208 49 machten
1276 315 81 45 wir
1388 315 81 48 auf
1495 315 194 48 Mendels-

200 393 149 47 sohn's
381 392 352 65 Veranlassung,
774 409 75 30 um
894 391 80 47 der
1003 407 83 31 von
1117 391 90 47 ihm
1241 391 267 48 entdeckten
1544 392 135 48 Wahr-

203 470 90 48 heit
338 470 180 47 weitere
562 468 306 65 Verbreitung
910 485 51 30 zu
1013 467 167 65 geben,
1230 467 42 48 in
1318 467 80 48 der
1441 470 274 47 Kölnischen

198 546 190 63 Zeitung
433 545 165 48 darauf
636 545 325 55 aufmerksam,
1004 547 253 46 erörterten
1289 543 119 50 dann
1439 545 57 47 im
1528 546 186 47 zweiten

197 623 264 64 Jahrgange
504 623 80 47 der
628 622 299 48 Rheinischen
960 621 385 65 Musik-Zeitung,
1387 622 44 48 S.
1465 622 126 57 777,
1622 622 69 48 die-

197 700 123 48 selbe
350 700 146 48 Sache
527 700 282 48 ausführlich
843 700 76 47 mit
945 698 315 65 Beleuchtung
1290 698 89 47 und
1407 698 308 66 Abfertigung

197 776 78 48 der
303 792 49 32 so
382 785 258 55 genannten
680 777 186 47 inneren
899 774 187 50 Gründe
1127 776 75 47 für
1244 776 70 47 die
1352 776 361 64 Beibehaltung:

273 862 110 41 t-rotz
409 853 188 50 alledem
622 853 354 50 verschwanden
1000 853 70 47 die
1093 852 160 48 beiden
1279 854 138 47 Tacte
1441 854 114 49 noch
1582 856 131 63 lange

197 932 121 47 nicht
349 931 171 49 überall
567 931 89 49 und
689 932 183 48 werden
906 931 64 48 bis
1002 929 134 49 heute
1166 947 99 31 vom
1310 933 223 62 pariser
1563 932 110 48 Con-

193 1009 324 47 servatoire
541 1008 340 48 -Orchester
929 1007 115 48 noch
1094 1007 163 47 immer
1300 1008 295 65 mitgespielt!
1648 1009 64 47 Es

193 1086 51 47 ist
277 1086 307 63 unglaublich,
635 1102 91 31 was
772 1087 75 44 für
884 1084 209 47 seltsame
1122 1084 284 47 Zuschriften
1446 1102 83 32 von
1572 1086 110 47 Musi-

191 1163 108 47 kern
334 1164 81 46 wir
444 1163 172 47 damals
644 1164 236 55 erhielten,
912 1162 114 48 auch
1051 1162 238 48 Schindler
1317 1163 179 48 schrieb
1521 1180 81 31 uns
1628 1181 54 30 un-

189 1247 67 41 ter
280 1239 256 50 Anderem:
579 1242 142 54 „Dass
743 1241 72 48 Sie
844 1257 49 31 so
923 1238 352 50 nachdrücklich
1300 1239 81 49 auf
1407 1241 79 47 der
1511 1242 169 48 Unecht-

193 1317 90 48 heit
312 1317 80 48 der
420 1317 109 48 zwei
561 1318 138 47 Tacte
730 1315 232 59 bestehen,
995 1317 117 48 kann
1144 1317 86 57 ich,
1262 1317 241 65 aufrichtig
1534 1326 174 57 gesagt,

188 1394 123 48 nicht
603 1395 88 47 und
716 1411 48 31 er
788 1394 167 48 konnte
983 1393 91 48 sich
1101 1393 122 48 nicht
1246 1393 247 57 enthalten,
1524 1395 114 49 noch
1665 1397 42 47 in

189 1472 81 48 der
298 1472 163 48 dritten
486 1473 194 65 Aullage
708 1473 148 48 seiner
880 1472 579 64 Beethoven-Biographie,
1489 1473 70 48 die
1591 1473 114 48 doch

189 1557 89 40 erst
315 1549 142 50 1860
498 1550 218 55 erschien,
766 1549 113 48 noch
931 1549 165 48 einmal
1148 1549 98 48 eine
1295 1550 149 47 Lanze
1496 1552 76 45 für
1619 1552 86 48 den

430 1628 83 47 wie
538 1627 257 49 Beethoven
819 1627 138 48 selbst
979 1627 85 48 den
1089 1627 165 48 Fehler
1280 1627 261 49 bezeichnet
1564 1629 141 56 hatte,

186 1705 284 64 einzulegen!
498 1705 115 47 Jetzt
642 1704 149 50 haben
823 1704 117 48 denn
971 1721 136 48 sogar
1135 1704 71 48 die
1230 1705 441 50 Orchesterstim-

186 1797 143 42 men,
369 1780 112 50 nach
513 1780 146 50 denen
692 1790 131 40 unter
852 1782 295 48 Beethoven's
1177 1782 198 64 Leitung
1403 1782 71 48 die
1505 1784 202 48 Sinfonie

184 1859 188 65 gespielt
402 1859 204 57 worden,
636 1858 70 49 die
738 1859 212 48 Echtheit
978 1859 76 47 des
1340 1859 141 65 (nicht
1503 1860 78 49 des
1608 1863 64 46 Hu-

186 1936 158 65 mors!)
371 1936 226 67 bestätigt,
627 1936 56 50 da
713 1938 42 48 in
786 1938 134 48 ihnen
952 1936 70 49 die
1051 1938 108 47 zwei
1186 1938 248 63 fraglichen
1459 1940 138 47 Tacte
1623 1957 84 47 gar

185 2014 122 48 nicht
334 2014 175 57 stehen,
541 2015 84 48 wie
656 2017 82 46 wir
767 2032 80 31 aus
871 2017 43 46 S.
942 2013 69 52 32
1039 2014 76 49 des
1139 2015 310 48 Schriftchens
1477 2032 82 33 von
1583 2018 120 48 Jahn

183 2091 226 50 erfahren.
458 2091 128 50 Aber
616 2093 78 48 das
725 2093 96 48 hilft
851 2094 106 47 alles
987 2093 160 58 nichts,
1177 2093 117 48 denn
1417 2094 288 57 „Beethoven

183 2169 77 48 hat
288 2170 291 65 späterhin
611 2170 83 48 den
727 2170 121 48 Bock
1356 2171 52 47 Ei
1440 2189 109 38 nun,

285 2277 16 20 v
310 2250 106 35 Viele
446 2250 64 35 der
538 2251 265 36 Eichelnesser
826 2253 42 44 ja
896 2251 112 47 gibt's
1035 2251 54 35 im
1118 2251 251 35 arkadischen

301 2325 109 48 Wie
439 2340 45 32 es
517 2325 77 48 mit
622 2325 80 48 der
731 2326 319 64 Ausmerzung
1080 2325 79 48 der
1190 2326 324 64 Tactpause
1543 2328 58 45 im
1634 2343 47 32 er-

180 2410 95 42 sten
307 2404 187 63 Allegro
538 2403 236 49 derselben
818 2404 175 48 fünften
1037 2404 201 48 Sinfonie
1286 2403 202 66 (worauf
1526 2405 83 47 wir
1643 2405 59 48 im

184 2480 48 50 2.
260 2480 159 65 Jahrg.
461 2480 39 48 d.
534 2480 164 48 Rhein.
729 2481 275 64 Musik-Ztg.
1041 2480 163 58 1852,
1248 2483 45 47 S.
1327 2480 127 57 780,
1484 2481 220 50 ebenfalls

183 2556 288 68 gedrungen)
499 2558 42 48 in
569 2558 80 48 der
678 2575 146 32 neuen
848 2559 215 65 Ausgabe
1091 2559 136 57 steht,
1260 2559 158 48 wissen
1450 2560 83 47 wir
1564 2560 139 57 nicht,

183 2636 57 50 da
271 2652 81 31 uns
382 2635 71 48 die
484 2636 202 49 Partitur
724 2636 114 49 noch
880 2636 123 50 nicht
1030 2654 52 31 zu
1115 2636 184 49 Gesicht
1327 2636 275 66 gekommen
1634 2639 68 48 ist.

297 2716 174 46 Ferner
513 2714 222 49 berichtet
760 2716 120 47 Jahn
919 2715 62 65 (S.
1014 2714 108 66 32),
1166 2714 101 49 dass
1310 2715 71 48 die
1423 2716 182 49 Musik
1649 2734 51 31 zu

184 2791 213 48 Goethe's
440 2792 247 64 Egmont
731 2809 90 32 nun
865 2792 114 49 auch
1025 2809 82 32 von
1138 2791 85 50 den
1254 2792 327 50 entstellenden
1611 2795 61 47 Zu-

179 2871 164 56 sätzen,
374 2869 84 48 den
490 2869 392 49 abschliessenden
914 2870 313 65 Anhängseln,
1265 2870 160 48 befreit
1454 2872 245 47 erscheine.

180 2946 137 50 Diese
344 2949 185 47 Zusätze
574 2947 118 50 habe
734 2949 68 48 ich
847 2949 217 49 ebenfalls
1106 2949 138 49 schon
1289 2950 58 47 im
1378 2950 142 48 Jahre
1557 2949 145 52 1834

181 3022 70 50 bei
284 3025 123 48 einer
438 3026 433 65 Fest-Aufführung
900 3044 79 30 zur
1008 3026 309 66 Einweihung
1347 3026 120 48 eines
1500 3029 181 63 patrioti-

178 3102 135 50 schen
345 3102 250 50 Denkmals
625 3104 41 48 in
699 3105 158 49 Wesel
889 3106 62 47 als
980 3105 297 49 Beethoven's
1321 3106 245 65 unwürdig
1609 3106 93 48 und

179 3180 123 48 nicht
344 3198 82 31 von
470 3181 91 47 ihm
602 3181 285 50 herrührend
932 3181 275 60 bezeichnet,
1260 3182 88 47 und
1399 3184 59 47 im
1508 3191 194 42 ersten

179 3259 339 66 Jahrgange
566 3259 146 49 dieser
754 3261 172 48 Blätter
969 3261 183 57 bereits,
1209 3260 161 58 1853,
1413 3262 45 49 S.
1491 3262 31 47 4
1554 3261 62 59 ff.,
1660 3264 42 47 in

181 3335 144 49 einem
378 3336 282 50 besonderen
706 3337 213 50 Aufsatze
962 3339 365 64 nachgewiesen,
1370 3339 84 48 wie
1497 3339 80 49 der
1608 3342 63 46 An-

176 3414 172 48 schluss
379 3414 79 48 der
480 3415 509 49 Zwischenacts-Musik
1021 3416 114 50 nach
1168 3416 102 48 dem
1298 3417 237 65 Originale
1564 3417 139 65 (ohne

172 3491 106 65 jene
308 3492 280 66 Anhängsel)
621 3510 54 32 an
707 3494 79 49 das
815 3495 131 48 Ende
978 3495 89 48 und
1098 3495 85 48 den
1211 3496 183 65 Anfang
1422 3496 79 47 der
1534 3495 143 51 betref-

179 3568 162 51 fenden
372 3571 113 48 Acte
515 3571 296 65 eingerichtet
856 3572 181 50 werden
1082 3574 166 55 könne,
1294 3590 74 32 um
1416 3572 70 50 bei
1529 3575 175 48 offener

179 3647 143 50 Scene
353 3648 378 59 aufmerksamer,
760 3651 64 48 als
853 3668 46 30 es
931 3648 68 51 bei
1031 3651 80 48 der
1134 3651 350 66 gewöhnlichen
1508 3652 84 49 Art
1623 3652 81 49 der

180 3725 359 67 Aufführungen
571 3727 239 50 derselben
858 3728 248 65 geschieht,
1149 3730 227 65 angehört
1422 3728 182 50 werden
1649 3749 53 30 zu

181 3802 195 51 können.
433 3806 63 47 Im
531 3806 321 49 Concertsaale
893 3824 119 31 muss
1053 3807 78 50 das
1173 3806 308 51 verbindende
1512 3807 193 50 Gedicht

178 3881 90 48 sich
316 3882 79 47 mit
435 3882 151 50 seinen
621 3885 358 64 Fortsetzungen
1018 3885 249 64 gleichfalls
1309 3885 299 49 unmittelbar
1648 3902 55 32 an

179 3958 70 50 die
273 3961 139 48 Tacte
437 3962 318 59 anschliessen,
787 3963 80 47 mit
893 3963 200 49 welchen
1117 3965 259 48 Beethoven
1408 3965 122 47 seine
1555 3965 148 48 Musik

179 4036 225 61 abbricht,
437 4040 83 48 wie
551 4056 44 32 es
628 4041 96 48 hier
748 4041 40 48 in
816 4041 118 49 Köln
962 4041 70 48 bei
1058 4042 326 48 wiederholten
1411 4042 263 50 Aufführun-

180 4131 86 48 gen
298 4117 79 48 mit
409 4117 245 51 besonders
684 4118 112 51 dazu
828 4120 303 65 gedichtetem
1164 4122 118 48 Text
1309 4120 257 65 geschehen
1596 4121 67 49 ist.

1938 315 113 47 Dass
2083 314 295 48 Beethoven's
2409 314 159 63 eigene
2592 315 208 48 Revision
2832 315 82 48 der
2938 314 400 65 Correcturbogen

1815 391 147 48 seiner
1994 391 176 48 Werke
2208 391 201 65 zugleich
2456 391 114 47 auch
2620 391 99 48 eine
2752 392 207 48 Revision
2991 392 80 48 der
3101 391 206 66 Composi-

1815 468 91 49 tion
1940 485 112 39 war,
2095 467 144 50 davon
2278 468 98 65 gibt
2405 468 117 49 Jahn
2566 485 56 32 an
2667 468 101 49 dem
2817 470 125 48 Viol
2961 470 377 48 in-Concerte

1815 546 88 65 Op.
1935 545 64 49 61
2037 547 128 46 einen
2198 545 370 66 merkwürdigen
2599 546 174 48 Beweis
2804 547 42 47 in
2876 547 308 65 Folgendem:

1940 622 287 56 „Beethoven
2274 623 123 47 hatte
2439 621 143 48 dieses
2627 623 197 49 Concert
2880 623 75 47 für
2999 622 84 48 den
3129 623 208 64 genialen

1816 700 316 63 Violinspieler
2163 700 251 48 Clement
2444 700 315 64 geschrieben,
2791 701 84 48 wie
2905 701 116 48 auch
3053 700 80 49 der
3161 701 150 59 scherz-

1815 774 120 50 hafte
1967 776 114 48 Titel
2112 776 76 48 des
2221 777 323 63 Autographs:

1930 852 216 51 Concerto
2165 868 90 51 per
2282 853 227 50 clemenza
2535 870 125 50 pour
2691 853 199 50 Clement
2918 852 155 68 primo
3116 851 170 52 Violino
3317 868 21 33 e

2300 928 237 51 Diretiore
2853 929 50 50 al
3020 932 145 48 teatro

2295 1023 100 45 ven,
2556 1008 155 60 1806,

1813 1083 202 55 beweist,
2061 1086 89 47 und
2183 1086 145 47 dieser
2359 1086 124 47 hatte
2523 1100 46 31 es
2611 1084 42 47 in
2691 1086 169 47 seinem
2900 1086 436 48 Benefiz-Concerte

1809 1178 72 31 am
1909 1161 85 49 23.
2022 1162 259 48 December
2311 1162 141 49 1806
2479 1171 147 40 zuerst
2654 1163 202 65 gespielt.
2892 1164 82 47 Die
3005 1163 331 66 eigenhändige

1811 1238 199 48 Partitur
2038 1241 116 60 zeigt
2192 1257 90 31 nun
2315 1241 99 47 eine
2444 1238 230 50 dreifache
2705 1241 250 48 Redaction
2988 1239 80 49 der
3097 1241 212 48 Solostim-

1809 1332 86 32 me.
1925 1318 71 46 An
2029 1317 80 47 der
2133 1317 252 65 gehörigen
2411 1317 139 48 Stelle
2578 1317 43 47 in
2653 1317 81 48 der
2758 1318 202 48 Partitur
2989 1318 54 47 ist
3071 1318 62 48 sie
3161 1335 48 30 so
3241 1318 69 48 nie-

1807 1393 400 65 dergeschrieben,
2251 1395 86 47 wie
2367 1394 258 48 Beethoven
2662 1395 62 47 sie
2767 1395 319 65 ursprünglich
3118 1395 218 65 concipirt

1807 1470 136 50 hatte.
1999 1472 66 47 Er
2095 1489 95 31 war
2218 1473 139 47 selbst
2400 1473 79 47 mit
2513 1470 80 49 der
2625 1473 202 47 Technik
2866 1472 81 48 der
2977 1473 330 48 Saiten-Instru-

1807 1555 150 41 mente
1986 1564 48 32 so
2069 1550 102 47 weit
2201 1558 218 48 vertraut,
2450 1567 74 30 um
2551 1549 396 50 Ausführbarkeit
2978 1549 89 48 und
3095 1549 147 50 Effect
3271 1550 60 47 im

1808 1627 244 47 Einzelnen
2081 1627 283 48 beurtheilen
2395 1644 53 31 zu
2480 1627 203 57 können;
2715 1628 131 48 allein
2876 1628 70 47 ein
2978 1628 326 63 durchgebilde-

1804 1712 70 40 ter
1901 1704 213 50 Virtuose
2146 1705 76 49 hat
2254 1705 114 49 über
2396 1705 79 49 das
2508 1704 279 50 Verhältniss
2817 1705 81 49 der
2927 1705 408 65 Schwierigkeiten

1803 1799 80 31 zur
1910 1783 251 65 Wirkung,
2192 1783 115 48 über
2337 1783 71 48 die
2433 1783 307 65 Anwendung
2772 1783 278 48 besonderer
3081 1784 145 48 Mittel
3259 1784 76 47 für

1804 1859 130 48 einen
1968 1859 282 50 besonderen
2279 1859 168 50 Zweck
2490 1860 69 49 ein
2607 1859 142 50 durch
2794 1860 242 66 vielseitige
3076 1860 257 66 praktische

1808 1936 267 65 Erfahrung
2114 1954 324 47 gewonnenes,
2477 1938 383 63 maassgebendes
2892 1939 175 48 Urtheil
3105 1938 109 58 und,
3261 1954 71 32 wo

1804 2032 47 31 es
1882 2015 70 47 die
1982 2015 191 64 eigenen
2203 2017 280 64 Leistungen
2526 2018 95 63 gilt,
2665 2017 246 48 Bedenken
2951 2017 92 48 und
3076 2017 257 58 Wünsche,

1806 2093 71 48 die
1902 2109 80 32 aus
2005 2094 147 47 seiner
2175 2094 416 65 eigentümlichen
2617 2093 357 49 künstlerischen
2999 2095 207 64 Stellung
3231 2095 77 47 her-

1806 2170 245 65 vorgehen.
2081 2170 228 50 Offenbar
2339 2171 78 50 hat
2444 2189 92 31 nun
2564 2173 256 47 Beethoven
2846 2171 80 50 das
2950 2171 161 66 fertige
3137 2173 196 48 Concert

1806 2264 77 32 vor
1926 2248 80 48 der
2036 2249 306 65 Aufführung
2382 2250 125 47 einer
2549 2265 210 49 genauen
2804 2249 277 48 Durchsicht
3123 2250 90 47 und
3246 2250 58 48 Be-

1804 2325 262 66 sprechung
2098 2326 78 47 mit
2207 2326 208 49 Clement
2443 2334 296 56 unterzogen,
2777 2326 148 50 dieser
2965 2326 78 49 hat
3079 2326 93 49 ihm
3212 2326 123 49 seine

1806 2404 246 48 Ansichten
2084 2403 115 49 über
2230 2404 247 66 dasjenige,
2523 2422 93 31 was
2655 2404 92 48 ihm
2781 2405 263 65 überhaupt
3073 2404 112 49 oder
3214 2404 116 48 doch

1806 2481 76 50 für
1905 2483 92 45 sein
2023 2481 120 65 Spiel
2178 2481 273 50 undankbar
2480 2483 224 58 erschien,
2733 2481 90 49 und
2851 2481 278 65 Vorschläge
3159 2499 53 31 zu
3236 2481 64 49 Ab-

1803 2559 297 65 änderungen
2132 2560 288 65 mitgetheilt,
2457 2560 90 48 und
2579 2560 177 48 danach
2795 2560 53 48 ist
2878 2561 40 47 in
2950 2560 124 48 einer
3105 2560 197 65 abgeson-

1802 2636 156 50 derten
1990 2638 122 48 Zeile
2152 2646 158 40 unter
2352 2638 80 48 der
2462 2638 202 48 Partitur
2693 2638 72 48 die
2795 2638 291 49 Solostimme
3116 2638 43 48 in
3190 2654 143 33 neuer

1807 2716 202 64 Fassung
2039 2715 318 64 geschrieben,
2397 2715 173 48 welche
2601 2715 353 65 durchgehends
2983 2715 71 48 die
3082 2715 251 48 Rücksicht

1803 2794 83 48 auf
1922 2792 84 50 den
2052 2794 288 63 praktischen
2386 2794 169 65 Geiger
2597 2794 246 57 offenbart,
2888 2794 82 48 der
3012 2794 70 48 die
3128 2798 205 61 grössten

1802 2870 175 48 Effecte
2010 2871 79 47 mit
2119 2871 294 65 möglichster
2442 2871 273 57 Sicherheit,
2759 2872 93 47 also
2892 2871 80 48 mit
2999 2870 82 48 der
3111 2870 190 67 bequem-

1801 2956 114 49 sten,
1959 2949 80 48 der
2069 2949 149 48 Natur
2260 2950 78 47 des
2367 2950 329 47 Instrumentes
2739 2949 90 48 und
2874 2949 82 48 der
2988 2949 160 49 Weise
3190 2949 145 48 seines

1802 3027 145 66 Spiels
2004 3044 70 32 am
2133 3027 187 49 meisten
2378 3035 300 57 angepassten
2730 3027 203 49 Technik
2989 3045 52 31 zu
3099 3027 238 49 erreichen

1803 3105 249 48 wünschte.
2110 3105 116 48 Dass
2259 3105 257 48 Beethoven
2550 3105 209 49 Clement
2794 3121 48 32 so
2880 3106 107 47 weit
3016 3104 229 66 nachgab,
3283 3105 55 48 ist

1803 3185 69 47 ein
1905 3200 142 32 neuer
2079 3184 174 48 Beweis
2283 3184 156 57 dafür,
2470 3184 100 49 dass
2601 3201 49 31 er
2681 3184 81 48 viel
2794 3184 82 48 auf
2900 3184 75 48 ihn
3007 3182 126 59 hielt,
3165 3182 92 50 und
3286 3199 50 33 so

1804 3261 84 48 wie
1917 3278 46 31 es
1992 3278 93 31 nun
2118 3261 380 65 umgeschrieben
2530 3261 177 57 wurde,
2744 3278 106 48 mag
2880 3261 79 48 das
2989 3260 198 49 Concert
3215 3260 122 48 wohl

1803 3346 304 59 vorgetragen
2152 3340 187 48 worden
2376 3340 109 48 sein.
2542 3340 80 48 Als
2667 3356 44 32 es
2758 3339 113 49 aber
2912 3356 80 32 zur
3032 3339 306 66 Herausgabe

1806 3417 120 56 kam,
1959 3417 78 49 hat
2066 3417 260 49 Beethoven
2352 3417 114 50 doch
2495 3417 247 49 Bedenken
2767 3417 199 65 gefühlt,
2996 3416 71 48 die
3092 3417 245 49 Clement'-

1802 3496 137 47 schen
1966 3495 249 48 Varianten
2246 3496 85 47 alle
2362 3504 82 56 gut
2472 3513 51 30 zu
2557 3495 192 57 heissen,
2782 3494 90 49 und
2898 3494 212 49 desshalb
3139 3495 43 47 in
3214 3495 124 47 einer

1803 3590 147 32 neuen
1976 3574 122 47 Zeile
2130 3572 281 50 oberhalb
2443 3572 80 49 der
2555 3574 202 48 Partitur
2786 3574 100 47 eine
2917 3572 135 49 dritte
3083 3571 253 50 Redaction

1803 3651 481 65 niedergeschrieben,
2328 3651 171 48 weiche
2537 3668 101 31 zum
2671 3651 129 48 Theil
2841 3651 72 48 die
2955 3650 382 66 ursprünglichen

1803 3730 136 48 Ideen
1966 3728 171 50 wieder
2160 3730 258 56 aufnimmt,
2448 3746 101 33 zum
2574 3730 130 49 Theil
2737 3730 71 48 die
2837 3728 156 50 zweite
3024 3728 314 65 Bearbeitung

1804 3806 201 56 benutzt,
2037 3807 119 48 dann
2188 3806 112 49 aber
2330 3808 114 47 auch
2471 3825 113 48 ganz
2608 3824 117 33 neue
2748 3807 344 65 Aenderungen
3118 3806 219 48 einführt.

1803 3886 107 48 Man
1944 3885 168 48 könnte
2156 3902 90 31 nun
2292 3885 244 66 allerdings
2574 3885 273 49 zweifelhaft
2886 3885 111 57 sein,
3045 3885 173 48 welche
3246 3885 61 47 Re-

1804 3963 181 49 daction
2016 3962 70 50 die
2117 3963 240 65 eigentlich
2397 3963 284 66 berechtigte
2724 3963 84 56 sei;
2852 3963 132 50 allein
3016 3962 57 50 da
3104 3962 71 48 die
3205 3970 133 42 unter

1803 4041 300 49 Beethoven's
2135 4042 208 48 Aufsicht
2381 4042 269 66 gedruckte,
2691 4059 84 31 von
2806 4043 92 49 ihm
2930 4041 139 49 selbst
3099 4040 239 66 corrigirte

1804 4120 221 65 Ausgabe
2065 4120 207 65 vorliegt,
2316 4121 173 49 welche
2524 4121 92 48 sich
2649 4121 81 49 der
2758 4122 161 48 zuletzt
2947 4121 267 48 erwähnten
3247 4120 60 49 Ge-
