3901 5550
775 4962 547 62 Veränderung
1366 4970 453 49 sämtlicher
1869 4975 258 48 Preise
2176 4975 379 60 jederzeit
2603 4984 518 56 vorbehalten

305 5063 459 53 Verantwortlich
799 5070 92 47 für
921 5070 90 47 die
1045 5072 440 61 Schriftleitung:
1521 5077 240 49 Lothar
1793 5079 313 62 Schreier
2150 5095 31 38 /
2216 5085 194 60 Verlag
2447 5089 106 45 Der
2592 5089 188 50 Sturm
2818 5092 61 47 G.
2911 5106 76 35 m.
3019 5094 49 47 b.
3102 5095 64 48 H.
3199 5107 32 38 /
3263 5097 188 51 Berlin
3486 5101 121 49 W9

1326 5151 215 49 Druck:
1575 5155 54 47 C
1663 5156 211 48 Baaista
1908 5160 46 46 &
1988 5158 93 49 Co.
2115 5175 29 31 /
2178 5162 186 49 Berlin
2398 5163 101 48 NO
2535 5168 56 44 18

339 260 1453 115 MONATSSCHRIFT
1877 260 339 111 DER
2297 259 582 116 STURM
2958 304 47 72 /
3108 317 354 49 Dreizehntes
3502 319 128 57 Jahr

338 425 282 45 Erscheint
653 437 89 33 am
775 425 219 45 funften
1028 423 156 58 jedcn
1216 420 214 50 Monats

335 497 95 50 Mit
460 497 404 62 mehrfarbigen
896 497 442 62 Kunstbeilagen,
1372 497 412 48 Holzschnitten
1818 501 150 57 (stets
2000 512 129 34 vom
2163 497 164 50 Stock
2360 497 286 62 gedruckt)
2682 499 114 48 und
2829 500 385 61 Zeichnungen

336 578 350 57 Dauerbezug
734 576 18 59 /
799 575 102 48 Ein
933 574 133 48 Jahr
1096 574 122 49 1500
1250 573 150 50 Mark
1437 576 17 59 /
1492 574 103 48 Ein
1628 574 267 61 Halbjahr
1926 575 92 48 750
2050 575 152 49 Mark
2255 576 18 59 /
2326 574 307 50 Einzelheft
2665 575 91 50 150
2788 575 150 49 Mark
2970 578 19 59 /
3022 576 261 48 Ausland:
3315 577 126 49 4000
3472 577 154 50 Mark

334 670 376 58 VollstSndige
744 669 320 60 Exemplare
1098 670 96 46 des
1227 674 43 42 6.
1304 669 84 47 bis
1421 674 44 41 8.
1487 669 297 59 Jahrgangs
1817 683 107 33 nur
1956 670 144 47 noch
2132 671 60 46 in
2221 671 249 57 wenigen
2501 671 362 59 Exemplaren
2894 671 324 47 vorhanden
3249 672 49 56 jc
3321 677 121 42 2000
3466 673 158 47 Mark

336 753 43 41 9.
409 747 84 47 bis
531 752 70 40 12.
635 746 267 59 Jahrgang
938 750 118 43 1500
1088 746 156 48 Mark
1277 746 20 58 /
1332 752 42 41 1.
1405 747 85 47 bis
1521 751 43 42 5.
1599 748 114 46 und
1748 752 44 42 8.
1813 747 270 59 Jahrgang
2114 748 292 58 vergriffen
2428 746 20 59 /
2472 748 336 47 Einzelhefte
2842 749 135 46 alter
3008 749 301 58 JahrgMnge
3344 754 90 42 150
3468 751 157 45 Mark

336 835 116 49 Von
485 835 144 49 alien
663 835 410 49 Holzschnitten
1106 835 100 49 der
1238 836 310 49 Zeitschrift
1583 836 108 48 Der
1724 835 182 50 Sturm
1938 836 125 48 sind
2096 836 258 62 signierte
2387 836 113 48 und
2533 838 390 49 nummerierte
2957 843 379 53 Handdrucke,
3369 852 110 37 von
3511 840 110 49 den

334 913 231 48 meisten
597 912 384 62 Zeichnungen
1015 917 376 46 Kunstdrucke
1424 912 251 50 kauflich
1706 928 68 33 zu
1807 914 304 47 erwerben.
2176 914 98 47 Die
2308 913 272 62 Originate
2613 914 125 48 sind
2769 915 365 50 verkiiuflich.

334 1008 374 47 Sturmbuhne
741 1006 18 59 /
791 1004 280 49 Jahrbuch
1104 1004 96 49 des
1233 1005 263 49 Theaters
1528 1005 98 48 der
1659 1005 480 61 Expressionisten
2175 1007 17 58 /
2227 1005 42 49 1.
2301 1005 86 48 bis
2420 1006 44 49 8.
2497 1005 160 63 Folge
2691 1008 18 58 /
2736 1008 131 60 jede
2900 1008 163 63 Folge
3095 1008 62 49 50
3188 1009 152 49 Mark

333 1225 2046 115 KUNSTAUSSTELLUNG
2490 1228 376 115 DER
2978 1228 647 115 STURM

333 1391 354 62 BERLIN
728 1392 157 61 W9
948 1411 32 41 /
1043 1389 599 64 POTSDAMER
1688 1389 415 64 STRASSE
2159 1389 113 68 134
2310 1389 38 68 a
2386 1389 37 68 /
2482 1392 140 61 AM
2672 1391 599 66 POTSDAMER
3317 1394 305 63 PLATZ

330 1497 362 49 Geoffnet
733 1497 293 63 taglich
1065 1511 137 35 von
1242 1497 153 51 10—6
1441 1497 147 49 Dhr
1618 1511 31 39 /
1683 1499 374 61 Sonntags
2096 1511 142 37 von
2279 1497 152 49 11—2
2470 1497 146 51 Uhr
2656 1516 27 32 /
2726 1499 513 51 Monatlicher
3279 1501 346 51 Wechsel

330 1656 687 70 Hundertdreizehnte
1065 1655 433 88 Ausstellung

328 1761 313 48 November
675 1767 119 42 1922

325 1965 342 88 Johannes
712 1963 190 88 Jtten

328 2163 745 71 SturnvGesamtschau

2067 1656 696 70 Hundertvierzehnte
2810 1658 432 90 Ausstcllung

2065 1763 297 46 Dezember
2396 1768 121 43 1922

2064 1839 382 71 Alexander
2495 1843 336 88 Bortnyik

2065 1948 166 69 Paul
2279 1949 396 70 Fuhrthann

2065 2056 212 70 Oscar
2324 2056 365 90 Nerlinger

2065 2164 745 70 Sturm'Gesamtschau

1578 2297 467 61 Tageskarte
2092 2295 33 51 5
2174 2297 196 49 Mark

324 2521 373 90 Bucher
753 2551 172 60 aus
984 2524 219 88 dem
1249 2521 355 117 Verlag
1655 2523 195 89 Der
1897 2519 330 95 Sturm
2282 2524 179 87 mit
2517 2551 313 61 neuen
2889 2521 732 124 Grundpreisen

322 2672 210 57 August
565 2671 238 46 Stramm

320 2745 85 48 Du
438 2746 17 59 I
488 2744 442 61 Liebesgedichte
964 2745 17 59 /
1014 2744 44 48 4.
1091 2744 217 61 Auflage
1341 2745 107 49 2.50
1480 2745 149 48 Mark

320 2821 290 61 Tropfblut
641 2824 20 53 /
693 2821 263 48 Gedichte
991 2824 18 57 /
1046 2822 116 61 geb.
1197 2822 107 52 750
1335 2822 150 48 Mark

318 2898 358 48 Gesammelte
710 2897 341 62 Dichtungen
1099 2900 18 58 /
1162 2899 30 46 2
1224 2899 182 47 Bande
1454 2902 19 57 /
1520 2899 161 48 Jeder
1719 2900 152 48 Band

1658 2978 31 46 5
1720 2977 150 49 Mark

317 3070 135 46 Paul
485 3069 314 47 Scheerbart

316 3142 468 49 Glasarchitektur
814 3145 18 58 /
865 3144 60 48 In
960 3144 85 48 111
1079 3143 251 63 Kapiteln
1363 3147 19 58 /
1414 3146 107 49 3.50
1553 3147 149 48 Mark

317 3237 163 47 Ernst
513 3240 211 45 Marcus

316 3312 107 47 Das
455 3311 582 63 Erkenntnisproblem
1070 3316 20 57 /
1122 3313 107 50 3.50
1261 3315 150 48 Mark

314 3406 135 48 Kurt
482 3407 271 58 Heynicke

316 3479 163 62 Rings
514 3481 166 47 fallen
714 3481 189 47 Sterne
938 3484 17 57 /
990 3482 261 50 Gedichte
1286 3486 18 58 /
1336 3485 106 49 2.50
1474 3486 149 48 Mark

315 3575 204 46 Rudolf
547 3577 262 45 Blumner

316 3648 107 47 Der
455 3648 148 49 Geist
636 3649 95 47 des
766 3648 299 50 Kubismus
1099 3651 113 49 und
1246 3652 87 48 die
1369 3654 204 49 Kunste
1608 3658 17 58 /
1658 3657 28 45 4
1713 3657 150 50 Mark

313 3744 199 45 Lothar
545 3744 256 58 Schrcyer

312 3815 98 48 Die
443 3830 141 35 neue
618 3815 173 50 Kunst
824 3820 17 58 /
876 3818 105 49 1.50
1012 3819 151 49 Mark

514 3921 98 49 Die
644 3923 185 51 Preise
863 3923 123 51 sind
1018 3926 99 50 mit
1149 3926 100 50 der
1276 3930 215 59 jeweils
1525 3931 372 63 festgesetzten
1933 3937 443 64 Teuerungszahl
2409 3955 66 36 zu
2507 3943 445 65 multiplizieren.
3015 3950 106 49 Zur
3150 3952 136 49 Zeit:
3316 3953 93 51 210

2059 2672 284 45 Herwarth
2377 2672 234 47 Walden

2059 2744 97 49 Die
2179 2758 141 35 neue
2343 2744 221 50 Malerei
2588 2748 17 58 /
2627 2745 348 65 Einfuhrung
2994 2748 58 49 in
3075 2748 108 50 den
3207 2751 411 64 Expressionis-

2056 2835 125 34 ms
3402 2830 30 48 3
3465 2831 153 49 Mark

2057 2898 106 48 Das
2195 2899 153 48 Buch
2381 2899 100 49 der
2513 2900 438 50 Menschenliebe
2984 2904 18 58 /
3036 2902 210 51 Roman
3276 2907 18 58 /
3325 2906 108 50 2.50
3465 2907 153 51 Mark

2059 3010 731 72 Sturm^Bilderbucher

2056 3111 336 64 Ganzseitige
2421 3115 380 63 Abbildungen
2836 3117 101 48 der
2968 3117 372 65 Hauptwerke

2106 3208 22 45 I
2161 3209 143 45 Marc
2338 3209 223 59 Chagall
2595 3208 330 61 /vergriffen

2083 3300 46 46 II
2162 3301 304 47 Alexander
2498 3303 349 60 Archipenko

2054 3391 71 45 m
2159 3393 132 45 Paul
2325 3393 128 47 Klee

2053 3484 70 44 IV
2158 3484 134 46 Kurt
2324 3486 312 48 Schwitters

2051 3555 165 50 Jeder
2247 3558 152 48 Band
2431 3560 109 49 4.50
2570 3561 154 50 Mark

2073 3653 44 42 V
2155 3654 167 45 Maler
2376 3655 95 46 des
2520 3657 514 57 Expressionismus
3069 3660 20 58 /
3122 3658 60 49 15
3237 3661 373 52 Farbdrucke:

2055 3724 220 64 Chagall
2306 3729 18 58 I
2358 3727 324 65 Kandinsky
2713 3733 18 59 /
2765 3732 147 49 Marc
2949 3747 135 35 usw.
3117 3737 19 59 /
3170 3737 136 50 12.50
3337 3739 154 50 Mark

2662 3838 465 66 Menschenkopfe
3163 3844 59 48 12
3254 3847 155 49 Mark

309 4173 107 46 Der
479 4174 184 46 Sturm
729 4175 338 48 ftbernimmt
1129 4179 88 45 die
1270 4180 421 61 Veranstaltung
1755 4198 111 34 yon

309 4235 187 46 Sturm
507 4236 459 58 -Ausstellungen
1017 4236 417 60 (Gesamtschau
1485 4246 113 44 und
1651 4247 216 46 Einzel*

309 4297 430 58 ausstellungen)
803 4299 59 45 in
926 4300 146 47 alien
1136 4302 223 47 Stadten
1424 4305 112 45 und
1602 4307 264 48 Landern.

308 4358 106 45 Der
478 4358 186 47 Sturm
727 4361 297 46 vermittelt
1087 4374 92 34 nu
1197 4376 26 32 r
1287 4365 104 45 den
1446 4367 250 47 Verkauf
1752 4384 113 33 von

308 4419 239 47 Werken
595 4422 94 45 der
729 4421 271 55 Kunstler,
1049 4424 85 45 die
1176 4437 56 34 er
1281 4427 170 47 durch
1500 4429 184 58 eigene
1724 4434 141 45 Aus-

306 4481 308 59 stellungen
647 4483 317 46 anerkennt.

309 4667 317 89 Standfge
674 4670 529 72 Verkaufsstelle
1252 4677 106 66 fur
1405 4677 312 89 Graphik

305 4772 194 60 Verlag
533 4776 106 45 Der
672 4776 187 47 Sturm
893 4777 61 48 G.
976 4792 73 33 m.
1072 4779 49 47 b.
1146 4783 67 44 H.

306 4849 318 50 Potsdamer
657 4854 186 46 Strafie
876 4859 90 41 134
980 4868 31 33 a
1043 4867 29 36 /
1106 4858 344 48 Gartenhaus
1481 4862 179 47 rechts
1683 4864 46 46 II

2053 4192 100 68 Im
2203 4194 400 69 November
2649 4200 406 72 erscheinen:

2051 4360 189 46 Albert
2275 4362 237 48 Gleizes:

2050 4433 109 49 Der
2192 4434 294 53 Kubismus
2519 4441 20 57 /
2574 4440 96 48 Die
2704 4441 170 50 Mittel
2905 4458 69 35 zu
3006 4444 211 51 seinem
3250 4448 356 53 Verstandnii

2051 4575 134 47 Kurt
2218 4577 334 50 Schwitters:

2048 4649 99 48 Die
2179 4651 191 48 Blume
2403 4654 153 53 Anna

3080 4771 1 2 •

2048 4791 134 47 Kurt
2215 4792 336 51 Schwitters:

2045 4865 235 62 Auguste
2314 4868 153 50 Bolte
