2651 3418
589 492 143 38 gefarbter
752 496 96 29 Faden
870 497 73 29 oder
964 499 109 37 Game,
1099 502 130 29 sondern
1250 503 93 29 durch
1364 504 65 29 sinn-

588 548 127 28 gemasse
747 542 201 41 Abanderung
983 546 53 29 der
1067 547 226 41 Stichrichtung,
1328 559 116 20 woraus

586 586 93 30 durch
713 589 235 41 Reflexwirkung
984 591 46 31 die
1066 594 159 39 gewollten
1259 596 186 30 Lichtstufen

586 633 198 40 entspringen.
826 636 69 29 Wir
916 638 120 32 kbnnen
1057 640 80 29 diese
1152 641 178 30 verfeinerte
1344 642 81 31 Tech-

585 678 56 36 nik,
664 680 110 30 welche
790 682 105 31 Obrist
908 684 110 30 wieder
1033 696 146 29 errungen
1194 688 58 36 hat,
1275 689 66 29 sehr
1359 689 68 29 deut-

584 724 57 30 lich
655 736 35 19 an
706 727 95 30 einem
815 729 30 29 in
861 729 167 40 Glanzgarn
1046 733 199 38 gearbeiteten
1260 735 184 39 dreiteiligen

583 771 222 32 Windschirme
821 775 192 38 beobachten,
1028 779 53 28 der
1095 790 54 18 uns
1160 780 137 29 überdies
1309 781 135 36 erbfFnet,

583 818 55 28 wie
670 819 191 38 gebieterisch
895 823 52 28 der
978 824 108 29 Zweck
1125 825 51 29 dcs
1212 835 36 20 zu
1283 827 161 29 zierenden

584 864 222 39 Gegenstandes
831 868 30 29 in
889 868 47 30 das
959 870 237 30 Phantasieleben
1217 872 52 29 dcs
1291 873 153 28 Kiinstlers

583 910 172 32 hineintritt.
796 914 104 30 Dieser
924 916 207 30 Windschirm
1160 918 36 29 ist
1223 918 50 29 fiir
1298 918 48 29 die
1372 918 72 29 freie

581 956 71 30 Luft
687 958 80 31 einer
801 961 137 29 Veranda
972 962 177 37 berechnet,
1186 974 30 19 er
1253 964 132 29 leuchtet
1414 962 30 32 in

582 1004 147 36 scharfen,
761 1005 128 31 frischen
920 1008 119 36 Farben,
1069 1019 30 19 er
1125 1009 84 39 fangt
1237 1010 47 28 die
1309 1010 117 28 Sonnen-

581 1050 124 29 strahlen
731 1051 31 29 in
788 1053 165 39 m'achtigen
973 1054 252 31 Blumenkelchen
1250 1055 61 29 und
1332 1055 113 29 weiten

580 1095 259 33 Blatterschiisseln
861 1099 55 36 auf,
937 1110 49 19 wo
1009 1101 40 28 sic
1065 1101 61 29 sich
1140 1100 31 32 in
1186 1101 52 29 der
1253 1101 81 29 Fiille
1350 1101 95 29 baden

580 1141 118 30 kbnnen
734 1162 34 3 —
805 1145 46 29 die
887 1146 149 38 goldenen
1072 1148 131 34 Lichter,
1238 1147 47 29 die
1319 1148 55 28 wir
1408 1157 37 19 zu

581 1188 158 31 Genossen
762 1200 122 21 unseres
912 1193 245 38 morgendlichen
1184 1193 150 39 Behagens
1358 1195 70 26 wiin-

581 1234 97 30 schen.
702 1254 33 3 —
758 1237 73 29 Und
852 1248 37 19 zu
911 1238 96 30 einem
1028 1240 120 28 Dritten
1173 1238 86 29 diene
1286 1248 55 19 uns
1366 1239 80 28 noch

580 1280 48 29 das
650 1281 123 40 Beispiel
795 1283 93 30 dieses
910 1284 252 30 Windschirmes:
1186 1295 30 19 er
1239 1284 126 29 beweise
1389 1294 56 19 uns

580 1326 94 30 seines
696 1329 154 40 Schbpfers
872 1331 257 38 Unabh'angigkeit
1143 1341 62 18 yon
1220 1330 60 29 den
1291 1331 154 39 Japanern.

582 1372 70 29 Wie
685 1373 78 30 diese
795 1376 159 29 entnimmt
985 1376 73 29 auch
1087 1376 103 29 Obrist
1222 1375 78 29 seine
1330 1375 116 29 Motive

580 1436 38 2 —
631 1419 61 28 hier
713 1420 138 30 Eisenhut
867 1439 40 3 —
925 1422 52 29 der
998 1431 55 19 uns
1074 1422 143 38 alltaglich
1237 1421 210 39 umgebenden

580 1464 105 30 Natur.
719 1466 156 30 Wahrend
897 1478 62 19 nun
980 1468 53 29 der
1047 1468 164 40 japanische
1227 1468 138 29 Kunstler
1385 1468 62 28 sich

581 1511 53 28 mit
654 1516 143 34 grbsstem
819 1513 165 29 Geschicke
1007 1513 131 34 bemiiht,
1160 1513 60 29 den
1234 1513 212 39 Bliitenzweig,

580 1556 49 29 das
656 1558 83 35 Blatt,
764 1558 59 30 den
843 1560 107 38 Vogel,
979 1559 59 29 den
1065 1560 111 28 Frosch
1203 1570 32 18 so
1258 1569 189 28 naturgetreu

580 1602 253 41 wiederzugeben,
855 1605 56 29 wie
934 1615 31 18 er
987 1615 29 19 es
1039 1615 56 19 nur
1115 1606 105 38 irgend
1235 1615 128 28 vermag,
1384 1605 63 29 und

581 1648 112 30 sodann
714 1651 61 28 sein
795 1651 53 29 mit
869 1660 159 20 ausserster
1044 1651 220 39 Verfeinerung
1284 1651 63 28 und
1367 1651 64 28 Deli-

580 1694 110 29 katesse
722 1696 243 39 durchgefiihrtes
996 1696 98 29 Werk
1129 1707 33 18 so
1197 1697 84 35 keck,
1315 1707 33 18 so
1386 1696 46 29 ein-

582 1740 224 38 schmeichelnd,
829 1753 32 18 so
878 1743 173 38 geschmack
1055 1742 60 30 voll
1130 1753 36 18 an
1181 1742 53 29 der
1248 1743 104 29 Flache
1368 1742 79 29 eines

582 1786 386 41 Gebrauchsgegenstandes
977 1789 142 34 anlieftet,
1129 1789 63 28 dass
1202 1789 79 28 diese
1293 1789 155 37 organisch

582 1832 152 38 ausgefiillt
763 1834 154 36 erscheint,
946 1834 122 30 obwohl
1094 1835 40 28 sic
1161 1845 30 18 es
1218 1844 50 28 gar
1295 1834 82 28 nicht
1397 1834 50 28 ist:

582 1877 47 28 hat
650 1878 51 28 der
716 1880 239 30 Natureindruck
974 1880 31 29 in
1027 1879 52 30 der
1094 1881 82 28 Seele
1198 1889 122 20 unseres
1339 1880 94 27 Kiinst-

581 1922 55 29 lers
668 1924 64 37 jene
760 1926 184 39 Wandlung,
975 1927 66 38 jene
1072 1926 177 29 'asthetische
1281 1924 149 30 Transsub-

583 1970 165 29 stantiation
762 1972 239 38 durchgemacht,
1016 1972 46 29 die
1077 1972 55 29 wir
1147 1981 95 19 zuvor
1257 1970 192 30 schematisch

583 2016 175 37 angedeutet
778 2017 103 37 haben,
903 2018 47 30 die
971 2028 54 19 uns
1048 2019 67 28 aber
1134 2018 93 29 ihrem
1242 2017 118 29 Wesen
1375 2016 75 27 nach

584 2060 79 30 nicht
691 2062 114 30 minder
835 2064 231 39 unergriindlich
1093 2064 39 29 ist
1163 2063 39 29 als
1233 2063 81 38 jenes
1345 2061 104 38 heilige

585 2106 182 39 Mysterium,
789 2110 52 28 mit
862 2110 105 29 dessen
988 2111 120 28 Namen
1133 2110 54 28 wir
1209 2110 39 27 sic
1270 2118 38 19 zu
1330 2116 120 20 nennen

583 2160 54 21 uns
663 2154 173 30 erkiihnten.
878 2157 110 28 Ferner
1018 2155 92 29 fiillen
1138 2155 80 29 seine
1246 2154 129 28 Formen
1403 2152 46 29 die

584 2197 102 30 Flache
712 2198 30 31 in
768 2200 51 29 der
839 2202 81 29 That
945 2201 156 39 organisch
1125 2210 60 20 aus:
1214 2200 80 29 derm
1319 2200 39 28 sic
1385 2198 65 29 sind

584 2241 48 29 fiir
654 2243 126 31 dieselbe
802 2256 159 26 ersonnen,
988 2248 94 28 durch
1104 2247 39 28 sic
1165 2246 138 39 bedingt;
1324 2245 40 30 sic
1386 2244 64 30 sind

584 2289 201 37 rythmischen
819 2292 62 29 und
908 2293 227 29 konstruktiven
1166 2293 154 28 Gesetzen
1350 2300 85 20 unter-

585 2333 125 31 worfen.
732 2353 38 4 —
790 2337 56 29 Die
868 2339 192 38 Anordnung
1082 2338 52 30 der
1155 2338 215 35 Farbenflecke,
1398 2337 53 29 der

587 2378 283 42 Verschlingungen,
886 2385 138 39 Spiralen,
1039 2385 210 39 Brennpunkte
1262 2383 109 39 erfolgt
1386 2383 49 29 des-

588 2423 132 37 gleichen
740 2437 49 19 aus
811 2429 51 29 der
878 2430 148 29 Phantasie
1047 2430 31 29 in
1093 2430 247 29 unwillklirlicher
1355 2430 80 28 Riick-

587 2468 74 30 sicht
681 2471 51 28 auf
749 2472 58 30 den
828 2474 117 30 Zweck.
986 2476 74 29 Also
1088 2476 72 29 auch
1186 2476 52 29 der
1265 2475 187 30 Geschmack

590 2513 50 29 dcs
662 2516 149 30 Kiinstlers
834 2520 68 37 geht
917 2522 156 36 organisch
1093 2532 48 19 aus
1157 2523 110 28 seinem
1283 2522 148 29 Gesammt-

590 2558 126 31 schaffen
736 2562 116 37 hervor,
872 2564 139 31 indessen
1032 2577 30 19 er
1084 2568 59 28 den
1160 2568 123 39 Japaner
1302 2577 56 19 nur
1371 2567 81 29 leitet

591 2603 77 28 beim
688 2606 176 39 Anbringen
885 2611 114 35 dessen,
1021 2623 57 18 was
1101 2623 31 18 er
1154 2613 54 29 der
1222 2612 213 39 Erscheinungs-

591 2648 70 29 welt
675 2651 53 28 mit
741 2652 139 31 Keckheit
894 2656 100 29 raubte
1010 2658 72 29 oder
1097 2659 53 29 mit
1160 2659 63 29 List
1233 2658 63 30 und
1309 2659 126 29 Bedacht-

594 2694 117 29 samkeit
741 2698 79 28 stahl.
872 2701 68 28 Wir
977 2704 150 28 erkennen
1162 2705 59 28 den
1255 2705 198 29 elementaren

595 2736 195 33 Unterschied
801 2744 148 29 zwischen
962 2756 137 21 unserem
1112 2750 61 28 und
1184 2750 69 28 dem
1267 2750 187 40 japanischen

597 2780 142 31 Kunstler.
760 2802 38 3 —
820 2788 70 28 Dass
913 2800 31 17 er
965 2792 117 30 endlich
1104 2794 58 28 den
1180 2795 189 38 Englandern
1391 2796 61 29 und

597 2823 163 32 Franzosen
795 2831 79 29 nicht
907 2837 157 28 unterthan
1098 2839 48 34 ist,
1182 2841 101 28 erliellt
1320 2851 48 19 aus
1402 2843 51 27 der

1526 504 126 29 Genesis
1674 503 79 29 eines
1774 502 90 38 jeden
1884 502 97 29 seiner
1995 502 124 34 Werke,
2140 500 31 29 in
2185 500 62 35 der,
2268 499 56 30 wie
2340 499 53 30 wir

1525 559 45 20 am
1591 549 149 38 Eingange
1762 548 94 29 dieses
1878 546 191 30 Abschnittes
2092 546 94 29 schon
2208 554 109 31 sagten,
2339 555 54 19 nur

1525 595 62 28 drei
1608 594 100 29 Krafte
1724 594 134 29 wirksam
1873 593 79 29 sind:
1975 592 47 29 die
2040 593 107 34 Natur,
2169 591 46 29 die
2230 591 145 28 Konstruk-

1525 641 66 29 tion
1622 640 52 30 dcs
1707 640 225 38 Gegenstandes
1968 638 62 29 und
2066 637 45 30 die
2143 636 164 40 Erfindung
2342 636 50 29 dcs

1525 686 162 30 Kiinstlers.

1585 732 103 29 Indem
1710 732 62 35 wir,
1794 741 63 19 yon
1873 730 52 29 der
1939 729 198 29 asthetischen
2152 728 242 39 Selbstandigkeit

1525 778 62 28 und
1612 778 67 28 dem
1705 777 202 29 verfeinerten
1933 775 204 30 Geschmacke
2164 775 51 29 dcs
2242 773 152 30 Kiinstlers

1525 823 148 29 nunmehr
1700 822 173 39 iiberzeugt,
1902 822 102 28 weiter
2032 821 228 34 untersuchten,
2292 820 39 28 ob
2364 828 31 20 er

1525 870 74 29 auch
1619 868 30 31 in
1671 868 53 29 der
1745 868 138 29 Technik
1909 867 81 29 nicht
2015 866 97 30 hinter
2136 866 59 28 den
2217 865 178 29 Stickereien

1525 916 53 28 der
1599 915 131 29 anderen
1750 912 269 40 kunstgewerblich
2037 911 190 31 schafTenden
2243 912 152 28 Nationen

1525 960 222 35 zuriickbliebe,
1779 959 103 29 wurde
1909 969 56 19 uns
1994 966 59 21 erst
2079 958 86 29 recht
2191 958 65 29 cine
2284 957 111 29 seltene

1527 1006 245 37 Ueberraschung
1786 1004 96 30 zuteil.
1918 1004 56 29 Die
1990 1008 136 34 grbssten
2138 1003 258 39 Schwierigkeiten

1525 1062 100 19 waren
1645 1051 62 31 hier
1729 1051 82 29 nicht
1832 1050 85 29 allein
1939 1049 52 29 auf
2009 1049 48 29 das
2073 1049 185 38 anmutigste,
2280 1048 97 30 schein-

1525 1099 50 27 bar
1590 1098 198 28 miiheloseste
1802 1096 217 35 iiberwunden,
2042 1105 29 18 es
2087 1104 100 20 waren
2207 1104 85 29 sogar
2306 1104 72 19 wert-

1526 1143 77 30 volle
1630 1142 167 30 Verfahren
1825 1142 202 39 angewendet,
2055 1141 46 28 die
2127 1150 55 20 vor
2204 1141 104 29 Obrist
2333 1141 47 28 nie-

1526 1190 87 29 mand
1636 1189 127 39 gekannt
1784 1189 89 28 hatte.
1909 1187 170 29 Zahlreiche
2095 1187 186 28 Ornamente
2297 1196 98 18 waren

1527 1236 84 28 nicht
1630 1245 57 19 nur
1709 1234 64 30 bios
1795 1235 75 28 flach
1891 1233 125 39 gestickt
2041 1232 75 29 oder
2141 1242 57 19 nur
2222 1232 53 29 auf
2295 1241 84 20 unter-

1527 1282 76 38 legte
1615 1281 125 38 Fiillung
1755 1280 167 39 gearbeitet,
1938 1279 132 29 sondern
2081 1279 138 39 plastisch
2230 1278 166 29 modelliert

1527 1327 62 30 und
1619 1327 75 29 nach
1724 1326 70 29 dem
1820 1325 183 29 Thonrelief
2024 1325 52 28 auf
2099 1325 68 28 dem
2197 1323 199 29 Grundstoffe

1527 1374 53 28 mit
1601 1373 180 29 Baumwolle
1803 1371 244 30 nachmodelliert
2071 1371 62 29 und
2159 1370 114 29 sodann
2293 1370 85 29 kunst-

1527 1419 60 29 voll
1608 1418 171 29 iiberstickt.
1814 1418 70 28 Sehr
1906 1418 46 28 oft
1973 1427 60 19 war
2054 1427 63 19 yon
2139 1417 59 29 den
2212 1416 113 38 Regeln
2344 1416 52 28 dcs

1684 1464 222 29 akademischen
1937 1463 132 29 Stickens
2104 1462 199 39 abgewichen:
2336 1461 60 29 den

1527 1521 98 18 neuen
1648 1510 168 29 Gedanken
1837 1509 52 29 dcs
1907 1508 150 29 Erfinders
2079 1507 118 39 folgten
2217 1517 76 19 neve
2314 1507 67 29 tech-

1527 1556 100 30 nische
1657 1556 106 28 Mittel.
1812 1555 56 29 Oft
1895 1554 38 30 ist
1961 1555 67 28 kein
2060 1554 80 28 Stich
2168 1553 69 28 dem
2265 1552 131 30 anderen

1528 1603 107 38 gleich;
1667 1602 49 28 em
1746 1601 248 29 unentwirrbares
2027 1600 177 28 Geflimmer
2235 1609 61 19 yon
2331 1608 49 20 ver-

1528 1648 252 38 schiedenartigen
1795 1648 119 29 Stichen
1935 1647 86 29 flutet
2034 1646 52 29 auf
2098 1645 59 29 den
2172 1645 225 29 ornamentalen

1528 1695 128 27 Formen
1678 1694 95 34 dahin,
1800 1693 56 29 wie
1882 1703 61 19 yon
1968 1692 98 29 einem
2087 1691 180 38 Pulsschlage
2289 1691 107 35 belebt,

1528 1740 56 29 wie
1606 1740 46 29 die
1674 1739 103 29 Zellen
1802 1739 81 28 eines
1905 1739 150 28 lebenden
2076 1739 128 38 Kbrpers
2230 1748 62 18 yon
2313 1747 68 29 orga-

1528 1786 116 29 nischer
1658 1784 82 30 Kraft
1754 1785 63 29 und
1832 1784 159 39 Rhythmik
2006 1784 126 38 bewegt.
2160 1783 72 29 Und
2247 1783 150 29 trotzdem

1529 1833 84 27 ruhte
1636 1832 49 28 das
1707 1832 105 28 Ganze
1834 1831 85 38 ruhig
1945 1830 65 29 und
2037 1829 189 39 geschlossen
2250 1829 31 29 in
2302 1829 95 29 seiner

1530 1877 116 29 Einheit
1668 1877 51 29 auf
1736 1877 69 28 dem
1827 1877 135 34 Grunde,
1984 1876 195 39 festgehalten
2200 1876 94 29 durch
2314 1875 67 29 kolo-

1529 1923 133 29 ristische
1690 1922 60 29 und
1775 1922 218 29 zeichnerische
2019 1922 225 38 Brennpunkte;
2279 1921 118 39 ruhiger

1529 1968 61 29 und
1613 1968 221 38 geschlossener
1855 1968 39 28 als
1916 1967 46 28 die
1983 1966 31 29 in
2034 1967 113 35 harten,
2172 1967 225 39 regelmassigen

1530 2014 116 28 Stichen
1679 2013 198 38 gedankenlos
1906 2012 209 39 ausgefiihrten
2143 2014 254 38 Nachahmungen

1530 2061 94 28 schon
1656 2059 208 29 vorhandener
1895 2059 180 29 Stilformen.
2125 2060 86 28 Diese
2243 2059 154 34 Methode,

1529 2107 48 28 ich
1602 2115 99 20 nenne
1726 2105 40 29 sic
1792 2104 191 39 „organische
2198 2106 49 28 hat
2273 2115 30 18 es
2329 2104 68 29 dem

1532 2152 137 29 Kunstler
1690 2151 85 29 allein
1797 2151 182 40 ermbglicht,
2001 2151 88 29 einen
2104 2152 95 28 seiner
2215 2150 165 30 bedeutend-

1530 2208 66 19 sten
1630 2197 399 40 allgemein-kiinstlerischen
2057 2197 166 29 Gedanken
2254 2197 126 28 durchzu-

1530 2245 116 29 fiihren.
1674 2245 153 29 Hermann
1843 2244 104 30 Obrist
1963 2244 157 29 entnimmt
2139 2244 53 29 der
2206 2244 97 28 Natur
2317 2241 81 30 nicht

1530 2291 86 29 allein
1641 2291 122 29 formale
1790 2291 62 28 und
1878 2290 205 29 koloristische
2110 2289 128 35 Motive,
2265 2288 132 29 sondern

1531 2337 130 39 griindet
1691 2337 75 29 auch
1797 2335 203 30 ornamentale
2033 2335 204 39 Erfindungen
2268 2335 52 28 auf
2351 2333 46 29 die

1531 2393 121 29 grossen
1685 2382 195 40 organischen
1911 2381 175 40 Prinzipien,
2118 2381 55 28 wie
2205 2380 40 29 sic
2277 2380 62 29 sich
2368 2379 29 28 in

1531 2429 96 29 einem
1647 2428 148 30 lebenden
1810 2429 127 33 Wesen,
1959 2429 81 28 einer
2055 2428 124 34 Pflanze,
2198 2427 96 28 einem
2309 2426 72 29 Tier-

1531 2476 107 39 kbrper
1657 2484 38 20 zu
1717 2475 151 28 erkennen
1890 2474 104 38 geben.

1591 2522 105 28 Wenn
1719 2520 51 29 wir
1792 2529 54 20 uns
1868 2519 54 29 mit
1944 2518 247 40 kontemplativer
2210 2517 144 39 Innigkeit
2369 2516 30 29 in

1533 2567 47 29 die
1602 2577 115 19 aussere
1739 2566 202 38 Ersclieinung
1967 2565 81 29 einer
2069 2565 123 35 Pflanze,
2219 2573 75 20 etwa
2318 2563 81 29 einer

1533 2613 97 35 Eiche,
1645 2611 173 35 versenken,
1840 2621 33 18 so
1889 2611 191 28 erschliessen
2094 2609 54 29 wir
2163 2610 64 29 bald
2243 2620 48 19 aus
2307 2609 92 29 deren

1534 2656 261 40 Mannigfaltigkeit
1811 2657 88 28 einen
1914 2666 74 28 ganz
2002 2655 200 36 bestimmten,
2217 2655 53 29 alle
2287 2653 96 30 Einzel-

1533 2704 102 29 heiten
1659 2702 259 30 beherrschenden
1945 2701 62 30 und
2033 2701 165 39 tragenden
2224 2700 175 37 Grundzug,

1534 2749 55 29 wie
1611 2749 54 29 wir
1686 2758 76 19 etwa
1778 2749 45 28 bei
1839 2748 82 29 einer
1939 2747 253 41 symphonischen
2206 2748 193 34 Auffuhrung

1534 2795 47 29 die
1594 2794 247 36 Grundmelodie,
1854 2794 47 28 das
1911 2794 105 35 Melos,
2029 2793 48 29 das
2089 2793 68 29 alles

1535 2841 48 29 das
1744 2839 206 30 heraushbren.
1966 2856 30 4 —
2012 2839 95 29 Nicht
2121 2848 75 20 etwa
2212 2839 47 28 em
2270 2838 130 32 Schema,

1579 3016 0 0 320
