2651 3418
569 911 190 82 DIE
800 908 750 83 ZEITSCHRIFT
1589 908 227 81 PAN

276 1083 114 49 wird
419 1100 78 31 yon
525 1079 87 50 dem
639 1077 205 57 nachsten,
867 1077 174 47 'zweiten
1064 1077 246 66 Jahrgange
1345 1077 64 61 ab,
1432 1080 98 47 ohne
1557 1077 322 65 Verminderung
1911 1076 70 49 dcs
2010 1078 72 46 Urn-

266 1165 150 63 fangs,
450 1165 44 45 in
527 1161 93 47 vier
653 1157 499 65 Drei-Monats-Heften
1189 1176 83 31 zur
1307 1157 190 66 Ausgabe
1525 1157 203 66 gelangen
1767 1157 89 49 und
1891 1174 123 31 zwar
2054 1159 54 45 im

276 1246 115 56 Mai,
425 1245 171 60 August,
631 1234 227 52 November
891 1236 90 49 und
1002 1237 199 50 Februar.
1262 1243 96 45 Das
1381 1240 168 47 Format
1579 1237 126 50 bleibt
1735 1237 76 49 das
1843 1237 155 66 gleiche
2031 1238 78 46 wie

279 1324 143 48 bisher.
484 1316 321 65 Derjahrgang
825 1316 114 49 wird
959 1319 153 49 wieder
1114 1337 66 31 urn
1203 1333 108 35 etwa
1341 1338 89 46 300
1459 1320 137 47 Seiten
1623 1320 116 46 Text
1758 1316 90 50 und
1866 1316 243 50 mindestens

278 1408 61 61 48
365 1400 158 68 Tafeln
544 1396 218 58 enthalten,
784 1414 79 28 yon
887 1396 129 50 denen
1038 1403 244 62 wenigstens
1309 1419 57 28 20
1397 1397 407 67 Original-Arbeiten
1825 1399 87 46 sein
1935 1396 174 58 werden,

276 1487 62 46 sei
370 1502 43 29 es
446 1485 44 45 in
527 1478 174 57 Stichen,
735 1475 301 67 Radierungen,
1070 1480 314 66 Lithographien
1418 1478 96 49 oder
1547 1478 322 49 Holzschnitten.

419 1565 76 45 Urn
529 1558 74 50 der
636 1556 305 48 einheimischen
967 1560 139 47 Kunst
1137 1559 88 49 und
1254 1561 236 46 Litteratur
1518 1566 187 57 grb'ssere
1739 1557 373 65 Aufmerksamkeit

280 1643 65 49 als
380 1641 137 50 bisher
547 1635 281 52 zuzuwenden
863 1637 89 49 und
981 1639 91 49 ihre
1095 1639 305 65 Bestrebungen
1434 1637 333 50 übersichtlicher
1799 1654 281 31 zusammenzu-

267 1725 164 64 fassen,
467 1718 113 51 wird
603 1747 35 6 -
674 1718 99 46 ohne
806 1715 166 51 deshalb
1007 1720 77 48 das
1101 1719 194 50 Ausland
1324 1718 350 49 auszuschliessen
1701 1748 34 4 -
1755 1717 122 64 jedes
1910 1717 74 49 der
2016 1718 94 47 vier

281 1806 129 64 Hefte
442 1801 154 67 feinem
635 1795 284 67 Hauptinhalt
956 1801 106 48 nach
1102 1803 127 46 einem
1270 1799 282 67 Mittelpunkt
1586 1816 168 30 unseres
1788 1800 200 62 geistigen
2027 1795 88 50 und

281 1881 322 52 kiinstlerischen
627 1875 152 50 Lebens
799 1877 219 63 gewidmet
1048 1883 97 56 sein,
1179 1879 89 50 und
1297 1897 122 31 zwar
1449 1878 76 50 das
1556 1892 104 35 erste
1681 1877 153 60 Berlin,
1864 1877 76 49 das
1966 1878 146 48 zweite

281 1962 205 59 Dresden,
519 1960 77 50 das
629 1955 126 51 dritte
789 1958 227 60 Munchen,
1049 1961 79 49 das
1160 1963 134 46 vierte
1327 1958 227 66 Hamburg.

414 2044 84 49 Die
522 2038 225 63 bisherigen
770 2038 442 68 Bezugsbedingungen
1234 2043 96 64 fur
1363 2039 64 49 die
1451 2038 249 66 Mitglieder
1733 2036 154 50 bleiben
1922 2036 188 65 befiehen.

1015 2146 348 68 Centraladreffe:

564 2227 332 70 Genojfenfchaft
927 2232 136 59 PAN,
1098 2233 144 50 Berlin
1281 2237 71 55 W.,
1387 2233 330 65 Mohrenjlrasse
1751 2248 76 46 45.

407 2348 294 58 Litterarische
718 2345 294 66 Beitragefur
1035 2346 66 50 die
1122 2347 189 66 nachfien
1335 2347 128 66 Hefte
1475 2342 99 67 find
1590 2345 45 47 in
1655 2342 184 65 Ausficht
1848 2337 165 70 gestellt
2027 2355 79 32 yon

286 2441 245 32 FERDINAND
552 2434 240 35 AVENARIUS
966 2435 94 30 MAX
1076 2437 134 31 HALBE
1601 2436 168 30 GUSTAV
1789 2433 309 32 MORGENSTERN

285 2489 135 30 FRANZ
436 2487 126 31 ADAM
580 2480 226 36 BEYERLEIN
967 2482 204 31 HEINRICH
1187 2485 116 29 HART
1601 2482 135 31 GEORG
1756 2491 58 20 yon
1835 2480 196 31 OMPTEDA

284 2532 345 38 BJOERNSTJERNE
640 2525 245 40 BJOERNSON
968 2528 149 34 JULIUS
1133 2531 118 30 HART
1606 2528 187 31 WILHELM
1811 2537 57 20 yon
1889 2525 157 31 ROLENZ

292 2583 189 30 WILHELM
497 2580 112 32 BODE
973 2575 112 30 OTTO
1105 2577 125 30 ERICH
1246 2577 245 30 HARTLEBEN
1600 2573 221 37 JOHANNES
1838 2573 152 28 SCHLAF

286 2630 183 30 RICHARD
492 2626 165 33 DEHMEL
974 2622 164 30 WALTER
1158 2623 172 31 HARLAN
1605 2622 101 31 RAUL
1729 2619 266 31 SCHLENTHER

285 2677 96 29 MAX
398 2674 31 36 y.
451 2670 307 36 FRIEDLAENDER
969 2668 107 30 KARL
1096 2670 127 29 HEINE
1600 2667 171 31 AUGUST
1787 2666 258 29 SCHMARSOW

290 2723 193 29 THEODOR
505 2718 198 33 FONTANE
968 2715 115 30 ARNO
1104 2717 110 28 HOLZ
1600 2714 119 30 HUGO
1740 2724 58 20 yon
1819 2712 184 31 TSCHUDI

287 2770 182 29 RICHARD
495 2767 133 32 GRAUL
968 2761 94 30 MAX
1078 2762 126 30 LEHRS
1599 2760 178 32 MAGNUS
1790 2769 57 21 yon
1864 2758 256 32 WEDDERKO?

290 2815 227 30 CORNELIUS
538 2811 182 33 GURLITT
970 2808 118 30 KURT
1104 2809 195 30 MARTENS
1599 2807 201 31 HEINRICH
1822 2805 271 32 WEIZSAECKER

1311 3139 0 0 351
