2651 3418
836 423 82 27 lachte
940 426 60 33 Jost.
1038 447 17 11 „
1061 429 92 26 Immer
1172 430 69 26 noch
1260 450 6 6 .
1282 451 6 7 .
1304 452 6 6 .
1325 431 101 27 Idealist

563 457 52 26 und
630 478 42 7 ...
687 460 104 27 Dichter
805 482 42 8 ...
863 464 52 27 und

620 499 84 30 »War
720 500 42 26 ich
779 502 53 27 also
849 503 67 27 doch
935 505 43 26 der
991 507 145 28 Schlauere!
1155 510 42 25 Na
1216 510 36 36 ja!
1268 530 24 6 ..
1305 530 6 6 .
1326 512 31 25 Es
1371 521 55 16 war

560 534 98 30 freilich
682 539 40 26 em
747 540 101 29 bischen
868 544 162 29 schmerzlich
1055 555 91 25 zuerst,
1172 558 28 16 so
1218 559 52 16 yon
1296 550 60 26 heut
1380 550 49 26 auf

560 585 105 28 morgen
685 580 64 26 seine
763 581 105 28 Malerei
886 584 97 29 bleiben
1000 596 30 17 zu
1044 586 80 27 lassen
1138 588 52 26 und
1205 589 175 26 Handwerker
1393 599 32 17 zu

559 617 101 26 werden
676 635 34 3 —
726 619 42 27 der
781 623 117 27 Kunstler
916 624 54 27 halt
984 628 22 33 ja
1022 626 48 27 den
1084 628 197 36 Photographen
1295 627 42 27 fur
1351 630 73 25 einen

559 657 174 28 Handwerker
746 677 34 3 —
792 662 65 32 aber,
868 664 85 26 weisst
962 668 55 23 Dv:
1029 676 28 16 so
1069 676 80 26 gegen
1161 668 170 26 zweitausend
1343 668 82 27 Bilder

557 696 81 27 sollen
653 698 33 26 sic
701 708 40 18 am
752 701 102 28 Lehrter
864 703 123 27 Bahnhof
993 706 95 26 wieder
1102 706 225 36 zuriickgeschickt
1342 707 82 27 haben

557 736 52 26 und
623 736 30 26 da
671 736 66 30 freut
756 751 58 17 man
834 742 52 27 sich
904 743 67 27 derm
986 745 75 31 doch,
1083 746 60 26 über
1157 746 159 36 dergleichen
1330 747 91 26 hinaus

559 784 30 17 zu

613 818 51 33 ,Ja,
683 820 32 32 ja,
736 828 58 17 man
811 820 45 26 hat
874 832 29 15 so
920 823 68 25 seine
1006 822 102 27 kleinen
1126 824 83 27 stiffen
1223 825 111 26 Freuden
1354 826 66 26 dann

556 855 53 26 und
747 858 127 28 bemerkte
885 862 54 33 Jost
952 862 47 26 mit
1013 862 72 27 leiser
1098 864 90 25 Ironic.

612 897 30 25 Es
663 906 54 17 war
738 899 75 31 einer,
835 900 43 26 der
896 900 127 28 vielleicht
1043 901 91 27 ebenso
1157 903 48 26 viel
1230 904 63 26 einst
1314 905 107 35 gewollt

553 934 77 32 hatte,
650 936 34 26 als
703 947 33 21 er,
757 939 52 26 und
830 939 43 27 der
891 940 66 26 auch
972 950 53 16 was
1045 941 115 36 gekonnt
1177 943 75 27 hatte.
1281 944 40 26 Sic
1335 954 86 17 waren

553 973 76 27 offers
648 978 313 36 zusammengekommen,
980 979 100 32 friiher,
1104 982 52 25 und
1174 982 87 27 hatten
1280 983 53 26 sich
1351 984 71 27 ihren

553 1016 107 31 Jammer
674 1016 102 37 geklagt
791 1018 52 26 und
858 1019 53 25 sich
922 1020 154 36 gegenseitig
1087 1022 60 24 Mut
1158 1023 194 35 zugesprochen,
1368 1033 54 16 nun

555 1054 57 26 aber
625 1055 83 37 langst
722 1066 44 16 aus
781 1057 48 25 den
844 1060 92 33 Augen
951 1059 113 26 verloren
1075 1080 6 5 .
1094 1080 6 6 .
1113 1080 5 6 .
1135 1062 52 24 Aus
1199 1061 118 27 Gerlachs
1332 1072 89 26 ganzer

553 1094 45 25 Art
613 1095 52 26 und
676 1096 87 25 Weise
776 1097 99 35 jedoch,
890 1099 51 24 wie
956 1107 25 16 er
991 1099 62 35 ging
1067 1099 53 26 und
1132 1100 51 26 wie
1197 1110 25 16 er
1238 1101 80 31 stand,
1331 1102 51 25 wie
1396 1112 26 16 er

553 1133 40 26 die
612 1134 75 26 Hand
708 1136 26 24 in
755 1136 42 25 der
811 1138 173 25 Hosentasche
1005 1138 81 31 hatte,
1101 1139 50 26 wie
1172 1149 26 16 er
1216 1141 84 25 semen
1320 1151 101 25 grossen

553 1172 155 37 Schlapphut
719 1181 66 29 trug,
802 1185 43 16 aus
857 1176 75 26 allem
947 1176 120 28 erkannte
1082 1187 60 17 man
1155 1177 49 27 fast
1218 1179 50 26 auf
1278 1180 48 26 den
1341 1187 79 20 ersten

552 1212 70 26 Blick
634 1213 88 31 schon,
734 1214 55 26 dass
801 1224 24 16 er
836 1235 25 6 ..
874 1235 6 7 .
893 1215 80 27 durch
984 1226 55 17 war
1052 1218 54 25 und
1117 1218 54 25 dass
1186 1228 24 15 es
1226 1219 53 26 ihm
1293 1226 47 29 gut
1350 1220 69 36 ging.

551 1252 47 25 Em
603 1251 102 27 bischen
711 1254 118 26 Kunstler
835 1253 99 28 freilich
940 1265 55 16 war
1000 1255 94 27 überall
1100 1258 68 25 noch
1174 1257 101 37 hangen
1280 1259 139 36 geblieben.

610 1293 49 30 „Es
678 1292 31 26 ist
726 1295 24 32 ja
768 1293 135 35 eigentlich
922 1303 48 17 nur
984 1295 178 36 Jugendeselei,
1183 1307 77 16 wenn
1275 1298 79 26 man's
1369 1309 51 16 yon

551 1330 95 27 driiben
825 1332 152 27 unterbrach
991 1344 26 16 er
1028 1336 65 33 Josts
1114 1336 65 25 stille
1197 1336 222 38 Beobachtungen.

611 1372 69 30 „Na,

609 1410 86 31 „Aber
713 1420 54 16 was
787 1410 66 26 derm
873 1414 83 24 sonst?
981 1414 45 25 Ich
1045 1414 69 25 hab's
1133 1416 23 32 ja
1177 1415 65 26 auch
1261 1415 60 37 lang
1335 1426 85 26 genug

549 1448 71 26 nicht
635 1449 108 36 glauben
754 1450 106 30 wollen,
874 1452 52 25 und
938 1452 63 35 sag's
1015 1462 53 16 nun
1079 1452 87 28 selber.
1185 1454 64 26 Was
1266 1456 153 35 gescheidtes

551 1498 69 15 ware
635 1489 68 25 doch
717 1490 71 24 nicht
802 1490 254 36 herausgekommen.
1078 1492 58 26 Und
1152 1492 45 27 bin

608 1530 83 29 „Wer
702 1529 89 30 weiss,
802 1539 78 16 wenn
889 1532 41 23 Dv
941 1531 70 26 noch
1022 1531 41 26 em
1073 1531 103 26 bischen
1184 1533 100 27 Geduld

609 1567 86 31 „Aber
705 1577 77 17 wozu
793 1568 66 27 derm
868 1567 22 37 ?!
904 1571 30 24 Es
945 1569 105 27 konnen
1060 1570 68 26 doch
1139 1571 71 26 nicht
1221 1573 47 25 alle
1283 1593 6 6 .
1303 1593 23 6 ..
1338 1574 79 30 Nein,

550 1605 61 27 alter
625 1607 110 26 Freund!
756 1607 44 26 Ich
817 1608 136 27 versichere
972 1609 74 31 Dich,
1061 1611 49 25 mir
1130 1612 32 25 ist
1181 1612 115 26 zehnmal
1310 1613 108 32 wohler,

550 1646 46 25 seit
616 1646 42 26 ich
672 1646 47 26 den
735 1648 60 25 Mut
808 1647 102 36 gehabt,
925 1648 48 26 den
987 1651 78 24 Kram
1079 1649 187 33 aufzustecken,
1282 1652 53 26 und
1349 1653 71 26 mich

549 1684 80 27 damit
650 1685 127 36 begniige,
797 1695 30 17 zu
847 1687 115 31 machen,
977 1698 54 16 was
1046 1690 65 25 Geld
1126 1690 125 37 einbringt
1266 1692 52 25 und
1332 1692 88 26 wobei

548 1724 42 26 ich
609 1725 99 26 meinen
728 1727 70 35 Spass
817 1725 73 31 habe,
911 1734 92 19 anstatt
1023 1728 69 26 mich
1111 1728 169 28 abzurackern
1297 1731 53 25 und
1371 1732 48 25 mir

548 1763 41 26 die
600 1763 66 26 Seele
680 1773 45 16 aus
736 1759 58 31 dem
806 1765 59 25 Leib
876 1775 31 16 zu
918 1767 131 26 schinden!
1063 1770 30 24 Es
1104 1768 68 36 giebt
1187 1769 81 26 nichts
1283 1770 71 26 herz-
1365 1771 51 25 und

548 1802 210 31 mitleidsloseres,
774 1804 34 25 als

607 1844 83 29 „Nun
708 1845 33 33 ja,
762 1853 59 16 man
839 1863 42 7 ...
896 1854 61 17 man
972 1866 5 5 .
990 1866 24 6 ..
1029 1855 60 17 man
1105 1845 68 28 kann
1188 1848 67 26 auch
1268 1858 29 16 so

606 1883 62 29 „Dv
682 1883 84 25 weisst
780 1884 22 33 ja
817 1883 124 36 garnicht,
956 1885 51 26 wie
1021 1885 43 26 das
1078 1886 41 30 ist,
1134 1886 55 27 bios
1205 1896 31 17 zu
1250 1887 65 27 thun
1326 1889 92 30 haben,

547 1930 55 17 was
624 1931 60 16 man
702 1932 28 16 so
750 1921 68 27 kann
838 1922 52 27 und
911 1924 67 25 ohne
995 1924 75 36 lange
1084 1926 128 33 Qualerei.
1234 1927 43 26 Ich
1292 1937 57 27 sage
1364 1929 52 31 Dir,

548 1970 58 15 man
625 1960 66 27 wird
710 1961 41 26 em
771 1971 63 26 ganz
854 1962 102 26 anderer
973 1965 108 25 Menseh
1100 1966 73 25 dabei
1188 1987 45 7 ...
1248 1967 96 35 gesund
1364 1967 53 27 und

548 2003 122 32 vergniigt
681 2000 53 26 und
746 2000 121 32 harmlos,
879 2002 52 26 und
942 2003 45 25 hat
998 2004 66 25 auch
1075 2015 54 16 was
1139 2016 52 15 yon
1202 2006 94 26 seinem

607 2041 92 28 „Kann
713 2040 61 31 sein,
795 2040 68 26 kann
878 2042 64 26 sein!
964 2043 166 27 Vorderhand
1145 2044 135 37 allerdings
1296 2066 43 7 ...
1354 2047 62 25 Wie

548 2076 72 38 lange
636 2086 77 18 warst
728 2082 41 23 Dv
785 2080 66 26 derm
866 2082 26 24 in

607 2120 69 28 „Na,
692 2128 29 16 so
736 2117 72 27 fiinf-
819 2119 37 26 bis
868 2121 179 27 sechshundert
1057 2121 77 27 Mark
1144 2122 72 37 lang!
1232 2143 41 9 ...
1288 2126 58 24 Lass
1357 2124 58 26 dich

548 2155 66 27 doch
630 2157 92 27 einmal
737 2159 82 27 sehen.
840 2160 87 26 Meine
941 2162 62 25 Frau
1017 2162 89 25 wiirde
1120 2163 54 25 sich
1188 2173 49 16 nur
1249 2162 89 28 freuen
1353 2184 23 6 ..

606 2198 126 30 „Gewiss,
745 2198 68 26 recht
824 2199 72 35 gem!
908 2209 102 16 warum
1023 2198 85 41 nicht!
1122 2211 56 22 nur,
1190 2204 42 25 Dv
1246 2203 86 26 weisst
1344 2205 71 34 ja...

548 2234 40 25 ich
603 2255 50 7 ...
669 2236 41 26 ich
730 2257 28 5 ..
775 2258 5 5 .
796 2238 55 26 und
865 2259 49 5 ...
929 2239 43 26 ich
987 2239 43 26 bin
1045 2240 66 27 auch
1125 2242 40 26 em
1180 2242 103 26 bischen
1298 2243 117 26 herunter

608 2316 69 28 „Das
699 2316 64 25 sieht
784 2325 59 16 man
858 2317 47 25 Dir
918 2327 43 20 an,
976 2318 74 26 weiss
1069 2319 42 26 der
1131 2316 120 31 Henker!
1268 2323 58 24 Lass
1346 2321 68 26 doch

549 2350 48 26 den
609 2352 107 28 Plunder
729 2354 53 26 und
793 2355 103 31 mach's,
910 2357 52 26 wie
973 2358 49 25 ich.
1044 2359 29 25 Es
1089 2358 32 26 ist
1131 2358 120 28 wirklich
1263 2360 83 31 Blech,
1361 2362 52 25 sein

548 2389 103 28 schbnes
665 2393 83 26 Leben
763 2404 28 16 so
809 2394 42 27 fiir
864 2396 82 26 nichts
962 2396 52 26 und
1028 2397 96 27 wieder
1137 2399 82 25 nichts
1233 2409 31 16 zu
1278 2400 137 26 verdarben

548 2429 52 25 und
611 2449 6 6 .
631 2451 5 6 .
649 2451 5 5 .
667 2433 162 26 Prometheus
841 2435 54 25 und
906 2456 6 6 .
925 2455 5 6 .
944 2455 6 6 .
962 2435 86 27 Ikarus
1060 2437 91 36 spielen
1162 2448 31 16 zu
1204 2438 96 27 wollen
1311 2439 54 26 und
1376 2459 37 7 ...

548 2467 84 35 Fliigel
653 2471 43 25 hat
716 2481 59 17 man
795 2474 68 25 doch
880 2474 93 27 einmal
991 2474 73 28 keine
1082 2477 52 25 und
1154 2478 55 25 cine
1222 2478 192 35 Flugmaschine

548 2512 31 17 ist
594 2508 64 26 auch
672 2511 68 24 noch
754 2512 70 26 nicht
839 2512 123 28 erfunden
973 2534 6 6 .
992 2535 25 6 ..
1029 2515 53 26 also
1096 2515 54 27 halt
1161 2517 60 26 ich's
1233 2516 42 27 fur
1286 2517 128 28 einfacher

550 2552 58 16 man
625 2546 57 27 lasst
699 2549 40 25 die
753 2550 170 38 Luftfliegerei
942 2553 53 26 und
1014 2554 78 27 bleibt
1106 2555 49 27 auf
1165 2557 79 26 seiner
1257 2557 64 26 Erde
1334 2564 79 20 unten

549 2582 53 24 und
616 2586 72 25 sucht
702 2588 72 27 sich's
785 2590 31 26 da
828 2591 132 35 irgendwo
971 2594 140 35 gemiitlich
1125 2605 30 16 zu
1167 2596 115 27 machen.
1304 2598 33 25 Ist
1347 2598 65 25 auch

550 2627 61 25 ganz
630 2623 85 28 schbn.
736 2629 82 26 Wirst
839 2631 48 25 mir
905 2632 79 26 schon
1004 2634 69 26 noch
1092 2634 93 28 einmal
1204 2636 81 26 Recht

609 2698 97 29 „Nicht
719 2702 66 27 bloss
800 2706 135 29 vielleicht!
948 2711 69 26 nein!
1034 2731 44 8 ...
1092 2714 31 25 Es
1134 2712 69 36 giebt
1214 2723 28 16 so
1258 2734 23 6 ..
1295 2735 5 5 .
1316 2715 41 26 em
1368 2725 30 26 ge-

552 2740 83 19 wisses
649 2738 70 26 Alter
737 2743 118 32 namlich,
871 2766 42 6 ...
929 2748 26 25 in
973 2749 58 27 dem
1046 2750 43 27 das
1103 2751 68 27 Alles
1191 2762 63 27 ganz
1268 2763 52 17 yon
1333 2755 78 26 selber

1506 434 113 33 kommt;
1640 446 28 16 so
1688 446 44 16 urn
1746 437 43 26 das
1803 438 139 36 dreissigste
1956 439 101 27 herum!
2073 450 45 17 wo
2133 440 43 27 der
2190 441 106 26 Menseh
2309 452 64 26 ganz

1505 484 52 16 yon
1571 474 79 27 selber
1669 475 106 37 anfangt
1789 477 147 37 verniinftig
1950 488 31 16 zu
1995 479 104 27 werden
2114 480 51 26 und
2181 481 52 25 sich
2248 480 49 27 auf
2308 482 66 25 seine

1505 513 158 28 Hinterfiisse
1682 516 79 26 stellt:
1784 523 48 20 erst
1854 517 42 27 ich
1916 517 54 27 und
1991 517 68 27 dann
2076 518 41 27 die
2137 521 96 25 Kunst!
2257 521 52 26 und
2327 531 46 17 wo

1505 562 59 17 man
1585 554 120 36 plotzlich
1729 556 66 26 auch
1816 556 48 26 den
1886 558 75 25 Wert
1982 557 65 26 eines
2068 565 78 29 guten
2165 558 155 28 Beefsteacks
2341 570 32 16 zu

1504 594 114 25 schatzen
1638 594 111 36 beginnt.
1769 596 36 33 Ja,
1823 597 37 34 ja!
1882 598 49 24 Das
1946 596 67 26 Ideal
2032 597 66 26 wird
2117 599 82 25 einem
2213 600 92 25 Wurst
2319 599 54 27 und

1504 632 41 26 die
1558 634 93 25 Wurst
1665 653 6 6 .
1687 654 6 5 .
1709 654 5 6 .
1729 633 80 28 Ideal!
1831 636 179 35 Entschuldige
2030 637 85 26 diesen
2129 638 118 31 Kalauer,
2265 638 68 27 doch
2347 649 25 17 es

1503 671 32 26 ist
1549 681 36 17 so.
1607 674 31 24 Es
1653 672 72 27 dreht
1739 674 54 25 sich
1807 673 101 27 einfach

1563 712 99 30 „Deine
1681 713 250 37 Photographiererei
1948 715 97 25 scheint
2065 715 39 26 dir
2122 716 28 27 in
2169 715 43 28 der
2228 717 68 26 That
2314 727 45 17 vor-

1502 749 101 37 ziiglich
1623 760 31 16 zu
1675 750 162 34 bekommen,
1856 754 67 25 auch
2083 761 148 30 entgegnete
2249 758 53 32 Jost
2325 758 47 25 mit

1502 789 150 27 herzlichem
1666 792 108 26 Lachen.
1796 792 86 30 „Aber
1897 813 42 6 ...
1955 794 40 25 em
2006 793 60 27 halb
2076 795 58 33 Jahr
2148 794 50 26 hab
2212 796 41 25 ich
2267 798 24 33 ja
2303 796 67 26 dann

1503 829 69 25 noch

1561 870 87 34 „Steig
1658 870 47 25 mit
1716 870 51 26 em!
1784 870 100 27 komm!
1900 871 32 27 da
1947 870 68 28 fahrt
2028 873 90 35 gerade
2133 883 29 15 so
2174 874 40 25 em
2226 875 81 34 Ding!
2327 875 43 25 Ich

1502 917 66 16 muss
1589 909 65 25 nach
1671 909 144 27 Karlshorst
1837 910 119 27 namlich.

1560 948 33 25 Er
1612 947 62 27 hielt
1689 948 55 26 cine
1758 949 234 27 vortiberratternde
2011 952 131 25 Droschke
2162 962 39 16 an.
2225 953 73 26 Doch
2317 955 52 32 Jost

1501 986 69 26 hatte
1585 986 73 27 keine
1673 989 61 25 Lust
1748 987 175 28 mitzufahren.

1560 1028 94 28 „Dann
1668 1026 93 27 besuch
1775 1037 47 16 uns
1838 1028 152 36 wenigstens
2005 1030 102 27 einmal.
2128 1030 144 32 Friedenau,
2287 1030 83 38 gleich

1502 1063 66 28 beim
1586 1065 127 31 Bahnhof,
1736 1067 42 25 em
1799 1067 104 26 bischen
1923 1069 89 27 rechts.
2038 1069 82 26 Siehst
2142 1080 23 16 es
2187 1080 51 16 yon
2257 1071 112 26 weitem.

1501 1104 59 26 Und
1585 1104 68 37 guck
1672 1106 46 25 Dir
1739 1107 83 25 meine
1840 1107 206 37 Photographien
2067 1119 39 16 an.
2129 1108 62 27 Gibt
2211 1111 41 24 em
2273 1120 95 26 grosses

1501 1143 96 26 Album
1612 1154 57 16 zum
1684 1145 99 26 Herbst.
1805 1146 47 26 Die
1864 1146 154 37 Umgebung
2032 1147 102 27 Berlins.
2156 1149 136 26 Samtliche
2304 1151 52 25 Bier-

1501 1182 85 27 dbrfer
1602 1203 6 6 .
1621 1204 5 5 .
1640 1204 5 5 .
1661 1194 51 16 yon
1727 1195 96 16 vornen
1839 1185 51 27 und

1559 1223 83 29 „Gut!
1665 1223 112 27 Nachste
1791 1225 116 26 Woche!

1558 1263 32 25 Er
1609 1262 93 27 blickte
1717 1263 57 26 dem
1791 1263 232 27 Davonfahrenden
2042 1266 73 25 einen
2127 1266 160 36 Augenblick
2303 1268 67 25 nach

1500 1301 53 25 und
1568 1301 62 36 ging
1645 1301 68 27 dann
1728 1302 115 37 langsam
1857 1304 98 27 weiter.

1560 1342 50 24 Der
1624 1340 71 27 Brief
1706 1351 51 17 yon
1772 1343 99 25 Konsul
1885 1342 214 28 Erdmannshbfer
2118 1344 41 26 fiel
2180 1345 54 25 ihm
2248 1345 121 36 plotzlich

1500 1379 49 27 em.
1586 1382 32 24 Er
1639 1380 70 26 holte
1730 1381 46 26 ihn
1801 1382 90 26 heraus
1910 1383 54 25 und
1985 1383 97 26 iiberlas
2108 1384 45 25 ihn
2179 1384 68 26 noch
2266 1385 103 26 einmal.

1499 1419 102 25 Hannie
1619 1420 69 25 hatte
1707 1421 55 25 ihm
1781 1423 23 33 ja
1827 1422 139 35 abgeredet,
1988 1422 56 26 aber
2062 1443 44 10 ..,
2128 1433 25 16 er
2173 1423 90 27 dachte
2280 1427 24 33 ja
2319 1423 49 27 fast

1499 1458 79 26 selber
1591 1459 79 25 schon
1684 1460 51 26 wie
1747 1461 119 26 Gerlach:
1883 1471 77 16 wozu
1974 1461 66 26 derm
2054 1472 43 16 zur
2109 1464 83 24 Sonne
2203 1463 96 25 wollen
2314 1464 53 25 und

1499 1497 170 32 abzustiirzen,
1688 1505 93 20 anstatt
1799 1500 73 26 sich's
1890 1500 48 27 auf
1948 1501 81 26 Erden
2049 1500 132 38 behaglich
2200 1511 31 16 zu
2253 1504 114 25 machen.

1499 1537 86 36 Fliigel
1598 1538 45 25 hat
1657 1548 60 16 man
1728 1541 24 33 ja
1767 1538 67 27 doch
1849 1537 85 37 keine!

1922 1626 22 20 «

1557 1694 47 26 Em
1619 1704 59 27 paar
1689 1694 113 27 Stunden
1817 1702 79 29 spater
1911 1696 81 26 trafen
2006 1698 35 24 sic
2056 1698 61 30 sich,
2128 1699 53 32 Jost
2192 1698 53 26 und
2256 1700 110 30 Hannie,

1497 1732 54 27 und
1566 1733 110 26 nahmen
1690 1734 40 25 die
1745 1734 168 37 Dampfbahn
1927 1736 66 26 nach
2007 1737 131 26 Halensee.

1557 1773 39 25 Sic
1610 1772 69 27 hatte
1695 1774 71 25 einen
1781 1784 82 17 neuen
1874 1776 56 25 Hut
1944 1775 49 27 auf
2004 1776 52 26 und
2068 1776 72 26 einen
2152 1787 83 16 neuen
2246 1778 121 36 Umhang

1497 1820 54 17 urn.
1571 1811 68 26 Alles
1658 1812 78 27 selber
1755 1814 116 35 gemacht
1886 1814 52 26 und
1953 1815 90 35 gerade
2057 1814 75 38 fertig
2147 1816 145 36 geworden.
2314 1819 53 32 Jost

1497 1850 84 37 zupfte
1596 1851 38 26 ihr
1649 1852 106 26 lachend
1770 1853 68 26 noch
1853 1854 73 26 einen
1941 1853 140 28 Heftfaden
2104 1865 55 16 aus:
2175 1865 92 27 regnen
2282 1856 83 26 durfte

1497 1900 24 16 es
1536 1890 53 26 also
1604 1892 81 26 nicht!

1556 1930 47 25 Die
1624 1941 77 25 ganze
1719 1930 232 28 Verdriesslichkeit
1972 1933 53 25 und
2045 1932 152 38 Aufregung
2218 1945 61 15 vom
2300 1936 49 25 Vor-

1496 1969 91 37 mittag
1602 1980 55 16 war
1671 1970 115 26 voriiber.
1807 1973 53 32 Jost
1878 1971 70 26 hatte
1961 1973 39 25 ihr
2015 1982 61 26 ganz
2092 1972 61 27 kurz
2166 1974 68 25 noch
2248 1974 53 26 sein
2314 1976 34 25 Zu-

1496 2008 203 27 sammentreffen
1726 2011 48 25 mit
1799 2010 108 27 Gerlach
1931 2012 100 26 erzahlt.
2064 2013 75 25 Doch
2166 2013 101 26 Hannie
2296 2014 69 27 hatte

1496 2048 89 26 weiter
1599 2049 81 25 nichts
1695 2048 94 27 darauf
1795 2057 96 29 gesagt,
1903 2050 46 26 als:
1964 2061 53 16 wer
2032 2051 61 26 eben
2105 2052 71 26 nicht
2187 2053 71 26 mehr
2269 2063 32 16 an
2312 2054 52 26 sich

1496 2087 101 36 glaube,
1613 2088 60 26 thue
1688 2088 100 27 freilich
1802 2090 87 30 besser,
1900 2090 54 26 sich
1968 2091 66 26 nach
2049 2091 82 26 einem
2142 2092 150 26 Handwerk
2307 2103 38 15 um-

1496 2127 118 26 zusehen!
1636 2128 59 26 Und
1710 2129 68 25 noch
1793 2129 91 26 einmal
1899 2139 51 17 yon
1964 2130 103 26 solchen
2079 2131 102 36 Dingen
2196 2131 167 37 anzufangen,

1495 2166 69 26 hatte
1583 2167 63 25 zehn
1661 2166 106 38 Pfennig
1787 2168 127 36 gekostet!

1555 2206 38 26 Sic
1615 2206 101 27 lachten
1737 2207 54 27 und
1811 2208 125 26 scherzten
1957 2208 53 26 und
2033 2209 107 26 neckten
2158 2210 53 26 sich
2230 2211 50 25 wie
2298 2212 64 25 zwei

1494 2245 104 28 Kinder.
1619 2248 30 23 Es
1668 2256 56 17 war
1741 2250 24 33 ja
1785 2256 30 17 zu
1834 2248 88 25 schon.
1944 2248 39 25 Sic
2002 2248 88 26 hatten
2108 2259 23 15 es
2146 2259 49 16 nur
2209 2250 79 26 schon
2303 2250 60 37 lang

1495 2284 64 27 thun
1574 2285 92 26 sollen!

1554 2324 59 26 Und
1621 2325 50 25 wie
1678 2325 76 36 lustig
1760 2325 95 26 schnell
1860 2326 42 25 das
1909 2326 167 27 dahinsauste.
2089 2328 62 25 Man
2161 2334 92 20 musste
2260 2328 88 27 ordent-

1494 2363 52 26 lich
1557 2363 48 26 den
1616 2365 57 25 Hut
1683 2363 139 27 festhalten.
1839 2366 60 25 Und
1910 2366 51 25 wie
1972 2364 112 28 frohlich
2095 2366 58 27 alles
2164 2368 66 26 war!
2245 2367 116 27 Uebcrall

1494 2403 104 25 standen
1612 2403 40 26 die
1667 2405 97 24 Fenster
1778 2402 69 28 offen
1866 2405 52 25 und
1933 2405 88 26 wurde
2036 2405 117 38 geklopft
2168 2406 52 26 und
2236 2407 125 35 gebiirstet

1493 2442 53 25 und
1561 2444 153 34 gescheuert,
1728 2444 54 25 und
1796 2444 27 26 in
1837 2444 48 26 den
1896 2446 140 34 Vorgarten
2051 2445 53 26 und
2115 2444 49 27 auf
2170 2446 47 25 den
2230 2446 129 27 Balkonen

1493 2482 107 25 wurden
1619 2482 40 26 die
1674 2482 106 27 Blumen
1795 2483 236 37 zurechtgebunden
2051 2485 52 25 und
2118 2494 120 27 gegossen
2253 2486 52 25 und
2320 2487 39 25 die

1492 2521 135 26 Rouleaux
1638 2522 27 25 in
1676 2522 127 36 Ordnung
1813 2522 127 37 gebracht.
1955 2526 50 23 Der
2016 2524 121 36 Friihling
2148 2524 73 26 sollte
2236 2534 24 16 es
2271 2526 89 25 sauber

1491 2560 94 30 finden,
1601 2560 58 27 blitz
1674 2562 51 25 und
1746 2561 87 32 blank,
1847 2562 53 25 und
1915 2562 74 26 sollte
2003 2563 84 31 sehen,
2102 2564 54 25 dass
2172 2574 59 16 man
2245 2565 53 26 sich
2314 2564 49 27 auf

1491 2599 46 26 ihn
1560 2598 98 38 gefreut
1679 2600 71 27 habe.
1772 2604 130 24 Gewartet
1922 2602 70 26 hatte
2013 2612 59 17 man
2091 2605 24 34 ja
2136 2603 59 36 lang
2216 2614 92 27 genug.
2329 2606 29 24 In

1491 2637 102 28 keinem
1607 2639 117 27 Eckchen
1744 2641 73 25 sollte
1838 2651 24 15 er
1879 2642 69 25 noch
1966 2652 53 16 was
2034 2653 61 15 vom
2109 2643 176 27 Winterstaub
2300 2643 44 27 auf-

1491 2681 90 33 spiiren
1595 2678 113 28 konnen.

1550 2719 60 25 Und
1632 2718 48 26 auf
1698 2720 47 25 den
1765 2721 108 25 Strassen
1894 2719 99 28 ebenso.
2031 2721 48 26 Die
2098 2722 138 25 Menschen
2261 2722 47 26 alle
2330 2723 26 24 in

1491 2766 81 17 neuen
1586 2758 83 26 hellen
1681 2758 127 33 Kleidern,
1823 2766 103 31 geputzt
1940 2760 53 26 und
2007 2760 143 36 gebandert,
2166 2762 41 25 em
2217 2771 59 27 paar
2286 2761 56 26 Veil-

1530 2950 0 0 292
