2639 4330
1346 4045 85 44 338

1093 636 139 46 orgen
1255 621 112 60 früh
1389 625 148 56 ziehen
1560 626 69 45 die
1651 626 164 57 Ersten
1837 623 102 58 fort
1959 638 53 42 zu
2034 624 187 59 Kampf

1533 699 1 45 i
1789 699 242 45 undTod.

1121 771 145 54 Heute
1298 768 276 59 schwärmen
1607 769 57 55 sie
1696 783 89 32 aus
1817 773 61 44 im
1907 771 263 48 Abendrot;

1120 843 256 60 Staunend
1399 846 92 44 und
1514 843 193 47 trunken
1728 845 145 55 stehen
1891 845 69 45 die
1977 843 244 64 Menschen

1226 905 10 13 «
1788 930 78 32 um
1898 916 57 54 sie
1977 918 101 55 her,

1120 986 180 59 Fühlen
1332 987 77 57 sich
1442 1002 104 32 arm
1581 993 92 41 und
1708 988 259 58 gabenleetn

1120 1060 87 47 Die
1240 1057 230 61 Mädchen
1502 1058 226 61 aufgelöst
1759 1066 92 41 und
1884 1060 251 59 ticfinnerst
2171 1057 2 62 »

1337 1133 2 58 .
1505 1133 1 58 »
1789 1133 261 58 erschlossen

511 1203 159 56 Sehen
697 1207 72 48 die
800 1207 198 55 Krieger
1027 1217 90 35 von
1149 1205 124 57 Licht
1306 1206 249 57 umflossen.

510 1278 116 44 Eine
656 1277 102 57 sehr
787 1279 149 56 junge,
970 1278 206 56 schlanke,
1211 1280 84 44 mit
1328 1278 362 57 schimmernden,
1718 1278 199 58 feuchten
1962 1277 3 59 ·
2337 1277 2 59 :

510 1349 175 58 Augen,
719 1351 70 44 die
820 1349 191 58 seltsam
1042 1353 74 43 ins
1147 1353 153 44 Weite
1334 1353 210 54 leuchten,
1967 1349 2 58 .

511 1423 222 57 Spricht:
768 1422 281 58 ,,Soldaten,
1081 1423 107 57 Ihr
1216 1424 111 57 gebt
1360 1438 102 33 euer
1493 1427 163 55 junges
1687 1424 165 47 Leben.
2205 1422 2 60 .

512 1496 256 55 Soldaten,
801 1497 117 56 sagt,
951 1508 106 35 was
1090 1495 83 57 soll
1207 1498 57 54 ich
1299 1501 95 51 euch
1426 1495 179 60 geben?
2058 1495 1 60 .

511 1569 231 55 Schenken
773 1570 98 45 will
902 1571 60 55 ich
995 1573 95 51 euch
1121 1570 131 51 alles,
1285 1577 106 39 was
1424 1572 57 54 ich
1516 1570 132 58 habe.

510 1642 119 46 Nun
660 1641 181 58 fordere
872 1643 126 55 jeder
1027 1644 94 44 eine
1153 1643 177 49 Gabe«
1635 1641 3 58 .
1687 1663 9 36 ;
1875 1641 3 58 »

512 1714 100 49 Der.
642 1716 131 56 Erste
803 1713 200 59 flüsterte
1033 1719 193 53 zagend:
1262 1715 107 57 ,,Du
1399 1716 155 54 Reine,
1584 1713 1 59 .

511 1787 111 48 Von
653 1791 84 43 den
770 1788 169 47 blauen
970 1788 205 47 Blumen
1207 1789 47 45 in
1286 1789 157 45 deiner»
1470 1789 142 54 Hand
1645 1787 80 58 gib
1759 1789 89 45 mir
1880 1788 131 52 eine.«
2243 1787 2 58 i
2289 1787 1 58 .

512 1861 91 45 Sie
632 1860 96 58 gab
760 1864 100 42 dem
890 1861 200 45 Knaben
1121 1845 93 62 eine
1245 1861 139 45 blaue
1412 1861 174 50 Blume
1619 1862 46 44 in
1698 1862 69 44 die
1796 1862 157 54 Hand.

512 1933 107 48 Der
642 1935 84 55 hat
759 1933 77 56 sich
870 1935 85 44 mit
986 1934 303 55 strahlendem
1320 1934 130 57 Auge
1480 1932 341 58 fortgewandt.
1846 1932 1 59 s
2006 1932 1 59 e
2282 1932 3 59 .

511 2005 100 46 Der
639 2005 164 49 Zweite
836 2005 193 57 sprach:
1054 2007 192 54 »Wenn
1267 2007 63 53 ich.
1360 2006 111 57 liege
1503 2012 138 40 unter
1670 2005 298 55 Frankreichs
1988 1999 241 61 Bäumen,
2335 1999 2 64 ,

518 2075 174 58 Möcht’
725 2080 58 54 ich
816 2080 124 44 einen
972 2075 142 61 süßen
1145 2078 183 47 Traum
1358 2090 112 46 gern
1502 2075 231 50 träumen.
2050 2075 2 61 .

510 2150 155 47 Drum
697 2150 108 47 bitt’
839 2153 72 54 ich;
944 2155 62 46 du
1038 2148 165 61 mögest
1236 2152 85 45 mit
1353 2153 157 44 deinen
1542 2151 181 56 Lippen
1756 2152 141 44 meine
1927 2150 148 46 Stirn
2109 2147 240 60 berühren.

510 2223 90 57 Ich
632 2228 152 42 werde
815 2228 84 41 den
930 2225 167 55 Hauch«
1116 2227 103 51 noch
1254 2224 137 58 lange
1422 2221 299 59 verspüren«
1880 2221 2 61 :

509 2296 128 57 Ihre
666 2296 180 57 Lippen
878 2297 179 56 wehten
1090 2296 125 55 leicht
1248 2293 115 49 über
1397 2298 77 54 ihn
1507 2297 95 56 her.
2296 2293 1 60 .

509 2370 73 44 Er
613 2367 166 59 seufzte
813 2368 102 58 leise
947 2374 94 41 und
1074 2369 156 55 sprach
1264 2370 116 54 nicht
1416 2370 145 54 mehr.
1817 2367 3 59 i

510 2440 100 49 Der
639 2442 143 56 Letzte
816 2440 184 58 sprach:
1034 2443 145 53 ,,Eine
1210 2442 174 46 Blume
1415 2445 91 42 und
1541 2442 68 45 ein
1641 2441 114 56 Kuß
1788 2440 97 56 sind
1920 2437 108 60 süße
2061 2440 182 46 Gaben.

509 2514 126 46 Aber
667 2516 58 53 ich
758 2515 98 45 will
888 2516 127 53 mehr
1043 2525 92 36 von
1168 2516 72 44 dir
1271 2515 172 56 haben.
2318 2514 2 57 i

509 2590 116 44 Eine
656 2588 156 57 Kugel
831 2589 95 55 hat
959 2587 127 57 wohl
1118 2588 113 45 bald
1265 2589 105 55 mich
1405 2585 271 59 hingerafft.
1910 2585 2 60 «
1976 2585 3 60 .

509 2663 123 43 Wen
663 2661 241 55 umbraust
934 2664 128 42 dann
1095 2662 140 44 meine
1267 2659 258 58 jung-heiße
1556 2657 157 58 Kraft
1731 2656 52 48 ?«
2261 2656 2 61 e

510 2733 89 46 Sie
630 2732 186 58 sprach:
849 2732 230 56 ,,Soldat,
1111 2737 61 41 du
1203 2732 119 58 gibst
1354 2734 108 44 dein.
1487 2734 165 54 junges
1683 2731 145 46 Blut.

511 2807 106 44 Und
649 2803 118 60 gäbe
799 2807 58 54 ich
890 2805 210 58 wen’ger,
1134 2810 89 41 das
1254 2802 130 49 wäre
1417 2806 115 55 nicht
1563 2811 101 51 gut.
2295 2802 1 61 .

509 2878 127 58 Ietzt
667 2880 52 56 ist
750 2880 116 55 nicht
897 2880 68 44 die
995 2878 93 50 Zeit
1117 2891 102 42 zum
1248 2877 233 54 Besinnen
1513 2881 92 42 und
1636 2877 200 56 Denken,
1956 2877 4 59 ;
2318 2909 5 5 »

511 2950 125 57 Ietzt
669 2952 52 55 ist
752 2952 68 45 die
850 2951 97 49 Zeit,
972 2964 100 42 zum
1102 2949 350 58 Verschenken«
1949 2949 2 58 «

510 3023 93 46 Als
634 3027 80 43 der
745 3026 208 55 Morgen
985 3023 115 55 kam,
1133 3035 162 33 waren
1329 3024 96 54 ihre
1454 3019 166 58 Hände
1653 3021 107 47 leer.

510 3097 110 48 Zum
652 3098 230 55 Schenken
915 3098 131 55 hatte
1078 3095 55 56 sie
1165 3098 144 53 nichts
1340 3097 143 56 mehr.
1886 3095 3 58 ,
1937 3095 2 58 -

2001 3188 156 46 Berta
2188 3187 125 46 Lask
