2260 3830
121 223 50 37 62

693 228 136 29 ACTES
863 226 228 30 OFFICIELS
1124 226 53 27 ET
1210 224 334 30 INFORMATIONS

127 327 83 41 elle
233 328 103 39 était
358 328 262 50 interprétée
643 338 79 38 par
745 322 215 54 quelques
983 322 221 40 virtuoses
1227 324 20 36 à
1275 320 39 40 la
1341 319 133 41 mode
1490 327 42 32 et
1552 317 79 41 des
1652 314 310 43 clavecinistes
1985 312 55 40 de
2055 324 81 28 son

127 406 158 42 temp3.
323 394 171 51 Malgré
517 406 70 28 ces
610 393 174 47 doutes,
807 391 106 41 elles
936 388 101 43 n'en
1058 399 74 32 ont
1155 403 80 39 pas
1259 390 147 39 moins
1428 400 87 28 une
1536 386 136 40 haute
1710 383 159 41 valeur
1891 381 214 41 documen-

132 466 122 39 taire.

181 531 96 42 Nos
311 531 301 41 clavecinistes
636 529 191 50 français
864 536 76 33 ont
971 527 205 53 employé
1199 527 78 40 des
1301 528 154 48 signes
1488 520 375 45 conventionnels
1895 519 98 52 (qui
2034 527 103 32 sont

126 604 214 49 peut-être
359 613 86 27 une
468 600 261 39 survivance
748 597 77 40 des
848 595 201 55 neumes)
1071 609 112 40 pour
1205 595 212 53 indiquer
1437 600 226 35 comment
1687 592 63 40 les
1786 603 18 24 «
1837 593 259 47 agréments
2117 600 20 25 »

127 668 202 42 devaient
352 672 90 36 être
473 671 216 37 exécutés.

183 736 47 42 Si
273 750 57 28 on
365 750 46 27 se
440 745 171 43 trompe
649 734 283 54 aujourd'hui
966 748 74 26 sur
1073 733 62 43 les
1166 742 125 32 notes
1327 730 299 53 d'agrément,
1656 736 105 33 c'est
1797 741 59 39 qu
1876 740 57 27 on
1968 726 39 41 le
2036 734 104 32 veut

131 806 116 40 bien.
273 804 63 42 La
369 806 121 40 seule
524 803 207 41 difficulté
759 804 118 40 vient
913 803 77 40 des
1013 802 195 41 éditeurs
1249 801 239 41 modernes
1508 808 41 33 et
1574 799 53 41 de
1650 799 97 40 leur
1781 796 352 53 préoccupation

129 875 51 40 de
203 883 155 32 mettre
381 874 62 40 les
466 882 136 32 textes
620 874 226 38 musicaux
872 876 21 35 à
917 872 38 39 la
980 875 151 48 portée
1151 870 131 41 d'une
1303 872 194 38 certaine
1520 867 204 42 clientèle
1757 867 54 40 de
1836 866 235 52 pianistes.

181 941 125 42 Voici
329 943 63 39 les
414 943 239 38 musiciens
692 940 190 50 français
907 941 74 51 qui
1011 953 46 27 se
1080 948 101 32 sont
1202 943 189 49 occupés
1427 938 79 40 des
1530 938 311 40 clavecinistes
1865 934 136 53 (mais
2025 934 111 40 dont

126 1012 62 39 les
211 1011 189 40 éditions
418 1018 96 31 sont
537 1009 89 40 loin
647 1009 51 39 de
722 1007 256 52 concorder)
1000 1018 8 28 :

186 1084 37 35 i°
247 1077 115 55 J.-A.
386 1076 178 41 Lefroid
589 1077 53 40 de
664 1075 227 51 Méreaux,
927 1081 87 35 très
1036 1077 228 49 distingué
1287 1089 174 27 comme
1482 1075 219 40 musicien
1726 1082 42 32 et
1791 1073 183 40 homme
2011 1073 125 51 privé

124 1147 74 51 (né
228 1150 21 36 à
275 1146 126 40 Paris
425 1159 53 26 en
503 1148 118 46 1803,
645 1154 115 32 mort
793 1149 20 36 à
838 1144 155 42 Rouen
1018 1159 52 26 en
1117 1143 137 54 1874),
1280 1145 332 50 organisateur,
1635 1157 54 26 en
1715 1143 185 47 F'rance,
1933 1141 78 41 des
2035 1154 76 40 pre-

127 1217 132 38 miers
282 1222 197 33 concerts
505 1226 19 25 «
550 1214 270 52 historiques
854 1226 36 27 ».
919 1213 134 41 Elève
1073 1213 53 40 de
1152 1212 182 49 Reicha,
1360 1213 29 40 il
1414 1227 21 26 a
1460 1213 165 47 donné,
1644 1225 55 28 en
1734 1211 125 54 1867,
1890 1226 60 25 un
1975 1210 163 41 recueil

127 1284 75 40 des
219 1296 174 28 œuvres
416 1283 52 39 de
486 1295 80 27 nos
586 1284 178 38 anciens
787 1282 306 41 clavecinistes
1112 1282 74 50 (de
1211 1286 99 48 1637
1334 1286 21 36 à
1380 1283 139 52 1790).
1543 1281 93 41 Peu
1656 1281 53 41 de
1732 1280 170 41 valeur.
1921 1279 215 42 Méreaux

127 1350 184 42 n'hésite
334 1364 78 39 pas
437 1355 21 36 à
482 1355 170 48 répéter
674 1352 189 40 certains
887 1351 223 40 membres
1134 1351 53 40 de
1211 1351 162 53 phrase
1392 1364 115 40 pour
1529 1351 174 40 donner
1728 1350 99 52 plus
1851 1350 54 40 de
1934 1363 197 27 carrure.

184 1434 19 26 2
209 1424 17 18 0
248 1418 193 42 Aristide
483 1420 190 40 Farrenc
696 1423 71 47 (né
795 1434 55 26 en
879 1432 106 40 1794
1007 1424 21 36 à
1053 1418 243 50 Marseille,
1334 1434 21 26 2
1361 1425 14 17 e
1398 1420 166 41 flûtiste
1597 1420 59 41 du
1680 1418 378 42 Théâtre-Italien
2081 1432 54 28 en

134 1487 134 53 1815),
296 1503 20 25 a
342 1489 144 39 inséré
506 1487 228 54 beaucoup
758 1487 219 43 d'oeuvres
1001 1489 53 40 de
1077 1489 305 40 clavecinistes
1406 1489 111 40 dans
1542 1503 84 27 son
1661 1488 155 40 Trésor
1836 1489 72 39 des
1929 1488 208 52 pianistes

130 1555 67 53 (20
217 1557 106 49 vol.,
355 1559 94 38 1861
464 1555 26 54 ).
516 1556 62 41 Ce
601 1555 111 42 n'est
735 1558 135 51 qu'un
893 1557 143 47 choix,
1063 1571 86 27 une
1188 1558 277 51 anthologie,
1493 1573 57 26 un
1588 1557 163 42 recueil
1775 1556 80 42 fait
1885 1573 55 25 au
1976 1559 100 52 jour
2099 1557 39 40 le

129 1625 97 52 jour
254 1634 41 31 et
319 1639 54 26 au
394 1625 162 40 hasard
583 1625 76 40 des
691 1636 268 30 rencontres.
989 1625 356 42 L'introduction
1372 1628 196 39 contient
1592 1641 87 26 une
1703 1629 206 50 esquisse
1942 1627 54 40 de
2020 1624 97 42 l'his-

131 1695 107 38 toire
261 1693 57 40 du
341 1695 149 50 piano.
515 1692 87 41 Les
621 1695 167 40 notices
812 1700 258 35 consacrées
1094 1699 21 36 à
1140 1695 172 52 chaque
1336 1705 158 32 auteur
1516 1705 101 31 sont
1638 1701 88 36 très
1751 1696 159 40 brèves
1931 1707 8 38 ;
1966 1696 38 40 le
2024 1704 112 32 texte

132 1776 21 25 a
175 1774 84 39 peu
288 1761 53 40 de
363 1761 152 41 valeur
531 1764 199 51 critique.

187 1843 16 36 3
212 1833 12 15 0
245 1828 62 41 M.
332 1828 139 42 Louis
494 1830 179 40 Diémer
696 1845 22 26 a
742 1830 152 53 publié
924 1830 120 53 (chez
1068 1832 202 54 Durand)
1300 1834 64 40 les
1397 1836 145 50 pièces
1568 1834 53 40 de
1645 1833 215 51 François
1883 1832 250 54 Couperin.

129 1897 87 40 Pas
240 1898 52 39 de
326 1898 116 40 date.
468 1898 87 40 Pas
590 1898 288 42 d'indication
903 1900 77 40 des
1004 1914 194 28 sources.
1240 1901 63 41 M.
1345 1902 180 41 Diémer
1547 1907 144 47 paraît
1726 1903 250 53 cependant
2015 1905 125 38 avoir

129 1967 113 39 suivi
263 1965 197 42 l'édition
479 1967 53 39 de
557 1981 97 37 1713
677 1967 33 51 (i
722 1973 31 17 rc
770 1966 117 56 livr.)
906 1978 40 31 et
964 1970 106 40 celle
1089 1971 54 39 de
1171 1975 103 46 1716
1297 1969 37 52 (2
1341 1978 12 16 e
1374 1970 135 54 livr.).

183 2042 45 41 4°
243 2032 115 42 Sous
383 2034 38 40 la
440 2035 214 41 direction
677 2036 53 40 de
753 2035 61 41 M.
838 2036 190 41 Camille
1054 2036 312 52 Saint-Saëns,
1395 2053 53 27 en
1479 2043 118 49 1895,
1624 2054 22 26 a
1687 2055 112 38 paru
1823 2040 105 41 chez
1950 2040 186 41 Durand

129 2116 58 25 un
212 2102 159 40 recueil
394 2103 77 40 des
493 2105 146 50 pièces
659 2105 53 39 de
732 2104 194 41 clavecin
946 2105 52 40 de
1012 2105 154 55 J.-Ph.
1194 2107 217 42 Rameau.
1428 2107 172 53 Quatre
1620 2109 236 41 méthodes
1893 2109 246 42 s'offraient

129 2184 82 26 aux
243 2170 192 41 éditeurs
460 2186 9 25 :
517 2177 40 34 i°
592 2174 250 51 supprimer
872 2173 62 42 les
967 2179 256 46 agréments
1249 2175 62 54 (ce
1345 2190 86 39 que
1461 2177 261 41 demandait
1762 2177 337 54 Niedermeyer;
2126 2193 10 35 ;

131 2252 19 25 2
155 2243 17 16 0
203 2239 256 52 reproduire
494 2240 38 40 le
571 2250 111 31 texte
723 2255 53 28 en
810 2255 79 28 son
929 2244 208 50 intégrité
1174 2242 193 55 (comme
1396 2244 225 56 Farrenc).,
1650 2246 272 42 c'est-à-dire
1965 2248 174 41 donner

128 2306 62 40 les
216 2321 146 40 signes
383 2308 301 51 d'agrément;
719 2324 17 36 3
743 2316 17 15 0
783 2311 182 40 réaliser
987 2312 62 40 les
1073 2317 272 47 agréments,
1371 2315 64 41 les
1453 2317 238 40 transcrire
1721 2330 54 26 en
1800 2326 128 31 notes
1960 2317 176 50 réelles,

129 2375 51 39 de
200 2375 128 50 façon
351 2380 22 35 à
397 2391 54 26 ne
470 2377 99 52 plus
593 2378 159 41 laisser
772 2380 122 51 place
918 2384 21 36 à
962 2380 264 43 l'arbitraire
1246 2398 7 34 ;
1290 2398 25 36 4
1319 2389 18 17 0
1363 2397 46 28 se
1446 2385 149 40 rallier
1620 2389 103 37 àun
1761 2399 162 40 moyen
1958 2395 141 32 terme
2126 2398 9 29 :

129 2447 165 36 écarter
315 2458 103 25 ceux
448 2445 77 40 des
552 2451 252 46 agréments
823 2462 69 39 qui
916 2464 26 23 n
960 2456 73 33 ont
1051 2450 96 54 plus
1170 2451 90 40 leur
1277 2451 148 41 raison
1445 2453 39 40 dé
1490 2456 98 37 être.
1624 2453 123 42 C'est
1785 2464 112 33 cette
1933 2455 205 42 dernière

130 2512 208 40 méthode
358 2514 75 51 qui
461 2528 21 26 a
506 2518 67 36 été
595 2515 200 52 adoptée.

897 2515 38 56 J.
963 2516 51 42 C.

1706 2591 56 52 (A
1790 2592 179 54 suivre.)

631 2844 176 42 Actes
839 2846 242 43 officiels
1105 2851 56 39 et
1192 2849 430 44 Informations.

186 2986 11 6 -
258 2964 63 41 La
347 2964 175 44 Société
539 2966 119 56 J.-S.
684 2968 120 42 Bach
826 2968 129 55 (salle
980 2970 198 54 Gaveau)
1216 2986 202 29 annonce
1458 2987 114 40 pour
1604 2975 39 41 le
1682 2977 220 40 mercredi
1949 2991 50 36 29
2043 2977 70 53 jan-

134 3033 92 40 vier
251 3033 36 40 le
308 3033 100 53 Défi
429 3036 50 38 de
498 3035 168 42 Phébus
679 3044 36 34 et
731 3038 49 40 de
802 3038 98 41 Pan
923 3048 40 33 et
987 3040 39 41 le
1048 3039 264 56 Magnificat
1319 3074 7 9 .
1349 3042 88 42 Les
1458 3044 82 41 soli
1573 3055 151 31 seront
1757 3045 188 41 chantés
1992 3060 82 39 par
2095 3046 39 41 la

135 3102 171 49 grande
338 3104 235 41 cantatrice
596 3105 248 42 allemande
865 3106 139 42 Maria
1042 3107 216 55 Philippi,
1294 3110 45 41 M
1343 3109 41 25 lle
1423 3111 150 43 Cécile
1613 3113 171 43 Valnor
1820 3112 74 55 (de
1921 3112 220 55 Genève),

134 3168 45 40 M
184 3167 39 24 lle
243 3169 166 54 Tripet,
430 3171 112 41 MM.
569 3172 297 51 Plamondon,
891 3176 146 42 Reder
1055 3187 41 32 et
1117 3177 143 54 Mary.
1283 3178 246 53 Organiste
1553 3182 86 42 :M.
1667 3182 54 42 A.
1758 3181 276 45 Schweitzer
2064 3185 77 53 qui

134 3238 288 53 interprétera
446 3240 54 41 de
519 3241 99 52 plus
635 3241 38 42 le
695 3243 183 52 prélude
898 3255 254 33 concertant
1171 3248 54 40 de
1247 3248 39 40 la
1331 3259 174 33 cantate
1527 3257 49 36 n°
1623 3252 95 53 169.
1754 3252 196 43 Chœurs
1993 3263 42 32 et
2068 3267 50 28 or-

139 3307 170 40 chestie
332 3308 96 53 (150
451 3309 276 56 exécutants)
747 3325 105 28 sous
875 3313 40 41 la
937 3314 216 43 direction
1174 3316 54 42 de
1251 3316 61 42 M.
1336 3316 54 43 G.
1418 3318 116 43 Bret.
1573 3320 260 54 Répétition
1856 3321 222 55 publique
2099 3324 41 40 la

134 3372 165 56 (veille,
321 3381 21 36 à
358 3392 23 35 4
402 3378 158 41 heures
583 3384 149 36 entrée
758 3394 14 39 5
800 3380 98 54 fr.).

188 3443 155 42 Billets
357 3455 40 32 et
410 3457 173 31 carnets
597 3448 25 40 d
644 3448 300 44 abonnement
964 3464 22 27 a
1002 3452 39 41 la
1060 3454 107 40 salle
1185 3452 184 45 Gaveau
1387 3466 41 33 et
1448 3458 102 41 chez
1571 3459 61 41 les
1648 3463 262 52 principaux
1924 3462 216 42 éditeurs.

259 3543 119 43 Salle
393 3546 166 53 Pleyel,
585 3563 66 37 22,
673 3563 77 28 rue
765 3549 358 56 Rocnechouart,
1141 3554 39 40 le
1194 3556 212 42 vendredi
1426 3572 42 38 17
1486 3560 171 52 janvier
1675 3566 122 48 1908,
1815 3567 22 37 à
1855 3578 24 38 9
1893 3563 165 43 heures
2081 3563 61 43 du
