2784 3967
290 3717 143 94 190

582 258 1705 97 URBANISME

193 555 162 41 lubrité
387 564 65 32 est
484 557 25 38 à
541 571 83 25 son
657 553 183 42 comble
873 553 115 43 dans
1019 553 64 43 les
1114 569 140 26 zones
1287 556 73 48 qui

193 619 254 39 avoisinent
482 614 62 43 les
577 615 143 42 terrils
753 632 56 25 en
843 614 89 43 feu.
969 614 74 43 On
1077 618 187 40 connaît
1297 614 64 42 les

186 677 246 42 difficultés
453 687 195 32 souvent
671 676 384 43 insurmontables
1077 693 117 34 pour
1216 679 116 40 étein-

186 738 80 42 dre
297 755 73 25 ces
403 738 340 42 interminables
775 738 244 42 incendies.

252 800 202 51 Lorsque
490 800 92 42 Ton
617 816 133 35 passe
782 816 107 28 sous
922 799 41 43 le
997 811 110 31 vent
1140 801 152 41 même
1328 802 27 39 à

182 860 167 51 longue
381 860 202 42 distance
615 861 79 41 des
723 860 143 43 terrils
896 877 56 27 en
984 860 89 46 feu,
1108 877 59 26 on
1198 878 47 25 se
1277 860 52 42 de-

185 922 171 42 mande
393 933 233 32 comment
662 921 42 43 la
738 926 73 38 vie
846 933 110 41 peut
988 922 217 43 subsister
1241 922 116 42 dans

186 985 63 41 les
287 985 278 42 habitations
604 984 217 52 baignées
860 984 58 43 de
955 1001 75 26 ces
1069 1001 83 34 gaz
1192 983 138 52 asphy-

184 1049 160 38 xiants.

252 1119 52 50 Je
339 1137 56 24 ne
428 1118 193 53 parlerai
653 1136 84 35 pas
770 1119 61 41 du
864 1122 229 40 caractère
1126 1119 207 43 inesthéti-

182 1198 89 34 que
317 1181 58 42 de
417 1198 75 25 ces
538 1180 167 52 dépôts
748 1181 232 47 informes,
1028 1185 45 47 je
1118 1198 56 26 ne
1218 1183 138 40 serais

182 1246 200 47 compris
422 1259 87 35 que
548 1242 29 43 d
600 1260 87 25 une
726 1246 213 39 minorité
979 1242 230 44 d'ailleurs
1248 1260 81 25 con-

181 1308 191 39 vaincue
404 1304 238 43 d'avance.

250 1366 30 42 11
320 1369 133 39 serait
490 1376 176 33 surtout
702 1369 272 40 intéressant
1010 1366 59 43 de
1106 1365 150 53 parler
1294 1365 61 43 du

180 1432 103 39 côté
311 1432 304 47 économique
645 1428 57 42 de
731 1428 43 43 la
801 1431 222 48 question,
1057 1431 75 48 qui
1159 1444 196 36 presque

181 1491 107 46 seul,
344 1507 169 35 pourra
565 1493 165 40 retenir
781 1489 259 44 l'attention
1094 1490 61 43 du
1208 1490 147 51 grand

180 1552 207 43 nombre.

247 1615 87 50 J'ai
364 1615 65 42 dit
457 1614 101 52 plus
588 1614 108 44 haut
725 1614 137 51 qu'en
901 1614 136 49 1918,
1071 1632 117 34 pour
1219 1613 136 52 Liège

180 1688 44 31 et
255 1676 62 43 les
347 1680 226 39 environs»
605 1676 42 42 la
676 1677 178 42 surface
883 1676 142 43 totale
1056 1676 81 43 des
1166 1679 189 39 terrains

181 1742 195 47 occupés
424 1741 107 40 était
580 1738 243 43 d'environ
873 1738 266 47 2,150,000
1188 1740 167 40 mètres

179 1804 160 40 carrés.

247 1874 44 42 Si
319 1874 11 42 1
354 1891 58 25 on
440 1873 240 43 considère
706 1872 64 45 les
797 1877 100 48 prix
922 1873 153 43 élevés
1102 1874 58 42 de
1189 1873 42 43 la
1257 1874 74 50 plu-

179 1946 103 41 part
316 1936 58 42 de
408 1953 74 25 ces
516 1939 200 43 terrains,
756 1953 60 25 on
850 1947 66 31 est
949 1936 106 42 bien
1089 1935 172 52 proche
1296 1935 59 43 de

178 1997 43 43 la
246 2001 142 39 vérité
414 2016 56 25 en
495 2001 214 40 estimant
733 1997 95 43 leur
852 1998 158 42 valeur
1035 1997 142 43 totale
1202 2001 27 38 à
1253 1997 102 51 plus

181 2060 58 42 de
271 2071 100 40 sept
402 2059 198 44 millions
633 2059 58 44 de
725 2059 164 44 francs.

247 2134 64 42 Ce
342 2133 116 43 n'est
486 2151 84 34 pas
599 2133 286 52 l'éloquence
916 2133 60 43 de
1005 2151 51 25 ce
1086 2133 163 43 chiffre
1279 2136 76 49 qui

178 2200 199 39 arrêtera
403 2196 41 42 le
471 2196 104 47 mal,
606 2196 98 42 cela
731 2206 149 32 rentre
909 2196 116 42 dans
1053 2196 63 42 les
1144 2196 108 43 frais
1279 2198 50 50 gé-

179 2260 171 40 néraux
382 2258 367 52 d'exploitation,
786 2275 104 27 sans
922 2257 113 53 plus.
1073 2258 30 42 Il
1136 2258 116 42 n'est
1283 2275 47 25 ce-

176 2320 209 52 pendant
412 2338 84 34 pas
524 2319 156 44 inutile
710 2319 59 44 de
798 2319 41 44 le
866 2320 209 52 signaler.
1110 2320 116 43 Mais
1257 2337 73 25 ose-

177 2387 167 38 rait-on
376 2382 96 43 dire
502 2399 88 35 que
619 2400 52 25 ce
702 2382 116 43 n'est
847 2400 83 34 pas
960 2401 89 24 une
1078 2394 130 40 perte
1238 2398 117 36 pour

177 2444 43 43 la
253 2444 171 44 culture
458 2462 87 35 que
579 2444 43 44 la
655 2448 294 49 suppression
984 2444 59 44 de
1076 2463 74 25 ces
1183 2444 171 54 grands

178 2524 187 35 espaces
404 2517 197 33 souvent
643 2511 89 40 très
774 2507 200 44 fertiles?
1023 2507 229 44 Combien
1296 2507 59 43 de

177 2586 73 25 ces
281 2573 189 39 terrains
502 2570 190 43 envahis
723 2570 178 52 chaque
930 2573 117 49 jour,
1083 2573 75 49 qui
1192 2570 163 52 depuis

176 2633 91 41 très
306 2631 262 53 longtemps
607 2634 181 47 étaient,
831 2632 178 52 chaque
1047 2635 159 41 année,
1248 2650 81 25 cou-

177 2703 122 33 verts
325 2693 58 44 de
407 2693 144 44 belles
575 2695 214 42 récoltes!

247 2768 190 43 D'autre
483 2779 115 42 part,
650 2770 338 44 n'avons-nous
1035 2787 83 35 pas
1166 2769 41 43 le
1254 2769 103 52 plus

174 2843 210 40 pressant
412 2831 161 43 besoin
603 2831 58 44 de
689 2831 418 54 décongestionner
1135 2849 84 26 nos
1247 2835 110 40 cités

176 2897 35 39 si
236 2893 277 52 populeuses
540 2893 82 44 des
649 2897 181 50 régions
855 2894 334 43 industrielles?
1224 2895 107 42 Peut-

179 2973 59 25 on
278 2959 95 40 nier
410 2956 43 43 la
489 2959 221 41 nécessité
748 2956 82 43 des
867 2961 167 38 voiries
1071 2957 162 52 larges,
1275 2956 83 43 des

178 3036 187 33 espaces
405 3019 135 43 libres
580 3029 45 33 et
662 3019 298 52 verdoyants,
1007 3019 81 43 des
1128 3019 200 52 emplace-

177 3090 149 33 ments
353 3081 203 43 salubres
585 3099 117 34 pour
731 3081 43 44 la
803 3081 198 44 bâtisse?
1036 3081 67 44 Ce
1131 3093 105 32 sont
1263 3099 71 26 sur-

178 3153 98 34 tout
312 3144 63 42 les
410 3161 270 26 communes
716 3144 59 43 de
810 3162 87 25 nos
930 3144 176 43 bassins
1141 3144 216 43 houillers

179 3209 74 48 qui
288 3217 104 32 sont
429 3206 63 43 les
527 3205 102 54 plus
666 3206 166 44 denses
866 3217 45 33 et
947 3210 76 49 qui
1061 3219 80 31 ont
1177 3206 40 44 le
1254 3206 103 53 plus

177 3268 144 51 grand
365 3269 162 43 besoin
574 3269 58 44 de
678 3273 189 39 terrains
913 3269 117 44 dont
1074 3269 109 44 elles
1227 3287 97 26 man-

179 3342 140 40 quent
351 3331 58 43 de
440 3331 101 53 plus
574 3349 55 26 en
662 3332 115 52 plus.
812 3332 238 43 Certaines
1082 3332 59 43 de
1171 3349 76 26 ces
1280 3350 51 35 ag-

177 3393 328 52 glomérations
558 3394 231 44 étouffent
841 3394 355 44 véritablement
1250 3412 107 25 sous

177 3455 342 44 l'entassement
551 3457 83 43 des
664 3460 149 40 usines
843 3468 46 32 et
919 3457 83 43 des
1030 3461 224 40 crassiers.

246 3517 83 44 Les
366 3519 185 43 chiffres
589 3537 89 35 que
713 3520 80 52 j'ai
831 3523 108 40 cités
978 3523 133 49 après
1150 3539 88 24 une
1276 3538 52 25 en-

1434 557 135 47 quête
1603 553 110 43 faite
1747 553 115 43 dans
1896 571 88 26 une
2016 571 117 26 zone
2168 555 318 43 relativement
2519 572 66 25 res-

1431 618 163 39 treinte
1637 633 75 24 me
1758 615 209 43 donnent
2011 615 43 43 la
2097 616 222 43 certitude
2364 634 88 34 que
2499 618 88 41 lors-

1432 677 141 50 qu'on
1603 677 192 42 établira
1822 677 41 42 le
1892 688 186 40 compte
2108 677 58 43 de
2195 689 103 31 tous
2326 679 63 41 les
2419 682 188 39 terrains

1433 737 203 48 affectés,
1674 738 115 43 dans
1819 750 127 31 toute
1979 738 42 43 la
2052 738 231 52 Belgique,
2321 758 88 25 aux
2441 741 166 50 dépôts

1431 799 82 43 des
1555 800 188 42 déchets
1783 800 272 49 industriels,
2101 818 59 26 on
2201 818 102 27 sera
2341 802 166 52 frappé
2548 801 59 43 de

1431 861 94 42 leur
1575 865 286 48 importance
1913 880 56 25 en
2019 862 159 43 valeur
2227 873 45 33 et
2322 873 176 33 surtout
2550 880 56 26 en

1431 923 212 43 étendue.

1499 997 45 42 A
1578 1000 102 39 côté
1716 997 59 43 de
1808 1015 74 24 ces
1917 997 208 43 données
2159 997 27 43 il
2221 1015 101 26 sera
2356 1009 98 32 tout
2491 1002 116 38 aussi

1428 1061 271 41 intéressant
1734 1059 58 43 de
1826 1063 238 38 connaître
2096 1077 85 34 par
2214 1060 83 43 des
2330 1065 276 46 statistiques

1430 1123 229 45 sérieuses,
1699 1120 44 44 la
1779 1122 178 41 surface
1993 1121 143 43 totale
2173 1122 82 42 des
2292 1126 189 40 terrains
2519 1126 87 47 qui»

1429 1183 115 42 dans
1574 1182 202 44 d'autres
1805 1186 169 49 parties
2005 1183 61 42 du
2096 1201 127 34 pays,
2257 1195 105 32 sont
2391 1185 194 43 inutilisa-

1427 1244 98 43 bles
1565 1256 44 32 et
1648 1254 196 33 souvent
1882 1244 216 43 malsains
2138 1263 83 34 par
2260 1249 113 40 suite
2413 1246 59 43 de
2512 1246 94 42 leur

1427 1309 166 40 niveau
1624 1317 103 42 trop
1758 1307 96 43 bas.
1889 1306 65 44 La
1983 1306 186 53 plupart
2198 1318 105 32 sont
2334 1308 83 42 des
2446 1310 160 49 étangs

1429 1386 58 25 ou
1517 1368 81 43 des
1628 1371 277 50 marécages.
1938 1369 53 51 Je
2021 1387 57 25 ne
2107 1372 89 39 suis
2225 1387 83 34 pas
2337 1369 181 52 éloigné
2548 1369 59 44 de

1428 1434 144 39 croire
1605 1448 89 34 que
1727 1430 64 44 les
1823 1431 201 43 surfaces
2058 1430 323 44 additionnées
2414 1433 59 41 de
2505 1442 102 32 tous

1426 1510 74 25 ces
1543 1496 190 39 terrains
1775 1492 264 44 donneront
2080 1510 61 26 un
2183 1493 164 43 chiffre
2390 1498 75 47 qui
2509 1495 98 41 fera

1428 1554 209 43 réfléchir
1669 1555 63 44 les
1764 1555 102 52 plus
1898 1554 305 44 indifférents.

1496 1628 158 44 Inutile
1684 1628 228 44 d'insister
1940 1646 74 25 sur
2042 1629 64 43 les
2134 1632 90 40 très
2254 1630 198 52 grandes
2484 1630 102 42 diffi-

1428 1691 142 42 cultés
1612 1709 87 33 que
1741 1694 214 48 présente
1998 1692 40 41 le
2080 1691 256 52 problème.
2381 1691 74 43 On
2500 1701 109 42 peut

1427 1756 152 39 même
1619 1753 228 43 admettre
1887 1770 88 34 que
2015 1753 117 42 dans
2171 1754 128 43 l'état
2338 1754 147 43 actuel
2526 1754 83 43 des

1428 1815 174 47 choses,
1655 1832 74 26 ces
1778 1815 250 43 difficultés
2074 1816 230 43 semblent
2353 1820 226 38 insurmon-

1427 1877 161 43 tables.

1495 1939 117 43 Mais
1638 1943 46 49 je
1711 1958 75 25 me
1812 1940 150 42 refuse
1990 1943 26 39 à
2042 1944 144 39 croire
2214 1957 89 35 que
2330 1940 193 43 l'avenir
2551 1958 56 25 ne

1426 2019 170 34 pourra
1622 2006 100 38 voir
1750 2002 41 42 le
1819 2006 105 47 jour
1951 2006 58 38 où
2037 2020 48 25 se
2113 2003 204 42 formera
2345 2003 43 42 la
2416 2006 191 39 réunion

1426 2065 344 50 indispensable
1796 2064 81 43 des
1901 2068 327 48 compétences
2251 2076 45 32 et
2320 2065 82 43 des
2428 2065 181 42 bonnes

1426 2126 214 43 volontés
1694 2144 118 34 pour
1866 2126 178 44 étudier
2098 2127 41 43 le
2193 2127 243 52 problème
2492 2127 117 43 dans

1427 2199 128 33 toute
1609 2206 84 26 son
1748 2189 208 52 ampleur
2009 2200 46 32 et
2107 2206 119 35 pour
2275 2192 218 50 suggérer
2546 2189 63 43 les

1427 2269 193 33 moyens
1647 2255 234 48 pratiques
1909 2251 59 43 de
1997 2250 275 45 réalisation.

1497 2313 62 43 Le
1581 2312 244 54 problème
1847 2324 68 33 est
1938 2313 174 44 double
2141 2331 10 26 :

1495 2375 305 53 Suppression
1830 2376 83 43 des
1942 2376 181 53 dépôts.

1498 2438 328 43 Comblement
1855 2438 82 44 des
1965 2442 191 41 terrains
2182 2438 98 45 bas.

1498 2500 64 44 La
1620 2504 227 49 première
1906 2500 259 53 comprend
2225 2501 262 44 elle-même
2551 2501 59 43 de

1427 2563 302 45 nombreuses
1758 2563 221 43 divisions
2014 2582 10 24 :

1505 2638 10 41 1
1531 2644 15 18 0
1569 2637 264 53 Statistique
1858 2637 233 53 complète
2117 2638 82 43 des
2222 2641 210 40 crassiers
2456 2648 44 32 et
2525 2648 65 32 ter-

1427 2699 74 43 rils
1531 2718 113 24 avec
1673 2699 82 44 des
1785 2700 276 44 indications
2090 2700 129 44 telles
2249 2718 89 34 que
2374 2718 9 24 :

1499 2774 51 51 a)
1597 2773 121 44 Nom
1746 2774 81 43 des
1854 2774 156 44 firmes
2036 2774 318 44 industrielles.

1496 2836 57 51 b)
1599 2836 146 43 Noms
1774 2836 82 45 des
1884 2854 271 25 communes
2185 2840 59 39 où
2273 2837 65 43 les
2368 2837 168 51 dépôts
2564 2854 48 25 se

1429 2909 237 38 trouvent;

1498 2961 48 52 c)
1592 2961 189 44 Surface
1816 2961 82 44 des
1932 2965 192 41 terrains
2159 2964 218 50 occupés;

1499 3023 56 51 d)
1602 3024 189 43 Surface
1825 3024 81 43 des
1939 3028 191 39 terrains
2164 3024 58 43 de
2254 3027 225 45 réserves;

1498 3087 50 50 e)
1595 3086 174 43 Valeur
1804 3087 59 43 de
1896 3105 75 24 ces
2004 3090 191 40 terrains
2230 3086 184 53 d'après
2450 3086 63 43 les
2547 3090 43 40 in-

1429 3148 225 44 dications
1689 3149 82 43 des
1805 3166 241 27 receveurs
2080 3149 60 43 de
2175 3149 436 54 l'enregistrement;

1496 3211 43 51 112)
1584 3211 206 44 Volume
1819 3230 57 25 en
1906 3215 168 40 mètres
2104 3212 139 43 cubes
2274 3212 82 43 des
2387 3212 188 52 dépôts;

1499 3274 53 52 g)
1599 3273 172 44 Nature
1803 3274 81 43 des
1915 3278 225 44 matières,
2176 3274 97 43 leur
2303 3278 311 48 composition

1430 3335 240 53 chimique,
1705 3347 160 34 autant
1893 3354 89 35 que
2011 3336 216 53 possible.

1498 3398 48 43 2°
1579 3398 105 44 Etat
1718 3400 81 43 des
1833 3400 375 43 raccordements
2240 3417 90 26 aux
2361 3404 129 39 voies
2524 3400 65 43 fer-

1428 3464 97 41 rées
1552 3461 180 48 ,établis
1760 3480 59 24 ou
1845 3461 240 53 possibles,
2116 3462 58 43 de
2200 3480 75 25 ces
2301 3462 181 52 dépôts.

1499 3523 48 42 3°
1602 3523 266 45 Recherche
1923 3523 83 44 des
2059 3541 195 35 moyens
2309 3524 305 44 d'intensifier
