2784 3967
2381 3734 104 96 191

519 267 1719 99 URBANISME

204 560 282 43 l'utilisation
520 561 281 43 industrielle
836 562 58 42 de
929 580 74 26 ces
1038 563 166 52 dépôts
1246 581 9 25 :
1290 563 67 43 bri-

204 638 111 34 ques
343 622 58 42 de
427 622 175 43 schiste»
630 623 183 51 briques
839 624 58 42 de
925 625 154 48 laitier,
1111 626 144 42 laitier
1281 642 75 35 gra-

204 686 116 44 nulé,
352 683 210 48 balastes,
593 685 246 42 utilisation
866 687 81 42 des
971 687 192 43 cendres
1189 705 87 24 aux
1301 687 52 42 bé-

204 754 104 33 tons
331 749 208 48 maigres,
568 746 128 42 blocs
721 750 26 40 à
771 753 306 46 maçonnerie,
1105 750 192 51 plaques
1322 749 58 42 de

202 806 211 48 cloisons,
448 812 198 38 mortier»
678 819 83 33 etc.

275 879 47 43 4°
354 880 230 44 Chercher
616 882 80 42 des
728 882 269 45 utilisations
1029 886 238 42 nouvelles
1300 886 80 42 des

203 945 213 40 matières
444 947 278 42 constituant
747 962 75 26 ces
852 946 179 52 dépôts.

268 1002 72 44 En
385 1007 191 46 résumé,
626 1007 264 43 rechercher
933 1019 102 33 tous
1079 1009 64 43 les
1187 1026 194 34 moyens

203 1069 234 48 pratiques
469 1067 29 43 d
521 1068 168 43 utiliser
718 1086 74 27 sur
822 1070 142 51 place,
1003 1089 58 25 ou
1093 1072 115 42 dans
1240 1071 43 43 la
1314 1074 45 40 ré-

205 1131 120 47 gion,
366 1128 43 42 la
443 1128 101 52 plus
582 1131 174 50 grande
790 1137 145 46 partie
971 1133 202 52 possible
1212 1133 59 43 de
1307 1150 74 26 ces

204 1193 226 40 matières.

274 1262 156 52 Quant
479 1282 89 25 aux
615 1267 144 43 terrils
807 1286 56 25 en
912 1270 195 51 général,
1162 1271 220 51 quelques

204 1329 258 39 mauvaises
494 1327 187 53 langues
713 1340 80 33 ont
823 1334 174 40 insinué
1028 1349 88 34 que
1145 1336 34 39 si
1211 1333 63 42 les
1305 1350 52 35 ga-

206 1387 130 44 leries
370 1388 253 52 exploitées
656 1394 170 41 étaient
860 1392 105 44 bien
1002 1394 288 52 remblayées
1323 1395 60 43 de

204 1449 200 49 schistes,
446 1451 43 42 la
524 1456 204 47 quantité
764 1458 28 38 à
827 1454 199 53 déposer
1063 1460 26 40 à
1126 1456 43 44 la
1204 1457 179 43 surface

204 1515 137 39 serait
366 1514 452 46 considérablement
844 1517 189 44 réduite.

275 1571 124 53 Quoi
434 1592 59 34 qu
513 1575 29 43 il
576 1595 56 24 en
666 1582 88 40 soit
785 1578 28 46 il
848 1579 117 44 n'est
999 1598 82 34 pas
1114 1582 270 51 impossible

206 1635 59 43 de
308 1646 187 33 trouver
536 1643 193 39 certains
773 1641 165 43 modes
981 1642 298 46 d'utilisation
1325 1644 59 43 de

203 1715 77 25 ces
324 1698 188 44 schistes
556 1701 227 44 houillers.
833 1703 354 50 Actuellement,
1236 1710 45 48 je
1327 1724 57 26 ne

206 1764 101 38 vois
340 1778 87 34 que
460 1762 62 42 les
555 1762 183 53 briques
769 1768 293 50 mécaniques
1095 1778 45 33 et
1171 1768 65 42 les
1267 1785 88 26 rem-

206 1821 127 44 blais.
386 1823 243 45 D'ailleurs
675 1844 74 25 ces
797 1828 214 44 remblais
1058 1848 56 25 au
1162 1830 115 42 bout
1326 1830 59 44 de

208 1886 220 50 quelques
470 1891 168 39 années
679 1889 209 44 donnent
928 1909 58 25 un
1028 1896 166 39 terrain
1237 1893 148 43 fertile

206 1964 118 35 pour
355 1948 57 42 de
442 1950 301 44 nombreuses
771 1969 220 27 essences.

277 2022 204 52 Lorsque
512 2023 12 43 1
547 2043 59 24 on
639 2042 109 26 aura
777 2029 156 48 épuisé
964 2039 103 31 tous
1097 2027 64 43 les
1191 2046 195 34 moyens

206 2084 31 42 d
260 2085 168 43 utiliser
454 2103 73 25 sur
553 2087 143 51 place»
726 2106 87 25 une
839 2093 146 48 partie
1012 2090 58 43 de
1096 2109 74 25 ces
1197 2091 188 44 déchets

206 2146 272 50 industriels,
509 2149 27 43 il
564 2148 165 44 faudra
752 2150 107 44 bien
887 2170 88 33 que
1000 2152 95 44 l'on
1122 2152 178 44 aborde
1328 2154 58 43 de

208 2209 126 43 front
364 2210 44 43 la
437 2215 211 47 question
680 2212 81 44 des
792 2223 268 43 transports.

275 2271 39 43 C
335 2284 67 32 est
443 2291 166 26 encore
652 2274 43 43 là
736 2293 60 26 un
839 2276 243 52 problème
1123 2277 259 53 complexe.

204 2331 215 45 Raccord
480 2352 87 25 aux
630 2339 140 46 voies,
836 2338 205 44 matériel
1109 2340 274 52 disponible,

208 2413 194 35 moyens
437 2398 184 52 rapides
658 2410 44 32 et
738 2403 329 50 économiques
1103 2402 60 43 de
1199 2402 162 53 charge-

208 2470 139 37 ment,
394 2470 82 33 etc.
520 2460 254 54 Transport
814 2480 89 25 aux
943 2463 204 44 diverses
1187 2464 200 45 destina-

379 2523 161 43 études
571 2524 59 43 de
664 2524 43 43 la
738 2524 304 50 distribution,
1081 2527 82 43 des
1197 2527 161 44 déchar-

208 2596 222 40 gements,
461 2585 80 44 des
566 2586 331 45 nivellements»
924 2598 84 34 etc.

278 2647 371 45 Préalablement
687 2652 26 40 à
752 2667 50 26 ce
841 2651 161 44 travail
1042 2651 27 44 il
1109 2669 102 26 sera
1249 2652 115 44 indis-

207 2710 224 51 pensable
475 2711 181 43 d'avoir
697 2711 41 43 le
781 2712 152 44 relevé
978 2717 89 40 très
1108 2717 178 41 sérieux
1328 2715 59 43 de

203 2782 108 33 tous
336 2772 65 43 les
427 2777 189 40 terrains
644 2777 26 40 à
696 2775 272 52 remblayer.

277 2847 51 52 a)
367 2846 117 44 Leur
511 2852 213 40 situation
754 2860 171 38 exacte,
958 2850 108 52 plan
1095 2851 228 44 cadastral
1353 2855 34 40 si

206 2909 227 52 possible;

277 2972 57 52 b)
382 2973 139 43 Leurs
553 2974 212 48 surfaces,
804 2974 116 43 leurs
953 2975 201 49 valeurs;

277 3035 49 52 c)
374 3035 65 44 La
468 3036 193 43 hauteur
691 3055 230 33 moyenne
953 3038 81 43 des
1065 3038 214 43 remblais
1311 3043 48 38 né-

205 3101 220 40 cessaires
436 3117 8 30 ;

279 3160 57 52 d)
383 3161 65 43 La
481 3172 160 33 nature
677 3161 81 45 des
790 3165 212 41 matières
1038 3163 198 43 désirées
1270 3182 117 34 pour

208 3241 75 25 ces
318 3224 236 49 remblais;

279 3286 50 52 e)
376 3286 65 44 La
480 3288 206 43 distance
725 3288 81 43 des
843 3292 129 39 voies
1011 3288 59 44 de
1109 3289 181 43 chemin
1330 3289 58 44 de

208 3348 83 52 fer,
321 3349 64 45 les
411 3368 195 34 moyens
632 3350 192 50 d'accès,
856 3361 82 34 etc.

279 3411 62 44 Le
373 3415 106 41 côté
514 3413 221 43 financier
769 3413 59 44 de
862 3425 149 32 toutes
1046 3431 73 26 ces
1155 3417 234 49 questions

209 3474 291 45 demandera
550 3493 59 27 un
661 3494 194 26 examen
907 3476 81 44 des
1038 3476 100 53 plus
1190 3477 195 43 attentif.

209 3536 157 44 Même
402 3541 134 49 après
570 3539 43 43 la
646 3542 113 40 mise
793 3557 56 25 en
886 3556 157 26 œuvre
1079 3539 82 44 des
1194 3556 195 35 moyens

1452 562 63 43 les
1554 562 100 52 plus
1693 567 336 50 économiques,
2074 566 42 43 la
2154 567 202 53 dépense
2394 587 100 25 sera
2532 574 85 39 très

1451 628 292 47 importante.

1521 686 40 41 D
1584 697 125 32 autre
1747 699 112 39 part,
1902 689 26 41 il
1968 690 162 42 faudra
2166 696 114 37 tenir
2316 704 185 39 compte
2539 693 81 43 des

1453 748 232 42 bénéfices
1718 750 180 42 réalisés
1931 769 81 33 par
2052 770 8 24 :

1531 810 7 41 1
1555 816 15 17 0
1615 810 63 42 La
1721 811 110 42 libre
1876 811 269 52 disposition
2189 814 80 42 des
2313 818 187 40 terrains
2543 815 52 43 dé-

1452 871 159 51 blayés
1642 875 75 47 qui
1749 872 207 43 donnera
1987 874 82 43 des
2099 875 231 45 bénéfices
2362 877 234 43 considéra-

1451 933 119 47 bles;
1600 936 87 39 soit
1714 950 86 35 que
1829 952 72 25 ces
1928 940 188 38 terrains
2143 948 182 32 servent
2353 955 87 26 aux
2466 949 130 32 exten-

1452 998 122 39 sions
1603 995 313 43 industrielles,
1947 1001 86 38 soit
2061 999 130 49 qu'ils
2219 1003 147 39 soient
2395 1000 227 42 revendus

1453 1074 86 25 aux
1566 1074 270 27 communes
1863 1075 58 25 ou
1949 1076 87 25 aux
2062 1061 274 49 particulier;

1525 1119 46 41 2°
1617 1117 65 44 La
1725 1119 255 51 plus-value
2026 1121 81 42 des
2151 1126 187 39 terrains
2384 1127 213 39 ancienne-

1454 1191 128 32 ment
1626 1183 316 50 marécageux,
1991 1182 224 52 lorsqu'ils
2259 1195 154 32 seront
2459 1185 167 42 rendus

1454 1242 225 43 utilisable
1711 1260 82 34 par
1824 1244 41 41 le
1895 1244 211 49 remblai;

1526 1303 45 43 3°
1611 1303 295 44 L'économie
1944 1305 185 43 réalisée
2166 1325 82 34 par
2285 1307 262 50 l'industrie,
2589 1312 35 39 si

1455 1365 94 43 l'on
1584 1369 146 40 arrive
1763 1384 59 25 un
1853 1371 103 47 jour
1989 1370 26 39 à
2047 1373 196 47 pouvoir
2273 1373 255 48 supprimer
2561 1369 65 44 les

1454 1427 168 52 dépôts
1649 1440 307 39 permanents,
1989 1439 44 33 et
2059 1432 27 39 à
2111 1430 187 53 charger
2327 1431 298 44 directement

1455 1489 63 45 les
1550 1489 188 44 déchets
1769 1508 117 34 pour
1916 1491 95 42 leur
2042 1491 255 49 utilisation,
2334 1511 55 25 au
2422 1493 70 43 fur
2524 1503 44 32 et
2600 1496 26 40 à

1457 1569 179 26 mesure
1667 1551 61 44 de
1758 1551 95 44 leur
1881 1552 300 54 production;

1524 1613 49 42 4°
1599 1614 296 43 L'économie
1921 1619 116 39 aussi
2062 1619 26 39 à
2113 1616 180 43 réaliser
2318 1616 115 44 dans
2458 1634 50 25 ce
2534 1634 89 28 cas,

1457 1675 81 44 des
1575 1680 240 39 coûteuses
1852 1677 301 43 installations
2189 1695 116 35 pour
2342 1678 63 43 les
2441 1679 161 52 charge-

1458 1749 150 31 ments
1637 1739 81 42 des
1748 1738 144 44 terrils
1921 1750 44 32 et
1991 1742 221 40 crassiers.

1525 1800 71 43 De
1622 1813 103 31 tous
1752 1818 73 25 ces
1852 1801 263 52 problèmes
2141 1813 45 32 et
2212 1802 57 43 de
2295 1802 106 43 bien
2428 1802 201 44 d'autres

1457 1880 74 34 qui
1570 1863 68 51 s'y
1675 1863 258 42 rattachent
1968 1874 45 31 et
2051 1867 74 47 qui
2161 1867 226 48 surgiront
2422 1864 208 52 pendant

1457 1925 64 42 les
1560 1925 174 47 études,
1780 1926 26 42 il
1848 1924 218 44 résultera
2103 1926 210 48 d'abord,
2356 1931 42 38 je
2438 1926 192 52 l'espère

1457 1991 316 39 sincèrement»
1811 2005 60 25 un
1907 1990 172 49 exposé
2117 1988 81 43 des
2233 1988 221 43 solutions
2488 1991 120 49 possi-

1455 2048 46 43 bl
1508 2067 47 25 es
1581 2067 56 25 au
1664 2053 132 48 point
1821 2049 58 43 de
1905 2067 89 26 vue
2018 2050 219 48 matériel,
2266 2062 45 31 et
2334 2054 186 44 ensuite,
2551 2050 81 43 des

1458 2112 209 42 données
1704 2116 340 48 comparatives
2081 2111 82 43 des
2198 2112 226 52 dépenses
2459 2115 26 40 à
2521 2111 112 45 faire

1457 2185 45 31 et
1531 2174 82 43 des
1640 2177 266 40 économies
1933 2177 28 40 à
1987 2173 195 44 réaliser.

1529 2248 154 42 Même
1707 2251 36 40 si
1766 2247 42 44 le
1832 2247 187 44 résultat
2041 2246 157 44 donne
2222 2265 59 26 un
2304 2247 227 44 excédent
2554 2247 82 44 des

1461 2310 228 53 dépenses
1733 2309 77 52 (ce
1846 2314 76 47 qui
1957 2321 117 33 reste
2109 2314 26 38 à
2170 2310 224 52 prouver)
2438 2310 197 52 j'estime

1459 2389 88 35 que
1571 2372 42 43 le
1638 2372 204 43 sacrifice
1867 2383 68 33 est
1958 2371 108 44 utile
2090 2382 45 33 et
2160 2371 107 53 qu'il
2294 2372 99 45 doit
2418 2375 94 40 être
2538 2371 93 44 fait.

1458 2434 123 43 Utile
1622 2444 179 33 surtout
1842 2451 119 36 pour
2002 2433 402 44 l'assainissement
2446 2434 58 43 de
2547 2436 89 41 très

1459 2498 302 42 nombreuses
1805 2514 269 26 communes
2118 2507 45 32 et
2205 2514 117 35 pour
2365 2496 247 43 l'améliora-

1460 2563 95 39 tion
1600 2559 58 43 de
1702 2559 230 52 l'hygiène
1975 2558 219 53 publique
2239 2559 61 43 du
2342 2576 127 35 pays.
2515 2558 121 43 Utile

1459 2625 118 39 aussi
1615 2639 118 35 pour
1769 2621 243 52 beaucoup
2053 2621 58 43 de
2149 2624 104 40 sites
2290 2625 75 48 qui
2404 2632 205 32 retrouve-

1460 2695 103 31 ront
1593 2684 118 43 leurs
1740 2684 190 44 beautés
1960 2683 257 44 naturelles.

1527 2759 89 42 Ces
1644 2768 133 33 notes
1805 2776 57 25 ne
1891 2757 209 44 donnent
2128 2757 169 52 qu'une
2326 2756 204 45 ébauche
2559 2773 52 26 en-

1459 2838 106 25 core
1602 2820 200 44 informe
1839 2820 61 43 du
1936 2818 263 54 problème;
2235 2819 198 53 j'espère
2470 2836 87 34 que
2594 2817 43 45 la

1460 2886 211 47 question
1717 2882 230 43 retiendra
1992 2882 257 43 l'attention
2295 2883 59 41 de
2398 2881 211 52 quelques-

1460 2963 83 24 uns
1572 2956 45 32 et
1645 2949 45 48 je
1719 2945 85 44 fais
1833 2945 41 42 le
1902 2962 109 25 vœu
2041 2944 58 43 de
2128 2948 99 38 voir
2256 2961 59 25 un
2344 2947 103 48 jour
2476 2961 59 24 un
2567 2961 46 24 or-

1459 3010 206 49 ganisme
1697 3011 205 48 puissant
1930 3024 183 26 comme
2144 3006 187 44 l'Union
2363 3006 81 42 des
2474 3005 157 47 Villes,

1461 3069 246 43 s'attacher
1754 3074 26 38 à
1827 3069 171 43 l'étude
2046 3069 59 43 de
2152 3079 118 32 cette
2318 3071 222 49 question,
2593 3078 45 32 et

1462 3135 150 40 réunir
1648 3149 106 26 sous
1788 3149 50 26 sa
1874 3132 221 43 direction
2133 3130 191 44 éclairée
2361 3130 63 43 les
2459 3130 179 43 bonnes

1460 3194 216 44 volontés
1718 3205 44 32 et
1804 3194 64 44 les
1907 3196 324 49 compétences
2272 3191 366 54 indispensables

1461 3274 118 34 pour
1612 3260 234 39 examiner
1881 3267 101 32 tous
2016 3257 63 42 les
2113 3260 153 47 points
2300 3255 61 43 du
2396 3254 241 52 problème

1459 3330 45 33 et
1532 3323 240 48 envisager
1801 3318 63 44 les
1892 3318 221 43 solutions
2139 3317 239 53 possibles.

2153 3403 345 47 THUILLIER,

1528 3480 264 43 Architecte
1822 3480 244 43 honoraire
2097 3478 59 43 de
2186 3478 44 43 la
2258 3477 106 44 ville
2395 3477 59 44 de
2484 3477 150 53 Liège.

1461 3553 157 46 D'après
1639 3564 17 19 «
1679 3552 49 38 Le
1747 3552 249 38 Mouvement
2015 3550 228 39 Communal
2262 3567 15 17 »
2304 3553 98 36 15-31
2428 3565 97 24 mars
2549 3553 89 35 1924
