2616 3334
1066 394 67 30 Wo
1158 393 72 31 hast
1254 392 43 31 du
1321 392 88 37 mich,
1434 391 179 42 Trauriger,
1639 390 224 42 hingebracht?

1158 446 96 38 „Zum

1065 498 121 31 Wohin
1210 498 66 31 fällt
1300 498 85 30 diese
1409 495 211 33 schwebende
1644 494 123 32 Nacht?

1157 551 98 38 „Zum

1065 603 53 31 Ich
1143 603 83 37 aber,
1251 602 49 31 ich
1324 601 59 32 will
1408 600 95 33 nicht!
1551 600 52 31 Ich
1629 600 58 31 will
1712 600 121 37 zurück,

1066 656 53 32 Ich
1142 655 60 31 will
1226 666 72 20 zum
1322 655 118 37 Hause,
1463 658 142 37 genannt
1628 654 97 37 „Zum

1162 709 97 36 „Zum

1067 849 53 30 Da
1144 848 109 32 wurde
1277 848 59 31 mir
1359 847 93 42 ruhig
1475 846 65 31 und
1564 845 109 31 wurde
1697 845 58 31 mir
1778 844 75 37 klar,

1067 902 53 29 Da
1147 900 101 31 wufst'
1273 900 56 37 ich,
1354 899 104 32 wohin
1483 898 48 32 ich
1556 898 151 42 gefahren
1732 908 74 27 war,

1161 952 76 33 Und
1260 952 93 31 war's
1378 951 163 32 zufrieden.

1071 1006 67 30 Der
1161 1005 159 31 Kutscher
1344 1004 70 31 fuhr
1437 1003 181 32 rückwärts.
1666 1002 53 30 Ich
1743 1001 66 42 gab
1833 1002 63 30 ihm
1921 1000 47 30 die
1993 999 109 31 Hand:

1071 1058 111 37 „Grüfs
1208 1058 42 30 du
1274 1058 57 30 mir
1356 1057 81 31 noch
1462 1056 112 30 einmal
1599 1055 58 31 das
1682 1053 157 32 blühende
1863 1052 99 39 Land,

1164 1111 70 30 Aus
1259 1110 74 31 dem
1356 1109 49 31 ich

1073 1251 75 33 Und
1173 1262 57 20 aus
1255 1251 56 31 der
1336 1251 100 30 Leere
1460 1249 112 41 klangs
1597 1247 191 32 mutterlind:

1165 1304 138 37 „Komm

1074 1356 79 32 Müd
1177 1356 89 31 ward
1291 1356 48 30 ich
1363 1356 57 31 wie
1444 1355 42 30 im
1510 1355 125 41 Spielen
1659 1355 49 30 ein
1732 1354 93 31 Kind.

1168 1409 135 37 „Komm

1076 1461 52 31 Ich
1153 1461 52 30 lief
1225 1461 30 30 in
1280 1460 61 31 den
1364 1459 168 42 Abgrund,
1555 1459 47 30 ins
1627 1458 209 31 schwebende
1861 1457 89 31 Meer

1076 1513 75 32 Und
1175 1513 95 31 fühlte
1293 1522 65 22 von
1382 1512 59 32 mir
1463 1511 72 32 kein
1558 1511 121 31 Fühlen
1704 1511 95 31 mehr.

1169 1566 136 38 „Komm

1811 1643 86 28 Otto
1916 1643 96 36 Julius
2032 1642 148 28 Bierbaum

1565 2898 0 0 184
