2314 3800
237 253 0 0 318

325 218 201 32 MUSIQUE
560 218 59 26 DU
652 216 151 26 MOYEN
836 215 100 26 AGE.
1060 201 209 41 L'OEUVRE
1302 208 265 40 MÉLODIQUE
1600 214 82 27 DES
1716 213 334 28 TROUBADOURS

158 312 217 58 système
425 308 238 46 cohérent
712 306 349 47 relativement
1109 308 25 43 à
1206 304 420 64 l'interprétation
1665 307 60 46 de
1771 321 79 30 ces
1905 303 261 47 mélodies.

158 390 251 45 Riemann
427 406 26 29 a
477 387 87 48 fait
593 388 135 47 école
759 403 61 31 en
850 387 183 48 dehors
1053 387 60 47 de
1137 387 44 46 la
1208 388 188 46 France
1420 401 9 33 :
1457 388 58 46 de
1537 391 100 43 très
1660 388 126 46 bons
1810 386 183 62 esprits
2010 397 47 34 et
2079 386 87 45 des

155 471 300 46 chercheurs
502 468 380 49 consciencieux
922 481 89 34 ont
1034 468 130 47 suivi
1187 468 44 46 la
1250 468 107 47 voie
1382 473 161 42 tracée
1568 484 91 46 par
1679 467 87 47 lui.
1794 466 92 59 Or,
1917 467 253 46 Riemann

155 551 98 46 m'a
281 550 86 48 fait
392 552 407 60 précédemment
828 551 265 46 l'honneur
1109 551 60 44 de
1188 551 255 61 s'occuper
1460 550 330 62 longuement
1818 550 59 44 de
1902 564 81 30 ma
2004 547 139 62 publi-

155 632 182 52 cation,
483 632 107 46 Les
591 632 57 61 plus
649 632 176 47 anciens
845 637 301 41 monuments
1166 631 57 47 de
1259 632 47 46 la
1331 633 216 60 musique
1575 631 253 57 française
1848 649 10 35 ;
1903 645 98 30 une
2045 628 100 63 poli-

154 725 128 34 tesse
331 729 62 30 en
431 726 136 47 vaut,
600 713 187 58 dit-on,
827 730 99 30 une
976 726 138 34 autre
1156 725 64 42 et,
1270 717 101 42 très
1413 713 369 58 amicalement,
1829 711 42 61 je
1926 710 68 47 lui
2018 710 149 45 rends

154 793 318 61 aujourd'hui
492 811 51 29 sa
562 795 161 47 visite.
752 797 145 46 Nous
919 811 58 31 ne
992 810 217 46 croyons
1228 793 162 63 point,
1416 795 248 45 disons-le
1683 805 109 34 tout
1815 793 60 46 de
1898 791 146 57 suite,
2072 807 96 46 que

157 876 249 46 Riemann
430 876 67 46 ait
515 876 185 55 raison,
722 876 49 46 ni
795 892 98 46 que
911 891 93 31 son
1021 875 228 63 principe
1267 876 199 61 général
1485 875 97 47 soit
1606 887 137 35 exact
1763 887 10 33 :
1799 886 143 34 notre
1966 872 202 47 dessein

153 969 73 34 est
249 956 314 63 d'expliquer
591 957 61 46 ici
679 969 141 34 notre
850 957 144 60 façon
1014 957 60 46 de
1098 956 109 47 voir
1226 969 46 33 et
1302 957 59 46 de
1385 971 246 47 proposer
1676 970 132 47 pour
1830 955 70 45 les
1923 952 244 48 mélodies

153 1054 59 30 en
252 1054 146 30 cause
437 1040 220 45 d'autres
696 1038 245 46 éléments
978 1037 457 62 d'interprétation.

216 1120 197 45 Posons
444 1120 128 45 donc
606 1119 220 46 l'énoncé
859 1120 65 44 du
963 1119 259 62 problème
1248 1121 26 43 à
1302 1120 240 44 résoudre
1566 1131 9 33 :
1623 1119 83 45 les
1762 1116 289 47 mélodies
2104 1117 64 46 de

153 1200 401 47 troubadours
619 1212 52 34 et
724 1201 66 45 de
849 1202 313 44 trouvères
1232 1199 649 63 appartiennent-elles
1936 1201 25 42 à
2022 1197 146 46 l'ars

163 1281 414 46 mensurabilis
625 1281 73 46 du
759 1296 207 46 moyen
1023 1286 100 56 âge
1184 1292 72 47 et,
1324 1280 47 47 si
1438 1296 149 31 nous
1655 1281 83 46 les
1790 1295 255 46 croyons
2102 1295 66 29 en

152 1362 133 47 effet
348 1366 328 53 mesurées,
747 1361 304 47 l'histoire
1117 1362 285 46 musicale
1469 1364 73 45 du
1611 1362 310 47 treizième
1988 1359 179 47 siècle

153 1459 145 32 nous
359 1442 367 49 fournit-elle
785 1445 99 44 des
936 1455 346 50 arguments
1339 1444 306 45 suffisants
1696 1459 151 47 pour
1900 1442 268 61 justifier

152 1538 149 33 cette
356 1524 391 47 affirmation?

215 1606 253 46 Riemann
498 1606 175 46 estime
695 1621 95 46 que
814 1621 79 31 ces
933 1605 241 47 mélodies
1206 1605 443 63 n'appartiennent
1674 1621 87 47 pas
1785 1609 26 43 à
1860 1606 43 46 la
1936 1605 231 47 notation

146 1691 249 55 mesurée,
421 1686 297 47 c'est-à-dire
759 1703 115 45 que,
902 1701 127 47 pour
1053 1686 88 60 lui,
1169 1687 67 46 les
1272 1687 243 46 éléments
1546 1687 60 46 de
1627 1687 45 46 la
1696 1687 249 56 notation,
1973 1687 191 61 malgré

149 1770 133 47 leurs
306 1767 294 49 différences
624 1769 321 56 extérieures,
978 1781 319 50 apparentes,
1324 1769 320 62 n'indiquent
1670 1785 195 32 aucune
1894 1770 269 46 différence

146 1851 149 46 réelle
324 1867 62 30 au
412 1850 142 64 point
591 1851 60 46 de
677 1867 92 30 vue
793 1851 86 45 des
910 1851 180 45 durées
1119 1861 47 35 et
1195 1850 122 62 qu'il
1357 1867 59 29 ne
1442 1851 200 46 s'arrête
1677 1851 283 46 nullement
2001 1854 25 43 à
2058 1851 108 46 leur

149 1949 24 28 «
205 1933 154 61 figure
390 1949 43 28 ».
484 1931 113 61 Que
644 1933 69 45 les
745 1944 143 34 notes
934 1930 165 47 soient
1137 1931 406 63 rectangulaires,
1607 1933 232 58 caudées,
1885 1933 277 61 losangées,

148 2016 228 59 séparées
407 2029 65 31 ou
520 2016 265 59 groupées,
836 2013 33 45 il
920 2015 114 43 n'en
1072 2029 26 29 a
1140 2028 133 30 cure.
1336 2014 254 44 Riemann
1634 2013 160 47 arrive
1823 2014 283 61 cependant
2138 2015 25 43 à

146 2093 280 47 constituer
458 2109 99 31 une
600 2108 217 39 mesure,
867 2091 128 47 mais
1042 2108 87 47 par
1159 2093 86 45 des
1295 2109 209 46 moyens
1543 2099 169 41 autres
1745 2107 49 33 et
1824 2094 86 62 qui
1943 2110 60 31 ne
2035 2109 128 31 nous

148 2175 250 46 semblent
430 2190 85 46 pas
538 2174 246 62 légitimes
807 2188 9 33 :
853 2175 43 45 la
920 2187 248 34 structure
1193 2174 66 47 du
1283 2189 111 32 vers
1425 2176 248 59 entraîne,
1700 2175 195 62 d'après
1932 2175 88 56 lui,
2044 2175 120 46 celle

148 2258 58 45 de
244 2258 45 45 la
327 2255 236 48 mélodie.

211 2339 144 47 Nous
378 2337 402 62 développerons
807 2336 61 47 ici
891 2353 99 30 une
1022 2336 139 47 thèse
1183 2349 140 35 toute
1346 2336 279 48 différente.

212 2616 67 46 Le
301 2613 226 65 principe
557 2611 129 48 suivi
708 2627 87 49 par
820 2612 252 46 Riemann
1103 2612 123 46 dans
1258 2611 424 62 l'interprétation
1721 2612 88 44 des
1833 2611 246 45 mélodies
2104 2611 58 45 de

146 2697 341 47 troubadours
517 2707 46 36 et
602 2697 60 46 de
705 2697 262 45 trouvères
1023 2705 73 35 est
1143 2709 99 31 une
1282 2693 307 63 application
1630 2693 291 47 immédiate
1963 2695 59 44 de
2073 2707 90 31 son

146 2783 218 60 système
388 2778 198 64 général
618 2778 59 46 de
708 2776 291 65 rythmique
1023 2787 47 35 et
1094 2776 60 47 de
1175 2775 252 63 métrique
1453 2775 268 47 musicales
1747 2775 85 62 (i).

211 2862 65 45 Le
301 2872 174 35 savant
498 2860 253 47 allemand
773 2858 171 47 établit
973 2874 99 31 une
1109 2857 304 47 corrélation
1449 2856 180 47 étroite
1660 2869 139 34 entre
1822 2857 44 46 la
1896 2856 163 46 forme
2097 2856 64 44 du

144 2957 112 32 vers
280 2954 46 34 et
357 2942 42 45 le
442 2941 202 47 schéma
676 2940 291 63 rythmique
1011 2941 60 46 de
1112 2940 45 45 la
1194 2938 217 47 mélodie
1451 2937 85 64 qui
1559 2954 33 47 y
1626 2951 75 34 est
1731 2937 174 61 jointe.
1947 2938 68 45 Le
2057 2952 106 31 vers

146 3022 400 63 octosyllabique
572 3024 286 60 répondant
880 3026 26 42 à
926 3022 45 46 la
1001 3021 179 62 phrase
1206 3020 290 62 mélodique
1521 3020 59 45 de
1603 3031 175 51 quatre
1816 3034 225 31 mesures
2065 3029 100 35 sert

194 3510 52 49 (I)
273 3510 196 36 RIEMANN
495 3505 180 51 (HUGO).
767 3505 171 48 System
958 3503 74 38 der
1052 3501 325 38 musikalischen
1408 3499 235 52 Rhythmik
1662 3499 82 37 und
1781 3499 157 37 Metrik
1944 3530 8 16 ,
1976 3495 182 53 Leipzig,

152 3574 117 50 1903.
