2314 3918
319 286 201 33 MUSIQUE
553 288 60 26 DU
647 288 151 26 MOYEN
824 288 99 26 AGE.
1024 270 212 44 L'OEUVRE
1271 279 265 40 MÉI.ODIQUE
1572 286 81 27 DES
1688 285 340 29 TROUBADOURS

152 284 78 41 332

213 375 152 45 Enfin
401 374 289 47 n'oublions
722 374 145 62 point
892 375 187 61 qu'une
1123 374 183 62 longue
1342 374 232 62 parfaite,
1608 374 182 62 simple
1821 389 64 29 ou
1945 372 220 63 pliquée,

149 468 46 33 et
220 457 186 61 qu'une
450 455 210 59 ligature
690 458 60 44 de
786 455 120 47 trois
932 472 119 30 sons
1099 468 219 50 peuvent
1351 472 217 47 occuper
1615 457 46 45 la
1683 454 195 48 totalité
1909 454 129 47 delà
2067 454 78 46 for-

147 538 136 46 mule
308 549 13 47 ;
364 549 126 35 cette
540 537 214 62 ligature
799 539 191 45 vaudra
1046 538 132 46 alors
1219 537 124 47 trois
1393 538 174 46 brèves
1601 553 9 41 ;
1652 552 129 32 nous
1828 537 45 45 la
1913 537 252 45 rendrons

152 618 128 46 ainsi
308 631 10 33 :

244 831 59 61 (A
330 832 202 61 suivre.)

1681 833 175 47 PIERRE
1886 836 183 43 AUBRY.

206 1026 147 41 SALLE
387 1027 194 41 PLEYEL.
702 1028 196 42 Séances
923 1035 268 36 annoncées.
1234 1030 174 41 Grande
1448 1031 120 40 Salle
1591 1033 70 39 :le
1685 1036 45 37 18
1739 1065 8 15 ,
1765 1032 46 41 JVL
1821 1067 7 6 .
1851 1032 51 40 L.
1929 1033 240 43 Wurmser

148 1097 185 49 (élèves)
355 1097 74 49 ;le
457 1112 64 35 30,
549 1097 43 40 M
598 1096 54 24 lles
688 1098 199 41 Bernard
908 1099 200 50 (élèves).
1131 1099 120 40 Salle
1287 1101 71 38 des
1387 1100 216 49 Quatuors
1625 1102 76 39 :le
1734 1116 68 37 20,
1844 1102 43 40 M
1895 1107 49 18 me
1971 1104 196 52 Facquet

150 1165 75 52 (id.
273 1170 20 35 à
326 1181 9 24 1
383 1166 63 52 h.)
490 1167 74 48 ;le
607 1181 67 36 23,
720 1167 44 40 M
770 1166 38 23 lle
829 1168 247 50 Antognini
1096 1168 74 48 ;le
1205 1181 66 39 25,
1307 1168 61 40 M.
1421 1170 166 41 Furnet
1627 1171 182 50 (élèves,
1854 1171 112 51 id.);
2012 1173 37 39 le
2094 1187 65 36 30,

147 1233 46 40 M
198 1232 40 24 lle
259 1234 255 53 Marquaud
542 1234 115 54 (id.).

1373 3542 56 40 Le
1463 3540 162 43 Gérant
1651 3558 11 24 :
1695 3544 53 38 A.
1786 3543 202 46 REBFXQ.

785 3650 101 26 Poitiers,
903 3661 17 5 -
933 3650 83 27 Société
1033 3652 106 30 française
1153 3653 151 29 d'lmprimerie
1321 3653 23 26 et
1361 3656 26 23 de
1408 3655 110 26 Librairie.

761 1472 210 33 CHEMINS
1018 1473 58 32 DE
1112 1473 87 32 FER
1241 1474 61 31 DE
1340 1473 214 34 L'OUEST.

713 1566 289 46 VOYAGES
1053 1568 35 44 A
1134 1567 138 45 PRIX
1311 1554 271 58 RÉDUITS

190 1667 48 32 La
256 1666 228 42 Compagnie
501 1667 62 32 des
583 1667 165 32 chemins
773 1666 42 33 de
841 1666 50 33 fer
929 1668 44 31 de
990 1668 154 37 l'Ouest,
1169 1667 64 42 qui
1271 1667 137 32 dessert
1442 1670 51 29 les
1510 1667 155 33 stations
1686 1668 205 33 balnéaires
1915 1675 32 26 et
1972 1669 194 33 thermales

145 1717 43 31 de
211 1720 32 29 la
262 1717 227 32 Normandie
506 1724 33 25 et
554 1717 43 32 de
618 1720 32 28 la
674 1719 198 41 Bretagne,
892 1717 63 33 fait
971 1718 155 32 délivrer
1150 1717 169 42 jusqu'au
1340 1729 40 33 31
1406 1719 165 38 octobre,
1595 1729 65 30 par
1676 1728 55 22 ses
1753 1729 107 31 gares
1877 1726 33 25 et
1934 1719 162 33 bureaux
2119 1724 44 28 de

145 1767 85 32 ville
248 1767 43 32 de
315 1767 115 39 Paris,
465 1770 50 30 les
562 1767 121 33 billets
717 1768 164 41 ci-après
927 1768 65 43 qui
1016 1775 233 34 comportent
1270 1768 142 42 jusqu'à
1439 1778 42 33 50
1503 1776 63 32 0/0
1590 1769 43 31 de
1650 1768 191 33 réduction
1862 1780 61 21 sur
1940 1772 50 30 les
2011 1770 79 41 prix
2112 1771 46 31 du

147 1817 86 32 tarif
249 1817 195 32 ordinaire.

668 1888 45 35 1°
737 1888 153 36 Bains
915 1888 60 36 de
998 1899 105 25 mer
1126 1891 50 33 et
1208 1898 129 27 eaux
1371 1889 290 37 thermales.

191 1961 128 33 Billets
355 1962 173 40 valables,
553 1962 145 33 suivant
724 1966 32 29 la
799 1963 180 38 distance,
1006 1974 32 33 3,
1060 1975 34 30 4,
1128 1974 39 21 10
1198 1974 44 22 ou
1270 1975 42 33 33
1340 1964 117 40 jours;
1485 1974 57 23 ces
1564 1964 162 33 derniers
1744 1965 165 32 donnent
1949 1967 31 30 le
2006 1965 94 34 droit
2121 1966 44 32 de

145 2011 167 33 s'arrêter
334 2013 164 40 pendant
520 2013 46 41 48
597 2014 129 32 heures
769 2016 18 30 à
823 2015 113 31 l'aller
971 2021 32 25 et
1037 2026 41 20 au
1109 2022 125 24 retour
1256 2016 18 30 à
1295 2024 71 22 une
1387 2025 88 31 gare
1496 2025 43 22 au
1565 2014 111 33 choix
1696 2015 44 32 de
1761 2014 214 34 l'itinéraire
1999 2016 94 32 suivi
2133 2025 33 24 et

145 2070 157 32 peuvent
322 2067 75 28 être
419 2064 200 41 prolongés
642 2063 108 33 d'une
767 2075 45 21 ou
838 2064 42 32 de
900 2064 92 32 deux
1011 2064 169 41 périodes
1203 2065 43 31 de
1264 2074 43 33 30
1329 2067 114 40 jours,
1469 2073 225 34 moyennant
1721 2067 233 40 supplément
1975 2067 43 33 de
2043 2078 79 22 100
2146 2079 19 21 0

146 2123 93 30 pour
265 2113 141 41 chaque
432 2113 164 40 période.

145 2194 47 36 2°
214 2216 42 5 —
279 2195 303 37 Excursions
606 2206 91 27 sur
727 2197 73 37 les
832 2197 137 37 côtes
1004 2197 60 37 de
1093 2197 308 46 normandie,
1425 2207 63 28 en
1528 2199 251 45 Bretagne
1808 2202 50 33 et
1899 2201 27 35 à
1973 2200 16 35 1
2004 2200 66 37 île
2106 2200 60 37 de

1055 2260 193 47 Jersey.

189 2332 127 33 Billets
336 2333 210 33 circulaires
572 2334 161 33 valables
753 2346 48 20 un
827 2334 90 33 mois
942 2339 84 37 (non
1051 2335 158 41 compris
1232 2338 32 30 le
1286 2337 82 41 jour
1386 2336 46 32 du
1454 2336 141 43 départ)
1620 2345 33 25 et
1683 2345 163 33 pouvant
1864 2341 75 30 être
1965 2339 199 41 prolongés

146 2383 84 31 d'un
256 2394 168 22 nouveau
451 2383 91 33 mois
569 2392 224 35 moyennant
817 2387 233 39 supplément
1075 2386 44 32 de
1147 2397 38 21 10
1211 2389 73 36 0/0.

189 2434 68 31 Dix
276 2433 205 34 itinéraires
501 2434 202 39 différents,
747 2435 88 33 dont
859 2439 51 29 les
936 2436 79 40 prix
1051 2437 141 32 varient
1219 2445 102 24 entre
1347 2449 43 32 50
1415 2446 33 24 et
1477 2448 63 33 115
1579 2438 41 32 fr.
1665 2449 43 21 en
1759 2450 10 20 i
1778 2446 26 15 re
1829 2442 115 30 classe
1982 2447 33 25 et
2041 2450 45 31 40
2132 2448 32 24 et

149 2495 64 20 100
236 2484 55 38 fr.,
316 2495 43 21 en
376 2495 16 20 2
400 2490 13 15 e
435 2487 129 35 classe,
588 2493 220 33 permettent
832 2486 43 32 de
889 2486 127 33 visiter
1047 2489 50 30 les
1122 2487 124 41 points
1273 2490 50 31 les
1347 2491 81 38 plus
1453 2488 238 34 intéressants
1714 2490 44 32 de
1799 2493 32 29 la
1855 2489 239 40 Normandie,
2122 2490 43 32 de

145 2536 33 30 la
202 2535 185 41 Bretagne
407 2542 34 25 et
465 2535 73 32 l'île
560 2535 42 32 de
621 2536 139 41 Jersey.

187 2586 98 30 Pour
308 2587 81 38 plus
412 2585 44 32 de
480 2585 332 42 renseignements,
837 2589 186 31 consulter
1064 2590 31 29 le
1134 2588 106 32 livret
1263 2588 113 42 guide
1400 2589 142 33 illustré
1572 2590 46 32 du
1644 2592 125 32 réseau
1798 2591 43 33 de
1865 2594 8 29 1
1891 2592 129 39 Ouest,
2043 2592 120 32 vendu

145 2646 19 21 o
188 2635 40 32 fr.
259 2644 40 33 50
329 2635 89 32 dans
442 2637 50 30 les
519 2635 275 42 bibliothèques
814 2637 62 32 des
895 2647 106 32 gares
1026 2637 44 33 de
1095 2640 32 30 la
1152 2638 243 43 Compagnie.
