2314 3800
165 216 76 37 312

955 221 201 27 CHARLES
1192 222 187 28 GOUNOD

826 400 340 42 CHARLES
1204 401 308 42 GOUNOD

203 530 27 31 A
256 540 134 30 propos
411 529 43 32 de
477 532 32 29 la
532 529 206 33 cérémonie
763 529 62 42 qui
854 530 98 32 vient
977 529 136 33 d'avoir
1136 530 71 33 lieu
1229 532 18 30 à
1271 530 248 33 Saint-Cloud
1542 529 174 35 (érection
1758 530 86 33 d'un
1870 539 213 24 monument
2107 534 17 30 à
2150 534 29 29 la

161 579 171 33 mémoire
356 579 43 33 de
422 579 179 38 Gounod)
625 588 33 24 et
687 581 45 31 où
757 580 50 32 M.
837 579 152 33 Camille
1029 579 258 38 Saint-Saëns,
1327 583 71 30 très
1420 582 184 41 généreux
1625 581 90 32 dans
1757 590 56 23 ses
1837 581 287 40 appréciations,
2163 593 17 21 a

159 630 83 32 loué
265 630 43 32 de
348 630 100 41 façon
473 629 28 32 si
526 629 154 33 délicate
703 632 33 29 la
759 630 82 32 voix
884 630 43 31 de
951 630 154 33 l'auteur
1127 630 44 33 de
1214 630 154 31 Mireille
1373 656 8 12 ,
1408 631 46 32 M.
1489 631 103 41 Augé
1625 630 43 33 de
1710 631 132 32 Lassus
1864 638 83 25 veut
1969 630 86 33 bien
2090 642 91 21 nous

159 689 159 32 envoyer
341 682 49 30 les
415 689 102 23 notes
539 679 199 41 suivantes,
765 681 292 41 accompagnées
1078 679 85 33 d'un
1188 680 106 33 choix
1318 680 43 33 de
1385 681 217 32 documents
1623 679 209 43 originaux.

245 810 237 41 Gounod
506 810 286 42 chanteur
822 812 57 39 et
900 810 213 42 diseur.
1220 812 322 42 Souvenirs
1583 823 106 32 sur
1724 827 20 25 «
1773 813 244 42 Mireille
2044 827 19 25 »

218 928 62 41 Ce
300 931 75 51 qui
399 931 159 39 chanta
586 931 111 39 dans
722 944 47 27 sa
794 936 180 47 pensée,
1001 945 46 27 ce
1082 934 75 50 qui
1181 933 161 40 chante
1370 947 85 27 aux
1486 934 143 41 lèvres
1653 935 79 40 des
1759 934 318 52 Marguerites,
2104 937 76 40 des

167 998 176 43 Fausts,
387 999 78 40 des
513 998 232 49 Mireilles,
791 1000 77 40 des
908 1000 207 55 Juliettes
1155 1009 42 32 et
1249 1002 77 39 des
1371 1001 198 41 Roméos
1609 1005 218 39 essaimés
1874 1009 21 35 à
1937 1013 170 33 travers
2144 1006 38 39 le

161 1067 178 47 monde,
364 1081 75 27 sur
458 1068 63 40 les
541 1074 155 34 scènes
716 1068 64 41 les
805 1069 102 52 plus
929 1069 217 50 diverses,
1170 1070 38 40 le
1227 1071 166 39 monde
1413 1073 156 44 entier,
1595 1072 112 40 celui
1729 1072 59 40 du
1813 1075 146 39 moins
1983 1074 53 40 de
2056 1082 126 33 notre

160 1136 268 40 civilisation
463 1145 42 31 et
537 1137 54 39 de
624 1145 126 32 notre
774 1136 318 42 confraternité
1131 1140 364 47 internationale,
1524 1140 270 41 docilement
1828 1143 38 39 le
1902 1147 196 44 connaît,
2144 1143 38 40 le

161 1209 147 47 répète
328 1213 40 32 et
392 1203 281 55 l'applaudit.
696 1206 117 41 Mais
838 1204 192 44 Gounod
1053 1221 54 27 ne
1127 1207 65 41 fut
1216 1222 80 38 pas
1319 1222 85 38 que
1424 1208 304 54 l'inspirateur
1748 1211 77 40 des
1839 1213 115 49 voix,
1978 1212 133 41 échos
2124 1213 55 40 de

160 1286 71 27 ses
256 1274 294 52 inspirations
574 1278 184 44 mêmes,
789 1276 79 39 des
889 1277 101 39 voix
1022 1277 75 51 qui
1126 1277 61 39 lui
1218 1285 100 32 sont
1342 1276 297 43 obéissantes.
1668 1277 194 43 Gounod
1883 1281 214 47 chantait,
2139 1290 41 31 et

160 1339 144 43 c'était
326 1342 227 41 délicieux.
581 1342 209 50 Ceux-là,
813 1344 54 40 de
887 1346 147 39 moins
1065 1359 54 26 en
1141 1347 149 38 moins
1314 1345 249 42 nombreux
1597 1348 107 40 —le
1728 1357 143 44 temps
1894 1349 286 41 dévastateur

160 1410 63 40 les
246 1420 252 43 emportant
521 1427 59 25 un
607 1417 101 36 àun
731 1413 173 52 chaque
922 1414 99 51 jour
1109 1416 76 50 qui
1210 1414 108 41 l'ont
1338 1419 169 44 écouté,
1534 1429 53 27 en
1606 1417 190 50 gardent
1818 1431 174 27 comme
2013 1433 59 25 un
2097 1418 61 41 fré-

160 1481 261 40 missement
446 1481 167 40 inlassé
633 1495 54 26 au
707 1481 105 40 fond
829 1481 54 41 de
906 1482 143 41 l'âme.
1068 1481 127 42 Cette
1218 1485 99 38 voix
1338 1486 105 38 était
1456 1498 176 27 comme
1651 1499 88 27 une
1763 1486 227 41 vibration
2010 1488 146 40 révéla-

160 1549 120 46 trice,
302 1562 174 27 comme
498 1563 86 27 une
608 1555 163 46 pensée
791 1551 204 52 parlante
1016 1560 40 32 et
1081 1554 93 49 qui,
1200 1551 251 42 débordant
1472 1553 38 41 le
1531 1567 138 35 cœur,
1696 1568 46 26 se
1766 1564 87 32 met
1874 1556 258 40 elle-même
2156 1561 19 35 à

159 1615 170 42 l'essor.
355 1616 98 42 Elle
476 1620 151 39 venait
647 1619 54 39 de
721 1618 109 47 loin,
849 1620 77 39 des
943 1619 298 52 profondeurs
1265 1623 318 51 mystérieuses
1606 1623 55 40 de
1678 1623 123 41 l'être
1823 1638 9 34 ;
1855 1625 85 40 elle
1961 1627 218 50 pénétrait

158 1684 346 53 profondément
541 1695 94 32 tout
677 1701 45 26 ce
756 1688 163 51 qu'elle
962 1688 207 41 semblait
1194 1693 22 36 à
1260 1692 129 49 peine
1413 1690 205 41 effleurer
1656 1692 113 39 dans
1805 1706 81 27 son
1930 1693 86 40 vol.
2058 1693 122 41 Pour

158 1752 222 49 l'écouter,
404 1755 38 40 le
467 1756 164 40 silence
650 1769 46 27 se
720 1755 148 42 faisait
893 1757 99 52 plus
1016 1757 258 48 silencieux,
1300 1773 73 25 car
1396 1759 39 40 le
1464 1758 119 42 bruit
1608 1758 149 43 n'était
1786 1775 81 38 pas
1890 1763 287 40 retentissant

158 1823 53 40 de
232 1837 46 27 ce
300 1823 134 41 verbe
456 1837 177 28 sonore.
667 1824 111 41 Très
806 1825 267 41 doucement
1100 1826 28 40 il
1153 1840 114 27 nous
1291 1829 301 47 environnait,
1627 1837 41 32 et
1702 1828 143 42 c'était
1867 1832 122 39 vivre
2013 1846 59 25 un
2093 1846 84 37 peu

157 1891 54 41 de
235 1893 37 38 la
292 1894 68 39 vie
384 1895 156 38 intime
562 1902 41 32 et
623 1898 207 47 suprême
853 1895 55 40 de
932 1893 192 42 Gounod
1152 1909 87 38 que
1262 1896 53 40 de
1340 1895 243 42 l'entendre
1606 1898 198 40 chanter.
1830 1898 63 42 Le
1916 1901 135 50 piano
2074 1914 104 26 sous

158 1974 69 27 ses
244 1961 147 50 doigts
411 1975 46 26 se
483 1961 148 42 faisait
655 1962 165 41 discret
852 1971 41 32 et
915 1973 246 38 caressant,
1185 1977 89 27 non
1295 1978 104 26 sans
1424 1964 118 42 force
1559 1968 253 50 expressive
1834 1969 247 51 cependant
2104 1984 8 33 ;
2138 1978 39 31 et

157 2029 219 42 l'alliance
409 2032 107 39 était
536 2033 183 50 exquise
741 2032 77 39 des
842 2032 185 40 touches
1067 2032 235 41 ébranlées
1340 2043 40 31 et
1413 2034 54 40 de
1492 2035 38 39 la
1566 2038 100 37 voix
1689 2038 142 50 partie
1871 2050 172 27 comme
2085 2042 20 35 à
2138 2038 39 40 la

158 2107 231 32 rencontre
424 2100 54 40 de
518 2100 319 40 surhumaines
856 2102 186 39 visions.
1069 2099 194 43 Gounod
1299 2104 118 38 avait
1453 2117 87 26 une
1579 2106 217 38 mémoire
1834 2105 256 41 abondante
2135 2115 40 31 et

155 2168 158 39 docile.
346 2167 256 41 Volontiers
653 2169 29 39 il
722 2169 60 40 lui
823 2169 186 40 donnait
1044 2169 111 41 libre
1197 2171 185 40 envolée
1409 2182 7 35 ;
1443 2180 41 32 et
1527 2171 188 52 Mozart,
1764 2182 177 32 surtout
1984 2174 188 50 Mozart,

156 2235 276 53 Meyerbeer,
459 2236 166 51 Auber,
647 2236 201 52 Rossini,
872 2251 87 39 que
973 2239 152 52 sais-je
1143 2252 159 27 encore
1317 2241 14 37 ?
1351 2238 206 52 Wagner
1568 2241 250 51 lui-même,
1834 2243 337 50 gazouillaient,

157 2307 346 46 retentissaient,
529 2307 251 52 pleuraient
814 2321 84 26 aux
928 2309 163 47 mains,
1131 2322 82 27 aux
1249 2309 142 40 lèvres
1415 2309 53 41 de
1501 2308 277 43 l'inlassable
1802 2312 289 40 enchanteur.
2117 2311 56 41 Et

156 2373 142 41 c'était
320 2375 58 39 du
408 2375 189 48 Mozart,
637 2373 142 43 c'était
802 2376 54 39 de
881 2375 198 50 l'Auber,
1106 2377 145 40 c'était
1274 2377 59 41 du
1359 2377 202 52 Rossini,
1580 2382 195 50 compris
1800 2385 22 35 à
1846 2381 242 47 merveille,
2117 2396 58 25 un

155 2457 84 38 peu
265 2441 294 53 transfigurés
573 2445 262 51 cependant,
849 2459 73 25 car
946 2443 194 43 Gounod
1154 2448 276 40 inconscient
1454 2450 173 39 mettait
1652 2463 45 26 sa
1717 2450 228 41 notedans
1970 2450 203 48 l'accord,

155 2520 41 31 et
220 2509 194 43 Gounod
439 2512 196 40 chantait
659 2512 231 40 lui-même
914 2518 22 34 à
957 2521 169 32 travers
1149 2516 174 39 ceux-là
1348 2517 107 51 qu'il
1479 2519 212 51 évoquait
1713 2520 35 38 si
1773 2518 118 40 bien.

211 2579 264 53 Cependant
499 2578 143 43 c'était
661 2579 193 43 Gounod
881 2583 240 50 interprété
1166 2597 80 37 par
1285 2582 192 43 Gounod
1520 2587 76 51 qui
1622 2586 188 41 donnait
1833 2587 37 40 la
1898 2587 87 42 fête
2009 2588 37 39 la
2075 2589 97 52 plus

154 2649 260 41 charmante
433 2665 8 33 ;
462 2658 41 32 et
524 2648 194 42 Gounod
743 2650 265 52 cependant,
1034 2652 34 38 si
1095 2652 265 41 accueillant
1384 2667 83 26 aux
1489 2656 208 39 visiteurs
1722 2659 145 37 même
1900 2658 268 51 importuns,

154 2716 263 43 n'exécutait
453 2718 57 40 du
550 2716 193 44 Gounod
783 2719 208 52 qu'après
1028 2722 124 38 avoir
1184 2725 166 47 égrené
1389 2722 62 40 les
1474 2723 160 52 joyaux
1663 2733 42 31 et
1730 2725 62 40 les
1816 2725 146 52 perles
1994 2726 54 40 de
2072 2725 101 41 bien

154 2785 208 42 d'autres.
391 2786 31 41 Il
442 2789 225 39 terminait
684 2787 38 40 le
744 2793 178 45 cortège
943 2789 108 40 dont
1075 2802 114 27 nous
1206 2791 146 40 étions
1377 2793 134 48 ravis,
1536 2801 42 32 et
1599 2794 171 40 mettait
1787 2795 38 52 je
1842 2808 55 26 ne
1918 2796 90 38 sais
2029 2794 144 53 quelle

153 2857 273 50 coquetterie
451 2855 193 42 aimable
670 2861 21 36 à
716 2855 196 42 sembler
935 2857 39 40 le
1013 2858 257 41 caudataire
1304 2858 232 43 obéissant
1558 2861 54 40 de
1652 2875 70 28 ses
1745 2863 261 41 devanciers
2047 2872 41 32 et
2121 2863 52 39 de

155 2938 71 27 ses
249 2926 168 39 rivaux.
451 2923 71 42 On
558 2927 144 39 aurait
744 2940 91 32 cru,
869 2933 22 33 à
935 2924 245 44 l'entendre
1204 2929 220 51 rappeler,
1451 2930 219 50 détailler,
1712 2946 55 26 au
1801 2937 78 45 gré
1905 2932 59 41 du
2003 2933 171 51 caprice

153 2993 104 40 d'un
281 2995 184 48 instant,
503 2995 56 39 tel
592 2993 225 52 fragment
857 2993 299 52 d'ouverture,
1203 2998 101 40 telle
1345 2996 194 43 mélodie
1572 2998 182 54 fuyante
1794 3010 40 31 et
1872 3001 195 53 quelque
2090 3015 83 39 peu

155 3061 191 48 oubliée,
371 3076 85 38 que
486 3064 229 39 lui-même
740 3077 46 27 se
810 3063 331 43 subordonnait
1176 3070 19 36 à
1223 3066 102 41 bien
1351 3066 212 52 d'autres,
1589 3069 285 52 quelquefois
1897 3071 53 40 de
1971 3071 202 41 moindre

155 3135 270 35 renommée.

209 3198 117 41 Mais
358 3212 159 28 encore
541 3214 87 26 une
664 3200 84 41 fois
784 3199 192 44 Gounod
1002 3215 47 27 se
1085 3203 260 52 multipliait
1385 3213 40 31 et
1463 3204 209 42 semblait
1705 3208 186 52 remplir
1911 3216 94 33 tout
2029 3222 46 26 ce
2098 3208 73 52 qui

153 3267 332 49 l'environnait,
506 3269 181 52 lorsque
708 3268 194 42 Gounod
925 3269 152 42 n'était
1098 3271 101 52 plus
1224 3286 86 38 que
1334 3271 211 43 Gounod.

208 3336 120 41 C'est
353 3351 58 26 un
445 3339 211 38 souvenir
678 3335 231 44 d'enfance
932 3348 41 31 et
996 3337 264 44 l'évocation
1284 3342 53 40 de
1361 3342 122 53 jours
1507 3343 96 53 déjà
1626 3343 230 42 lointains.
1891 3345 63 41 La
1983 3346 101 40 date
2118 3358 50 26 en

152 3415 65 32 est
238 3407 53 40 de
330 3409 117 48 1863,
470 3407 134 52 je'ne
628 3408 174 39 saurais
844 3409 196 50 préciser
1061 3409 271 52 davantage.
1373 3409 120 43 C'est
1533 3414 113 38 ainsi
1672 3427 85 38 que
1780 3414 113 41 dans
1935 3415 39 40 la
2006 3417 68 38 vie
2114 3412 54 42 tel

153 3480 277 44 événement,
459 3476 75 52 qui
557 3476 248 52 cependant
829 3489 114 27 nous
967 3486 65 32 est
1056 3476 280 52 ineffaçable,
1362 3494 96 27 erre
1479 3481 111 41 dans
1609 3481 40 41 le
1665 3487 133 47 passé
1827 3497 105 28 sans
1956 3497 85 39 que
2057 3495 111 28 nous

155 3546 244 50 puissions,
426 3558 53 28 en
503 3545 40 41 la
567 3545 187 41 déroute
776 3545 78 41 des
878 3546 138 52 jours,
1045 3555 244 41 retrouver,
1315 3549 136 40 isoler
1476 3550 111 41 celui
1612 3553 75 50 qui
1717 3550 63 42 fut
1805 3555 292 49 précisément
2119 3551 50 39 de
