2314 3985
276 261 199 34 MUSIQUE
509 262 59 28 DU
602 262 150 27 MOYEN
789 262 100 27 AGE.
1001 247 210 42 L'OEUVRE
1245 252 264 42 MÉLODIQUE
1543 259 83 28 DES
1660 256 329 32 TROUBADOURS

2082 256 73 39 317

760 377 274 54 Musique
1067 377 77 44 du
1176 388 210 43 moyen
1415 377 122 53 âge.

235 487 324 48 L'OEUVRE
591 473 434 73 MÉLODIQUE
1064 484 131 48 DES
1231 483 547 49 TROUBADOURS
1811 484 90 46 ET
1932 480 131 49 DES

937 558 436 62 TROUVÈRES

471 690 195 30 EXAMEN
696 690 225 38 CRITIQUE
950 690 59 29 DU
1040 680 214 40 SYSTÈME
1283 690 58 29 DE
1371 690 49 29 M.
1456 687 128 32 HUGO
1616 687 214 32 RIEMANN

192 802 79 36 Sur
292 800 38 38 la
358 800 196 50 musique
584 800 56 37 du
667 812 153 38 moyen
845 802 89 48 âge,
959 812 108 37 pour
1092 800 183 50 laquelle
1300 800 27 36 il
1358 812 21 25 a
1401 812 83 25 une
1510 800 276 49 compétence
1812 800 182 49 spéciale
2016 808 39 29 et
2077 812 82 25 une

143 857 125 37 réelle
293 856 196 45 autorité,
517 858 57 36 M.
602 856 140 38 Pierre
766 857 146 48 Aubry
936 869 108 24 nous
1068 856 150 38 envoie
1242 856 154 37 l'étude
1424 856 255 49 importante
1703 857 104 36 dont
1830 868 107 25 nous
1957 856 202 49 publions

143 913 269 49 aujourd'hui
445 913 38 37 la
518 913 207 49 première
756 912 146 50 partie.
937 913 117 37 Ceux
1087 912 72 50 qui
1196 925 51 25 ne
1282 912 253 38 voudraient
1557 925 74 37 pas
1666 912 137 38 suivre
1837 913 103 37 dans
1968 913 36 37 le
2034 912 127 38 détail

143 970 35 36 la
209 969 243 38 discussion
480 978 116 29 entre
618 969 36 37 le
680 978 148 28 savant
859 969 182 48 français
1066 977 39 29 et
1131 970 54 36 M.
1213 970 126 48 Hugo
1367 969 220 48 Riemann,
1613 968 104 38 mais
1748 968 72 50 qui
1837 978 96 28 sont
1962 977 200 41 pourtant

143 1025 175 38 curieux
338 1026 50 37 de
413 1026 222 37 connaître
660 1026 91 36 l'art
778 1025 221 45 médiéval,
1021 1033 249 30 trouveront
1293 1026 104 36 dans
1419 1033 107 30 cette
1557 1026 125 36 étude
1716 1025 50 37 de
1790 1025 242 48 précieuses
2056 1025 85 37 indi-

143 1082 164 37 cations
330 1081 423 51 bibliographiques;
778 1082 182 37 d'autres
985 1082 181 37 lecteurs
1190 1090 207 41 pourront
1421 1094 42 25 se
1480 1082 154 37 borner
1650 1082 20 36 à
1689 1081 162 38 étudier
1867 1081 59 37 les
1947 1081 214 50 exemples

143 1139 222 37 musicaux
388 1139 103 37 cités
517 1151 50 25 au
593 1151 124 25 cours
745 1140 55 36 du
823 1138 148 39 travail
995 1147 38 28 et
1063 1139 21 36 à
1112 1138 92 38 voir
1227 1147 215 29 comment
1465 1138 59 38 les
1548 1138 122 38 vieux
1693 1147 134 30 textes
1857 1147 183 39 peuvent
2075 1138 86 36 être

143 1195 178 37 traduits
343 1208 52 25 en
420 1195 194 37 notation
640 1196 218 38 moderne.

1631 1195 68 50 (N.
1731 1197 50 35 D.
1816 1195 46 37 L.
1895 1197 64 47 R.)

207 1286 38 45 Il
287 1286 127 47 n'est
449 1302 109 46 pas,
581 1301 391 47 croyons-nous,
1004 1287 126 44 dans
1164 1286 42 45 le
1252 1286 235 47 domaine
1527 1286 421 63 musicologique,
1967 1288 60 45 de
2049 1301 84 48 pro-

144 1368 166 46 blème
344 1368 114 61 plus
494 1367 257 47 attachant
797 1378 47 35 et
875 1367 122 47 dont
1027 1368 45 45 la
1113 1367 223 47 solution
1357 1368 145 46 doive
1534 1372 101 42 être
1672 1369 115 61 plus
1827 1368 206 46 féconde
2062 1383 97 47 que

144 1448 423 62 l'interprétation
590 1449 88 46 des
701 1448 263 57 mélodies,
992 1449 123 46 dont
1139 1449 68 45 les
1239 1449 339 47 troubadours
1609 1461 45 34 et
1691 1449 70 46 les
1792 1451 257 45 trouvères
2091 1449 68 46 du

146 1547 184 46 moyen
354 1537 86 56 âge
472 1529 450 64 accompagnaient
952 1531 132 45 leurs
1116 1529 251 49 chansons
1397 1545 9 33 :
1430 1531 204 57 ceux-ci,
1668 1547 63 31 en
1785 1532 127 56 effet,
1963 1546 194 32 comme

146 1613 70 47 les
241 1612 221 62 lyriques
487 1613 60 46 de
571 1613 45 46 la
646 1612 159 47 Grèce
828 1612 223 62 antique,
1077 1615 138 44 n'ont
1237 1612 221 63 compris
1473 1613 108 47 leur
1604 1625 75 35 art
1695 1630 97 45 que
1808 1615 120 45 dans
1947 1612 212 47 l'intime

144 1695 162 47 union
335 1696 60 44 de
420 1695 44 45 la
496 1692 234 63 musique
764 1705 46 34 et
837 1693 57 46 de
925 1693 45 46 la
1000 1693 185 62 poésie,
1214 1695 86 45 des
1340 1710 109 30 vers
1487 1707 47 35 et
1571 1696 66 46 du
1665 1695 165 45 chant.

212 1777 92 45 Les
331 1775 305 47 manuscrits
677 1790 129 32 nous
856 1786 89 34 ont
974 1778 256 52 conservé,
1277 1776 59 46 de
1371 1792 51 30 ce
1467 1775 105 59 fait,
1597 1791 70 32 un
1687 1778 162 45 trésor
1870 1775 291 62 mélodique

148 1858 148 46 d'une
322 1857 219 46 richesse
566 1856 189 47 inouïe.
798 1857 144 46 Nous
988 1872 156 31 avons
1171 1857 45 46 là
1248 1856 386 47 véritablement
1674 1857 69 47 les
1784 1856 243 65 premiers
2057 1871 72 32 mo-

148 1952 239 33 numents
409 1941 58 44 de
499 1938 45 47 la
574 1937 236 64 musique
835 1938 259 60 française.
1126 1938 264 47 Toutefois
1421 1940 108 45 leur
1573 1940 158 47 abord
1778 1952 72 33 est
1887 1955 96 32 une
2015 1938 125 47 désil-

150 2021 166 46 lusion
343 2032 11 47 ;
387 2036 79 31 ces
491 2018 244 49 mélodies
757 2031 189 34 restent
975 2020 188 47 froides
1188 2032 47 33 et
1266 2036 115 31 sans
1412 2020 76 47 vie
1511 2032 11 49 ',
1564 2021 118 46 elles
1713 2034 115 33 sont
1854 2023 228 59 séparées
2108 2021 58 44 de

150 2117 128 31 nous
303 2117 89 46 par
421 2117 99 31 une
551 2101 231 46 notation
807 2101 124 46 dont
961 2101 43 46 le
1028 2117 115 31 sens
1178 2114 73 34 est
1281 2102 199 54 obscur,
1515 2117 89 46 par
1640 2117 97 32 une
1778 2102 271 62 technique
2084 2101 87 62 qui

150 2185 127 44 n'est
302 2183 112 61 plus
454 2183 45 45 la
524 2186 144 43 nôtre
710 2195 45 34 et
779 2182 87 62 qui
908 2194 73 35 est
1012 2195 213 34 souvent
1265 2199 61 30 en
1348 2182 294 64 opposition
1680 2200 113 29 avec
1823 2183 92 46 elle
1935 2196 9 33 :
1994 2183 31 46 il
2063 2183 107 46 faut

150 2266 107 46 leur
280 2265 179 47 rendre
480 2280 68 30 un
574 2281 114 29 sens
712 2263 210 49 musical
943 2265 85 62 qui
1055 2267 281 60 n'apparaît
1360 2266 112 61 plus
1494 2266 59 46 de
1581 2265 283 59 lui-même,
1887 2281 98 31 une
2021 2263 127 64 signi-

151 2346 202 47 fication
384 2347 124 46 dont
533 2347 41 45 le
605 2346 146 46 siècle
778 2346 87 62 qui
889 2346 68 46 les
979 2346 70 46 vit
1079 2349 161 43 naître
1279 2364 26 29 a
1327 2350 227 58 emporté
1581 2347 42 45 le
1656 2360 170 34 secret.

216 2427 261 47 Plusieurs
503 2426 193 47 érudits
740 2429 74 61 s'y
853 2439 114 34 sont
998 2427 278 63 employés,
1309 2429 126 45 mais
1479 2429 43 45 la
1548 2429 235 47 diversité
1818 2429 85 47 des
1934 2427 236 47 résultats

151 2509 242 61 auxquels
416 2509 60 45 ils
500 2520 88 34 ont
612 2509 173 47 abouti
810 2525 58 29 ne
896 2525 130 29 nous
1064 2509 146 47 laisse
1243 2525 95 46 que
1380 2509 169 47 mieux
1571 2510 254 47 entrevoir
1854 2511 40 45 le
1936 2514 152 42 néant
2112 2510 58 44 de

153 2590 132 46 leurs
311 2590 311 47 recherches.
656 2590 112 61 Que
795 2589 226 48 reste-t-il
1047 2606 60 31 au
1131 2592 174 60 regard
1324 2591 59 46 de
1403 2591 44 46 la
1468 2591 214 62 critique
1704 2592 60 46 de
1789 2604 109 34 tout
1920 2608 51 29 ce
1996 2591 177 61 qu'ont

155 2671 119 46 écrit
317 2683 46 35 et
411 2671 172 62 publié
635 2672 249 55 Laborde,
941 2672 181 59 Perne,
1173 2671 154 53 Fétis,
1374 2672 222 47 Ambros
1646 2679 163 40 même
1842 2685 47 34 et
1925 2672 246 63 quelques

153 2764 167 34 autres
344 2752 80 46 ?Il
456 2752 106 47 faut
598 2752 188 47 arriver
832 2769 93 30 aux
961 2765 210 36 travaux
1200 2754 59 45 de
1290 2754 69 45 M.
1395 2754 152 61 Hugo
1606 2755 252 46 Riemann
1907 2768 130 47 pour
2075 2769 96 46 que

156 2834 203 47 l'œuvre
409 2834 312 62 monodique
764 2836 88 45 des
882 2836 173 61 poètes
1106 2835 221 62 lyriques
1359 2836 66 46 du
1455 2850 183 47 moyen
1672 2841 88 56 âge
1790 2834 212 61 français
2033 2845 140 36 entre

153 2915 295 46 réellement
490 2916 124 46 dans
659 2914 242 47 l'histoire
951 2915 242 47 musicale
1215 2919 78 57 (1).
1350 2918 67 44 Le
1468 2916 236 61 premier,
1740 2916 31 46 il
1803 2933 25 29 a
1861 2919 218 59 proposé
2104 2930 70 32 un

203 3043 52 49 (i)
292 3043 114 37 C'est
452 3042 359 51 principalement
852 3042 104 38 dans
1005 3055 65 25 ses
1110 3041 171 39 articles
1322 3042 57 37 du
1403 3042 325 41 Musikalisches
2093 3055 81 38 que

160 3105 207 39 Riemann
397 3118 22 26 a
442 3105 142 40 étudié
607 3118 47 26 ce
675 3105 223 51 problème
917 3118 7 26 :

204 3169 84 38 Die
310 3169 187 38 Melodik
518 3169 73 38 der
612 3169 218 38 deutschen
849 3169 313 52 Minnesànger,
1187 3169 113 50 1897,
1324 3180 24 26 n
1353 3174 30 19 os
1407 3183 9 24 1
1447 3169 26 38 à
1473 3169 52 38 5.

204 3231 83 37 Die
303 3231 192 38 Melodik
515 3231 402 52 derMinnesànger,
946 3232 114 49 1897,
1087 3244 25 24 n
1119 3238 27 17 os
1167 3244 48 37 29
1246 3232 21 36 à
1294 3230 62 39 38.

205 3295 83 37 Die
306 3295 235 51 Rhythmik
556 3293 329 53 dergèistlichen
905 3295 81 38 and
1014 3295 232 37 weltlichen
1268 3295 154 37 Lieder
1442 3295 69 38 des
1534 3296 293 46 Mittelalters,
1860 3309 116 37 1900,
2001 3307 42 26 n°
2046 3301 10 17 s
2081 3309 47 24 22
2154 3295 21 37 à

161 3357 63 47 26,
250 3357 47 37 33
321 3365 41 30 et
386 3357 63 48 34.

208 3419 81 37 Die
318 3419 190 37 Melodik
534 3419 75 38 der
624 3419 308 52 Minnesinger,
955 3431 118 36 1902,
1099 3432 25 24 n
1126 3424 28 19 oS
1176 3432 48 35 29
1249 3418 22 38 à
1290 3418 62 38 33.

207 3483 81 37 Die
308 3481 191 39 Melodik
520 3483 75 37 der
612 3483 320 50 Minnesànger,
959 3483 116 49 1905,
1102 3489 60 31 n°s
1183 3483 50 47 43
1259 3481 22 39 à
1304 3483 65 48 48.

207 3542 144 46 Enfin,
378 3544 207 38 Riemann
616 3545 138 37 donne
779 3545 105 37 dans
925 3556 78 26 son
1032 3542 244 41 Handbuch
1315 3544 75 38 der
1430 3545 395 52 Musikgeschichte,
1864 3558 41 38 p.
1930 3558 79 35 224
2041 3553 38 30 et
2121 3556 54 26 ss.

161 3606 152 51 (1905),
339 3607 186 51 l'exposé
547 3607 51 38 de
621 3620 45 25 sa
689 3607 214 38 méthode.

269 3685 39 31 R.
334 3685 49 31 M.

2027 3695 40 32 25
