3485 4353
1706 133 73 54 10

207 286 353 64 Umkehrungen
597 283 82 49 auf
701 283 127 47 einen
858 297 83 32 von
972 277 161 51 Lobe's
1162 273 439 51 Stamm-Accorden
1630 290 48 32 zu-

205 362 283 50 rückführen
517 362 158 51 lassen,
686 386 60 7 —
764 358 82 47 wie
875 357 116 48 denn
1021 356 79 47 der
1129 352 233 48 Verfasser
1390 353 44 47 S.
1471 351 102 49 125
1604 367 98 31 vom

205 433 542 70 Haupt-Nonen-Accord
780 435 42 47 in
1516 433 113 49 Dur
991 433 84 47 alle
1103 431 89 46 vier
1221 428 358 64 Umkehrungen
1608 426 72 49 auf-

204 516 116 48 stellt
356 512 90 50 und
474 512 140 47 durch
644 511 121 48 seine
793 510 259 62 Erklärung
1081 506 75 48 des
1185 504 436 63 Zusammenklangs
1640 503 67 64 fis

211 588 73 69 gis
403 590 32 49 h
517 590 35 48 d
643 586 62 51 eis
519 588 59 47 im
624 587 286 48 dreizehnten
952 587 137 46 Tacte
1131 582 80 48 der
1250 581 240 49 H-moll-V
1626 595 80 33 aus

204 667 101 48 dem
348 664 412 64 wohltemperirten
806 662 172 48 Ciavier
1009 654 240 69 (Vk-Taot)
1292 658 62 47 als
1397 657 162 48 vierter
1597 657 73 47 Um-

201 741 210 63 kehrung
440 739 75 50 des
543 736 387 52 Nonen-Accords
958 736 81 48 der
1074 733 232 50 siebenten
1335 732 127 49 Stufe
1490 750 83 30 von
1601 729 79 51 Fis-

200 817 185 65 moll(S.
404 816 125 66 209)
555 817 212 54 beweis't,
797 814 99 49 dass
924 831 48 32 er
1001 813 144 48 allen
1174 811 151 48 seinen
1348 809 326 49 Nonen-Accor-

201 894 86 49 den
318 893 98 48 ihre
444 893 90 47 vier
563 892 354 62 Umkehrungen
945 888 262 50 zuerkennt.

314 969 169 50 Sobald
513 971 82 45 wir
625 985 80 31 uns
733 985 108 39 nun,
872 967 134 47 heisst
1034 982 46 32 es
1109 965 172 55 weiter,
1316 979 51 31 zu
1391 963 151 63 jenem
1585 962 96 54 „ein-

200 1045 157 50 fachen
392 1044 349 65 Hauptbegriffe
781 1042 200 49 erheben
1024 1042 89 48 und
1159 1039 252 56 bekennen,
1448 1038 95 48 sind
1588 1038 117 48 auch

199 1124 99 47 eine
323 1123 165 62 Menge
517 1120 438 65 Mehrdeutigkeiten
996 1119 89 48 und
1113 1117 180 49 Zweifel
1333 1115 196 64 sogleich
1562 1115 120 47 besei-

197 1199 101 65 tigt,
334 1198 91 48 und
455 1214 45 32 es
529 1198 52 48 ist
610 1199 67 47 ein
708 1213 178 48 grosser
915 1197 166 48 Schritt
1108 1213 80 29 zur
1217 1192 366 64 Vereinfachung
1612 1190 90 49 und

197 1274 348 64 Erleichterung
562 1273 78 48 der
662 1289 168 49 ganzen
850 1272 376 48 Harmonielehre
1470 1266 62 65 (S.
1556 1266 147 65 130);

196 1352 202 64 zugleich
439 1352 289 54 „vermehren
769 1350 91 49 sich
900 1349 119 48 dann
1061 1349 114 48 auch
1213 1348 70 48 die
1314 1346 359 49 Harmonie-Ver-

197 1428 261 65 bindungen
811 1425 62 66 (S.
910 1425 141 65 133),
1090 1426 147 47 sofern
1278 1425 83 46 wir
1399 1425 80 46 mit
1513 1424 158 47 Zusam-

196 1503 316 64 menklängen,
544 1504 169 48 welche
742 1503 70 48 die
841 1504 88 47 alte
958 1503 194 48 Theorie
1181 1501 143 47 durch
1348 1500 242 48 Annahme
1618 1515 84 32 von

196 1580 265 56 Vorhalten,
496 1580 365 56 VVechselnoten,
903 1580 327 64 Durchgangs-
1272 1578 111 48 oder
1424 1576 251 49 Schein-Ac-

195 1658 166 48 corden
390 1656 111 50 oder
527 1673 83 32 von
640 1656 347 66 Orgelpunkten
1018 1656 181 56 erklärt,
1240 1655 173 48 welche
1446 1654 113 48 aber
1587 1654 114 48 nach

192 1733 165 49 Lobe's
386 1735 173 64 System
590 1735 230 48 wirkliche
847 1734 205 48 Accorde
1089 1733 115 58 sind,
1256 1733 149 55 „wohl
1441 1731 116 49 auch
1587 1731 115 47 noch

193 1809 168 51 andere
392 1810 105 48 freie
526 1811 429 64 Fortschreitungen
986 1810 246 48 versuchen
1274 1807 92 50 und
1402 1809 188 63 zulässig
1618 1807 63 49 fin-

341 1887 197 56 können,
566 1889 63 47 als
651 1887 87 59 die,
767 1887 169 50 welche
964 1889 113 47 nach
1103 1889 156 63 jener
1282 1885 421 66 Erklärungsweise

193 1964 133 49 allein
355 1964 339 64 gerechtfertigt
723 1969 150 44 wären
905 1964 62 64 (S.
1002 1964 136 64 148).
1193 1965 86 47 Die
1306 1962 251 50 Lobe'sche
1588 1962 85 47 Ver-

193 2041 275 64 einfachung
510 2041 175 48 besteht
723 2044 91 47 also
854 2041 143 56 darin,
1038 2041 116 56 dass,
1192 2041 85 48 wie
1315 2041 46 48 S.
1405 2040 104 49 134
1521 2039 180 48 —l5O

192 2134 81 34 aus
310 2117 216 50 einander
560 2126 166 56 gesetzt
762 2120 129 56 wird,
935 2120 100 47 kein
1063 2119 417 61 Zusammenklang
1522 2117 63 49 als
1626 2116 83 48 auf

192 2195 266 56 Vorhalten,
505 2196 235 48 Wechsel-
781 2195 92 49 und
915 2196 444 64 Durchgangsnoten
1401 2195 112 47 oder
1554 2194 144 47 einem

192 2271 316 65 Orgelpunkte
533 2271 234 48 beruhend
792 2272 254 49 anzusehen
1068 2274 69 54 ist,
1160 2289 131 30 wenn
1315 2271 90 47 sich
1430 2271 122 47 seine
1575 2271 128 46 Töne

192 2347 161 65 irgend
390 2347 80 48 auf
507 2348 128 47 einen
670 2347 134 59 drei-,
842 2348 113 49 vier-
983 2347 111 50 oder
1123 2348 357 64 fünfstimmigen
1510 2348 166 47 Terzen-

196 2423 91 49 bau
315 2423 339 49 zurückführen
684 2426 157 47 lassen.
896 2426 59 46 Es
994 2423 97 66 gibt
1128 2425 214 48 hiernach
1375 2425 118 47 wohl
1529 2422 151 50 Gestal-

197 2510 169 56 tungen
406 2501 69 56 „in
507 2500 79 48 der
607 2502 136 47 Form
769 2519 81 31 von
877 2502 264 55 Vorhalten,
1170 2501 70 48 die
1269 2501 111 48 aber
1410 2501 130 47 keine
1570 2500 107 48 wirk-

196 2580 146 48 lichen
371 2578 217 49 Vorhalte
628 2578 114 59 sind,
785 2596 131 32 wenn
964 2580 130 48 keine
1140 2578 563 50 harmoniefremden

199 2658 127 47 Töne
366 2655 127 48 darin
531 2672 50 30 zu
621 2656 135 48 sehen
800 2657 91 47 und
926 2674 52 30 zu
1021 2657 141 48 hören
1363 2655 62 66 (S.
1463 2655 148 64 141);
1660 2671 45 32 es

201 2733 177 49 können
407 2731 206 49 Accorde
652 2732 68 56 „in
764 2733 124 49 einer
916 2735 137 47 Form
1094 2733 281 56 erscheinen,
1416 2732 172 48 welche
1625 2731 81 48 der

201 2810 324 49 Wechselnote
548 2825 186 33 unserer
755 2811 272 63 gewohnten
1049 2811 188 48 Ansicht
1259 2811 113 47 nach
1396 2810 168 54 ähnelt,
1593 2810 114 48 aber

200 2887 278 62 keineswegs
506 2886 179 63 gleicht,
728 2887 169 50 wofern
943 2888 70 47 ihr
1052 2887 79 50 das
1166 2887 287 48 wesentliche
1482 2887 193 48 Kennzei-

199 2964 111 49 chen
333 2962 80 49 der
437 2963 338 57 Wechselnote,
807 2963 496 59 harmoniefremd,
1495 2962 206 66 (5.143)

201 3057 45 32 u.
272 3057 33 32 s.
336 3057 56 31 w.
445 3041 85 47 Um
567 3041 113 48 über
708 3041 120 48 diese
860 3042 81 48 fast
971 3042 318 65 unglaubliche
1317 3042 152 47 Lehre
1498 3057 82 48 gar
1609 3041 70 47 kei-

200 3133 86 33 nen
308 3117 181 48 Zweifel
520 3116 131 66 übrig
677 3136 52 29 zu
760 3119 160 55 lassen,
943 3123 164 61 mögen
1132 3119 95 49 hier
1250 3119 114 49 noch
1389 3119 146 64 einige
1559 3119 144 47 Citate

199 3194 170 49 stehen.
418 3193 162 56 „Jeder
607 3196 313 49 harmonische
948 3197 430 63 Zusammenklang,
1409 3196 80 48 der
1518 3196 84 48 wie
1632 3196 70 47 ein

201 3271 175 49 Accord
408 3271 267 57 aussieht,
704 3272 38 48 d.
770 3273 39 47 h.
834 3273 80 48 auf
936 3274 129 49 einen
1089 3276 95 45 Bau
1208 3291 83 30 von
1314 3273 125 58 zwei,
1470 3273 92 48 drei
1593 3273 110 47 oder

201 3349 91 47 vier
320 3351 168 45 Terzen
516 3349 357 64 zurückgeführt
901 3351 180 49 werden
1119 3352 136 56 kann,
1297 3352 71 48 ist
1406 3352 70 48 ein
1508 3349 194 57 Accord,

202 3442 106 47 mag
336 3442 48 30 er
412 3441 82 31 von
533 3424 78 48 der
648 3425 231 50 kürzesten
919 3428 110 48 oder
1057 3429 199 64 längsten
1281 3429 156 47 Dauer
1640 3425 62 66 (S.

207 3503 140 63 147),
379 3502 87 48 und
497 3500 102 66 (wie
628 3519 44 31 es
695 3505 43 46 S.
769 3504 101 48 164
902 3504 67 48 bei
996 3507 293 62 Gelegenheit
1317 3507 121 48 eines
1466 3505 237 65 speciellen

200 3579 202 50 Accords
430 3579 172 62 heisst):
643 3582 112 53 „wie
785 3582 112 48 alle
926 3582 221 56 Accorde,
1178 3583 117 47 kann
1319 3583 114 48 auch
1458 3582 82 49 der
1569 3582 108 49 über-

202 3658 190 63 mässige
421 3657 247 64 Dreiklang
699 3660 79 45 auf
802 3659 70 48 die
901 3659 385 50 verschiedensten
1312 3660 205 56 Weisen,
1545 3662 43 45 in
1618 3660 88 49 den

202 3734 408 65 mannigfaltigsten
662 3735 169 65 Folgen
881 3735 90 49 und
1020 3735 372 68 Verbindungen,
1444 3737 262 64 leitereigen

205 3810 90 50 und
322 3809 332 58 ausweichend,
696 3812 44 48 in
778 3813 85 48 den
902 3814 199 64 längsten
1143 3814 92 48 und
1274 3814 233 51 kürzesten
1535 3814 143 50 Noten-

205 3888 242 65 geltungen
475 3888 92 48 und
597 3890 343 64 Tempo-Arten
968 3890 253 66 gebraucht
1248 3892 200 57 werden,
1477 3892 230 49 Gestalten

205 3965 270 56 annehmen,
505 3966 69 47 die
604 3966 144 49 einem
780 3968 281 66 Durchgang
1090 3986 42 31 u.
1161 3986 33 31 s.
1222 3986 56 31 w.
1306 3969 180 58 ähneln,
1521 3968 111 51 aber
1659 3986 51 33 er

206 4041 140 51 bleibt
367 4043 115 49 doch
505 4044 190 62 überall,
726 4062 92 33 was
841 4062 48 33 er
912 4046 69 60 ist,
1010 4046 80 50 der
1112 4046 307 68 übermässige
1439 4046 271 68 Dreiklang,

1777 271 79 48 der
1884 271 152 48 seinen
2068 271 229 65 legitimen
2326 270 86 48 Sitz
2450 268 83 48 auf
2566 267 81 49 der
2683 267 163 49 dritten
2883 266 129 52 Stufe
3048 266 80 52 der

1777 350 173 47 Tonart

1893 426 105 47 Nun
2027 424 102 65 gut!
2172 424 94 47 Zur
2294 421 483 64 Veranschaulichung
2803 437 84 32 von
2915 421 166 49 Lobe's
3108 421 157 48 Auffas-

1776 516 115 47 sung
1922 498 80 50 der
2035 498 509 64 verschiedenartigsten
2572 497 443 65 Zusammenklänge
3057 496 110 55 und,
3207 496 87 49 wie

1777 576 69 48 ich
1877 576 185 64 glaube,
2096 576 202 63 zugleich
2342 576 64 48 als
2441 574 167 47 kurzen
2652 572 90 47 und
2778 572 306 65 schlagenden
3113 572 177 48 Beweis

1776 668 85 32 von
1886 653 138 48 deren
2046 652 351 49 Unhaltbarkeit
2424 658 116 41 setze
2570 649 67 48 ich
2669 649 70 48 ein
2769 648 192 65 einziges
2982 649 191 65 Beispiel
3197 649 95 48 her.

1776 725 63 51 Es
1881 729 54 47 ist
1975 729 82 49 auf
2090 729 85 49 ein
2217 725 378 68 Linien-System,
2637 723 79 51 das
2754 724 156 57 obere,
2948 741 313 48 zusammenge-

1777 804 187 65 drängt;
1994 807 82 47 auf
2097 805 103 49 dem
2232 812 189 40 unteren
2445 805 175 64 System
2652 803 55 47 ist
2735 802 205 48 dasselbe
2962 802 114 48 nach
3108 817 186 32 unseres

1778 879 256 51 Verfassers
2049 882 194 47 Theorie
2269 880 89 47 und
2375 879 455 64 Darstellungsweise
2845 878 83 48 auf
2938 877 122 48 seine
3081 875 183 59 „Grund-

2140 957 362 64 zurückgeführt
2532 954 137 65 (ohne
2698 955 248 47 Rücksicht
2989 954 81 48 auf
3107 954 155 48 Stimm-

1777 1034 240 65 führung),
2046 1033 91 49 und
2161 1034 218 48 darunter
2408 1029 116 61 sind,
2553 1030 216 50 ebenfalls
2791 1030 114 48 nach
2928 1030 165 48 Lobe's
3118 1030 176 56 Weise,

1775 1110 120 49 diese
1926 1110 310 49 Harmonieen
2275 1110 113 49 nach
2430 1109 123 48 ihrer
2582 1108 204 63 Gattung
2825 1105 93 50 und
2957 1105 145 48 ihrem
3131 1106 89 47 Sitz
3248 1105 46 48 in

1776 1188 124 47 einer
1943 1188 286 47 bestimmten
2272 1188 173 48 Tonart
2486 1184 261 49 bezeichnet
2786 1181 165 66 (wobei
2987 1200 35 32 z.
3052 1183 52 48 B.
3144 1183 31 48 5
3206 1181 88 50 den

1775 1263 266 64 Dreiklang,
2076 1270 29 51 5
2134 1263 85 48 den
2243 1260 455 67 Septimen-Accord,
2726 1268 30 51 s—etwas5
2772 1268 210 40 —etwas
3004 1258 290 50 verschieden

1775 1358 82 32 von
1888 1340 81 48 der
1996 1340 318 64 Bezeichnung
2342 1339 79 48 des
2451 1338 256 48 Verfassers
2810 1336 87 49 den
2925 1335 369 50 Nonen-Accord

1775 1418 81 47 der
1886 1416 177 49 fünften
2092 1416 144 55 Stufe,
2265 1416 71 47 ein
2364 1414 33 65 -j-
2426 1415 149 48 hinter
2603 1414 81 48 der
2711 1413 138 49 Ziffer
2877 1413 114 48 aber
3019 1411 131 50 einen
3182 1411 88 50 alte-

1777 1495 139 47 rirten
1946 1493 175 49 Accord
2154 1493 228 48 bedeutet.
