3586 4460
355 145 1483 224 Niedeirheinische
1985 145 1215 274 Musik-Zeitung

738 437 193 89 für
987 432 884 92 Kunstfreunde
1922 432 239 87 und
2222 425 604 94 Künstler.

2243 590 16 15 r
2317 576 9 7 *
2356 579 48 28 IV
2549 608 7 13 ,
2600 586 79 35 iV/
2716 583 106 38 tfoi
2864 592 124 29 oiTiril

178 639 456 88 Herausgegeben
674 657 106 39 von
826 637 276 57 Professor
2116 635 59 54 L.
2300 632 251 78 Bischoff.
1658 629 203 88 Verlag
1904 628 94 57 der
2930 628 444 90 Buchhandlung.

137 1033 87 61 Die
266 1030 186 78 Orgeln
490 1030 101 60 und
631 1029 93 61 das
765 1028 320 62 Orchestrion
1134 1045 102 44 von
1267 1028 457 80 Merklin-Schütze

873 1126 116 40 nebst

210 1195 383 76 Bemerkungen
631 1195 122 61 über
791 1195 77 60 die
907 1194 386 61 Kirchenmusik
1330 1193 52 59 in
1421 1193 231 78 Spanien.

904 1299 57 49 II.

265 1383 240 69 Diejenige
551 1382 161 69 Orgel,
764 1382 177 52 welche
987 1382 89 51 den
1106 1382 99 51 Ruf
1244 1381 83 51 der
1371 1381 356 52 Merklin'schen

137 1470 273 53 Werkstatt
441 1467 347 71 hauptsächlich
819 1469 306 67 begründete,
1172 1467 126 52 steht
1337 1467 46 52 in
1415 1469 81 50 der
1526 1467 170 52 Bartho-

138 1555 341 53 lomäuskirche
510 1574 56 32 zu
598 1554 244 52 Lüttich
872 1554 46 50 in
947 1554 206 67 Belgien.
1183 1554 65 52 Es
1280 1554 58 50 ist
1369 1554 72 52 ein
1472 1573 115 49 ganz
1619 1570 78 34 vor-

138 1640 230 70 zügliches
400 1641 170 51 Werk.
632 1639 333 68 Gegenwärtig
1009 1639 219 52 befinden
1271 1639 94 50 sich
1410 1648 138 43 unter
1577 1639 149 52 vielen

136 1726 204 51 anderen
481 1743 40 33 z.
550 1726 54 51 B.
636 1725 107 50 acht
773 1725 216 52 Werken
1020 1725 73 50 lür
1122 1723 218 52 America
1467 1723 259 52 besonders

134 1810 115 51 zwei
268 1810 43 51 in
327 1810 181 61 Arbeit,
532 1810 175 51 welche
731 1809 71 51 die
827 1809 424 51 Aufmerksamkeit
1276 1808 83 50 der
1375 1809 351 51 Kunstfreunde

133 1896 263 51 verdienen.
442 1895 87 50 Die
574 1895 100 51 eine
715 1895 58 50 ist
814 1912 105 33 vom
950 1894 278 51 Erzbischof
1265 1912 90 33 von
1384 1894 131 51 Paris
1552 1894 72 49 lür
1655 1894 72 51 die

133 1980 173 51 Kirche
352 1980 82 50 der
475 1979 195 67 heiligen
701 1978 211 67 Eugenia
942 1978 45 51 in
1015 1978 129 51 Paris
1192 1977 209 60 bestellt;
1449 1978 85 51 wir
1572 1978 155 51 hoffen

136 2065 236 70 späterhin
399 2065 115 50 nach
541 2064 187 69 eigener
743 2063 321 68 Anschauung
1088 2064 95 52 und
1214 2065 209 68 Prüfung
1445 2064 201 51 darüber
1669 2082 58 32 zu

136 2150 241 69 sprechen,
424 2150 55 50 da
510 2152 65 49 sie
601 2150 120 50 noch
753 2150 43 50 in
829 2150 172 50 diesem
1032 2149 141 50 Jahre
1204 2149 136 69 fertig
1370 2149 117 51 wird
1529 2149 94 51 und
1652 2149 71 51 die

133 2236 187 52 Herren
350 2236 425 50 Merklin-Schütze
805 2233 44 51 &
881 2233 163 70 Comp,
1069 2233 118 67 jetzt
1218 2236 129 49 einen
1382 2234 104 51 Saal
1517 2252 89 33 von
1642 2233 76 51 60

133 2322 122 52 Fuss
286 2321 138 50 Höhe
449 2321 171 57 bauen,
660 2319 43 51 in
736 2319 224 51 welchem
992 2319 63 51 sie
1084 2319 85 51 alle
1200 2338 88 33 von
1321 2319 137 50 ihnen
1490 2318 231 69 gebauten

137 2406 180 68 Orgeln
358 2425 81 32 vor
481 2406 83 51 der
608 2404 306 68 Ablieferung
956 2404 117 51 nach
1117 2404 107 53 dem
1269 2404 453 68 Bestimmungsorte

136 2510 143 33 zuvor
310 2490 273 68 vollständig
614 2490 241 50 aufstellen
886 2490 203 53 werden.

261 2576 88 51 Die
380 2576 162 51 zweite
573 2576 57 49 ist
661 2573 124 52 wohl
816 2575 80 50 das
921 2578 184 64 grösste
1129 2575 170 59 Werk,
1330 2575 199 50 welches
1561 2573 44 52 in
1638 2592 56 32 un-

137 2679 128 33 serer
287 2661 100 51 Zeit
415 2662 61 50 im
508 2660 152 52 Fache
691 2660 81 51 des
802 2660 496 51 Instrumentenbaues
1330 2679 58 32 zu
1410 2661 128 66 Tage
1568 2660 128 67 geför-

137 2746 104 51 dert
272 2746 139 60 wird;
454 2764 49 33 es
536 2746 112 50 wird
679 2745 224 51 vielleicht
931 2763 90 33 nur
1050 2763 89 33 von
1169 2745 83 51 der
1283 2745 261 51 kolossalen
1575 2744 147 69 Orgel

136 2831 45 51 in
222 2831 83 51 der
335 2834 67 48 St.
435 2830 301 69 Georgshalle
780 2829 45 52 in
866 2830 326 69 Liverpool
1237 2830 46 51 in
1324 2830 214 67 England
1582 2829 112 52 über-

136 2916 184 61 troffen,
349 2916 177 51 welche
550 2916 84 50 wir
661 2915 60 50 im
745 2914 107 51 Juni
877 2914 148 51 dieses
1044 2915 165 50 Jahres
1239 2915 45 50 in
1307 2914 278 51 theilweiser
1605 2914 88 51 Auf-

138 3001 202 69 stellung
362 3003 200 67 gesehen
587 3000 151 51 haben
767 2999 96 52 und
893 3000 86 60 die,
1011 3000 86 50 wie
1117 3000 86 51 wir
1219 3000 297 60 vernehmen,
1548 3017 145 50 gegen-

136 3085 170 69 wärtig
335 3086 230 51 vollendet
594 3085 93 51 und
721 3102 106 33 zum
858 3092 157 43 ersten
1042 3084 122 51 Male
1196 3084 71 51 bei
1300 3084 84 51 der
1411 3084 311 67 Einweihung

133 3173 134 66 jener
306 3172 291 50 Prachthalle
639 3172 45 49 in
729 3170 82 50 der
856 3170 170 50 dritten
1069 3170 188 52 Woche
1317 3169 81 51 des
1444 3169 278 70 September

140 3254 256 70 gebraucht
425 3257 193 50 worden
659 3255 72 60 ist,
777 3254 220 51 worüber
1041 3272 87 32 uns
1175 3253 170 52 bereits
1392 3254 72 50 ein
1509 3253 186 51 ausführ-

141 3342 139 51 licher
298 3342 186 49 Bericht
503 3340 208 68 vorliegt,
743 3339 87 51 den
857 3339 84 51 wir
960 3339 246 51 nächstens
1233 3339 251 51 mittheilen
1515 3339 206 52 werden.

137 3426 88 52 Die
255 3426 320 50 Merklin'sche
603 3424 161 69 Orgel,
811 3423 174 51 welche
1017 3423 147 51 dieser
1195 3442 90 33 von
1314 3424 106 50 dem
1455 3424 268 68 Englander

138 3511 211 53 Willis
394 3511 240 59 erbauten,
665 3528 56 32 an
754 3511 173 49 Grösse
957 3509 120 50 nahe
1106 3509 194 60 kommt,
1331 3509 59 51 ist
1421 3509 72 51 für
1524 3509 71 51 die
1628 3511 62 49 Ka-

137 3596 208 51 thedrale
376 3614 89 33 von
494 3594 232 51 Murcia
755 3594 46 50 in
832 3593 200 69 Spanien
1063 3593 251 51 bestimmt.

265 3683 95 50 Das
392 3682 164 50 Innere
588 3680 146 50 dieses
764 3678 280 51 berühmten
1070 3681 178 51 Domes
1295 3678 164 52 wurde
1500 3697 82 35 vor
1614 3680 87 50 eini-

141 3784 89 49 gen
260 3767 175 51 Jahren
467 3766 145 51 durch
651 3765 131 52 einen
828 3781 194 51 grossen
1049 3763 156 52 Brand
1246 3765 242 59 verheert;
1534 3765 81 50 der
1644 3765 52 52 Bi-

141 3850 134 51 schof
300 3869 87 33 von
415 3851 290 67 Carthagena
735 3848 94 53 und
860 3848 80 51 das
970 3847 326 70 Dom-Capitel
1327 3868 89 33 von
1434 3850 176 51 Murcia
1641 3848 54 53 be-

141 3934 253 58 schlossen,
424 3935 210 52 dasselbe
664 3935 98 51 aufs
788 3932 327 71 prachtvollste
1145 3934 174 50 wieder
1349 3934 247 50 herstellen
1625 3934 97 52 und

141 4019 208 67 zugleich
381 4020 71 49 ein
477 4020 280 69 Orgelwerk
777 4019 151 52 bauen
956 4036 57 32 zu
1042 4017 166 61 lassen,
1239 4019 200 50 welches
1472 4020 99 49 eine
1599 4022 92 47 wür-

141 4102 104 69 dige
274 4102 163 51 Zierde
466 4104 82 51 der
576 4106 172 51 Kirche
777 4105 76 52 sei.
896 4105 190 66 Wegen
1125 4102 83 53 des
1251 4102 226 53 letzteren
1507 4104 215 53 wandten

142 4188 65 52 sie
237 4188 94 53 sich
373 4207 57 34 an
460 4190 157 52 Herrn
660 4190 278 53 Hilarion
976 4189 235 63 Eslava,
1261 4188 347 70 Capellmeister
1642 4189 82 53 der

1824 1030 356 52 Kirchenmusik
2211 1030 84 51 der
2311 1030 203 69 Königin
2544 1030 44 51 in
2605 1032 195 61 Madrid,
2832 1033 89 52 den
2951 1033 465 68 ausgezeichnetsten

1824 1118 82 51 der
1930 1117 117 68 jetzt
2076 1115 229 53 lebenden
2335 1115 565 70 Kirchen-Componisten
2930 1118 45 51 in
3007 1118 263 69 Spanien*).
3304 1119 84 51 Die-

1822 1220 76 34 ser
1926 1201 215 52 bereis'te
2172 1201 58 50 im
2262 1202 230 67 Auftrage
2522 1201 85 52 der
2638 1209 265 60 genannten
2927 1202 276 51 Geistlichen
3231 1204 150 51 Frank-

1820 1288 141 60 reich,
2005 1287 230 70 England,
2279 1287 340 61 Deutschland,
2678 1287 206 53 Holland
2928 1287 97 52 und
3068 1287 208 68 Belgien,
3334 1306 82 34 um

1820 1373 179 51 überall
2042 1372 72 52 die
2158 1380 227 44 neuesten
2427 1373 310 69 Orgelwerke
2780 1372 187 53 kennen
3012 1391 57 33 zu
3114 1372 162 52 lernen
3318 1373 99 52 und

1821 1458 117 52 nach
1970 1457 149 52 dieser
2150 1458 211 69 Prüfung
2401 1457 273 69 denjenigen
2707 1457 298 70 Orgelbauer
3034 1457 382 70 vorzuschlagen,

1822 1543 89 51 den
1942 1561 50 33 er
2022 1561 73 33 am
2126 1542 286 69 tüchtigsten
2442 1542 71 51 für
2541 1543 90 51 den
2649 1545 100 49 Bau
2771 1543 81 51 des
2880 1543 299 70 projectirten
3203 1543 211 53 Werkes

1820 1629 152 50 hielte.
2019 1627 166 52 Eslava
2227 1627 239 52 entschied
2495 1627 96 52 sich
2619 1629 118 50 nach
2766 1629 265 68 Anhörung
3072 1629 96 50 und
3196 1630 215 68 Prüfung

1821 1715 83 51 der
1935 1712 122 54 oben
2088 1712 274 51 erwähnten
2394 1714 147 67 Orgel
2572 1733 58 31 zu
2662 1714 186 52 Lüttich
2881 1715 72 49 lür
2982 1714 428 52 Merklin-Schütze

1820 1800 47 50 in
1895 1797 204 53 Brüssel.
2131 1799 127 48 Herr
2286 1797 198 51 Merklin
2513 1799 167 51 wurde
2709 1799 118 51 nach
2859 1799 202 70 Spanien
3092 1797 193 53 berufen
3313 1800 101 50 und

1821 1884 60 51 ist
1911 1902 90 33 von
2033 1884 56 49 da
2126 1900 85 33 vor
2245 1883 181 68 einigen
2453 1884 224 51 Monaten
2706 1884 85 51 mit
2820 1884 106 51 dem
2954 1884 231 67 Auftrage
3217 1885 169 51 zurück-

1824 1969 209 68 gekehrt,
2066 1968 71 52 die
2169 1968 147 67 Orgel
2348 1968 71 50 für
2450 1968 71 50 die
2550 1969 283 51 Kathedrale
2862 1988 92 33 von
2973 1969 179 52 Murcia
3182 1969 117 51 nach
3331 1969 85 52 der

1821 2073 89 32 von
1956 2054 94 50 ihm
2094 2051 95 53 und
2235 2053 104 49 dem
2386 2053 351 68 Capellmeister
2779 2054 166 51 Eslava
2991 2053 419 70 gemeinschaftlich

1820 2138 321 52 entworfenen
2172 2137 284 69 Disposition
2486 2157 59 32 zu
2575 2137 168 53 bauen.

1944 2223 141 51 Diese
2118 2223 285 68 Disposition
2434 2223 58 51 ist
2519 2223 239 67 folgende:

2229 2309 221 50 Erstes
2490 2309 239 51 Manual
2775 2308 221 71 (Positiv).

1994 2392 48 53 1.
2074 2392 227 70 Principal
3139 2393 31 52 8
3205 2396 139 50 Fuss.

1986 2478 52 52 2.
2078 2479 130 50 Viola
2238 2479 49 50 di
2323 2479 181 51 Gamba
3135 2478 32 52 8
3257 2520 21 20 „

1992 2562 54 52 3.
2078 2563 247 60 Querflöte
3137 2565 31 50 8

1990 2648 52 52 4.
2074 2648 228 51 Bourdon
3134 2650 33 50 8
3255 2690 20 21 „

1991 2732 50 53 5.
2074 2735 172 49 Flauto
2276 2735 120 49 dolce
3133 2735 35 49 4
3256 2774 18 20 „

1992 2817 49 52 6.
2074 2820 218 48 Prestant
3132 2820 35 49 4
3254 2858 19 21 „

1992 2900 50 56 7.
2074 2902 238 68 Flageolet
3132 2904 33 50 2
3254 2944 20 21 „

2197 2990 155 48 Jeux
2394 2990 67 49 de
2508 2989 511 70 Combinaison**).

1990 3071 52 52 8.
2075 3071 177 51 Cornet
3128 3074 35 49 4
3198 3074 138 52 Fuss.

1989 3156 52 52 9.
2067 3155 394 53 Bass-Clarinette
3091 3158 72 52 16
3255 3200 18 7 .

3255 3206 18 14 77

1952 3241 90 51 10.
2072 3241 173 51 Grosse
2276 3243 255 67 Trompete
3133 3241 32 54 8
3255 3285 20 20 „

1952 3327 91 50 11.
2074 3327 158 50 Sanfte
2263 3328 254 68 Trompete
3133 3328 32 52 8
3250 3368 19 19 „

1951 3412 91 52 12.
2075 3412 183 50 Clairon
3129 3414 34 50 4
3250 3454 19 20 „

1817 3498 87 49 Die
1938 3497 98 50 drei
2065 3497 171 50 letzten
2267 3497 61 50 im
2359 3497 202 50 Gesicht.

2141 3581 267 52 Zweites
2448 3582 242 51 Manual
2735 3581 343 71 (Hauptwerk).

1992 3666 47 52 1.
2074 3664 227 70 Principal
2332 3666 60 50 im
2426 3667 190 51 Gesicht
3092 3666 71 50 16
3198 3666 138 54 Fuss.

1982 3751 51 52 2.
2064 3752 227 51 Bourdon
2323 3791 12 12 .
2382 3791 12 13 .
2441 3793 10 11 .
2498 3791 13 13 .
2558 3770 11 11 •
3086 3752 71 51 16
3247 3793 19 21 „
3339 3784 16 24 •,

3344 3844 21 26 K

1887 3892 32 53 *)
1948 3892 141 54 Vergl.
2125 3893 524 42 Niederrheinische
2685 3892 450 53 Musik-Zeitung,
3174 3894 53 40 11.
3256 3894 154 54 Jahrg.,

1949 3946 71 41 Nr.
2045 3948 60 44 18,
2133 3960 93 28 vom
2257 3949 36 39 6.
2319 3949 82 40 Mai
2432 3948 112 45 1854,
2573 3958 61 28 wo
2663 3946 144 40 dessen
2836 3946 237 52 Sammjung
3101 3959 78 28 von
3209 3948 202 43 Kirchen-

1951 4000 334 53 Compositionen
2315 4001 231 52 spanischer
2574 4000 220 40 Tonsetzer
2822 4000 251 52 besprochen
3104 4002 167 41 worden
3302 4002 63 42 ist.

1872 4054 56 54 **)
1956 4055 77 42 Die
2071 4058 104 36 Jeux
2213 4059 44 36 de
2288 4055 265 39 Combinaison
2596 4053 89 41 sind
2730 4053 229 53 diejenigen
3003 4054 210 47 Stimmen,
3255 4058 157 41 welche

1954 4110 73 39 der
2070 4110 157 52 Spieler
2268 4109 145 40 mittels
2456 4109 72 39 der
2570 4109 160 37 Pedales
2768 4109 44 37 de
2852 4109 268 38 Combinaison
3158 4110 254 52 (Pedaltritte

1954 4165 103 39 über
2086 4165 72 39 der
2187 4163 199 41 Claviatur
2414 4162 69 40 des
2514 4161 127 42 freien
2669 4161 159 53 Pedals)
2857 4162 103 41 nach
2978 4162 180 43 Willkür
3186 4165 222 53 absperren

1954 4218 99 41 oder
2081 4217 229 42 mitwirken
2337 4217 132 40 lassen
2497 4214 122 43 kann.

2965 4274 73 55 39

210 847 86 61 Nr.
333 847 83 60 39.

2959 837 60 60 11.
3059 835 287 77 Jahrgang.

1385 827 178 89 KÖLN,
1603 839 85 61 30.
1728 835 290 81 September
2047 835 157 59 1854.
