3586 4460
1773 144 93 52 312

191 287 233 41 Publicums
462 285 225 53 unterliegt,
728 286 200 41 wesshalb
975 299 43 28 es
1058 286 109 40 nicht
1209 296 77 28 nur
1325 282 64 40 die
1428 280 192 53 Leistung
1663 280 109 40 eines

193 351 221 45 Künstlers,
456 349 174 40 sondern
670 349 101 39 auch
801 350 69 39 das
899 349 155 41 Urtheil
1098 348 108 40 eines
1235 345 362 41 Berichterstatters
1627 342 61 48 ist,
1730 344 43 39 in

193 426 44 28 so
264 413 86 39 fern
380 424 41 28 es
452 413 40 38 in
523 412 64 39 die
618 411 327 42 Oeffentlichkeit
972 411 207 52 übergeht,
1223 409 101 38 über
1352 407 69 40 das
1451 406 195 52 gerichtet
1673 419 75 28 wer-

193 476 77 39 den
299 474 103 40 wird
431 473 82 40 und
544 486 128 30 muss;
702 475 83 38 und
816 476 102 38 eben
946 486 43 27 so
1017 473 76 39 wie
1124 484 40 27 es
1183 470 144 40 Pflicht
1356 470 109 40 eines
1486 469 122 51 jeden
1625 468 125 40 Kunst-

191 538 186 41 freundes
407 538 84 39 und
515 538 114 52 jedes
659 538 206 40 ehrlichen
879 536 273 39 Kunstblattes
1180 534 62 47 ist,
1271 546 126 39 gegen
1423 533 78 39 den
1520 531 254 42 Missbrauch

191 602 72 39 der
291 602 133 39 Kunst
453 614 48 26 zu
531 601 249 52 protestiren,
819 600 102 39 eben
965 610 42 27 so
1046 597 48 40 ist
1139 609 41 28 es
1222 597 88 39 ihre
1337 595 159 48 Pflicht,
1538 595 94 40 dem
1659 595 93 40 Miss-

190 664 154 41 brauch
390 664 71 40 der
498 665 145 39 Presse
752 663 69 38 der
851 662 132 38 Kunst
1012 660 232 52 gegenüber
1276 672 126 26 —zu
1693 656 82 40 und

192 728 105 39 eben
327 740 43 27 so
400 727 188 40 stimmen
616 726 73 39 wir
718 724 269 40 vollkommen
1016 722 125 40 damit
1169 722 183 47 überein,
1385 734 119 27 wenn
1536 720 57 41 sie
1621 719 133 41 weiter-

193 790 71 40 hin
294 803 142 39 sagen:
466 790 78 47 „Es
573 789 111 39 sollte
713 788 70 38 das
809 785 268 41 Bewusstsein
1105 785 295 40 menschlicher
1419 784 328 41 Unvollkommen-

205 853 95 48 heit,
330 854 82 39 und
442 853 88 38 dass
569 851 68 38 das
666 849 275 40 Vollendetste
983 860 76 28 nur
1088 848 55 39 im
1172 848 110 39 Ideal
1320 860 48 26 zu
1406 846 151 41 suchen
1595 845 61 48 ist,
1700 844 77 39 den

197 917 178 39 Kritiker
404 915 40 39 in
473 913 150 40 seinem
654 912 178 40 Urtheile
870 912 101 39 über
1000 911 272 41 menschliche
1302 910 287 51 Schöpfungen
1620 908 136 41 bestim-

195 992 106 33 men,
339 978 94 39 eher
471 989 48 27 zu
548 975 250 52 nachsichtig
837 976 57 38 als
924 988 48 26 zu
1002 981 134 45 streng
1166 988 48 26 zu
1244 974 106 47 sein;
1396 974 125 39 schon
1549 985 69 27 um
1647 971 132 40 seiner

195 1042 122 40 selbst
346 1041 146 46 willen,
520 1052 70 27 um
620 1040 69 39 des
710 1039 203 40 Genusses
935 1039 145 47 willen,
1111 1039 77 39 den
1218 1038 64 40 die
1298 1039 131 38 Kunst
1458 1036 179 46 bereitet,
1667 1035 111 39 sollte

197 1117 43 27 er
268 1103 151 40 seinem
451 1103 152 41 Urtheil
633 1103 90 40 eine
752 1103 169 51 gewisse
952 1101 155 41 Gränze
1136 1101 173 47 stecken,
1350 1100 64 39 die
1452 1100 65 40 nie
1556 1098 84 40 und
1678 1098 77 38 nim-

195 1180 88 27 mer
311 1179 48 27 zu
390 1166 302 41 überschreiten
734 1166 62 40 ist.
852 1166 117 39 Auch
999 1166 131 38 Fräul.
1159 1164 44 39 L.
1232 1164 140 50 Meyer
1413 1162 78 46 hat,
1533 1162 77 39 wie
1647 1161 133 45 Jeder,

195 1230 89 40 ihre
313 1230 158 46 Fehler,
501 1230 83 39 und
614 1229 73 40 wir
716 1229 89 39 sind
834 1228 246 49 keineswegs
1105 1227 93 38 taub
1218 1226 84 39 und
1324 1225 111 40 blind
1453 1225 200 50 dagegen;
1684 1224 96 38 aber

197 1293 67 41 bei
308 1293 111 41 einer
447 1305 43 28 so
520 1293 93 40 sehr
651 1290 337 51 überwiegenden
1027 1289 97 39 Zahl
1166 1300 78 27 von
1275 1288 214 50 Vorzügen
1534 1286 107 39 kann
1685 1297 93 27 man

199 1356 109 40 wohl
337 1356 132 47 leicht,
498 1367 119 27 wenn
645 1366 93 26 man
764 1364 40 28 es
833 1351 226 51 überhaupt
1102 1350 90 47 will,
1234 1350 65 39 die
1327 1349 164 51 Mängel

278 1419 56 39 Es
363 1418 129 39 dürfte
521 1417 129 38 Ihnen
679 1415 81 39 und
791 1415 119 38 Ihren
938 1414 150 39 Lesern
1135 1413 71 39 der
1246 1413 104 39 oben
1388 1411 174 40 erzählte
1590 1410 86 39 Fall
1721 1410 57 39 als

199 1481 65 40 ein
306 1481 277 39 interessantes
621 1477 123 40 Stück
788 1476 265 48 „Geschichte
1098 1476 71 39 der
1532 1472 248 49 erscheinen,

195 1543 84 40 und
310 1542 141 40 darum
489 1542 125 38 schon
656 1539 103 40 habe
801 1538 66 40 ich
910 1538 64 40 die
1003 1539 119 39 Facta
1162 1538 87 39 hier
1286 1536 225 53 angeführt,
1550 1535 229 52 abgesehen

195 1605 142 46 davon,
379 1604 90 38 dass
513 1603 66 40 Sie
617 1603 42 51 ja
702 1601 101 40 auch
840 1605 94 35 stets
970 1601 72 39 mit
1070 1601 115 40 Ihrer
1223 1600 205 40 ehrlichen
1456 1598 322 40 künstlerischen

198 1667 191 40 Tendenz
421 1665 106 41 offen
556 1666 84 38 und
669 1665 73 39 frei
771 1665 64 39 für
863 1663 66 40 die
957 1664 133 39 Kunst
1118 1663 42 39 in
1188 1663 65 40 die
1282 1662 233 41 Schranken
1546 1665 139 36 treten.

278 1747 143 40 Alex.
453 1745 353 53 Dreyschock,
845 1745 72 38 der
945 1744 41 39 in
1016 1743 154 53 Teplitz
1200 1743 65 40 ein
1295 1743 171 40 Concert
1494 1743 87 51 gab,
1611 1742 49 40 ist
1687 1742 71 40 wie-

200 1810 71 40 der
299 1809 329 53 zurückgekehrt.
657 1808 119 40 Auch
805 1808 43 39 F.
878 1808 141 39 Laub
1050 1820 82 26 war
1161 1806 88 40 hier
1278 1806 70 40 auf
1370 1806 152 40 Urlaub
1552 1807 56 50 (er
1637 1805 49 40 ist
1714 1806 46 39 be-

198 1873 206 40 kanntlich
433 1872 41 40 in
506 1872 181 40 Weimar
716 1870 196 53 engagirt)
948 1870 85 40 und
1062 1870 50 39 ist
1138 1869 195 40 während
1362 1868 131 40 dieser
1522 1868 84 39 Zeit
1635 1868 41 39 in
1706 1868 77 39 den

198 1935 380 42 Ehestands-Hafen
608 1935 265 50 eingelaufen.
889 1972 8 10 v
905 1932 246 41 lloffentlich
1181 1932 98 40 wird
1311 1945 42 26 er
1381 1931 188 40 desshalb
1598 1931 85 39 sein
1712 1931 49 40 Le-

200 1999 225 40 bensschiff
449 1999 97 40 oder
574 1999 69 38 das
672 1997 131 40 seines
833 1997 272 38 Kunstlebens
1147 1995 109 39 nicht
1294 1994 187 40 abtakeln
1517 1995 84 39 und
1630 2006 129 28 vermo-

201 2062 99 39 dern
328 2063 130 38 lassen
489 2074 122 26 —es
638 2062 108 37 wäre
770 2058 322 53 jammerschade
1134 2070 68 28 um
1244 2057 86 40 sein
1367 2069 158 40 grosses
1553 2058 143 39 Talent
1725 2057 56 39 als

200 2124 305 51 Violinspieler!

1665 2130 39 40 p.

376 2377 244 57 Tages-
652 2378 141 43 und
824 2372 765 59 Unterhaltungs-Blatt.

280 2496 180 37 Iltiln.
517 2494 126 40 Karl
671 2495 210 38 Formes
921 2494 68 39 hat
1017 2493 42 40 in
1089 2494 131 39 dieser
1248 2493 159 40 Woche
1436 2493 91 39 hier
1556 2491 86 41 drei
1673 2490 92 41 Gast-

203 2558 299 52 darstellungen
532 2558 194 52 gegeben,
755 2557 78 39 den
861 2558 198 40 Marcel
1087 2557 41 39 in
1159 2558 78 38 den
1261 2557 272 51 Hugenotten,
1562 2554 82 40 den
1672 2553 87 40 Ber-

200 2626 130 34 tram
360 2620 56 40 im
445 2621 155 39 Robert
628 2621 83 38 und
741 2620 78 39 den
848 2620 242 39 Sarastro
1127 2620 42 39 in
1197 2620 73 39 der
1289 2619 265 45 Zauberflöte,
1583 2616 96 46 und,
1710 2615 77 39 wie

203 2695 48 27 zu
281 2688 196 35 erwarten
506 2695 94 35 war,
629 2683 67 40 bei
725 2687 93 35 stets
848 2683 255 38 überfülltem
1134 2682 138 38 Hause
1301 2680 83 39 und
1413 2679 71 40 mit
1511 2678 277 52 ungeheurem

203 2746 151 52 Erfolg.
410 2746 82 40 Der
531 2757 137 41 grosse
698 2746 193 40 Künstler
933 2745 105 38 hatte
1068 2744 119 45 Köln,
1231 2742 109 40 seine
1379 2742 140 40 zweite
1548 2740 240 46 Vaterstadt,

202 2810 118 50 lange
362 2808 311 51 vernachlässigt
782 2806 104 40 doch
930 2806 107 40 kann
1081 2819 43 26 er
1164 2805 73 40 mit
1282 2804 169 40 Pamina
1494 2815 142 40 sagen:
1681 2801 106 48 „Die

207 2871 150 40 Schuld
383 2871 64 50 lag
476 2871 110 38 nicht
614 2883 51 26 an
848 2884 71 33 —;
948 2882 70 27 um
1047 2881 44 27 so
1121 2872 227 36 wärmeren
1377 2866 117 42 Dank
1522 2865 183 42 verdient
1733 2876 54 36 es,

209 2934 87 39 dass
325 2946 56 34 er,
409 2946 67 26 um
508 2933 72 40 der
608 2932 398 42 Theater-Direction
1046 2932 83 40 und
1167 2932 139 39 seinen
1334 2930 216 40 Freunden
1580 2929 118 39 Wort
1739 2940 50 26 zu

209 2996 146 47 halten,
384 3008 63 27 am
477 2996 156 51 Freitag
661 2996 78 38 den
769 2995 64 39 22.
863 2995 38 40 d.
930 2996 92 40 Mts.
1051 3007 78 27 von
1158 2994 282 51 Liverpool
1482 2992 195 46 abreis'te,
1724 3001 65 28 am

209 3058 177 51 Montag,
414 3059 204 40 Mittwoch
649 3059 82 38 und
762 3058 250 50 Donnerstag
1044 3057 85 39 hier
1159 3057 143 38 auftrat
1331 3055 82 39 und
1444 3067 64 28 am
1524 3055 266 49 Donnerstag,

212 3121 256 39 unmittelbar
504 3121 103 40 nach
637 3121 71 39 der
736 3121 273 50 Vorstellung,
1039 3118 196 47 abreis'te,
1279 3130 69 27 um
1378 3117 120 41 heute
1527 3115 265 41 Sonnabends

214 3184 77 38 den
322 3184 63 39 30.
416 3184 231 50 September
677 3184 125 39 schon
830 3182 150 40 wieder
1009 3182 40 39 in
1079 3180 336 42 Manchester
1456 3192 51 26 zu
1535 3178 163 52 singen!
1743 3178 48 39 In

214 3246 285 51 Liverpool
541 3258 82 27 war
666 3246 126 39 durch
837 3245 89 40 eine
970 3255 136 41 grosse
1145 3242 278 39 musicalische
1453 3242 234 39 Festwoche
1726 3240 66 40 die

212 3308 249 52 prachtvolle
505 3307 54 39 St.
590 3306 257 52 Georgshalle
891 3305 239 53 eingeweiht
1171 3304 179 40 worden.
1406 3304 54 38 Es
1503 3303 170 39 wurden
1714 3314 77 27 von

216 3370 290 42 Oratorien
552 3370 243 51 aufgeführt:
835 3371 80 37 Der
945 3368 177 46 Messias,
1169 3368 84 39 Der
1279 3366 122 46 Elias,
1447 3366 72 39 Die
1548 3365 244 51 Schöpfung.

214 3436 134 40 Ueber
377 3433 65 40 die
471 3433 310 50 Darstellungen
808 3445 79 26 von
915 3433 164 38 Formes
1121 3430 71 39 auf
1230 3429 70 40 der
1344 3427 180 53 hiesigen
1552 3427 144 40 Bühne
1725 3427 46 39 be-

216 3498 134 39 halten
379 3497 75 39 wir
481 3508 76 28 uns
586 3507 82 35 vor,
707 3494 288 41 ausführlicher
1032 3493 41 39 in
1102 3494 71 40 der
1202 3492 193 40 nächsten
1423 3490 197 39 Nummer
1648 3502 48 26 zu
1726 3489 46 39 be-

215 3559 166 41 richten.

302 3758 268 33 Barmen*
626 3749 207 42 Mittwoch
863 3749 80 41 den
971 3748 63 40 27.
1063 3748 234 51 September
1333 3749 76 50 gab
1439 3748 107 40 Herr
1573 3745 200 43 Musik-Di-

220 3822 131 36 rector
379 3817 124 39 Karl
531 3814 92 41 Bei
636 3813 161 40 necke
825 3812 57 40 im
910 3812 116 40 Saale
1056 3810 70 40 der
1155 3810 222 40 Concordia
1406 3815 115 35 unter
1536 3809 261 51 Mitwirkung

224 3882 70 39 der
320 3878 325 43 Liedertafel
674 3876 83 39 und
786 3875 72 40 der
873 3875 161 40 Herren
1064 3873 363 52 Langenbach,
1455 3874 160 38 Posse
1643 3871 51 52 (1.
1715 3871 82 38 und

224 3945 37 39 2.
289 3942 177 51 Violine)
512 3941 81 39 und
637 3940 151 50 Jäger
825 3934 254 55 (Violoncell)
1122 3935 66 40 ein
1219 3934 171 40 Concert
1431 3948 91 26 zum
1550 3936 146 40 Besten
1726 3934 71 38 der

226 4005 420 41 Ueberschwemmten
675 4002 41 40 in
745 4001 215 41 Schlesien.
994 4000 74 40 Die
1098 4003 229 47 genannten
1357 3997 85 39 drei
1470 3998 160 38 Herren
1660 3996 137 40 bilden

228 4069 73 40 mit
327 4069 134 39 Herrn
498 4065 215 47 Beinecke,
757 4065 69 39 der
868 4064 65 40 ein
969 4062 218 42 trefflicher
1214 4059 367 52 Bratschenspieler
1626 4059 62 47 ist,
1733 4059 65 39 ein

228 4132 93 41 sehr
348 4138 110 46 gutes
461 4146 6 7 x
485 4130 231 46 Ensemble,
758 4129 93 38 dem
879 4129 85 46 wir,
1011 4139 138 28 ausser
1177 4124 200 41 manchen
1407 4122 211 41 Genüssen
1646 4122 55 40 im
1730 4135 45 27 en-

226 4207 125 41 geren
369 4194 140 41 Kreise
538 4194 70 39 der
637 4191 166 42 Soireen
830 4203 163 29 unseres
1009 4189 369 48 Musik-Directors,
1408 4200 52 28 an
1479 4187 151 41 diesem
1649 4186 148 42 Abend

1870 280 118 40 einen
2017 294 99 39 ganz
2144 280 281 53 vorzüglichen
2446 279 176 54 Vortrag
2651 282 69 40 des
2749 283 213 41 reizenden
2985 281 360 49 ZJ-efor-Quartetts
3370 294 78 29 von

1869 343 187 52 Haydn
2086 345 83 40 und
2198 345 69 39 des
2296 343 202 49 Quartetts
2528 343 76 51 Op.
2634 345 52 38 34
2716 357 76 28 von
2821 345 270 41 Reinecke
3121 346 62 39 für
3211 344 127 39 Piano
3365 346 84 38 und

1870 406 442 41 Streich-Instrumente
2340 406 257 40 verdankten.
2625 406 181 42 Letztere
2835 408 275 52 Composition
3139 407 139 39 wurde
3307 410 120 37 enthu-

1870 469 181 40 siastisch
2081 471 319 50 aufgenommen
2425 468 136 52 jedem
2589 468 114 40 Satze
2732 470 119 52 folgte
2881 472 270 40 rauschender
3178 470 163 47 Beifall;
3385 470 65 39 die

1868 533 262 52 Ausführung
2159 546 82 27 war
2270 534 96 39 aber
2395 533 102 39 auch
2526 531 257 49 vortrefflich,
2823 532 135 39 indem
2998 534 64 39 die
3091 535 104 39 oben
3224 538 228 47 genannten

1870 595 160 40 Herren
2059 596 72 39 mit
2158 597 158 38 wahrer
2343 595 249 52 Hingebung
2620 594 169 52 spielten
2821 595 83 38 und
2933 594 71 39 mit
3034 596 102 39 eben
3168 609 43 26 so
3240 595 211 52 richtigem

1872 658 282 40 Verständniss
2184 660 55 38 als
2269 660 172 50 Vortrag
2483 658 41 40 in
2563 658 63 40 die
2655 656 256 40 Intentionen
2950 657 70 39 des
3050 657 289 52 Componisten
3370 657 62 40 ein-

1872 720 159 53 gingen.
2060 720 202 40 Reinecke
2294 723 122 38 selbst
2446 721 139 52 spielte
2615 720 152 40 sowohl
2797 719 127 40 dieses
2944 719 184 48 Quartett
3156 722 55 37 als
3242 721 64 38 die
3340 720 91 40 Solo-

1871 782 137 40 stücke
2115 782 201 40 Notturno
2356 784 83 39 und
2476 784 131 39 Etüde
2645 795 76 28 von
2753 781 217 52 Chopin,
3016 783 151 36 Marcia
3192 786 154 45 giocosa
3374 795 79 27 von

1872 845 170 39 Hiller
2150 856 56 34 so,
2246 844 91 40 dass
2366 858 93 26 man
2489 846 86 40 ihm
2604 846 178 45 anhörte,
2822 844 89 40 dass
2953 857 43 27 er
3034 844 71 40 mit
3148 857 146 39 ganzer
3323 845 126 44 Seele,

1872 908 72 40 mit
1973 920 42 27 so
2045 907 156 40 rechter
2230 907 309 40 Künstler-Lust
2569 909 81 38 und
2680 908 124 40 Liebe
2847 908 65 40 bei
2956 908 71 39 der
3055 908 127 40 Sache
3220 920 96 27 war.
3370 908 85 39 Der

1874 971 132 51 Klang
2035 971 70 38 des
2134 969 267 40 Erard'schen
2430 969 160 52 Flügels
2634 976 118 35 unter
2794 971 137 40 seinen
2959 970 327 41 Meisterhänden
3314 970 141 40 wurde

1873 1033 211 53 allgemein
2101 1032 204 52 gerühmt;
2336 1044 41 28 es
2405 1032 94 39 fand
2528 1032 85 39 sich
2642 1034 96 38 aber
2757 1034 188 46 nachher,
2975 1034 90 39 dass
3095 1046 41 28 es
3165 1034 66 38 ein
3260 1032 195 40 Ibach'-

1874 1098 114 39 scher
2018 1108 94 28 war.
2149 1095 122 40 Desto
2302 1095 137 39 besser
2467 1096 63 37 für
2559 1094 64 38 die
2653 1094 287 41 einheimische
2970 1096 221 40 Industrie!
3248 1094 74 41 Die
3351 1094 81 39 Vor-

1875 1161 110 49 träge
2015 1159 70 38 der
2113 1157 325 40 Liedertafel
2467 1155 195 41 erhielten
2691 1157 231 39 verdienten
2953 1158 140 39 Beifall
3124 1159 83 39 und
3237 1157 218 40 verdienen

1875 1234 69 27 um
1975 1234 42 28 so
2046 1222 116 39 mehr
2183 1220 319 52 Anerkennung,
2521 1220 56 39 als
2598 1220 71 38 der
2689 1219 151 39 Verein
2870 1220 101 38 nach
3003 1220 110 40 einer
3142 1221 172 40 beinahe
3344 1221 91 39 halb-

1870 1284 188 52 jährigen
2088 1284 129 39 Pause
2248 1288 78 34 erst
2354 1282 73 40 seit
2456 1282 85 40 drei
2568 1282 193 40 Monaten
2792 1281 111 40 seine
2931 1281 225 52 Uebungen
3193 1282 151 40 wieder
3373 1283 64 39 auf-

1876 1359 245 39 genommen
2150 1346 80 41 hat.

1953 1540 221 35 Berlin.
2230 1536 75 40 Die
2333 1536 231 47 Nachricht,
2609 1537 90 39 dass
2727 1536 313 51 Meyerbeer
3069 1535 138 41 seinen
3242 1536 214 40 Wohnsitz

1875 1611 77 28 von
1982 1599 86 40 hier
2092 1612 89 39 weg
2208 1601 188 50 verlegen
2423 1600 153 47 würde,
2621 1600 49 39 ist
2697 1599 109 50 irrig.
2862 1599 56 40 Er
2960 1599 50 40 ist
3051 1611 78 27 von
3174 1599 134 52 Spaa
3351 1600 104 39 nach

1875 1662 260 52 Stuttgart
2163 1674 220 40 gegangen,
2411 1675 70 27 um
2500 1662 90 41 dort
2616 1663 72 39 der
2716 1667 132 36 ersten
2866 1662 260 53 Aufführung
3154 1662 131 41 seines
3314 1663 141 48 „Stern

1875 1726 70 39 des
2214 1724 307 41 beizuwohnen.

1957 1914 48 39 In
2034 1913 219 40 Bremen
2282 1912 50 39 ist
2359 1912 69 40 das
2458 1912 264 40 Stadttheater
2749 1912 75 40 mit
2851 1912 242 52 Halevy's
3122 1912 156 41 Jüdin
3304 1913 150 53 (Fräul.

1880 1975 349 50 Löwenstein)
2260 1975 166 40 eröffnet
2454 1988 30 26 w
2485 1988 5 10 r
2494 1976 137 39 orden.

1960 2156 46 39 In
2049 2156 148 40 Paris
2241 2156 101 39 wird
2383 2156 41 39 in
2467 2156 71 39 der
2581 2156 207 37 Academie
2815 2157 201 51 Imperiale
3053 2157 65 40 die
3161 2157 111 53 Oper
3311 2159 146 47 „Santa

2079 2231 90 27 vom
2198 2219 185 51 Herzoge
2413 2219 122 39 Ernst
2562 2231 77 27 von
2670 2219 162 51 Coburg
2863 2220 221 41 einstudirt.

2083 3615 111 34 Öie
2224 3615 535 35 Äiederrheiiiisclie
2788 3615 463 45 Musik-Keitun^

1888 3666 200 37 erscheint
2109 3667 119 45 jeden
2257 3666 184 49 Samstag
2468 3668 42 34 in
2548 3667 241 36 mindestens
2829 3668 127 34 einem
2991 3680 154 35 ganzen
3184 3669 155 46 Bogen;
3390 3668 56 36 all-

1891 3720 216 36 monatlich
2136 3720 97 35 wird
2260 3721 62 34 ihr
2350 3720 63 36 ein
2439 3720 334 36 Literatur-Blatt
2801 3720 256 48 beigegeben.
3166 3721 82 35 Der
3274 3721 161 37 Abonne-

1891 3774 231 47 mentspreis
2151 3772 159 49 beträgt
2326 3775 64 33 für
2413 3774 70 35 das
2499 3774 199 46 Halbjahr
2728 3777 21 33 2
2768 3774 122 45 Thlr.,
2918 3775 65 35 bei
3008 3774 74 35 den
3109 3774 48 35 K.
3180 3786 152 35 preuss.
3349 3775 116 36 Post-

1892 3828 210 35 Anstalten
2133 3829 18 33 2
2171 3827 106 35 Thlr.
2309 3828 20 35 5
2356 3828 85 47 Sgr.
2469 3828 98 34 Eine
2596 3828 179 35 einzelne
2790 3828 190 35 Nummer
3001 3830 24 32 4
3044 3827 87 48 Sgl*.
3159 3828 306 48 Einrüekungs-

1893 3881 212 37 Gebühren
2134 3892 69 35 per
2230 3880 206 37 Petitzeile
2469 3884 18 32 2
2520 3881 86 47 Sgr.

1941 3935 128 34 Briefe
2096 3933 82 36 und
2206 3935 290 47 Zusendungen
2527 3934 98 36 aller
2661 3934 75 37 Art
2763 3934 159 36 werden
2946 3938 117 32 unter
3097 3934 69 36 der
3196 3935 172 37 Adresse
3396 3935 69 37 der

1888 3989 53 37 M.
1970 3986 569 50 DuMont-Scliauberg'schen
2566 3988 325 46 Buchhandlung
2927 3989 41 33 in
2995 3988 106 36 Köln
3129 3989 176 37 erbeten.

2005 4078 379 40 Verantwortlicher
2411 4079 303 51 Herausgeber:
2752 4078 106 38 Prof.
2888 4078 43 40 L.
2959 4077 183 41 Bischoff
3164 4079 46 39 irl
3238 4080 122 38 Köln.

1957 4131 215 53 Verleger:
2200 4132 55 40 M.
2287 4130 536 53 DuMont-Schauberg'sche
2853 4130 320 54 Buchhandlung
3198 4124 50 59 'fn
3275 4132 122 39 Köln.

1933 4185 201 41 Drucker:
2162 4185 56 42 M.
2246 4186 434 49 DuMont-Schauberg
2708 4184 42 40 in
2778 4184 121 50 Köln,
2927 4184 257 42 Breitstrasse
3218 4186 49 39 76
3298 4198 38 27 u.
3366 4185 63 40 78.

2357 2459 616 59 Ankündigungen.

1964 2597 94 36 Tjum
2086 2597 134 36 Besten
2248 2598 62 35 des
2340 2598 119 35 durch
2488 2598 57 36 die
2574 2598 114 37 lieber
2689 2599 194 37 schwemm
2892 2611 76 35 ung
2995 2600 42 35 in
3066 2599 191 37 Schlesien
3283 2601 176 46 gänzlich

1880 2658 211 29 verarmten
2128 2651 213 46 Verfassers
2369 2652 150 46 offerire
2547 2652 60 36 ich
2635 2659 142 30 anstatt
2798 2654 67 45 für
2897 2653 20 35 1
2955 2653 99 37 Thlr.
3086 2655 47 35 15
3163 2654 85 48 Sgr.
3276 2655 68 46 für

2509 2731 122 66 nur
2632 2716 148 81 4?©
2796 2716 363 101 %r.:

2053 2826 403 52 Theoretisch
2525 2829 354 67 praktische
2937 2829 355 67 Anleitung,

1993 2900 128 61 nach
2161 2901 201 76 eigener
2401 2901 269 60 Phantasie
2709 2902 285 77 regelrecht
3041 2920 64 43 zn
3145 2904 206 78 spielen,

2381 2990 99 36 auch
2509 2990 56 35 bei
2588 2991 176 47 geringen
2793 2991 175 48 Anlagen

1891 3042 186 50 Vorspiele
2107 3049 64 32 etc,
2200 3044 67 35 mit
2294 3043 240 48 Leichtigkeit
2561 3057 47 22 zu
2636 3043 121 37 bilden
2786 3046 80 35 und
2893 3047 70 35 den
2989 3045 248 39 Generalhass
3262 3047 199 48 gründlich

2536 3110 47 22 zu
2610 3099 200 38 verstehen.
3279 3099 4 38 i

1920 3150 77 36 Tjur
2024 3150 320 48 Selbstbelehrung
2368 3151 68 45 für
2465 3151 261 49 Flügelspieler
2754 3153 81 35 und
2860 3153 66 43 für
2954 3153 215 49 angehende
3199 3154 224 47 Organisten

2379 3217 72 23 von
2479 3207 63 33 E.
2574 3205 390 38 Icliönfelderi

1963 3257 164 50 Leipzig,
2159 3257 61 36 14.
2249 3257 209 50 September
2486 3257 117 39 1854.
3142 3259 242 42 Friese*

1937 3347 84 37 Alle
2047 3349 41 34 in
2118 3348 119 35 dieser
2264 3347 312 48 Musik-Zeitung
2619 3349 274 49 besprochenen
2930 3351 80 34 und
3045 3351 299 48 angekündigten
3370 3353 91 35 Mu-

1884 3402 158 35 sicalien
2070 3409 66 29 etc.
2166 3402 88 34 sind
2279 3414 48 22 zu
2354 3402 168 35 erhalten
2549 3403 40 35 in
2619 3403 65 35 der
2711 3410 86 29 stets
2824 3404 226 47 vollständig
3086 3408 223 34 assortirten
3337 3406 124 36 Musi-

1885 3455 354 47 calien-Handlung
2274 3455 102 36 nebst
2413 3456 235 36 Leihanstalt
2689 3469 73 23 von
2805 3457 299 37 BERNHARD
3151 3459 223 36 BREUER
3421 3461 40 34 in

1889 3510 141 42 Köln,
2059 3509 247 37 Hochstrasse
2333 3510 26 34 J\
2359 3510 9 11 r
2366 3523 34 21 r.
2429 3509 66 36 97.
