3568 4422
1781 174 87 51 290

780 312 90 69 Op.
907 312 130 61 110,
1077 313 142 51 findet
1249 313 92 51 sich
1371 313 116 51 beim
1513 315 109 49 Halt
1650 316 53 50 T.
1735 315 34 48 4

231 395 68 49 ein
328 393 135 51 leicht
492 412 56 34 zu
577 395 311 51 erkennender
910 396 312 52 Druckfehler.
1254 399 63 49 So
1346 400 59 48 ist
1434 415 47 33 es
1512 397 110 51 aber
1653 397 121 51 nicht

229 477 47 49 5.
310 473 51 63 3,
391 477 50 50 Z.
475 476 51 61 8,
555 477 52 50 T.
647 476 45 62 1,
737 495 72 33 wo
851 479 71 49 ein
965 486 284 61 zugesetztes
1336 479 251 68 vergebens
1627 480 147 51 seiner

230 559 262 68 Auflösung
532 560 152 60 harrt;
727 561 118 51 noch
889 562 201 68 weniger
1118 564 47 49 S.
1199 562 50 60 5,
1279 565 50 49 Z.
1371 561 66 52 13
1473 564 92 49 und
1602 564 87 58 14,
1717 564 54 50 T.

233 640 52 60 3,
329 659 71 33 wo
437 644 70 48 ein
546 641 460 60 Quartsext-Accord
1051 645 83 49 den
1173 646 123 48 Platz
1341 645 120 51 eines
1504 646 268 50 Dominant-

231 725 296 67 Dreiklanges
558 725 93 51 sich
680 727 357 51 widerrechtlich
1066 729 221 66 aneignet.
1330 730 98 50 Nur
1460 729 69 49 ein
1560 729 79 51 mit
1668 729 104 51 dem

231 807 215 67 heutigen
475 809 598 67 Tonsystem-Organismus
1105 811 366 51 unvollkommen
1500 813 273 49 Vertrauter

230 891 169 49 konnte
426 898 141 43 etwas
590 909 121 32 zwar
736 891 377 61 Abweichendes,
1139 894 79 51 das
1247 894 108 51 aber
1385 895 207 50 dennoch
1621 899 128 46 natür-

230 973 84 48 lich
348 971 205 68 gegeben
590 974 71 58 ist,
704 974 314 52 absonderlich
1061 976 152 51 finden
1256 976 93 51 und
1392 978 93 50 sich
1528 978 246 50 veranlasst

229 1054 166 58 fühlen,
424 1055 60 50 im
515 1056 359 51 Scherzo-Satze
905 1060 47 48 S.
985 1056 49 63 7,
1059 1060 50 50 Z.
1145 1059 50 60 5,
1225 1060 52 50 T.
1311 1060 32 50 5
1475 1061 47 51 S.
1556 1060 51 59 8,
1636 1061 50 50 Z.
1720 1060 51 57 9,

233 1139 52 48 T.
319 1136 51 60 5,
400 1147 111 41 statt
541 1140 121 50 eines
694 1136 23 68 \
747 1158 80 32 vor
1508 1144 73 48 des
983 1143 96 67 (das
1109 1143 141 49 Stück
1279 1143 56 49 ist
1364 1161 80 33 aus
1705 1143 71 49 ein

231 1219 447 69 überflüssiges
722 1225 25 49 b
790 1224 253 67 zuzufügen
1084 1225 91 50 und
1206 1225 110 51 zwei
1346 1225 139 51 Tacte
1512 1229 153 65 später
1694 1225 79 51 das

235 1303 248 66 nöthige
587 1305 259 49 bzu
672 1305 235 51 streichen.

356 1384 132 51 Eben
516 1403 51 32 so
597 1403 81 50 arg
717 1387 97 50 sind
854 1388 43 49 in
938 1388 80 49 der
1056 1388 429 70 hochpathetischen
1513 1390 261 68 Einleitung

233 1467 119 49 eines
386 1468 392 51 Wunderwerkes
1392 1469 85 69 (C-
1590 1473 176 49 moll-
1098 1473 235 60 Sonate,
1380 1474 99 66 Op.
1524 1473 134 67 111)
1702 1474 70 50 die

231 1549 216 50 düsteren
475 1552 337 66 Accordfolgen
852 1554 113 50 Tact
1000 1553 28 49 7
1062 1554 94 51 und
1189 1554 29 51 8
1265 1555 268 51 verdorben.
1588 1558 68 48 Im
1701 1573 47 33 er-

234 1632 321 53 schütternden
590 1634 185 66 Allegro
807 1636 98 50 sind
943 1655 86 31 nur
1058 1644 118 44 etwa
1207 1639 46 50 S.
1288 1638 31 51 5
1353 1639 281 66 ungehörige
1656 1639 89 50 Vor-

235 1716 309 66 tragszeicben
572 1737 76 26 >-
672 1738 99 27 r=—
926 1738 56 32 zu
1024 1723 143 64 rügen
1212 1721 93 50 und
1346 1722 60 49 im
1449 1723 190 50 zweiten
1682 1722 92 51 und

233 1798 167 50 letzten
427 1801 133 48 Satze
591 1802 197 51 kleinere
816 1804 177 58 Fehler,
1034 1803 173 51 welche
1232 1804 71 50 bei
1333 1806 198 66 Vorlage
1561 1807 80 49 der
1670 1806 78 49 Ori-

233 1881 360 67 ginal-Ausgabe
623 1884 247 51 theilweise
902 1886 210 66 beseitigt
1141 1887 186 49 werden
1359 1887 195 51 können.

357 1964 52 49 In
454 1964 81 50 der
579 1985 254 48 grossen
879 1972 41 46 /i
934 1972 105 46 -du
1056 1971 307 58 r-Sonate,
1407 1971 102 67 Op.
1546 1971 129 59 106,
1721 1971 56 49 ist

235 2043 108 51 aber
374 2063 85 32 von
489 2065 109 33 vorn
626 2050 152 50 herein
802 2051 80 49 der
908 2051 285 67 gewaltigen,
1223 2052 291 51 strömenden
1533 2053 144 59 Kraft,
1707 2053 70 50 die

234 2124 126 54 ATies
393 2128 318 54 fortzureissen
746 2133 249 51 verkündet
1025 2127 69 79 (Cq
1119 2133 347 60 Allabrevetact,
1496 2136 159 49 Mälzel
1682 2136 63 49 Me-

229 2217 183 43 tronom
441 2206 39 81 J
504 2236 55 22 =
598 2210 152 78 138),
779 2217 70 48 ein
879 2217 316 51 entrüstendes
1235 2218 166 58 „Halte
1581 2235 168 49 zugeru-

233 2293 99 58 fen;
374 2293 120 52 denn
630 2298 188 50 Göthe's
849 2298 171 51 Worte
1065 2300 160 49 sollten
1272 2300 96 49 hier
1410 2319 83 32 zur
1532 2301 245 51 Wahrheit

235 2376 275 49 werden—
540 2378 100 59 „die
673 2380 167 67 jetzige
870 2382 276 50 Generation
1181 2382 196 51 fürchtet
1418 2384 94 49 sich
1548 2401 82 33 vor
1669 2384 108 49 aller

235 2457 160 51 echten
419 2460 146 58 Kraft,
593 2462 96 50 und
718 2480 86 32 nur
833 2462 70 50 bei
927 2464 80 49 der
1028 2465 249 49 Schwäche
1305 2465 57 49 ist
1392 2483 47 31 es
1470 2465 67 48 ihr
1567 2466 180 65 gemüth-

235 2540 84 48 lich
351 2542 89 50 und
471 2544 202 66 poetisch
705 2564 53 30 zu
1091 2547 97 49 Das
1217 2547 114 50 einst
1360 2565 51 32 so
1442 2549 155 58 stolze,
1630 2549 147 49 kühne

233 2622 312 68 Hauptmotiv,
590 2644 92 32 nun
722 2627 260 66 gebändigt,
1042 2629 256 66 gebrochen
1344 2622 19 80 (
1368 2626 14 28 4
1383 2631 201 64 /4-Tact,
1622 2631 60 48 M.
1712 2630 64 49 M.

233 2698 26 72 j
285 2726 58 22 =
381 2702 224 79 138)**),
637 2709 54 49 ist
715 2711 306 59 unkenntlich,
1052 2712 77 49 das
1156 2712 138 50 heisst
1324 2712 218 50 wahrhaft
1566 2714 178 65 gemüth-

237 2789 82 49 lich
352 2792 259 64 geworden.
670 2794 179 49 Seinem
879 2794 260 58 Gefährten,
1174 2795 101 50 dem
1306 2795 246 58 Cantabile,
1584 2796 185 50 werden

240 2875 154 64 später
423 2875 113 48 auch
569 2874 68 72 (S.
666 2870 54 77 6)
739 2878 341 66 ausgeklügelte
1095 2879 428 66 Besserungsmittel
1554 2879 119 49 nicht
1705 2897 45 31 er-

235 2963 125 58 spart
388 2956 90 50 und
512 2958 142 49 kleine
685 2960 452 50 Nonen-Intervallen
1169 2979 54 31 zu
1254 2978 192 48 grossen
1475 2960 200 51 erhoben
1707 2955 67 67 (S.

239 3035 50 58 6,
319 3039 47 47 Z.
405 3036 87 60 13,
525 3040 52 50 T.
614 3039 29 49 5
676 3041 94 50 und
805 3035 54 80 7)
893 3060 42 31 u.
968 3059 34 32 s.
1034 3060 56 32 w.
1124 3060 43 31 u.
1199 3059 34 32 s.
1266 3060 55 33 w.
1380 3044 71 48 Da
1495 3043 98 49 eine
1632 3044 144 48 Bene-

307 3160 34 45 *)
372 3158 225 52 Gespräche
626 3161 67 39 mit
724 3161 129 39 Gölhe
882 3174 75 27 von
985 3163 32 38 J.
1047 3163 44 38 P.
1119 3162 262 41 Eckermann.
1409 3163 31 38 I.
1469 3163 126 45 Theil,
1625 3163 37 39 S.
1687 3163 89 39 382.

295 3219 56 50 **)
381 3219 332 41 JBeethoven's
755 3224 177 49 eigene
974 3224 164 39 Metro
1152 3236 24 26 n
1191 3223 214 39 omisiru
1420 3236 22 26 n
1457 3236 24 38 g
1523 3225 69 37 der
1631 3236 119 26 neun-

367 3284 82 34 ten
478 3280 235 41 Sinfonie
739 3282 105 39 kann
866 3295 68 26 aus
954 3283 204 47 Gründen,
1188 3285 62 37 die
1275 3284 84 39 hier
1387 3285 109 37 nicht
1524 3296 47 26 zu
1599 3286 175 37 erörtern

364 3340 100 47 sind,
502 3341 55 39 im
586 3341 168 41 Scherzo
783 3345 80 37 und
891 3345 139 39 dessen
1059 3345 94 40 Trio
1195 3346 240 38 namentlich
1464 3345 211 40 Manchem
1707 3358 45 25 un-

366 3403 243 39 anwendbar
649 3404 198 41 scheinen.
903 3405 103 39 Herr
1051 3405 41 40 C.
1122 3406 195 51 Czerny
1360 3407 65 38 hat
1461 3407 56 38 sie
1559 3407 40 38 in
1627 3406 151 39 seinem

365 3469 108 33 sonst
501 3465 108 39 nicht
651 3466 92 38 sehr
786 3471 137 35 treuen
953 3467 287 49 Arrangement
1279 3467 63 39 für
1383 3468 68 38 das
1479 3467 225 39 Pianoforte
1732 3478 46 26 zu

364 3525 83 38 vier
475 3526 170 39 Händen
673 3528 153 38 überall
856 3527 203 39 treulichst
1087 3527 267 44 beibehalten;
1385 3528 394 51 Hof-Capellmeister

364 3585 69 39 Dr.
461 3586 152 40 Franz
644 3588 138 38 Liszt
811 3587 211 51 hingegen,
1051 3587 69 39 der
1148 3589 172 38 dieselbe
1340 3589 175 40 Sinfonie
1545 3589 70 38 mit
1646 3588 110 50 glück-

363 3646 159 39 lichster
549 3648 236 51 Umgehung
830 3649 188 39 mancher
1046 3648 346 51 Schwierigkeiten
1433 3650 241 38 meisterhaft
1717 3651 62 36 für

363 3708 98 39 zwei
490 3708 224 40 Pianoforte
742 3714 145 46 gesetzt
915 3711 77 45 hat,
1021 3722 72 38 zog
1124 3721 40 27 es
1193 3721 80 35 vor,
1301 3710 124 39 lieber
1454 3721 67 39 gar
1551 3709 114 40 keine
1692 3711 56 39 Me-

361 3769 309 50 tronomisirung
691 3771 319 46 vorzuzeichnen,
1040 3772 55 38 als
1125 3770 86 39 hier
1240 3770 96 39 oder
1363 3771 49 37 da
1440 3770 63 39 die
1522 3770 256 40 Beethoven'-

363 3830 91 39 sche
484 3829 194 40 vielleicht
715 3843 48 26 zu
800 3832 159 39 ändern.
1018 3833 78 37 Das
1127 3831 220 40 Verfahren
1377 3831 180 50 Czerny's
1599 3833 82 38 und
1712 3834 60 37 Fr.

365 3892 129 39 Liszt's
522 3893 49 37 ist
599 3892 55 38 als
684 3892 69 38 das
783 3898 314 44 angemessenste
1126 3906 48 26 zu
1201 3893 182 46 rühmen,
1425 3893 80 38 und
1533 3905 142 27 unsere
1705 3906 48 26 un-

360 3953 309 50 maassgebliche
698 3953 193 52 Meinung
927 3954 206 49 jedenfalls
1174 3955 77 45 die,
1291 3954 88 38 dass
1408 3953 255 40 Beethoven's
1692 3955 55 40 Me-

361 4013 309 52 tronomisirung
698 4017 60 43 da,
790 4026 61 27 wo
879 4015 67 45 sie,
976 4015 74 39 wie
1079 4015 40 39 in
1147 4015 130 39 dieser
1303 4015 144 39 Sonate
1477 4014 75 50 Op.
1576 4015 83 46 106,
1688 4028 64 26 vor-

361 4075 157 38 handen
555 4075 59 44 ist,
661 4075 197 39 durchaus
888 4080 269 47 unangetastet
1185 4076 141 47 bleibe,
1368 4076 83 39 und
1479 4088 61 27 wo
1571 4076 112 40 keine
1712 4077 60 49 ist,

366 4135 98 39 auch
493 4135 112 41 keine
635 4135 256 50 hinzugefügt
918 4137 144 39 werde.

1866 314 386 50 dictiner-Geduld
2285 314 111 49 dazu
2429 314 204 65 gehörte,
2663 314 83 50 alle
2769 315 68 51 die
2854 316 194 51 Zusätze
3078 334 55 33 an
3161 319 217 67 Vortrags-

1866 396 196 58 zeichen,
2101 397 70 50 die
2211 397 94 49 hier
2346 396 240 61 wimmeln,
2633 397 292 61 anzuführen,
2970 418 52 33 so
3052 400 243 51 erwähnen
3326 401 82 48 wir

1866 498 86 31 nur
1983 480 167 66 einiger
2183 480 414 67 Verwechslungen
2629 499 85 32 von
2755 499 171 48 ganzen
2958 484 79 48 mit
3067 482 160 52 halben
3257 486 149 48 Noten

1871 557 67 78 (S.
1973 561 52 59 6,
2054 562 49 50 Z.
2142 561 87 59 11,
2260 564 50 49 T.
2346 562 30 49 5
2521 564 47 48 S.
2606 562 88 59 10,
2735 564 48 48 Z.
2824 564 44 56 1,
2911 565 52 48 T.
2994 560 85 73 5);
3136 566 276 67 unrichtiger

1866 647 204 64 Setzung
2100 645 78 49 des
2210 646 443 50 Octaven-Zeichens
2683 640 64 79 (S.
2787 645 49 61 7,
2865 649 50 48 Z.
2948 647 48 59 7,
3025 649 51 49 T.
3111 647 31 50 2
3288 651 46 49 S.
3359 650 53 58 8,

1863 727 140 59 Zv-2,
2027 729 54 48 T.
2112 722 84 79 4);
2235 729 291 49 auffallender
2554 730 315 66 Fälschungen
2902 722 66 82 (S.
3003 730 50 58 8,
3083 733 48 48 Z.
3166 730 50 60 8,
3246 733 54 48 T.
3333 727 72 79 6),

1866 828 74 33 wo
1971 810 80 50 der
2082 811 127 57 Bass,
2253 819 169 42 anstatt
2460 813 80 48 auf
2661 811 674 60 h,dem
2807 829 356 48 gewesenen
3211 814 171 49 (?-Drei-

1866 893 162 66 klange
2059 893 248 66 gehörend,
2350 894 80 49 auf
2450 913 23 32 c
2501 895 175 66 springt
2705 895 92 50 und
2827 913 54 32 so
2910 895 81 50 der
3020 896 388 50 kommenden

1866 976 250 50 Harmonie
2147 975 237 50 zuertheilt
2417 976 137 59 wird;
2583 978 49 48 S.
2665 978 52 58 9,
2746 979 48 48 Z.
2834 978 87 59 10,
2952 980 51 48 T.
3037 979 49 57 5,
3119 997 72 31 wo
3222 979 79 49 das
3333 997 51 31 ur-

1867 1083 286 67 sprüngliche
2181 1083 140 51 Motiv
2351 1083 79 51 des
2462 1084 180 66 Ganges
2672 1086 58 49 im
2756 1087 113 49 Bass
3318 1087 95 51 hier

1866 1166 44 49 in
1938 1166 162 49 letzter
2130 1167 287 65 Versetzung
2454 1166 122 49 nicht
2615 1167 130 49 mehr
2790 1168 229 50 dieselben
3043 1171 243 48 Intervalle
3326 1169 80 50 der

1867 1265 254 49 grossen
2152 1248 164 59 Quart,
2347 1248 82 50 der
2458 1248 231 51 kleinen
2712 1251 131 58 Terz,
2869 1251 201 50 sondern
3094 1252 70 49 die
3187 1252 80 49 der
3291 1270 91 31 ver-

1863 1355 336 51 minderten
2230 1356 174 59 Quart:
3011 1376 97 32 c...
3220 1360 81 65 fes,
2661 1357 81 51 der
2780 1359 444 50 verminderten
3263 1361 142 50 Terz:

1862 1465 210 65 fes...d.
2091 1482 94 32 ..es
2210 1463 304 51 durchstreift.
2536 1464 157 50 Durch
2716 1464 69 51 die
2802 1465 113 50 auch
2943 1483 24 32 a
2978 1465 44 50 11
3036 1483 22 32 e
3070 1483 24 32 r
3105 1465 11 50 i
3131 1483 23 32 r
3165 1474 17 41 t
3196 1484 24 32 e
3235 1467 150 66 Beglei-

1863 1553 117 58 tung
2003 1544 149 69 ergibt
2180 1545 92 51 sich
2302 1545 96 50 hier
2427 1547 97 49 eine
2548 1548 457 60 F-moZZ-Harmonie,
3034 1557 169 42 anstatt
3221 1550 122 50 einer
3366 1550 43 49 in

1865 1629 208 50 Fes-dur.
2105 1628 329 67 Unbegreiflich
2464 1630 55 49 ist
2548 1647 63 42 es,
2642 1630 101 50 dass
2769 1630 211 59 dieselbe,
3010 1632 43 49 in
3081 1632 328 50 leiterfremder

1865 1712 174 49 Tonart
2067 1712 141 49 schon
2232 1713 353 50 vorkommende
2614 1713 142 51 Stelle
2783 1713 157 50 Gnade
2971 1714 227 66 gefunden
3227 1716 138 49 hatte.

1988 1803 94 48 Das
2119 1803 277 59 Scherzo,
2440 1803 76 50 das
2542 1803 113 67 jetzt
2685 1804 126 65 folgt,
2855 1804 140 51 bleibt
3025 1806 93 49 fürs
3149 1813 120 42 erste
3304 1823 101 49 weg

1866 1884 91 50 und
1988 1884 143 50 findet
2157 1886 92 48 sich
2280 1893 94 42 erst
2399 1887 143 48 nach
2573 1887 101 49 dem
2693 1887 191 66 Adagio,
2902 1888 80 50 mit
3005 1890 60 49 M.
3085 1890 60 49 M.
3173 1882 26 72 j
3216 1911 52 20 =
3295 1887 109 51 132

1865 1967 433 58 versehen,wieder.
2327 1968 63 50 Es
2413 1968 210 68 übrigens
2655 1970 42 49 in
2728 1971 235 58 diesem,
2994 1970 415 52 demßeethoven'-

1867 2050 137 50 schen
2035 2051 275 49 Zeitmaasse
2342 2044 18 80 (
2407 2044 4 82 i
2450 2046 175 80 =80)
2658 2071 78 32 um
2766 2053 129 50 mehr
2923 2055 116 49 noch
3071 2055 62 49 als
3165 2056 70 48 die
3255 2056 155 48 Hälfte

1865 2132 315 66 langsameren
2209 2135 175 66 Tempo
2415 2141 255 61 vortragen,
2716 2136 146 49 hiesse
2901 2136 240 66 geradezu,
3185 2137 141 69 diese^
3339 2137 69 50 die

1866 2215 222 49 höchsten
2117 2215 209 67 Sphären
2356 2216 80 49 der
2465 2217 162 50 Poesie
2656 2218 291 50 erreichende
2976 2220 322 66 Anwandlung
3329 2220 51 49 dä-

1867 2296 261 51 monischen
2155 2297 307 52 Muthwillens
2502 2317 55 32 zu
2597 2300 144 51 einem
2785 2301 333 67 gemüthlichen
3160 2302 250 50 deutschen

1866 2378 199 51 Ländler
2100 2380 302 51 umwandeln.

1990 2464 69 47 Im
2101 2462 228 68 Adagio
2890 2457 238 62 (sostenuto
2638 2466 71 57 ist,
2754 2466 222 51 nebenbei
3008 2475 172 60 gesagt,
3225 2469 100 48 weil
3359 2485 49 33 es

1868 2544 121 49 wohl
2020 2545 80 48 mit
2404 2547 110 64 appassionato
2515 2565 77 31 zu
2593 2549 163 66 paradox
2788 2550 146 66 klang,
2967 2544 272 78 gestrichen)
3347 2550 61 49 im

1867 2626 192 66 Adagio,
2105 2645 106 48 sage
2253 2629 85 57 ich,
2383 2630 91 66 legt
2517 2631 92 47 sich
2652 2630 78 49 des
2761 2632 283 50 Bearbeiters
3083 2632 325 50 verbessernde

1867 2710 135 48 Hand
2046 2709 115 49 eben
2205 2728 50 31 so
2299 2712 147 65 wenig
2489 2712 139 67 Zügel
2674 2732 69 39 an,
2803 2715 83 48 wie
2944 2715 59 48 im
3061 2715 322 66 Vorhergehen-

1868 2794 87 48 den
1987 2792 88 51 und
2106 2794 380 66 Nachfolgenden.
2535 2796 104 50 Wir
2670 2798 242 49 erwähnen
2943 2817 86 30 nur
3060 2799 68 48 die
3158 2800 47 48 S.
3244 2796 86 60 13,
3361 2800 48 48 Z.

1875 2875 87 56 12,
1993 2875 51 50 T.
2082 2872 30 51 3
2158 2876 90 49 und
2282 2878 47 49 S.
2366 2876 88 59 17,
2482 2880 49 47 Z.
2564 2878 87 57 12,
2681 2880 51 48 T.
2768 2876 30 51 3
2844 2897 282 31 ersonnenen
3166 2880 216 51 Correctu-

1868 2974 108 42 ren;
2008 2958 78 48 das
2110 2959 364 63 geschmacklose
2492 2959 286 51 Verbrämen
2808 2961 79 50 des
2917 2964 168 48 vierten
3103 2964 161 48 Tactes
3295 2964 111 49 nach

1871 3039 305 52 Wiederkehr
2209 3034 62 80 (in
2302 3044 179 71 D-durj
2514 3044 77 48 des
2622 3044 297 63 gefühlvollen
2951 3045 231 66 Gesanges
3216 3040 66 75 ('S.
3320 3045 89 60 16,

1871 3125 50 47 Z.
1956 3116 80 80 7);
2070 3123 69 49 die
2169 3125 46 48 S.
2256 3124 15 48 1
2291 3124 51 56 4,
2373 3126 48 47 Z.
2455 3124 31 49 3
2523 3125 88 50 und
2644 3126 51 58 4,
2728 3128 51 48 T.
2811 3128 49 56 2,
2892 3146 84 31 von
3006 3130 160 49 H-dur
3197 3129 112 50 nach
3339 3132 35 48 D-

1870 3208 105 54 dur,
2021 3206 46 47 S.
2106 3205 86 59 18,
2222 3206 49 50 Z.
2307 3205 30 50 3
2374 3208 91 48 und
2496 3209 51 57 4,
2578 3209 52 48 T.
2660 3206 52 61 3,
2754 3227 85 32 von
2868 3212 178 49 Es-dur
3076 3212 113 48 nach
3220 3213 190 48 Fis-dur

1871 3288 422 49 zurückführenden
2322 3289 251 52 herrlichen
2599 3292 354 59 Modulationen,
2990 3294 68 50 die
3100 3294 140 48 durch
3286 3294 124 50 ihren

1872 3370 283 50 besonderen
2175 3370 254 68 Rhythmus
2456 3374 116 48 noch
2603 3374 128 50 einen
2761 3391 50 34 so
2843 3375 433 65 eingenthümlichen
3295 3378 87 47 Zau-

1872 3453 82 49 ber
1984 3452 231 58 erhielten,
2258 3454 92 50 und
2393 3455 95 50 hier
2526 3457 44 49 in
2613 3455 166 68 gerade
2818 3458 425 66 Zeitgliederungen
3287 3459 125 57 oder,

1874 3535 248 51 deutlicher
2153 3546 171 57 gesagt,
2366 3538 41 49 in
2450 3539 69 50 die
2552 3541 310 64 gewöhnliche
2891 3542 307 67 rhythmische
3227 3542 152 49 Anord-

1872 3636 125 48 nung
2027 3618 81 50 der
2142 3615 15 27 6
2158 3609 29 75 /
2188 3648 16 27 8
2238 3619 217 65 gebracht
2484 3622 199 51 werden.
2743 3623 97 50 Wo
2869 3624 94 49 also
2996 3623 257 50 Beethoven
3285 3624 127 50 einen

1870 3701 161 49 Hauch
2060 3717 87 33 von
2163 3701 133 49 Milde
2318 3703 90 50 und
2434 3704 138 49 stiller
2590 3704 250 66 Ergebung
2869 3722 205 47 ausgoss,
3105 3706 80 49 der
3213 3706 68 49 bis
3309 3725 103 31 zum

1868 3784 180 50 tiefsten
2088 3784 164 50 Innern
2295 3787 197 48 rührend
2538 3787 157 65 drang,
2740 3787 76 49 hat
2859 3787 79 51 des
2982 3788 285 50 Bearbeiters
3296 3789 84 50 Ent-

1870 3866 212 66 weihung
2111 3866 95 49 eine
2235 3868 169 50 triviale
2435 3869 415 68 Symmetrisirung,
2891 3871 96 51 eine
3017 3872 196 50 tödliche
3239 3873 132 49 Mono-

1867 3948 122 51 tonie
2018 3956 200 58 erzeugt.

1989 4031 180 49 Diesem
2199 4032 42 50 in
2272 4032 215 51 lautloser
2517 4033 126 50 Stille
2679 4035 315 49 verhallenden
3024 4035 177 67 Adagio
3231 4036 172 49 schloss

1863 4113 92 52 sich
1987 4113 68 50 ein
2086 4115 354 66 phantastisches
2463 4117 188 64 Largo
2681 4116 57 51 im
2769 4112 11 30 4
2781 4118 191 63 /4-Tact
3003 4118 80 50 mit
3112 4118 252 51 derßemer-
