3568 4422
1763 115 91 51 292

222 247 381 40 Instrumentalsatze
631 247 101 39 über
758 246 68 40 das
856 247 151 40 Thema
1037 248 68 39 des
1134 247 182 40 Chorals:
1358 247 110 49 „Ein'
1498 248 95 39 feste

224 308 41 38 in
294 309 173 39 welchen
498 320 62 26 am
590 308 182 38 Schlüsse
802 308 70 38 der
900 308 281 51 vierstimmige
1202 308 158 50 Gesang
1389 309 68 39 des
1487 308 164 39 Chorals
1682 309 60 39 ein-

225 371 102 45 fällt;
357 370 68 38 das
455 369 133 39 Ganze
618 369 198 39 bekundet
845 369 65 39 ein
937 370 112 39 recht
1077 370 196 39 hübsches
1294 370 151 47 Talent,
1474 369 81 38 und
1585 370 62 38 die
1677 381 68 28 eon-

225 430 294 50 trapunktische
547 430 140 40 Arbeit
715 434 114 46 zeugt
856 442 77 27 von
960 431 202 49 tüchtigen
1192 430 175 40 Studien.

304 492 58 38 Zu
390 493 90 38 dem
510 493 193 48 Sänger
715 491 133 38 feste
890 491 68 39 auf
983 504 165 38 morgen
1175 491 87 39 sind
1291 490 236 52 grossartige
1555 491 191 41 Vorberei-

225 562 149 42 tungen
404 552 202 52 getroffen.

308 615 52 39 Es
388 614 48 39 ist
464 612 208 51 allgemein
701 612 247 50 aufgefallen,
993 612 87 39 dass
1124 612 62 39 bei
1231 613 76 38 den
1346 613 209 51 Exequien
1597 615 61 36 für
1694 613 77 38 den

228 676 235 50 verewigten
493 675 328 39 Concertmeister
866 674 82 39 Th.
986 674 147 38 Pixis
1178 674 40 38 in
1260 674 70 39 der
1373 675 130 39 hohen
1532 675 240 39 Domkirche

229 750 62 27 am
320 738 63 38 30.
413 736 156 51 August
612 736 63 39 die
704 736 282 50 beabsichtigte
1010 735 256 51 Aufführung
1312 736 68 38 des
1420 738 232 47 Requiem
1696 747 77 27 von

228 799 191 39 Mozart
461 809 75 26 von
580 797 70 39 der
686 797 230 51 geistlichen
945 796 183 39 Behörde
1167 797 107 38 nicht
1315 801 179 46 gestattet
1520 797 162 40 worden
1711 797 60 46 ist,

229 860 138 44 zumal,
410 859 49 38 da
489 859 62 37 die
581 858 181 38 officielle
790 858 146 38 Kunde
964 868 78 28 von
1077 858 69 38 der
1175 858 256 50 Aufführung
1459 858 203 38 desselben
1693 860 52 34 Re-

230 924 137 45 quiems
397 920 39 39 in
465 921 134 37 diesen
629 920 136 49 Tagen
793 919 65 38 bei
886 919 92 38 dem
1006 918 247 40 Seelenamte
1280 921 63 37 für
1370 920 77 38 den
1476 918 297 51 Capellmeister

227 982 44 38 P.
301 994 75 26 von
404 981 273 49 Lintpaintner
717 980 40 38 in
800 980 70 38 der
911 978 270 40 katholischen
1209 980 148 40 Kirche
1403 992 47 26 zu
1479 980 189 50 Stuttgart
1695 980 77 38 den

226 1042 155 39 Beweis
410 1042 88 49 gab,
539 1042 88 37 dass
673 1041 70 38 das
784 1040 268 39 unsterbliche
1075 1040 124 39 Werk
1242 1041 68 38 des
1347 1042 177 49 grössten
1555 1040 215 39 deutschen

230 1104 234 38 Tonsetzers
515 1102 109 38 nicht
661 1101 124 39 durch
816 1101 87 38 eine
941 1101 282 50 allgemein
1264 1102 196 50 gültige
1505 1102 170 48 Satzung
1703 1102 70 37 der

228 1165 149 39 Kirche
407 1166 40 37 in
476 1165 76 37 den
582 1164 110 38 Bann
724 1162 143 51 gethan
895 1162 60 39 ist.
985 1162 133 39 Wenn
1146 1163 68 38 das
1234 1162 176 39 Circular
1438 1163 69 38 des
1536 1161 215 40 erzbischöf-

227 1226 133 39 lichen
387 1225 193 40 Vicariats
611 1237 86 26 vom
731 1224 58 38 10.
818 1224 156 48 August
1004 1223 101 39 1854
1143 1223 71 39 mit
1248 1223 126 39 Recht
1414 1224 117 46 „eine
1573 1228 200 44 strengere

230 1288 251 48 Sichtung
509 1286 82 38 und
1076 1283 70 38 der
1174 1284 242 39 kirchlichen
1437 1284 146 39 Werke
1611 1284 71 38 mit
1709 1284 43 38 In-

230 1346 482 50 strumental-Begleitung
757 1345 174 49 verlangt
974 1344 81 38 und
1091 1356 75 27 nur
1207 1345 156 46 „solche
1399 1345 266 40 Musikwerke
1705 1356 69 27 zur

230 1409 255 49 Aufführung
515 1408 176 36 zulassen
721 1405 90 46 will,
852 1404 193 39 welche
1085 1405 79 39 die
1193 1406 199 38 Herzen
1421 1419 86 26 zur
1534 1406 240 38 Andacht

230 1470 235 38 stimmen
506 1470 100 36 und
644 1467 252 39 wahrhaft
1237 1480 42 27 so
1308 1469 127 38 dürfte
1464 1469 63 38 die
1555 1468 218 50 Erhebung

230 1544 46 26 zu
307 1531 91 39 Gott
428 1531 79 39 und
537 1531 63 38 die
629 1531 89 37 tiefe
748 1529 195 47 Andacht,
983 1541 49 27 zu
1072 1530 170 39 welcher
1279 1531 181 39 Mozart's
1488 1533 177 46 Requiem
1708 1531 64 38 ein

229 1592 135 38 halbes
393 1592 270 38 Jahrhundert
701 1592 90 48 lang
833 1590 209 39 Tausende
1084 1603 77 26 von
1204 1590 328 40 Christenherzen
1576 1591 197 50 gestimmt

231 1653 77 46 hat,
354 1652 206 39 sicherlich
598 1652 87 38 eine
724 1663 97 38 ganz
863 1651 144 38 andere
1045 1652 81 38 und
1155 1651 69 39 der
1252 1651 147 40 Kirche
1428 1651 221 51 würdigere
1677 1652 96 46 sein,

230 1716 55 37 als
315 1714 193 50 diejenige
538 1713 234 50 Stimmung,
816 1712 40 38 in
887 1712 148 38 welche
1073 1724 92 26 man
1194 1713 123 39 durch
1346 1712 323 51 Compositionen
1697 1725 76 26 von

229 1776 178 39 trivialen
440 1775 81 37 und
548 1771 457 43 modern-italiänisehen
1031 1773 223 39 Melodieen
1296 1780 165 33 versetzt
1501 1776 111 45 wird,
1655 1786 118 27 wenn

229 1838 54 38 sie
325 1838 100 37 auch
468 1836 104 37 ohne
599 1833 535 51 Instrumental-Begleitung
1177 1836 80 37 und
1295 1836 104 38 ohne
1433 1836 339 40 Frauenstimmen

228 1910 202 39 gesungen
463 1897 170 38 werden.

305 1984 48 27 **
727 1984 78 38 Am
834 1984 36 38 2.
899 1982 233 50 September
1162 1984 124 38 betrat
1315 1985 129 39 Fräul.
1472 1985 126 39 Nina
1630 1986 115 39 Hart-

225 2061 106 26 man
345 2060 38 32 n,
410 2048 169 37 Tochter
607 2048 68 35 des
704 2046 122 37 leider
854 2056 43 27 so
1038 2045 289 39 -verstorbenen
1352 2044 348 42 Concertmeisters
1727 2048 45 38 F.

225 2110 221 37 Hartmann
475 2107 41 37 in
544 2107 117 44 Köln,
690 2105 150 39 welche
869 2105 85 38 ihre
984 2104 284 40 künstlerische
1293 2107 253 49 Ausbildung
1567 2107 69 38 der
1653 2108 96 38 Rhei-

224 2170 163 39 nischen
416 2167 268 40 Musikschule
725 2166 82 38 und
851 2165 295 50 hauptsächlich
1189 2166 90 39 dem
1318 2167 133 38 Herrn
1483 2166 290 52 Gesanglehrer

224 2232 154 39 Ernst
422 2229 137 39 Koch
603 2229 41 37 in
672 2229 106 36 Köln
807 2226 198 47 verdankt,
1046 2226 84 39 hier
1172 2239 108 27 zum
1317 2232 175 34 ersten
1533 2228 133 39 Male
1708 2229 64 38 die

224 2295 142 37 Bühne
409 2293 54 39 als
491 2291 189 50 Adalgisa
722 2291 42 38 in
791 2289 174 39 Bellini's
1004 2289 159 39 Norma.
1219 2291 117 37 Trotz
1379 2290 70 38 der
1475 2290 298 51 Befangenheit,

226 2355 71 39 mit
325 2354 169 39 welcher
522 2352 62 39 die
609 2352 122 51 junge
749 2351 192 50 Sängerin
964 2351 151 46 auftrat,
1145 2351 138 39 erhielt
1311 2352 55 39 sie
1395 2351 129 51 gleich
1552 2353 100 38 nach
1682 2353 91 38 dem

226 2417 197 48 Vortrage
452 2416 67 37 des
549 2414 145 39 Gebets
739 2414 133 37 lauten
899 2412 150 47 Beifall,
1091 2413 69 37 der
1203 2413 83 39 sich
1327 2413 53 39 im
1409 2414 118 38 Duett
1554 2413 71 39 mit
1653 2413 120 39 Sever

227 2489 90 26 zum
346 2476 300 38 Enthusiasmus
675 2474 183 49 steigerte
887 2473 81 38 und
1005 2474 76 37 den
1112 2485 149 37 ganzen
1289 2473 144 39 Abend
1463 2475 124 37 durch
1616 2474 156 39 anhielt.

223 2539 132 38 Fräul,
371 2538 220 37 Hartmann
613 2537 134 36 wurde
766 2534 81 39 vier
864 2534 93 45 Mal,
986 2533 63 39 bei
1070 2533 148 39 offener
1236 2535 124 37 Scene
1389 2535 81 37 und
1500 2547 60 26 am
1579 2535 193 45 Schlüsse,

226 2599 183 51 gerufen;
439 2599 69 37 der
536 2598 136 49 Erfolg
703 2609 80 26 war
812 2596 242 50 vollständig.
1101 2598 97 36 Dem
1229 2596 254 38 Vernehmen
1512 2598 99 36 nach
1640 2598 47 36 ist
1717 2597 55 38 sie

226 2664 61 36 für
316 2673 142 27 unsere
487 2660 141 39 Bühne
658 2659 188 50 engagirt,
891 2671 111 26 wozu
1033 2659 69 37 wir
1131 2659 89 39 dem
1251 2659 179 38 Director
1465 2659 191 38 Sachse
1698 2671 74 26 nur

228 2722 126 39 Glück
384 2722 214 38 wünschen
628 2721 170 37 können.
856 2719 71 37 Die
957 2718 147 39 Norma
1133 2730 95 38 sang
1259 2719 101 41 Frau
1390 2719 58 38 Vi
1463 2720 174 39 ola-Mi
1653 2725 36 33 11
1706 2733 44 26 er-

225 2794 172 39 mayer
425 2783 114 50 (Frau
570 2780 397 49 Palm-Spatzer
997 2780 64 37 hat
1089 2780 62 38 ein
1182 2785 149 34 ernster
1349 2780 291 39 Fieber-Anfall
1668 2782 103 38 noch

226 2846 110 38 nicht
364 2857 88 26 zum
480 2843 205 39 Auftreten
712 2842 186 39 kommen
926 2843 154 44 lassen).
1139 2841 100 38 Frau
1268 2841 118 38 Viola
1427 2843 66 37 hat
1522 2843 85 38 eine
1638 2855 133 38 grosse

226 2906 165 38 Stimme
435 2905 80 37 und
553 2906 61 36 für
654 2904 125 38 dieses
809 2904 176 37 schwere
1014 2902 176 40 Material
1221 2902 87 38 eine
1338 2901 207 49 treffliche,
1586 2904 40 37 in
1660 2903 112 50 jeder

226 2967 185 39 Hinsicht
439 2965 215 50 gediegene
682 2964 265 50 Ausbildung.
1002 2963 61 40 Da
1091 2963 54 39 sie
1174 2964 94 37 aber
1295 2965 121 35 Mezzo
1444 2964 169 49 Soprano
1640 2964 60 46 ist,
1727 2976 44 27 so

230 3029 155 38 machte
414 3028 61 38 ihr
503 3027 64 38 die
597 3026 115 38 Höhe
738 3026 69 37 der
835 3026 131 38 Partie
1004 3026 68 37 der
1100 3024 148 39 Norma
1277 3025 99 38 auch
1405 3029 96 35 trotz
1531 3026 67 37 des
1628 3026 120 38 Trans-

225 3090 185 49 ponirens
441 3088 126 51 einige
596 3087 136 40 Mühe.
789 3087 46 36 In
865 3087 89 37 dem
981 3086 213 38 Ensemble
1224 3086 68 38 des
1320 3097 161 38 grossen
1510 3087 139 37 Duetts
1675 3099 96 38 sang

224 3150 131 38 Fräul.
383 3149 219 37 Hartmann
630 3147 62 38 die
721 3146 266 39 Oberstimme
1025 3147 80 37 und
1138 3147 102 37 hatte
1284 3147 81 38 sich
1405 3146 100 38 auch
1534 3147 68 38 des
1631 3148 116 38 beson-

225 3212 122 37 deren
376 3209 156 38 Beifalls
561 3220 161 27 unserer
750 3207 308 50 Capellmeister,
1075 3208 70 38 der
1169 3207 155 40 Herren
1353 3208 155 51 Ignaz
1537 3208 234 41 Lachner

226 3273 84 38 und
338 3272 43 39 F.
411 3271 219 49 Dupont,
658 3281 47 26 zu
733 3270 192 37 erfreuen.

301 3368 113 40 Nach
440 3367 110 40 einer
571 3366 321 49 Correspondenz
922 3379 68 26 aus
1020 3368 329 52 Königsberg
1377 3370 41 38 in
1440 3370 70 39 der
1526 3370 243 40 Kölnischen

226 3432 165 49 Zeitung
421 3441 89 28 vom
539 3429 38 39 4.
601 3428 234 50 September
865 3428 65 38 hat
957 3428 80 39 sich
1067 3430 63 39 die
1150 3430 37 39 k.
1204 3431 419 52 Hof-Opernsängerin
1639 3433 129 38 Fräul.

224 3493 237 38 Johanna
506 3492 220 48 Wagner
771 3500 64 27 am
863 3488 63 39 30.
955 3490 154 49 August
1150 3493 86 37 dort
1264 3493 70 38 mit
1362 3494 90 38 dem
1480 3494 266 50 Appeliations-

224 3551 494 53 gerichts-Referendarius
760 3549 136 40 Herrn
942 3551 297 49 Jachmann,
1286 3555 69 38 der
1394 3567 69 26 vor
1489 3556 173 38 Kurzem
1690 3568 77 27 von

224 3617 91 37 dem
344 3613 281 49 königsberger
653 3610 243 40 Landkreise
924 3612 41 38 in
993 3612 159 40 zweiter
1179 3614 126 39 Reihe
1333 3628 87 26 zum
1452 3616 221 39 Landrathe
1701 3629 44 39 ge-

223 3676 121 40 wählt
371 3675 148 45 wurde,
549 3673 160 38 verlobt.

301 3766 72 39 Die
398 3763 322 41 österreichische
750 3762 298 40 Gesandtschaft
1076 3763 38 38 in
1144 3762 296 41 Stockholm
1486 3765 64 38 hat
1592 3778 48 27 an
1692 3767 67 38 das

226 3825 484 41 Oberstkämmerer-Amt
749 3824 41 38 in
818 3824 121 38 Wien
981 3824 115 39 einen
1138 3825 203 39 schweren
1370 3826 198 38 silbernen
1596 3828 144 38 Lorber-

223 3887 120 40 kranz
372 3900 76 26 von
475 3885 287 42 meisterhafter
788 3885 140 39 Arbeit
955 3887 80 36 und
1065 3897 175 39 grossem
1268 3887 165 40 Werthe
1461 3890 173 48 gesandt,
1674 3890 69 38 wel-

226 3949 92 39 cher
354 3961 74 27 von
467 3949 76 37 den
582 3946 328 40 kunstliebenden
942 3948 148 38 Damen
1119 3948 247 39 Stockholms
1405 3949 89 38 dem
1524 3951 220 38 österreichi-

226 4009 120 39 schen
372 4010 334 49 Kammersänger
734 4008 134 39 Herrn
895 4007 173 40 Ander
1108 4009 61 38 für
1212 4009 85 38 sein
1327 4009 167 40 Wirken
1533 4011 53 38 als
1614 4011 151 51 Sänger

224 4069 83 40 und
336 4069 53 39 als
420 4069 248 40 Wohlthäter
695 4068 69 40 der
792 4068 153 40 Armen
973 4068 41 40 in
1042 4069 228 41 Stockholm
1299 4069 209 52 gewidmet
1537 4072 146 39 wurde.

1941 251 188 35 Wien.
2178 249 78 38 Das
2286 249 60 38 für
2375 248 193 39 Robert
2596 249 288 42 Schumann
2912 251 222 53 pröjectirte
3164 253 237 40 Todtenarot

1861 309 147 41 konnte
2037 312 107 38 nicht
2166 310 231 51 abgehalten
2421 312 171 46 werden,
2622 313 48 39 da
2699 313 70 39 der
2787 314 268 39 Verstorbene
3083 314 81 39 sich
3194 327 68 27 zur
3290 328 92 27 evan-

1863 371 200 50 gelischen
2092 372 231 40 Confession
2360 372 208 41 bekannte.

1941 458 46 38 In
2018 458 129 51 Prag
2176 459 96 39 wird
2303 459 87 39 eine
2419 460 448 52 Wagner-Woche
2895 463 245 47 vorbereitet,
3169 464 40 39 in
3238 464 169 39 welcher

1864 519 104 46 „Der
2004 519 197 50 fliegende
2897 524 80 38 und
3339 538 68 26 zur

1863 579 256 51 Aufführung
2146 580 186 40 kommen
2362 582 134 46 sollen,
2524 582 80 38 und
2634 595 102 26 zwar
2765 583 64 38 bei
2858 582 258 52 Gelegenheit
3144 586 67 39 der
3240 587 147 50 diesjäh-

1864 640 111 51 rigen
2003 640 309 53 Versammlung
2355 643 68 38 der
2451 644 129 38 Forst-
2608 645 80 37 und
2713 645 263 46 Landwirthe,
3020 657 110 27 wozu
3172 647 142 38 bereits
3357 660 50 26 an

1868 702 101 38 1100
1999 701 273 53 Wohnungen
2312 705 153 38 bestellt
2505 706 161 37 worden
2709 705 98 38 sind.
2862 706 73 38 Die
2963 706 201 39 Verehrer
3202 707 205 50 Wagner's

1867 762 133 39 hoffen
2044 775 76 26 von
2166 764 89 39 dem
2300 766 327 39 unverdorbenen
2673 766 242 39 Geschmack
2958 767 71 38 der
3073 767 222 39 Bewohner
3338 768 69 38 der

1867 823 165 38 Wälder
2059 824 81 37 und
2169 825 145 38 Fluren
2342 825 88 40 eine
2458 827 289 50 unparteiische
2770 827 253 51 Würdigung
3052 828 70 37 der
3144 827 263 39 Kunstwerke

1868 884 70 39 der
1966 884 182 38 Zukunft.

2051 3558 108 34 SMe
2188 3557 531 41 MftederHieisiisclie
2745 3562 455 44 Mu.sik-SSeitujng'

1857 3630 41 24 er
1901 3619 69 35 seil
1974 3619 81 35 eint
2075 3619 118 45 jeden
2222 3619 181 49 Samstag
2439 3622 43 35 in
2519 3623 127 34 einem
2681 3635 153 35 ganzen
2871 3624 134 47 Bogen
3047 3626 70 34 mit
3156 3627 248 45 zwanglosen

1858 3671 200 47 Beilagen.
2143 3673 79 33 Der
2248 3673 398 48 Abonnementspreis
2663 3676 159 46 beträgt
2837 3678 64 33 für
2923 3678 71 33 das
3015 3676 196 47 Halbjahr
3242 3683 19 31 2
3283 3680 122 44 Thlr.,

1859 3723 64 37 bei
1947 3725 74 33 den
2048 3724 48 34 K.
2115 3735 149 35 preuss.
2282 3726 326 36 Post-Anstalten
2639 3732 18 30 2
2676 3728 107 34 Thlr.
2802 3729 21 34 5
2848 3728 85 46 Sgr.
2961 3729 97 35 Eine
3086 3731 178 35 einzelne
3281 3732 90 35 Num-

1859 3788 82 23 mer
1969 3780 24 32 4
2023 3775 86 47 Sgr.
2136 3777 512 48 Einrückungs-Gebühren
2674 3791 69 35 per
2770 3780 205 37 Petitzeile
3005 3785 19 32 2
3056 3781 86 48 Sgr.

1908 3829 127 35 Briefe
2061 3829 81 34 und
2169 3830 286 48 Zusendungen
2484 3831 100 35 aller
2618 3832 75 34 Art
2719 3832 157 36 werden
2898 3838 117 31 unter
3047 3834 68 36 der
3140 3836 170 37 Adresse
3338 3838 67 36 der

1856 3882 53 36 M.
1936 3881 563 49 DuMont-Sehauberg'schen
2525 3883 320 49 Buchhandlung
2878 3887 42 34 in
2946 3887 104 35 Köln
3077 3887 173 37 erbeten.

1974 3968 371 42 Verantwortlicher
2371 3972 301 50 Herausgeber:
2707 3972 105 40 Prof.
2839 3974 44 39 L.
2910 3974 181 40 Bischoff
3111 3975 41 39 in
3180 3976 118 39 Köln.

1926 4021 210 51 Verleger:
2164 4023 54 40 M.
2248 4024 528 51 DuMont-Schauberg'sche
2803 4026 317 52 Buchhandlung
3147 4028 40 38 in
3216 4029 118 39 Köln.

1890 4074 196 39 Drucker:
2113 4075 55 40 M.
2201 4076 425 53 DuMont-Schauberg
2653 4090 42 26 in
2723 4078 120 49 Köln,
2872 4079 251 41 Breitstrasse
3154 4081 47 38 76
3232 4092 23 25 u
3300 4083 62 39 78.

2332 1022 605 60 ilnküiidigniigcii.

2030 1166 38 92 §
2073 1168 424 97 onservatojium
2540 1171 93 67 der
2669 1172 179 67 Musik
2885 1173 53 66 in
2977 1175 263 67 Dresden.

1945 1262 79 35 Das
2053 1262 206 36 Dresdener
2281 1265 323 36 Conservatorium
2631 1268 47 34 ist
2705 1267 119 36 durch
2850 1268 58 35 die
2936 1269 125 35 höchst
3087 1271 217 44 erfreuliche
3330 1271 79 34 und.

1866 1323 206 36 zahlreiche
2105 1324 244 44 Theilnahme,
2397 1326 57 35 die
2490 1340 37 22 es
2563 1328 66 35 seit
2664 1330 120 34 seiner
2810 1329 247 48 Begründung
3095 1330 91 36 beim
3213 1333 195 36 musicali-

1867 1386 110 35 sehen
2006 1385 195 36 Publicum
2225 1386 198 48 gefunden,
2452 1389 41 34 in
2521 1388 68 35 den
2618 1389 120 35 Stand
2763 1397 140 39 gesetzt,
2933 1392 65 35 mit
3026 1392 79 35 dem

2378 1448 46 36 M.
2752 1452 58 36 «f.

1867 1509 86 34 den
1981 1509 199 35 zweiten
2208 1509 95 36 Lehr
2307 1522 66 23 cur
2375 1523 62 22 sus
2464 1512 41 33 in
2542 1511 255 38 Wirksamkeit
2824 1519 113 30 treten
2965 1527 47 22 zu
3040 1515 135 45 lassen,
3203 1517 80 34 und
3309 1529 99 23 zwar

1864 1571 42 34 in
1943 1584 96 34 ganz
2078 1571 157 46 gleicher
2263 1572 249 47 Einrichtung
2553 1574 65 34 wie
2658 1574 64 35 der
2763 1587 61 23 am
2862 1575 35 37 1.
2926 1575 110 49 April
3062 1577 33 37 d.
3125 1578 36 35 J.
3205 1578 203 46 begonnene

1865 1639 92 28 erste
1987 1631 139 37 Cursus
2159 1634 66 44 für
2267 1634 71 35 alle
2370 1634 136 47 Zweige
2542 1636 79 34 und
2653 1636 117 36 Theile
2811 1637 62 35 der
2900 1637 273 49 Musikbildung
3200 1640 78 34 und
3304 1640 102 35 Aus-

1864 1693 122 47 übung
2014 1693 136 35 soloohl
2175 1695 52 33 im
2257 1693 163 49 Gesänge
2455 1696 57 34 als
2541 1696 97 36 auch
2664 1698 52 35 im
2744 1698 321 50 Pianofortespiel,
3107 1700 64 35 der
3199 1700 105 47 Orgel
3331 1702 78 34 und

1865 1754 92 35 aller
1980 1754 304 47 gebräuchlichen
2319 1756 470 41 Orchester-Instrumente.

1942 1816 146 35 Nähere
2117 1818 192 45 Auskunft
2335 1819 88 35 über
2451 1820 56 34 die
2535 1820 138 36 Lehrer
2702 1822 63 35 der
2792 1822 186 36 einzelnen
3007 1823 236 48 Lehrzweige,
3273 1837 40 22 so
3342 1825 65 34 wie

1865 1878 57 35 die
1950 1880 183 46 sonstigen
2161 1879 296 49 Einrichtungen
2496 1883 74 45 gibt
2607 1883 68 35 das
2700 1884 40 34 in
2766 1884 110 46 jeder
2902 1884 127 36 Buch-
3057 1886 80 35 und
3163 1886 243 36 Musicalien-

1863 1940 192 47 handlung
2082 1953 46 22 zu
2157 1942 208 36 erhaltende
2394 1943 231 47 Programm.

1942 2000 194 48 Anfragen
2177 2003 79 35 und
2292 2003 279 48 Anmeldungen
2613 2006 103 35 wolle
2752 2018 87 23 man
2884 2019 50 24 an
2977 2008 68 35 den
3092 2007 314 37 Unterzeichnelen

1863 2062 152 36 richten.

1941 2123 178 44 Dresden,
2149 2123 69 36 den
2245 2124 64 37 20.
2337 2125 145 48 August
2510 2127 115 39 1856.

2749 2189 224 49 königlicher
2999 2191 177 37 Kammer
3179 2194 174 36 musicus.

1941 2272 46 35 In
2014 2273 199 36 Körner'
2225 2286 17 23 s
2277 2274 130 48 Verlag
2442 2276 42 35 in
2518 2277 186 45 Erfurt
2744 2279 164 35 erschien
2933 2281 42 33 in
3000 2281 144 44 vierter,
3171 2281 236 36 verbesserter

1862 2324 177 48 Auflage:

1862 2388 180 37 Hittei*
2046 2389 13 19 9
2063 2399 22 24 ®
2114 2390 186 34 Sios.ia.st
2330 2391 93 34 des
2455 2392 360 45 Orgelspiels.
2846 2392 248 51 Vollständig
3121 2393 40 39 in
3185 2394 82 38 drei
3288 2394 116 39 Thei-

1992 2448 77 45 len,
2097 2448 62 38 die
2189 2449 101 37 auch
2320 2449 151 39 einzeln
2502 2452 228 48 abgelassen
2761 2454 170 39 werden.

1943 2509 108 35 Diese
2082 2509 230 47 Orgelschule
2340 2513 47 33 ist
2413 2514 39 33 in
2478 2514 118 46 Bezug
2624 2516 73 43 auf
2718 2515 166 35 Methode
2911 2517 208 35 anerkannt
3148 2517 56 35 die
3232 2518 91 35 beste
3325 2545 10 16 ?
3366 2531 37 22 so

1866 2560 86 36 dass
1981 2563 51 33 sie
2058 2563 65 34 mit
2153 2563 25 33 Ii
2185 2564 53 44 elf
2239 2564 49 34 all
2314 2565 40 34 in
2382 2564 97 36 allen
2505 2574 110 38 guten
2644 2568 232 35 Seminarien
2904 2570 119 34 sicher
3050 2570 171 46 Eingang
3248 2571 122 45 findet.

1943 2650 49 34 So
2021 2651 86 34 eben
2136 2653 164 34 erschien
2327 2653 79 35 und
2432 2655 46 34 ist
2502 2657 40 32 in
2571 2655 97 35 allen
2689 2656 127 35 Buch-
2845 2657 78 34 und
2949 2658 456 48 Musicalienhandiungen

1865 2700 210 49 vorrätkig:

2299 2758 94 54 11.
2453 2759 519 67 Eisckiiaiiseii,

1994 2835 113 47 Der
2153 2844 161 42 erste
2363 2835 354 52 Unterricht
2756 2839 69 49 im
2869 2839 407 70 Clavierspiel.

1864 2909 100 38 Eine
2003 2910 257 49 Reihenfolge
2302 2912 246 39 methodisch
2590 2914 234 48 geordneter
2860 2915 324 51 Uebungsstücke
3224 2918 62 38 für
3328 2919 76 38 den

1890 2971 273 49 progressiven
2194 2972 404 48 Clavier-Ünterricht,
2629 2975 99 38 nach
2759 2977 315 50 pädagogischen
3104 2978 271 40 Grundsätzen

2516 3037 232 49 componirt.

1996 3097 212 36 ü*weite
2544 3102 182 35 JSErstes
2759 3103 151 34 Heft«
2966 3100 112 40 Preis
3111 3103 47 37 15
3188 3102 84 50 Sgr.

1949 3155 193 48 Unstreitig
2182 3159 78 33 eine
2302 3158 63 34 der
2405 3159 288 37 brauchbarsten
2723 3161 144 37 Ciavier
2868 3163 163 44 schulen,
3072 3177 71 22 von
3182 3165 63 34 der
3274 3165 132 36 binnen

1862 3219 116 35 teenig
2007 3210 143 33 Jahren
2180 3210 103 34 1500
2310 3210 221 49 Exemplare
2559 3213 113 35 schon
2700 3214 176 45 abgesetzt
2902 3217 162 36 wurden.

1910 3299 85 34 Alle
2020 3301 39 33 in
2089 3299 119 34 dieser
2231 3299 185 35 Musik-7,
2420 3303 33 32 ei
2456 3308 91 40 hing
2578 3303 277 49 besprochenen
2890 3306 80 33 und
3002 3308 292 45 angekündigten
3321 3309 88 34 Mu-

1855 3352 158 35 sicalien
2037 3358 70 28 etc.
2133 3352 87 34 sind
2244 3364 47 22 zu
2316 3353 170 35 erhalten
2509 3355 42 35 in
2578 3356 66 34 der
2668 3364 91 28 stets
2780 3357 230 47 vollständig
3041 3362 218 33 assorlirten
3286 3360 123 36 Musi-

1860 3404 348 47 calien-Handlung
2242 3405 103 35 nehst
2377 3406 238 38 Leihansialt
2652 3422 73 22 von
2766 3409 292 36 BERNHARD
3104 3412 218 36 BREUER
3367 3416 39 33 in

1862 3458 138 36 Köln,
2029 3457 244 35 Hochstrasse
2299 3459 67 33 Nr.
2394 3459 64 35 97.
