2263 3718
825 192 330 26 PUBLICATIONS
1190 192 263 26 NOUVELLES

2061 201 74 40 375

134 280 224 40 troisième
378 280 145 48 ordre,
552 295 53 25 au
630 282 123 50 point
776 281 53 39 de
861 294 84 26 vue
969 282 54 38 de
1046 280 325 54 l'importance,
1397 294 40 30 et
1480 297 207 30 consacre
1714 292 19 35 à
1773 291 129 49 peine
1926 292 214 52 quelques

132 348 144 49 lignes
298 363 83 25 aux
398 350 164 50 parties
581 348 212 52 capitales
818 349 52 39 de
893 362 81 27 son
993 350 112 50 sujet
1147 348 96 56 J'en
1260 351 211 40 voudrais
1495 352 170 41 donner
1682 370 58 25 un
1777 359 212 51 exemple.
2016 359 124 41 Voici

133 426 224 32 comment
378 418 27 38 il
430 417 121 51 parle
574 417 53 39 de
651 417 38 39 la
713 418 175 39 maison
913 424 56 33 où
991 419 156 50 naquit
1173 418 118 40 Bach
1315 432 7 26 :

181 522 88 31 Bien
297 521 61 31 des
381 520 133 40 parties
534 520 43 32 de
600 523 31 29 la
653 521 120 32 vieille
796 522 138 32 maison
957 530 62 24 ont
1045 522 45 31 dû
1115 530 110 25 rester
1251 533 155 31 presque
1427 527 100 30 telles
1547 526 88 41 qu'il
1660 529 49 31 les
1726 537 160 33 aperçut,
1912 531 61 31 dès
1996 540 69 31 que
2086 541 54 22 ses

136 581 92 32 yeux
252 571 116 31 furent
391 570 169 39 capables
579 571 44 32 de
646 571 205 43 distinguer
870 574 49 30 les
936 573 117 40 objets
1076 580 32 24 et
1129 572 42 32 de
1192 575 49 29 les
1261 578 239 28 reconnaître.
1524 575 47 32 La
1590 587 141 22 serrure
1749 578 43 31 de
1809 581 30 30 la
1864 587 102 33 porte
1984 580 158 33 d'entrée

138 628 51 24 est
204 619 128 42 garnie
355 618 107 33 d'une
482 622 132 39 plaque
628 623 181 40 ouvragée
828 621 89 32 dont
935 624 50 29 les
1000 628 173 26 contours
1197 621 244 42 chimériques
1460 623 48 32 lui
1529 633 61 24 ont
1613 627 148 40 semblé,
1778 639 82 21 sans
1883 628 121 40 doute,
2026 628 95 33 dessi-

136 679 62 22 ner
221 669 44 32 de
287 669 218 43 prodigieux
527 670 156 43 visages.
714 672 47 31 Le
783 674 101 39 large
905 672 181 31 vestibule
1109 683 67 21 aux
1200 683 170 22 carreaux
1394 674 43 32 de
1456 674 130 41 brique
1608 684 64 32 put
1692 677 50 31 lui
1766 679 139 31 donner
1927 678 103 33 l'idée
2060 680 82 31 d'un

135 719 119 32 désert
279 720 144 32 sombre
452 727 33 25 et
509 720 174 32 l'escalier
709 728 168 25 tortueux
901 720 61 42 qui
988 729 136 30 monte,
1144 733 43 21 au
1212 723 98 39 fond,
1333 733 78 22 vers
1430 726 31 29 la
1486 724 129 38 droite,
1640 735 63 31 put
1726 727 48 32 lui
1813 732 156 36 paraître
1992 732 31 29 la
2043 736 101 25 route

135 768 43 32 de
198 771 159 39 quelque
382 780 142 31 voyage
547 769 186 40 périlleux.
751 770 91 32 Mais
864 770 31 41 je
917 780 90 22 veux
1030 771 115 32 croire
1167 771 87 42 qu'il
1275 773 180 40 ressentit,
1481 774 89 32 dans
1583 778 31 28 le
1631 776 90 39 petit
1740 777 130 41 jardin,
1886 780 49 29 les
1949 778 194 41 premières

136 817 235 42 impressions
395 819 90 32 delà
510 827 138 24 nature.
673 820 75 31 Elle
767 820 47 41 l'y
837 820 183 33 accueillit
1044 821 163 39 d'abord,
1228 832 84 22 sous
1334 830 54 24 cet
1416 832 120 31 aspect
1559 824 163 34 diminué
1735 827 62 40 qui
1821 828 144 33 charme
1982 828 160 39 l'enfant,

136 868 134 42 effrayé
292 869 61 32 des
376 869 136 42 grands
528 879 161 31 espaces.
717 870 24 31 Il
766 870 71 40 prit
858 873 31 28 le
910 874 89 38 goût
1025 870 62 33 des
1110 882 179 31 paysages
1312 880 96 25 verts
1430 873 89 32 dans
1543 877 31 30 le
1604 875 161 33 modeste
1787 887 141 32 verger.
1955 879 96 31 Dans
2089 886 54 25 cet

136 921 122 29 enclos
281 918 120 37 étroit,
426 919 112 31 borné
557 929 65 30 par
644 922 32 30 la
699 920 166 32 muraille
881 921 44 31 de
947 922 32 31 la
1000 921 138 32 maison
1161 921 156 40 tapissée
1337 922 43 32 de
1402 922 123 42 vigne,
1548 923 110 33 fermé
1673 924 107 33 d'une
1806 926 80 32 haie
1909 926 92 38 vive,
2030 927 115 32 divisé

137 978 63 30 par
219 967 61 32 des
299 968 120 42 lignes
442 969 43 31 de
505 971 86 30 haut
609 969 96 37 buis,
729 969 22 31 il
768 979 38 22 se
825 977 126 25 trouva
975 980 98 22 assez
1089 971 153 42 protégé
1265 982 92 29 pour
1377 981 81 23 oser
1473 976 225 37 contempler
1711 976 50 30 les
1779 975 156 42 mirages
1955 984 190 25 mouvants

137 1018 45 31 du
204 1016 66 33 ciel
295 1017 174 33 immense
485 1028 143 28 encore,
649 1018 83 32 bien
752 1029 72 31 que
846 1019 114 32 limité
983 1031 64 29 par
1070 1023 30 29 le
1122 1020 84 33 faîte
1230 1020 61 33 des
1312 1021 157 33 maisons
1495 1022 170 33 voisines.
1691 1022 93 34 L'est
1802 1027 32 29 là
1857 1024 86 41 qu'il
1966 1025 179 33 s'habitua

138 1077 41 22 au
204 1070 180 38 spectacle
406 1068 60 32 des
493 1069 111 32 nuées
630 1068 227 41 suspendues
880 1069 196 32 au-dessus
1101 1070 42 32 de
1166 1070 64 38 lui,
1254 1079 33 24 et
1307 1072 85 31 c'est
1419 1074 31 30 là
1473 1082 71 32 que
1564 1083 37 22 sa
1620 1075 94 30 mère
1750 1081 63 33 put
1855 1074 49 31 lui
1928 1075 215 40 apprendre,

137 1128 43 21 en
197 1128 36 21 se
262 1125 143 25 servant
428 1118 61 32 des
508 1121 143 38 paroles
676 1119 44 32 de
737 1119 132 33 Martin
898 1120 148 37 Luther,
1072 1122 30 30 le
1126 1120 146 33 miracle
1296 1121 200 41 journalier
1522 1122 43 32 de
1594 1125 32 29 la
1648 1123 94 32 main
1774 1124 62 40 qui
1876 1124 160 33 soutient
2056 1125 88 32 dans

138 1164 50 35 les
212 1167 70 33 airs
300 1178 57 22 ces
380 1178 133 23 masses
538 1169 184 32 flottantes
745 1177 33 24 et
799 1180 91 21 nous
906 1170 114 42 garde
1043 1170 43 32 de
1109 1173 78 29 leur
1207 1174 121 30 chute.

195 1287 78 42 Or,
294 1290 150 51 quand
470 1290 28 39 il
519 1291 142 39 arrive
686 1305 55 26 au
767 1291 207 40 Clavecin
993 1292 94 39 bien
1108 1295 181 52 tempéré
1295 1326 8 16 ,
1332 1297 21 35 à
1374 1302 110 31 cette
1501 1307 152 27 œuvre
1673 1295 188 52 capitale
1879 1298 75 49 qui
1973 1304 66 32 est
2060 1309 85 27 une

139 1357 77 40 des
235 1359 165 39 assises
419 1357 53 40 de
497 1366 93 32 tout
614 1358 39 40 le
677 1364 193 47 système
895 1361 190 39 musical
1111 1361 230 50 moderne,
1367 1361 27 40 il
1420 1375 53 26 en
1497 1363 176 50 parle...
1697 1377 79 38 par
1799 1366 257 49 prétérition
2077 1378 9 26 :

181 1465 40 38 Je
240 1474 44 22 ne
309 1464 150 33 tenterai
479 1467 114 29 même
614 1474 63 31 pas
710 1463 203 42 d'analyser
936 1464 44 32 ici
1013 1467 32 29 la
1067 1464 177 41 première
1266 1465 116 40 partie
1415 1465 46 31 du
1488 1465 163 33 Clavecin
1670 1467 75 31 bien
1780 1469 151 41 tempéré
1936 1493 8 12 ,
1969 1479 72 21 non
2065 1470 80 38 plus

139 1524 72 32 que
233 1517 33 30 la
288 1514 91 33 série
402 1514 43 33 de
470 1514 169 41 préludes
665 1521 31 25 et
718 1513 42 33 de
783 1513 128 43 fugues
938 1514 89 32 dont
1053 1514 222 38 l'ensemble,
1296 1514 102 33 réuni
1415 1525 82 22 sans
1515 1515 110 33 doute
1648 1516 43 31 de
1713 1527 88 32 1740
1824 1520 18 30 à
1869 1529 100 31 1744,
1989 1524 52 26 est
2058 1528 66 22 con-

139 1564 117 32 sidéré
275 1574 139 22 comme
437 1566 32 30 la
488 1564 155 32 seconde
667 1562 116 42 partie
800 1563 43 32 de
865 1573 40 23 ce
927 1564 147 32 recueil.
1102 1564 48 32 Ce
1176 1571 80 25 sont
1277 1564 61 32 des
1361 1575 142 21 œuvres
1533 1575 71 31 que
1639 1566 70 32 l'on
1736 1577 44 22 ne
1803 1575 85 31 peut
1912 1567 177 39 effleurer,
2112 1575 33 24 et

141 1613 86 42 qu'il
251 1613 73 33 faut
347 1613 183 33 examiner
548 1614 90 32 dans
664 1616 31 28 le
713 1613 125 38 détail,
870 1621 111 34 quant
1015 1616 18 29 à
1056 1616 32 30 la
1111 1613 197 42 technique
1327 1621 34 25 et
1385 1622 113 33 quant
1515 1624 42 22 au
1582 1615 207 33 sentiment.
1812 1617 40 39 Je
1885 1618 145 31 renvoie
2053 1617 92 32 donc

141 1674 67 21 aux
233 1663 125 32 études
379 1663 166 41 publiées
564 1675 61 21 sur
651 1673 57 23 ces
733 1663 264 40 compositions
1021 1670 47 31 et,
1093 1670 156 32 surtout,
1268 1674 68 22 aux
1356 1671 111 25 textes
1488 1667 145 31 mêmes.

195 1787 64 41 Le
292 1787 204 42 Clavecin
537 1788 95 40 bien
671 1791 181 52 tempéré
860 1819 6 15 ,
889 1802 115 39 pour
1042 1802 54 26 ne
1120 1789 146 51 parler
1307 1801 85 39 que
1430 1788 54 39 de
1521 1787 76 48 lui,
1624 1801 20 25 a
1667 1793 207 45 pourtant
1911 1797 85 26 une
2021 1793 124 30 autre

141 1858 277 51 importance
439 1870 85 39 que
545 1857 38 40 la
603 1870 173 27 serrure
797 1857 52 40 de
873 1857 39 40 la
935 1865 126 44 porte
1084 1857 194 40 d'entrée
1299 1857 53 40 de
1373 1857 39 39 la
1437 1858 174 38 maison
1634 1862 55 33 où
1714 1855 156 50 naquit
1904 1852 121 40 Bach
2049 1855 7 36 !

197 1926 61 39 M.
298 1925 126 40 Pirro
464 1930 185 47 prépare
685 1938 87 27 une
812 1925 122 40 thèse
966 1926 54 38 de
1043 1925 200 40 doctorat
1280 1938 74 26 sur
1384 1923 112 55 J.-S.
1533 1924 134 40 Bach.
1696 1922 30 40 Il
1757 1921 103 41 s'est
1884 1934 103 27 sans
2011 1921 133 40 doute

143 1998 174 36 réservé
338 2007 113 39 pour
470 2003 64 31 cet
557 2006 212 38 ouvrage,
797 2007 85 38 que
901 2006 113 28 nous
1044 1993 252 48 attendons,
1317 2001 41 31 et
1385 1994 73 50 qui
1478 2006 112 26 nous
1615 1998 236 46 permettra
1877 1990 53 39 de
1956 1989 38 40 le
2016 1990 128 51 juger

142 2064 112 38 dans
278 2063 53 39 de
364 2063 252 39 meilleures
636 2062 251 40 conditions
923 2060 77 53 (1).

1105 2060 53 41 C.

203 2214 112 53 J.-G.
343 2214 335 42 PROD'HOMME:
704 2216 56 38 les
781 2214 285 56 Symphonies
1090 2215 49 39 de
1160 2214 240 40 Beethoven
1440 2211 295 52 (1800-1827),
1771 2226 104 26 avec
1898 2212 173 52 préface
2093 2212 53 40 de

141 2282 62 41 M.
226 2283 65 41 Ed
335 2281 197 55 Colonne,
557 2281 24 55 1
606 2281 98 55 vol.
727 2287 75 47 481
823 2298 60 38 p.,
904 2283 197 40 librairie
1118 2282 266 51 Delagrave,
1402 2296 14 38 5
1438 2281 53 41 fr.

1513 2305 52 4 —
1579 2281 61 39 M.
1665 2281 116 40 Prod
1802 2281 181 40 homme
2000 2281 146 39 étudie

142 2365 86 27 une
252 2356 20 36 à
298 2366 86 26 une
408 2353 61 39 les
494 2352 305 52 symphonies.
827 2351 34 40 A
884 2364 165 40 propos
1069 2351 52 41 de
1164 2351 197 41 chacune
1404 2349 168 49 d'elles,
1598 2350 29 39 il
1649 2350 146 40 donne
1835 2349 181 40 d'abord
2060 2362 86 26 une

142 2421 181 40 tranche
341 2421 53 39 de
415 2421 37 40 la
476 2420 268 53 biographie
767 2421 52 40 de
840 2420 256 40 Beethoven
1116 2435 8 33 ;
1151 2421 100 51 puis
1274 2420 27 39 il
1325 2419 183 52 analyse
1526 2418 198 48 l'œuvre,
1748 2433 59 25 un
1849 2431 84 38 peu
1974 2430 172 28 comme

142 2503 57 26 on
223 2489 39 40 le
282 2488 77 41 fait
382 2487 282 54 aujourd'hui
689 2503 76 26 sur
788 2489 62 40 les
871 2501 312 39 programmes
1207 2488 54 39 de
1284 2496 175 32 concert
1483 2486 46 53 (il
1563 2499 53 27 ne
1638 2501 51 24 va
1710 2492 137 44 guère
1870 2487 101 51 plus
2005 2485 106 51 loin)
2136 2494 8 40 ;

142 2558 29 39 il
195 2558 172 49 signale
391 2557 196 40 l'accueil
607 2556 75 41 fait
706 2562 21 35 à
753 2558 39 39 la
819 2559 217 50 première
1055 2558 246 48 exécution,
1334 2558 144 38 réunit
1501 2555 79 40 des
1616 2557 313 47 témoignages
1961 2555 53 38 de
2044 2566 77 27 con-

144 2627 291 50 temporains,
462 2625 230 40 accumule
712 2625 37 40 le
767 2625 100 52 plus
890 2625 53 40 de
969 2626 384 49 renseignements
1374 2623 212 53 possible.
1607 2621 61 41 Le
1692 2623 122 47 livre,
1842 2627 20 35 à
1890 2623 37 38 la
1953 2621 84 41 fois
2052 2621 71 40 bio-

144 2694 252 52 graphique
417 2703 40 31 et
481 2694 53 39 de
553 2694 271 51 description
849 2694 252 52 technique,
1129 2694 226 49 témoigne
1371 2692 103 40 d'un
1495 2693 171 38 sérieux
1688 2691 156 40 travail
1868 2699 40 31 et
1928 2691 219 39 constitue

144 2776 87 26 une
266 2763 327 50 vulgarisation
618 2767 86 35 très
725 2762 122 40 utile.
875 2761 62 41 Ce
961 2764 75 50 qui
1070 2762 60 40 lui
1167 2774 197 39 manque
1387 2776 58 25 un
1488 2774 100 38 peu,
1613 2773 46 26 ce
1702 2768 98 31 sont
1826 2759 61 39 les
1920 2759 120 38 idées
2082 2757 43 40 di-

145 2832 223 40 rectrices.
399 2830 95 55 J'en
516 2830 244 50 signalerai
784 2844 86 26 une
894 2832 75 50 qui
990 2832 143 39 aurait
1156 2831 75 45 dû,
1258 2835 22 34 à
1304 2843 106 27 mon
1435 2842 117 35 sens,
1579 2837 178 31 trouver
1777 2828 53 38 ici
1855 2840 44 26 sa
1924 2826 137 52 place.

199 2900 259 40 Beethoven
483 2908 63 31 est
567 2898 120 52 (avec
709 2898 187 54 Weber)
917 2899 40 40 le
991 2900 306 51 compositeur
1330 2900 74 50 qui
1428 2905 167 45 permet
1621 2896 54 39 de
1708 2903 224 32 constater
1968 2894 38 39 le
2049 2893 99 52 plus

143 2978 187 31 souvent
355 2983 59 26 un
443 2967 237 41 désaccord
708 2967 158 40 absolu
889 2976 123 31 entre
1050 2967 39 40 la
1133 2969 68 38 vie
1229 2967 53 39 de
1321 2965 211 41 l'homme
1568 2974 40 31 et
1642 2964 182 41 l'œuvre
1859 2963 53 39 de
1948 2960 195 42 l'artiste.

185 3162 46 42 (1)
257 3163 46 31 M.
327 3162 101 32 Pirro
450 3172 43 22 ne
517 3164 99 39 parle
635 3172 64 30 pas
723 3170 97 23 assez
844 3171 92 29 pour
958 3163 31 29 le
1006 3163 137 30 lecteur
1166 3172 7 25 ;
1195 3160 22 31 il
1242 3170 18 22 a
1282 3167 152 24 souvent
1452 3158 77 32 l'air
1542 3158 43 31 de
1602 3157 87 33 faire
1709 3168 45 21 un
1775 3158 220 40 monologue
2013 3167 7 26 ;
2041 3154 104 39 ainsi,

141 3212 63 33 des
231 3220 91 25 mots
343 3215 154 38 tels,que
516 3212 92 31 chrie
628 3210 175 43 (exercice
823 3209 296 41 d'amplification
1141 3209 157 33 oratoire
1321 3210 120 31 donné
1459 3219 67 21 aux
1545 3208 226 41 collégiens),
1793 3205 213 32 mettenchor
2027 3206 100 34 (chan-

142 3271 96 23 teurs
258 3263 43 31 de
326 3262 169 42 malines)
513 3272 44 22 ne
579 3269 80 25 sont
677 3272 62 30 pas
763 3259 190 41 expliqués
976 3268 32 24 et
1032 3259 255 33 demandaient
1303 3270 70 21 une
1390 3266 98 25 note.
1503 3276 41 4 —
1567 3257 48 41 Çà
1637 3264 33 24 et
1695 3259 45 35 là,
1768 3256 158 31 diverses
1949 3253 197 42 coquilles;

205 3324 33 29 p.
268 3323 57 31 29,
346 3323 70 30 que
439 3311 147 43 signifie
605 3314 32 30 la
663 3314 130 38 phrase
811 3322 6 19 :
855 3325 13 12 «
893 3309 57 33 On
974 3321 21 30 y
1016 3318 191 24 rencontre
1231 3310 61 31 des
1315 3318 171 32 passages
1510 3309 44 30 où
1580 3306 157 40 l'emploi
1774 3307 57 29 des
1854 3306 142 29 accords
2019 3305 18 28 à
2066 3302 61 42 plu-

140 3363 116 30 sieurs
277 3363 135 42 parties
418 3387 8 12 ,
451 3369 97 25 etc...
576 3375 43 18 ».-
722 3361 96 32 Dins
850 3361 32 30 la
906 3360 285 41 bibliographie,
1216 3363 114 28 même
1352 3358 123 33 défaut
1498 3358 43 30 de
1561 3356 212 40 proportion
1799 3365 70 31 que
1889 3354 88 31 dans
2008 3355 29 28 le
2056 3359 91 24 reste

142 3412 46 31 du
210 3411 103 32 livre.
348 3412 56 31 On
428 3422 23 30 y
483 3411 75 32 voit
581 3411 89 32 cités
691 3411 42 32 de
763 3410 149 39 simples
933 3419 250 33 programmes
1202 3408 43 32 de
1267 3415 160 31 concert,
1448 3415 33 24 et
1505 3407 60 31 des
1583 3412 148 24 travaux
1754 3405 217 39 importants
1995 3410 42 22 ne
2065 3407 80 24 sont

143 3471 64 30 pas
232 3460 241 33 mentionnés.
496 3450 3 51 '
499 3492 6 9 v
513 3462 99 30 Pour
635 3464 50 29 les
708 3459 209 40 omissions,
945 3459 31 42 je
1014 3458 147 34 renvoie
1181 3461 18 29 à
1234 3468 68 22 une
1325 3459 199 30 excellente
1562 3462 84 24 note
1670 3454 42 31 de
1733 3454 47 31 M.
1803 3451 136 33 Rudolf
1965 3450 182 31 Schwartz

143 3509 150 40 publiée
313 3520 42 21 en
385 3520 92 21 mars
501 3510 156 40 dernier,
673 3509 149 41 Signale
842 3508 24 32 f.
887 3508 128 32 musik.
1046 3507 126 41 Weet).
