2263 3718
136 206 79 50 366

551 213 234 29 CONCOURS
820 212 55 25 DE
910 211 68 25 FIN
1014 199 192 36 D'ANNÉE
1239 207 57 26 DU
1333 202 371 30 CONSERVATOIRE

134 307 142 39 classe
292 306 75 54 qui
380 306 197 39 existent
597 300 155 55 depuis
773 302 93 37 très
889 311 92 40 peu
1006 297 55 41 de
1084 303 155 47 temps.
1265 296 64 39 La
1354 293 140 52 harpe
1522 291 25 40 à
1568 289 188 55 pédales
1789 293 66 34 est
1877 298 84 29 une
1985 292 32 33 t?
2034 284 73 41 adi-

135 375 91 39 tion
245 374 106 40 dont
367 374 61 38 les
452 372 145 39 droits
618 369 25 40 à
674 368 262 41 l'existence
953 378 53 27 ne
1027 371 99 34 sont
1139 376 86 41 pas
1249 361 273 53 compromis
1552 371 87 40 par
1678 353 296 56 l'apparition
1999 353 133 38 d'une

131 454 121 28 sœur
275 440 191 40 cadette.
487 438 68 40 M.
581 435 301 42 Hasselmans
896 432 263 55 présentait
1179 431 77 40 six
1279 430 142 40 élèves
1441 428 93 53 qui,
1557 431 163 43 toutes,
1745 430 78 33 ont
1866 421 177 41 montré
2081 419 52 39 de

134 509 236 40 brillantes
389 506 213 54 qualités.
626 503 52 41 Je
701 510 112 33 mets
828 503 107 39 hors
950 501 52 40 de
1027 501 105 51 pair
1148 499 53 40 M
1206 498 40 24 Ue
1265 496 197 42 Laskine
1486 495 78 52 (12
1590 492 117 53 ans),
1740 491 79 54 qui
1837 495 66 36 est
1926 488 104 51 déjà
2051 499 82 28 une

131 578 165 40 artiste
318 574 53 40 de
381 572 203 56 premier
613 571 155 41 ordre.
796 571 150 40 Entre
962 569 51 40 M
1018 568 56 24 Ucs
1096 568 154 47 Janet,
1552 559 406 56 Delgado-Pere\,
1987 556 117 41 Chau-

132 645 119 47 meil,
271 641 174 55 Laggé,
472 654 53 28 on
546 640 219 54 pourrait
781 638 185 50 hésiter,
989 649 118 41 pour
1129 633 252 42 distribuer
1402 632 62 40 les
1490 629 231 55 premiers
1743 628 171 54 éloges.
1940 626 127 39 Dans
2086 636 46 26 ce

132 723 232 38 concours,
398 723 53 27 on
485 709 186 39 n'abusa
710 720 81 40 pas
832 706 58 40 du
932 705 251 52 glissando,
1206 708 40 34 et
1284 714 54 27 on
1363 706 76 35 eut
1463 699 100 40 bien
1588 697 154 41 raison
1764 710 14 36 ;
1805 696 37 39 le
1879 693 249 53 glissando,

136 779 159 54 ignoré
317 778 54 40 de
392 790 194 42 presque
618 784 98 33 tous
742 777 62 39 les
825 775 175 54 grands
1027 771 206 50 maîtres,
1258 777 64 34 est
1343 769 41 42 si
1406 781 91 42 peu
1519 765 213 43 musical!
1752 765 42 41 Il
1809 778 48 41 y
1880 778 25 26 a
1927 764 76 39 des
2021 774 111 43 gens

134 847 75 55 qui
227 847 167 40 aiment
411 852 108 34 cette
545 844 234 42 acrobatie
799 858 81 28 con
897 859 60 26 un
977 844 90 40 dito
1082 856 8 26 :
1109 852 168 42 avouez;
1296 852 55 41 qu
1372 838 87 41 elle
1481 842 69 36 est
1568 834 185 43 d'ordre
1769 832 224 57 inférieur
2013 843 120 41 pour

136 929 57 27 un
217 914 216 41 musicien
449 913 202 41 sérieux.

191 1059 247 41 CONCOURS
459 1056 188 42 D'OPÉRA
668 1069 212 32 COMIQUE.
985 1053 62 40 La
1065 1051 161 40 séance
1236 1051 85 54 fut
1356 1051 165 52 longue
1540 1049 42 52 (1
1597 1062 23 40 7
1640 1053 296 35 concurrents
1952 1046 48 52 !),
2017 1044 116 42 mais

138 1127 259 39 charmante
414 1138 52 26 en
488 1136 79 27 son
592 1122 232 40 ensemble.
863 1121 135 39 Deux
1019 1119 204 51 artistes,
1246 1117 104 55 déjà
1370 1117 347 52 complètement
1722 1113 201 55 formés,
1949 1125 157 28 concou-

138 1193 151 40 raient
306 1192 112 39 dans
441 1203 82 27 une
543 1192 130 37 scène
696 1188 54 40 de
773 1189 41 39 la
838 1188 142 40 Tosca
1001 1202 8 25 :
1032 1187 105 49 /'wrc,
1158 1186 68 41 M.
1248 1185 135 48 Petit,
1406 1190 66 35 esf
1492 1185 83 38 àla
1590 1183 94 50 fois
1700 1184 92 38 très
1808 1182 81 39 bon
1912 1182 222 39 chanteur

138 1267 41 33 et
202 1258 221 41 excellent
442 1256 246 52 comédien,
706 1261 164 33 maître
892 1254 54 40 de
964 1267 78 27 son
1063 1253 92 53 jeu,
1171 1253 78 54 qui
1261 1259 65 34 est
1351 1251 209 56 toujours
1580 1251 139 53 juste;
1744 1251 178 50 Vautre,
1942 1249 52 41 M
1997 1249 39 24 lu
2050 1249 56 40 La-

137 1327 220 49 mare,?ïa
372 1324 129 56 qu'un
517 1325 129 54 léger
659 1324 154 50 défaut
823 1325 101 47 (une
943 1322 127 40 taille
1087 1335 57 26 un
1162 1334 85 40 peu
1256 1321 180 52 petite).
1457 1319 126 40 Mais
1603 1320 148 53 quelle
1767 1320 131 39 chose
1916 1317 214 57 affreuse,

138 1395 282 52 répugnante
460 1399 41 33 et
541 1392 275 52 dégoûtante
854 1403 82 41 que
969 1397 112 33 cette
1119 1390 127 40 scène
1269 1388 53 40 de
1346 1389 42 39 la
1422 1388 142 41 Tosca
1592 1388 78 39 !la
1710 1393 195 42 torture,
1949 1387 41 38 /e
2025 1385 106 49 viol,

140 1462 297 48 Vassassinat,
463 1474 55 26 un
539 1460 195 40 cadavre
754 1465 125 33 entre
900 1458 123 40 deux
1040 1457 264 49 flambeaux
1324 1463 42 33 et
1392 1457 38 38 le
1453 1454 200 51 crucifix
1672 1467 80 27 sur
1775 1455 41 38 la
1836 1453 203 53 poitrine

141 1531 337 40 Sommes-nous
501 1531 24 37 à
548 1529 41 38 la
612 1526 505 41 Porte-Saint-Martin
1139 1538 55 26 ou
1218 1527 25 37 à
1268 1522 435 54 VOpéra-Comique
1723 1522 22 39 ?
1766 1520 41 41 Il
1832 1522 80 52 n'y
1940 1534 26 27 a
1984 1533 85 41 pas
2091 1519 43 41 là

139 1598 161 54 quinze
322 1609 197 28 mesures
538 1596 53 39 de
615 1596 98 39 vrai
734 1596 149 38 chant.
913 1595 91 38 Des
1037 1599 146 47 gestes
1206 1594 12 38 !
1237 1592 76 39 des
1337 1591 91 39 cris
1449 1590 67 42 !...
1547 1590 372 49 Heureusement,
1945 1589 35 39 il
1993 1601 50 41 y
2060 1594 76 34 eut

140 1665 78 40 des
238 1664 376 52 compensations.
637 1664 61 39 Le
712 1661 151 55 joyau
887 1661 54 40 de
974 1667 115 33 cette
1110 1663 154 37 séance
1275 1660 84 53 fut
1378 1660 38 38 le
1435 1664 197 48 quatuor
1656 1664 41 33 et
1719 1658 40 39 le
1781 1656 223 55 quintette
2025 1655 84 41 ado-

140 1733 150 39 rables
310 1731 57 40 du
394 1732 105 41 Cosi
543 1731 73 40 fan
661 1740 124 37 tutte,
824 1729 54 39 de
919 1728 204 41 Mozart.
1150 1728 158 48 Quelle
1344 1726 175 55 grâce!
1566 1725 160 50 Quelle
1747 1725 267 40 distinction
2036 1736 76 28 sou-

141 1801 150 39 riante
317 1804 14 36 !
355 1799 157 49 Quelle
530 1799 153 39 divine
694 1796 249 55 fraîcheur
966 1796 53 39 de
1032 1794 210 55 jeunesse
1261 1794 14 40 !
1301 1794 68 41 On
1395 1792 208 42 n'entend
1614 1792 190 55 jamais,
1828 1792 25 40 à
1893 1792 149 50 Paris,
2068 1797 70 34 cet

141 1868 164 53 opéra;
340 1867 35 40 il
392 1868 114 53 faut
522 1866 122 39 aller
667 1878 55 27 au
762 1865 220 42 Residenz
1021 1863 194 42 Theater
1236 1862 54 41 de
1332 1861 197 41 Munich.
1567 1862 121 40 C'est
1728 1862 96 38 bien
1860 1861 238 52 dommage
2125 1862 12 38 !

146 1937 263 38 Dénonçons
433 1934 66 40 M.
745 1932 92 54 qui,
863 1934 24 37 à
913 1932 44 39 la
969 1931 72 54 fin
1067 1931 53 39 de
1146 1931 43 40 la
1220 1929 190 41 mélodie
1435 1944 20 25 «
1477 1929 168 50 Aimer,
1671 1929 103 42 c'est
1808 1931 38 38 la
1881 1932 68 37 vie
1970 1942 38 37 »,
2030 1928 108 39 s'est

138 2002 172 54 permis
321 2016 57 26 un
388 2002 131 53 point
534 2000 193 55 d'orgue
743 2013 80 27 sur
838 2012 84 27 une
943 2005 100 34 note
1060 1997 193 54 ajoutée,
1272 2011 48 26 en
1340 1997 104 40 voix
1467 1997 52 40 de
1545 1997 104 41 tête.
1664 1999 32 38 A
1721 2009 47 28 ce
1790 1995 350 55 tripatouillage

144 2069 163 55 infligé
325 2070 25 39 à
376 2070 195 47 Mozart,
592 2068 67 41 M.
681 2066 157 42 Fauré
853 2067 156 40 aurait
1029 2066 58 40 dû
1100 2065 128 54 faire
1251 2065 217 40 entendre
1487 2078 49 27 sa
1569 2064 151 40 cloche
1743 2064 54 40 de
1825 2063 243 41 Président
2097 2069 43 34 et

145 2139 212 52 rappeler
378 2136 25 40 à
426 2136 175 40 l'ordre
625 2136 41 40 le
698 2134 232 41 candidat.
953 2134 44 40 Il
1020 2134 101 47 faut
1153 2146 83 41 que
1264 2133 49 54 je
1340 2133 180 54 signale
1543 2133 122 40 aussi
1690 2133 62 39 les
1791 2133 147 40 Folies
1973 2131 134 41 Amou-

145 2220 165 37 reuses,
334 2204 53 40 de
411 2204 68 40 M.
506 2203 215 49 Pessard,
739 2215 166 28 comme
928 2202 238 53 rappelant
1204 2201 311 53 étrangement
1548 2201 43 39 la
1616 2200 201 53 musique
1838 2200 53 39 de
1913 2201 202 52 café-con-

145 2281 107 33 cert.
291 2272 126 40 Voilà
452 2284 90 27 mes
579 2270 114 40 trois
715 2270 294 54 impressions
1028 2269 282 40 dominantes
1344 2281 57 26 au
1434 2267 126 54 point
1580 2267 53 40 de
1666 2281 78 26 vue
1776 2272 237 45 purement
2043 2279 65 27 mu-

146 2341 129 39 sical.
300 2342 85 38 Les
423 2339 224 53 premiers
659 2339 116 51 prix
807 2343 79 34 ont
925 2336 86 50 été,
1049 2349 165 27 comme
1246 2336 119 39 celui
1401 2335 54 39 de
1497 2334 64 41 M.
1601 2335 142 49 Petit,
1776 2333 180 52 ratifiés
1975 2347 88 39 par
2101 2334 39 40 le

146 2408 151 52 public
318 2418 12 26 :
368 2406 63 42 M.
460 2406 231 40 Dommier
715 2404 144 55 [scène
891 2404 54 40 de
969 2404 203 40 /'Amour
1194 2403 202 41 Médecin
1420 2401 52 41 de
1498 2403 150 47 Poise,
1679 2400 148 55 1880)
1855 2415 25 26 a
1919 2401 59 40 du
2011 2408 103 33 natu-

147 2476 83 50 rel,
270 2488 55 26 un
346 2473 75 52 jeu
443 2473 289 48 intéressant,
758 2485 84 27 une
880 2471 105 41 voix
1007 2470 234 54 agréable,
1268 2477 40 33 et
1334 2483 52 26 ne
1412 2468 90 49 fait
1528 2483 87 40 pas
1637 2469 52 40 de
1712 2470 171 47 fautes,
1912 2469 97 39 bien
2034 2469 108 54 qu'il

148 2542 122 40 m'ait
300 2554 117 42 paru
442 2554 57 26 un
536 2553 86 39 peu
654 2539 137 51 froid
806 2538 106 47 ;M.
943 2539 228 46 Francell,
1212 2538 129 39 ténor
1379 2537 201 53 élégant,
1606 2550 26 27 a
1670 2537 82 48 dit,
1797 2537 54 40 de
1882 2537 140 50 façon
2049 2539 94 38 très

145 2608 240 54 plaisante,
400 2620 106 27 avec
525 2607 53 39 de
600 2606 108 53 jolis
729 2605 128 57 effets
881 2605 53 40 de
957 2604 214 52 douceur,
1197 2604 217 54 quelques
1426 2617 143 40 pages
1587 2603 53 41 de
1666 2604 168 41 Manon
1855 2604 57 50 (il
1933 2603 209 40 méritait

148 2676 262 40 néanmoins
448 2688 58 26 un
546 2675 341 39 avertissement
917 2686 119 38 pour
1054 2672 130 40 avoir
1215 2670 284 51 transformé
1522 2684 57 27 un
1606 2673 97 40 rail,
1734 2685 49 27 en
1806 2674 126 51 point
1954 2671 186 52 d'orgue

149 2757 80 27 sur
250 2744 64 39 les
336 2749 115 33 mots
467 2757 12 25 :
499 2743 63 40 Le
585 2742 201 40 bonheur
811 2751 64 31 est
899 2744 35 37 si
960 2755 228 39 passager,
1215 2749 40 32 et
1272 2741 40 39 le
1334 2740 96 40 Ciel
1455 2740 53 40 l'a
1533 2740 79 40 fait
1630 2742 36 39 si
1687 2741 137 50 léger,
1842 2739 134 53 qu'on
2001 2754 21 26 a
2048 2749 72 31 tou-

148 2814 120 50 jours
287 2825 108 39 peur
419 2809 171 54 qu'lL...
617 2810 209 50 s'envole)
847 2822 9 38 ;
884 2809 50 39 M
943 2808 38 24 Ue
1005 2809 158 39 Lassai
1171 2809 40 39 le
1296 2811 80 49 qui
1412 2822 25 25 a
1461 2808 192 40 terminé
1676 2821 84 27 une
1794 2811 129 37 scène
1943 2808 58 39 du
2030 2809 90 38 troi-

148 2879 134 40 sième
305 2884 99 34 acte
419 2879 51 39 de
494 2878 211 41 Werther
724 2890 78 26 sur
819 2890 56 26 un
902 2875 279 55 magnifique
1203 2875 69 39 cri
1308 2874 53 40 de
1383 2877 188 51 passion
1690 2889 26 26 a
1739 2875 55 40 de
1829 2877 43 37 la
1903 2875 240 53 puissance

150 2944 304 54 dramatique,
480 2958 55 26 un
544 2944 81 54 jeu
651 2947 92 37 très
752 2944 142 55 juste,
921 2956 85 28 une
1025 2943 106 40 voix
1153 2943 101 39 d'un
1279 2942 109 40 beau
1413 2943 141 39 métal
1574 2942 208 54 [laissant
1806 2956 57 26 un
1877 2956 86 39 peu
1987 2945 24 37 à
2029 2942 91 41 dési-

150 3026 79 27 rer
250 3013 110 38 dans
394 3013 38 38 le
456 3011 226 54 médium).
775 3012 85 40 Les
875 3017 157 34 autres
1049 3011 215 53 épreuves
1287 3017 77 33 ont
1382 3010 149 40 révélé
1546 3010 54 40 de
1611 3010 141 54 jolies
1774 3011 105 40 voix
1902 3010 177 54 légères
2102 3016 41 34 et

150 3078 216 52 fraîches,
392 3079 77 40 des
485 3080 167 38 talents
668 3079 188 40 sérieux
872 3081 112 37 mais
1001 3078 53 40 de
1079 3079 156 39 valeur
1254 3078 192 52 inégale.
1477 3078 52 38 M
1538 3078 38 22 nQ
1599 3078 172 49 Cornes,
1797 3078 112 40 dans
1932 3079 209 49 Carmen,

152 3162 26 26 a
198 3161 80 27 cru
298 3149 93 38 très
414 3147 98 39 bien
530 3145 128 54 faire
679 3159 49 27 en
745 3152 195 40 prenant
961 3159 82 26 une
1072 3147 148 38 allure
1244 3145 396 53 ultra-espagnole
1682 3152 43 33 et
1759 3153 278 45 provocante
2058 3160 11 25 :
2107 3148 38 38 le

148 3215 153 54 public
323 3228 25 26 a
372 3214 71 40 été
480 3227 56 26 un
563 3227 88 40 peu
675 3213 174 54 choqué
883 3214 53 39 de
962 3220 118 33 cette
1103 3213 318 54 exagération.
1448 3213 121 39 Dans
1601 3213 40 40 le
1663 3213 203 42 Médecin
1889 3216 173 49 malgré
2084 3216 61 40 lui

155 3284 141 52 [scène
327 3281 58 40 du
409 3296 23 27 2
440 3290 14 15 e
473 3280 133 53 acte),
630 3281 66 39 M.
721 3280 219 52 Saraillé,
966 3280 179 53 malgré
1173 3293 68 27 ses
1265 3279 172 54 efforts,
1463 3281 110 38 n'est
1592 3281 128 51 point
1737 3295 198 39 parvenu
1961 3282 24 39 à
2018 3284 129 49 faire

155 3352 97 37 rire
274 3350 39 39 le
327 3349 167 53 public.
510 3349 64 40 M.
595 3349 179 54 Payan,
792 3347 110 40 dans
922 3347 61 41 La
1008 3349 113 52 Jolie
1145 3349 109 39 Fille
1272 3349 52 39 de
1343 3347 138 42 Perth
1501 3348 11 52 (
1517 3351 131 37 scène
1672 3348 174 41 célèbre
1865 3349 56 40 du
1945 3363 23 26 2
1976 3356 15 16 e
2011 3350 134 54 acte),

156 3419 67 37 n'a
244 3430 82 39 pas
357 3416 180 39 montré
560 3429 122 39 asse\
715 3415 53 40 de
789 3415 262 54 pathétique
1060 3427 16 39 ;
1101 3415 66 40 M.
1192 3415 201 51 Nansen,
1416 3414 112 41 dans
1549 3417 38 38 le
1610 3416 100 40 rôle
1733 3417 53 40 de
1809 3417 54 41 D.
1889 3417 121 52 José,
2037 3431 27 27 a
2080 3417 69 41 été

158 3497 54 27 un
232 3497 85 38 peu
322 3483 156 54 froid,
495 3489 41 34 et
553 3497 25 26 a
599 3483 157 40 chanté
779 3483 54 40 de
854 3485 42 38 la
918 3495 150 41 gorge
1086 3499 12 32 ;
1120 3483 68 40 M.
1211 3482 190 53 Canaux
1423 3483 117 50 (rôle
1562 3483 54 40 de
1638 3485 259 52 Leporello)
1924 3499 26 26 a
1973 3486 176 40 montré
