2263 3718
145 159 78 46 380

759 167 144 29 COURS
938 167 59 28 DU
1033 162 200 33 COLLÈGE
1270 167 56 26 DE
1361 166 170 28 FRANCE

144 274 19 24 «
199 261 191 52 laquelle
411 261 62 40 les
496 259 185 42 femmes
701 272 181 38 grosses
908 273 44 26 se
976 260 210 39 vouaient
1205 272 114 40 pour
1341 261 124 38 avoir
1496 259 197 40 heureux
1729 267 40 32 et
1794 258 101 41 bref
1915 261 213 40 accouche-

144 343 20 24 «
200 339 133 31 ment.
360 329 63 40 La
447 331 224 50 princesse
694 329 118 40 n'eut
832 342 79 38 pas
932 328 143 52 plutôt
1109 328 186 40 rachevé
1315 337 110 32 cette
1449 330 160 50 prière,
1646 326 161 54 qu'elle
1840 328 218 40 accoucha
2096 330 58 39 du

140 412 23 24 <(
198 400 150 51 prince
372 400 74 50 qui
470 397 264 41 commande
757 401 21 35 à
798 402 178 47 présent
998 401 21 36 à
1045 397 40 40 la
1111 397 185 40 France.
1322 397 63 40 Le
1407 396 89 41 bon
1531 396 168 53 Henry,
1726 397 159 52 rempli
1910 397 132 40 d'une
2070 398 85 51 joie

143 482 19 23 «
196 467 226 50 indicible,
441 469 79 39 mit
539 468 39 39 la
597 468 157 40 chaîne
770 466 96 42 d'or
888 482 55 26 au
967 467 82 48 col,
1077 476 40 32 et
1144 468 39 40 la
1213 466 119 42 boîte
1355 473 58 35 où
1437 468 105 39 était
1579 480 82 27 son
1693 475 239 32 testament
1966 466 115 40 dans
2115 466 40 41 la

142 550 20 24 «
196 539 121 38 main
338 537 52 40 de
422 537 39 39 la
503 538 224 50 princesse
771 550 48 27 sa
849 535 106 53 fille,
979 536 61 40 lui
1066 536 151 40 disant
1243 550 8 26 :
1285 535 125 41 Voilà
1439 535 74 54 qui
1543 541 59 34 est
1632 539 24 36 à
1682 550 118 36 vous,
1827 550 67 24 ma
1917 534 105 52 fille,
2048 534 107 40 mais

141 619 19 24 «
195 605 85 40 ceci
301 611 57 34 est
374 608 24 36 à
421 604 86 40 moi
527 616 9 39 ;
562 614 41 32 et
626 614 189 44 prenant
840 604 182 42 l'enfant
1046 605 113 41 dans
1199 619 45 27 sa
1279 605 144 51 grand
1463 603 125 51 robe,
1635 604 28 40 il
1702 602 234 55 l'emporta
1971 604 111 40 dans
2107 618 46 26 sa

140 688 20 24 ((
190 673 211 41 chambre
424 680 56 34 où
499 674 29 39 il
553 674 37 40 le
615 673 48 42 fit
686 675 312 41 accommoder
1019 687 37 27 ».
1079 672 101 43 Suit
1204 673 246 42 l'anecdote
1474 687 76 28 sur
1573 674 38 39 la
1637 687 167 37 gousse
1835 673 103 41 d'ail
1962 673 108 40 dont
2091 673 63 40 les

137 743 141 40 lèvres
297 743 58 40 du
376 748 287 36 nouveau-né
682 743 146 42 furent
854 743 197 49 frottées,
1074 752 41 33 et
1156 757 76 27 sur
1268 744 38 40 la
1345 757 141 39 coupe
1529 743 54 41 de
1621 745 74 38 vin
1733 743 108 41 dont
1882 756 56 27 on
1974 742 61 41 lui
2075 743 79 40 mit

137 825 53 27 en
214 813 38 39 la
278 811 174 42 bouche
476 826 19 25 «
521 827 86 27 une
624 822 155 43 goutte
804 811 104 55 qu'il
933 814 144 40 avalla
1103 812 85 42 fort
1211 812 103 42 bien
1340 826 38 27 ».

193 880 124 42 Voici
348 890 110 33 cette
481 884 274 40 incantation
778 882 59 53 (je
860 883 205 52 l'appelle
1091 884 131 47 ainsi,
1250 897 74 25 car
1346 883 39 39 le
1411 896 102 26 sens
1536 882 53 41 de
1609 882 40 40 la
1672 883 144 51 prière
1839 880 206 41 adressée
2068 884 21 36 à
2115 880 39 40 la

136 949 163 52 Vierge
318 965 46 27 se
382 952 196 41 rattache
600 967 82 26 aux
702 952 101 52 plus
823 953 206 49 antiques
1054 964 238 38 croyances
1317 952 77 39 des
1415 949 231 55 primitifs)
1673 962 7 28 :

761 1081 223 32 CANTIQUE
1018 1082 56 25 DE
1105 1082 166 32 JEANNE
1306 1066 216 42 D'ALBRET
