2263 3718
137 170 76 47 378

823 180 325 27 PUBLICATIONS
1184 180 261 28 NOUVELLES

134 276 92 38 rien
247 275 77 40 des
347 289 204 37 gammes
571 275 228 51 exotiques
825 285 9 37 ;
853 274 28 39 il
905 287 54 27 ne
983 274 148 40 donne
1154 288 80 38 pas
1255 275 54 39 de
1329 273 333 52 bibliographie
1686 288 8 33 ;
1721 273 29 39 il
1775 273 134 40 laisse
1942 279 170 50 complè-

134 352 165 33 tement
319 345 52 40 de
392 347 94 38 côté
503 343 214 40 l'histoire
737 343 77 40 des
847 343 192 40 théories
1061 356 75 27 sur
1159 343 38 40 la
1229 356 194 37 gamme.
1464 340 280 43 Souhaitons
1777 343 248 51 cependant
2058 359 86 37 que

133 412 187 41 l'auteur
340 423 167 37 trouve,
527 412 112 39 dans
660 411 38 40 le
719 411 163 52 public,
907 411 38 40 la
971 416 289 47 récompense
1281 412 181 39 méritée
1486 425 80 38 par
1585 425 47 26 ce
1651 411 143 50 grand
1821 411 158 40 travail
2003 411 6 38 !

193 518 360 41 BIBLIOGRAPHIE
587 530 82 27 DES
704 516 308 41 BÉNÉDICTINS
1047 531 55 25 DE
1127 531 51 25 LA
1196 515 358 42 CONGRÉGATION
1590 531 55 24 DE
1668 516 199 41 FRANCE.
1956 514 117 42 Sous
2097 531 45 26 ce

137 587 99 39 titre
256 588 120 38 vient
396 586 53 40 de
470 590 191 47 paraître
686 584 122 52 (chez
841 585 276 52 Champion)
1141 600 57 25 un
1234 585 179 40 volume
1444 587 75 50 qui
1550 585 171 40 semble
1760 593 175 32 surtout
1971 585 173 40 destiné

136 669 82 25 aux
240 654 225 40 membres
489 654 52 40 de
566 654 37 39 la
629 656 338 49 congrégation,
995 655 112 39 mais
1131 660 57 34 où
1212 654 63 40 les
1298 655 242 40 musiciens
1563 653 211 53 profanes
1812 662 102 32 sont
1946 653 198 41 heureux

134 722 54 40 de
221 731 226 31 retrouver
488 722 275 41 l'indication
794 724 76 39 des
903 732 181 31 travaux
1114 723 54 40 de
1206 722 114 42 Dom
1361 722 198 49 Pothier,
1598 722 52 40 D.
1688 720 189 48 Schmit,
1914 721 51 41 D.
1994 720 151 44 André

134 788 319 54 Mocquereau,
493 790 51 40 D.
584 790 109 55 Jean
736 791 193 49 Parisot,
969 790 53 41 D.
1076 790 189 42 Etienne
1307 791 278 51 Bourigaud,
1627 790 53 40 D.
1722 790 189 40 Charles
1953 788 189 52 Mégret,

134 857 52 41 D.
225 858 226 51 Augustin
488 858 185 49 Gatard,
722 859 52 41 D.
816 859 198 42 Casiano
1053 860 129 54 Rojo,
1218 870 80 31 etc.
1328 872 8 38 ;
1385 859 257 42 n'oublions
1683 873 80 39 pas
1799 858 115 42 Dom
1952 858 195 41 Antoine

135 926 211 54 Delpech,
371 927 330 42 collaborateur
723 929 78 40 des
818 931 215 51 premiers
1050 930 203 40 volumes
1276 930 107 39 delà
1410 928 321 55 Paléographie
1751 927 202 40 musicale
1961 961 7 15 ,
1991 936 156 32 auteur

135 994 499 55 d'accompagnements
677 998 185 50 d'orgue
908 1011 114 38 pour
1064 998 38 39 le
1152 997 178 52 Kyriale
1363 1006 41 31 et
1460 998 63 39 les
1552 1011 228 38 psaumes,
1825 999 44 38 ni
1906 997 62 40 les
2011 995 135 42 Noëls

136 1065 173 40 anciens
350 1066 52 40 de
425 1065 116 42 Dom
566 1066 194 51 Legeay.
788 1065 125 41 Cette
935 1065 333 51 bibliographie
1286 1065 280 40 bénédictine
1599 1067 36 38 si
1676 1065 209 40 brillante
1908 1074 65 31 est
1994 1069 127 47 précé-

136 1134 79 39 dée
235 1134 131 39 d'une
391 1133 303 41 Introduction
717 1147 9 34 ;
752 1134 82 39 elle
859 1136 194 37 contient
1076 1147 87 26 une
1187 1135 144 38 notice
1349 1147 76 26 sur
1458 1133 38 40 le
1519 1133 198 40 cardinal
1739 1132 139 50 Pitra,
1905 1141 56 39 et,
1986 1146 105 27 avec
2107 1133 39 40 le

136 1204 186 48 portrait
356 1201 53 40 de
442 1214 47 27 ce
524 1201 192 47 dernier,
757 1201 111 40 celui
893 1201 52 40 de
978 1200 113 41 Dom
1136 1199 279 52 Guéranger.
1452 1200 98 41 Elle
1589 1210 66 31 est
1697 1205 233 48 présentée
1968 1203 178 39 suivant

137 1269 160 40 l'ordre
333 1268 316 53 alphabétique
688 1268 76 40 des
802 1282 129 27 noms
959 1282 186 39 propres
1164 1281 9 34 ;
1209 1270 112 40 dans
1357 1284 58 26 un
1439 1270 155 40 travail
1617 1270 177 40 destiné
1817 1284 54 27 au
1896 1269 165 53 public,
2088 1284 57 27 on

136 1342 72 34 eût
232 1336 342 52 probablement
599 1337 161 52 adopté
794 1352 58 26 un
885 1347 124 31 autre
1029 1338 120 52 plan.

193 1440 53 40 D.
270 1439 159 42 ANDRÉ
451 1440 320 46 MOCQUEREAU
801 1441 90 40 :Le
908 1442 138 39 décret
1064 1442 56 39 du
1141 1458 51 37 iq
1212 1442 162 51 février
1400 1442 109 54 igoô
1549 1442 50 40 de
1640 1442 39 40 la
1721 1442 48 39 S.
1811 1442 334 53 Congrégation

136 1509 71 40 des
229 1509 115 40 Rites
360 1515 37 34 et
419 1509 57 40 les
505 1509 163 53 Signes
690 1509 258 54 rythmiques
967 1510 72 40 des
1060 1510 276 40 Bénédictins
1359 1512 50 38 de
1431 1509 212 41 Solesmes
1650 1544 8 17 ,
1684 1510 221 41 brochure
1928 1511 52 39 de
2008 1524 45 38 25
2083 1525 61 37 p.,

138 1578 102 40 chez
266 1577 195 41 Desclée.
575 1576 118 42 Sous
731 1592 45 26 ce
799 1580 115 49 titre,
954 1579 38 39 le
1022 1588 156 31 savant
1195 1580 221 39 directeur
1434 1579 54 40 de
1512 1579 40 40 la
1589 1578 325 55 Paléographie
1945 1579 202 40 musicale

138 1646 153 51 publie
307 1660 87 26 une
417 1646 220 41 brochure
663 1646 120 52 (chez
807 1645 201 53 Desclée)
1031 1653 56 34 où
1112 1648 28 39 il
1164 1648 233 40 démontre
1420 1657 6 25 :
1452 1654 36 33 i°
1512 1660 86 39 que
1618 1647 63 40 les
1699 1649 152 49 signes
1865 1648 280 52 rythmiques

137 1714 238 40 introduits
418 1715 110 39 dans
571 1715 38 39 la
658 1717 202 39 notation
899 1715 58 41 du
982 1716 281 52 plain-chant
1300 1716 324 51 (allongement
1663 1716 54 40 de
1752 1716 39 40 la
1817 1729 145 39 queue
1984 1717 54 40 de
2057 1731 66 26 cer-

138 1784 142 39 taines
301 1791 142 39 notes,
469 1785 107 50 petit
600 1785 100 38 trait
722 1784 180 39 vertical
944 1784 125 52 placé
1108 1797 75 27 sur
1218 1785 38 39 le
1292 1787 96 38 côté
1423 1785 77 40 des
1524 1793 127 32 notes
1683 1798 55 27 en
1761 1785 203 52 losange)
1986 1794 100 32 sont
2104 1787 40 39 la

136 1853 223 50 propriété
381 1852 77 39 des
482 1851 283 41 Bénédictins
785 1866 9 34 ;
818 1866 19 25 2
844 1858 14 16 0
882 1865 85 38 que
988 1853 38 39 la
1052 1851 122 42 Cour
1197 1855 217 46 romaine,
1436 1862 94 31 tout
1552 1867 54 26 en
1626 1853 168 41 éditant
1811 1854 251 40 elle-même
2083 1855 62 40 les

138 1919 131 40 livres
287 1920 54 39 de
364 1920 149 48 chant,
538 1924 133 46 grâce
708 1935 54 26 au
787 1925 221 46 généreux
1034 1921 209 41 abandon
1265 1935 85 39 que
1368 1923 62 39 les
1455 1922 285 40 Bénédictins
1774 1923 60 40 lui
1872 1931 76 32 ont
1984 1921 78 42 fait
2092 1923 53 40 de

136 1987 118 41 leurs
275 1997 182 32 travaux
481 2002 53 27 en
571 2003 120 38 1904,
737 2004 21 25 a
797 1991 207 49 autorisé,
1051 1994 21 35 à
1116 1992 189 38 maintes
1331 1992 208 51 reprises,
1583 1989 197 54 l'emploi
1804 1991 53 40 de
1897 2005 71 27 ces
1992 1993 153 48 signes

135 2057 293 51 rythmiques,
450 2065 166 45 pourvu
658 2057 122 55 quils
803 2072 50 25 ne
875 2057 216 55 changent
1121 2067 76 45 pas
1215 2058 40 40 la
1265 2059 150 53 forme
1434 2060 50 38 de
1507 2058 41 40 la
1572 2064 110 34 note.
1776 2058 366 42 Démonstration

138 2139 59 25 un
221 2138 84 39 peu
329 2134 311 43 surprenante,
666 2140 55 26 en
741 2128 154 46 vérité,
930 2135 40 31 et
1004 2128 75 50 qui
1101 2127 134 40 laisse
1259 2140 286 39 soupçonner
1568 2128 78 40 des
1667 2128 205 49 dessous,
1898 2129 53 39 de
1973 2142 171 37 vagues

140 2193 216 40 schismes
380 2194 382 52 typographiques
788 2194 7 38 !
823 2195 29 39 Il
877 2210 26 37 y
929 2209 21 26 a
975 2194 120 52 bien,
1129 2196 112 40 dans
1265 2196 63 40 les
1364 2204 137 32 textes
1523 2195 197 49 officiels,
1747 2205 94 32 tout
1865 2211 46 26 ce
1944 2211 86 37 que
2050 2197 95 40 leur

138 2260 76 42 fait
238 2262 93 39 dire
356 2261 115 41 Dom
496 2262 299 53 Mocquereau
821 2278 7 25 :
863 2265 113 38 mais
1008 2264 28 39 il
1056 2279 27 37 y
1107 2278 19 25 a
1153 2265 121 39 aussi
1295 2264 77 41 des
1396 2269 215 47 réserves,
1635 2265 79 40 des
1740 2264 272 51 ambiguités
2036 2266 108 41 dont

138 2330 28 38 il
197 2343 53 27 ne
275 2331 106 39 tient
423 2344 81 38 pas
539 2340 190 43 compte.
759 2331 120 40 Dans
913 2345 70 26 ses
1006 2331 146 41 divers
1190 2342 134 39 actes,
1365 2333 39 39 la
1439 2346 107 27 cour
1570 2335 200 39 romaine
1803 2348 20 25 a
1851 2338 174 35 montré
2060 2348 86 27 une

138 2398 261 51 diplomatie
423 2399 211 40 italienne
657 2401 91 50 qui,
788 2408 96 44 trop
915 2409 204 42 souvent,
1159 2415 195 37 manqua
1379 2401 53 39 de
1467 2406 177 36 netteté.
1684 2401 122 40 Pour
1838 2415 129 35 nous,
1994 2401 151 42 l'école

140 2467 200 38 normale
359 2467 58 40 du
437 2467 284 52 plain-chant
747 2477 65 32 est
834 2469 104 39 chez
963 2469 62 39 les
1058 2469 285 40 Bénédictins
1362 2468 120 50 (bien
1501 2484 86 37 que
1604 2483 114 28 nous
1740 2471 299 52 n'acceptions
2065 2485 80 38 pas

140 2534 118 40 leurs
281 2535 226 41 dernières
526 2536 193 40 théories
737 2551 76 25 sur
837 2537 38 39 le
910 2537 190 51 rythme)
1126 2545 40 31 et
1187 2550 88 27 non
1298 2537 197 41 ailleurs.
1518 2537 118 41 Tout
1657 2539 38 39 le
1719 2547 115 32 reste
1869 2538 274 53 (privilèges,

140 2602 116 41 droit
275 2603 291 52 d'imprimer,
592 2603 139 53 etc...)
758 2613 65 31 est
865 2603 153 42 affaire
1054 2605 53 40 de
1130 2618 262 28 commerce.
1531 2606 123 41 Dans
1688 2621 46 26 sa
1770 2606 236 49 brochure,
2030 2608 114 41 Dom

140 2671 301 51 Mocquereau
483 2674 81 38 cite
601 2686 86 26 une
710 2673 230 39 circulaire
964 2674 57 39 du
1063 2674 225 51 président
1312 2675 58 40 du
1395 2673 182 42 Conseil
1603 2675 208 51 français,
1836 2678 91 50 qui,
1954 2683 129 46 après
2105 2678 40 39 la

140 2737 59 41 fin
223 2739 57 40 du
301 2740 214 51 privilège
534 2740 53 40 de
621 2740 77 40 fait
721 2741 189 40 concédé
944 2745 20 36 à
994 2757 57 25 un
1081 2743 172 39 éditeur
1274 2743 54 39 de
1351 2743 296 52 Ratisbonne,
1686 2747 136 38 invite
1857 2745 63 40 les
1954 2749 191 49 évêques

143 2810 21 35 à
183 2804 232 55 n'adopter
437 2808 110 39 dans
581 2809 118 39 leurs
735 2809 199 40 diocèses
975 2824 85 37 que
1092 2810 76 40 des
1201 2810 132 42 livres
1366 2813 232 51 imprimés
1637 2826 80 38 par
1744 2813 77 39 des
1865 2813 281 40 travailleurs

141 2876 205 49 français.
368 2876 231 52 Pourquoi
623 2876 145 41 faut-il
802 2891 86 38 que
909 2877 187 41 l'auteur
1117 2879 124 40 raille
1264 2888 111 32 cette
1406 2880 230 40 circulaire
1658 2889 42 32 et
1730 2897 27 36 y
1798 2883 100 39 voie
1924 2895 19 24 «
1969 2896 58 26 un
2052 2890 94 32 acte

141 2944 242 40 d'hostilité
415 2954 151 30 contre
588 2944 228 41 Solesmes
840 2958 18 24 »
887 2950 16 35 ?
943 2945 97 41 Elle
1081 2955 65 32 est
1188 2947 349 52 irréprochable.

195 3047 144 40 EMILE
362 3048 187 40 BOUANT
573 3059 7 27 :
602 3048 164 51 Leçons
789 3048 50 39 de
860 3048 202 54 physique
1084 3052 24 36 à
1132 3049 25 39 V
1164 3064 133 39 usage
1330 3051 71 39 des
1424 3051 132 53 lycées
1579 3052 50 38 de
1641 3051 155 53 jeunes
1822 3051 114 53 filles
1944 3084 7 15 ,
1983 3066 10 25 1
2035 3052 109 47 vol.,

141 3115 77 50 235
244 3130 214 36 gravures
481 3116 168 40 d?nsle
674 3125 127 38 texte,
824 3117 103 39 chez
949 3116 154 50 Alcan,
1128 3132 19 25 2
1173 3118 52 40 fr.
1251 3122 68 37 80.
1448 3119 62 41 Ce
1539 3121 107 50 petit
1680 3120 124 47 livre,
1843 3121 108 39 écrit
1973 3134 82 38 par
2086 3135 59 26 un

140 3185 154 39 ancien
318 3185 121 39 élève
463 3185 53 39 de
541 3184 11 39 1
571 3184 135 40 Ecole
735 3185 217 46 normale,
979 3187 185 51 aujourd
1187 3187 75 39 hui
1283 3186 257 53 professeur
1562 3201 55 26 au
1641 3187 120 53 lycée
1795 3187 349 52 Charlemagne,

141 3253 154 39 mérite
317 3252 135 40 d'être
476 3252 173 50 signalé
684 3253 70 49 ici,
786 3267 88 32 car,
901 3253 110 39 dans
1032 3253 63 40 les
1122 3269 50 37 47
1199 3257 240 50 premières
1460 3269 155 38 pages,
1640 3255 28 40 il
1694 3260 176 37 résume
1912 3266 41 31 et
1984 3271 162 38 expose

141 3325 86 35 très
247 3321 257 40 clairement
529 3321 61 39 les
612 3321 83 40 lois
718 3321 53 39 de
795 3321 306 52 l'acoustique.

196 3421 216 41 ADOLPHE
437 3422 212 41 BOSCHOT
671 3423 64 41 :A
740 3439 21 24 a
776 3424 199 53 jeunesse
994 3424 101 40 d'un
1132 3426 282 54 romantique,
1455 3426 160 41 Hector
1639 3428 173 41 Berlioz
1851 3428 293 55 (1803-1831),

141 3488 173 54 d'après
334 3492 53 38 de
411 3491 245 41 nombreux
680 3493 261 41 documents
963 3494 176 47 inédits,
1163 3508 102 26 avec
1291 3497 108 38 trois
1424 3498 226 49 portraits,
1680 3512 10 24 1
1719 3498 105 48 vol.,
1852 3511 68 38 541
1955 3514 61 37 p.,
2043 3499 103 40 chez
