2433 3930
1142 353 115 55 390

332 496 73 60 Et
437 515 10 42 :

826 614 70 46 La
917 614 132 47 voile
1079 616 202 47 incisait
1305 616 283 48 l'horizon?

335 754 151 60 Mais
520 773 120 58 que
671 760 136 55 tout
840 755 139 60 cela
1019 776 160 40 nous
1214 758 239 59 semble
1487 760 209 59 moins
1728 777 187 57 grave
1940 778 120 60 que
2090 779 67 41 ce

259 845 294 75 suprême
604 845 89 59 cri
727 844 510 79 d'aveuglement
1266 866 13 40 :

649 986 71 47 La
739 986 80 49 vie
843 990 76 45 est
941 985 238 51 l'aliment
1202 989 61 47 de
1290 988 220 48 l'infâme
1539 990 228 48 douleur.

336 1121 170 58 Nous
537 1139 231 40 savons
796 1124 109 76 gré
937 1127 37 54 à
1004 1125 84 60 M.
1121 1122 357 60 Declareuil
1511 1124 107 58 des
1646 1124 273 59 instants
1941 1126 180 76 agréa-

256 1207 137 61 bles
424 1228 119 58 que
570 1229 160 41 nous
767 1215 110 55 ont
904 1211 181 60 valus
1115 1229 101 42 ces
1245 1211 310 78 Prestiges
1592 1219 60 52 et
1693 1231 160 42 nous
1896 1214 220 58 souhai-

255 1301 146 55 tons
433 1298 117 59 lire
599 1299 249 58 bientôt
882 1320 14 37 :
943 1299 113 59 Les
1103 1298 238 59 Heures
1369 1299 263 79 [Bleues.

337 1657 70 58 N.
445 1657 66 56 B.
670 1656 75 57 M,
791 1657 255 57 Francis
1093 1653 474 70 Vielé-Griffin,
1626 1656 403 75 interrompu
2077 1673 79 41 au

261 1760 187 42 cours
481 1743 74 59 de
588 1746 97 57 cet
716 1743 222 59 article
961 1762 117 59 par
1101 1762 122 41 une
1244 1761 382 41 occurrence
1649 1743 508 69 irrémissible,le

263 1831 311 75 complète
605 1837 37 54 à
670 1831 65 58 la
767 1832 146 57 hâte
943 1850 76 41 en
1054 1832 198 57 citant
1287 1831 313 76 l'opinion
1639 1831 422 58 intéressante
2104 1836 58 53 et

264 1922 402 74 compétente
731 1921 75 59 de
1533 1920 36 58 Y
1576 1919 219 59 Eclair
1218 1922 58 58 et
1338 1919 87 59 du
1482 1917 680 73 New-,

261 2025 108 41 sur
398 2007 92 60 les
522 2013 218 72 poètes
773 2010 277 76 Georges
1093 2007 393 60 Rodenbach
1519 2011 58 55 et
1609 2007 237 59 Robert
1889 2007 75 59 de
1991 2009 132 57 Mon-

263 2101 90 54 tes
363 2096 104 78 qui
476 2114 34 41 o
519 2099 127 56 u-F
652 2117 284 52 esenzac,
971 2115 226 42 encore
1251 2098 367 57 d'actualité
1656 2115 10 39 :

264 2371 146 63 «Le
445 2390 292 57 voyage
767 2380 188 53 dans
985 2377 112 55 les
1127 2391 199 53 yeux
1359 2378 95 52 du
1484 2377 210 66 poète
1717 2374 451 56 Rodenbach

383 2471 106 52 La
520 2463 616 58 communication
1169 2467 94 51 du
1294 2465 310 54 docteur
1632 2465 87 52 de
1765 2463 283 66 Geynst

557 2556 87 53 10
678 2555 71 53 et
778 2555 117 53 45.
931 2555 204 53 —Le
1168 2552 206 69 doigt
1417 2555 192 52 dans
1642 2547 192 60 l'œil.
1896 2568 31 34 »

349 2722 93 59 Un
487 2720 107 58 des
640 2717 141 78 plus
821 2717 369 59 troublants
1232 2720 221 74 poètes
1492 2716 74 59 de
1606 2734 69 41 ce
1717 2721 207 70 temps
1966 2719 58 56 et
2065 2716 108 57 des

268 2810 141 78 plus
442 2808 242 77 exquis,
721 2808 76 57 M.
831 2806 279 76 Georges
1136 2806 418 70 Rodenbach,
1591 2805 174 57 vient
1800 2805 74 57 de
1911 2804 263 58 chanter

269 2917 76 39 en
384 2916 86 39 un
508 2898 224 75 poème
769 2893 188 59 d'une
998 2893 190 58 noble
1235 2898 59 54 et
1326 2910 144 41 rare
1511 2891 303 66 sonorité,
1851 2891 92 59 les
1987 2890 184 60 Yeux.

268 2988 49 57 Il
353 2985 157 59 n'est
551 3002 112 58 pas
706 2982 254 77 éloigné
1003 2982 244 58 d'avoir
1287 2982 157 58 écrit
1473 2999 85 40 un
1590 2980 480 70 chef-d'œuvre,
2105 2997 70 40 ce

268 3079 221 55 maitre
522 3072 278 73 ouvrier,
837 3087 273 60 penseur
1136 3070 221 70 subtil,
1398 3069 284 76 analyste
1720 3073 167 63 ému,
1929 3068 247 76 peintre

269 3163 427 76 enveloppant
736 3167 37 52 à
812 3158 108 79 qui
964 3177 160 41 nous
1165 3159 239 58 devons
1436 3156 563 78 Bruges-la-Morte
2033 3161 57 54 et
2119 3157 58 58 le

269 3252 202 80 Règne
764 3250 84 60 du
943 3247 98 71 Silence,
1042 3247 96 77 qui
1139 3248 273 75 comptent
1454 3244 209 78 parmi
1694 3244 93 59 les
1820 3262 247 42 œuvres
2103 3244 74 58 de

265 3344 65 58 la
362 3342 141 79 plus
543 3338 165 61 belle
739 3356 206 41 venue
981 3335 103 80 [1).
1120 3337 86 57 En
1265 3336 91 58 les
1411 3351 182 61 yeux,
1652 3351 66 41 ce
1770 3333 155 78 qu'il
1980 3352 36 41 a
2062 3333 114 59 vu!

328 3523 43 47 i.
405 3520 198 56 Eclair,
629 3516 29 47 4
690 3516 124 49 avril
846 3515 58 48 93
