2433 3930
1160 358 119 60 425

271 500 95 34 une
402 486 195 60 époque
630 485 248 61 pacifique
907 499 27 32 a
963 482 274 49 manifesté
1259 484 49 45 la
1336 481 167 48 même
1529 480 251 47 bravoure
1810 477 126 47 dans
1966 490 66 33 un
2055 489 118 33 sens

273 560 60 44 de
375 557 316 59 dialectique.

331 628 72 46 La
428 627 226 46 victoire
681 628 76 46 est
788 640 161 31 venue
980 624 248 49 d'ailleurs
1256 626 113 58 plus
1405 623 193 60 grande
1626 636 127 46 pour
1794 621 48 47 le
1872 618 303 62 philosophe

272 712 95 46 que
402 712 125 46 pour
558 698 76 46 les
670 696 298 48 chevaliers.

333 769 139 46 Dans
512 783 93 32 son
644 768 244 61 Esquisse
931 765 290 61 historique
1250 764 64 48 de
1355 765 55 47 la
1452 763 287 60 Sociologie
1747 800 12 20 ,
1790 763 47 47 le
1881 762 292 61 professeur

275 839 198 47 célèbre
517 839 61 46 de
628 837 306 48 l'université
977 838 61 46 de
1090 838 165 54 Gratz,
1300 834 372 61 Gumplowicz,
1700 835 45 46 le
1787 847 158 44 range
1989 835 27 43 à
2064 831 111 47 côté

276 910 278 56 d'Auguste
583 908 191 58 Comte,
809 920 198 33 comme
1033 906 99 47 l'un
1159 908 90 45 des
1291 908 132 44 vrais
1452 906 287 46 fondateurs
1767 905 61 46 de
1870 904 48 46 la
1960 904 215 47 Science

278 981 89 46 des
400 980 232 47 sociétés.
661 978 71 47 Le
761 981 174 42 savant
967 978 194 45 sicilien
1199 976 211 56 Vadala,
1438 976 126 46 dans
1592 989 92 34 son
1725 974 126 47 livre
1893 974 195 45 intitulé
2126 974 47 45 le

276 1050 339 47 Darwinisme
646 1047 208 47 naturel
877 1049 50 45 et
953 1047 44 46 le
1019 1046 339 47 Darwinisme
1381 1044 162 48 social
1574 1058 176 33 assure
1775 1058 96 45 que
1899 1060 24 25 «
1945 1044 228 45 l'illustre

278 1120 291 54 sociologue
602 1117 212 59 français
850 1135 25 22 »
927 1129 199 33 comme
1151 1116 32 44 il
1225 1129 205 34 nomme
1468 1115 73 45 M.
1575 1116 61 44 de
1672 1113 241 59 Roberty,
1960 1115 213 57 dépasse

278 1191 60 43 de
365 1190 261 54 beaucoup
654 1186 246 58 Spencer,
930 1183 264 59 Schaeffle,
1223 1186 96 44 etc.
1348 1186 75 44 En
1455 1183 135 46 Italie
1616 1182 253 47 d'ailleurs
1893 1182 282 47 l'influence

278 1259 60 45 de
366 1271 79 32 ses
483 1258 206 43 travaux
714 1257 76 44 est
836 1253 368 47 considérable.
1256 1253 188 59 Vanni,
1494 1253 209 60 Ardigo,
1747 1252 283 60 Colajanni,
2065 1251 84 48 Cri-

277 1327 117 47 velli
427 1327 48 46 et
499 1327 263 57 beaucoup
790 1323 215 48 d'autres
1032 1323 221 47 écrivent
1282 1327 26 43 à
1333 1324 214 46 maintes
1573 1323 221 60 reprises
1818 1322 110 48 leur
1954 1323 192 47 admira-

277 1398 122 46 tion.
447 1398 66 46 Le
544 1394 296 57 sociologue
882 1393 164 58 belge,
1076 1393 285 47 Guillaume
1404 1394 61 46 de
1500 1392 169 58 Greef,
1698 1392 150 59 après
1880 1394 138 46 avoir
2050 1392 126 48 lutté

278 1469 174 46 contre
487 1466 73 46 les
586 1466 218 45 théories
832 1465 60 46 de
934 1466 146 45 notre
1113 1465 317 59 philosophe,
1458 1465 281 47 contraires
1786 1466 27 44 à
1853 1463 298 49 l'évolution-

280 1539 161 43 nisme
469 1538 249 44 reconnut
739 1534 315 58 l'originalité
1077 1536 49 45 et
1142 1535 47 46 la
1212 1535 268 60 puissance
1507 1535 61 46 de
1595 1548 58 33 sa
1675 1534 246 47 doctrine.
1940 1534 237 58 Naguère

280 1609 47 44 le
353 1607 41 45 D
403 1615 16 22 r
449 1606 62 46 N.
540 1605 268 60 Colajanni
850 1604 206 61 publiait
1084 1619 57 33 ce
1175 1606 267 59 jugement
1470 1619 11 32 :
1510 1623 27 26 «
1570 1604 78 47 En
1674 1606 132 55 vain,
1852 1605 144 56 dit-il,
2026 1605 121 48 cher-

282 1679 281 45 cherait-on
599 1677 121 46 chez
765 1690 131 33 nous
925 1679 80 57 (en
1042 1676 152 61 Italie)
1227 1677 90 46 des
1363 1690 246 46 ouvrages
1636 1677 61 46 de
1745 1676 212 60 critique
2003 1691 87 33 sur
2130 1679 48 45 la

282 1748 235 59 présente
549 1747 342 57 organisation
916 1745 335 61 économique
1282 1760 63 33 ou
1376 1760 86 33 sur
1486 1747 47 46 la
1557 1748 404 46 reconstruction
1988 1748 187 46 sociale

287 1817 82 58 qui
394 1817 229 58 puissent
651 1816 102 45 être
781 1816 262 59 comparés
1071 1820 25 41 à
1126 1830 127 33 ceux
1274 1817 61 46 de
1361 1817 248 58 Fourrier,
1634 1817 61 47 de
1716 1817 372 60 Saint-Simon,
2114 1820 61 44 de

286 1886 296 55 Proudh.on,
612 1887 61 46 de
701 1886 210 55 Lasalle,
941 1887 61 44 de
1029 1887 244 60 Roberty,
1302 1887 61 46 de
1390 1886 160 58 Marx,
1579 1888 62 46 de
1668 1888 178 57 Owen,
1880 1889 136 46 etc...
2055 1906 28 24 »

347 1957 70 45 Le
446 1955 120 60 père
585 1955 188 60 jésuite
804 1955 262 46 Hermann
1096 1955 198 47 Gruber
1315 1957 122 45 écrit
1462 1958 104 46 ceci
1593 1969 62 33 en
1675 1958 101 47 tête
1802 1959 60 46 de
1889 1959 48 46 la
1963 1959 209 46 division

287 2028 60 44 de
376 2041 90 31 son
489 2025 176 46 travail
695 2024 244 47 consacré
978 2029 27 42 à
1030 2025 47 46 la
1101 2027 318 58 philosophie
1443 2028 248 58 française
1721 2041 12 34 :
1782 2046 26 25 «
1842 2030 74 46 En
1960 2029 212 57 France,

284 2098 73 44 les
389 2095 284 47 différentes
708 2095 186 47 formes
933 2096 60 46 de
1025 2096 46 46 la
1110 2098 315 58 philosophie
1460 2099 388 58 expérimentale
1888 2101 82 59 qui
2002 2103 175 44 surent

286 2178 211 34 secouer
526 2165 46 46 le
602 2165 129 58 joug
756 2165 61 46 de
853 2164 281 49 l'influence
1165 2166 188 47 directe
1380 2168 61 45 de
1468 2169 176 46 Comte
1674 2170 50 46 et
1764 2170 65 45 du
1865 2170 308 60 positivisme

284 2239 114 42 sont
422 2235 351 58 représentées
797 2248 89 45 par
917 2236 125 46 trois
1079 2250 148 33 noms
1261 2250 12 32 :
1303 2236 61 46 H.
1394 2237 170 58 Taine,
1595 2239 96 45 Th.
1734 2239 173 58 Ribot,
1942 2242 48 45 et
2015 2240 58 46 E.
2111 2242 61 45 de

278 2305 243 59 Roberty.
548 2303 43 47 A
618 2302 193 48 ceux-là
827 2317 53 33 se
905 2305 241 59 joignent
1167 2307 50 45 et
1241 2309 180 43 autour
1444 2306 140 47 d'eux
1604 2321 54 32 se
1679 2312 250 55 groupent
1959 2311 213 46 nombre

280 2375 214 47 d'autres
527 2373 247 47 écrivains
802 2375 348 59 philosophes,
1178 2377 337 59 naturalistes,
1547 2378 413 61 physiologistes,
1989 2385 48 42 et
2064 2381 74 44 mé-

280 2444 172 46 decins
480 2444 163 60 parmi
672 2443 225 60 lesquels
929 2460 129 31 nous
1085 2446 236 45 relevons
1345 2447 465 60 particulièrement
1836 2449 62 46 A.
1927 2449 246 60 Fouillée,

278 2516 45 45 J.
355 2514 191 60 Guyau,
581 2514 72 49 Cl.
682 2516 237 57 Bernard,
947 2514 91 49 Ch.
1067 2516 186 48 Richet
1278 2521 47 43 et
1354 2517 47 47 J.
1430 2518 154 61 Luys.
1623 2537 25 24 »

342 2584 105 55 Que
477 2584 97 46 l'on
605 2585 171 59 ajoute
807 2588 26 43 à
859 2599 84 33 ces
968 2587 292 58 jugements
1286 2602 127 33 ceux
1433 2590 61 46 de
1518 2589 130 47 MM.
1675 2590 247 58 Paulhan,
1947 2592 226 58 Picavet,

278 2655 185 56 Tarde,
497 2656 190 54 Arreat,
722 2655 188 59 Malon,
938 2658 186 58 Rosny,
1155 2658 166 58 Rossi,
1350 2658 225 48 Bernard
1599 2660 188 47 Lazare
1814 2665 48 44 et
1891 2677 131 33 nous
2055 2677 90 33 sau-

280 2738 122 33 rons
449 2725 247 57 posséder
734 2726 131 45 enfin
903 2739 98 34 une
1028 2728 241 47 méthode
1315 2729 59 46 de
1405 2730 319 61 philosophie
1762 2731 152 59 digne
1947 2734 61 46 de
2044 2749 131 32 nous

277 2795 220 46 séduire.

338 2867 291 46 Avez-vous
658 2865 69 58 lu,
760 2865 254 59 Madame,
1061 2870 84 60 qui
1185 2870 311 48 manifestiez
1547 2871 174 50 l'autre
1758 2875 119 56 soir,
1917 2877 142 46 votre
2101 2876 52 47 al-

275 2936 210 46 truisme
515 2933 325 60 intellectuel,
875 2936 52 47 la
952 2937 283 48 Recherche
1258 2940 61 47 de
1343 2940 189 49 VUnité
1556 2946 48 43 et
1631 2944 52 46 la
1705 2942 318 62 Sociologie?

337 3004 51 50 Si
417 3018 122 33 vous
574 3018 64 33 ne
681 3006 150 47 l'avez
856 3008 141 59 point
1037 3008 103 59 fait,
1183 3025 188 46 pensez
1404 3025 97 47 que
1531 3027 129 33 vous
1698 3029 129 31 vous
1871 3016 105 46 êtes
2007 3017 172 60 privée

272 3074 145 49 d'une
446 3077 153 57 petite
629 3076 144 47 visite
798 3078 124 46 dans
954 3078 74 47 les
1060 3081 154 45 cimes
1244 3082 302 61 spirituelles
1578 3087 66 43 où
1672 3098 130 33 nous
1830 3088 223 59 goûtons
2088 3087 91 47 des

263 3147 202 59 plaisirs
493 3147 186 59 pareils
714 3151 27 43 à
785 3161 127 34 ceux
947 3163 95 46 que
1086 3151 294 49 Beethoven
1420 3168 127 33 vous
1573 3154 143 59 livre,
1750 3159 49 44 et
1830 3158 216 46 souffrez
2081 3171 96 46 que

268 3217 54 58 je
348 3231 125 31 vous
502 3218 165 46 donne
703 3231 61 34 en
804 3219 220 60 quelque
1049 3222 228 48 manière
1306 3223 47 48 la
1380 3224 100 47 clef
1508 3225 66 46 du
1618 3225 181 60 trésor,
1830 3239 96 46 que
1959 3228 53 60 je
2049 3242 128 32 vous

265 3285 146 47 mène
449 3300 61 32 au
550 3288 129 45 seuil
709 3288 112 47 d'un
864 3290 187 60 temple
1101 3293 124 45 neuf
1265 3295 63 46 où
1361 3295 62 46 de
1468 3308 266 34 nouveaux
1775 3297 179 47 décors
2002 3311 52 33 se
2087 3295 61 49 dé-

259 3359 237 59 plieront.
545 3363 111 53 Car,
691 3375 129 45 pour
863 3364 125 54 cela,
1030 3379 129 33 vous
1204 3368 106 47 êtes
1347 3368 165 59 plèbe,
1546 3378 199 38 comme
1787 3368 49 47 la
1875 3370 147 59 plèbe
2067 3370 112 47 l'est

262 3441 132 46 pour
423 3429 46 45 la
498 3432 234 58 musique
764 3434 83 59 qui
877 3449 125 32 vous
1033 3436 225 49 charme.

325 3496 74 48 La
430 3512 123 42 peur
585 3501 59 44 de
691 3504 261 47 connaître
982 3505 74 47 les
1081 3505 125 61 jeux
1255 3509 61 45 de
1338 3507 110 47 l'art
1499 3509 399 59 philosophique
1949 3512 77 45 est
2076 3525 99 34 une
