2433 3930
1149 351 118 57 405

262 508 141 56 tout
447 503 75 59 de
578 503 160 60 suite
788 507 90 56 est
931 503 389 76 l'énergique
1374 501 268 59 attitude
1696 499 73 59 de
1821 498 346 60 neutralité

264 592 397 74 scientifique
704 593 225 78 qu'elle
971 611 36 41 a
1058 593 169 75 prise
1278 610 76 41 en
1406 591 262 58 matière
1719 588 335 78 religieuse
2107 592 62 56 et

266 699 113 42 son
412 682 198 77 esprit
639 682 216 77 laïque
891 681 227 78 qu'elle
1165 700 37 39 a
1242 681 347 57 nettement
1636 681 246 57 accusé.
1926 680 71 56 Et
2039 677 127 59 l'on

264 769 159 59 n'est
466 788 112 58 pas
611 774 127 56 très
784 771 275 59 satisfait
1103 770 186 57 d'une
1327 769 317 76 jeunesse,
1692 769 188 75 qu'on
1924 767 243 77 croyait

266 859 401 60 indifférente
700 878 80 39 ou
813 860 432 78 passivement
1272 856 255 77 acquise
1561 861 36 54 à
1628 858 75 55 M.
1743 856 73 57 de
1848 859 215 74 Yogiié
2107 856 63 59 et

268 953 37 53 à
357 966 95 40 ses
499 948 370 67 influences,
930 952 61 53 et
1051 946 129 77 qui,
1239 953 35 51 à
1324 945 240 57 l'heure
1617 950 81 52 où
1747 964 82 38 un
1877 944 160 58 essai
2089 944 75 58 de

270 1035 400 60 renaissance
703 1037 331 75 religieuse
1062 1052 63 39 se
1175 1034 269 65 dessine,
1481 1051 62 39 se
1579 1032 273 59 réclame
1886 1052 80 39 au
2007 1051 120 40 con-

267 1124 190 57 traire
492 1123 147 57 d'un
668 1123 174 74 large
868 1128 61 52 et
960 1122 197 57 solide
1192 1122 196 73 esprit
1421 1120 379 75 positiviste.

344 1211 47 56 11
422 1231 38 55 y
490 1228 36 40 a
553 1228 73 39 eu
662 1209 60 59 là
747 1227 121 41 une
896 1209 299 75 surprise,
1231 1226 109 39 car
1369 1208 46 55 il
1447 1208 293 57 semblait
1772 1208 74 56 de
1881 1226 243 41 conven-

262 1297 135 57 tion
430 1315 118 57 que
582 1297 61 57 la
673 1297 271 75 religion
977 1296 284 57 revenait
1294 1314 74 39 en
1397 1294 144 59 effet
1567 1301 36 51 à
1627 1294 62 58 la
1720 1294 207 60 mode.
1964 1296 204 73 Après

266 1383 599 59 l'anticléricalisme
911 1383 277 59 acharné
1231 1388 57 53 et
1333 1382 356 59 nécessaire
1730 1383 132 75 qui,
1908 1383 155 58 dans
2102 1383 62 58 la

267 1474 258 76 période
572 1474 73 57 de
692 1474 336 58 fondation
1072 1472 73 57 de
1186 1472 63 57 la
1287 1471 423 76 République,
1752 1490 35 39 a
1832 1472 331 76 émancipé

264 1561 65 59 la
377 1561 235 59 société
668 1561 186 59 civile
905 1579 74 39 en
1035 1560 332 58 éliminant
1421 1560 511 76 soigneusement
1985 1565 177 55 toute

264 1651 315 59 influence
611 1651 330 77 religieuse
978 1650 107 58 des
1113 1649 302 77 pouvoirs
1449 1653 57 54 et
1540 1649 73 58 de
1646 1649 516 79 l'enseignement

268 1738 827 76 publics,aujourd'hui,les
1125 1736 313 78 querelles
1470 1735 415 78 apaisées,les
1913 1740 253 74 âpretés

271 1825 75 57 de
413 1825 64 57 la
536 1827 158 58 lutte
753 1827 381 68 endormies,
1184 1832 35 52 à
1278 1827 61 55 la
1409 1824 222 60 faveur
1696 1825 73 57 de
1842 1827 61 57 la
1973 1825 158 59 lassi-

268 1912 150 58 tude
478 1918 57 53 et
593 1914 73 57 de
725 1914 455 59 l'indifférence
1233 1919 404 70 apparentes,
1701 1932 120 39 une
1876 1915 283 58 réaction

270 2001 312 77 bruyante
614 2007 56 55 et
698 2004 275 58 bavarde
1002 2003 342 74 s'essayait,
1382 2002 240 75 l'esprit
1651 2002 306 76 religieux
1990 2021 142 41 reve-

271 2089 131 58 nait
442 2109 75 38 en
565 2091 300 75 tapinois,
903 2109 145 39 sous
1090 2089 56 58 le
1190 2093 259 55 couvert
1485 2096 60 51 et
1588 2089 57 56 le
1698 2091 334 75 clinquant
2077 2091 84 58 du

271 2177 476 69 dilettantisme,
786 2180 75 56 de
891 2178 62 58 la
982 2177 444 78 psychologie,
1466 2178 81 56 du
1580 2178 456 75 peladanisme,
2077 2180 84 57 du

267 2265 414 76 mysticisme,
728 2271 140 64 etc.,
915 2266 57 58 le
1006 2266 419 57 badaudisme
1467 2265 130 59 s'en
1637 2266 243 69 mêlait;
1923 2266 45 57 il
2007 2269 156 57 était

263 2351 191 59 banal
487 2356 59 54 et
577 2354 123 57 mal
733 2357 179 73 porté
945 2354 193 57 d'être
1175 2352 403 75 irréligieux;
1613 2352 89 59 les
1735 2370 158 59 gens
1929 2354 228 71 riches,

267 2441 123 59 dits
423 2441 83 57 du
537 2443 253 68 monde,
828 2448 376 53 souteneurs
1241 2441 253 60 attitrés
1528 2443 74 57 de
1635 2446 207 54 toutes
1884 2444 87 57 les
2008 2444 124 58 reli-

266 2529 184 75 gions
503 2531 106 75 qui
657 2530 344 59 défendent
1047 2535 62 54 et
1155 2530 307 57 fortifient
1504 2529 170 58 leurs
1720 2530 340 76 privilèges
2103 2538 61 54 et

266 2617 171 57 leurs
477 2618 308 58 richesses
828 2637 74 39 en
957 2619 90 57 les
1094 2620 395 74 partageant,
1541 2623 112 53 ont
1693 2637 71 42 su
1813 2625 224 54 mettre
2088 2639 76 41 en

266 2722 200 56 vogue
499 2723 121 41 une
664 2707 277 58 certaine
982 2707 382 75 religiosité;
1401 2705 47 58 il
1486 2707 155 57 n'est
1688 2726 112 57 pas
1839 2708 320 75 distingué

271 2792 72 57 de
383 2793 194 58 n'être
619 2811 112 58 pas
765 2815 80 36 un
888 2812 121 59 peu
1043 2797 196 74 pieux
1275 2797 155 57 dans
1472 2796 64 57 la
1576 2797 98 57 vie
1719 2815 78 39 ou
1844 2798 318 76 mystique

271 2897 75 41 en
380 2881 373 73 littérature,
785 2887 61 53 et
875 2890 143 50 tous
1045 2884 89 56 les
1167 2884 195 58 snobs
1401 2883 74 57 de
1503 2883 167 60 l'une
1708 2891 63 51 et
1809 2886 72 57 de
1915 2886 246 71 l'autre,

267 2972 140 55 tout
438 2989 66 39 ce
535 2971 107 76 qui
673 2972 158 56 tient
858 2977 35 52 à
920 2976 274 71 paraître
1227 2991 84 40 un
1345 2977 135 54 tant
1513 2973 126 58 soit
1678 2990 121 58 peu
1829 2975 332 70 mondain,

266 3057 151 59 fluet
449 3061 62 55 et
531 3058 509 78 aristocratique,
1059 3065 139 53 tout
1221 3078 37 40 a
1288 3061 131 76 pris
1448 3078 67 41 sa
1531 3061 193 76 petite
1747 3061 168 58 mine
1936 3064 228 58 confite

268 3163 80 40 ou
377 3147 336 75 extatique.
751 3149 377 59 Charlatans
1162 3155 59 52 et
1252 3152 241 73 poètes,
1529 3155 143 52 tous
1706 3149 88 77 s'y
1835 3156 144 52 sont
2017 3152 145 69 mis,

268 3234 89 58 les
391 3235 271 58 sincères
699 3240 62 53 et
793 3236 89 59 les
935 3236 295 65 faiseurs,
1261 3238 256 76 jusqu'à
1548 3239 289 58 Armand
1871 3239 296 58 Silvestre

270 3323 124 76 qui,
432 3330 173 51 entre
639 3324 164 58 deux
833 3332 159 69 pets,
1025 3326 69 58 fit
1125 3326 213 77 parler
1358 3328 428 57 Jésus-Christ
1813 3344 78 41 au
1922 3328 245 58 théâtre

268 3427 116 59 par
413 3410 64 57 la
506 3412 247 59 bouche
786 3413 77 58 de
896 3415 232 75 Mayer.
1165 3415 75 58 Et
1274 3414 128 60 l'on
1447 3418 87 55 est
1569 3414 339 69 socialiste,
1943 3420 61 54 et
2036 3415 128 59 l'on

272 3502 91 54 est
394 3500 384 70 anarchiste,
797 3507 62 53 et
875 3502 127 59 l'on
1023 3507 90 54 est
1138 3503 390 76 diabolique,
1545 3507 141 53 tout
1707 3521 67 40 ce
1802 3502 190 77 qu'on
2021 3508 149 55 veut
