3648 4572
1429 3899 213 41 161

574 635 180 52 Sprache,
783 634 99 40 auch
909 634 109 40 nicht
1046 633 63 40 die
1129 634 70 39 der
1217 634 131 52 Vögel
1377 634 98 39 oder
1495 634 68 39 des
1581 633 183 40 Windes.
1802 635 118 40 Auch
1945 635 63 38 die
2027 635 151 39 Farben
2195 635 138 40 hatten
2352 636 162 39 Stimme

574 700 84 39 und
684 701 138 38 Wort.
877 700 59 39 Sie
967 713 132 26 waren
1130 700 214 52 mächtiger
1375 701 84 39 und
1491 701 162 47 reicher,
1684 701 84 38 und
1804 714 39 25 es
1880 713 133 28 waren
2048 701 112 40 mehr
2196 701 50 39 als
2283 713 129 35 sonst;
2448 702 66 39 das

576 766 122 39 Grün
725 766 70 38 der
822 767 145 39 Bäume
994 766 106 40 hatte
1128 766 165 40 tausend
1321 767 177 51 Zungen.

707 832 97 38 Und
829 832 76 39 wie
935 844 38 27 es
1002 832 103 52 singt
1130 832 84 39 und
1239 832 65 40 ich
1330 832 154 39 lausche
1511 832 83 38 und
1613 832 70 38 der
1704 832 159 51 Gesang
1881 832 160 47 wächst,
2069 837 141 34 strömt
2229 832 47 38 da
2294 832 100 40 über
2413 833 102 39 Gras

576 897 84 39 und
686 898 166 38 Blumen
875 898 79 47 hin,
978 898 71 40 hin
1072 898 99 39 über
1197 898 79 39 den
1303 898 72 38 See
1399 897 83 39 und
1502 897 64 39 das
1594 898 250 39 Buchenlaub
1870 897 63 39 ein
1951 898 137 46 Wort,
2118 898 64 38 das
2212 898 69 40 alle
2307 898 134 39 Fäden
2463 899 55 39 im

579 963 180 39 Gewebe
785 964 148 39 meines
960 963 140 39 Leibes
1127 964 72 40 mit
1227 964 200 51 erklingen
1452 963 91 39 lässt
1570 962 81 40 und
1678 963 105 40 mich
1810 964 108 38 küsst
1944 962 76 40 wie
2047 962 96 40 Luft
2170 964 83 39 und
2281 964 115 40 Duft:
2425 965 90 39 Liv!

708 1028 97 40 Und
842 1028 46 40 all
922 1029 62 39 die
1016 1030 292 46 unsichtbaren,
1346 1028 222 40 rieselnden
1605 1028 206 49 Stimmen,
1848 1029 63 39 die
1951 1034 175 34 strömen
2158 1030 71 38 mit
2264 1030 151 38 meiner
2448 1042 46 27 zu-

579 1107 175 26 sammen
780 1095 42 39 in
849 1095 88 39 eine
963 1096 205 50 mächtige,
1194 1096 184 50 jubelnde
1405 1094 285 40 Weltstimme:
1719 1095 92 39 Liv!

710 1359 70 38 Ich
806 1358 98 51 liege
931 1359 97 50 jetzt
1055 1357 108 39 oben
1189 1357 42 39 in
1256 1357 124 40 ihrem
1407 1357 173 39 Zimmer
1607 1358 164 47 Nachts,
1799 1371 68 26 um
1893 1358 59 39 ihr
1979 1358 99 39 nahe
2107 1371 50 26 zu
2185 1357 93 40 sein.
2323 1357 69 40 Ich
2417 1357 100 40 habe

580 1424 128 37 meine
736 1424 144 39 Betten
906 1423 321 51 hinaufgebracht
1253 1423 83 39 und
1363 1422 99 53 liege
1490 1423 69 39 auf
1582 1423 91 39 dem
1700 1423 151 39 Boden.

710 1489 71 40 Ich
808 1489 144 39 schlafe
979 1489 110 39 nicht
1114 1489 89 39 viel.
1250 1489 50 38 Es
1327 1489 50 39 ist
1404 1501 44 26 so
1477 1488 226 48 sonderbar,
1731 1502 121 26 wenn
1878 1489 64 40 ich
1969 1503 64 27 aus
2062 1490 92 39 dem
2177 1488 341 40 Halbschlummer

578 1554 202 40 aufwache
813 1555 83 39 und
924 1567 126 39 gegen
1077 1554 65 40 das
1169 1554 127 40 kleine
1316 1554 259 40 Dachfenster
1595 1554 107 40 sehe:
1732 1555 83 39 Der
1833 1555 175 39 Himmel
2031 1555 153 39 kommt
2201 1554 73 40 mir
2293 1554 120 40 näher
2430 1567 87 26 vor.

578 1620 98 38 Und
703 1620 65 39 ich
795 1620 93 39 sehe
914 1620 70 38 ihn
1012 1620 138 38 anders
1178 1634 48 24 an
1253 1620 52 39 als
1333 1620 147 40 früher.
1535 1621 50 37 Es
1613 1620 50 39 ist
1691 1620 53 39 als
1771 1620 54 39 ob
1855 1620 47 40 da
1930 1632 118 28 etwas
2067 1627 117 41 wäre,
2208 1620 66 38 das
2296 1619 65 40 ich
2377 1620 139 38 kenne.

710 1685 205 39 Zuweilen
941 1684 136 40 werde
1105 1685 64 39 ich
1197 1698 67 26 aus
1293 1685 172 39 dunkeln
1482 1686 288 39 Träumereien
1798 1686 252 52 aufgeweckt,
2079 1700 64 26 aus
2168 1686 163 51 bangen,
2356 1698 162 38 grossen

576 1750 242 52 Ahnungen,
856 1750 126 39 durch
1016 1750 88 39 eine
1137 1751 161 39 Stimme
1418 1751 55 39 sie
1504 1751 122 52 klingt
1660 1764 44 26 so
1740 1752 214 40 unendlich
1985 1753 77 39 lieb
2096 1753 55 38 im
2184 1751 230 51 Schweigen
2447 1750 71 38 der

575 1816 152 39 Nacht:
757 1815 165 40 Schläfst
950 1816 77 38 du?

708 1880 204 40 Zuweilen
938 1881 153 39 flüstert
1121 1895 56 26 es:
1197 1882 124 39 Vater
1347 1895 129 34 unser,
1504 1882 69 39 der
1602 1882 53 39 du
1683 1882 161 40 bist...
1873 1884 117 38 Dann
2016 1883 159 39 möchte
2201 1882 65 39 ich
2290 1881 106 40 mich
2418 1880 80 40 fort-

577 1946 163 39 stehlen.
796 1946 49 39 Es
879 1946 51 39 ist
964 1957 120 29 etwas
1122 1947 121 49 darin,
1278 1947 64 39 das
1380 1947 106 40 mich
1522 1947 174 40 hinzieht
1733 1948 178 51 zugleich
1943 1948 84 39 und
2061 1948 243 51 wegdrängt,
2336 1946 83 40 und
2452 1946 65 39 das

577 2011 142 39 drückt
745 2012 116 38 mich.

703 2209 71 39 Ich
800 2209 60 51 lag
886 2209 123 39 wach.
1063 2208 71 40 Ich
1162 2208 164 51 glaubte,
1355 2208 53 39 sie
1437 2208 169 40 schliefe.
1660 2208 111 38 Aber
1799 2208 47 39 da
1874 2219 104 41 sagte
2007 2208 53 39 sie
2086 2208 114 39 kaum
2226 2208 158 40 hörbar:

785 2274 198 40 Würdest
1011 2274 52 38 du
1091 2286 49 26 an
1168 2274 106 38 Gott
1302 2273 174 51 glauben,
1504 2287 121 26 wenn
1652 2274 53 38 du
1731 2274 207 38 könntest?

702 2340 101 39 Was
844 2340 114 39 sollte
998 2339 65 40 ich
1102 2340 245 38 antworten?
1410 2340 105 38 Wer
1549 2352 80 26 war
1666 2339 126 39 Gott?
1856 2338 73 39 Ein
1964 2337 154 53 Begriff.
2180 2338 98 39 Eine
2314 2338 175 40 Kranken-

569 2405 212 53 phantasie.
834 2406 98 38 Eine
959 2405 292 39 Hallucination
1277 2405 69 39 für
1375 2404 62 40 die
1463 2404 201 40 frommen
1685 2403 241 53 Jungfrauen
1954 2403 70 40 auf
2043 2404 104 39 alten
2174 2403 233 40 Gemälden.

783 2471 155 39 Weisst
965 2470 65 48 du,
1057 2484 151 26 warum
1234 2471 65 40 ich
1327 2470 158 53 glaube?

698 2537 71 40 Ich
795 2537 126 47 hörte,
949 2537 75 40 wie
1053 2537 54 38 sie
1136 2537 82 39 sich
1243 2537 55 39 im
1324 2538 113 37 Bette
1467 2535 188 40 aufsetzte
1682 2535 83 39 und
1793 2535 152 40 schwer
1972 2535 100 39 nach
2099 2535 122 38 Atem
2246 2548 112 38 rang:

774 2603 53 47 Ja,
855 2603 154 38 Lieber.
1060 2603 70 39 Ich
1157 2603 149 52 glaube,
1335 2602 85 39 dass
1448 2602 104 39 Gott
1585 2600 60 48 ist,
1674 2600 90 39 weil
1856 2601 91 39 weil
2109 2613 40 26 es
2177 2606 104 33 wäre
2309 2613 44 26 so
2382 2599 130 49 bitter,

567 2681 121 26 wenn
723 2681 41 26 er
797 2669 110 39 nicht
940 2674 104 34 wäre
1052 2687 11 29 3
1100 2681 41 26 es
1173 2674 106 34 wäre
1314 2681 43 26 so
1387 2667 132 48 bitter,
1557 2679 119 27 wenn
1702 2666 80 46 ich,
1817 2665 62 39 die
1907 2679 40 26 es
1974 2667 33 50 ja
2034 2665 109 40 nicht
2170 2676 69 40 gut
2267 2665 142 51 gehabt
2434 2665 77 52 hat,

566 2733 84 39 und
682 2734 101 39 viele
811 2734 180 48 Andere,
1025 2734 63 39 die
1124 2747 40 26 es
1201 2734 108 40 noch
1340 2733 77 40 viel
1450 2732 221 39 schlimmer
1704 2731 150 47 hatten,
1966 2744 120 27 wenn
2116 2730 73 40 wir
2222 2744 83 25 nun
2333 2731 178 51 glauben?

566 2812 121 26 wenn
719 2800 76 40 ich
825 2813 85 26 nun
943 2800 142 39 denke:
1123 2800 64 39 ich
1220 2800 92 39 sehe
1339 2799 90 47 Ihn,
1463 2799 93 39 sehe
1587 2798 69 39 ihn
1688 2797 119 39 näher
1838 2797 188 39 kommen
2050 2796 119 50 jeden
2195 2796 90 50 Tag
2311 2796 83 38 und
2421 2796 89 52 jede

566 2865 135 39 Nacht
813 2879 25 25 o
874 2879 40 25 es
942 2872 104 33 wäre
1075 2879 44 26 so
1149 2864 233 54 grenzenlos
1411 2864 131 47 bitter,
1569 2876 121 26 wenn
1716 2876 41 24 es
1784 2875 74 25 nur
1885 2862 236 51 Einbildung
2147 2861 84 39 und
2257 2862 111 50 Lüge
2394 2867 117 33 wäre.

563 2931 71 39 Ich
660 2931 102 39 kann
788 2931 110 40 nicht
925 2931 177 52 glauben,
1131 2931 67 39 das
1227 2930 89 40 alles
1345 2944 44 24 so
1417 2928 254 41 fürchterlich
1697 2926 181 52 unsinnig
1905 2928 60 38 ist.
2010 2927 71 39 Ich
2098 2940 106 25 muss
2224 2926 63 39 die
2300 2926 211 40 Wahrheit

564 3010 51 26 zu
642 2998 144 38 wissen
813 2998 255 47 bekommen,
1102 3010 40 26 es
1175 3010 105 26 muss
1314 2996 129 40 mehr
1484 2995 83 39 sein
1607 2994 51 38 als
1687 2993 82 39 dies
1805 2992 191 48 Irdische,
2024 2992 83 40 und
2135 2991 165 48 Jemand
2335 3005 106 26 muss
2470 3005 41 26 es

563 3063 144 39 wissen
733 3063 85 39 und
844 3064 169 38 kennen.
1057 3064 145 38 Immer
1220 3062 98 40 habe
1344 3062 65 39 ich
1436 3058 161 54 gehofft,
1627 3059 84 40 dass
1738 3059 64 39 ich
1828 3058 112 40 mehr
1966 3071 51 26 zu
2045 3058 121 39 sehen
2189 3057 84 40 und
2299 3069 50 27 zu
2367 3057 144 40 wissen

563 3128 241 40 bekommen
829 3129 140 39 würde
996 3129 84 38 und
1106 3128 110 39 nicht
1243 3128 140 39 immer
1401 3140 45 25 so
1464 3125 227 40 unwissend
1722 3125 84 39 und
1834 3123 177 52 einfältig
2034 3123 157 40 bleiben
2210 3123 74 40 wie
2301 3124 114 50 jetzt;
2445 3123 64 40 ich

562 3194 100 39 habe
695 3195 34 50 ja
760 3194 128 40 nichts
923 3194 170 52 gesehen
1126 3194 83 38 und
1241 3194 114 38 weiss
1389 3192 34 51 ja
1453 3191 146 47 nichts,
1705 3190 83 39 und
1815 3203 120 26 wenn
1958 3189 64 40 ich
2053 3189 139 39 immer
2219 3202 45 25 so
2293 3188 142 47 sicher,
2464 3201 44 25 so

564 3260 126 40 sicher
719 3259 140 40 darauf
879 3270 188 42 gewartet
1093 3260 110 46 habe,
1232 3271 45 27 so
1305 3259 115 38 sollte
1448 3271 40 25 es
1516 3255 237 52 Einbildung
1787 3255 103 38 sein?
1987 3267 44 26 so
2057 3254 114 39 sollte
2196 3267 40 26 es
2264 3253 76 52 (ich
2366 3253 143 48 fühlte,

563 3326 74 39 wie
658 3326 53 39 sie
731 3325 63 40 die
821 3325 145 40 Hände
995 3325 137 52 erhob)
1164 3337 45 26 so
1238 3337 186 40 grausam,
1449 3336 44 25 so
1521 3321 191 42 höhnisch
1740 3321 92 47 sein,
1992 3319 84 40 dass
2097 3319 80 40 dies
2196 3319 126 39 kleine
2341 3319 144 51 Sorgen-

561 3391 119 40 leben
708 3391 65 40 das
802 3391 138 39 Ganze
967 3397 115 33 wäre.

693 3457 71 40 Ich
790 3456 137 48 fühlte,
1035 3457 121 39 sehen
1182 3456 151 39 konnte
1360 3455 65 39 ich
1450 3453 121 47 nicht,
1600 3466 40 26 es
1668 3464 81 28 war
1775 3464 50 26 zu
1853 3451 155 48 dunkel,
2108 3450 84 40 dass
2222 3452 54 38 sie
2305 3449 202 55 erschöpft

562 3523 72 39 auf
656 3523 63 39 die
747 3522 138 40 Kissen
911 3522 221 39 zurückfiel.
