3858 4572
2301 3922 218 45 156

1579 657 49 39 Es
1656 669 87 40 mag
1775 656 174 40 dasselbe
1976 656 99 48 sein,
2107 669 80 27 was
2215 668 92 28 man
2333 668 46 27 so
2410 656 124 49 fühlt,
2568 670 121 28 wenn
2714 672 92 26 man
2831 672 72 28 zur
2930 660 257 40 Sommerzeit
3217 660 41 40 in
3286 661 107 39 einer

1447 721 157 40 kleinen
1621 721 244 41 Dorfkirche
1888 724 102 38 sitzt.
2034 722 79 39 Die
2130 722 171 39 Thüren
2319 721 88 40 sind
2432 721 118 41 offen.
2595 722 187 43 Heuduft:
2804 724 132 41 stiehlt
2959 724 84 42 sich
3065 726 148 40 herein.
3258 726 135 40 Ueber

1448 787 80 40 den
1554 787 142 40 Boden
1728 801 92 27 zum
1846 788 137 40 Altäre
2014 787 70 41 hin
2115 787 157 40 fliessen
2305 787 148 52 farbige
2481 788 347 43 Sonnenstrahlen.
2881 792 62 40 Da
2970 791 91 41 sitzt
3091 805 91 27 man
3208 792 83 40 und
3325 792 46 40 be-

1447 853 169 40 trachtet
1642 853 65 49 sie,
1734 853 84 40 und
1844 853 91 40 alles
1962 853 140 40 Andre
2129 853 101 40 wird
2256 852 77 40 wie
2360 853 164 40 Traum.

1576 1050 71 40 Ich
1672 1051 130 39 kenne
1835 1051 37 51 ja
1898 1049 127 53 einige
2052 1050 222 40 Menschen
2300 1051 42 39 in
2369 1050 127 41 dieser
2524 1051 124 49 Stadt,
2682 1053 93 40 aber
2803 1067 41 26 es
2871 1054 51 39 ist
2949 1053 142 49 selten,
3126 1055 85 40 dass
3245 1055 66 40 ich
3338 1055 55 39 sie

1446 1116 182 40 besuche.
1673 1116 98 39 Und
1797 1116 66 39 das
1891 1115 71 40 mit
1990 1115 108 40 einer
2125 1116 168 51 eigenen
2318 1116 138 40 Scheu.
2502 1117 49 39 Es
2578 1117 66 49 ist,
2672 1119 51 38 als
2750 1119 109 40 hätte
2891 1120 65 39 ich
2982 1121 148 52 Angst,
3157 1133 91 27 man
3274 1121 119 39 wolle

1446 1181 74 40 mir
1546 1194 79 27 was
1653 1181 184 39 nehmen.
1889 1181 71 40 Ich
1992 1180 109 40 stehe
2134 1180 113 53 lange
2280 1192 126 29 unten
2433 1196 76 26 vor
2535 1183 80 40 den
2641 1184 209 48 Fenstern,
2888 1185 92 40 sehe
3015 1185 62 40 die
3105 1186 185 40 Schatten
3322 1187 71 39 der

1445 1244 131 57 Köpfe
1603 1246 71 40 auf
1696 1246 80 39 den
1794 1246 206 39 Gardinen
2026 1245 84 40 sich
2136 1246 256 49 abzeichnen,
2418 1248 115 40 weiss
2560 1249 121 48 nicht,
2710 1250 53 40 ob
2790 1250 65 41 ich
2882 1251 79 39 den
2987 1252 92 39 Mut
3104 1251 111 49 habe,
3243 1251 129 41 hinauf-

1445 1312 180 52 zugehen
1649 1312 43 39 in
1719 1311 66 39 das
1811 1310 100 41 viele
1938 1310 127 40 Licht.

1575 1378 55 39 Ist
1654 1390 40 27 es
1719 1377 87 39 eine
1830 1376 261 53 Einbildung?
2117 1377 65 39 ich
2204 1375 120 50 finde,
2352 1377 55 40 sie
2430 1378 122 40 sehen
2575 1379 106 41 mich
2706 1380 140 41 immer
2869 1394 46 27 so
2938 1382 216 41 sonderbar
3177 1397 59 26 an.
3279 1384 114 40 Oder

1444 1445 52 40 ist
1521 1444 44 39 in
1590 1443 160 40 meinen
1778 1442 134 52 Gang,
1945 1441 42 40 in
2013 1441 160 41 meinen
2198 1442 109 40 Blick
2333 1443 108 40 doch
2468 1455 121 29 etwas
2618 1446 252 52 gekommen,
2905 1459 118 29 etwas
3208 1450 38 50 ja
3272 1461 121 29 etwas

1445 1523 85 28 von
1555 1509 151 40 meiner
1734 1508 238 52 entlegenen
1999 1509 160 47 Strasse,
2193 1522 84 26 von
2303 1510 172 40 meinem
2502 1511 151 39 Keller?
2698 1512 71 40 Ich
2795 1512 99 41 habe
2922 1526 44 26 so
2997 1514 65 39 ein
3088 1514 209 40 Bedürfnis
3324 1515 46 39 be-

1444 1576 205 45 kommen,
1684 1573 76 40 still
1793 1586 51 27 zu
1872 1573 128 52 gehen
2025 1574 85 39 und
2143 1573 94 40 leise
2265 1587 51 26 zu
2343 1575 204 54 sprechen.
2602 1577 51 38 Es
2686 1577 51 40 ist
2763 1577 74 40 mir
2863 1577 187 55 peinlich,
3083 1594 123 26 wenn
3227 1580 166 49 Jemand

1445 1641 144 40 schreit
1616 1639 98 39 oder
1740 1640 80 39 laut
1846 1639 115 40 lacht.

1576 1705 120 39 Auch
1730 1705 102 39 kann
1867 1705 66 40 ich
1966 1705 109 40 nicht
2108 1719 49 26 an
2183 1706 260 54 Gesprächen
2475 1707 251 40 teilnehmen.
2780 1709 50 38 Es
2862 1709 198 41 unterhält
3092 1711 107 41 mich
3230 1725 87 35 nur,
3345 1726 46 26 so

1446 1770 226 40 dazusitzen
1706 1770 84 38 und
1827 1770 240 40 zuzuhören.
2118 1771 128 40 Nicht
2282 1785 57 36 so,
2376 1771 86 39 dass
2498 1771 65 42 ich
2598 1773 81 40 den
2710 1774 342 54 Zusammenhang
3086 1777 176 41 auffasse.
3321 1778 71 40 Ich

1444 1831 181 40 verstehe
1654 1831 65 38 das
1747 1831 111 40 nicht
1884 1832 124 47 mehr,
2026 1845 154 27 wovon
2206 1834 54 39 sie
2288 1837 205 51 sprechen.
2529 1838 70 40 Ich
2626 1839 104 39 kann
2756 1840 111 40 nicht
2894 1841 213 52 begreifen,
3127 1843 87 39 dass
3242 1843 54 40 sie
3324 1844 66 39 das

1447 1896 107 39 Alles
1581 1895 251 40 interessiert.
1868 1897 70 39 Ich
1964 1897 119 48 finde,
2112 1912 40 26 es
2180 1899 66 40 hat
2273 1913 45 26 so
2346 1902 131 52 wenig
2499 1903 72 39 mit
2590 1904 91 40 dem
2699 1904 271 54 Eigentlichen
2988 1919 50 28 zu
3056 1907 116 47 thun;
3196 1908 73 41 mit
3287 1909 104 48 dem,

1443 1973 119 28 wozu
1589 1960 74 40 wir
1688 1961 118 38 leben
1832 1961 84 39 und
1943 1962 169 40 sterben.

1574 2027 79 38 Für
1684 2027 106 38 mich
1820 2027 50 38 ist
1902 2040 41 26 es
1974 2041 77 26 nur
2084 2028 64 39 ein
2175 2030 177 42 Konzert
2385 2046 84 26 von
2496 2035 417 42 Menschenstimmen.
2967 2039 70 40 Ich
3072 2039 103 49 sehe,
3202 2040 77 39 wie
3305 2041 84 40 ihre

1444 2092 179 40 Gehirne
1651 2092 183 48 arbeiten,
1861 2106 69 26 um
1959 2093 65 40 das
2051 2095 136 40 rechte
2206 2097 127 40 Wort
2359 2111 50 27 zu
2435 2099 157 47 finden;
2620 2100 64 41 ich
2710 2102 97 39 höre
2833 2103 84 39 ihre
2936 2104 192 40 Stimmen
3154 2106 83 40 sich
3259 2106 131 41 heben

1441 2157 84 39 und
1553 2158 158 38 senken.
1766 2158 203 40 Zuweilen
1995 2160 164 39 werden
2185 2161 55 39 sie
2267 2165 149 51 zornig.

1571 2224 71 39 Ich
1673 2225 96 38 sitze
1803 2224 49 39 da
1879 2224 84 40 und
1989 2225 171 48 lausche;
2188 2227 65 40 ich
2281 2229 92 40 sehe
2399 2229 84 42 ihre
2511 2231 211 40 Gesichter
2749 2233 174 51 glühend
2950 2235 175 49 werden,
3154 2236 63 40 die
3244 2238 145 40 Hände

1440 2288 64 40 die
1533 2289 140 40 Gläser
1699 2290 142 47 heben,
1868 2290 98 40 höre
1994 2291 53 39 sie
2075 2292 169 48 fluchen,
2271 2293 149 49 lachen,
2448 2295 72 40 auf
2540 2297 80 39 den
2647 2298 128 40 Tisch
2802 2299 192 52 schlagen.

1571 2552 71 40 Ich
1675 2553 182 40 verstehe
1891 2554 121 48 nicht,
2039 2568 79 26 was
2146 2556 72 39 mit
2244 2556 74 40 mir
2345 2559 181 51 vorgeht.
2581 2561 70 40 Ich
2678 2561 95 40 sitze
2801 2561 165 41 Abends
2994 2564 83 39 und
3105 2565 157 40 lausche
3288 2567 101 40 nach

1440 2617 143 40 allerlei
1609 2618 164 48 Lauten,
1801 2619 64 38 die
1891 2619 111 40 nicht
2029 2620 49 39 da
2105 2621 97 39 sind.
2248 2623 69 39 Ich
2343 2636 106 27 muss
2478 2624 106 42 doch
2611 2626 106 40 diese
2736 2628 168 40 Schritte
2932 2630 127 40 schon
3085 2629 136 42 früher
3248 2631 140 52 gehört

1439 2683 139 39 haben.
1632 2683 71 39 Ich
1737 2684 147 39 wohne
1918 2685 126 40 schon
2077 2687 73 39 seit
2181 2687 129 40 einem
2336 2690 144 39 Monat
2517 2690 94 49 hier,
2639 2692 84 40 und
2751 2706 45 26 so
2823 2694 78 40 viel
2926 2694 65 41 ich
3017 2697 114 38 weiss
3160 2696 88 40 sind
3275 2697 112 40 keine

1439 2748 149 39 Neuen
1616 2749 256 52 eingezogen.
1925 2751 70 39 Ich
2021 2751 101 40 habe
2150 2751 55 40 sie
2232 2753 80 40 also
2341 2767 79 27 erst
2446 2754 42 40 in
2514 2755 144 41 letzter
2684 2758 90 40 Zeit
2801 2759 189 41 bemerkt.

1570 2814 83 38 Um
1689 2814 63 39 die
1785 2815 206 40 Hausecke
2027 2817 151 49 herum,
2289 2820 42 39 in
2365 2821 141 40 letzter
2539 2822 91 40 Zeit
2663 2824 78 38 irre
2773 2824 65 40 ich
2870 2826 106 39 mich
3008 2827 158 39 niemals
3201 2830 113 39 mehr
3345 2830 42 39 in

1438 2878 134 48 ihnen,
1684 2892 50 26 an
1761 2881 160 39 meinen
1945 2882 193 40 Fenstern
2163 2885 152 48 vorbei,
2350 2886 42 39 in
2421 2887 63 39 die
2516 2888 203 41 Hausthür
2751 2890 149 48 herein,
2930 2892 64 39 die
3018 2893 197 55 Treppen
3240 2896 147 40 herauf.

1442 2944 98 38 Wie
1566 2944 120 40 leicht
1713 2945 56 39 sie
1797 2946 104 39 sind!
1942 2948 62 38 Sie
2030 2961 106 27 muss
2162 2950 96 52 jung
2285 2951 95 40 sein.

1573 3010 70 40 Ich
1661 3010 121 41 sehne
1800 3012 117 48 mich,
1935 3012 55 40 sie
2014 3014 98 40 auch
2134 3014 119 41 heute
2270 3017 149 39 Abend
2442 3031 51 26 zu
2515 3019 138 40 hören.
2698 3021 97 39 Und
2818 3022 66 40 das
2903 3023 208 41 Rauschen
3134 3024 69 40 des
3217 3026 168 41 Kleides.

1573 3273 51 38 Es
1658 3278 129 47 ärgert
1820 3274 116 48 mich,
1969 3275 91 40 aber
2090 3276 65 40 ich
2190 3277 102 40 kann
2324 3278 75 40 mir
2432 3280 111 41 nicht
2569 3281 150 41 helfen:
2748 3284 142 40 Wenn
2916 3285 65 40 ich
3008 3287 65 39 ein
3097 3289 138 52 junges
3262 3289 125 40 Weib

1442 3335 125 49 treffe,
1601 3337 107 52 frage
1738 3338 66 41 ich
1839 3339 119 40 mich:
1999 3342 66 39 Ist
2096 3341 108 40 sie’s?
2244 3344 97 38 Und
2374 3344 64 41 ich
2470 3346 138 52 glaube
2636 3348 127 40 sicher
2790 3363 51 26 zu
2867 3351 155 48 wissen,
3051 3352 85 40 dass
3164 3353 113 41 keine
3304 3369 82 26 von

1442 3401 122 41 ihnen
1591 3416 41 26 es
1660 3403 58 40 bis
1745 3405 98 51 jetzt
1870 3419 184 38 gewesen
2079 3408 61 39 ist.
2192 3409 57 39 Ist
2275 3422 41 26 es
2343 3410 113 40 nicht
2482 3412 237 40 sonderbar?

1573 3468 71 40 Ich
1670 3469 150 40 konnte
1846 3471 33 50 ja
1908 3471 155 41 einfach
2089 3473 129 52 gehen
2243 3475 85 39 und
2355 3475 53 40 sie
2437 3477 76 40 wie
2541 3478 157 53 zufällig
2724 3479 55 40 im
2807 3480 90 40 Flur
2923 3482 155 41 treffen.
3130 3484 50 39 Es
3208 3485 50 39 ist
3286 3485 101 49 aber,

1444 3532 51 39 als
1522 3532 120 41 hielte
1669 3535 107 40 mich
1803 3548 119 28 etwas
1950 3538 157 39 zurück.
