3686 4572
1416 3938 210 42 213

301 642 111 31 dumm
434 641 37 40 ift
492 643 71 30 und
574 641 138 41 fdoledote
727 640 142 42 Inftinkte
892 639 106 43 befitzf,
1021 640 74 31 aber
1115 639 79 41 diefe
1210 637 126 43 Einficht
1352 639 102 40 bringt

301 694 52 31 ihn
386 694 80 32 nicht
494 696 98 40 dazu,
627 694 51 32 die
710 693 155 41 Menfdoen
897 702 41 29 zu
968 692 109 41 hoffen,
1109 701 35 21 er
1169 691 70 41 geht
1267 691 91 31 ihnen
1391 691 58 31 wie

301 746 183 40 Huysmans
510 755 59 23 aus
583 747 70 31 dem
679 746 95 40 Wege,
803 745 140 41 überläßt
956 743 49 43 fee
1030 744 94 32 ihrem
1149 743 120 40 Willen,
1298 743 75 31 ohne
1389 741 63 43 fido

301 799 99 31 einem
417 798 209 42 unmöglichen
642 799 183 31 Idealismus
839 797 184 42 hinzugeben
1040 798 72 31 und
1125 797 157 40 referviert
1294 795 56 40 Bdo
1363 795 89 41 feine

301 851 101 41 eigene
428 851 85 40 Welt,
542 851 34 31 in
602 852 56 30 der
679 860 34 22 er
732 851 67 40 ftill
826 850 66 41 lebt,
920 850 75 31 ohne
1022 858 40 30 zu
1089 858 134 24 murren.
1270 847 104 40 Caftro
1401 847 55 32 hat

302 905 60 29 den
383 903 139 32 denkbar
531 903 151 40 ftärkften
697 903 126 42 Einfluß
844 904 62 37 auf
922 903 51 31 die
1232 898 221 43 portugiefifdoe

302 955 170 32 Litteratur
484 956 156 41 ausgeübt,
663 965 35 21 er
715 955 101 42 befitzf
828 955 51 31 die
896 953 235 42 Perfönlidokeit
1146 953 101 40 darin,
1271 953 180 31 vornehmen

301 1008 81 32 Sinn
406 1009 71 31 und
491 1008 177 40 Ausdruck,
692 1018 34 21 er
746 1008 37 40 ift
803 1009 57 30 der
876 1006 148 43 Clajftker
1046 1007 94 31 unter
1160 1007 60 30 den
1234 1006 127 40 Jungen
1383 1005 71 30 und

301 1060 34 31 in
358 1061 112 40 diefem
494 1060 210 41 Clafficismus
726 1060 74 41 liegt
820 1060 91 31 etwas
933 1058 266 42 Repräfentatives,
1223 1059 56 30 das
1305 1057 54 31 ihn
1380 1065 73 33 zum

301 1112 117 32 Führer
427 1112 140 41 geeignet
575 1112 104 32 macht.
703 1113 94 40 Dazu
812 1112 118 31 kommt
933 1110 72 42 fein
1011 1110 88 41 ftark
1110 1111 215 40 ausgeprägter
1337 1109 98 31 kosmo-

298 1165 168 41 politifdoer
487 1166 94 40 Sinn,
605 1166 51 31 die
678 1165 87 41 Folge
793 1164 86 32 einer
894 1163 107 41 ftreng
1023 1162 181 41 äfthetifdoen
1227 1162 224 40 Veranlagung,

301 1219 58 29 der
372 1218 103 40 Kmift
488 1218 102 40 Kunft
609 1218 43 40 ift,
677 1218 238 31 unbekümmert
934 1226 56 21 um
1008 1214 185 42 perfönlidoe
1214 1214 164 32 Attribute.
1412 1214 46 31 Er

301 1270 55 31 hat
376 1271 51 30 die
446 1269 223 44 portugiefifdoe
682 1270 102 41 junge
806 1270 169 31 Litteratur
995 1268 33 31 in
1049 1268 138 30 anderen
1203 1267 251 31 Kulturländern

302 1322 138 31 bekannt
464 1322 142 42 gemacht,
638 1332 35 22 er
702 1322 159 32 unterhält
887 1320 143 42 intenfive
1056 1320 211 41 Beziehungen
1298 1319 59 32 mit
1385 1319 70 30 dem

303 1374 166 32 Auslande
492 1376 72 30 mid
579 1374 110 42 findet
710 1376 59 30 den
795 1375 75 40 Weg,
900 1374 98 31 lokale
1021 1372 255 41 Schwierigkeiten
1301 1381 41 29 zu
1368 1371 70 31 über-

303 1427 139 31 brücken.
492 1427 61 31 Die
581 1427 174 33 Redaktion
784 1427 54 31 hat
863 1426 89 31 einen
980 1425 55 32 Teil
1061 1427 56 29 der
1145 1425 101 32 Werke
1274 1425 36 30 de
1338 1423 118 40 Caftros

303 1478 108 32 bereits
446 1479 34 31 in
514 1481 71 29 dem
619 1479 122 41 vorigen
776 1479 90 38 Hefte
900 1479 33 30 in
967 1479 70 30 dem
1068 1476 243 42 portugiefifdoen
1343 1475 116 33 Beridot

304 1531 109 42 Zitiert,
435 1531 61 31 wir
500 1533 103 40 fügen
626 1531 70 32 nodo
719 1533 55 29 das
797 1531 125 31 Gedidot
943 1529 118 42 Tirefias
1084 1531 71 30 und
1176 1528 166 41 Sagramor
1353 1529 102 41 hinzu.

1619 638 77 32 Eine
1719 636 130 33 ähnliche
1872 637 111 41 Potenz
2006 636 57 31 wie
2087 636 38 30 de
2149 634 104 41 Caftro
2274 634 37 41 ift
2331 634 157 33 Manuel
2516 641 51 24 da
2591 633 103 33 Silva
2696 654 11 5 -

1555 691 113 39 Gayö,
1685 690 75 32 auch
1774 689 190 41 künftlerifdo
1985 698 61 22 von
2069 688 149 32 ähnlicher
2231 687 216 41 Konftitution.
2494 686 86 32 Auch
2601 694 34 22 er
2651 684 59 32 mit

1555 742 269 42 kosmopolitifdoen
1840 741 178 42 Tendenzen.
2065 740 71 32 Sein
2157 739 215 43 Pejfimismus,
2396 740 61 29 den
2474 748 36 21 er
2528 738 59 31 mit
2597 737 111 42 feinen

1556 795 121 41 meiften
1691 796 157 41 jüngeren
1872 795 143 40 Kollegen
2034 793 122 42 gemein
2178 793 59 40 hat,
2262 792 36 41 ift
2314 791 143 42 pofitiver
2470 792 47 30 als
2533 790 47 32 bei
2595 790 112 41 Caftro,

1554 849 70 40 geht
1644 847 47 32 bei
1710 847 62 32 ihm
1795 847 34 32 in
1851 846 202 32 Melancholie
2076 846 81 40 über,
2182 845 36 41 ift
2228 844 196 42 fubjektiver.
2470 843 129 41 Caftro’s
2622 842 70 42 Pefß-

1557 901 132 32 mismus
1719 901 54 31 hat
1797 901 91 30 etwas
1917 899 176 41 Gelaffenes,
2114 898 68 40 faft
2208 896 144 41 Heiteres,
2381 896 47 31 bei
2455 896 88 39 Gayo
2569 895 81 31 wird
2677 904 35 22 er

1557 953 103 40 bitter;
1682 953 147 31 während
1851 952 103 40 Caftro
1964 950 63 43 fido
2049 960 58 22 vor
2126 952 56 29 der
2195 950 190 40 Inferiorität
2396 948 202 42 zurückzieht,
2621 947 89 32 kann

1546 1004 63 42 fido
1626 1006 88 38 Gayo
1728 1004 80 32 nidot
1824 1004 159 40 enthalten,
2008 1004 78 41 diefe
2102 1002 195 40 Inferiorität,
2322 1003 51 30 die
2388 1002 53 31 ihn
2464 1001 156 41 bedrängt,
2636 1000 75 40 ftets

1558 1067 41 32 Zu
1627 1058 212 40 konfiatieren.
1892 1057 46 31 Er
1954 1056 90 40 fühlt
2069 1057 60 30 den
2152 1055 142 41 Sdomei'z,
2324 1056 57 30 der
2406 1054 47 32 bei
2479 1055 70 30 dem
2574 1054 137 30 anderen

1558 1109 93 32 durdo
1673 1109 90 32 kühle
1786 1109 156 42 Reflexion
1964 1108 214 32 überwunden
2201 1108 89 31 wird.
2333 1108 45 31 Er
2390 1107 36 40 ift
2437 1108 58 30 der
2509 1106 132 41 Denker,
2657 1107 55 29 der

1548 1160 64 44 fido
1638 1171 60 22 von
1726 1164 61 30 den
1813 1162 174 41 Refultaten
2010 1160 109 40 feiner
2145 1160 180 41 Philofophü
2355 1159 80 32 nidot
2462 1158 130 40 befreien
2623 1158 88 31 kann

1560 1216 70 30 und
1651 1215 51 31 die
1718 1214 235 42 Konfequenzen
1966 1213 109 42 feiner
2088 1214 88 32 Ideen
2193 1222 41 32 zu
2255 1213 104 41 flohen
2378 1211 123 42 geneigt
2521 1211 43 41 ift.
2606 1211 110 40 Diefer

1559 1267 176 41 Ideengang
1754 1267 94 31 bildet
1869 1268 60 30 den
1955 1267 205 40 Untergrund
2180 1274 42 30 zu
2239 1265 121 41 feinem
2387 1264 124 40 neuften
2537 1263 72 31 nodo
2635 1262 80 32 nidot

1559 1320 205 41 erfdoienenen
1790 1320 102 32 Werke
1919 1319 185 42 „Renuncia
2111 1319 15 15 u
2128 1343 7 7 .
2184 1319 129 31 Frühere
2343 1317 101 33 Werke
2472 1317 112 40 Gayos,
2617 1316 97 41 außer

1560 1373 70 31 dem
1646 1373 105 31 bereits
1770 1373 34 31 in
1819 1374 69 30 dem
1909 1373 107 41 letzten
2031 1372 78 39 Heft
2127 1371 139 40 zitierten
2286 1370 120 31 betiteln
2418 1368 63 43 fido
2496 1369 68 40 „Os
2578 1367 134 40 Novos“,

1560 1426 157 39 „Peccado
1731 1425 129 41 Antigo-
1864 1425 8 16 c
1892 1426 70 30 und
1979 1424 159 41 „Cancoes
2159 1425 40 29 do
2222 1423 153 40 Mondego
2382 1421 15 16 u
2398 1446 7 7 .
2450 1423 48 31 De
2518 1420 103 41 Caftro
2644 1420 71 31 und

1561 1479 38 30 de
1615 1478 87 39 Gayo
1716 1478 94 31 haben
1820 1477 64 42 fido
1898 1477 155 40 vereinigt,
2070 1486 55 22 um
2141 1475 67 32 eine
2223 1475 238 32 internationale
2476 1474 102 33 Revue
2593 1472 98 41 „Arte
2699 1471 15 16 u

1561 1539 41 33 Zu
1620 1531 155 40 gründen,
1799 1531 63 38 auf
1879 1531 92 30 deren
1994 1529 176 41 Erfdoeinen
2192 1538 76 22 man
2287 1529 152 40 gefpannt
2449 1527 71 41 fein
2543 1527 82 38 darf.

705 1772 366 38 REIHENFOLGE

451 1831 105 32 DER
574 1831 259 32 LITTERARISCHEN
851 1831 167 32 BEITRAEGE
1036 1831 37 32 IN
1092 1831 111 32 DIESEM
1221 1831 111 32 HEFTE:

1393 1909 66 25 Seite

309 1956 72 32 Otto
402 1957 85 32 Erich
509 1958 174 41 Hartleben,
707 1960 58 30 der
784 1957 310 42 Magdalmm-Wein
1406 1963 53 33 143

307 2010 147 41 Fontane,
478 2020 59 22 aus
558 2010 132 32 meinem
713 2011 94 31 Lehen
810 2035 7 7 .
863 2011 48 31 III.
935 2010 124 40 Kapitel
1407 2016 54 34 145

309 2062 73 32 Otto
395 2063 107 39 Julius
524 2063 175 40 Bierbaum,
724 2062 246 40 Sommerftrophe
1412 2068 47 34 153

309 2115 119 40 Guftav
450 2115 92 40 Kühl,
568 2115 157 40 Capriccio
1407 2121 52 32 134

309 2168 157 42 Sighjoern
490 2168 176 40 Obftfelder,
690 2167 56 32 Liv
800 2191 8 7 .
843 2190 9 9 .
888 2191 7 7 ,
1412 2172 49 34 133

432 2220 102 40 Evers,
559 2220 138 40 Heiliger
716 2220 87 31 Ham
1320 2232 8 8 •
1371 2240 7 7 .
1404 2217 57 39 164

309 2273 103 31 Carus
438 2273 121 40 Sterne,
595 2271 340 43 Wälfifchftrandungen
969 2271 33 31 in
1033 2270 94 32 ihrem
1158 2269 128 42 Einfluß
1317 2269 62 38 auf

466 2325 103 40 Kmift
589 2326 72 30 und
682 2323 97 42 Poefie
1409 2321 52 40 163

309 2379 56 31 Pol
386 2379 37 31 de
447 2377 99 41 Mont,
571 2377 169 40 Lyng-Lun
1407 2380 55 34 172

873 2449 27 24 u

308 2517 174 40 Lichtwark,
507 2516 51 31 die
582 2516 237 40 Entwickelung
841 2516 53 30 des
916 2514 69 32 Pan
1411 2519 52 34 173

308 2572 100 40 Roger
428 2570 98 31 Marx
553 2592 9 8 .
600 2591 9 9 .
647 2568 16 73 |
922 2594 141 30 Besnard
1092 2566 17 75 |

308 2624 67 31 Her
375 2632 75 22 man
473 2622 150 39 Helfend)
646 2623 15 46 j
1098 2626 12 41 [
1414 2623 49 34 183

309 2674 164 34 Giovanni
493 2673 163 43 Segantini
1411 2676 52 33 193

309 2729 119 31 Arsene
450 2728 191 39 Alexandre,
666 2726 40 32 H.
731 2727 38 30 de
792 2724 281 42 Touloufe-Lautrec
1407 2718 57 43 196

309 2782 92 40 Ernft
421 2782 119 40 Berger,
567 2780 132 39 Quellen
722 2788 61 30 yur
803 2777 160 40 Gefchichte
986 2778 57 29 der
1063 2774 186 33 Maltechnik
1284 2797 8 8 .
1328 2798 7 6 .
1372 2797 6 7 .
1407 2781 57 33 197

310 2834 144 32 Andreas
476 2833 129 40 Aubert,
630 2832 144 32 Gerhard
795 2830 148 32 Munthes
965 2828 193 33 dekorativer
1178 2828 59 31 Stil
1284 2850 7 7 .
1329 2850 7 7 .
1371 2849 8 7 .
1405 2834 59 22 201

311 2904 44 4 —
377 2886 61 32 Ein
461 2885 159 42 englifdoer
640 2883 171 41 Illuftrator
848 2906 8 7 ,
1403 2886 61 34 203

310 2937 222 33 BERICHTE:

311 2991 70 32 Aus
403 2991 92 31 Paris
517 3000 61 21 von
600 2989 101 32 Henri
722 2988 111 33 Albert
1399 2991 64 32 209

310 3043 71 32 Aus
403 3043 147 42 Portugal
572 3052 61 22 von
655 3041 138 42 Eugenio
814 3042 38 29 de
876 3038 104 42 Caftro
1400 3043 63 23 212

734 3139 27 24 *
875 3155 28 25 *
1016 3137 27 26 *

647 3247 366 40 REIHENFOLGE
1034 3246 106 31 DER

411 3302 417 38 KUNSTBEILAGEN
860 3302 189 38 AUSSER
1069 3303 120 32 DEM
1209 3302 146 31 TEXT:

3501 507 10 38 I

3499 532 12 64 i

1341 3359 46 18 vor
1403 3351 64 24 Seite

313 3393 148 32 Friedrido
477 3394 162 41 Nietzsche,
655 3394 220 41 Heliogravüre
891 3393 74 32 nado
980 3394 71 29 dem
1066 3391 88 32 Bilde
1164 3399 61 22 von
1238 3388 142 41 Stoeving
1414 3396 52 32 143

313 3445 99 33 Ritter
426 3446 44 31 im
485 3446 142 32 Grünen.
662 3447 63 31 Von
743 3446 117 40 Guftav
875 3445 92 33 Falke
982 3445 59 31 mit
1054 3443 86 32 einer
1155 3441 223 40 Umrahmung,

470 3499 229 40 lithographiert
722 3508 61 22 von
804 3498 103 41 Franz
929 3498 127 40 Naager
1414 3501 54 33 143

314 3551 39 32 Le
376 3550 139 32 Sommet.
550 3551 157 40 Didotung
720 3553 72 30 und
806 3550 188 41 Illuftration
1009 3558 62 22 von
1086 3547 148 33 Fernand
1247 3546 138 41 Khnopff
1419 3553 48 33 133

313 3603 120 33 Abend.
479 3604 174 32 Lidotdruck
682 3603 75 33 nado
787 3605 59 30 der
866 3602 184 43 Landfdoaft
1075 3610 61 22 von
1158 3600 79 32 Karl
1264 3597 117 34 Helder
1419 3606 48 34 133

2590 1785 46 18 vor
2651 1778 66 24 Seite

1564 1827 220 32 Schwertlilien.
2176 1825 34 31 in
2232 1823 77 44 %wei
2330 1823 116 33 Farben
2471 1832 60 23 von
2559 1822 72 33 Otto

1721 1879 161 32 Eckmann
2664 1884 51 33 (59

1564 1932 230 40 Mäddoenkopf.
1839 1931 123 42 Farbige
1992 1931 319 41 Originalradierung
2336 1939 60 22 von
2425 1929 87 32 einer
2532 1928 99 32 Platte

1717 1985 155 41 gedruckt,
1896 1994 61 22 von
1980 1985 35 31 E.
2038 1984 90 42 Klotz
2666 1980 52 42 165

1564 2037 84 32 Zwei
1670 2037 226 40 Studienköpfe.
1944 2036 319 41 Originalradierung
2282 2045 60 22 von
2366 2035 34 32 E.
2424 2034 90 42 Klotz
2538 2056 97 7 ...
2664 2041 52 33 133

1565 2089 167 32 Scheuende
1749 2090 142 31 Ponnies.
1927 2088 175 32 Lichtdruck
2117 2088 75 32 nach
2207 2089 70 30 dem
2293 2088 151 31 Gemälde
2459 2095 60 22 von
2536 2085 94 32 Paul-

1721 2142 109 31 Albert
1850 2142 140 31 Besnard
2660 2144 58 34 177

1565 2196 88 30 Peter
1673 2195 104 31 Halm.
1825 2194 317 40 Originalradierung
2161 2203 61 21 von
2242 2192 231 42 Stauffer-Bern
2491 2214 8 8 .
2537 2213 95 8 ...
2667 2196 49 33 183

1566 2246 174 33 Lichtdruck
1762 2246 75 32 nach
1858 2246 99 31 einem
1980 2246 87 31 Bilde
2089 2255 60 22 von
2173 2244 160 42 Segantini
2664 2249 52 32 193

1568 2298 337 42 Originallithographie
1936 2298 34 31 in
2002 2297 66 33 acht
2098 2298 116 32 Farben
2246 2307 61 21 von
2338 2296 39 32 H.
2412 2297 38 30 de
2479 2294 152 41 Touloufe-

1775 2352 128 31 Lautrec
2626 2371 8 6 .
2662 2353 57 34 (97

1567 2404 241 41 Menfdoenpaar.
1851 2403 175 32 Lichtdruck
2049 2403 75 31 nach
2146 2404 70 30 dem
2232 2401 87 33 Bilde
2342 2411 61 21 von
2419 2401 79 31 Max
2514 2400 120 41 Slevogt
2660 2408 58 22 201

1567 2457 201 33 Dekorativer
1788 2455 152 38 Entwurf
1957 2464 60 21 von
2041 2455 142 31 Gerhard
2204 2453 141 40 Munthe,
2369 2452 176 32 Lidotdruck
2583 2476 7 7 .
2627 2474 9 9 .
2657 2460 61 31 205

1567 2509 220 41 Heliogravüre
1809 2506 75 32 nach
1907 2505 85 32 einer
2013 2506 109 32 Studie
2145 2516 61 22 von
2229 2506 81 42 Fritz
2331 2516 61 21 von
2417 2506 86 31 Uhde
2540 2528 7 8 .
2584 2528 7 8 .
2628 2529 7 7 .
2653 2513 66 31 209

1568 2561 177 41 Feuertanz-
1790 2558 174 33 Lidotdruck
1987 2559 75 31 nado
2083 2558 154 33 Doudelet
2660 2566 38 22 2/
2705 2566 13 22 /

1889 2696 308 26 ABBILDUNGEN
2212 2696 53 25 IM
2281 2695 123 26 TEXT:
2653 2712 65 25 Sdu

1571 2757 218 40 Umrahmung
1809 2766 61 21 von
1895 2757 72 31 Otto
1989 2757 161 32 Eckmann
2666 2765 53 33 143

1569 2809 235 41 Schlußvignette
1825 2818 61 22 von
1909 2809 92 31 Hans
2023 2808 113 32 Thoma
2661 2819 58 31 144

1568 2861 160 41 Kopfleifle
1750 2870 60 22 von
1833 2862 88 31 Peter
1942 2862 96 31 Halm
2667 2871 53 33 143

1568 2912 236 42 Sdolußvignette
1826 2922 61 22 von
1909 2914 89 30 Peter
2018 2913 96 31 Halm
2669 2923 50 33 132

1571 2966 218 40 Umrahmung
1808 2974 61 22 von
1882 2965 106 40 Jofeph
2010 2965 114 31 Sattler
2672 2975 47 33 133

1571 3018 218 39 Umrahmung
1808 3027 61 21 von
1893 3017 71 32 Otto
1986 3017 161 32 Eckmann
2667 3028 52 32 134

1572 3070 164 41 Vignetten
1757 3078 61 22 von
1832 3069 30 39 J.
1886 3069 299 32 Pitkairn-Knowles
2472 3094 8 7 .
2517 3093 7 8 .
2561 3095 6 5 .
2587 3080 57 32 133,
2668 3072 51 40 163

1572 3122 218 40 Umrahmung
1808 3130 61 22 von
1893 3121 72 31 Otto
1987 3121 162 32 Eckmann
2664 3125 56 40 164

1569 3175 177 40 Lyng-Lun.
1791 3173 185 39 Illußration
1999 3183 61 22 von
2082 3173 153 32 Henricus
2542 3199 6 7 .
2585 3199 7 7 .
2628 3198 9 8 .
2665 3184 55 33 132

1569 3226 168 41 Kopfleifle.
1782 3225 201 41 Zinkätzung
2003 3225 74 32 nado
2100 3225 99 32 einem
2221 3226 88 31 Bilde
2331 3236 61 21 von
2415 3227 125 31 Böcklin
2587 3251 7 8 .
2629 3252 7 7 .
2668 3237 53 33 133

1570 3277 262 42 Zinkographifdoe
1847 3278 268 40 Reproduktionen
2131 3278 73 31 nado
2219 3278 124 32 Werken
2359 3288 59 22 von
2431 3279 205 32 Paul-Albert

1727 3331 140 31 Besnard
1888 3353 139 9 ....
2069 3338 65 34 133,
2159 3338 63 32 iso,
2246 3339 54 33 isi,
2325 3339 62 33 184,
2412 3339 58 34 183,
2494 3340 59 33 188,
2578 3340 62 33 189,
2664 3342 55 31 192

1571 3382 259 42 Zinkographifdoe
1835 3383 267 39 Reproduktionen
2112 3383 73 31 nado
2192 3384 171 31 Gemälden
2373 3393 61 22 von
2439 3384 161 42 Segantini
2605 3394 116 33 193,193

1570 3436 159 40 Kopfleifle
1752 3445 59 21 von
1835 3435 73 32 Otto
1929 3436 161 31 Eckmann
2665 3445 58 34 193

1571 3488 158 40 Kopfteiße
1752 3499 61 22 von
1833 3490 81 41 Diez
2664 3499 59 22 20/

1571 3541 224 40 lUuftrationen
1818 3551 60 22 von
1901 3541 122 41 Sandys
2469 3551 66 32 204
2536 3561 43 4 —
2579 3549 71 34 208,
2674 3551 49 23 211

1571 3594 159 40 Kopfleifle
1751 3603 61 23 von
1825 3594 104 42 Jofeph
1951 3594 113 32 Sattler
2667 3603 54 24 2/2
