3439 4381
1670 180 67 49 43

167 310 87 48 den
283 310 245 48 höllischen
557 307 211 51 Mächten
796 310 210 48 verfallen
1042 311 93 50 und
1176 314 115 48 nahe
1327 315 140 49 daran
1506 316 67 57 ist,
1614 335 52 31 zu

169 386 134 48 ihnen
334 385 136 48 hinab
500 402 52 30 zu
584 388 190 45 müssen.

283 462 148 47 Allein
462 461 203 63 plötzlich
694 462 234 48 verändert
953 463 92 47 sich
1074 462 70 48 die
1172 465 156 57 Scene,
1357 467 90 47 und
1477 468 71 47 ein
1576 468 69 47 hei-

166 546 119 41 terer
313 537 271 48 Lichtstrahl
614 538 196 50 leuchtet
838 557 71 31 am
933 541 217 47 Horizont
1180 542 86 47 auf.
1315 543 94 47 Der
1432 545 121 47 Chor
1574 546 94 47 tritt

166 616 81 47 auf
270 613 92 47 und
391 613 117 65 singt
538 615 240 48 Armidens
806 617 144 64 Siege.
979 617 156 47 Dieses
1158 617 278 50 Musikstück
1464 621 53 47 ist
1545 622 99 64 glän-

167 689 112 49 zend
307 689 86 47 wie
421 688 71 48 die
522 691 150 45 Sonne
699 691 59 47 im
783 692 158 55 Osten,
970 691 93 48 und
1092 693 84 46 voll
1205 693 230 65 Schwung
1461 696 93 48 und
1581 698 58 46 Le-

169 767 99 47 ben.
317 767 93 46 Das
448 766 245 48 Orchester
735 768 55 47 ist
826 768 133 47 dabei
1000 768 120 47 reich
1164 768 90 47 und
1284 769 218 50 kunstvoll
1531 790 109 33 anee-

1593 820 25 16 o

170 841 166 49 wandt.
376 842 86 47 Die
494 842 270 49 funkelnden
793 844 373 63 Yiolin-Figuren
1196 844 180 49 werden
1404 863 83 32 von
1519 848 127 47 kräfti-

166 935 88 47 gen
283 919 164 46 Bässen
476 923 267 45 unterstützt
783 921 93 47 und
905 919 142 49 durch
1077 919 69 49 die
1174 922 176 65 Klänge
1378 922 80 48 der
1487 924 179 56 Oboen,

166 994 293 56 Clarinctten,
522 997 193 63 Fagotte
762 997 91 47 und
901 998 183 46 Horner
1136 997 197 49 verziert.
1399 1001 121 47 Zwei
1574 1002 92 47 Mal

167 1072 216 63 schweigt
425 1072 79 47 der
547 1073 137 55 Chor,
727 1091 77 28 um
846 1073 71 47 die
957 1072 235 48 lieblichen
1235 1076 92 45 Soli
1366 1076 80 48 der
1473 1078 194 47 Phenice

165 1148 91 47 und
280 1148 79 47 der
382 1148 180 47 Sidonie
593 1152 186 44 ertönen
801 1166 53 30 zu
876 1149 159 55 lassen,
1059 1149 90 47 und
1177 1152 107 47 zwei
1313 1153 91 46 Mal
1434 1154 157 47 nimmt
1619 1171 32 30 ei-

164 1239 120 31 serne
312 1223 244 65 glänzende
578 1223 193 48 Melodie
800 1224 169 48 wieder
997 1224 87 48 auf.
1113 1225 188 49 Endlich
1332 1229 215 64 vereinigt
1573 1230 90 47 sich

165 1300 115 47 auch
311 1299 79 48 der
419 1302 120 45 Tanz
569 1300 80 47 mit
677 1300 100 47 dem
804 1303 205 62 Gesänge
1036 1319 79 30 zur
1136 1303 134 47 Feier
1296 1304 77 47 des
1395 1307 270 63 Triumphes

165 1374 80 48 der
270 1375 243 47 Zauberin.

277 1454 149 46 Kaum
465 1451 110 49 aber
608 1453 229 48 verhallen
872 1454 70 47 die
983 1455 156 47 letzten
1171 1455 388 66 Freudenklänge,
1602 1459 63 47 als

164 1529 97 46 eine
291 1528 402 48 Trauerbotschaft
720 1530 255 48 Schrecken
1013 1530 89 48 und
1130 1534 121 46 Zorn
1286 1540 164 57 erregt.
1500 1534 161 57 Aront,

165 1604 80 47 der
274 1604 70 47 die
386 1605 283 65 gefangenen
696 1606 146 47 Kitter
871 1606 237 49 Armidens
1150 1608 254 64 begleitete,
1445 1610 95 47 tritt
1567 1627 72 31 ver-

165 1680 184 50 wundet
387 1680 91 48 und
517 1681 222 49 wankend
777 1683 99 57 auf;
919 1685 69 46 ein
1032 1684 283 48 furchtbarer
1355 1686 194 64 Krieger
1588 1686 79 49 hat

162 1773 112 47 ganz
317 1756 131 48 allein
491 1758 62 46 sie
597 1756 171 50 befreit.
823 1759 203 56 Armide,
1065 1760 78 47 das
1180 1761 119 47 Herz
1333 1763 85 45 voll
1449 1761 216 65 Ahnung,

161 1832 141 49 Liebe
343 1832 91 47 und
478 1834 131 57 Hass,
645 1835 91 47 ruft
774 1851 106 32 aus:
1202 1864 73 7 —
1319 1839 90 54 „Er
1437 1855 97 31 war

162 1909 187 48 ewidert
371 1910 157 48 Aront.
560 1912 103 46 Nun
693 1911 108 47 läuft
828 1912 70 47 ein
920 1912 202 47 Schauer
1144 1912 80 47 der
1246 1914 297 64 Erbitterung
1571 1914 92 48 und

164 1986 148 48 Wuth
341 1985 141 48 durch
513 1986 70 47 die
611 1987 172 47 Reihen
812 1987 77 49 des
918 1989 165 48 Volkes
1122 1989 92 47 und
1243 1990 81 47 der
1351 1991 194 64 Krieger
1573 1990 93 48 und

162 2062 149 49 bricht
338 2064 43 45 in
409 2062 72 49 die
509 2064 168 48 Worte
706 2081 108 31 aus:

857 2137 312 50 JPoursuivons
1512 2139 156 64 jusqu'a

854 2213 239 50 L'ennemi
1378 2213 80 66 qui
1582 2231 86 32 nous

161 2291 96 48 Auf
280 2290 120 48 diese
430 2291 167 48 Worte
627 2292 76 47 hat
734 2292 142 48 Gluck
914 2292 78 48 das
1021 2293 273 65 prachtvolle
1320 2293 186 66 Allegro
1543 2311 90 32 com-

160 2367 164 65 ponirt,
354 2367 191 47 welches
574 2367 85 48 den
689 2376 146 39 ersten
865 2371 86 46 Act
978 2370 212 57 schliesst,
1228 2370 70 47 ein
1337 2372 328 47 meisterhaftes

158 2443 295 57 Musikstück,
482 2443 192 49 welches
703 2443 85 49 den
818 2450 205 59 späteren
1047 2446 186 48 Finalen
1260 2464 99 30 zum
1384 2448 171 47 Muster
1585 2464 51 48 ge-

165 2521 122 47 dient
329 2520 99 57 hat;
477 2520 117 48 denn
636 2521 81 47 wir
755 2521 150 49 finden
946 2522 137 48 selbst
1117 2523 45 47 in
1191 2522 161 58 denen,
1381 2523 70 49 die
1481 2525 82 48 wir
1591 2541 71 32 am

164 2597 185 47 meisten
379 2596 295 58 bewundern,
703 2598 59 46 im
785 2600 102 45 Don
909 2601 118 46 Juan
1058 2600 91 47 und
1177 2600 58 47 im
1258 2601 192 47 Barbier
1477 2619 85 30 von
1583 2602 54 46 Se-

161 2673 116 57 villa,
317 2673 121 47 seine
478 2674 199 46 Formen
719 2673 181 50 wieder.
955 2676 85 47 Die
1069 2676 220 48 Stimmen
1327 2677 223 48 intoniren
1592 2678 69 47 ein

158 2749 154 49 scharf
341 2749 327 65 rhythmisirtes
696 2751 152 56 Motiv,
890 2751 77 48 das
997 2752 246 48 Orchester
1282 2754 257 47 entwickelt
1578 2754 83 47 alle

157 2826 120 47 seine
304 2826 412 63 Klang-Elemente
746 2826 91 48 und
866 2833 123 59 wogt
1025 2828 44 47 in
1111 2828 225 48 schnellen
1365 2819 182 59 'friolen
1588 2829 80 49 auf

157 2903 116 47 allen
302 2903 531 47 Streich-Instrumenten
862 2903 152 58 dahin,
1042 2904 218 49 während
1287 2906 72 48 die
1381 2908 183 47 Hörner
1592 2907 70 48 die

161 2978 138 47 festen
327 2979 149 46 Noten
506 2978 77 48 des
611 2979 255 64 Rhythmus
909 2979 80 49 der
1017 2982 268 63 Begleitung
1313 2983 221 64 angeben.
1574 2983 87 47 Die

161 3055 286 64 Aufregung,
487 3055 71 49 die
589 3057 265 47 Yolkswuth
892 3057 98 48 sind
1028 3057 279 49 hinreissend
1334 3059 328 65 ausgedrückt;

160 3148 131 31 wenn
320 3148 45 31 es
393 3132 179 48 erlaubt
598 3133 68 56 ist,
708 3133 146 47 Musik
886 3133 90 48 und
1006 3134 154 48 Poesie
1200 3153 52 29 zu
1286 3137 300 63 vergleichen,
1615 3153 47 31 so

160 3208 179 47 möchte
367 3208 68 46 ich
465 3224 153 47 sagen,
661 3208 101 48 dass
802 3209 141 48 dieses
973 3210 139 47 Stück
1140 3227 47 30 so
1218 3212 148 63 episch
1395 3212 92 48 und
1515 3228 123 48 gross-

160 3285 115 63 artig
303 3284 69 56 ist,
402 3284 84 47 wie
515 3284 70 47 die
614 3285 238 47 schönsten
881 3287 265 49 Abschnitte
1174 3287 80 48 der
1281 3289 114 47 Ilias.

273 3362 66 45 Im
367 3360 186 49 zweiten
584 3362 112 47 Acte
724 3363 94 47 tritt
846 3364 113 47 nach
989 3364 145 47 einem
1164 3365 236 64 markigen
1430 3365 232 65 Vorspiele

160 3436 190 50 llinaldo
381 3438 78 47 mit
487 3438 277 57 Artemidor,
801 3439 145 48 einem
975 3440 80 47 der
1086 3442 289 63 Gefangenen
1404 3443 257 57 Armidens,

160 3513 71 48 die
257 3530 49 31 er
335 3514 161 48 befreit
524 3515 92 56 hat,
646 3516 89 47 auf.
782 3516 66 46 Er
887 3516 55 47 ist
981 3518 120 47 eines
1129 3519 330 65 Zweikampfes
1500 3536 161 48 wegen

161 3605 79 31 aus
283 3590 256 48 Gottfried's
581 3593 151 63 Lager
767 3593 219 48 verbannt
1026 3593 91 48 und
1159 3594 174 48 kommt
1373 3595 81 47 auf
1493 3596 167 47 seinem

160 3666 260 65 Ritterzuge
465 3669 81 47 auf
579 3668 242 49 Armidens
862 3670 173 48 Gebiet.
1083 3671 260 49 Artemidor
1384 3679 147 41 warnt
1568 3674 93 56 ihn,

161 3741 110 49 aber
298 3744 230 48 Rinaldo's
557 3746 118 47 Herz
713 3745 140 48 kennt
889 3746 127 49 keine
1045 3748 173 47 Furcht
1256 3748 91 48 und
1385 3748 159 64 glaubt
1569 3750 91 48 sich

160 3817 82 49 fest
269 3817 91 49 und
387 3819 144 48 sicher
557 3838 148 48 gegen
730 3815 243 56 Armidens
999 3824 222 47 Zauberei
1252 3824 91 48 und
1371 3825 168 48 Rache.

273 3895 85 48 Ein
374 3895 581 68 heroisch-majestätisches
971 3901 215 47 Recitativ
1202 3901 192 49 eröffnet
1409 3901 70 49 die
1496 3904 165 54 Scene;

157 3971 131 48 allein
318 3971 72 48 bei
418 3971 101 50 dem
547 3974 243 49 Ausdruck
819 3976 76 48 des
924 3977 261 49 Schmerzes
1220 3977 76 49 des
1326 3977 193 59 Helden,
1562 3977 100 50 dass

158 4064 51 32 er
252 4049 152 48 seinen
433 4049 113 48 Arm
595 4051 124 48 nicht
767 4051 81 50 der
886 4054 244 66 Befreiung
1171 4054 78 48 der
1299 4055 194 66 heiligen
1534 4055 129 49 Stadt

1740 320 174 47 weihen
1954 320 135 58 kann,
2127 321 157 48 ändert
2316 322 92 47 sich
2436 322 78 47 der
2543 324 252 48 Charakter
2822 322 80 49 der
2928 322 163 56 Musik,
3134 326 89 46 und

1740 395 69 48 die
1840 396 268 50 Ausbrüche
2137 397 140 49 dieses
2306 397 257 49 Schmerzes
2603 400 148 47 hallen
2791 399 43 47 in
2874 399 85 47 den
2997 399 232 48 Accorden

1740 471 182 58 wieder,
1972 475 169 47 welche
2183 475 84 47 wie
2307 475 182 47 Seufzer
2530 491 77 31 aus
2648 476 100 47 dem
2786 476 245 47 Orchester
3073 476 162 47 herauf

1738 550 148 44 tönen.
1925 550 61 45 Es
2015 548 139 49 findet
2180 550 90 47 sich
2301 550 56 47 da
2385 548 70 49 ein
2484 550 338 48 harmonischer
2850 552 146 60 Gang,
3025 550 71 47 bei
3125 552 81 46 wel-

1740 623 128 47 chem
1896 625 89 47 sich
2016 625 78 48 das
2123 626 217 47 Recitativ
2370 626 100 46 dem
2502 627 135 46 Tacte
2665 627 291 47 unterordnet
2984 626 92 47 und
3104 627 125 47 einen

1738 716 182 47 grossen
1943 701 231 48 Eindruck
2197 702 162 55 macht,
2390 702 79 47 der
2490 702 263 64 Meyerbeer
2780 720 51 29 zu
2860 703 122 47 einer
3008 703 134 49 Stelle
3171 703 57 49 im

1738 776 215 47 Recitativ
1981 776 80 48 der
2089 777 124 47 Alice
2244 777 57 47 im
2330 785 146 40 ersten
2503 778 113 46 Acte
2650 795 99 30 vom
2780 777 171 48 Robert
2993 778 232 54 begeistert

1740 851 76 47 hat
1863 853 155 55 „Pour
2362 851 241 67 accomplir
2897 853 78 49 Vordre
2976 853 59 47 Die
3036 855 195 63 folgende

1737 928 108 47 Arie
1874 928 78 47 hat
1978 929 127 47 einen
2137 931 271 47 ritterlichen
2439 929 262 47 Charakter.

1851 1004 239 49 Während
2121 1004 116 49 dann
2269 1006 79 47 der
2376 1006 118 47 Held
2522 1006 155 47 weiter
2705 1006 81 47 auf
2808 1006 100 47 dem
2938 1006 186 48 Gebiete
3153 1006 79 48 der

1735 1079 227 49 Zauberin
2002 1082 247 63 vordringt,
2289 1082 220 48 erscheint
2549 1081 118 48 diese
2707 1082 79 46 mit
2813 1081 193 48 Hidraot
3039 1083 80 46 auf
3151 1082 78 48 der

1736 1156 157 57 Scene,
1935 1157 92 47 und
2075 1173 44 31 es
2162 1157 110 63 folgt
2315 1157 79 47 das
2436 1156 237 49 berühmte
2714 1158 160 46 Duett:

1745 1229 132 51 haine
2048 1234 45 46 et
2182 1233 54 48 de
2213 1234 141 47 —die
2370 1233 511 63 Heraufbeschwörung
2897 1233 78 47 der
2991 1233 240 48 höllischen

1736 1309 251 47 Dämonen.

1846 1385 127 47 Nach
2015 1385 145 49 einem
2208 1387 230 63 Vorspiele
2485 1387 42 45 in
2674 1384 216 48 welchem
2941 1384 291 50 wiederholte

1735 1459 240 66 Synkopen
2016 1462 97 47 eine
2154 1462 256 63 spannende
2448 1463 263 62 Bewegung
2752 1460 161 65 geben,
2959 1459 161 50 drückt
3165 1462 68 45 ein

1737 1535 155 49 kurzes
1920 1539 216 46 Recitativ
2166 1539 85 46 den
2281 1537 393 66 Hauptgedanken
2704 1538 80 47 der
2805 1539 142 46 Scene
2977 1553 92 32 aus.
3100 1539 131 46 Dann

1738 1611 188 65 bringen
1955 1613 70 48 die
2055 1614 204 48 Violinen
2288 1614 90 47 und
2409 1614 270 47 Violoncello
2710 1614 100 47 bald
2842 1614 39 46 in
2913 1615 184 56 Terzen,
3128 1614 106 47 bald

1736 1688 44 47 in
1808 1690 165 46 Sexten
2015 1690 42 47 in
2099 1690 102 47 dem
2241 1689 330 48 schneidenden
2799 1690 96 46 eine
2936 1691 156 61 Figur,
3132 1690 99 47 eine

1736 1764 85 48 Art
1856 1782 86 31 von
1968 1766 277 65 Arpeggien,
2286 1783 82 30 von
2411 1766 143 47 denen
2597 1765 96 64 jede
2721 1766 117 47 Note
2879 1765 180 65 doppelt
3097 1783 113 47 ange

1736 1840 193 48 strichen
1958 1841 138 56 wird;
2126 1841 122 49 diese
2268 1841 142 65 Figur
2438 1841 108 64 geht
2573 1841 77 49 das
2679 1857 138 48 ganze
2846 1841 139 47 Stück
3013 1840 219 48 hindurch

1738 1915 85 48 fort
1850 1916 92 49 und
1969 1919 187 63 spiegelt
2183 1918 241 66 gleichsam
2453 1918 70 47 die
2545 1918 233 64 Zähigkeit
2799 1916 75 47 des
2898 1918 335 63 Rachegefühls

1737 1991 79 48 der
1845 1994 391 48 Beschwörenden
2263 1994 181 48 wieder.
2498 1994 85 47 Die
2612 1995 132 46 Bässe
2772 1992 92 47 und
2891 1995 192 61 Fagotte
3110 2010 92 31 mar-

1737 2067 126 49 kiren
1906 2069 70 48 die
2005 2070 312 55 Grundnoten,
2359 2070 215 47 während
2615 2070 77 47 das
2720 2070 199 47 Unisono
2963 2069 80 48 der
3071 2069 163 48 Oboen

1740 2145 91 47 und
1855 2146 272 47 Clarinetten
2156 2147 93 46 und
2270 2147 246 47 Bratschen
2545 2146 80 47 mit
2651 2147 127 46 ihren
2808 2145 421 65 durchdringenden

1738 2221 157 52 Tönen
1938 2221 105 48 bald
2071 2222 70 47 die
2180 2222 132 47 tiefen
2343 2221 281 57 Grundtöne,
2667 2221 105 48 bald
2801 2221 70 47 die
2898 2222 212 63 zornigen
3144 2222 60 47 Ac-

1736 2304 127 40 cente
1892 2297 80 49 der
2000 2299 207 48 Violinen
2235 2302 316 44 unterstützen.
2590 2299 97 47 Auf
2710 2299 164 47 diesem
2904 2297 208 49 düsteren
3143 2297 90 49 und

1737 2372 235 66 bewegten
2004 2375 186 48 Grunde
2227 2375 209 48 leuchten
2476 2375 70 47 die
2574 2375 397 63 Beschwörungen
3001 2373 89 47 und
3119 2376 85 46 Ver-

1736 2451 339 65 wünschungen
2103 2452 242 47 Armidens
2375 2451 92 48 und
2494 2452 229 47 llidraot's
2752 2452 96 55 auf;
2893 2451 103 48 bald
3035 2455 196 44 strömen

1736 2526 70 48 die
1835 2528 235 47 Flammen
2113 2528 118 47 ihres
2268 2531 169 44 Zornes
2477 2528 44 47 in
2563 2527 229 56 einander,
2836 2527 102 48 bald
2979 2535 253 42 antworten

1733 2603 90 47 sich
1854 2603 138 49 Beide
2022 2605 83 47 wie
2133 2605 79 48 das
2232 2606 126 47 Echo
2387 2605 101 47 dem
2512 2605 157 55 Rufer,
2698 2603 91 49 und
2811 2605 77 45 das
2913 2606 147 46 Ganze
3083 2605 151 48 macht

1735 2680 127 47 einen
1905 2681 157 47 höchst
2100 2681 256 63 tragischen
2396 2681 248 57 Eindruck,
2698 2680 91 48 und
2837 2680 113 47 doch
3006 2680 226 48 durchaus

1733 2756 118 48 ohne
1881 2756 364 64 Uebertreibung
2276 2757 91 48 und
2395 2757 117 47 ohne
2538 2758 150 47 Lärm.
2717 2757 135 47 Nicht
2879 2757 161 47 einmal
3071 2758 128 46 Trom-

1735 2840 130 57 peten
1895 2833 92 47 und
2015 2833 188 50 Pauken
2230 2833 98 48 sind
2354 2833 146 48 dabei.
2530 2836 148 45 Selten
2707 2834 54 46 ist
2787 2833 78 47 das
2889 2832 232 65 Aufgebot
3149 2833 80 47 der

1733 2911 134 47 Hölle
1906 2909 80 49 mit
2020 2927 49 31 so
2113 2911 232 48 einfachen
2383 2911 91 47 und
2502 2911 111 47 doch
2644 2927 47 32 so
2720 2911 202 47 sicheren
2951 2911 174 47 Mitteln
3153 2909 51 47 be-

1733 2986 291 64 werkstelligt
2052 2987 199 48 worden.

1848 3063 85 47 Die
1955 3063 135 47 Hölle
2118 3063 127 64 siegt,
2273 3062 192 49 Rinaldo
2505 3063 94 47 fällt
2640 3063 42 47 in
2719 3063 70 47 die
2818 3062 240 65 Schlingen
3086 3062 145 47 seiner

1733 3138 203 48 Feindin.
1966 3141 95 45 Der
2089 3139 193 49 Anblick
2311 3141 121 47 eines
2461 3139 256 47 blühenden
2748 3141 206 54 Gartens,
2984 3156 83 30 von
3098 3141 130 47 lauen

1733 3214 163 47 Lüften
1920 3214 140 48 durch
2067 3217 136 57 wallt,
2226 3215 118 49 ladet
2364 3217 75 45 ihn
2463 3215 87 58 ein,
2579 3217 88 45 sich
2693 3232 71 32 am
2786 3215 111 49 Ufer
2918 3215 120 49 eines
3060 3215 172 49 Baches

1732 3290 380 58 niederzulassen;
2161 3309 50 31 er
2250 3301 108 40 setzt
2397 3293 91 47 sich
2530 3293 91 47 und
2662 3294 91 62 legt
2780 3293 132 47 Helm
2942 3290 90 50 und
3060 3294 173 47 Panzer

1733 3368 71 48 ab.
1835 3369 65 46 Er
1928 3369 156 47 schläft
2110 3369 84 48 ein.
2236 3370 136 46 Diese
2401 3370 276 47 vortrefflich
2715 3369 187 55 lyrische
2930 3369 221 48 Situation
3181 3370 53 47 ist

1733 3444 141 47 durch
1906 3445 143 47 Gluck
2096 3444 79 48 mit
2222 3447 113 45 allen
2383 3445 166 47 Reizen
2589 3447 145 45 seiner
2773 3445 129 47 Muse
2942 3445 291 64 geschmückt

1733 3520 198 49 worden.
1961 3523 64 46 Zu
2056 3520 100 49 dem
2187 3522 172 48 sanften
2390 3522 136 47 Liede
2555 3522 79 47 der
2663 3522 157 47 Flöten
2850 3522 146 47 lassen
3025 3522 70 47 die
3124 3523 81 47 Vio-

1732 3598 118 47 linen
1878 3598 70 47 ein
1977 3598 125 48 leises
2132 3599 260 47 Gemurmel
2429 3603 210 51 ertönen;
2682 3614 46 31 es
2756 3599 54 46 ist
2837 3598 86 48 wie
2952 3598 70 47 ein
3051 3598 183 48 leichter

1733 3675 126 56 Duft,
1901 3675 84 47 wie
2025 3675 70 47 ein
2137 3675 382 48 schmeichelnder
2555 3675 272 48 Lufthauch.
2881 3675 121 47 Alles
3045 3676 53 47 ist
3138 3675 96 48 hier

1733 3750 230 65 vereinigt,
2010 3768 76 30 um
2131 3750 77 48 das
2239 3751 100 47 Ohr
2375 3769 53 29 zu
2465 3751 263 56 entzücken,
2776 3750 70 48 die
2890 3753 343 47 umschleicrten

1735 3830 125 46 Töne
1897 3828 80 47 der
2005 3828 206 48 Violinen
2253 3828 91 48 und
2382 3828 70 48 die
2490 3829 269 63 gehaltenen
2799 3830 147 46 Noten
2984 3828 80 48 der
3093 3829 116 47 Clari-

1733 3911 150 41 netten
1907 3904 92 48 und
2023 3904 179 57 Oboen,
2213 3905 191 47 —Alles
2433 3905 52 47 ist
2513 3906 113 64 glatt
2653 3905 90 47 und
2773 3905 157 56 weich,
2959 3905 84 48 wie
3063 3905 172 47 Samrnt

1735 3980 92 48 und
1856 3980 144 48 Seide.
2048 3980 210 57 Rinaldo,
2287 3980 208 48 entzückt
2522 3981 93 47 und
2645 3983 292 63 hingerissen,
2973 3980 260 48 wiederholt

1735 4056 69 50 die
1817 4056 193 51 Melodie
2027 4056 78 48 der
2122 4059 159 47 Flöten
2301 4056 90 50 und
2410 4057 126 50 führt
2559 4059 62 47 sie
2639 4059 80 48 auf
2729 4059 84 48 den
2831 4060 309 61 Bosenwegen
3158 4055 77 49 der
