2880 4130
233 4045 24 35 2

241 218 285 69 TRAN
561 218 363 67 Nummer
964 223 32 59 7

243 332 380 56 Generalpardon
646 346 58 29 an
726 329 154 43 meine

240 403 384 42 hannoverschen
649 399 205 43 Kritiker
875 398 50 41 in
950 396 207 44 Merzstil

239 493 104 43 Alle
382 495 179 41 Herren
609 493 206 42 konnten
865 489 130 43 nicht
1040 489 370 54 berücksichtigt

239 562 209 54 werden,
482 562 75 42 die
580 561 115 42 Zahl
728 562 58 41 ist
817 574 56 27 zu
898 571 144 43 gross.
1106 557 114 56 (Das
1244 558 166 55 gehört

239 632 220 54 beiläufig
505 630 128 42 nicht
681 628 225 55 hierher.)
982 628 80 42 Ich
1095 628 188 42 behalte
1315 628 94 41 mir

236 715 98 35 vor,
354 700 76 42 die
448 700 209 42 anderen
668 700 181 42 Herren
870 700 158 53 später
1046 712 58 28 zu
1123 697 283 43 kritisieren.

237 768 221 55 (Merzstil
522 769 145 42 heisst
727 766 246 56 arbeiten.)
1084 768 161 41 Damit
1306 766 101 42 sich

236 838 226 43 niemand
510 839 352 53 zurückgesetzt
913 837 136 54 fühlt,
1103 836 176 42 nehme
1330 836 74 41 ich

237 907 73 42 die
324 907 306 55 Reihenfolge
648 906 342 56 alphabetisch.
1010 905 132 49 (Die
1142 905 264 49 Klammern

234 976 207 54 gehören
475 975 472 44 selbstverständlich
982 975 119 42 auch
1128 974 129 43 nicht
1281 974 101 43 hier-

234 1043 119 57 her.)

234 1114 59 56 1.)
327 1116 119 41 Herr
474 1115 76 55 Fg.
594 1113 282 57 (Frerking.)
939 1112 170 57 (Hann.
1141 1114 265 54 Tageblatt)

232 1184 59 41 ist
338 1185 73 41 ein
445 1185 156 54 wenig
645 1197 58 28 zu
750 1185 77 53 alt,
875 1198 82 28 um
991 1184 87 41 mit
1110 1197 89 29 uns
1226 1185 179 54 jungen

232 1253 256 42 Künstlern
521 1254 165 43 fühlen
719 1268 57 28 zu
809 1254 204 43 können.
1089 1251 190 56 (Meiers
1312 1254 63 41 Im-

232 1323 505 55 prägnierungsmasse
784 1323 161 43 macht
992 1324 92 42 alte
1133 1323 246 55 Segeltuch-

232 1392 177 43 decken
435 1394 91 42 wie
550 1407 91 29 neu
665 1393 98 43 und
787 1394 252 54 garantiert
1057 1392 348 56 wasserdicht.)

232 1462 92 42 Das
371 1462 318 56 entschuldigt
740 1464 115 41 aber
902 1462 149 43 leider
1098 1463 143 54 nicht,
1296 1463 108 42 dass

230 1531 120 43 Herr
371 1532 228 56 Frerking
622 1533 213 42 Kritiken
862 1533 229 42 schreibt:
1126 1531 125 56 (Wie
1273 1534 132 41 lerne

228 1601 77 43 ich
340 1601 233 56 dichten?)
635 1602 133 43 Auch
801 1603 73 42 ein
900 1602 350 43 Kunstkritiker
1272 1615 132 30 muss

231 1671 116 42 über
394 1672 74 42 ein
517 1672 220 55 gewisses
780 1671 159 44 Etwas
973 1672 239 55 verfügen,
1263 1683 139 43 sagen

229 1742 88 42 wir
349 1741 119 44 mal:
536 1741 413 54 Urteilsfähigkeit.
1019 1742 78 43 Ich
1130 1742 162 43 zitiere
1324 1741 81 43 Ihr

230 1811 183 54 eigenes
450 1811 153 42 Wort:
667 1812 127 52 ~Der
825 1812 137 43 Wein
997 1813 66 41 im
1096 1812 143 43 Fasse
1272 1825 131 29 muss

230 1885 91 36 erst
340 1883 155 52 gären,
515 1881 208 42 bevorer
740 1881 195 42 reifund
947 1881 457 44 wohlschmeckend

487 1948 93 57 (Oh
639 1951 80 41 Ihr
771 1963 334 43 ungegorenen
1158 1950 245 56 Kritiker!)

227 2020 81 41 Mit
341 2020 258 42 Aufzählen
642 2020 81 44 des
756 2022 252 54 Materials,
1058 2036 83 28 aus
1183 2021 111 43 dem
1328 2023 76 41 ein

228 2090 285 42 Kunstwerk
562 2091 202 54 geformt
809 2092 72 53 ist,
946 2095 159 38 verrät
1152 2106 112 27 man
1313 2106 92 27 nur

229 2158 129 42 seine
390 2158 301 56 Unfähigkeit
722 2173 57 28 zu
812 2160 286 43 kritisieren.
1171 2160 107 56 (Die
1311 2161 62 43 Ge-

228 2227 591 46 meindesteuerschraube
881 2231 85 42 mit
1028 2231 374 56 Benzinmotor.)

227 2297 146 43 Faule
392 2298 148 44 Witze
562 2299 107 42 sind
693 2300 75 42 bei
792 2300 131 42 einer
941 2301 289 42 ernsthaften
1253 2302 150 42 Kritik

227 2368 130 43 nicht
389 2382 93 29 von
516 2370 177 43 Vorlcil
735 2368 180 57 (Augen
949 2369 139 57 auf!):
1140 2371 263 54 „trotzdem

228 2439 129 41 nicht
389 2450 114 44 ganz
528 2441 207 53 wertlos,
769 2440 125 43 denn
931 2440 90 43 den
1046 2441 355 55 Ingredienzien

227 2521 83 29 aus
344 2507 110 44 dem
485 2509 268 44 Mülleimer
785 2511 126 54 fügte
944 2525 50 28 er
1027 2513 73 40 ein
1128 2513 274 43 wirkliches

227 2577 255 56 kupfernes
526 2580 464 56 Zweipfennigstück
1036 2581 184 45 hinzu/'
1302 2581 100 57 (Ich

227 2647 245 57 nämlich.)
554 2648 105 54 (Nie
712 2650 426 44 wiederkehrende
1189 2654 213 54 günstige

227 2718 342 55 Gelegenheit!)
630 2720 112 43 Was
769 2721 196 42 wollten
991 2721 75 43 Sie
1089 2722 133 43 wohl
1246 2734 155 44 sagen,

227 2788 120 41 Herr
370 2788 91 55 Fg.,
495 2802 140 29 wenn
668 2789 79 44 ich
771 2804 92 29 von
886 2791 141 42 Ihren
1051 2791 226 44 biederen
1314 2793 58 42 Be-

227 2858 327 55 sprechungen
588 2862 122 40 etwa
742 2860 227 52 schriebe,
1003 2861 67 43 sie
1093 2865 163 40 wären
1281 2864 90 41 kon-

227 2928 72 42 fus
324 2926 304 58 (praktische,
648 2930 372 44 leichtfassliche
1039 2932 364 56 Unterweisung

227 2998 46 41 in
308 2998 154 42 Lehre
494 2998 98 42 und
627 2999 267 57 Beispielen
930 3002 136 43 nebst
1099 2992 273 65 Übungsauf-

227 3066 182 56 gaben),
458 3068 98 41 und
588 3069 187 54 glichen
810 3071 158 42 einem
1000 3073 401 43 unordentlichen

228 3136 244 45 Häufchen
492 3139 260 56 Gerümpel
771 3141 162 47 (kaufe
956 3143 92 41 alte
1068 3143 332 55 Zahngebisse,

228 3207 322 44 Bruchstücke
583 3209 99 43 und
715 3211 211 43 einzelne
948 3212 206 56 Zähne.),
1189 3215 114 41 aber
1335 3215 67 42 sie

227 3279 160 40 wären
434 3279 233 43 trotzdem
720 3280 129 43 nicht
896 3292 115 45 ganz
1051 3284 193 42 wertlos
1293 3282 108 57 (pro

227 3345 128 43 Zahn
390 3347 52 43 15
464 3348 57 42 M.
547 3362 42 29 u.
615 3348 183 56 mehr.),
833 3351 110 42 weil
976 3353 68 41 sie
1079 3352 109 43 dem
1211 3365 160 44 zwang-

230 3416 129 41 losen
393 3416 280 57 Gemengsei
712 3420 48 41 in
802 3421 157 42 einem
991 3422 272 44 Mülleimer
1297 3438 79 29 ver-

227 3485 214 44 blüffend
465 3487 193 44 ähnlich
682 3489 160 44 sähen.
892 3490 304 57 (Bettfedern,
1221 3494 179 54 Betten,

229 3555 75 42 ein
352 3557 109 42 sehr
513 3558 267 44 lohnendes
829 3561 222 44 Geschäft
1098 3563 75 42 für
1218 3563 184 44 Möbel-

230 3624 98 42 und
347 3627 695 61 Polsterwarenhandlungen.)
1076 3633 325 44 Waswürden

230 3694 75 42 Sie
336 3709 36 29 w
373 3710 7 10 r
387 3696 79 42 ohl
514 3700 165 53 sagen?
742 3699 264 56 (Verfasser
1046 3703 99 42 und
1179 3704 223 56 Verleger

230 3764 311 46 überreichen
573 3767 194 45 hiermit
800 3770 109 43 dem
933 3772 195 44 Dichter
1150 3774 75 42 ein
1245 3774 126 43 Büch-

229 3834 108 54 lein,
371 3835 83 43 das
489 3837 242 45 bestimmt
765 3840 70 54 ist,
886 3840 76 44 die
994 3847 121 38 erste
1147 3842 256 57 Anleitung

229 3917 83 28 zur
348 3904 260 58 Ausübung
656 3908 85 43 der
775 3910 287 45 Dichtkunst
1107 3927 58 28 zu
1215 3914 186 55 geben.)

1483 209 125 44 Aber
1653 208 76 45 ich
1768 209 113 42 bitte
1914 209 88 54 Sie,
2051 208 101 43 sich
2187 206 257 45 daraufhin
2479 206 177 44 einmal

1481 279 107 43 Ihre
1622 279 396 55 Besprechungen
2053 277 359 44 durchzulesen.
2473 275 185 57 (Sicher

1480 348 75 50 ist,
1590 348 107 42 dass
1723 348 82 42 das
1830 348 168 42 Talent
2028 361 110 27 zum
2163 347 200 43 Dichten
2389 347 268 54 angeboren

1481 417 197 43 werden
1726 423 168 49 muss.)
1976 415 85 56 (Zu
2102 415 137 57 jeder
2272 416 240 42 Bettstelle
2559 414 100 42 und

1481 488 223 41 Matratze
1736 486 166 55 gehört
1935 487 75 41 ein
2045 484 137 56 Bett.)

1481 555 59 54 2.)
1594 556 107 43 Und
1762 557 88 53 Sie,
1911 557 121 42 Herr
2085 557 78 42 Dr.
2217 555 144 42 Erich
2412 553 244 44 Madsack!

1481 623 317 57 (Hann.Anz.)
1829 625 75 42 Sie
1919 626 173 42 wissen
2112 624 141 42 doch:
2289 627 124 52 „Der
2428 623 231 44 seelische

1481 695 98 41 und
1627 695 190 55 geistige
1857 695 168 43 Gehalt
2064 695 128 43 eines
2227 695 160 42 Bildes
2427 696 111 51 liegt
2575 694 56 41 be-

1480 765 246 43 kanntlich
1773 766 49 41 in
1862 765 85 43 der
2313 763 181 56 (Sturm
2525 764 54 50 X,
2612 764 44 41 9:

1479 834 260 43 Nachsicht
1780 836 184 54 Zeugen
1998 848 93 29 von
2133 834 257 44 Herwarth
2422 832 236 56 Waiden.)

1481 902 120 55 (und
1648 917 66 30 ca.
1757 905 55 41 30
1817 904 112 43 —40
1969 905 58 41 M.
2061 905 192 42 können
2297 905 76 41 Sie
2421 917 58 29 an
2521 903 139 55 jeder

1479 972 241 44 Bettstelle
1751 971 294 58 verdienen,)
2088 973 61 43 da
2181 974 128 43 halte
2341 973 76 43 ich
2452 987 47 29 es
2533 973 125 43 doch

1478 1043 77 41 für
1578 1043 294 55 überflüssig,
1898 1043 108 42 dass
2029 1041 151 56 (extra
2198 1043 274 53 verdienen,
2495 1057 36 28 w
2532 1057 8 12 r
2546 1042 112 55 enn)

1480 1112 76 43 Sie
1607 1114 191 41 meinen
1864 1111 97 55 (Sie
2014 1112 123 43 auch
2192 1112 78 43 die
2321 1112 164 42 Betten
2539 1112 120 42 dazu

1479 1180 200 57 liefern.)
2380 1180 280 57 (Alleiniger

1479 1251 258 43 Fabrikant
1810 1251 83 43 des
1946 1251 403 44 weltberühmten
2410 1250 248 56 Merzstils)

1474 1322 90 41 mit
1610 1321 161 43 Ihrem
1805 1320 826 56 „Schneiderwerkstättenkehricht
2635 1320 23 18 u

1479 1392 186 42 hübsch
1700 1392 242 42 verzieren
1992 1391 267 55 (Gekochte
2291 1391 263 43 Krankheit
2600 1391 60 42 ist

1479 1462 309 54 Gesundheit,
1822 1461 230 55 gekochte
2076 1461 296 43 Gesundheit
2402 1462 59 42 ist
2484 1461 174 55 ewiges

1479 1531 195 56 Leben.)
1699 1532 100 41 und
1824 1531 130 43 diese
1980 1531 399 43 internationalen
2412 1531 217 42 Emballa-

1477 1601 472 56 geschneiderwerks
1958 1600 673 57 tättenpappdeckelkehricht-

1477 1672 340 53 verzierungen
1853 1674 138 40 unter
2013 1670 489 55 Ausserachtlassung
2524 1670 136 42 Ihrer

1478 1742 85 42 mit
1587 1742 473 42 Selbstbewusstsein
2090 1755 84 28 zur
2197 1742 157 42 Schau
2377 1744 282 52 getragenen

1476 1812 316 54 Hilflosigkeit
1843 1811 162 54 (Mann
2063 1812 86 41 mit
2200 1811 304 56 Zaunpfahl.)
2573 1810 88 42 mit

1477 1881 124 43 Hilfe
1634 1882 184 42 meiner
1842 1881 535 56 Spielwarenindustrie
2399 1882 76 41 für
2499 1893 161 44 grosse

1476 1951 192 43 Kinder.
1752 1950 139 56 (Wen
1940 1951 195 43 meinen
2184 1952 76 42 Sie
2308 1952 88 42 mit
2444 1951 84 43 der
2570 1951 60 43 Be-

1475 2022 267 55 zeichnung
1803 2034 214 43 „grosses
2081 2022 155 42 Kind?
2242 2022 24 18 u
2348 2022 193 54 Bislang
2601 2022 60 42 ist

1469 2090 257 57 jedenfalls
1766 2106 166 29 ausser
1963 2092 151 43 Ihnen
2155 2092 127 43 noch
2316 2091 231 44 niemand
2579 2092 85 43 auf

1477 2161 91 43 den
1603 2161 261 44 Gedanken
1913 2163 319 54 gekommen.)
2297 2162 190 55 Komm,
2538 2163 121 56 spiel

1476 2232 87 41 mit
1596 2233 109 41 mir!
1741 2231 200 57 (Ferner
1973 2233 242 55 empfehle
2248 2233 77 42 ich
2350 2232 308 56 Lederglanz,

1477 2301 399 57 Lederappretur,
1890 2303 614 55 Momentlederschwärze,
2523 2303 138 55 fertig

1476 2383 264 45 gezogenen
1759 2372 125 44 Pech
1903 2372 234 55 usw.)aus
2156 2373 85 44 der
2260 2374 400 44 hannoverschen

1476 2442 304 57 Kunstpflege
1843 2444 142 54 (etwa
2045 2442 614 58 Anzeigerbesprechung?)

1475 2513 156 43 Wenn
1665 2514 77 42 Sie
1791 2513 83 43 das
1912 2514 232 57 Präparat
2192 2516 115 42 aber
2354 2514 126 45 noch
2528 2514 133 44 nicht

1475 2584 204 50 kennen,
1733 2583 127 44 dann
1908 2585 157 42 lassen
2101 2586 76 42 Sie
2224 2585 102 43 sich
2373 2586 149 43 sofort
2554 2586 106 42 eine

1475 2652 379 57 Probesendung
1886 2655 243 42 kommen,
2165 2653 161 56 (unter
2357 2656 276 43 Hinteracht-

1475 2722 212 58 lassung)
1740 2725 205 43 beinahe
1993 2725 128 43 hätte
2168 2725 78 43 ich
2295 2740 48 28 es
2391 2738 268 44 vergessen,

1476 2791 179 57 (hinter
1688 2795 120 42 über
1832 2795 489 56 Gegenachtsetzung)
2345 2810 94 30 von
2472 2798 186 55 wegen!

1477 2862 137 56 (oder
1665 2876 145 43 gegen
1875 2865 253 57 vorherige
2191 2866 313 56 Einsendung
2565 2881 94 30 von

1475 2934 99 52 8,00
1587 2932 79 57 M.)
1686 2935 214 43 weshalb
1922 2936 211 43 nämlich
2152 2935 267 45 immerdar
2437 2937 222 55 (Lebens,

1477 3003 166 55 Volks,
1670 3005 172 54 Unfall,
1867 3005 288 57 Haftpflicht,
2175 3007 165 51 Feuer,
2363 3007 268 44 Einbruchs-

1474 3075 341 57 versicherung
1829 3075 85 43 mit
1930 3076 342 44 beschränkter
2290 3076 370 57 Hirntätigkeit.)

1476 3144 231 44 ebenfalls
1731 3157 145 45 gegen
1900 3160 95 29 von
2018 3159 166 44 wegen
2215 3147 158 44 hinter
2396 3146 238 57 (Zeitungs-

1475 3215 76 42 stil
1604 3214 239 57 überragt)
1892 3231 55 28 zu
1996 3218 128 42 loser
2162 3217 84 43 Art
2285 3218 48 42 in
2366 3217 294 44 Anbetracht

1474 3285 127 42 veris
1610 3285 174 43 tischer
1864 3287 145 43 Mittel
2019 3287 273 56 mässigkeit
2377 3289 282 43 wesentlich

1475 3356 218 42 entlastet
1739 3356 158 44 haben
1944 3358 152 42 sollte,
2150 3358 154 47 (nicht
2344 3358 78 42 für
2454 3358 176 44 Kinder-

1474 3425 367 57 wärterinnen!)
1903 3427 82 43 Ich
2033 3428 129 42 kann
2210 3428 132 43 mich
2377 3428 125 44 doch
2535 3428 125 44 auch

1476 3506 116 44 ganz
1632 3496 183 55 gelehrt
1847 3496 318 45 ausdrücken.
2231 3498 212 46 Jawohl!
2506 3498 154 56 (Preis

1473 3563 55 44 37
1564 3566 261 56 Pfennige.)
1859 3567 127 44 noch
2020 3567 122 44 dazu
2170 3569 88 42 mit
2281 3569 378 55 Dampfbetrieb.

1474 3636 109 44 Nun
1601 3638 141 42 weiss
1768 3638 125 43 doch
1907 3638 150 56 jeder,
2073 3652 99 30 was
2192 3639 155 43 Kunst
2363 3640 73 43 ist.
2485 3637 175 57 (Wenn

1475 3705 127 44 ohne
1650 3706 174 58 Erfolg,
1876 3708 120 44 Geld
2043 3710 214 48 zurück.)
2333 3710 108 43 Ihre
2492 3710 167 55 Kritik,

1474 3776 123 43 Herr
1619 3778 198 55 Doktor,
1853 3778 209 57 dagegen
2097 3780 213 55 beweist,
2343 3780 79 43 ich
2445 3779 215 44 bedaure

1476 3860 48 29 es
1574 3848 262 44 erwähnen
1883 3864 57 28 zu
1982 3855 212 50 müssen,
2242 3849 166 43 indem
2440 3851 80 43 ich
2551 3851 109 42 Ihre

1476 3917 195 55 eigenen
1717 3918 166 44 Worte
1935 3920 275 53 verwende,
2259 3934 60 29 zu
2365 3920 158 44 weich
2575 3921 85 42 be-
