3579 4409
1711 192 108 50 365

190 321 90 47 keit
309 324 178 62 opfern,
532 325 87 46 und
652 325 114 48 eben
808 343 47 30 so
894 328 148 63 wenig
1081 329 94 46 sind
1212 330 206 47 Partieen
1452 333 84 45 wie
1567 333 119 47 Masa-

186 399 152 58 niello,
369 402 165 54 Raoul,
565 404 310 47 Troubadour
908 423 40 29 u.
981 421 31 31 s.
1045 421 54 31 w.
1132 423 82 30 von
1254 408 134 47 heute
1419 409 81 47 auf
1527 425 188 47 morgen

184 493 51 29 zu
259 476 219 48 studiren.
511 480 76 46 Als
612 480 182 63 George
816 481 165 46 Brown
1006 482 122 46 hatte
1160 500 48 28 er
1236 484 90 45 sich
1349 489 239 57 grösseren
1614 486 77 47 Bei-

187 552 94 47 falls
310 571 48 30 zu
393 556 225 47 erfreuen.
648 557 83 46 Mit
756 559 267 45 Ausnahme
1052 557 80 50 der
1165 562 336 63 mangelhaften
1528 562 161 49 Colora-

184 637 150 47 turen,
380 634 217 45 wodurch
637 634 147 63 einige
826 636 253 46 Nummern
1126 637 142 55 litten,
1315 639 176 47 können
1527 641 80 45 wir
1646 640 70 47 die

186 709 131 45 Rolle
347 710 63 46 als
446 711 98 46 eine
577 711 383 66 wohlgelungene
1001 712 286 50 bezeichnen.
1346 716 120 46 Herr
1495 717 190 46 Zimmer-

187 801 136 31 mann
356 786 53 46 ist
441 789 130 44 mehr
604 789 73 45 für
699 789 359 63 Spiel-Partieen
1091 792 224 63 engagirt.
1349 792 67 47 Da
1442 794 156 63 Opern
1625 795 69 46 die-

184 876 69 32 ses
278 862 174 47 Genres
479 863 95 47 hier
600 866 147 62 wenig
771 881 80 31 zur
875 866 303 65 Aufführung
1211 867 229 57 kommen,
1473 870 117 47 kann
1616 870 76 47 der-

184 940 125 47 selbe
336 941 311 63 wohlgemuth
673 943 182 63 singen:
898 945 111 53 „Ein
1043 943 129 49 freies
1194 946 155 47 Leben
1378 947 165 47 führen

186 1016 86 47 Die
306 1018 425 49 Bariton-Partieen
775 1020 98 47 sind
913 1020 143 48 dieses
1096 1023 115 47 Jahr
1253 1023 40 46 in
1340 1031 137 55 guten
1512 1025 207 48 Händen.

186 1095 124 47 Herr
339 1096 113 47 Pohl
487 1096 24 46 h
520 1103 44 40 at
592 1096 92 47 sich
717 1097 78 46 mit
823 1098 169 46 seinem
1026 1100 240 47 Auftreten
1298 1101 64 47 als
1387 1101 126 47 Hans
1537 1102 184 65 Heiling

186 1187 84 32 von
303 1172 124 47 einer
457 1173 348 49 vortheilhaften
837 1176 121 47 Seite
987 1177 302 47 einzuführen
1327 1186 214 56 gewusst.
1588 1180 134 48 Diese

187 1248 128 65 Oper
344 1250 131 47 nebst
512 1251 234 63 „Figaro's
1061 1255 89 45 und
1183 1255 212 54 „Weisse
1627 1272 62 32 wa-

187 1342 79 31 ren
300 1328 239 64 unstreitig
572 1328 65 47 bis
659 1328 108 65 jetzt
798 1330 70 47 die
899 1332 348 61 gelungensten,
1280 1349 127 30 wozu
1440 1333 122 46 Herr
1592 1333 130 56 Pohl,

184 1404 277 47 namentlich
494 1406 42 45 in
568 1406 80 47 der
678 1415 220 44 ersteren,
931 1408 258 47 wesentlich
1217 1407 311 66 beigetragen.
1561 1411 163 47 Leider

184 1479 55 49 ist
270 1497 82 32 uns
385 1483 121 46 Herr
531 1483 113 47 Pohl
677 1483 65 47 bis
771 1483 104 64 jetzt
905 1493 90 38 erst
1023 1486 63 45 als
1113 1487 183 62 Heiling
1326 1487 89 47 und
1442 1487 118 48 Graf
1581 1488 42 47 in
1649 1488 49 47 Fi-

186 1576 113 47 garo
329 1561 290 62 vorgeführt,
666 1562 225 47 wesshalb
922 1563 82 46 wir
1042 1580 81 30 uns
1161 1564 70 46 ein
1263 1564 190 47 näheres
1484 1566 237 63 Eingehen

186 1637 82 47 auf
292 1637 72 46 die
389 1637 277 65 Leistungen
699 1639 237 46 desselben
967 1639 311 50 vorbehalten.
1311 1642 76 47 Bei
1415 1643 151 46 Herrn
1593 1643 129 47 Dalle

187 1716 109 47 Aste
328 1714 150 49 haben
510 1714 71 49 die
611 1716 90 47 vier
727 1717 184 47 Monate
940 1717 161 47 Ferien
1131 1718 214 48 Wunder
1376 1719 193 64 gethan:
1599 1736 48 30 er
1670 1721 54 47 ist

188 1792 195 48 beinahe
409 1792 172 48 wieder
610 1793 57 47 im
700 1794 145 47 vollen
872 1794 142 49 Besitz
1043 1796 146 47 seiner
1221 1796 157 48 früher
1407 1813 49 31 so
1490 1797 207 65 klangvol-

186 1872 70 46 len
289 1871 207 48 Stimme.
550 1872 107 48 Wir
689 1873 246 47 wünschen
967 1873 91 47 ihm
1090 1890 84 31 von
1206 1874 180 49 Herzen
1418 1876 143 47 Glück
1594 1876 128 48 dazu.

190 1948 152 48 Lieber
371 1947 71 49 die
485 1951 265 47 unschönen
795 1952 84 44 wie
924 1952 409 47 unmusicalischen
1366 1952 358 66 Verzierungen,

184 2026 279 48 namentlich
493 2026 42 48 in
568 2027 328 47 Mozart'schen
920 2027 176 65 Opern,
1127 2045 77 31 vor
1228 2029 149 47 Allem
1405 2029 65 47 als
1494 2029 230 57 Sarastro,

187 2104 164 49 wollen
385 2103 81 47 wir
498 2103 147 50 fortan
676 2104 286 64 schweigen;
1005 2107 62 46 sie
1105 2107 214 48 scheinen
1349 2106 169 49 diesem
1550 2109 176 63 Sänger

184 2198 80 31 zur
295 2180 201 49 anderen
527 2183 149 46 Natur
717 2183 250 62 geworden
1011 2201 50 29 zu
1101 2184 108 46 sein.
1272 2184 105 49 Wir
1420 2186 182 47 können
1645 2186 80 47 das

186 2276 87 31 nur
305 2258 243 63 beklagen.

308 2337 99 47 Von
437 2337 117 48 allen
586 2353 87 32 neu
705 2338 269 63 engagirten
1001 2337 291 64 Mitgliedern
1315 2339 120 47 steht
1458 2339 122 48 Herr
1604 2340 122 47 Behr

187 2414 42 47 in
261 2422 143 39 erster
435 2414 160 48 Reihe.
624 2415 65 46 Er
718 2415 54 46 ist
803 2415 41 46 in
877 2414 80 47 der
987 2415 288 63 Sängerwelt
1305 2432 82 32 von
1420 2417 183 64 Leipzig
1634 2417 91 48 und

191 2493 197 47 Bremen
405 2508 82 32 aus
504 2508 254 48 genugsam
785 2495 62 45 als
872 2493 276 63 gediegener
1164 2494 176 65 Sänger
1359 2494 214 48 bekannt.
1603 2495 124 47 Herr

190 2570 121 49 Behr
334 2570 129 47 stand
489 2570 98 49 hier
611 2570 64 49 als
692 2570 365 65 Concertsänger
1081 2572 114 48 noch
1222 2572 41 47 in
1288 2579 156 57 gutem
1471 2573 254 48 Andenken

188 2647 92 48 und
314 2647 160 48 wurde
516 2648 118 47 beim
676 2657 150 39 ersten
858 2649 242 47 Auftreten
1145 2649 193 47 herzlich
1382 2649 344 50 bewillkommt.

191 2725 233 49 Wiewohl
470 2725 210 49 derselbe
720 2727 94 45 sich
855 2727 86 47 den
983 2728 188 47 zweiten
1204 2728 210 47 Partieen
1460 2728 268 56 unterzieht,

188 2803 115 48 wird
334 2821 50 30 er
413 2803 114 49 doch
559 2812 107 40 stets
696 2821 99 31 vom
825 2805 237 47 Publicum
1098 2805 80 47 mit
1202 2807 203 63 Applaus
1435 2807 291 64 empfangen.

188 2881 85 47 Die
306 2880 220 50 kleinsten
558 2881 161 49 Rollen
765 2881 184 49 werden
993 2881 145 49 durch
1184 2883 75 47 ihn
1305 2883 228 65 gehoben.
1592 2885 134 47 Seine

186 2960 193 47 Stimme
412 2960 77 47 hat
518 2959 131 48 einen
681 2959 163 53 vollen,
893 2960 199 47 schönen
1137 2961 152 63 Klang
1333 2963 41 45 in
1421 2961 115 49 allen
1567 2963 160 47 Tönen

186 3038 120 48 ihres
336 3038 236 63 Umfangs,
605 3038 82 47 wir
717 3047 171 39 stossen
920 3039 71 47 nie
1021 3040 83 46 auf
1128 3040 130 46 einen
1284 3040 205 56 Misston,
1519 3040 83 47 auf
1627 3042 100 45 kein

190 3115 233 57 Forciren,
454 3115 264 48 Affectiren.
774 3116 136 47 Zwar
953 3115 150 48 haben
1150 3116 80 47 wir
1269 3116 163 49 keinen
1472 3118 256 56 schweren,

186 3194 137 48 tiefen
353 3194 111 48 Bass
494 3210 78 32 vor
602 3210 101 40 uns,
750 3194 198 48 welcher
993 3194 168 48 freilich
1207 3195 96 47 hier
1333 3195 105 48 sehr
1467 3196 160 64 nöthig
1659 3196 69 56 ist,

187 3273 84 45 wir
301 3271 186 49 werden
526 3273 112 47 aber
668 3273 144 47 durch
856 3280 108 40 stets
1012 3273 329 48 künstlerische
1372 3275 355 64 Darstellungen

184 3348 300 66 entschädigt.
517 3350 158 46 Durch
708 3349 152 47 diesen
884 3350 221 47 Künstler
1134 3351 54 46 ist
1211 3351 80 47 Dr.
1320 3351 185 49 Bartolo
1529 3368 101 32 zum
1656 3368 47 32 er-

184 3435 97 40 sten
301 3428 120 48 Male
438 3428 99 47 hier
557 3444 77 31 zur
654 3428 200 63 Geltung
870 3429 296 63 gekommen,
1186 3429 86 47 wie
1291 3429 120 48 auch
1434 3429 93 48 sein
1547 3430 64 48 St.
1631 3429 97 48 Bris

184 3506 102 47 eine
310 3505 309 48 vortreffliche
643 3505 220 64 Leistung
888 3523 111 32 war.
1034 3508 119 45 Herr
1180 3506 122 47 Behr
1333 3508 53 45 ist
1409 3508 203 63 zugleich
1637 3509 60 47 Re-

184 3584 195 63 gisseur,
419 3600 93 32 was
541 3584 107 48 sehr
677 3591 140 58 guten
849 3584 199 49 Einüuss
1086 3586 83 46 auf
1199 3585 79 48 das
1311 3586 152 47 Ganze
1493 3603 50 30 zu
1578 3586 148 47 haben

184 3661 188 49 scheint.

305 3740 125 48 Chor
461 3740 90 48 und
583 3740 250 48 Orchester
874 3739 98 48 sind
1011 3739 59 48 im
1089 3740 198 51 .Ganzen
1324 3758 276 47 genommen
1632 3749 96 57 gut.

190 3819 121 47 Herr
333 3819 116 47 Saar
479 3819 55 47 ist
563 3820 68 46 ein
657 3819 198 63 thätiger
879 3817 362 65 Capellmeister,
1273 3819 90 47 und
1390 3820 82 46 wir
1496 3820 163 47 wollen
1684 3820 42 47 in

183 3896 170 47 seinem
375 3896 222 47 Interesse
624 3896 264 54 wünschen,
918 3894 102 49 dass
1044 3913 50 29 er
1115 3895 91 48 sich
1232 3895 71 48 die
1329 3896 231 65 Richtung
1583 3897 144 47 seines

188 3972 311 66 Vorgängers,
532 3975 153 47 Herrn
709 3975 124 55 Levi,
858 3974 109 64 jetzt
997 3974 42 47 in
1071 3974 272 56 Karlsruhe,
1374 3975 226 63 aneignet.
1636 3975 91 48 Das

188 4051 248 48 Ensemble
466 4054 103 45 lässt
601 4054 218 45 mitunter
849 4070 50 29 zu
932 4051 248 48 wünschen
1214 4052 149 64 übrig.
1425 4054 106 47 Wir
1562 4052 163 49 wollen

187 4129 114 48 aber
333 4131 285 62 keineswegs
648 4131 71 46 die
755 4130 170 49 Schuld
968 4131 102 47 dem
1104 4130 345 63 Capellmeister
1487 4132 130 47 allein
1647 4149 79 29 zur

1819 334 104 47 Last
1955 335 143 62 legen.
2131 339 77 46 Bei
2239 340 123 47 einer
2385 343 144 63 Oper,
2559 343 71 48 die
2661 362 82 29 nur
2774 361 81 31 von
2886 347 145 47 einem
3061 347 140 48 Jahre
3230 366 98 29 zum

1818 411 199 47 anderen
2051 415 79 45 mit
2159 415 129 46 mehr
2323 416 111 49 oder
2473 421 199 61 weniger
2703 437 147 31 neuen
2881 423 284 62 Mitgliedern
3196 441 110 47 enga-

1816 488 89 63 girt
1936 490 128 53 wird,
2107 491 54 47 ist
2187 494 174 46 solches
2392 496 142 63 gleich
2575 498 57 45 im
2666 498 208 63 Anfange
2911 502 175 45 schwer
3114 518 52 29 zu
3197 503 115 44 errei-

1818 564 128 48 chen.
2009 566 113 47 Was
2168 568 111 48 aber
2318 570 78 47 das
2435 573 288 48 Einsludiren
2763 573 80 48 der
2881 575 148 48 Chöre
3061 576 184 55 betrifft,
3287 593 48 32 so

1819 642 265 49 wünschten
2126 646 80 46 wir
2246 646 40 47 in
2326 646 151 50 diesen
2507 651 201 61 weniger
2750 650 220 50 affectirte
2997 654 233 47 Nuancen.
3287 656 47 46 In

1818 720 101 46 dem
1955 720 258 48 bekannten
2246 724 171 48 (lebete
2454 726 42 46 in
2528 728 80 45 der
2636 729 240 47 Stummen
2915 745 81 31 von
3029 731 162 47 Portici
3221 731 118 47 steht

1818 795 42 46 in
1893 796 85 46 den
2008 797 107 47 zwei
2147 800 202 47 Phrasen
2382 818 83 30 nur
2496 804 68 45 ein

2688 804 77 47 auf
2801 805 80 47 der
2917 806 247 47 markirten
3204 808 134 47 Note,

2476 918 279 64 keineswegs
2785 919 111 47 aber
2938 921 70 45 ein

3133 922 80 47 auf
3238 922 100 47 dem

1819 1036 150 40 ersten
2001 1030 88 46 und
2122 1030 69 47 ein
2215 1046 70 51 pp
2314 1034 73 44 aul
2418 1031 101 48 dem
2549 1034 188 47 zweiten
2763 1035 201 63 Tacte*).
2999 1036 92 46 Für
3121 1035 70 48 die
3221 1036 89 47 Thä-

1819 1106 160 64 tigkeit
2003 1106 78 48 des
2105 1109 151 47 Herrn
2281 1110 116 47 Saar
2421 1110 118 47 kann
2563 1111 62 47 als
2651 1111 172 48 Beweis
2848 1112 176 56 dienen,
3055 1112 99 49 dass
3177 1115 41 46 in
3249 1114 68 48 die-

1819 1199 77 31 sen
1927 1183 128 47 sechs
2083 1183 211 50 Wochen
2326 1186 94 47 drei
2445 1186 159 64 Opern
2634 1205 88 29 neu
2746 1189 238 47 einstudirt
3010 1189 97 48 sind
3137 1190 90 48 und
3249 1190 69 48 die-

1818 1276 72 31 ser
1921 1261 127 63 Tage
2075 1277 113 47 ganz
2218 1279 89 30 neu
2349 1264 241 63 „Templer
2620 1265 90 47 und
2943 1284 77 29 zur
3043 1267 299 65 Aufführung

1823 1337 190 56 kommt,
2045 1338 85 47 wie
2154 1338 117 49 denn
2295 1340 114 47 auch
2435 1340 57 47 im
2519 1341 143 47 Laufe
2686 1341 79 47 der
2789 1342 158 47 Saison
2977 1344 114 48 noch
3123 1346 195 46 verschie-

1821 1415 117 48 dene
1968 1415 168 49 andere
2167 1434 117 30 neue
2313 1417 159 64 Opern
2502 1420 42 45 in
2576 1418 213 49 Aussicht
2816 1420 173 48 stehen.

1943 1493 106 47 Wir
2077 1493 99 47 sind
2206 1493 80 49 der
2319 1495 380 66 Ueberzeugung,
2742 1496 101 48 dass
2879 1497 80 47 mit
2997 1496 82 48 der
3114 1498 112 56 Zeit,
3269 1500 80 47 auf

1823 1568 71 49 die
1923 1570 100 48 eine
2053 1570 111 48 oder
2192 1570 71 49 die
2293 1571 169 49 andere
2481 1573 174 56 Weise,
2684 1590 162 32 unsere
2869 1573 128 65 Oper
3025 1591 54 31 zu
3109 1575 123 48 einer
3260 1584 66 39 ste-

1824 1647 178 48 henden
2034 1648 91 47 sich
2167 1648 202 50 erheben
2401 1650 166 49 werde.
2623 1651 269 49 Rotterdam
2925 1652 119 48 kann
3074 1652 119 48 ohne
3222 1653 127 64 Oper

1823 1725 123 47 nicht
1968 1733 81 55 gut
2073 1726 129 47 mehr
2222 1726 226 49 existiren.
2479 1727 157 48 Durch
2660 1728 71 47 ein
2755 1727 254 50 dauerndes
3027 1730 317 63 Engagement

1823 1803 189 47 würden
2036 1803 92 49 sich
2153 1805 121 47 nicht
2299 1806 130 47 allein
2454 1807 129 46 mehr
2601 1807 215 46 Künstler
2834 1807 367 48 bedeutenderen
3227 1810 89 45 Ran-

1823 1897 77 47 ges
1931 1882 240 63 gewinnen
2201 1883 161 56 lassen,
2406 1883 115 47 auch
2553 1882 80 50 das
2663 1883 246 49 Ensemble
2940 1885 158 47 würde
3136 1885 211 64 gehoben

1823 1957 346 49 werden.—Zu
2196 1976 188 32 unserer
2407 1959 180 49 Freude
2611 1961 273 48 vernehmen
2910 1962 98 56 wir,
3037 1961 100 48 dass
3160 1962 71 47 die
3253 1979 72 31 ver-

1821 2037 202 47 ehrliche
2055 2037 301 48 Commission
2385 2038 93 47 sich
2510 2038 324 57 entschlossen,
2862 2041 71 45 die
2964 2039 277 49 Concerte
3271 2039 80 49 der

1824 2113 298 48 Gesellschaft
2486 2112 219 51 JEruditio
2399 2114 77 49 des
2506 2114 324 49 verstorbenen
2864 2117 150 47 Herrn
3047 2117 175 47 Tours
3259 2118 67 46 die-

1821 2206 78 32 sen
1928 2191 184 48 Winter
2142 2208 52 31 zu
2227 2192 327 49 übernehmen.
2587 2192 107 49 Wir
2724 2197 180 44 müssen
2926 2193 140 48 leider
3095 2193 256 56 bekennen,

1823 2267 101 48 dass
1954 2268 229 48 dieselben
2225 2269 42 47 in
2305 2268 88 48 den
2431 2271 210 47 letzteren
2671 2271 173 48 Jahren
2876 2271 259 48 bedeutend
3165 2272 57 47 im
3254 2272 63 47 Ab-

1824 2347 198 47 nehmen
2068 2362 154 32 waren
2266 2347 91 47 und
2412 2347 98 48 ihre
2567 2348 254 65 Erhaltung
2865 2366 87 30 nur
3005 2349 71 49 ein
3132 2349 85 49 Act
3272 2349 80 49 der

1827 2424 143 47 Pietät
2015 2423 135 48 blieb.
2194 2423 75 48 Sie
2312 2423 202 57 werden,
2558 2423 84 47 wie
2674 2426 237 53 verlautet,
2953 2427 58 47 im
3047 2427 305 63 Opernhause

1825 2500 275 67 abgehalten
2126 2500 203 58 werden,
2360 2517 93 33 was
2483 2500 85 49 den
2594 2500 175 49 Besuch
2794 2500 235 49 derselben
3060 2500 105 49 sehr
3196 2504 128 45 beför-

1825 2578 111 48 dern
1968 2579 163 47 dürfte.

1945 2657 82 47 Die
2072 2655 555 59 Quartett-Soireen
2698 2671 184 31 unseres
2950 2654 403 48 Concertmeisters

1827 2735 151 49 Herrn
1997 2733 274 67 Rappoldi
2291 2733 182 48 werden
2505 2734 57 47 im
2586 2733 215 48 nächsten
2825 2734 184 47 Monate
3033 2732 169 49 wieder
3224 2733 127 48 ihren

1827 2812 182 64 Anfang
2041 2813 196 47 nehmen
2270 2810 108 58 und,
2409 2810 86 49 wie
2530 2828 52 31 zu
2608 2818 227 41 erwarten
2859 2810 69 56 ist,
2957 2827 82 30 von
3065 2810 145 49 einem
3232 2810 96 49 zahl-

1827 2892 180 47 reichen
2040 2890 291 49 Auditorium
2374 2889 190 47 besucht
2603 2888 198 48 werden.
2857 2889 123 47 Herr
3013 2888 221 65 Rappoldi
3278 2888 78 47 hat

1827 2970 90 47 sich
1956 2969 174 48 sowohl
2171 2969 96 47 hier
2305 2969 64 46 als
2411 2968 43 47 in
2492 2983 113 48 ganz
2639 2967 198 48 Holland
2876 2968 128 46 einen
3038 2965 314 50 bedeutenden

1827 3049 177 47 Namen
2036 3045 262 59 erworben,
2328 3062 93 32 was
2450 3045 80 49 viel
2559 3061 140 48 sagen
2731 3045 105 55 will,
2867 3044 56 48 da
2947 3044 139 48 dieses
3109 3043 129 49 Land
3269 3059 84 32 von

1827 3127 116 47 allen
1976 3124 421 50 Violin-Virtuosen
2435 3132 148 39 ersten
2615 3124 182 62 Ranges
2836 3122 189 48 besucht
3064 3122 124 48 wird.
3249 3122 105 48 Wir

1828 3204 180 48 können
2041 3219 83 31 uns
2154 3202 145 49 Glück
2332 3202 264 54 wünschen,
2636 3200 152 49 diesen
2826 3200 281 64 gediegenen
3140 3200 216 47 Künstler

1827 3282 40 47 in
1901 3297 187 32 unserer
2119 3280 127 49 Mitte
2275 3297 52 30 zu
2359 3278 165 48 haben.
2556 3278 107 49 Wir
2686 3278 159 48 fühlen
2870 3294 82 31 uns
2975 3276 285 65 gedrungen,
3283 3275 71 48 die

1828 3358 517 49 Concert-Directionen
2376 3355 82 50 auf
2481 3356 153 49 Herrn
2663 3355 243 66 Rappoldi,
2938 3355 197 48 welcher
3164 3354 117 49 auch
3312 3354 41 48 in

1828 3435 311 50 Deutschland
2173 3435 164 48 bereits
2369 3435 80 47 mit
2483 3450 203 48 grossem
2714 3434 163 64 Erfolg
2914 3433 302 65 aufgetreten,
3258 3431 94 50 auf-

3181 3512 56 46 X.

1830 3515 226 47 merksam
2088 3531 52 31 zu
2172 3514 208 47 machen.

1931 3679 40 46 *)
2001 3680 76 33 Der
2107 3679 99 33 Herr
2234 3677 308 46 Correspondent
2583 3678 86 45 rügt
2712 3675 240 47 dergleichen
2987 3673 179 35 raffinirte
3197 3673 157 46 Effecte,

1827 3741 58 35 die
1915 3740 118 35 durch
2063 3739 71 35 den
2162 3740 192 46 gezierten
2383 3739 164 45 Vortrag
2577 3738 64 34 der
2669 3737 122 36 Chöre
2820 3737 37 33 in
2887 3736 184 34 manchen
3102 3734 227 35 Männer-Ge-

1825 3804 276 45 sangvereinen
2123 3800 97 35 auch
2241 3800 82 34 aufs
2343 3800 166 34 Theater
2527 3798 293 47 übergegangen
2836 3797 95 43 sind,
2953 3797 68 34 mit
3039 3795 141 35 vollem
3201 3795 152 34 Rechte.

1825 3864 123 35 Einen
1978 3863 164 35 anderen
2172 3861 116 47 Beleg
2317 3861 97 34 dazu
2449 3859 126 36 liefert
2611 3860 58 34 die
2700 3857 299 46 Wiederholung
3029 3857 64 34 des
3122 3855 232 47 Jägerchors

1823 3927 53 33 im
1905 3925 221 35 Freischütz
2156 3925 51 33 im
2239 3935 68 34 pp,
2352 3923 60 34 ein
2443 3922 231 43 Widersinn,
2718 3932 45 23 an
2794 3920 69 35 den
2895 3919 139 35 Weber
3061 3918 105 35 nicht
3193 3916 161 48 gedacht

1825 3986 76 33 hat.
2848 3980 85 34 Die
2971 3977 279 36 Redaction.
