2909 4402
1128 508 231 92 East
1436 511 91 89 &
1580 511 287 89 West

403 561 68 38 22

405 688 77 42 the
510 687 263 55 Small-pox
800 687 242 56 Epidemic
1069 688 48 42 of
1146 689 140 53 1804.'
1345 689 110 43 You

407 748 173 42 seldom
612 762 74 31 see
717 762 51 28 so
799 748 250 42 handsome
1079 762 27 28 a
1347 748 110 43 And

402 807 77 42 the
505 807 190 54 speaker
717 807 165 42 turned
907 807 238 54 carelessly
1170 821 143 41 away.

465 865 93 43 But
587 865 130 43 Aunt
747 865 187 55 Delight
962 866 89 42 had
1082 866 120 42 risen
1231 866 90 43 and
1350 881 79 28 con-

407 924 183 43 fronted
651 925 76 42 the
785 925 189 54 picture,
1036 925 257 56 trembling.
1357 926 99 43 The

406 983 127 52 dark,
562 983 273 55 compelling
861 997 102 41 eyes
991 989 93 37 met
1109 984 104 42 hers
1241 984 113 43 with
1379 985 78 43 the

406 1042 221 56 strength,
673 1042 75 43 the
794 1043 263 43 tenderness
1104 1044 51 42 of
1200 1043 93 43 life.
1357 1044 100 43 The

404 1102 114 51 hair,
548 1101 184 56 waving
761 1102 170 54 loosely
959 1101 127 52 back,
1117 1103 77 41 the
1223 1102 102 42 firm
1355 1103 100 55 lips,

404 1161 77 42 the
513 1160 194 43 resolute
740 1160 128 52 chin;
902 1160 78 43 she
1011 1161 91 42 had
1133 1161 169 43 known
1332 1162 124 42 them

404 1220 71 42 all.
541 1219 91 44 She
661 1219 91 42 had
781 1219 168 44 known
976 1220 139 51 them,
1145 1220 80 43 but
1256 1220 81 43 she
1366 1221 90 42 had

404 1278 164 43 almost
601 1278 247 55 forgotten,
879 1278 48 42 in
957 1278 75 43 the
1063 1279 122 43 flood
1218 1280 51 42 of
1300 1280 156 55 eighty

401 1351 144 41 years.
609 1337 99 43 The
748 1337 235 52 wrinkled,
1025 1337 220 56 yellowed
1287 1339 144 42 silhou-

404 1403 87 36 ette
528 1397 90 42 had
655 1403 81 36 not
772 1397 234 43 reminded
1042 1398 82 42 her
1160 1398 50 42 of
1246 1398 77 42 the
1359 1397 96 43 rich

401 1456 160 42 brown
588 1454 52 45 of
665 1456 77 43 the
768 1456 113 52 hair,
909 1456 76 43 the
1013 1456 80 43 red
1121 1457 51 43 of
1198 1456 76 43 the
1302 1456 151 43 cheek.

402 1515 92 42 But
521 1515 80 42 she
627 1515 308 43 remembered
961 1516 35 41 it
1021 1515 59 43 all
1105 1530 117 28 now.
1285 1516 170 43 Where

399 1574 90 44 had
508 1574 75 42 the
601 1574 175 54 picture
795 1588 127 29 come
943 1574 120 44 from
1077 1574 17 43 ?
1158 1574 91 44 She
1268 1575 89 42 had
1376 1581 79 37 not

401 1633 168 43 known
594 1633 50 43 of
667 1633 57 43 its
748 1633 242 52 existence,
1016 1634 79 42 she
1119 1633 118 52 who,
1262 1640 118 36 most
1404 1633 51 43 of

401 1691 73 53 all,
501 1692 164 43 should
691 1692 115 44 have
832 1692 90 43 had
947 1693 57 42 its
1032 1694 197 42 comfort
1253 1692 201 56 through

399 1751 76 42 the
495 1751 292 56 obliterating
804 1765 145 41 years.

462 1810 204 42 Beneath
695 1810 76 43 the
800 1811 175 54 picture
1004 1811 129 55 hung
1164 1810 289 55 saddle-bags

398 1870 92 42 and
543 1884 26 28 a
621 1884 129 28 worn
802 1870 218 55 gauntlet.
1083 1870 128 42 Aunt
1266 1869 188 55 Delight

400 1929 227 42 stretched
649 1935 80 37 out
750 1943 27 28 a
796 1929 155 54 pitiful
973 1929 187 42 knotted
1181 1929 159 54 finger,
1363 1929 90 42 and

400 1988 237 42 smoothed
661 1988 76 42 the
762 1988 133 55 glove
919 1988 217 54 tenderly.
1202 1987 91 44 She
1317 1994 109 36 trem-

399 2047 104 43 bled
533 2047 120 42 from
682 2047 116 42 head
827 2053 47 36 to
905 2046 99 43 foot
1032 2047 111 43 with
1171 2047 76 42 the
1277 2045 176 44 inward

401 2106 111 42 rush
555 2106 51 43 of
648 2106 75 42 old
766 2106 253 42 memories.
1084 2106 92 42 For
1218 2105 115 55 fifty,
1380 2106 73 42 for

399 2166 156 55 eighty
573 2179 144 40 years,
740 2166 79 41 she
837 2165 91 42 had
946 2165 112 42 been
1078 2171 100 36 true
1197 2171 47 36 to
1266 2179 26 28 a
1312 2179 106 28 mem-

398 2239 96 41 ory.
560 2224 91 44 She
675 2225 91 41 had
791 2239 138 28 never
955 2224 257 55 forgotten;
1238 2224 81 42 but
1343 2224 110 42 time

397 2284 92 43 had
529 2284 258 54 mercifully
827 2283 198 43 numbed
1065 2283 82 43 her
1185 2283 136 55 grief,
1363 2283 89 43 and

400 2343 171 43 drifted
595 2343 77 43 the
698 2357 150 28 snows
875 2343 51 42 of
952 2341 156 57 eighty
1133 2343 184 42 winters
1344 2356 109 29 over

397 2402 99 43 that
542 2402 225 54 far-away
812 2409 203 44 autumn,
1062 2401 132 44 when
1237 2401 81 43 life
1362 2402 90 42 had

399 2462 113 43 been
546 2461 58 43 all
637 2461 80 55 joy
749 2461 90 42 and
871 2461 109 42 then
1011 2460 59 43 all
1104 2475 186 29 sorrow.
1354 2461 99 42 The

397 2535 103 41 eyes
521 2520 163 44 looked
703 2520 163 43 almost
886 2535 48 28 as
954 2520 128 51 keen,
1103 2520 162 42 almost
1287 2534 48 28 as
1356 2526 72 37 ten-

399 2581 94 51 der,
521 2594 48 29 as
597 2580 37 41 if
658 2580 77 42 the
759 2594 130 40 years
917 2579 51 42 of
990 2579 186 55 parting
1199 2579 91 42 had
1316 2593 138 29 never

395 2639 126 43 been.
586 2639 98 42 The
722 2639 76 43 old
837 2638 200 42 familiar
1072 2638 238 55 trappings
1349 2637 104 43 held

397 2699 57 42 all
493 2698 77 43 the
609 2698 162 55 pathos
811 2698 99 42 that
949 2703 152 37 recent
1138 2698 316 42 bereavement

397 2757 142 57 gives.
606 2757 91 44 She
724 2757 150 43 rested
900 2757 82 42 her
1006 2755 139 44 cheek
1171 2756 181 55 against
1377 2756 76 42 the

398 2823 129 49 rusty
549 2816 206 57 gauntlet
778 2816 111 44 with
912 2830 27 28 a
961 2815 113 43 little
1096 2814 216 44 half-sob.

461 2876 248 55 Suddenly,
771 2876 83 42 her
915 2875 163 42 niece's
1139 2874 126 43 brisk
1326 2874 127 43 voice

397 2936 187 44 startled
606 2936 94 42 her.

501 2995 136 54 Why,
664 2994 130 43 Aunt
819 2994 203 54 Delight,
1047 2994 151 43 where
1223 2994 115 42 have
1362 3006 91 42 you

395 3055 136 43 been!
597 3054 95 46 I've
713 3054 113 43 been
849 3052 169 44 lookin'
1042 3052 311 55 everywheres
1380 3051 74 44 for

397 3128 104 41 you.
564 3113 129 44 Ain't
751 3127 92 41 you
902 3112 58 43 all
1018 3111 118 44 tired
1194 3110 109 45 out?
1367 3110 86 43 I'm

397 3173 151 43 afraid
575 3173 73 43 it's
674 3172 124 57 goin'
825 3179 49 37 to
898 3172 56 43 be
978 3178 77 37 too
1083 3171 136 43 much
1247 3170 74 43 for
1346 3184 105 41 you,

397 3232 136 43 seein'
554 3247 51 29 so
623 3247 136 41 many
777 3232 159 56 people
956 3230 90 44 and
1065 3230 71 44 all.
1201 3230 92 43 But
1311 3230 140 51 there,

397 3306 91 42 you
515 3292 131 43 stood
671 3306 117 41 your
811 3291 214 54 birthday
1050 3296 133 49 party
1210 3304 49 29 so
1285 3289 114 52 well,
1429 3289 21 42 I

396 3351 126 45 don't
539 3351 135 43 know
693 3366 49 28 as
759 3350 91 44 this
868 3350 91 44 will
977 3350 108 42 hurt
1103 3362 104 42 you.
1270 3349 73 43 Do
1361 3362 91 41 you

395 3410 131 45 think
545 3425 90 40 you
656 3410 87 43 feel
761 3410 99 44 well
881 3409 182 56 enough
1083 3415 46 37 to
1150 3423 60 41 go
1230 3422 61 41 up
1310 3414 47 37 to
1377 3408 75 42 the

396 3470 171 44 church
591 3470 90 42 and
705 3470 108 42 hear
837 3470 77 42 the
938 3468 233 56 speakin'?
1234 3468 216 50 Because,

396 3530 39 43 if
456 3543 91 42 you
571 3529 138 52 don't,
735 3529 21 42 I
781 3528 95 56 just
900 3543 73 29 see
997 3528 107 43 Mis'
1131 3526 206 56 Phillips,
1361 3526 90 43 and

397 3590 80 42 she
502 3589 140 44 asked
668 3603 72 31 me
766 3596 47 36 to
838 3588 115 44 have
978 3601 91 43 you
1096 3602 128 28 come
1250 3587 95 43 into
1371 3586 81 43 her

1530 689 155 52 house,
1709 689 90 42 and
1820 689 73 54 lay
1916 689 136 43 down
2072 689 38 42 if
2131 703 91 41 you
2245 697 80 49 got
2347 690 117 44 tired
2486 698 93 36 out.

1530 748 142 44 What
1695 749 57 42 do
1774 762 91 41 you
1888 748 130 42 think
2041 748 139 43 about
2203 749 34 43 it
2249 750 18 42 ?

1635 807 22 42 I
1681 820 136 42 guess
1843 807 22 42 I
1890 807 109 42 ain't
2020 807 207 56 partic'ly
2249 809 131 52 tired,

1529 866 117 42 Miss
1670 866 250 43 Severance
1939 866 249 52 answered,
2208 867 182 56 quietly.
2486 868 95 43 I've

1528 925 86 43 ben
1637 925 153 43 restin'
1814 925 119 42 here.
1998 925 147 44 Seein'
2170 926 52 44 of
2245 941 49 29 so
2317 941 136 42 many
2474 941 80 41 peo-

1528 984 72 55 ple
1620 984 110 43 kind
1749 983 41 45 o'
1813 984 143 43 dazed

1634 1043 109 42 And
1777 1058 59 28 no
1873 1043 210 43 wonder!
2165 1045 234 42 answered
2435 1044 145 52 Ellen,

1530 1101 203 55 heartily.
1843 1101 21 42 I
1888 1101 143 43 hain't
2053 1102 163 43 looked
2239 1109 47 37 at
2307 1103 77 43 the
2406 1103 150 43 exhibi-

1528 1162 96 42 tion
1640 1161 160 55 hardly
1817 1175 27 28 a
1860 1162 121 51 mite,
1999 1162 91 42 and
2108 1161 22 42 I
2149 1162 88 43 feel
2255 1163 92 42 real
2365 1162 217 43 muddled

1530 1234 61 41 up
1636 1220 177 55 myself.
1877 1220 143 44 Well!
2097 1221 145 43 Well!
2317 1221 129 43 Aunt
2490 1222 60 42 De-

1530 1279 139 55 light;
1718 1279 160 43 what's
1926 1280 99 42 that
2071 1279 168 43 behind
2286 1294 91 42 you
2424 1280 157 44 there?

1530 1338 10 17 '
1561 1338 206 44 Standin'
1801 1338 126 43 Stool
1958 1337 149 44 which
2134 1339 224 55 belonged
2386 1346 48 37 to
2462 1339 89 43 Dea-

1528 1412 84 28 con
1664 1397 146 43 Amos
1866 1397 188 43 Carter.'
2117 1398 133 51 Well,
2307 1398 23 42 I
2386 1412 194 42 suppose

1529 1456 194 43 standin'
1751 1456 139 43 stools
1917 1471 93 28 was
2037 1457 46 41 in
2107 1470 80 29 use
2212 1457 134 43 when
2370 1471 91 42 you
2486 1470 94 30 was

1526 1529 170 42 young,
1733 1514 129 44 Aunt
1898 1515 220 56 Delight?
2163 1516 82 42 but
2283 1517 21 41 I
2344 1517 176 42 declare
2558 1515 22 43 I

1526 1589 137 29 never
1686 1590 72 27 see
1779 1590 87 29 one

1587 1634 129 42 Aunt
1757 1634 188 55 Delight
1984 1634 162 55 hardly
2186 1634 191 55 glanced
2419 1641 46 36 at
2504 1634 77 43 the

1527 1693 206 43 movable
1755 1694 192 42 wooden
1970 1707 87 41 pen
2081 1692 151 44 where
2254 1694 76 44 the
2353 1693 152 43 babies
2530 1692 52 44 of

1528 1752 81 42 her
1638 1752 88 55 day
1754 1752 89 43 had
1872 1752 166 43 tended
2065 1751 284 44 themselves.
2413 1752 44 42 It
2485 1766 95 29 was

1525 1811 247 43 blackened
1792 1811 112 43 with
1923 1811 109 44 time
2052 1811 90 43 and
2161 1811 110 43 with
2292 1812 76 41 the
2387 1811 122 54 print
2530 1811 52 43 of

1528 1870 98 55 tiny
1658 1870 136 43 moist
1826 1870 183 55 fingers,
2043 1871 89 42 and
2165 1870 75 43 the
2272 1871 192 42 wooden
2497 1870 83 42 rail

1528 1944 95 28 was
1658 1929 159 42 etched
1850 1929 60 55 by
1943 1930 136 54 sharp
2112 1929 134 43 teeth.
2326 1930 93 41 But
2451 1928 129 43 Aunt

1527 1988 189 56 Delight
1742 1988 77 43 did
1843 1995 80 36 not
1947 1988 148 43 notice
2120 1988 126 44 these
2270 1988 169 55 things.
2504 1987 52 43 In-

1528 2049 126 41 stead
1679 2047 79 43 she
1782 2063 94 27 saw
1900 2048 185 42 Deacon
2109 2046 144 43 Amos
2281 2046 196 44 Carter's
2501 2047 81 55 big

1528 2106 196 52 kitchen,
1756 2106 148 56 dusky
1935 2120 105 30 save
2072 2106 72 43 for
2173 2106 77 43 the
2279 2106 167 55 flaring
2474 2105 106 52 fire;

1528 2166 129 54 light,
1708 2180 157 37 warm,
1914 2166 90 41 and
2054 2171 138 37 sweet
2240 2165 112 43 with
2399 2164 181 55 homely

1524 2226 150 42 odors.
1741 2224 91 44 She
1851 2225 90 42 and
1960 2225 81 41 Dr.
2061 2225 196 43 Warren
2275 2239 119 29 were
2413 2224 144 56 linger-

1526 2284 82 56 ing
1632 2291 45 35 at
1702 2284 77 45 the
1804 2284 126 51 door,
1955 2284 124 42 loath
2104 2290 46 37 to
2176 2284 124 42 leave
2325 2283 76 43 the
2426 2283 154 43 fire-lit

1528 2343 195 43 warmth
1760 2345 75 41 for
1869 2343 76 42 the
1982 2342 200 44 October
2218 2342 117 43 dusk
2372 2342 206 43 without.

1531 2402 91 44 She
1655 2402 134 43 could
1822 2402 163 42 almost
2018 2402 111 42 hear
2161 2402 185 42 Deacon
2381 2400 198 44 Carter's

1526 2461 139 56 jovial
1688 2461 153 55 laugh,
1865 2475 48 28 as
1936 2461 56 42 he
2014 2460 121 44 said:

1631 2520 95 44 I've
1747 2520 96 55 just
1862 2520 112 42 been
1996 2519 139 43 tellin'
2159 2519 187 43 Martha
2367 2519 98 43 that
2487 2534 70 28 see-

1530 2580 58 42 in'
1625 2594 49 29 as
1710 2595 69 28 we
1814 2579 153 44 wa'n't
2002 2578 123 56 goin'
2161 2586 47 35 to
2244 2578 114 43 need
2393 2578 76 43 the
2505 2578 76 43 old

1529 2638 195 44 standin'
1755 2638 116 43 stool
1898 2653 60 28 no
1986 2653 139 36 more,
2154 2637 90 43 and
2272 2638 76 42 the
2377 2637 203 43 children

1527 2713 94 28 was
1646 2698 128 42 fitted
1799 2703 92 46 out,
1919 2697 115 43 we'd
2058 2697 146 43 better
2229 2696 105 56 give
2359 2696 34 43 it
2416 2703 48 37 to
2490 2697 61 42 De-

1528 2757 116 56 light
1674 2757 90 43 and
1794 2757 174 42 Doctor
1998 2756 74 43 for
2102 2771 26 28 a
2156 2755 197 44 weddin'
2384 2762 195 49 present.

1528 2816 153 43 You'll
1711 2816 94 42 find
1835 2816 34 42 it
1898 2816 87 42 lots
2015 2815 51 43 of
2094 2816 103 54 help
2227 2815 139 43 takin'
2399 2830 101 28 care
2530 2814 51 44 of

1526 2876 75 43 the
1625 2875 112 43 little
1763 2875 195 51 doctors,

1590 2934 91 44 She
1705 2934 134 42 could
1865 2934 164 43 almost
2055 2934 87 42 feel
2167 2934 76 43 the
2268 2933 80 43 hot
2372 2933 137 43 blood
2534 2933 48 42 in

1527 2994 80 43 her
1637 2994 175 43 cheeks.
1876 2993 108 43 And
2013 2993 98 42 that
2140 3008 94 27 was
2265 2992 155 56 eighty
2449 3007 131 41 years

1527 3067 102 42 ago.
1695 3053 90 43 She
1813 3053 106 55 only
1947 3053 235 43 answered
2210 3052 82 43 her
2317 3051 147 44 niece:

1632 3112 107 52 Yes,
1773 3112 143 52 Ellen,
1950 3112 107 55 they
2088 3112 113 42 used
2234 3111 85 43 'em
2351 3111 204 43 consider-

1632 3230 133 52 Now,
1792 3230 157 52 Aunt/
1954 3230 11 18 5
1991 3229 132 44 Ellen
2147 3236 122 38 went
2294 3244 73 38 on,
2393 3229 187 55 briskly,

1570 3290 159 45 We've
1751 3296 80 49 got
1851 3296 49 38 to
1919 3290 55 43 be
1998 3289 123 56 goin'
2144 3303 61 41 up
2227 3296 47 37 to
2297 3288 76 44 the
2396 3288 183 45 church.

1528 3349 120 43 That
1677 3350 37 42 is
1744 3350 39 42 if
1810 3363 90 42 you
1928 3349 132 43 think
2087 3349 139 55 you'd
2255 3349 145 55 ought
2427 3355 48 37 to
2505 3362 74 42 go.

1526 3409 70 43 I'd
1619 3409 153 43 rather
1791 3408 139 56 you'd
1951 3415 101 48 stop
2073 3408 95 45 into
2192 3408 108 43 Mis'
2325 3408 255 55 Phillipses.

1530 3467 91 45 She
1654 3468 98 43 said
1785 3468 126 44 she'd
1943 3468 126 44 leave
2101 3468 77 43 the
2210 3467 86 56 key
2328 3467 145 43 under
2504 3467 77 43 the

1526 3528 335 51 thermometer,
1897 3527 85 44 so't
2014 3542 69 29 we
2116 3527 134 44 could
2283 3542 59 41 go
2377 3526 125 56 right
2533 3526 48 42 in

1526 3602 90 41 any
1644 3587 123 44 time.
1832 3587 86 43 I'm
1950 3587 151 43 afraid
2132 3586 156 57 you're
2321 3585 150 57 gittin'
2503 3592 77 37 too
