2909 4402
1124 499 229 91 East
1430 501 89 89 &
1571 501 287 89 West

408 541 66 56 14

447 679 84 35 Not
547 679 185 46 Orpheus
744 679 192 46 touching
952 679 40 34 in
1008 679 67 36 the
1089 679 136 46 gloom
1238 679 61 36 his
1313 679 141 46 chord,

401 728 86 36 Not
506 739 101 25 even
628 729 67 35 the
716 729 152 46 special
887 728 172 47 whisper
1079 730 87 34 that
1185 729 183 36 restored

401 778 96 36 Pale
520 778 169 36 Lazarus
706 791 10 32 ;
746 784 68 41 yet
833 778 81 36 still
934 779 71 35 she
1026 790 133 24 seems
1179 785 40 29 to
1239 792 87 29 run,

398 828 97 35 And
513 829 155 35 hurries
689 839 120 35 eager
828 828 40 35 in
889 828 66 36 the
975 828 189 47 noonday
1184 840 75 25 sun
1275 840 11 33 ;

400 878 267 42 Industrious,
689 878 162 46 careful,
875 878 155 47 kempt,
1051 878 59 35 till
1130 879 70 36 she
1222 885 41 30 at
1282 879 89 43 last,

400 928 94 36 Run
514 928 131 46 down,
668 927 247 46 inaccurate,
937 928 112 36 aside
1070 928 33 36 is

399 978 137 36 While
557 978 92 35 thus
670 979 15 34 I
706 978 243 47 whispered,
971 978 81 36 and
1072 978 40 35 in
1131 978 163 36 wonder
1312 979 92 36 wild

400 1028 131 36 Could
551 1034 70 30 not
640 1028 167 35 unloose
828 1039 68 35 my
913 1039 92 35 gaze
1025 1028 104 35 from
1147 1029 88 45 her,
1258 1030 66 35 the
1345 1028 109 37 child

398 1077 182 36 Plucked
595 1083 41 30 at
650 1078 71 35 her
734 1077 128 46 dress,
877 1078 81 35 and
976 1079 66 34 the
1056 1078 107 35 dead
1174 1091 159 24 woman
1345 1091 106 33 rose;

398 1127 68 47 Up
488 1133 39 30 to
548 1128 67 35 the
635 1127 145 36 mirror
800 1127 163 47 silently
982 1129 70 35 she
1072 1140 110 34 goes,

398 1177 160 47 Lightly
578 1190 23 23 a
619 1177 141 36 loosed
779 1183 102 30 tress
901 1178 176 36 touched
1097 1185 41 29 at
1157 1179 71 35 her
1247 1191 93 32 ear;

398 1227 79 36 She
497 1227 122 46 gazed
638 1227 41 35 in
698 1228 72 35 her
790 1239 87 24 own
897 1239 95 36 eyes
1011 1228 167 36 without
1197 1228 109 45 fear;

397 1277 281 45 Deliberately
698 1277 109 42 then,
828 1277 94 36 with
941 1277 149 48 fingers
1110 1279 112 45 light,

397 1327 80 37 She
514 1327 215 36 smoothed
764 1328 73 36 her
873 1328 112 36 dress
1018 1328 80 36 and
1130 1329 103 36 stole
1265 1329 86 35 into
1384 1329 67 35 the

547 1378 126 46 night.

459 1439 100 43 The
587 1439 304 55 meaningless
920 1440 154 42 school
1102 1440 51 42 of
1179 1447 127 48 poets
1336 1441 115 43 have

398 1513 52 29 so
468 1498 243 43 chastened
731 1512 52 28 us
804 1498 89 43 and
914 1499 194 42 reduced
1127 1513 86 29 our
1232 1499 217 43 demands

398 1564 49 37 to
473 1557 118 43 their
617 1558 159 42 lowest
803 1564 139 36 terms
971 1558 97 42 that
1094 1564 47 36 at
1167 1558 98 43 first
1291 1558 159 55 glance

398 1630 86 29 one
504 1623 165 36 cannot
689 1630 80 41 say
790 1616 177 55 exactly
988 1616 123 43 what
1131 1616 37 42 is
1189 1617 76 41 the
1286 1622 165 36 matter

400 1675 111 43 with
539 1675 91 42 this
658 1689 146 40 poem,
835 1675 148 43 which
1012 1675 194 54 actually
1236 1682 212 48 suggests

400 1747 59 29 an
488 1733 220 43 idea—an
738 1734 100 42 idea
866 1733 162 52 which,
1057 1734 272 55 powerfully
1359 1734 90 42 and

402 1792 388 56 sympathetically
823 1792 186 43 worked
1042 1799 92 45 out,
1167 1792 153 43 would
1353 1792 72 56 jus-

400 1851 89 56 tify
519 1852 76 42 the
627 1851 277 54 expression,
996 1851 88 43 fine
1115 1851 82 43 but
1228 1851 222 55 intensely

685 1910 257 51 Moreover,
978 1910 76 42 the
1091 1910 163 42 dismal
1290 1909 154 43 school

398 1970 115 42 have
541 1969 163 42 almost
731 1968 261 45 bull-dozed
1019 1982 54 30 us
1101 1969 95 43 into
1223 1969 228 56 believing

398 2028 98 42 that
533 2028 230 42 whatever
800 2028 37 43 is
876 2027 178 55 painful
1094 2034 123 36 must
1253 2029 55 42 be
1347 2029 100 41 fine.

400 2087 91 42 But
516 2087 128 42 there
671 2101 75 28 are
772 2086 334 55 painfulnesses
1136 2087 89 42 and
1251 2087 174 55 painful-

397 2158 167 29 nesses.
621 2144 45 43 A
692 2145 307 52 battle-scene,
1027 2145 201 44 wherein
1252 2151 169 37 tremen-

398 2204 115 44 dous
541 2204 144 43 issues
713 2218 76 28 are
816 2204 188 44 decided
1030 2204 60 56 by
1118 2204 207 55 splendid
1353 2219 72 28 sac-

398 2263 123 43 rifice
566 2263 51 43 of
662 2263 133 43 noble
838 2263 126 52 lives,
1012 2263 37 43 is
1095 2263 191 55 painful.
1350 2264 99 42 The

399 2323 220 54 spectacle
646 2322 51 43 of
724 2337 27 27 a
777 2323 93 55 dog
894 2322 111 43 with
1032 2336 26 28 a
1084 2323 174 43 tin-can
1283 2323 93 42 tied
1402 2329 47 36 to

399 2381 71 43 his
504 2381 80 43 tail
618 2381 38 42 is
691 2381 99 43 also*
820 2381 192 55 painful.
1077 2382 130 43 Mere
1241 2382 182 54 unpleas-

397 2446 182 37 antness
602 2440 108 43 does
731 2446 79 37 not
831 2440 131 43 make
983 2446 82 37 art.
1130 2441 56 42 In
1206 2440 90 43 this
1317 2455 133 40 poem

399 2514 70 28 we
500 2499 116 43 have
648 2514 58 27 an
739 2499 293 51 idea—faint,
1065 2513 162 41 vague,
1261 2507 80 35 not
1373 2506 78 37 too

397 2557 167 56 clearly
588 2557 176 44 defined
789 2573 111 28 even
925 2564 46 37 to
996 2559 77 42 the
1097 2558 201 43 author's
1324 2559 126 42 mind

391 2617 250 43 —worked
660 2624 80 36 out
757 2617 176 55 weakly
951 2617 90 43 and
1060 2617 257 55 gropingly,
1339 2617 111 43 with

399 2675 212 56 frequent
660 2676 269 55 lettings-go
978 2676 52 43 of
1079 2677 76 42 the
1204 2676 148 55 string
1401 2676 50 43 of

397 2735 223 56 thought;
658 2735 187 43 worked
882 2742 80 36 out
998 2735 147 55 coldly
1181 2735 89 42 and
1306 2735 116 43 inhu-

397 2794 154 55 manly
576 2808 49 29 as
651 2801 48 37 to
726 2794 184 56 feeling,
938 2794 90 43 and
1052 2794 136 56 badly
1214 2794 89 43 and
1330 2809 90 28 com-

398 2853 282 56 monplacely
706 2867 49 29 as
780 2860 50 37 to
854 2853 127 55 style,
1007 2853 111 44 with
1145 2853 110 43 such
1282 2854 141 55 rough-

395 2927 154 29 nesses
568 2913 90 42 and
677 2912 257 44 infelicities
953 2912 52 44 of
1021 2912 164 55 phrase
1202 2912 90 43 and
1311 2919 141 36 metre

397 2971 97 44 that
513 2978 49 37 to
581 2971 108 43 read
710 2971 33 43 it
762 2971 52 52 is,
835 2986 59 28 on
913 2971 77 43 the
1009 2971 160 53 whole,
1190 2971 89 44 like
1299 2971 154 57 riding

397 3044 26 29 a
439 3031 170 55 bicycle
627 3045 109 29 over
753 3031 324 43 cobblestones.

459 3090 45 42 Is
527 3090 34 43 it
579 3090 107 43 here
706 3089 98 43 that
825 3104 69 29 we
915 3090 94 43 find
1029 3090 77 43 the
1125 3089 327 44 indescribable

400 3147 81 44 but
511 3148 331 43 unmistakable
873 3148 157 44 charm
1061 3149 89 43 and
1179 3156 193 48 potency
1402 3149 51 43 of

445 3208 195 55 Lycidas
718 3222 51 29 or
847 3208 39 42 II
1249 3208 50 44 of
1331 3209 97 42 Fitz-

400 3267 195 55 gerald's
883 3267 51 44 of
959 3267 78 44 the
1109 3267 193 44 Sonnets
1332 3268 120 43 from

402 3326 76 43 the
874 3326 52 44 of
1002 3326 154 44 Kubla
1402 3326 52 44 of

446 3385 99 42 The
572 3385 187 44 Blessed
1076 3386 51 43 of
1153 3385 77 44 the
1258 3386 107 43 odes
1393 3401 59 28 on

402 3443 76 44 the
514 3443 192 45 Grecian
738 3444 106 44 Urn
878 3460 52 28 or
964 3452 47 36 to
1045 3445 77 43 the
1159 3445 207 55 Skylark,
1402 3445 51 43 of

401 3502 352 57 Shakespeare's
814 3511 183 36 sonnets
1056 3519 53 28 or
1167 3504 284 55 Tennyson's

401 3561 250 57 Idylls—in
669 3563 139 53 short,
826 3563 51 44 of
892 3579 91 41 any
1000 3563 52 44 of
1068 3564 76 43 the
1162 3563 291 45 well-known

1525 678 90 42 and
1642 678 132 43 loved
1801 691 156 41 poems
1987 677 73 43 for
2086 678 148 43 which
2260 679 76 42 the
2364 679 144 43 world
2535 679 38 43 is

1525 737 146 42 richer
1682 737 19 42 ?
1761 737 149 42 There
1931 736 38 43 is
1991 736 163 56 simply
2174 752 59 28 no
2254 738 267 55 comparing
2540 738 35 42 it

1525 796 111 43 with
1659 795 148 52 them;
1832 795 90 42 and
1947 801 47 36 to
2020 809 87 41 any
2133 795 250 56 objections
2411 796 33 43 it
2470 811 104 40 may

1522 854 55 45 be
1596 853 417 55 counter-objected
2032 854 98 42 that
2148 854 127 43 there
2293 854 40 42 is
2352 855 195 54 compari-

1525 927 95 38 son,
1645 927 86 28 one
1753 919 47 36 to
1825 913 202 51 another,
2054 927 169 41 among
2244 913 270 44 themselves
2516 938 60 6 —

1524 972 89 42 and
1634 972 99 42 that
1753 971 76 43 the
1850 971 162 43 widest
2034 972 102 54 gulf
2158 973 51 41 of
2232 971 245 43 difference
2498 972 51 42 be-

1524 1037 147 36 tween
1693 1044 88 40 any
1804 1036 94 37 two
1919 1030 50 42 of
1991 1030 124 42 them
2139 1030 37 43 is
2200 1030 192 56 bridged
2416 1031 59 55 by
2498 1030 77 43 the

1526 1103 85 29 one
1646 1102 211 29 common
1891 1088 362 56 likeness—they
2289 1089 173 55 delight
2497 1089 77 43 the

1526 1161 88 38 ear,
1644 1147 106 55 they
1778 1147 83 42 stir
1888 1146 76 44 the
1994 1147 113 52 soul,
2136 1147 96 55 they
2260 1148 125 42 make
2411 1153 160 49 poetry.

1528 1206 133 43 Since
1694 1206 127 43 there
1854 1220 76 28 are
1964 1206 335 55 distinguished
2334 1207 239 42 reviewers

1522 1271 49 36 to
1595 1265 135 54 apply
1755 1265 75 42 the
1855 1265 128 42 word
2052 1279 132 40 poem
2254 1272 46 36 to
2329 1265 90 42 Mr.
2450 1265 99 43 Phil-

1522 1323 124 55 lips's
1672 1337 347 41 essay-sermon,
2044 1324 35 42 it
2101 1324 107 54 only
2230 1338 162 40 proves
2418 1323 156 43 afresh

1522 1383 98 42 that
1642 1382 216 43 criticism
1881 1396 137 29 never
2039 1382 137 43 killed
2198 1389 152 48 poets;
2375 1382 35 43 it
2433 1382 37 43 is
2494 1388 80 37 not

1523 1441 268 55 sufficiently
1814 1441 285 42 unanimous.

1582 1500 55 41 In
1661 1500 139 51 short,
1824 1500 227 50 criticism,
2076 1499 208 55 unjustly
2307 1500 191 42 accused
2522 1499 51 43 of

1522 1559 157 54 going,
1720 1558 89 43 like
1848 1558 158 51 kisses,
2046 1558 59 55 by
2147 1558 144 51 favor,
2332 1573 109 40 goes
2483 1558 90 43 and

1522 1624 122 36 must
1663 1632 62 40 go
1742 1617 59 55 by
1820 1623 116 37 taste
1956 1617 189 51 instead,
2168 1617 148 43 which
2336 1618 38 42 is
2395 1616 178 56 equally

1524 1676 175 43 erratic.
1762 1677 72 42 To
1854 1690 126 41 press
2002 1675 71 43 his
2095 1690 103 29 own
2219 1675 210 55 personal
2449 1675 100 55 pref-

1527 1750 180 28 erences
1709 1750 142 39 —say
1886 1735 73 43 for
1990 1735 385 42 bread-and-milk
2376 1735 198 42 —down

1522 1794 171 55 palates
1718 1794 149 43 which
1893 1808 77 41 cry
1997 1794 73 41 for
2095 1794 176 42 caviare
2297 1794 90 41 and
2413 1807 159 41 curry;

1521 1860 48 36 to
1592 1853 117 55 deny
1729 1852 186 43 himself
1935 1853 76 42 the
2031 1852 218 55 privilege
2273 1852 49 43 of
2347 1851 226 56 fallibility

1525 1912 90 42 and
1649 1918 67 37 set
1748 1912 184 42 himself
1965 1926 60 40 up
2062 1911 72 43 for
2168 1926 25 27 a
2227 1911 112 42 little
2373 1925 116 41 pope
2523 1911 50 43 of

1522 1971 245 51 literature,
1793 1971 126 42 these
1944 1984 76 29 are
2045 1970 76 43 the
2145 1969 178 55 painful
2350 1970 147 43 duties
2523 1969 51 44 of

1524 2030 75 44 the
1626 2029 140 52 critic,
1794 2029 154 43 whose
1975 2029 64 41 lot
2065 2029 38 42 is
2130 2043 59 29 no
2218 2042 125 29 more
2370 2042 27 28 a
2423 2029 151 55 happy

1522 2103 84 28 one
1628 2089 111 42 than
1759 2088 76 43 the
1856 2088 301 54 policeman's.
2222 2088 99 43 Too
2344 2088 204 55 long-suf-

1523 2147 152 56 fering
1691 2148 56 42 he
1764 2161 104 41 may
1886 2146 257 43 sometimes
2159 2146 79 51 be;
2257 2160 58 28 an
2332 2160 243 41 oppressor

1523 2208 51 41 of
1600 2213 127 48 poets
1754 2206 57 44 he
1836 2220 138 29 never
1999 2206 51 42 is.
2115 2205 74 43 He
2215 2205 39 43 is
2281 2212 77 37 too
2384 2206 116 54 busy
2526 2212 49 36 to

1523 2266 116 51 hate,
1667 2272 76 36 too
1770 2265 111 42 mild
1905 2272 47 35 to
1980 2278 156 38 scorn;
2162 2265 191 51 besides,
2381 2264 56 43 he
2465 2264 108 43 does

1524 2331 80 36 not
1638 2324 138 54 really
1811 2324 126 42 know
1937 2323 117 43 —he
2088 2337 124 29 cares
2246 2338 59 28 no
2340 2337 125 29 more
2501 2323 74 42 for

1520 2389 160 49 poetry
1699 2383 110 42 than
1829 2397 175 40 anyone
2024 2382 103 52 else,
2148 2382 89 43 and
2257 2382 38 43 is
2316 2382 257 43 sometimes

1522 2442 208 55 honestly
1766 2441 255 56 persuaded
2057 2441 99 43 that
2194 2441 74 42 for
2303 2441 129 43 those
2470 2441 105 43 who

1523 2502 88 43 like
1630 2502 99 41 that
1748 2507 95 37 sort
1862 2500 51 43 of
1931 2500 133 56 thing
2082 2500 35 42 it
2137 2514 104 40 may
2261 2500 55 42 be
2337 2500 95 54 just
2452 2499 123 44 what

1522 2560 107 55 they
1649 2559 102 43 like.
1816 2559 55 42 In
1892 2573 136 41 many
2049 2573 124 28 cases
2195 2559 55 42 he
2272 2559 51 51 is,
2346 2573 49 29 as
2419 2559 124 54 Napo-

1523 2619 104 43 leon
1652 2618 89 43 111.
1769 2618 97 43 said
1889 2618 112 43 with
2025 2618 273 42 memorable
2322 2618 253 54 inaptitude

1525 2678 51 43 of
1618 2677 250 52 Bismarck,
1957 2684 80 36 not
2080 2691 27 28 a
2149 2677 173 42 serious

1523 2737 98 43 The
1639 2737 193 42 number
1849 2737 51 42 of
1917 2736 212 51 brilliant,
2150 2736 171 42 sincere
2342 2750 103 28 men
2463 2735 112 44 with

1524 2796 184 55 literary
1738 2796 316 42 sensitiveness
2084 2801 46 37 at
2157 2794 118 44 their
2301 2794 272 56 finger-tips,

1526 2856 104 42 who
1660 2855 132 45 make
1821 2855 75 42 the
1927 2854 248 56 reviewing
2204 2854 51 43 of
2284 2854 143 43 books
2458 2853 117 44 their

1525 2914 208 43 business
1767 2914 46 42 in
1847 2914 94 51 life,
1978 2928 84 30 can
2094 2914 56 43 be
2183 2914 195 42 counted
2412 2913 164 43 almost

1523 2973 192 44 without
1735 2973 189 56 passing
1941 2973 76 43 the
2036 2972 100 43 unit
2155 2972 194 43 column.
2413 2971 69 44 Of
2499 2971 77 44 the

1525 3039 104 45 rest,
1655 3047 27 28 a
1708 3032 89 44 few
1822 3047 76 29 are
1923 3046 122 30 mere
2069 3031 163 52 hacks;
2258 3031 77 43 the
2359 3030 217 56 majority

1526 3106 75 28 are
1628 3105 103 29 men
1757 3092 104 43 who
1889 3105 76 29 are
1990 3091 196 54 actually
2211 3097 77 37 too
2315 3090 185 55 literary
2528 3095 48 37 to

1526 3150 144 56 judge
1700 3150 52 44 of
1781 3150 247 56 anything;
2058 3149 107 56 they
2195 3164 77 28 are
2303 3149 272 56 dyspeptics,

1524 3210 118 43 their
1663 3210 170 55 palates
1857 3224 76 28 are
1954 3224 129 29 worn
2105 3215 80 37 out
2206 3208 111 44 with
2340 3215 76 37 too
2441 3208 135 42 much

1523 3269 185 56 tasting,
1746 3269 118 43 their
1900 3268 257 56 finger-tips
2197 3267 230 44 deadened
2465 3266 111 44 with

1525 3335 76 37 too
1632 3328 135 43 much
1797 3328 233 56 touching.
2093 3327 142 43 Their
2264 3327 136 43 much
2430 3326 122 43 learn-

1526 3387 82 55 ing
1630 3387 82 43 has
1736 3387 47 42 in
1808 3386 90 45 fact
1924 3386 274 56 completely
2222 3385 90 44 lost
2335 3384 127 45 them

1520 3473 87 34 The
1628 3472 110 36 earlv
1757 3471 143 36 foolish
1921 3470 205 37 freshness
2145 3470 46 37 of
2204 3471 67 36 the
2292 3470 143 43 dunce,

1522 3522 154 36 Whose
1696 3522 145 48 simple
1861 3522 167 36 instinct
2054 3521 176 47 guessed
2249 3521 67 37 the
2335 3521 177 36 heavens
2541 3525 42 31 at

1674 3584 114 25 once.
