2909 4402
351 489 2121 249 EASTdWEST

332 876 225 49 Volume
586 877 23 48 I
978 878 135 50 New
1152 878 165 58 York,
1357 878 311 60 November,
1717 878 130 70 1899
2208 882 238 50 Number
2478 899 17 34 1

764 1082 218 91 The
1061 1084 499 93 Unknown
1639 1088 420 123 Country

866 1276 97 88 By

1014 1276 357 92 Jeannette
1430 1271 160 69 Bliss
1648 1274 301 94 Gillespy

707 1420 74 44 As
813 1435 83 29 one
929 1420 120 54 who,
1086 1436 123 28 come
1242 1428 51 36 at
1325 1422 143 42 dawn
1502 1431 120 48 7ipon
1655 1438 30 27 a
1719 1423 96 42 hill

708 1481 232 57 ]V\arking
970 1481 79 42 the
1081 1482 200 56 confines
1313 1484 58 54 of
1395 1498 122 27 some
1549 1483 240 43 unknown
1822 1484 133 53 land,

706 1540 173 44 Vauses
910 1542 104 42 and
1042 1542 126 42 looks
1200 1542 184 43 abroad
1410 1550 45 35 to
1488 1544 300 42 tmderstand

706 1601 151 43 What
889 1602 87 43 lies
1009 1601 155 57 before
1196 1603 118 52 him,
1350 1603 51 57 if
1427 1618 53 28 or
1503 1604 128 56 good
1658 1620 53 27 or
1743 1605 75 52 ill,

703 1662 132 42 Then
870 1662 163 43 drazvs
1065 1663 77 42 the
1174 1664 108 55 deep
1316 1662 165 43 breath
1514 1665 59 55 of
1597 1664 78 43 the
1706 1665 220 57 morning
1957 1665 131 54 chill,

702 1723 228 56 Tightens
963 1723 75 42 his
1069 1725 123 54 staff
1216 1724 146 56 again
1397 1725 174 42 within
1605 1725 76 43 his
1713 1726 145 52 hand,

702 1782 306 57 Straightens
1041 1784 76 43 his
1148 1784 263 53 shoulders,
1440 1785 138 57 gives
1610 1786 76 42 his
1717 1787 106 42 soul
1852 1787 259 51 command,

701 1844 124 42 And
853 1844 130 42 takes
1017 1845 76 42 his
1125 1846 166 41 march
1324 1846 147 56 again
1505 1846 121 42 with
1659 1846 147 43 better
1839 1848 118 52 will,
1963 1873 59 4 —

702 1904 61 43 So
798 1904 37 51 /,
870 1913 122 47 upon
1025 1905 78 42 the
1135 1905 188 44 borders
1355 1907 58 55 of
1438 1907 78 42 the
1539 1921 136 41 year,

701 1964 149 43 Pause
884 1972 43 35 to
962 1965 168 43 behold
1158 1966 77 42 the
1269 1982 129 40 ways
1431 1968 156 42 zvhere
1618 1968 35 42 I
1677 1973 126 37 must
1826 1982 79 41 go,

700 2025 123 42 And
851 2025 188 43 breathe
1071 2026 78 42 the
1181 2027 124 56 deep,
1343 2028 128 42 clear
1503 2027 165 44 breath
1701 2029 57 56 of
1783 2028 133 55 early
1949 2027 108 57 day,

699 2085 129 43 Then
862 2086 140 42 down
1036 2086 77 42 the
1145 2088 122 54 slope
1298 2088 59 56 of
1382 2088 128 52 time,
1548 2088 202 42 without
1782 2103 29 27 a
1832 2090 118 54 fear

699 2145 2 60 \
701 2145 150 57 Begin
881 2161 77 41 my
992 2148 165 41 march
1191 2154 44 35 to
1268 2155 117 35 meet
1417 2149 75 42 the
1524 2149 94 55 day
1636 2164 22 27 s
1677 2148 116 57 full
1813 2149 146 55 glow,

699 2206 157 56 Eager
889 2213 45 37 to
967 2207 93 44 lose
1092 2223 57 28 no
1182 2214 202 39 moment
1415 2209 56 56 of
1496 2209 77 43 the
1607 2224 117 40 way.

340 2588 233 162 ONE
622 2588 88 55 day
757 2589 47 42 in
852 2588 261 44 December
1159 2590 47 42 of
1256 2589 125 56 1898,

538 2648 143 43 about
708 2648 77 43 the
814 2648 170 43 middle
1012 2649 49 42 of
1085 2649 119 42 their
1230 2649 154 43 senior

540 2721 121 41 year,
718 2714 93 36 two
872 2707 246 43 Columbia
1174 2708 207 42 students

535 2766 105 43 who
695 2766 91 43 had
841 2781 161 41 grown
1056 2767 326 55 retrospective

337 2839 112 29 over
477 2840 26 29 a
532 2825 234 56 lingering
793 2825 245 53 luncheon,
1070 2841 127 28 came
1226 2833 49 36 to
1305 2826 77 43 the

337 2884 271 44 conclusion
638 2885 99 43 that
767 2885 108 55 they
905 2900 120 28 were
1056 2885 113 43 both
1202 2884 181 56 equally

336 2958 137 41 eager
497 2950 49 37 to
574 2945 217 42 continue
818 2945 118 42 their
962 2944 183 55 literary
1172 2945 90 42 and
1290 2944 69 43 edi-

334 3002 134 44 torial
493 3003 152 43 labors
671 3003 185 55 beyond
882 3004 76 42 the
984 3003 232 43 academic
1241 3003 140 43 walls.

332 3062 132 55 They
484 3062 92 43 had
598 3076 219 29 common
838 3062 155 52 ideals,
1016 3063 90 42 and
1128 3062 105 43 held
1258 3076 93 29 com-

336 3135 111 28 mon
477 3121 139 44 views
648 3123 284 54 concerning
960 3123 77 41 the
1068 3121 237 43 condition
1336 3122 47 43 of

337 3180 242 56 magazine
614 3180 232 44 literature
882 3188 45 36 at
962 3182 77 41 the
1075 3188 184 48 present
1294 3181 88 54 day

336 3239 47 42 in
431 3239 229 44 America.
741 3240 78 52 So,
868 3240 157 43 before
1073 3240 185 55 leaving
1304 3239 79 44 the

333 3298 137 52 table,
494 3298 110 56 they
626 3299 196 43 reached
845 3300 79 42 the
949 3299 204 43 decision
1176 3300 100 43 that
1300 3300 56 42 im-

335 3357 246 56 mediately
611 3372 127 42 upon
768 3359 291 55 graduation,
1089 3359 110 54 they
1227 3357 156 45 would

329 3422 114 38 start
477 3431 27 29 a
537 3417 251 56 periodical
822 3418 152 44 which
1011 3417 165 44 should
1212 3418 58 44 be
1306 3418 52 44 de-

331 3475 141 44 voted
503 3482 50 37 to
588 3477 197 44 creative
818 3477 92 44 and
944 3477 171 44 critical
1149 3477 234 44 literature

327 3535 146 56 along
490 3535 77 43 the
588 3535 90 44 line
701 3537 48 42 of
768 3536 119 44 their
909 3551 105 30 own
1035 3537 153 43 views.
1251 3536 131 46 With

1456 2591 90 42 this
1561 2589 108 56 plan
1686 2591 47 42 in
1749 2589 144 54 mind,
1909 2589 109 56 they
2034 2589 142 45 asked
2191 2589 79 45 the
2285 2588 160 46 advice
2460 2588 49 46 of

1460 2649 170 43 certain
1686 2663 194 41 persons
1936 2648 160 44 whose
2152 2648 192 56 opinion
2398 2648 111 56 they

1456 2708 251 55 respected,
1744 2708 104 52 and,
1885 2708 182 57 finding
2102 2714 405 49 encouragement,

1460 2767 109 55 they
1601 2774 121 36 went
1754 2766 205 56 speedily
1990 2774 49 36 to
2072 2766 143 46 work.
2277 2766 101 44 The
2410 2766 99 43 first

1457 2826 142 43 result
1623 2826 49 44 of
1693 2826 120 43 their
1836 2826 166 52 labors,
2027 2826 92 44 this
2143 2826 145 43 initial
2312 2824 197 45 number

1457 2885 50 43 of
1528 2885 131 43 EAST
1681 2897 102 30 AND
1808 2885 163 52 WEST,
1997 2898 106 32 now
2126 2884 157 44 awaits
2305 2884 79 44 the
2407 2897 77 31 ver-

1458 2945 93 43 dict
1574 2945 48 42 of
1642 2944 78 43 the
1743 2944 167 55 public.

1514 3063 99 42 The
1632 3062 364 44 considerations
2012 3062 99 44 that
2129 3062 284 44 determined
2430 3061 80 45 the

1457 3122 235 43 character
1724 3120 49 45 of
1806 3122 131 43 EAST
1968 3134 104 31 AND
2105 3122 165 52 WEST,
2304 3120 93 45 and
2431 3120 79 43 the

1458 3181 252 43 intentions
1735 3181 92 42 and
1855 3181 115 43 aims
1998 3180 50 44 of
2070 3180 79 44 the
2176 3180 187 53 editors,
2392 3180 118 44 have

1456 3240 185 56 already
1659 3240 117 43 been
1795 3246 68 38 set
1881 3240 122 44 forth
2022 3246 47 38 at
2086 3240 162 56 length
2266 3240 48 43 in
2332 3254 29 29 a
2378 3252 106 44 pros-

1461 3306 174 49 pectus,
1660 3299 151 44 which
1836 3313 138 42 many
1999 3299 49 44 of
2072 3313 87 30 our
2182 3299 184 45 readers
2393 3301 117 43 have

1457 3373 121 29 seen.
1642 3358 96 43 For
1756 3358 78 44 the
1853 3358 170 44 benefit
2044 3358 49 44 of
2111 3358 136 44 those
2265 3359 106 44 who
2392 3359 118 43 have

1463 3424 84 38 not
1580 3417 117 45 been
1731 3417 107 44 thus
1874 3416 237 57 prepared,
2147 3431 71 31 we
2252 3417 117 45 shall
2402 3416 108 46 take

1460 3478 91 44 this
1576 3477 301 57 opportunity
1902 3483 48 39 to
1976 3483 168 39 restate
2167 3477 80 45 the
2272 3491 130 31 more
2426 3477 56 43 im-

1460 3543 185 49 portant
1662 3537 168 55 points.

1123 2396 546 88 Comments
