2909 4402
1191 504 424 91 Reviews

2427 549 65 56 31

315 682 122 42 chief
463 682 327 54 requirements
818 681 253 44 demanded
1096 681 51 43 of
1173 694 26 29 a
1223 693 116 42 popu-

315 741 68 43 lar
412 742 147 42 novel.
623 741 99 42 The
752 747 126 50 story
907 741 37 42 is
974 741 79 42 the
1082 740 170 43 eternal
1282 753 86 29 one

315 800 51 44 of
384 801 101 43 love
504 800 91 42 and
614 800 251 43 adventure
885 800 46 42 in
950 800 119 42 their
1089 805 279 37 commonest

315 859 224 43 romantic
559 859 177 54 phases,
757 859 90 43 and
867 859 77 44 the
964 859 86 42 last
1071 864 189 49 century
1281 863 66 36 set-

315 919 102 54 ting
441 920 37 41 is
503 918 186 56 happily
712 918 181 43 chosen.

378 978 77 42 All
487 978 91 42 this
611 978 38 41 is
680 991 111 41 very
822 978 67 41 far
921 977 119 42 from
1073 975 168 56 saying
1270 975 100 43 that

363 1037 203 43 Richard
825 1037 38 42 is
888 1051 27 28 a
940 1042 130 50 great
1094 1035 140 43 book.
1293 1034 51 43 In-

324 1096 129 52 deed,
489 1096 90 42 this
615 1096 102 42 idea
751 1096 155 43 would
941 1094 164 56 hardly
1140 1095 116 42 have
1293 1108 52 29 en-

319 1155 128 43 tered
477 1154 127 43 one's
637 1154 129 43 mind
795 1169 108 28 save
933 1155 72 42 for
1034 1153 78 44 the
1143 1166 200 46 exagger-

317 1214 105 44 ated
439 1214 151 55 praise
609 1213 47 43 of
673 1214 172 42 certain
864 1213 149 43 critics
1030 1212 159 44 whose
1208 1212 137 44 enthu-

320 1274 139 42 siasm
493 1280 194 36 outruns
719 1273 120 42 their
870 1273 324 42 discernment.
1260 1272 42 42 It
1333 1271 38 42 is

320 1332 233 55 distinctly
572 1346 27 28 a
618 1332 135 43 novel
772 1332 86 43 ala
875 1331 122 46 mode
1000 1364 10 9 .
1061 1331 44 42 It
1123 1331 38 42 is
1182 1337 82 36 not
1283 1344 90 30 one

317 1392 49 43 of
383 1392 133 43 those
535 1391 151 44 books
705 1391 151 44 which
875 1392 184 54 happen
1079 1390 294 54 irrespective

322 1451 49 43 of
402 1451 79 43 the
512 1450 184 44 world's
729 1450 131 44 work
894 1465 54 28 or
980 1449 204 55 thought
1216 1455 47 37 at
1295 1448 77 44 the

318 1511 125 50 time,
482 1508 211 56 original,
731 1508 268 52 inimitable,
1037 1507 91 45 and
1165 1506 207 44 isolated.

367 1569 204 43 Richard
841 1583 93 30 was
966 1568 182 44 written
1177 1568 198 43 because

322 1628 134 44 other
483 1628 163 43 stories
674 1628 48 44 of
747 1628 78 43 the
851 1642 129 29 same
1007 1633 96 37 sort
1130 1640 77 30 are
1234 1626 142 54 being

320 1688 180 43 written
524 1687 90 43 and
639 1687 184 56 eagerly
846 1687 109 43 read
976 1685 175 56 to-day.
1208 1686 44 43 It
1274 1699 76 41 rep-

322 1753 175 37 resents
523 1747 79 43 the
625 1746 259 56 prevailing
910 1746 184 54 literary
1120 1745 181 42 fashion
1329 1743 48 45 of

324 1807 77 43 the
422 1813 198 48 present,
640 1806 152 43 which
812 1807 37 41 is
870 1813 48 36 to
940 1805 287 42 rehabilitate
1248 1818 128 29 some

322 1866 294 56 picturesque
639 1872 102 48 past
764 1865 162 55 period
950 1865 47 42 in
1020 1879 26 28 a
1071 1863 134 44 cloak
1228 1863 48 44 of
1298 1864 60 42 fic-

323 1925 112 42 tion.
489 1925 43 42 It
552 1926 36 41 is
611 1924 77 43 the
708 1924 117 43 local
848 1924 129 43 color
997 1923 191 43 method
1209 1921 168 44 moved

324 1983 119 44 back
470 1984 119 43 from
617 1984 78 43 the
722 1990 187 49 present
934 1990 49 37 to
1010 1982 80 43 the
1116 1988 127 50 past;
1286 1981 92 44 and

322 2044 78 42 the
419 2043 189 43 interest
628 2043 91 43 still
738 2043 81 43 lies
841 2042 259 54 obviously,
1121 2041 92 43 and
1231 2047 49 37 to
1300 2041 78 43 the

324 2102 184 44 evident
533 2102 240 43 exclusion
799 2102 48 43 of
870 2101 230 56 anything
1124 2100 227 56 approach-

324 2162 83 55 ing
427 2168 130 49 great
578 2168 82 45 art,
680 2175 112 41 very
812 2161 140 42 much
973 2161 88 43 less
1082 2161 47 42 in
1150 2161 78 43 the
1250 2160 104 43 char-

327 2228 147 36 acters
498 2221 261 55 portrayed,
783 2221 120 51 who,
927 2221 110 42 with
1061 2220 117 42 their
1203 2220 177 50 stories,

326 2294 78 29 are
433 2279 305 56 stereotyped,
769 2279 114 43 than
910 2280 47 42 in
988 2278 274 56 interesting
1289 2278 91 43 and

324 2340 263 43 unfamiliar
609 2338 261 44 conditions
893 2339 48 42 of
961 2338 89 43 life.
1102 2338 100 43 The
1224 2336 155 56 slight,

325 2405 154 50 pretty
504 2399 89 42 tale
620 2398 48 43 of
694 2397 205 44 Richard
928 2397 163 44 Carvel
1119 2397 91 44 and
1239 2395 142 55 Dolly

329 2459 223 43 Manners
577 2458 37 42 is
638 2458 168 42 almost
830 2457 197 43 crushed
1051 2457 61 55 by
1136 2457 77 42 the
1238 2456 125 42 erudi-

327 2518 100 43 tion
454 2517 48 44 of
526 2517 78 44 the
630 2516 181 53 author,
837 2516 106 45 who
971 2516 82 43 has
1082 2515 109 44 read
1216 2514 166 55 widely

330 2577 91 43 and
454 2576 102 44 well
588 2576 73 43 for
692 2576 70 44 his
795 2575 105 44 task
933 2575 49 44 of
1015 2574 264 57 distancing
1312 2575 70 42 his

332 2637 315 55 competitors,
689 2635 61 56 by
793 2635 164 56 giving
999 2635 132 42 fuller
1173 2648 210 29 measure

329 2696 91 43 and
445 2696 176 54 variety
646 2695 48 43 of
718 2701 130 49 stage
874 2694 211 55 settings,
1112 2693 271 56 properties,

327 2755 92 43 and
437 2769 207 41 persons.
694 2754 113 43 This
827 2754 58 43 he
903 2754 82 43 has
1007 2753 220 55 certainly
1249 2754 134 42 done.

332 2815 132 43 Most
496 2813 221 45 novelists
751 2813 48 44 of
830 2814 70 42 his
936 2813 115 43 class
1084 2827 77 29 are
1196 2817 189 39 content

329 2874 111 43 with
469 2888 89 29 one
587 2872 241 56 complete,
858 2872 218 56 carefully
1105 2871 183 44 studied
1317 2876 68 39 set

331 2934 48 42 of
402 2947 204 42 scenery.
662 2933 91 43 Mr.
781 2931 237 45 Churchill
1043 2931 129 57 gives
1199 2946 53 28 us
1278 2938 106 45 two,

330 2993 91 43 and
443 2993 48 43 of
511 2992 235 44 historical
767 2992 74 54 lay
862 2992 186 55 figures,
1072 2997 83 37 not
1177 3006 102 36 one,
1303 2991 84 43 but

332 3067 28 29 a
388 3053 160 43 dozen.
609 3051 44 44 It
682 3058 101 37 cost
812 3050 185 55 Cooper
1025 3057 91 37 two
1147 3051 160 43 novels
1336 3057 52 36 to

333 3119 187 48 present
552 3111 116 43 Paul
699 3110 141 56 Jones
875 3110 91 44 and
1001 3110 185 56 George
1217 3109 136 45 Wash-

334 3173 179 54 ington.
578 3171 90 43 Mr.
706 3170 235 45 Churchill
973 3175 106 51 puts
1112 3170 127 43 them
1272 3167 114 45 both

331 3231 110 44 with
465 3230 179 44 endless
668 3230 155 44 others
846 3230 98 43 into
967 3244 26 29 a
1014 3229 150 55 single
1184 3228 201 44 volume.

391 3290 113 43 This
529 3290 36 43 is
588 3290 99 43 said
708 3290 89 43 less
820 3290 47 42 in
890 3289 220 55 dispraise
1133 3288 47 44 of
1247 3288 113 43 Rich-

331 3351 83 43 ard
661 3349 113 44 than
793 3349 49 44 of
859 3349 79 43 the
957 3348 150 44 critics
1126 3348 106 44 who
1253 3347 134 44 claim

333 3410 73 43 for
430 3410 35 43 it
537 3424 58 29 an
623 3408 233 57 enduring
880 3408 129 56 place
1037 3408 47 43 in
1110 3406 278 54 literature/'

338 3476 100 45 etc.,
462 3470 90 42 and
576 3470 105 43 who
704 3469 92 44 will
818 3469 128 43 leave
969 3484 27 28 a
1017 3467 213 44 hundred
1253 3467 110 44 thou-

338 3529 114 43 sand
477 3529 244 43 credulous
745 3528 183 43 readers
952 3528 47 43 in
1025 3534 130 49 great
1178 3526 186 57 perplex-

339 3589 67 56 ity
426 3589 135 44 when
583 3589 35 43 it
640 3589 116 43 shall
780 3589 117 43 have
919 3601 87 30 run
1030 3588 57 43 its
1112 3601 163 30 course
1300 3585 91 45 and

1447 682 133 43 fallen
1608 682 251 55 gracefully
1884 682 119 43 back
2029 683 69 42 for
2122 683 79 42 the
2226 690 124 36 next.
2406 684 89 54 Ay,

1443 741 46 42 in
1514 741 273 55 perplexity,
1815 741 91 43 and
1931 741 112 43 with
2069 756 28 28 a
2121 742 236 56 wavering
2381 742 116 42 faith

1444 800 47 42 in
1516 800 78 43 the
1620 800 92 44 real
1737 801 149 43 worth
1913 800 48 44 of
1987 801 246 52 literature,
2259 801 79 43 the
2366 807 130 52 great

1449 859 233 55 examples
1704 860 48 43 of
1769 860 150 43 which
1940 875 77 28 are
2037 875 52 28 so
2109 874 111 41 very
2241 860 179 52 mortal,
2444 875 51 28 so

1446 918 139 54 easily
1609 918 166 43 turned
1799 926 95 45 out,
1919 925 92 38 two
2037 934 53 28 or
2113 920 128 42 three
2267 934 26 28 a
2317 932 178 39 season,

1445 977 91 42 and
1564 977 110 43 then
1701 978 248 55 forgotten.
2055 978 205 43 Richard
2290 978 163 44 Carvel

1446 1037 37 41 is
1511 1051 27 27 a
1565 1037 126 55 good
1718 1037 126 43 book
1871 1038 48 42 of
1945 1038 56 42 its
2030 1037 202 44 kinda
2259 1037 113 43 kind
2398 1038 100 43 that

1449 1095 128 55 gives
1609 1109 53 29 us
1695 1110 61 28 no
1787 1097 312 54 insignificant
2131 1097 134 43 share
2297 1097 48 43 of
2375 1098 124 42 what

1447 1154 211 55 pleasure
1698 1169 70 29 we
1811 1162 79 48 get
1933 1155 118 43 from
2096 1155 404 56 readingbetter

1446 1213 112 43 than
1581 1214 78 42 the
1681 1228 210 40 average,
1916 1215 210 55 perhaps.
2182 1216 93 42 But
2298 1216 34 42 it
2356 1215 37 42 is
2416 1221 84 37 not

1450 1287 26 28 a
1499 1279 130 48 great
1653 1273 139 51 book,
1818 1273 91 43 like
1978 1273 164 56 Henry
2166 1274 212 43 Esmond
2448 1289 53 28 or

1500 1332 100 55 Peg
1999 1332 161 44 stories
2192 1334 109 42 with
2331 1348 60 28 an
2422 1333 78 44 old

1448 1390 185 56 setting,
1656 1391 136 54 truly,
1815 1396 83 50 yet'
1913 1392 47 41 in
1981 1392 150 43 which
2154 1392 90 43 this
2268 1393 173 56 setting
2461 1393 39 43 is

1448 1449 217 56 properly
1691 1450 343 53 subordinated,
2061 1465 49 29 as
2137 1452 34 42 it
2196 1451 168 55 always
2389 1452 38 43 is
2453 1451 49 43 in

1451 1509 75 43 life
1556 1510 92 42 and
1676 1516 102 36 true
1807 1515 83 46 art,
1921 1516 48 37 to
1999 1511 78 42 the
2107 1510 317 56 personalities
2453 1511 49 44 of

1449 1582 106 29 men
1576 1568 92 43 and
1688 1583 196 37 women,
1906 1569 91 42 and
2018 1569 78 44 the
2115 1570 110 43 vital
2246 1570 190 44 interest
2456 1569 48 45 of

1449 1642 27 28 a
1498 1627 163 55 deeply
1682 1627 174 43 human
1878 1634 140 49 story.

1985 1747 71 54 By
2089 1746 209 44 Beatrice
2331 1747 145 44 Harra-

1511 1805 102 42 den.
1667 1805 153 51 Dodd,
1844 1806 141 41 Mead
2008 1806 42 43 &
2072 1806 80 43 Co.

1451 1745 139 43 THE
1622 1745 300 44 FOWLER.

1512 1865 45 41 A
1587 1865 136 42 novel
1754 1865 91 42 like
1921 1865 100 42 The
2307 1866 37 42 is
2377 1880 130 29 more

1452 1923 112 43 than
1591 1924 250 54 ordinarily
1868 1924 191 43 difficult
2084 1931 49 36 to
2161 1925 194 43 criticise
2383 1926 126 54 quite

1453 1982 144 56 fairly.
1652 1983 117 42 Miss
1794 1983 245 43 Harraden
2062 1983 82 44 has
2168 1985 151 42 aimed
2343 1984 166 56 higher

1455 2041 112 43 than
1599 2042 82 42 her
1712 2042 211 56 strength
1956 2042 137 43 could
2124 2043 150 51 reach,
2307 2044 92 42 and
2430 2044 79 42 the

1456 2101 173 51 failure,
1662 2101 184 55 already
1876 2102 299 43 accentuated
2206 2102 62 55 by
2297 2103 78 42 the
2407 2117 76 28 suc-

1456 2175 98 27 cess
1584 2161 48 41 of
1660 2175 58 27 an
1748 2161 160 42 earlier
1934 2161 144 52 work,
2109 2161 37 43 is
2175 2161 207 56 brought
2411 2162 98 43 into

1455 2220 88 42 still
1583 2227 216 48 stronger
1835 2220 128 42 relief
1999 2220 62 55 by
2098 2221 78 42 the
2214 2221 296 54 possibilities

1458 2279 48 42 of
1539 2286 237 48 greatness
1812 2279 211 43 inherent
2057 2279 48 42 in
2138 2280 78 42 the
2251 2281 259 43 characters

1456 2338 151 43 which
1641 2338 118 42 Miss
1793 2338 246 43 Harraden
2072 2345 218 49 attempts
2321 2346 50 36 to
2404 2354 81 41 por-

1456 2404 113 48 tray.
1629 2397 246 43 Theodore
1904 2398 172 51 Bevan,
2103 2398 80 43 the
2213 2399 193 51 Fowler,
2434 2399 78 42 the

1455 2463 107 48 type
1580 2456 48 43 of
1644 2456 100 52 evil,
1761 2456 78 43 the
1856 2457 130 54 spirit
2003 2457 48 43 of
2065 2457 287 55 pessimism;
2371 2458 141 42 Brian

1458 2515 320 56 Uppingham,
1805 2516 78 43 the
1906 2522 110 49 type
2041 2517 47 42 of
2113 2517 139 55 good,
2278 2517 79 43 the
2384 2517 130 55 spirit

1462 2575 47 43 of
1544 2576 261 54 optimism;
1857 2576 91 42 and
1985 2575 131 43 Nora
2152 2576 245 52 Penhurst,
2435 2576 78 43 the

1460 2649 112 40 prey
1602 2635 47 42 of
1677 2635 79 42 the
1788 2635 194 51 Fowler,
2013 2635 90 43 and
2133 2635 78 43 the
2242 2635 194 44 beloved
2467 2635 49 44 of

1462 2694 141 43 Brian
1604 2694 190 42 these
1839 2709 77 27 are
1957 2694 79 43 the
2079 2694 128 43 three
2251 2695 264 55 significant

1462 2754 258 42 characters
1750 2753 47 43 of
1822 2754 78 42 the
1928 2753 141 52 book,
2098 2754 91 43 and
2217 2754 77 43 the
2323 2761 125 48 story
2476 2754 37 43 is

1459 2813 78 42 the
1558 2819 128 49 story
1706 2813 48 43 of
1775 2813 168 43 Nora's
1965 2813 233 56 struggles
2221 2813 146 43 under
2386 2813 129 43 these

1460 2879 91 37 two
1574 2872 263 44 influences.

1524 2932 56 43 In
1615 2932 81 42 her
1731 2932 261 55 subjection
2026 2938 48 37 to
2109 2932 78 43 the
2224 2932 180 43 Fowler
2437 2932 79 44 the

1463 2992 158 42 reader
1646 2992 111 42 does
1783 2998 82 36 not
1891 2991 86 43 feel
2002 2991 77 43 the
2105 3006 132 28 sense
2264 2992 47 42 of
2334 2991 108 52 fear,
2469 2991 49 43 of

1464 3051 282 51 recoilment,
1779 3051 90 42 and
1902 3058 75 48 yet
2009 3051 48 42 of
2086 3051 301 54 inevitability
2417 3051 101 42 that

1462 3110 158 43 makes
1639 3110 78 43 the
1737 3117 237 48 greatness
1996 3110 46 42 in
2063 3110 328 43 Hawthorne's
2411 3124 81 40 por-

1465 3168 146 56 trayal
1636 3169 50 43 of
1712 3168 365 57 Chillingworth.
2132 3169 88 44 We
2243 3183 78 29 are
2345 3168 97 45 told
2467 3168 54 44 of

1463 3229 78 43 the
1565 3229 274 43 fascination
1865 3229 47 43 of
1933 3229 78 42 the
2037 3229 192 50 Fowler,
2255 3228 84 43 but
2363 3243 69 29 we
2458 3229 60 42 do

1467 3295 82 36 not
1583 3288 86 43 feel
1703 3288 47 52 it,
1786 3288 91 43 and
1909 3303 68 28 we
2011 3288 136 42 finish
2184 3288 187 54 chapter
2406 3288 115 43 after

1464 3347 202 56 chapter,
1719 3347 274 56 wondering
2043 3347 107 55 why
2203 3347 78 43 the
2335 3353 160 49 strong-

1467 3408 188 42 minded
1689 3407 189 43 heroine
1914 3421 104 29 ever
2051 3407 76 42 fell
2160 3406 98 44 into
2293 3406 71 44 his
2398 3407 121 43 toils.

1468 3467 141 43 Brian
1640 3466 306 56 Uppingham
1977 3466 52 52 is,
2061 3481 62 28 on
2150 3466 80 43 the
2259 3465 164 53 whole,
2453 3466 69 43 far

1465 3541 129 29 more
1617 3526 322 56 satisfactorily
1959 3525 261 56 portrayed,
2243 3525 183 57 though
2449 3525 72 52 he,

1465 3593 95 45 too,
1585 3586 37 43 is
1646 3593 82 37 not
1752 3585 124 57 quite
1900 3585 294 57 convincing.
2250 3585 107 53 But,
2381 3591 144 38 worst
