<?xml version="1.0" encoding="UTF-8"?>
<alto xmlns:xsi="http://www.w3.org/2001/XMLSchema-instance" xmlns="http://www.loc.gov/standards/alto/ns-v2#" xsi:schemaLocation="http://www.loc.gov/standards/alto/ns-v2# http://www.loc.gov/standards/alto/alto-v2.0.xsd" xmlns:xlink="http://www.w3.org/1999/xlink">
	<Description>
		<MeasurementUnit>mm10</MeasurementUnit>
		<sourceImageInformation>
			<fileName>//fileserver7/IN2/Princeton/Batch5/bmtnabi/1861/07/27_01/00000243.tif</fileName>
		</sourceImageInformation>
		<OCRProcessing ID="OCRPROCESSING_1">
			<preProcessingStep>
				<processingSoftware>
					<softwareCreator>CCS Content Conversion Specialists GmbH, Germany</softwareCreator>
					<softwareName>CCS docWORKS</softwareName>
					<softwareVersion>6.6-1.18</softwareVersion>
				</processingSoftware>
			</preProcessingStep>
			<ocrProcessingStep>
				<processingSoftware>
					<softwareCreator>ABBYY (BIT Software), Russia</softwareCreator>
					<softwareName>FineReader</softwareName>
					<softwareVersion>10.0</softwareVersion>
				</processingSoftware>
			</ocrProcessingStep>
		</OCRProcessing>
		<OCRProcessing ID="OCRPROCESSING_2">
			<preProcessingStep>
				<processingSoftware>
					<softwareCreator>CCS Content Conversion Specialists GmbH, Germany</softwareCreator>
					<softwareName>CCS docWORKS</softwareName>
					<softwareVersion>6.6-1.18</softwareVersion>
				</processingSoftware>
			</preProcessingStep>
			<ocrProcessingStep>
				<processingSoftware>
					<softwareCreator>ABBYY (BIT Software), Russia</softwareCreator>
					<softwareName>NA</softwareName>
				</processingSoftware>
			</ocrProcessingStep>
		</OCRProcessing>
	</Description>
	<Styles>
		<TextStyle ID="TXT_0" FONTSIZE="43" FONTFAMILY="Arial"/>
		<TextStyle ID="TXT_1" FONTSIZE="14" FONTFAMILY="Arial"/>
		<TextStyle ID="TXT_2" FONTSIZE="16" FONTFAMILY="Arial" FONTSTYLE="italics"/>
		<TextStyle ID="TXT_3" FONTSIZE="15" FONTFAMILY="Arial" FONTSTYLE="italics"/>
		<TextStyle ID="TXT_4" FONTSIZE="9" FONTFAMILY="Times New Roman" FONTSTYLE="bold"/>
		<TextStyle ID="TXT_5" FONTSIZE="8" FONTFAMILY="Arial"/>
		<TextStyle ID="TXT_6" FONTSIZE="15" FONTFAMILY="Arial"/>
		<TextStyle ID="TXT_7" FONTSIZE="15" FONTFAMILY="Times New Roman"/>
		<TextStyle ID="TXT_8" FONTSIZE="23" FONTFAMILY="Times New Roman"/>
		<ParagraphStyle ID="PAR_CENTER" ALIGN="Center"/>
		<ParagraphStyle ID="PAR_BLOCK" ALIGN="Block"/>
		<ParagraphStyle ID="PAR_LEFT" ALIGN="Left"/>
		<ParagraphStyle ID="PAR_RIGHT" ALIGN="Right"/>
	</Styles>
	<Layout>
		<Page ID="P3" PHYSICAL_IMG_NR="3" HEIGHT="4386" WIDTH="3563" PRINTED_IMG_NR="236" PC="0.936">
			<TopMargin ID="P3_TM00001" HPOS="0" VPOS="0" WIDTH="3563" HEIGHT="154">
				<TextBlock ID="P3_TB00001" HPOS="1708" VPOS="99" WIDTH="107" HEIGHT="53" STYLEREFS="TXT_0 PAR_CENTER">
					<TextLine ID="P3_TL00001" HPOS="1708" VPOS="99" WIDTH="107" HEIGHT="53">
						<String ID="P3_ST00001" HPOS="1708" VPOS="99" WIDTH="107" HEIGHT="53" CONTENT="236" WC="1.00" CC="000"/>
					</TextLine>
				</TextBlock>
			</TopMargin>
			<LeftMargin ID="P3_LM00001" HPOS="0" VPOS="154" WIDTH="171" HEIGHT="4026"/>
			<RightMargin ID="P3_RM00001" HPOS="3308" VPOS="154" WIDTH="255" HEIGHT="4026"/>
			<BottomMargin ID="P3_BM00001" HPOS="0" VPOS="4180" WIDTH="3563" HEIGHT="206"/>
			<PrintSpace ID="P3_PS00001" HPOS="171" VPOS="154" WIDTH="3137" HEIGHT="4026">
				<TextBlock ID="P3_TB00002" HPOS="171" VPOS="222" WIDTH="1556" HEIGHT="3860" STYLEREFS="TXT_1 PAR_BLOCK">
					<TextLine ID="P3_TL00002" HPOS="207" VPOS="224" WIDTH="1518" HEIGHT="75">
						<String ID="P3_ST00002" HPOS="207" VPOS="224" WIDTH="143" HEIGHT="65" CONTENT="Orgel" WC="0.98" CC="73003"/>
						<SP ID="P3_SP00001" HPOS="350" VPOS="289" WIDTH="31"/>
						<String ID="P3_ST00003" HPOS="381" VPOS="240" WIDTH="73" HEIGHT="32" CONTENT="am" WC="0.38" CC="66"/>
						<SP ID="P3_SP00002" HPOS="454" VPOS="289" WIDTH="32"/>
						<String ID="P3_ST00004" HPOS="486" VPOS="224" WIDTH="158" HEIGHT="51" CONTENT="besten" WC="0.99" CC="601202"/>
						<SP ID="P3_SP00003" HPOS="644" VPOS="289" WIDTH="29"/>
						<String ID="P3_ST00005" HPOS="673" VPOS="227" WIDTH="130" HEIGHT="58" CONTENT="thun," WC="0.70" CC="71104"/>
						<SP ID="P3_SP00004" HPOS="803" VPOS="289" WIDTH="41"/>
						<String ID="P3_ST00006" HPOS="844" VPOS="247" WIDTH="50" HEIGHT="30" CONTENT="zu" WC="0.38" CC="56"/>
						<SP ID="P3_SP00005" HPOS="894" VPOS="289" WIDTH="32"/>
						<String ID="P3_ST00007" HPOS="926" VPOS="231" WIDTH="282" HEIGHT="68" CONTENT="schweigen;" WC="0.99" CC="7838000060"/>
						<SP ID="P3_SP00006" HPOS="1208" VPOS="299" WIDTH="47"/>
						<String ID="P3_ST00008" HPOS="1255" VPOS="235" WIDTH="118" HEIGHT="49" CONTENT="denn" WC="0.98" CC="4040"/>
						<SP ID="P3_SP00007" HPOS="1373" VPOS="299" WIDTH="38"/>
						<String ID="P3_ST00009" HPOS="1411" VPOS="236" WIDTH="130" HEIGHT="50" CONTENT="beide" WC="0.99" CC="36000"/>
						<SP ID="P3_SP00008" HPOS="1541" VPOS="299" WIDTH="37"/>
						<String ID="P3_ST00010" HPOS="1578" VPOS="239" WIDTH="147" HEIGHT="51" CONTENT="neben" WC="0.99" CC="00500"/>
					</TextLine>
					<TextLine ID="P3_TL00003" HPOS="204" VPOS="299" WIDTH="1523" HEIGHT="77">
						<String ID="P3_ST00011" HPOS="204" VPOS="299" WIDTH="219" HEIGHT="49" CONTENT="einander" WC="1.00" CC="00010000"/>
						<SP ID="P3_SP00009" HPOS="423" VPOS="348" WIDTH="42"/>
						<String ID="P3_ST00012" HPOS="465" VPOS="310" WIDTH="239" HEIGHT="57" CONTENT="vertragen" WC="1.00" CC="400005000"/>
						<SP ID="P3_SP00010" HPOS="704" VPOS="367" WIDTH="38"/>
						<String ID="P3_ST00013" HPOS="742" VPOS="305" WIDTH="91" HEIGHT="48" CONTENT="sich" WC="0.98" CC="0234"/>
						<SP ID="P3_SP00011" HPOS="833" VPOS="367" WIDTH="37"/>
						<String ID="P3_ST00014" HPOS="870" VPOS="308" WIDTH="139" HEIGHT="57" CONTENT="nicht," WC="0.99" CC="002624"/>
						<SP ID="P3_SP00012" HPOS="1009" VPOS="367" WIDTH="40"/>
						<String ID="P3_ST00015" HPOS="1049" VPOS="312" WIDTH="101" HEIGHT="48" CONTENT="weil" WC="0.97" CC="8006"/>
						<SP ID="P3_SP00013" HPOS="1150" VPOS="367" WIDTH="24"/>
						<String ID="P3_ST00016" HPOS="1174" VPOS="311" WIDTH="130" HEIGHT="65" CONTENT="jeder" WC="0.98" CC="51041"/>
						<SP ID="P3_SP00014" HPOS="1304" VPOS="376" WIDTH="29"/>
						<String ID="P3_ST00017" HPOS="1333" VPOS="314" WIDTH="128" HEIGHT="47" CONTENT="Theil" WC="0.93" CC="02010"/>
						<SP ID="P3_SP00015" HPOS="1461" VPOS="376" WIDTH="30"/>
						<String ID="P3_ST00018" HPOS="1491" VPOS="315" WIDTH="59" HEIGHT="48" CONTENT="ob" WC="0.81" CC="30"/>
						<SP ID="P3_SP00016" HPOS="1550" VPOS="376" WIDTH="30"/>
						<String ID="P3_ST00019" HPOS="1580" VPOS="317" WIDTH="147" HEIGHT="49" CONTENT="seiner" WC="0.99" CC="001534"/>
					</TextLine>
					<TextLine ID="P3_TL00004" HPOS="203" VPOS="376" WIDTH="1519" HEIGHT="80">
						<String ID="P3_ST00020" HPOS="203" VPOS="376" WIDTH="296" HEIGHT="65" CONTENT="Mächtigkeit" WC="0.99" CC="51243095005"/>
						<SP ID="P3_SP00017" HPOS="499" VPOS="441" WIDTH="44"/>
						<String ID="P3_ST00021" HPOS="543" VPOS="379" WIDTH="69" HEIGHT="48" CONTENT="die" WC="1.00" CC="000"/>
						<SP ID="P3_SP00018" HPOS="612" VPOS="441" WIDTH="32"/>
						<String ID="P3_ST00022" HPOS="644" VPOS="383" WIDTH="266" HEIGHT="48" CONTENT="Herrschaft" WC="0.98" CC="8219036675"/>
						<SP ID="P3_SP00019" HPOS="910" VPOS="441" WIDTH="43"/>
						<String ID="P3_ST00023" HPOS="953" VPOS="386" WIDTH="114" HEIGHT="48" CONTENT="über" WC="0.99" CC="0400"/>
						<SP ID="P3_SP00020" HPOS="1067" VPOS="441" WIDTH="41"/>
						<String ID="P3_ST00024" HPOS="1108" VPOS="388" WIDTH="79" HEIGHT="48" CONTENT="das" WC="1.00" CC="000"/>
						<SP ID="P3_SP00021" HPOS="1187" VPOS="441" WIDTH="31"/>
						<String ID="P3_ST00025" HPOS="1218" VPOS="390" WIDTH="150" HEIGHT="47" CONTENT="Ganze" WC="0.98" CC="09030"/>
						<SP ID="P3_SP00022" HPOS="1368" VPOS="441" WIDTH="42"/>
						<String ID="P3_ST00026" HPOS="1410" VPOS="391" WIDTH="41" HEIGHT="46" CONTENT="in" WC="0.64" CC="07"/>
						<SP ID="P3_SP00023" HPOS="1451" VPOS="441" WIDTH="32"/>
						<String ID="P3_ST00027" HPOS="1483" VPOS="393" WIDTH="239" HEIGHT="63" CONTENT="Anspruch" WC="0.99" CC="20033100"/>
					</TextLine>
					<TextLine ID="P3_TL00005" HPOS="200" VPOS="452" WIDTH="1524" HEIGHT="68">
						<String ID="P3_ST00028" HPOS="200" VPOS="452" WIDTH="163" HEIGHT="48" CONTENT="nimmt" WC="0.97" CC="90525"/>
						<SP ID="P3_SP00024" HPOS="363" VPOS="500" WIDTH="30"/>
						<String ID="P3_ST00029" HPOS="393" VPOS="454" WIDTH="91" HEIGHT="47" CONTENT="und" WC="0.98" CC="400"/>
						<SP ID="P3_SP00025" HPOS="484" VPOS="501" WIDTH="31"/>
						<String ID="P3_ST00030" HPOS="515" VPOS="455" WIDTH="140" HEIGHT="50" CONTENT="damit" WC="0.99" CC="00045"/>
						<SP ID="P3_SP00026" HPOS="655" VPOS="505" WIDTH="29"/>
						<String ID="P3_ST00031" HPOS="684" VPOS="459" WIDTH="116" HEIGHT="47" CONTENT="auch" WC="0.99" CC="0400"/>
						<SP ID="P3_SP00027" HPOS="800" VPOS="506" WIDTH="32"/>
						<String ID="P3_ST00032" HPOS="832" VPOS="460" WIDTH="69" HEIGHT="48" CONTENT="die" WC="0.98" CC="004"/>
						<SP ID="P3_SP00028" HPOS="901" VPOS="508" WIDTH="32"/>
						<String ID="P3_ST00033" HPOS="933" VPOS="464" WIDTH="419" HEIGHT="50" CONTENT="Aufmerksamkeit" WC="0.99" CC="46760071016006"/>
						<SP ID="P3_SP00029" HPOS="1352" VPOS="514" WIDTH="29"/>
						<String ID="P3_ST00034" HPOS="1381" VPOS="466" WIDTH="77" HEIGHT="48" CONTENT="des" WC="0.96" CC="072"/>
						<SP ID="P3_SP00030" HPOS="1458" VPOS="514" WIDTH="22"/>
						<String ID="P3_ST00035" HPOS="1480" VPOS="469" WIDTH="244" HEIGHT="51" CONTENT="Zuhörers." WC="0.99" CC="050050004"/>
					</TextLine>
					<TextLine ID="P3_TL00006" HPOS="200" VPOS="529" WIDTH="1525" HEIGHT="66">
						<String ID="P3_ST00036" HPOS="200" VPOS="529" WIDTH="62" HEIGHT="47" CONTENT="So" WC="0.44" CC="64"/>
						<SP ID="P3_SP00031" HPOS="262" VPOS="576" WIDTH="42"/>
						<String ID="P3_ST00037" HPOS="304" VPOS="529" WIDTH="141" HEIGHT="49" CONTENT="findet" WC="0.99" CC="750001"/>
						<SP ID="P3_SP00032" HPOS="445" VPOS="578" WIDTH="40"/>
						<String ID="P3_ST00038" HPOS="485" VPOS="534" WIDTH="93" HEIGHT="47" CONTENT="sich" WC="0.99" CC="3100"/>
						<SP ID="P3_SP00033" HPOS="578" VPOS="581" WIDTH="50"/>
						<String ID="P3_ST00039" HPOS="628" VPOS="534" WIDTH="93" HEIGHT="49" CONTENT="dies" WC="0.98" CC="0045"/>
						<SP ID="P3_SP00034" HPOS="721" VPOS="583" WIDTH="41"/>
						<String ID="P3_ST00040" HPOS="762" VPOS="536" WIDTH="43" HEIGHT="47" CONTENT="in" WC="0.65" CC="06"/>
						<SP ID="P3_SP00035" HPOS="805" VPOS="583" WIDTH="43"/>
						<String ID="P3_ST00041" HPOS="848" VPOS="539" WIDTH="111" HEIGHT="47" CONTENT="aller" WC="0.97" CC="02746"/>
						<SP ID="P3_SP00036" HPOS="959" VPOS="586" WIDTH="41"/>
						<String ID="P3_ST00042" HPOS="1000" VPOS="558" WIDTH="200" HEIGHT="31" CONTENT="neueren" WC="1.00" CC="0060010"/>
						<SP ID="P3_SP00037" HPOS="1200" VPOS="589" WIDTH="52"/>
						<String ID="P3_ST00043" HPOS="1252" VPOS="543" WIDTH="349" HEIGHT="50" CONTENT="Kirchenmusik" WC="0.99" CC="220050605400"/>
						<SP ID="P3_SP00038" HPOS="1601" VPOS="593" WIDTH="41"/>
						<String ID="P3_ST00044" HPOS="1642" VPOS="548" WIDTH="83" HEIGHT="47" CONTENT="seit" WC="0.99" CC="1005"/>
					</TextLine>
					<TextLine ID="P3_TL00007" HPOS="200" VPOS="606" WIDTH="1522" HEIGHT="67">
						<String ID="P3_ST00045" HPOS="200" VPOS="606" WIDTH="179" HEIGHT="57" CONTENT="Bach's," WC="0.52" CC="8045437"/>
						<SP ID="P3_SP00039" HPOS="379" VPOS="663" WIDTH="29"/>
						<String ID="P3_ST00046" HPOS="408" VPOS="609" WIDTH="183" HEIGHT="49" CONTENT="Hasse's" WC="0.98" CC="7013046"/>
						<SP ID="P3_SP00040" HPOS="591" VPOS="663" WIDTH="32"/>
						<String ID="P3_ST00047" HPOS="623" VPOS="612" WIDTH="89" HEIGHT="47" CONTENT="und" WC="0.96" CC="260"/>
						<SP ID="P3_SP00041" HPOS="712" VPOS="663" WIDTH="31"/>
						<String ID="P3_ST00048" HPOS="743" VPOS="614" WIDTH="282" HEIGHT="50" CONTENT="Naumann's" WC="0.69" CC="005008543"/>
						<SP ID="P3_SP00042" HPOS="1025" VPOS="664" WIDTH="29"/>
						<String ID="P3_ST00049" HPOS="1054" VPOS="618" WIDTH="169" HEIGHT="48" CONTENT="Zeiten." WC="0.99" CC="0005004"/>
						<SP ID="P3_SP00043" HPOS="1223" VPOS="666" WIDTH="58"/>
						<String ID="P3_ST00050" HPOS="1281" VPOS="619" WIDTH="120" HEIGHT="49" CONTENT="Wer" WC="0.99" CC="200"/>
						<SP ID="P3_SP00044" HPOS="1401" VPOS="668" WIDTH="37"/>
						<String ID="P3_ST00051" HPOS="1438" VPOS="622" WIDTH="180" HEIGHT="48" CONTENT="möchte" WC="0.98" CC="050657"/>
						<SP ID="P3_SP00045" HPOS="1618" VPOS="670" WIDTH="33"/>
						<String ID="P3_ST00052" HPOS="1651" VPOS="640" WIDTH="48" HEIGHT="33" CONTENT="so" SUBS_TYPE="HypPart1" SUBS_CONTENT="sogar" WC="0.98" CC="00"/>
						<HYP HPOS="1699" VPOS="640" WIDTH="23" CONTENT="-"/>
					</TextLine>
					<TextLine ID="P3_TL00008" HPOS="199" VPOS="685" WIDTH="1523" HEIGHT="75">
						<String ID="P3_ST00053" HPOS="199" VPOS="698" WIDTH="85" HEIGHT="48" CONTENT="gar" SUBS_TYPE="HypPart2" SUBS_CONTENT="sogar" WC="0.95" CC="920"/>
						<SP ID="P3_SP00046" HPOS="284" VPOS="746" WIDTH="42"/>
						<String ID="P3_ST00054" HPOS="326" VPOS="685" WIDTH="210" HEIGHT="49" CONTENT="Mozart's" WC="0.85" CC="51000022"/>
						<SP ID="P3_SP00047" HPOS="536" VPOS="746" WIDTH="40"/>
						<String ID="P3_ST00055" HPOS="576" VPOS="685" WIDTH="224" HEIGHT="68" CONTENT="Requiem" WC="0.97" CC="8646566" STYLEREFS="TXT_2"/>
						<SP ID="P3_SP00048" HPOS="800" VPOS="753" WIDTH="42"/>
						<String ID="P3_ST00056" HPOS="842" VPOS="694" WIDTH="79" HEIGHT="46" CONTENT="mit" WC="0.98" CC="004"/>
						<SP ID="P3_SP00049" HPOS="921" VPOS="753" WIDTH="41"/>
						<String ID="P3_ST00057" HPOS="962" VPOS="694" WIDTH="412" HEIGHT="66" CONTENT="Orgelbegleitung" WC="1.00" CC="700001000006320"/>
						<SP ID="P3_SP00050" HPOS="1374" VPOS="760" WIDTH="43"/>
						<String ID="P3_ST00058" HPOS="1417" VPOS="697" WIDTH="179" HEIGHT="49" CONTENT="hören?" WC="0.99" CC="500003"/>
						<SP ID="P3_SP00051" HPOS="1596" VPOS="760" WIDTH="41"/>
						<String ID="P3_ST00059" HPOS="1637" VPOS="717" WIDTH="85" HEIGHT="31" CONTENT="von" WC="0.97" CC="430"/>
					</TextLine>
					<TextLine ID="P3_TL00009" HPOS="200" VPOS="759" WIDTH="1520" HEIGHT="71">
						<String ID="P3_ST00060" HPOS="200" VPOS="759" WIDTH="287" HEIGHT="51" CONTENT="Cherubini's" WC="0.64" CC="67000407039"/>
						<SP ID="P3_SP00052" HPOS="487" VPOS="810" WIDTH="23"/>
						<String ID="P3_ST00061" HPOS="510" VPOS="765" WIDTH="177" HEIGHT="48" CONTENT="Messen" WC="0.98" CC="436007"/>
						<SP ID="P3_SP00053" HPOS="687" VPOS="813" WIDTH="26"/>
						<String ID="P3_ST00062" HPOS="713" VPOS="783" WIDTH="82" HEIGHT="47" CONTENT="gar" WC="1.00" CC="000"/>
						<SP ID="P3_SP00054" HPOS="795" VPOS="830" WIDTH="23"/>
						<String ID="P3_ST00063" HPOS="818" VPOS="769" WIDTH="123" HEIGHT="47" CONTENT="nicht" WC="0.97" CC="80406"/>
						<SP ID="P3_SP00055" HPOS="941" VPOS="830" WIDTH="27"/>
						<String ID="P3_ST00064" HPOS="968" VPOS="788" WIDTH="51" HEIGHT="30" CONTENT="zu" WC="0.69" CC="06"/>
						<SP ID="P3_SP00056" HPOS="1019" VPOS="830" WIDTH="34"/>
						<String ID="P3_ST00065" HPOS="1053" VPOS="771" WIDTH="152" HEIGHT="48" CONTENT="reden." WC="0.98" CC="070663"/>
						<SP ID="P3_SP00057" HPOS="1205" VPOS="830" WIDTH="32"/>
						<String ID="P3_ST00066" HPOS="1237" VPOS="772" WIDTH="101" HEIGHT="48" CONTENT="Und" WC="0.98" CC="500"/>
						<SP ID="P3_SP00058" HPOS="1338" VPOS="830" WIDTH="26"/>
						<String ID="P3_ST00067" HPOS="1364" VPOS="773" WIDTH="214" HEIGHT="50" CONTENT="Händel's" WC="0.76" CC="64003030"/>
						<SP ID="P3_SP00059" HPOS="1578" VPOS="830" WIDTH="23"/>
						<String ID="P3_ST00068" HPOS="1601" VPOS="776" WIDTH="90" HEIGHT="49" CONTENT="Ora" SUBS_TYPE="HypPart1" SUBS_CONTENT="Oratorien," WC="0.98" CC="500"/>
						<HYP HPOS="1691" VPOS="776" WIDTH="29" CONTENT="-"/>
					</TextLine>
					<TextLine ID="P3_TL00010" HPOS="197" VPOS="837" WIDTH="1522" HEIGHT="79">
						<String ID="P3_ST00069" HPOS="197" VPOS="837" WIDTH="165" HEIGHT="57" CONTENT="torien," SUBS_TYPE="HypPart2" SUBS_CONTENT="Oratorien," WC="0.98" CC="0270096"/>
						<SP ID="P3_SP00060" HPOS="362" VPOS="894" WIDTH="31"/>
						<String ID="P3_ST00070" HPOS="393" VPOS="840" WIDTH="79" HEIGHT="47" CONTENT="mit" WC="0.96" CC="046"/>
						<SP ID="P3_SP00061" HPOS="472" VPOS="894" WIDTH="41"/>
						<String ID="P3_ST00071" HPOS="513" VPOS="842" WIDTH="146" HEIGHT="47" CONTENT="einem" WC="0.98" CC="00910"/>
						<SP ID="P3_SP00062" HPOS="659" VPOS="894" WIDTH="42"/>
						<String ID="P3_ST00072" HPOS="701" VPOS="844" WIDTH="324" HEIGHT="67" CONTENT="vollständigen" WC="0.99" CC="3302047500037"/>
						<SP ID="P3_SP00063" HPOS="1025" VPOS="911" WIDTH="31"/>
						<String ID="P3_ST00073" HPOS="1056" VPOS="849" WIDTH="249" HEIGHT="47" CONTENT="Orchester" WC="0.99" CC="000341503"/>
						<SP ID="P3_SP00064" HPOS="1305" VPOS="911" WIDTH="38"/>
						<String ID="P3_ST00074" HPOS="1343" VPOS="851" WIDTH="115" HEIGHT="47" CONTENT="nach" WC="0.98" CC="8002"/>
						<SP ID="P3_SP00065" HPOS="1458" VPOS="911" WIDTH="31"/>
						<String ID="P3_ST00075" HPOS="1489" VPOS="852" WIDTH="230" HEIGHT="64" CONTENT="Begriffen" WC="0.99" CC="610001156"/>
					</TextLine>
					<TextLine ID="P3_TL00011" HPOS="200" VPOS="918" WIDTH="1520" HEIGHT="75">
						<String ID="P3_ST00076" HPOS="200" VPOS="930" WIDTH="188" HEIGHT="33" CONTENT="unserer" WC="0.99" CC="6050004"/>
						<SP ID="P3_SP00066" HPOS="388" VPOS="963" WIDTH="21"/>
						<String ID="P3_ST00077" HPOS="409" VPOS="918" WIDTH="99" HEIGHT="47" CONTENT="Zeit" WC="0.98" CC="0505"/>
						<SP ID="P3_SP00067" HPOS="508" VPOS="965" WIDTH="27"/>
						<String ID="P3_ST00078" HPOS="535" VPOS="919" WIDTH="234" HEIGHT="55" CONTENT="versehen," WC="1.00" CC="000600003"/>
						<SP ID="P3_SP00068" HPOS="769" VPOS="974" WIDTH="32"/>
						<String ID="P3_ST00079" HPOS="801" VPOS="920" WIDTH="220" HEIGHT="54" CONTENT="bedürfen" WC="0.98" CC="76000947"/>
						<SP ID="P3_SP00069" HPOS="1021" VPOS="974" WIDTH="29"/>
						<String ID="P3_ST00080" HPOS="1050" VPOS="925" WIDTH="62" HEIGHT="48" CONTENT="sie" WC="0.96" CC="740"/>
						<SP ID="P3_SP00070" HPOS="1112" VPOS="974" WIDTH="29"/>
						<String ID="P3_ST00081" HPOS="1141" VPOS="925" WIDTH="117" HEIGHT="49" CONTENT="denn" WC="0.99" CC="0006"/>
						<SP ID="P3_SP00071" HPOS="1258" VPOS="974" WIDTH="31"/>
						<String ID="P3_ST00082" HPOS="1289" VPOS="927" WIDTH="114" HEIGHT="47" CONTENT="noch" WC="0.98" CC="0061"/>
						<SP ID="P3_SP00072" HPOS="1403" VPOS="974" WIDTH="32"/>
						<String ID="P3_ST00083" HPOS="1435" VPOS="927" WIDTH="80" HEIGHT="49" CONTENT="der" WC="0.98" CC="006"/>
						<SP ID="P3_SP00073" HPOS="1515" VPOS="976" WIDTH="29"/>
						<String ID="P3_ST00084" HPOS="1544" VPOS="930" WIDTH="176" HEIGHT="63" CONTENT="Orgel?" WC="0.98" CC="649010"/>
					</TextLine>
					<TextLine ID="P3_TL00012" HPOS="193" VPOS="991" WIDTH="1527" HEIGHT="77">
						<String ID="P3_ST00085" HPOS="193" VPOS="991" WIDTH="74" HEIGHT="56" CONTENT="Ja," WC="0.97" CC="404"/>
						<SP ID="P3_SP00074" HPOS="267" VPOS="1047" WIDTH="43"/>
						<String ID="P3_ST00086" HPOS="310" VPOS="992" WIDTH="69" HEIGHT="48" CONTENT="ich" WC="0.97" CC="007"/>
						<SP ID="P3_SP00075" HPOS="379" VPOS="1047" WIDTH="44"/>
						<String ID="P3_ST00087" HPOS="423" VPOS="1011" WIDTH="130" HEIGHT="47" CONTENT="wage" WC="0.98" CC="0090"/>
						<SP ID="P3_SP00076" HPOS="553" VPOS="1058" WIDTH="42"/>
						<String ID="P3_ST00088" HPOS="595" VPOS="1012" WIDTH="53" HEIGHT="30" CONTENT="zu" WC="0.72" CC="05"/>
						<SP ID="P3_SP00077" HPOS="648" VPOS="1058" WIDTH="40"/>
						<String ID="P3_ST00089" HPOS="688" VPOS="995" WIDTH="278" HEIGHT="67" CONTENT="behaupten," WC="0.99" CC="0460070704"/>
						<SP ID="P3_SP00078" HPOS="966" VPOS="1062" WIDTH="43"/>
						<String ID="P3_ST00090" HPOS="1009" VPOS="1000" WIDTH="101" HEIGHT="49" CONTENT="dass" WC="0.85" CC="0050"/>
						<SP ID="P3_SP00079" HPOS="1110" VPOS="1062" WIDTH="42"/>
						<String ID="P3_ST00091" HPOS="1152" VPOS="1002" WIDTH="120" HEIGHT="49" CONTENT="diese" WC="0.99" CC="00026"/>
						<SP ID="P3_SP00080" HPOS="1272" VPOS="1062" WIDTH="44"/>
						<String ID="P3_ST00092" HPOS="1316" VPOS="1004" WIDTH="194" HEIGHT="64" CONTENT="heiligen" WC="1.00" CC="04000000"/>
						<SP ID="P3_SP00081" HPOS="1510" VPOS="1068" WIDTH="33"/>
						<String ID="P3_ST00093" HPOS="1543" VPOS="1007" WIDTH="177" HEIGHT="49" CONTENT="Werke" WC="0.99" CC="00504"/>
					</TextLine>
					<TextLine ID="P3_TL00013" HPOS="195" VPOS="1067" WIDTH="1525" HEIGHT="77">
						<String ID="P3_ST00094" HPOS="195" VPOS="1067" WIDTH="144" HEIGHT="49" CONTENT="durch" WC="0.96" CC="06397"/>
						<SP ID="P3_SP00082" HPOS="339" VPOS="1116" WIDTH="46"/>
						<String ID="P3_ST00095" HPOS="385" VPOS="1069" WIDTH="71" HEIGHT="48" CONTENT="die" WC="0.97" CC="035"/>
						<SP ID="P3_SP00083" HPOS="456" VPOS="1117" WIDTH="43"/>
						<String ID="P3_ST00096" HPOS="499" VPOS="1071" WIDTH="220" HEIGHT="48" CONTENT="moderne" WC="0.99" CC="0900000"/>
						<SP ID="P3_SP00084" HPOS="719" VPOS="1119" WIDTH="29"/>
						<String ID="P3_ST00097" HPOS="748" VPOS="1074" WIDTH="415" HEIGHT="70" CONTENT="Instrumentirung" WC="0.70" CC="466704008000500"/>
						<SP ID="P3_SP00085" HPOS="1163" VPOS="1144" WIDTH="41"/>
						<String ID="P3_ST00098" HPOS="1204" VPOS="1096" WIDTH="49" HEIGHT="31" CONTENT="so" WC="0.77" CC="13"/>
						<SP ID="P3_SP00086" HPOS="1253" VPOS="1144" WIDTH="39"/>
						<String ID="P3_ST00099" HPOS="1292" VPOS="1081" WIDTH="105" HEIGHT="47" CONTENT="sehr" WC="0.98" CC="2060"/>
						<SP ID="P3_SP00087" HPOS="1397" VPOS="1144" WIDTH="28"/>
						<String ID="P3_ST00100" HPOS="1425" VPOS="1084" WIDTH="295" HEIGHT="48" CONTENT="verweltlicht" WC="1.00" CC="000000500400"/>
					</TextLine>
					<TextLine ID="P3_TL00014" HPOS="195" VPOS="1146" WIDTH="1526" HEIGHT="79">
						<String ID="P3_ST00101" HPOS="195" VPOS="1146" WIDTH="205" HEIGHT="57" CONTENT="worden," WC="0.99" CC="0200074"/>
						<SP ID="P3_SP00088" HPOS="400" VPOS="1203" WIDTH="43"/>
						<String ID="P3_ST00102" HPOS="443" VPOS="1146" WIDTH="101" HEIGHT="48" CONTENT="dass" WC="0.69" CC="0056"/>
						<SP ID="P3_SP00089" HPOS="544" VPOS="1203" WIDTH="28"/>
						<String ID="P3_ST00103" HPOS="572" VPOS="1147" WIDTH="93" HEIGHT="48" CONTENT="sich" WC="0.99" CC="3000"/>
						<SP ID="P3_SP00090" HPOS="665" VPOS="1203" WIDTH="30"/>
						<String ID="P3_ST00104" HPOS="695" VPOS="1148" WIDTH="81" HEIGHT="49" CONTENT="der" WC="0.98" CC="006"/>
						<SP ID="P3_SP00091" HPOS="776" VPOS="1203" WIDTH="36"/>
						<String ID="P3_ST00105" HPOS="812" VPOS="1154" WIDTH="232" HEIGHT="48" CONTENT="erhabene" WC="0.99" CC="07602005"/>
						<SP ID="P3_SP00092" HPOS="1044" VPOS="1203" WIDTH="31"/>
						<String ID="P3_ST00106" HPOS="1075" VPOS="1156" WIDTH="256" HEIGHT="50" CONTENT="Charakter" WC="0.99" CC="420209404"/>
						<SP ID="P3_SP00093" HPOS="1331" VPOS="1206" WIDTH="28"/>
						<String ID="P3_ST00107" HPOS="1359" VPOS="1157" WIDTH="82" HEIGHT="49" CONTENT="der" WC="0.99" CC="010"/>
						<SP ID="P3_SP00094" HPOS="1441" VPOS="1206" WIDTH="28"/>
						<String ID="P3_ST00108" HPOS="1469" VPOS="1160" WIDTH="143" HEIGHT="65" CONTENT="Orgel" WC="0.99" CC="50002"/>
						<SP ID="P3_SP00095" HPOS="1612" VPOS="1225" WIDTH="29"/>
						<String ID="P3_ST00109" HPOS="1641" VPOS="1178" WIDTH="80" HEIGHT="31" CONTENT="vor" WC="1.00" CC="000"/>
					</TextLine>
					<TextLine ID="P3_TL00015" HPOS="193" VPOS="1223" WIDTH="1525" HEIGHT="63">
						<String ID="P3_ST00110" HPOS="193" VPOS="1223" WIDTH="179" HEIGHT="46" CONTENT="solcher" WC="0.99" CC="6800410"/>
						<SP ID="P3_SP00096" HPOS="372" VPOS="1269" WIDTH="30"/>
						<String ID="P3_ST00111" HPOS="402" VPOS="1223" WIDTH="339" HEIGHT="51" CONTENT="Gemeinschaft" WC="1.00" CC="000000400006"/>
						<SP ID="P3_SP00097" HPOS="741" VPOS="1274" WIDTH="39"/>
						<String ID="P3_ST00112" HPOS="780" VPOS="1230" WIDTH="250" HEIGHT="49" CONTENT="ordentlich" WC="0.99" CC="0400870000"/>
						<SP ID="P3_SP00098" HPOS="1030" VPOS="1279" WIDTH="45"/>
						<String ID="P3_ST00113" HPOS="1075" VPOS="1234" WIDTH="171" HEIGHT="48" CONTENT="scheut." WC="0.98" CC="5500364"/>
						<SP ID="P3_SP00099" HPOS="1246" VPOS="1282" WIDTH="56"/>
						<String ID="P3_ST00114" HPOS="1302" VPOS="1235" WIDTH="117" HEIGHT="47" CONTENT="Dass" WC="0.89" CC="3001"/>
						<SP ID="P3_SP00100" HPOS="1419" VPOS="1282" WIDTH="35"/>
						<String ID="P3_ST00115" HPOS="1454" VPOS="1236" WIDTH="121" HEIGHT="49" CONTENT="diese" WC="0.99" CC="02300"/>
						<SP ID="P3_SP00101" HPOS="1575" VPOS="1285" WIDTH="30"/>
						<String ID="P3_ST00116" HPOS="1605" VPOS="1239" WIDTH="85" HEIGHT="47" CONTENT="Ver" SUBS_TYPE="HypPart1" SUBS_CONTENT="Verweltlichung" WC="0.98" CC="006"/>
						<HYP HPOS="1690" VPOS="1239" WIDTH="28" CONTENT="-"/>
					</TextLine>
					<TextLine ID="P3_TL00016" HPOS="193" VPOS="1299" WIDTH="1523" HEIGHT="65">
						<String ID="P3_ST00117" HPOS="193" VPOS="1299" WIDTH="292" HEIGHT="65" CONTENT="weltlichung" SUBS_TYPE="HypPart2" SUBS_CONTENT="Verweltlichung" WC="0.99" CC="01777045070"/>
						<SP ID="P3_SP00102" HPOS="485" VPOS="1364" WIDTH="30"/>
						<String ID="P3_ST00118" HPOS="515" VPOS="1301" WIDTH="80" HEIGHT="47" CONTENT="der" WC="1.00" CC="000"/>
						<SP ID="P3_SP00103" HPOS="595" VPOS="1364" WIDTH="31"/>
						<String ID="P3_ST00119" HPOS="626" VPOS="1303" WIDTH="349" HEIGHT="53" CONTENT="Kirchenmusik" WC="0.99" CC="125023857700"/>
						<SP ID="P3_SP00104" HPOS="975" VPOS="1364" WIDTH="32"/>
						<String ID="P3_ST00120" HPOS="1007" VPOS="1309" WIDTH="142" HEIGHT="50" CONTENT="durch" WC="0.99" CC="05001"/>
						<SP ID="P3_SP00105" HPOS="1149" VPOS="1364" WIDTH="39"/>
						<String ID="P3_ST00121" HPOS="1188" VPOS="1328" WIDTH="47" HEIGHT="31" CONTENT="so" WC="0.90" CC="20"/>
						<SP ID="P3_SP00106" HPOS="1235" VPOS="1364" WIDTH="32"/>
						<String ID="P3_ST00122" HPOS="1267" VPOS="1311" WIDTH="221" HEIGHT="49" CONTENT="kolossale" WC="1.00" CC="003020002"/>
						<SP ID="P3_SP00107" HPOS="1488" VPOS="1364" WIDTH="28"/>
						<String ID="P3_ST00123" HPOS="1516" VPOS="1315" WIDTH="200" HEIGHT="48" CONTENT="Massen-" WC="0.99" CC="0052404"/>
					</TextLine>
					<TextLine ID="P3_TL00017" HPOS="191" VPOS="1374" WIDTH="1524" HEIGHT="76">
						<String ID="P3_ST00124" HPOS="191" VPOS="1374" WIDTH="380" HEIGHT="68" CONTENT="Auflührungen," WC="0.99" CC="0307970089604"/>
						<SP ID="P3_SP00108" HPOS="571" VPOS="1442" WIDTH="31"/>
						<String ID="P3_ST00125" HPOS="602" VPOS="1381" WIDTH="84" HEIGHT="47" CONTENT="wie" WC="0.95" CC="930"/>
						<SP ID="P3_SP00109" HPOS="686" VPOS="1442" WIDTH="24"/>
						<String ID="P3_ST00126" HPOS="710" VPOS="1381" WIDTH="273" HEIGHT="69" CONTENT="heutzutage" WC="0.99" CC="0063705003"/>
						<SP ID="P3_SP00110" HPOS="983" VPOS="1450" WIDTH="26"/>
						<String ID="P3_ST00127" HPOS="1009" VPOS="1388" WIDTH="167" HEIGHT="55" CONTENT="üblich," WC="0.98" CC="9600434"/>
						<SP ID="P3_SP00111" HPOS="1176" VPOS="1450" WIDTH="30"/>
						<String ID="P3_ST00128" HPOS="1206" VPOS="1388" WIDTH="223" HEIGHT="49" CONTENT="nebenbei" WC="0.99" CC="06600300"/>
						<SP ID="P3_SP00112" HPOS="1429" VPOS="1450" WIDTH="32"/>
						<String ID="P3_ST00129" HPOS="1461" VPOS="1390" WIDTH="111" HEIGHT="49" CONTENT="aber" WC="0.99" CC="0300"/>
						<SP ID="P3_SP00113" HPOS="1572" VPOS="1450" WIDTH="29"/>
						<String ID="P3_ST00130" HPOS="1601" VPOS="1393" WIDTH="114" HEIGHT="47" CONTENT="auch" WC="0.95" CC="6564"/>
					</TextLine>
					<TextLine ID="P3_TL00018" HPOS="192" VPOS="1451" WIDTH="1525" HEIGHT="80">
						<String ID="P3_ST00131" HPOS="192" VPOS="1451" WIDTH="142" HEIGHT="49" CONTENT="durch" WC="0.98" CC="03706"/>
						<SP ID="P3_SP00114" HPOS="334" VPOS="1500" WIDTH="45"/>
						<String ID="P3_ST00132" HPOS="379" VPOS="1454" WIDTH="70" HEIGHT="49" CONTENT="die" WC="1.00" CC="010"/>
						<SP ID="P3_SP00115" HPOS="449" VPOS="1503" WIDTH="45"/>
						<String ID="P3_ST00133" HPOS="494" VPOS="1455" WIDTH="141" HEIGHT="49" CONTENT="damit" WC="0.99" CC="07000"/>
						<SP ID="P3_SP00116" HPOS="635" VPOS="1504" WIDTH="52"/>
						<String ID="P3_ST00134" HPOS="687" VPOS="1461" WIDTH="293" HEIGHT="50" CONTENT="verbundene" WC="0.99" CC="0006066682"/>
						<SP ID="P3_SP00117" HPOS="980" VPOS="1511" WIDTH="43"/>
						<String ID="P3_ST00135" HPOS="1023" VPOS="1465" WIDTH="350" HEIGHT="66" CONTENT="Schaustellung" WC="0.99" CC="2550066704659"/>
						<SP ID="P3_SP00118" HPOS="1373" VPOS="1531" WIDTH="42"/>
						<String ID="P3_ST00136" HPOS="1415" VPOS="1468" WIDTH="81" HEIGHT="47" CONTENT="der" WC="1.00" CC="000"/>
						<SP ID="P3_SP00119" HPOS="1496" VPOS="1531" WIDTH="43"/>
						<String ID="P3_ST00137" HPOS="1539" VPOS="1470" WIDTH="178" HEIGHT="48" CONTENT="Massen" WC="0.98" CC="063306"/>
					</TextLine>
					<TextLine ID="P3_TL00019" HPOS="192" VPOS="1530" WIDTH="1524" HEIGHT="68">
						<String ID="P3_ST00138" HPOS="192" VPOS="1538" WIDTH="91" HEIGHT="38" CONTENT="erst" WC="0.97" CC="0069"/>
						<SP ID="P3_SP00120" HPOS="283" VPOS="1576" WIDTH="28"/>
						<String ID="P3_ST00139" HPOS="311" VPOS="1530" WIDTH="43" HEIGHT="48" CONTENT="in" WC="0.67" CC="06"/>
						<SP ID="P3_SP00121" HPOS="354" VPOS="1578" WIDTH="31"/>
						<String ID="P3_ST00140" HPOS="385" VPOS="1533" WIDTH="158" HEIGHT="47" CONTENT="vollem" WC="0.99" CC="930000"/>
						<SP ID="P3_SP00122" HPOS="543" VPOS="1580" WIDTH="27"/>
						<String ID="P3_ST00141" HPOS="570" VPOS="1536" WIDTH="168" HEIGHT="47" CONTENT="Glänze" WC="0.97" CC="100898"/>
						<SP ID="P3_SP00123" HPOS="738" VPOS="1583" WIDTH="31"/>
						<String ID="P3_ST00142" HPOS="769" VPOS="1538" WIDTH="275" HEIGHT="60" CONTENT="hervortritt," WC="0.99" CC="708009700664"/>
						<SP ID="P3_SP00124" HPOS="1044" VPOS="1598" WIDTH="31"/>
						<String ID="P3_ST00143" HPOS="1075" VPOS="1543" WIDTH="112" HEIGHT="47" CONTENT="wird" WC="1.00" CC="0000"/>
						<SP ID="P3_SP00125" HPOS="1187" VPOS="1598" WIDTH="33"/>
						<String ID="P3_ST00144" HPOS="1220" VPOS="1545" WIDTH="118" HEIGHT="47" CONTENT="wohl" WC="0.97" CC="7021"/>
						<SP ID="P3_SP00126" HPOS="1338" VPOS="1598" WIDTH="31"/>
						<String ID="P3_ST00145" HPOS="1369" VPOS="1562" WIDTH="84" HEIGHT="31" CONTENT="von" WC="0.97" CC="006"/>
						<SP ID="P3_SP00127" HPOS="1453" VPOS="1598" WIDTH="30"/>
						<String ID="P3_ST00146" HPOS="1483" VPOS="1547" WIDTH="204" HEIGHT="48" CONTENT="Unbefan" SUBS_TYPE="HypPart1" SUBS_CONTENT="Unbefangenen" WC="0.98" CC="6050096"/>
						<HYP HPOS="1687" VPOS="1547" WIDTH="29" CONTENT="-"/>
					</TextLine>
					<TextLine ID="P3_TL00020" HPOS="191" VPOS="1609" WIDTH="1528" HEIGHT="79">
						<String ID="P3_ST00147" HPOS="191" VPOS="1623" WIDTH="147" HEIGHT="48" CONTENT="genen" SUBS_TYPE="HypPart2" SUBS_CONTENT="Unbefangenen" WC="0.96" CC="96804"/>
						<SP ID="P3_SP00128" HPOS="338" VPOS="1671" WIDTH="31"/>
						<String ID="P3_ST00148" HPOS="369" VPOS="1609" WIDTH="123" HEIGHT="49" CONTENT="nicht" WC="0.98" CC="00065"/>
						<SP ID="P3_SP00129" HPOS="492" VPOS="1671" WIDTH="31"/>
						<String ID="P3_ST00149" HPOS="523" VPOS="1611" WIDTH="232" HEIGHT="51" CONTENT="bestritten" WC="0.99" CC="7607008634"/>
						<SP ID="P3_SP00130" HPOS="755" VPOS="1671" WIDTH="32"/>
						<String ID="P3_ST00150" HPOS="787" VPOS="1618" WIDTH="198" HEIGHT="49" CONTENT="werden." WC="0.99" CC="0300074"/>
						<SP ID="P3_SP00131" HPOS="985" VPOS="1671" WIDTH="58"/>
						<String ID="P3_ST00151" HPOS="1043" VPOS="1621" WIDTH="158" HEIGHT="48" CONTENT="Wenn" WC="1.00" CC="0000"/>
						<SP ID="P3_SP00132" HPOS="1201" VPOS="1671" WIDTH="40"/>
						<String ID="P3_ST00152" HPOS="1241" VPOS="1638" WIDTH="104" HEIGHT="31" CONTENT="man" WC="1.00" CC="000"/>
						<SP ID="P3_SP00133" HPOS="1345" VPOS="1671" WIDTH="31"/>
						<String ID="P3_ST00153" HPOS="1376" VPOS="1622" WIDTH="93" HEIGHT="48" CONTENT="dies" WC="1.00" CC="0110"/>
						<SP ID="P3_SP00134" HPOS="1469" VPOS="1671" WIDTH="37"/>
						<String ID="P3_ST00154" HPOS="1506" VPOS="1628" WIDTH="213" HEIGHT="60" CONTENT="erwägen" WC="0.99" CC="4209000"/>
					</TextLine>
					<TextLine ID="P3_TL00021" HPOS="192" VPOS="1684" WIDTH="1527" HEIGHT="78">
						<String ID="P3_ST00155" HPOS="192" VPOS="1684" WIDTH="107" HEIGHT="57" CONTENT="will," WC="0.99" CC="00404"/>
						<SP ID="P3_SP00135" HPOS="299" VPOS="1741" WIDTH="42"/>
						<String ID="P3_ST00156" HPOS="341" VPOS="1701" WIDTH="49" HEIGHT="33" CONTENT="so" WC="1.00" CC="00"/>
						<SP ID="P3_SP00136" HPOS="390" VPOS="1741" WIDTH="40"/>
						<String ID="P3_ST00157" HPOS="430" VPOS="1687" WIDTH="111" HEIGHT="47" CONTENT="wird" WC="0.98" CC="0008"/>
						<SP ID="P3_SP00137" HPOS="541" VPOS="1741" WIDTH="42"/>
						<String ID="P3_ST00158" HPOS="583" VPOS="1706" WIDTH="103" HEIGHT="31" CONTENT="man" WC="0.97" CC="070"/>
						<SP ID="P3_SP00138" HPOS="686" VPOS="1741" WIDTH="43"/>
						<String ID="P3_ST00159" HPOS="729" VPOS="1693" WIDTH="71" HEIGHT="49" CONTENT="die" WC="1.00" CC="000"/>
						<SP ID="P3_SP00139" HPOS="800" VPOS="1742" WIDTH="32"/>
						<String ID="P3_ST00160" HPOS="832" VPOS="1696" WIDTH="360" HEIGHT="66" CONTENT="Verurtheilung" WC="0.78" CC="2305000000709"/>
						<SP ID="P3_SP00140" HPOS="1192" VPOS="1762" WIDTH="39"/>
						<String ID="P3_ST00161" HPOS="1231" VPOS="1699" WIDTH="81" HEIGHT="49" CONTENT="der" WC="0.98" CC="050"/>
						<SP ID="P3_SP00141" HPOS="1312" VPOS="1762" WIDTH="29"/>
						<String ID="P3_ST00162" HPOS="1341" VPOS="1701" WIDTH="134" HEIGHT="47" CONTENT="Missa" WC="0.78" CC="01090"/>
						<SP ID="P3_SP00142" HPOS="1475" VPOS="1762" WIDTH="31"/>
						<String ID="P3_ST00163" HPOS="1506" VPOS="1701" WIDTH="63" HEIGHT="48" CONTENT="als" WC="0.98" CC="032"/>
						<SP ID="P3_SP00143" HPOS="1569" VPOS="1762" WIDTH="30"/>
						<String ID="P3_ST00164" HPOS="1599" VPOS="1703" WIDTH="120" HEIGHT="47" CONTENT="eines" WC="0.98" CC="00714"/>
					</TextLine>
					<TextLine ID="P3_TL00022" HPOS="193" VPOS="1762" WIDTH="1528" HEIGHT="80">
						<String ID="P3_ST00165" HPOS="193" VPOS="1762" WIDTH="202" HEIGHT="64" CONTENT="gänzlich" WC="0.99" CC="49000047"/>
						<SP ID="P3_SP00144" HPOS="395" VPOS="1826" WIDTH="35"/>
						<String ID="P3_ST00166" HPOS="430" VPOS="1765" WIDTH="340" HEIGHT="53" CONTENT="unkirchlichen" WC="0.99" CC="6960002005300"/>
						<SP ID="P3_SP00145" HPOS="770" VPOS="1826" WIDTH="32"/>
						<String ID="P3_ST00167" HPOS="802" VPOS="1773" WIDTH="199" HEIGHT="49" CONTENT="Werkes" WC="1.00" CC="010020"/>
						<SP ID="P3_SP00146" HPOS="1001" VPOS="1826" WIDTH="36"/>
						<String ID="P3_ST00168" HPOS="1037" VPOS="1776" WIDTH="63" HEIGHT="47" CONTENT="als" WC="0.97" CC="025"/>
						<SP ID="P3_SP00147" HPOS="1100" VPOS="1826" WIDTH="36"/>
						<String ID="P3_ST00169" HPOS="1136" VPOS="1778" WIDTH="105" HEIGHT="47" CONTENT="sehr" WC="0.98" CC="4070"/>
						<SP ID="P3_SP00148" HPOS="1241" VPOS="1826" WIDTH="36"/>
						<String ID="P3_ST00170" HPOS="1277" VPOS="1779" WIDTH="254" HEIGHT="63" CONTENT="ungerecht" WC="0.99" CC="709203045"/>
						<SP ID="P3_SP00149" HPOS="1531" VPOS="1842" WIDTH="28"/>
						<String ID="P3_ST00171" HPOS="1559" VPOS="1780" WIDTH="135" HEIGHT="48" CONTENT="erken" SUBS_TYPE="HypPart1" SUBS_CONTENT="erkennen" WC="1.00" CC="00000"/>
						<HYP HPOS="1694" VPOS="1780" WIDTH="27" CONTENT="-"/>
					</TextLine>
					<TextLine ID="P3_TL00023" HPOS="189" VPOS="1844" WIDTH="1530" HEIGHT="77">
						<String ID="P3_ST00172" HPOS="189" VPOS="1856" WIDTH="87" HEIGHT="30" CONTENT="nen" SUBS_TYPE="HypPart2" SUBS_CONTENT="erkennen" WC="0.97" CC="800"/>
						<SP ID="P3_SP00150" HPOS="276" VPOS="1886" WIDTH="32"/>
						<String ID="P3_ST00173" HPOS="308" VPOS="1844" WIDTH="199" HEIGHT="56" CONTENT="müssen," WC="0.98" CC="0996044"/>
						<SP ID="P3_SP00151" HPOS="507" VPOS="1900" WIDTH="31"/>
						<String ID="P3_ST00174" HPOS="538" VPOS="1844" WIDTH="90" HEIGHT="47" CONTENT="und" WC="0.95" CC="380"/>
						<SP ID="P3_SP00152" HPOS="628" VPOS="1900" WIDTH="32"/>
						<String ID="P3_ST00175" HPOS="660" VPOS="1846" WIDTH="141" HEIGHT="51" CONTENT="damit" WC="0.98" CC="90016"/>
						<SP ID="P3_SP00153" HPOS="801" VPOS="1900" WIDTH="30"/>
						<String ID="P3_ST00176" HPOS="831" VPOS="1850" WIDTH="112" HEIGHT="48" CONTENT="wird" WC="0.99" CC="0400"/>
						<SP ID="P3_SP00154" HPOS="943" VPOS="1900" WIDTH="31"/>
						<String ID="P3_ST00177" HPOS="974" VPOS="1853" WIDTH="115" HEIGHT="48" CONTENT="auch" WC="0.98" CC="0053"/>
						<SP ID="P3_SP00155" HPOS="1089" VPOS="1901" WIDTH="26"/>
						<String ID="P3_ST00178" HPOS="1115" VPOS="1853" WIDTH="132" HEIGHT="64" CONTENT="jeder" WC="0.99" CC="34000"/>
						<SP ID="P3_SP00156" HPOS="1247" VPOS="1917" WIDTH="21"/>
						<String ID="P3_ST00179" HPOS="1268" VPOS="1856" WIDTH="174" HEIGHT="49" CONTENT="Anhalt" WC="0.98" CC="206026"/>
						<SP ID="P3_SP00157" HPOS="1442" VPOS="1917" WIDTH="22"/>
						<String ID="P3_ST00180" HPOS="1464" VPOS="1858" WIDTH="255" HEIGHT="63" CONTENT="wegfallen," WC="1.00" CC="0100000303"/>
					</TextLine>
					<TextLine ID="P3_TL00024" HPOS="189" VPOS="1916" WIDTH="1526" HEIGHT="77">
						<String ID="P3_ST00181" HPOS="189" VPOS="1916" WIDTH="261" HEIGHT="49" CONTENT="Beethoven" WC="0.98" CC="875600008"/>
						<SP ID="P3_SP00158" HPOS="450" VPOS="1965" WIDTH="21"/>
						<String ID="P3_ST00182" HPOS="471" VPOS="1936" WIDTH="17" HEIGHT="30" CONTENT="s" WC="1.00" CC="0"/>
						<SP ID="P3_SP00159" HPOS="488" VPOS="1966" WIDTH="30"/>
						<String ID="P3_ST00183" HPOS="518" VPOS="1921" WIDTH="210" HEIGHT="64" CONTENT="religiöse" WC="1.00" CC="000000030"/>
						<SP ID="P3_SP00160" HPOS="728" VPOS="1985" WIDTH="31"/>
						<String ID="P3_ST00184" HPOS="759" VPOS="1928" WIDTH="372" HEIGHT="65" CONTENT="Anschauungen" WC="0.99" CC="060200660900"/>
						<SP ID="P3_SP00161" HPOS="1131" VPOS="1993" WIDTH="29"/>
						<String ID="P3_ST00185" HPOS="1160" VPOS="1935" WIDTH="93" HEIGHT="48" CONTENT="und" WC="0.99" CC="300"/>
						<SP ID="P3_SP00162" HPOS="1253" VPOS="1993" WIDTH="31"/>
						<String ID="P3_ST00186" HPOS="1284" VPOS="1933" WIDTH="200" HEIGHT="51" CONTENT="Gefühle" WC="1.00" CC="0000004"/>
						<SP ID="P3_SP00163" HPOS="1484" VPOS="1993" WIDTH="30"/>
						<String ID="P3_ST00187" HPOS="1514" VPOS="1952" WIDTH="80" HEIGHT="31" CONTENT="aus" WC="0.99" CC="030"/>
						<SP ID="P3_SP00164" HPOS="1594" VPOS="1993" WIDTH="29"/>
						<String ID="P3_ST00188" HPOS="1623" VPOS="1936" WIDTH="69" HEIGHT="49" CONTENT="die" SUBS_TYPE="HypPart1" SUBS_CONTENT="diesem" WC="0.99" CC="002"/>
						<HYP HPOS="1692" VPOS="1936" WIDTH="23" CONTENT="-"/>
					</TextLine>
					<TextLine ID="P3_TL00025" HPOS="189" VPOS="1994" WIDTH="942" HEIGHT="63">
						<String ID="P3_ST00189" HPOS="189" VPOS="2009" WIDTH="95" HEIGHT="32" CONTENT="sem" SUBS_TYPE="HypPart2" SUBS_CONTENT="diesem" WC="0.98" CC="600"/>
						<SP ID="P3_SP00165" HPOS="284" VPOS="2041" WIDTH="34"/>
						<String ID="P3_ST00190" HPOS="318" VPOS="1994" WIDTH="178" HEIGHT="50" CONTENT="Werke" WC="1.00" CC="00000"/>
						<SP ID="P3_SP00166" HPOS="496" VPOS="2044" WIDTH="31"/>
						<String ID="P3_ST00191" HPOS="527" VPOS="1997" WIDTH="313" HEIGHT="55" CONTENT="heraushören" WC="1.00" CC="70003610000"/>
						<SP ID="P3_SP00167" HPOS="840" VPOS="2052" WIDTH="30"/>
						<String ID="P3_ST00192" HPOS="870" VPOS="2023" WIDTH="52" HEIGHT="29" CONTENT="zu" WC="0.96" CC="00"/>
						<SP ID="P3_SP00168" HPOS="922" VPOS="2052" WIDTH="32"/>
						<String ID="P3_ST00193" HPOS="954" VPOS="2008" WIDTH="177" HEIGHT="49" CONTENT="wollen." WC="0.99" CC="0000054"/>
					</TextLine>
					<TextLine ID="P3_TL00026" HPOS="311" VPOS="2072" WIDTH="1408" HEIGHT="82">
						<String ID="P3_ST00194" HPOS="311" VPOS="2072" WIDTH="156" HEIGHT="49" CONTENT="Wenn" WC="1.00" CC="0000"/>
						<SP ID="P3_SP00169" HPOS="467" VPOS="2121" WIDTH="45"/>
						<String ID="P3_ST00195" HPOS="512" VPOS="2092" WIDTH="105" HEIGHT="32" CONTENT="man" WC="1.00" CC="000"/>
						<SP ID="P3_SP00170" HPOS="617" VPOS="2124" WIDTH="42"/>
						<String ID="P3_ST00196" HPOS="659" VPOS="2078" WIDTH="116" HEIGHT="50" CONTENT="doch" WC="0.97" CC="0633"/>
						<SP ID="P3_SP00171" HPOS="775" VPOS="2128" WIDTH="46"/>
						<String ID="P3_ST00197" HPOS="821" VPOS="2081" WIDTH="70" HEIGHT="48" CONTENT="bei" WC="0.97" CC="700"/>
						<SP ID="P3_SP00172" HPOS="891" VPOS="2129" WIDTH="46"/>
						<String ID="P3_ST00198" HPOS="937" VPOS="2085" WIDTH="331" HEIGHT="69" CONTENT="Beurtheilung" WC="0.72" CC="704005000609"/>
						<SP ID="P3_SP00173" HPOS="1268" VPOS="2154" WIDTH="41"/>
						<String ID="P3_ST00199" HPOS="1309" VPOS="2089" WIDTH="78" HEIGHT="49" CONTENT="des" WC="1.00" CC="010"/>
						<SP ID="P3_SP00174" HPOS="1387" VPOS="2154" WIDTH="41"/>
						<String ID="P3_ST00200" HPOS="1428" VPOS="2089" WIDTH="291" HEIGHT="51" CONTENT="technischen" WC="0.99" CC="00570103710"/>
					</TextLine>
					<TextLine ID="P3_TL00027" HPOS="188" VPOS="2148" WIDTH="1528" HEIGHT="73">
						<String ID="P3_ST00201" HPOS="188" VPOS="2148" WIDTH="150" HEIGHT="48" CONTENT="Baues" WC="0.95" CC="65965"/>
						<SP ID="P3_SP00175" HPOS="338" VPOS="2196" WIDTH="31"/>
						<String ID="P3_ST00202" HPOS="369" VPOS="2149" WIDTH="80" HEIGHT="48" CONTENT="der" WC="0.93" CC="089"/>
						<SP ID="P3_SP00176" HPOS="449" VPOS="2197" WIDTH="30"/>
						<String ID="P3_ST00203" HPOS="479" VPOS="2153" WIDTH="153" HEIGHT="58" CONTENT="Missa," WC="0.80" CC="010604"/>
						<SP ID="P3_SP00177" HPOS="632" VPOS="2211" WIDTH="32"/>
						<String ID="P3_ST00204" HPOS="664" VPOS="2156" WIDTH="245" HEIGHT="51" CONTENT="besonders" WC="0.99" CC="747180400"/>
						<SP ID="P3_SP00178" HPOS="909" VPOS="2211" WIDTH="30"/>
						<String ID="P3_ST00205" HPOS="939" VPOS="2162" WIDTH="42" HEIGHT="47" CONTENT="in" WC="1.00" CC="00"/>
						<SP ID="P3_SP00179" HPOS="981" VPOS="2211" WIDTH="23"/>
						<String ID="P3_ST00206" HPOS="1004" VPOS="2162" WIDTH="80" HEIGHT="49" CONTENT="der" WC="1.00" CC="000"/>
						<SP ID="P3_SP00180" HPOS="1084" VPOS="2211" WIDTH="23"/>
						<String ID="P3_ST00207" HPOS="1107" VPOS="2165" WIDTH="335" HEIGHT="56" CONTENT="Vocal-Partie," WC="0.79" CC="0200350000177"/>
						<SP ID="P3_SP00181" HPOS="1442" VPOS="2221" WIDTH="30"/>
						<String ID="P3_ST00208" HPOS="1472" VPOS="2168" WIDTH="108" HEIGHT="48" CONTENT="zwei" WC="1.00" CC="0001"/>
						<SP ID="P3_SP00182" HPOS="1580" VPOS="2221" WIDTH="27"/>
						<String ID="P3_ST00209" HPOS="1607" VPOS="2170" WIDTH="73" HEIGHT="48" CONTENT="Um" SUBS_TYPE="HypPart1" SUBS_CONTENT="Umstände" WC="0.97" CC="30"/>
						<HYP HPOS="1680" VPOS="2170" WIDTH="36" CONTENT="-"/>
					</TextLine>
					<TextLine ID="P3_TL00028" HPOS="185" VPOS="2226" WIDTH="1528" HEIGHT="74">
						<String ID="P3_ST00210" HPOS="185" VPOS="2226" WIDTH="157" HEIGHT="48" CONTENT="stände" SUBS_TYPE="HypPart2" SUBS_CONTENT="Umstände" WC="0.96" CC="869755"/>
						<SP ID="P3_SP00183" HPOS="342" VPOS="2274" WIDTH="29"/>
						<String ID="P3_ST00211" HPOS="371" VPOS="2228" WIDTH="156" HEIGHT="48" CONTENT="scharf" WC="0.98" CC="317800"/>
						<SP ID="P3_SP00184" HPOS="527" VPOS="2276" WIDTH="25"/>
						<String ID="P3_ST00212" HPOS="552" VPOS="2232" WIDTH="65" HEIGHT="46" CONTENT="ins" WC="0.95" CC="084"/>
						<SP ID="P3_SP00185" HPOS="617" VPOS="2278" WIDTH="31"/>
						<String ID="P3_ST00213" HPOS="648" VPOS="2235" WIDTH="133" HEIGHT="64" CONTENT="Auge" WC="0.98" CC="2005"/>
						<SP ID="P3_SP00186" HPOS="781" VPOS="2299" WIDTH="33"/>
						<String ID="P3_ST00214" HPOS="814" VPOS="2238" WIDTH="143" HEIGHT="48" CONTENT="lassen" WC="0.98" CC="870800"/>
						<SP ID="P3_SP00187" HPOS="957" VPOS="2299" WIDTH="33"/>
						<String ID="P3_ST00215" HPOS="990" VPOS="2242" WIDTH="167" HEIGHT="58" CONTENT="wollte," WC="0.99" CC="0070444"/>
						<SP ID="P3_SP00188" HPOS="1157" VPOS="2300" WIDTH="38"/>
						<String ID="P3_ST00216" HPOS="1195" VPOS="2245" WIDTH="194" HEIGHT="48" CONTENT="nämlich" WC="0.99" CC="0905060"/>
						<SP ID="P3_SP00189" HPOS="1389" VPOS="2300" WIDTH="41"/>
						<String ID="P3_ST00217" HPOS="1430" VPOS="2244" WIDTH="86" HEIGHT="48" CONTENT="den" WC="0.98" CC="040"/>
						<SP ID="P3_SP00190" HPOS="1516" VPOS="2300" WIDTH="31"/>
						<String ID="P3_ST00218" HPOS="1547" VPOS="2247" WIDTH="139" HEIGHT="47" CONTENT="Unter" SUBS_TYPE="HypPart1" SUBS_CONTENT="Unterschied" WC="0.99" CC="00040"/>
						<HYP HPOS="1686" VPOS="2247" WIDTH="27" CONTENT="-"/>
					</TextLine>
					<TextLine ID="P3_TL00029" HPOS="185" VPOS="2302" WIDTH="1532" HEIGHT="86">
						<String ID="P3_ST00219" HPOS="185" VPOS="2302" WIDTH="153" HEIGHT="48" CONTENT="schied" SUBS_TYPE="HypPart2" SUBS_CONTENT="Unterschied" WC="0.97" CC="756360"/>
						<SP ID="P3_SP00191" HPOS="338" VPOS="2350" WIDTH="40"/>
						<String ID="P3_ST00220" HPOS="378" VPOS="2306" WIDTH="223" HEIGHT="50" CONTENT="zwischen" WC="0.99" CC="10025047"/>
						<SP ID="P3_SP00192" HPOS="601" VPOS="2356" WIDTH="44"/>
						<String ID="P3_ST00221" HPOS="645" VPOS="2310" WIDTH="81" HEIGHT="49" CONTENT="der" WC="1.00" CC="000"/>
						<SP ID="P3_SP00193" HPOS="726" VPOS="2359" WIDTH="41"/>
						<String ID="P3_ST00222" HPOS="767" VPOS="2317" WIDTH="373" HEIGHT="65" CONTENT="gegenwärtigen" WC="0.99" CC="0498800040006"/>
						<SP ID="P3_SP00194" HPOS="1140" VPOS="2382" WIDTH="39"/>
						<String ID="P3_ST00223" HPOS="1179" VPOS="2322" WIDTH="538" HEIGHT="66" CONTENT="Orchester-Stimmung" WC="1.00" CC="533104003406007609"/>
					</TextLine>
					<TextLine ID="P3_TL00030" HPOS="189" VPOS="2380" WIDTH="1526" HEIGHT="76">
						<String ID="P3_ST00224" HPOS="189" VPOS="2380" WIDTH="90" HEIGHT="47" CONTENT="und" WC="0.91" CC="689"/>
						<SP ID="P3_SP00195" HPOS="279" VPOS="2427" WIDTH="32"/>
						<String ID="P3_ST00225" HPOS="311" VPOS="2381" WIDTH="80" HEIGHT="47" CONTENT="der" WC="0.98" CC="050"/>
						<SP ID="P3_SP00196" HPOS="391" VPOS="2428" WIDTH="31"/>
						<String ID="P3_ST00226" HPOS="422" VPOS="2382" WIDTH="65" HEIGHT="48" CONTENT="bis" WC="0.96" CC="604"/>
						<SP ID="P3_SP00197" HPOS="487" VPOS="2430" WIDTH="28"/>
						<String ID="P3_ST00227" HPOS="515" VPOS="2402" WIDTH="54" HEIGHT="30" CONTENT="zu" WC="0.60" CC="07"/>
						<SP ID="P3_SP00198" HPOS="569" VPOS="2432" WIDTH="30"/>
						<String ID="P3_ST00228" HPOS="599" VPOS="2389" WIDTH="184" HEIGHT="67" CONTENT="Anfang" WC="1.00" CC="300000"/>
						<SP ID="P3_SP00199" HPOS="783" VPOS="2456" WIDTH="30"/>
						<String ID="P3_ST00229" HPOS="813" VPOS="2391" WIDTH="76" HEIGHT="48" CONTENT="des" WC="0.99" CC="030"/>
						<SP ID="P3_SP00200" HPOS="889" VPOS="2456" WIDTH="28"/>
						<String ID="P3_ST00230" HPOS="917" VPOS="2395" WIDTH="190" HEIGHT="50" CONTENT="zweiten" WC="0.98" CC="0980401"/>
						<SP ID="P3_SP00201" HPOS="1107" VPOS="2456" WIDTH="26"/>
						<String ID="P3_ST00231" HPOS="1133" VPOS="2399" WIDTH="311" HEIGHT="49" CONTENT="Jahrzehends" WC="1.00" CC="00200322001"/>
						<SP ID="P3_SP00202" HPOS="1444" VPOS="2456" WIDTH="30"/>
						<String ID="P3_ST00232" HPOS="1474" VPOS="2399" WIDTH="215" HEIGHT="50" CONTENT="bestande" SUBS_TYPE="HypPart1" SUBS_CONTENT="bestandenen," WC="0.99" CC="20000664"/>
						<HYP HPOS="1689" VPOS="2399" WIDTH="26" CONTENT="-"/>
					</TextLine>
					<TextLine ID="P3_TL00031" HPOS="186" VPOS="2458" WIDTH="1531" HEIGHT="70">
						<String ID="P3_ST00233" HPOS="186" VPOS="2473" WIDTH="105" HEIGHT="42" CONTENT="nen," SUBS_TYPE="HypPart2" SUBS_CONTENT="bestandenen," WC="0.97" CC="0254"/>
						<SP ID="P3_SP00203" HPOS="291" VPOS="2515" WIDTH="29"/>
						<String ID="P3_ST00234" HPOS="320" VPOS="2458" WIDTH="71" HEIGHT="48" CONTENT="die" WC="0.95" CC="607"/>
						<SP ID="P3_SP00204" HPOS="391" VPOS="2515" WIDTH="38"/>
						<String ID="P3_ST00235" HPOS="429" VPOS="2461" WIDTH="84" HEIGHT="48" CONTENT="fast" WC="0.96" CC="0846"/>
						<SP ID="P3_SP00205" HPOS="513" VPOS="2515" WIDTH="36"/>
						<String ID="P3_ST00236" HPOS="549" VPOS="2481" WIDTH="75" HEIGHT="32" CONTENT="um" WC="0.51" CC="09"/>
						<SP ID="P3_SP00206" HPOS="624" VPOS="2515" WIDTH="37"/>
						<String ID="P3_ST00237" HPOS="661" VPOS="2467" WIDTH="129" HEIGHT="49" CONTENT="einen" WC="0.98" CC="40024"/>
						<SP ID="P3_SP00207" HPOS="790" VPOS="2516" WIDTH="32"/>
						<String ID="P3_ST00238" HPOS="822" VPOS="2470" WIDTH="205" HEIGHT="50" CONTENT="Halbton" WC="0.98" CC="7004504"/>
						<SP ID="P3_SP00208" HPOS="1027" VPOS="2520" WIDTH="34"/>
						<String ID="P3_ST00239" HPOS="1061" VPOS="2475" WIDTH="131" HEIGHT="50" CONTENT="tiefer" WC="0.99" CC="100007"/>
						<SP ID="P3_SP00209" HPOS="1192" VPOS="2525" WIDTH="29"/>
						<String ID="P3_ST00240" HPOS="1221" VPOS="2495" WIDTH="111" HEIGHT="32" CONTENT="war." WC="0.98" CC="0074"/>
						<SP ID="P3_SP00210" HPOS="1332" VPOS="2527" WIDTH="58"/>
						<String ID="P3_ST00241" HPOS="1390" VPOS="2478" WIDTH="101" HEIGHT="48" CONTENT="Von" WC="0.97" CC="042"/>
						<SP ID="P3_SP00211" HPOS="1491" VPOS="2527" WIDTH="42"/>
						<String ID="P3_ST00242" HPOS="1533" VPOS="2476" WIDTH="184" HEIGHT="52" CONTENT="dieser" WC="0.99" CC="041005"/>
					</TextLine>
					<TextLine ID="P3_TL00032" HPOS="185" VPOS="2536" WIDTH="1525" HEIGHT="68">
						<String ID="P3_ST00243" HPOS="185" VPOS="2551" WIDTH="97" HEIGHT="32" CONTENT="war" WC="0.95" CC="390"/>
						<SP ID="P3_SP00212" HPOS="282" VPOS="2583" WIDTH="30"/>
						<String ID="P3_ST00244" HPOS="312" VPOS="2536" WIDTH="81" HEIGHT="47" CONTENT="der" WC="0.95" CC="077"/>
						<SP ID="P3_SP00213" HPOS="393" VPOS="2583" WIDTH="28"/>
						<String ID="P3_ST00245" HPOS="421" VPOS="2542" WIDTH="183" HEIGHT="49" CONTENT="äussere" WC="0.99" CC="0652000"/>
						<SP ID="P3_SP00214" HPOS="604" VPOS="2591" WIDTH="31"/>
						<String ID="P3_ST00246" HPOS="635" VPOS="2544" WIDTH="91" HEIGHT="48" CONTENT="und" WC="0.97" CC="070"/>
						<SP ID="P3_SP00215" HPOS="726" VPOS="2592" WIDTH="30"/>
						<String ID="P3_ST00247" HPOS="756" VPOS="2547" WIDTH="156" HEIGHT="49" CONTENT="innere" WC="0.99" CC="006002"/>
						<SP ID="P3_SP00216" HPOS="912" VPOS="2596" WIDTH="29"/>
						<String ID="P3_ST00248" HPOS="941" VPOS="2550" WIDTH="108" HEIGHT="49" CONTENT="Sinn" WC="0.96" CC="5055"/>
						<SP ID="P3_SP00217" HPOS="1049" VPOS="2599" WIDTH="44"/>
						<String ID="P3_ST00249" HPOS="1093" VPOS="2571" WIDTH="187" HEIGHT="33" CONTENT="unseres" WC="0.99" CC="6500402"/>
						<SP ID="P3_SP00218" HPOS="1280" VPOS="2604" WIDTH="30"/>
						<String ID="P3_ST00250" HPOS="1310" VPOS="2556" WIDTH="205" HEIGHT="48" CONTENT="Meisters" WC="0.99" CC="03142060"/>
						<SP ID="P3_SP00219" HPOS="1515" VPOS="2604" WIDTH="39"/>
						<String ID="P3_ST00251" HPOS="1554" VPOS="2556" WIDTH="130" HEIGHT="48" CONTENT="befan" SUBS_TYPE="HypPart1" SUBS_CONTENT="befangen;" WC="0.99" CC="44000"/>
						<HYP HPOS="1684" VPOS="2556" WIDTH="26" CONTENT="-"/>
					</TextLine>
					<TextLine ID="P3_TL00033" HPOS="184" VPOS="2614" WIDTH="1529" HEIGHT="84">
						<String ID="P3_ST00252" HPOS="184" VPOS="2629" WIDTH="111" HEIGHT="49" CONTENT="gen;" SUBS_TYPE="HypPart2" SUBS_CONTENT="befangen;" WC="0.94" CC="9682"/>
						<SP ID="P3_SP00220" HPOS="295" VPOS="2678" WIDTH="44"/>
						<String ID="P3_ST00253" HPOS="339" VPOS="2614" WIDTH="72" HEIGHT="49" CONTENT="die" WC="0.97" CC="503"/>
						<SP ID="P3_SP00221" HPOS="411" VPOS="2678" WIDTH="39"/>
						<String ID="P3_ST00254" HPOS="450" VPOS="2617" WIDTH="58" HEIGHT="48" CONTENT="im" WC="0.94" CC="10"/>
						<SP ID="P3_SP00222" HPOS="508" VPOS="2678" WIDTH="42"/>
						<String ID="P3_ST00255" HPOS="550" VPOS="2622" WIDTH="188" HEIGHT="49" CONTENT="zweiten" WC="0.99" CC="0050600"/>
						<SP ID="P3_SP00223" HPOS="738" VPOS="2678" WIDTH="29"/>
						<String ID="P3_ST00256" HPOS="767" VPOS="2625" WIDTH="288" HEIGHT="52" CONTENT="Jahrzehend" WC="1.00" CC="0020035000"/>
						<SP ID="P3_SP00224" HPOS="1055" VPOS="2678" WIDTH="31"/>
						<String ID="P3_ST00257" HPOS="1086" VPOS="2632" WIDTH="139" HEIGHT="49" CONTENT="schon" WC="0.99" CC="05220"/>
						<SP ID="P3_SP00225" HPOS="1225" VPOS="2681" WIDTH="35"/>
						<String ID="P3_ST00258" HPOS="1260" VPOS="2634" WIDTH="148" HEIGHT="49" CONTENT="höher" WC="0.98" CC="70600"/>
						<SP ID="P3_SP00226" HPOS="1408" VPOS="2683" WIDTH="28"/>
						<String ID="P3_ST00259" HPOS="1436" VPOS="2634" WIDTH="277" HEIGHT="64" CONTENT="gewordene" WC="1.00" CC="000000055"/>
					</TextLine>
					<TextLine ID="P3_TL00034" HPOS="186" VPOS="2693" WIDTH="1529" HEIGHT="77">
						<String ID="P3_ST00260" HPOS="186" VPOS="2693" WIDTH="261" HEIGHT="48" CONTENT="vermochte" WC="0.99" CC="700083750"/>
						<SP ID="P3_SP00227" HPOS="447" VPOS="2741" WIDTH="28"/>
						<String ID="P3_ST00261" HPOS="475" VPOS="2696" WIDTH="93" HEIGHT="48" CONTENT="sein" WC="0.98" CC="3007"/>
						<SP ID="P3_SP00228" HPOS="568" VPOS="2744" WIDTH="32"/>
						<String ID="P3_ST00262" HPOS="600" VPOS="2698" WIDTH="166" HEIGHT="51" CONTENT="bereits" WC="0.99" CC="6100024"/>
						<SP ID="P3_SP00229" HPOS="766" VPOS="2749" WIDTH="30"/>
						<String ID="P3_ST00263" HPOS="796" VPOS="2702" WIDTH="105" HEIGHT="48" CONTENT="sehr" WC="0.99" CC="0040"/>
						<SP ID="P3_SP00230" HPOS="901" VPOS="2750" WIDTH="30"/>
						<String ID="P3_ST00264" HPOS="931" VPOS="2708" WIDTH="339" HEIGHT="62" CONTENT="geschwächtes" WC="0.99" CC="030460065500"/>
						<SP ID="P3_SP00231" HPOS="1270" VPOS="2770" WIDTH="30"/>
						<String ID="P3_ST00265" HPOS="1300" VPOS="2712" WIDTH="103" HEIGHT="49" CONTENT="Ohr" WC="0.97" CC="313"/>
						<SP ID="P3_SP00232" HPOS="1403" VPOS="2770" WIDTH="27"/>
						<String ID="P3_ST00266" HPOS="1430" VPOS="2712" WIDTH="125" HEIGHT="48" CONTENT="nicht" WC="0.98" CC="01064"/>
						<SP ID="P3_SP00233" HPOS="1555" VPOS="2770" WIDTH="27"/>
						<String ID="P3_ST00267" HPOS="1582" VPOS="2715" WIDTH="133" HEIGHT="48" CONTENT="mehr" WC="0.99" CC="0041"/>
					</TextLine>
					<TextLine ID="P3_TL00035" HPOS="184" VPOS="2769" WIDTH="1528" HEIGHT="71">
						<String ID="P3_ST00268" HPOS="184" VPOS="2769" WIDTH="350" HEIGHT="53" CONTENT="aufzunehmen." WC="0.99" CC="020569269004"/>
						<SP ID="P3_SP00234" HPOS="534" VPOS="2822" WIDTH="31"/>
						<String ID="P3_ST00269" HPOS="565" VPOS="2776" WIDTH="110" HEIGHT="49" CONTENT="Wie" WC="1.00" CC="000"/>
						<SP ID="P3_SP00235" HPOS="675" VPOS="2825" WIDTH="29"/>
						<String ID="P3_ST00270" HPOS="704" VPOS="2780" WIDTH="119" HEIGHT="48" CONTENT="steht" WC="0.97" CC="25570"/>
						<SP ID="P3_SP00236" HPOS="823" VPOS="2828" WIDTH="30"/>
						<String ID="P3_ST00271" HPOS="853" VPOS="2797" WIDTH="45" HEIGHT="32" CONTENT="es" WC="0.85" CC="02"/>
						<SP ID="P3_SP00237" HPOS="898" VPOS="2829" WIDTH="31"/>
						<String ID="P3_ST00272" HPOS="929" VPOS="2782" WIDTH="112" HEIGHT="51" CONTENT="aber" WC="0.97" CC="7250"/>
						<SP ID="P3_SP00238" HPOS="1041" VPOS="2833" WIDTH="27"/>
						<String ID="P3_ST00273" HPOS="1068" VPOS="2789" WIDTH="200" HEIGHT="48" CONTENT="vollends" WC="0.99" CC="00002073"/>
						<SP ID="P3_SP00239" HPOS="1268" VPOS="2837" WIDTH="30"/>
						<String ID="P3_ST00274" HPOS="1298" VPOS="2808" WIDTH="76" HEIGHT="30" CONTENT="um" WC="0.39" CC="74"/>
						<SP ID="P3_SP00240" HPOS="1374" VPOS="2838" WIDTH="26"/>
						<String ID="P3_ST00275" HPOS="1400" VPOS="2789" WIDTH="79" HEIGHT="49" CONTENT="das" WC="0.98" CC="004"/>
						<SP ID="P3_SP00241" HPOS="1479" VPOS="2838" WIDTH="24"/>
						<String ID="P3_ST00276" HPOS="1503" VPOS="2789" WIDTH="183" HEIGHT="51" CONTENT="Verhält" SUBS_TYPE="HypPart1" SUBS_CONTENT="Verhältnis" WC="0.99" CC="0024900"/>
						<HYP HPOS="1686" VPOS="2789" WIDTH="26" CONTENT="-"/>
					</TextLine>
					<TextLine ID="P3_TL00036" HPOS="183" VPOS="2846" WIDTH="1527" HEIGHT="86">
						<String ID="P3_ST00277" HPOS="183" VPOS="2846" WIDTH="88" HEIGHT="47" CONTENT="nis" SUBS_TYPE="HypPart2" SUBS_CONTENT="Verhältnis" WC="0.93" CC="980"/>
						<SP ID="P3_SP00242" HPOS="271" VPOS="2893" WIDTH="40"/>
						<String ID="P3_ST00278" HPOS="311" VPOS="2847" WIDTH="81" HEIGHT="48" CONTENT="der" WC="1.00" CC="000"/>
						<SP ID="P3_SP00243" HPOS="392" VPOS="2895" WIDTH="43"/>
						<String ID="P3_ST00279" HPOS="435" VPOS="2857" WIDTH="372" HEIGHT="63" CONTENT="gegenwärtigen" WC="1.00" CC="0301000300000"/>
						<SP ID="P3_SP00244" HPOS="807" VPOS="2920" WIDTH="32"/>
						<String ID="P3_ST00280" HPOS="839" VPOS="2860" WIDTH="539" HEIGHT="72" CONTENT="Orchester-Stimmung" WC="1.00" CC="601705506302200309"/>
						<SP ID="P3_SP00245" HPOS="1378" VPOS="2932" WIDTH="36"/>
						<String ID="P3_ST00281" HPOS="1414" VPOS="2885" WIDTH="51" HEIGHT="30" CONTENT="zu" WC="0.67" CC="06"/>
						<SP ID="P3_SP00246" HPOS="1465" VPOS="2932" WIDTH="32"/>
						<String ID="P3_ST00282" HPOS="1497" VPOS="2868" WIDTH="126" HEIGHT="63" CONTENT="jener" WC="0.98" CC="12660"/>
						<SP ID="P3_SP00247" HPOS="1623" VPOS="2932" WIDTH="30"/>
						<String ID="P3_ST00283" HPOS="1653" VPOS="2870" WIDTH="57" HEIGHT="47" CONTENT="im" WC="0.73" CC="13"/>
					</TextLine>
					<TextLine ID="P3_TL00037" HPOS="180" VPOS="2925" WIDTH="1530" HEIGHT="70">
						<String ID="P3_ST00284" HPOS="180" VPOS="2925" WIDTH="189" HEIGHT="48" CONTENT="zweiten" WC="0.99" CC="2002607"/>
						<SP ID="P3_SP00248" HPOS="369" VPOS="2973" WIDTH="23"/>
						<String ID="P3_ST00285" HPOS="392" VPOS="2928" WIDTH="309" HEIGHT="52" CONTENT="Jahrzehend!" WC="0.99" CC="09790020000"/>
						<SP ID="P3_SP00249" HPOS="701" VPOS="2980" WIDTH="85"/>
						<String ID="P3_ST00286" HPOS="786" VPOS="2937" WIDTH="93" HEIGHT="47" CONTENT="Der" WC="0.98" CC="140"/>
						<SP ID="P3_SP00250" HPOS="879" VPOS="2984" WIDTH="24"/>
						<String ID="P3_ST00287" HPOS="903" VPOS="2939" WIDTH="169" HEIGHT="51" CONTENT="andere" WC="0.99" CC="700001"/>
						<SP ID="P3_SP00251" HPOS="1072" VPOS="2990" WIDTH="28"/>
						<String ID="P3_ST00288" HPOS="1100" VPOS="2961" WIDTH="52" HEIGHT="31" CONTENT="zu" WC="0.98" CC="00"/>
						<SP ID="P3_SP00252" HPOS="1152" VPOS="2992" WIDTH="32"/>
						<String ID="P3_ST00289" HPOS="1184" VPOS="2944" WIDTH="283" HEIGHT="49" CONTENT="beachtende" WC="0.99" CC="4306644000"/>
						<SP ID="P3_SP00253" HPOS="1467" VPOS="2993" WIDTH="23"/>
						<String ID="P3_ST00290" HPOS="1490" VPOS="2946" WIDTH="220" HEIGHT="49" CONTENT="Umstand" WC="0.99" CC="2044000"/>
					</TextLine>
					<TextLine ID="P3_TL00038" HPOS="181" VPOS="3001" WIDTH="1530" HEIGHT="81">
						<String ID="P3_ST00291" HPOS="181" VPOS="3001" WIDTH="172" HEIGHT="49" CONTENT="betrifft" WC="0.99" CC="60600226"/>
						<SP ID="P3_SP00254" HPOS="353" VPOS="3050" WIDTH="30"/>
						<String ID="P3_ST00292" HPOS="383" VPOS="3004" WIDTH="71" HEIGHT="48" CONTENT="die" WC="0.97" CC="044"/>
						<SP ID="P3_SP00255" HPOS="454" VPOS="3052" WIDTH="31"/>
						<String ID="P3_ST00293" HPOS="485" VPOS="3007" WIDTH="255" HEIGHT="69" CONTENT="Besetzung" WC="0.98" CC="805055770"/>
						<SP ID="P3_SP00256" HPOS="740" VPOS="3076" WIDTH="31"/>
						<String ID="P3_ST00294" HPOS="771" VPOS="3011" WIDTH="79" HEIGHT="49" CONTENT="der" WC="1.00" CC="010"/>
						<SP ID="P3_SP00257" HPOS="850" VPOS="3076" WIDTH="30"/>
						<String ID="P3_ST00295" HPOS="880" VPOS="3017" WIDTH="200" HEIGHT="65" CONTENT="Sopran-" WC="0.99" CC="5300004"/>
						<SP ID="P3_SP00258" HPOS="1080" VPOS="3082" WIDTH="32"/>
						<String ID="P3_ST00296" HPOS="1112" VPOS="3022" WIDTH="91" HEIGHT="48" CONTENT="und" WC="0.98" CC="600"/>
						<SP ID="P3_SP00259" HPOS="1203" VPOS="3082" WIDTH="32"/>
						<String ID="P3_ST00297" HPOS="1235" VPOS="3023" WIDTH="256" HEIGHT="48" CONTENT="Alt-Partie" WC="0.99" CC="2464303605"/>
						<SP ID="P3_SP00260" HPOS="1491" VPOS="3082" WIDTH="30"/>
						<String ID="P3_ST00298" HPOS="1521" VPOS="3023" WIDTH="40" HEIGHT="47" CONTENT="in" WC="0.67" CC="06"/>
						<SP ID="P3_SP00261" HPOS="1561" VPOS="3082" WIDTH="33"/>
						<String ID="P3_ST00299" HPOS="1594" VPOS="3025" WIDTH="117" HEIGHT="48" CONTENT="allen" WC="0.99" CC="00040"/>
					</TextLine>
					<TextLine ID="P3_TL00039" HPOS="181" VPOS="3078" WIDTH="1528" HEIGHT="73">
						<String ID="P3_ST00300" HPOS="181" VPOS="3078" WIDTH="313" HEIGHT="53" CONTENT="katholischen" WC="0.99" CC="005038466767"/>
						<SP ID="P3_SP00262" HPOS="494" VPOS="3131" WIDTH="30"/>
						<String ID="P3_ST00301" HPOS="524" VPOS="3086" WIDTH="202" HEIGHT="51" CONTENT="Kirchen" WC="0.99" CC="6003300"/>
						<SP ID="P3_SP00263" HPOS="726" VPOS="3137" WIDTH="33"/>
						<String ID="P3_ST00302" HPOS="759" VPOS="3091" WIDTH="80" HEIGHT="47" CONTENT="mit" WC="0.95" CC="705"/>
						<SP ID="P3_SP00264" HPOS="839" VPOS="3138" WIDTH="31"/>
						<String ID="P3_ST00303" HPOS="870" VPOS="3094" WIDTH="423" HEIGHT="56" CONTENT="Knabenstimmen." WC="0.99" CC="04020066064144"/>
						<SP ID="P3_SP00265" HPOS="1293" VPOS="3150" WIDTH="57"/>
						<String ID="P3_ST00304" HPOS="1350" VPOS="3101" WIDTH="136" HEIGHT="48" CONTENT="Diese" WC="0.99" CC="00033"/>
						<SP ID="P3_SP00266" HPOS="1486" VPOS="3150" WIDTH="32"/>
						<String ID="P3_ST00305" HPOS="1518" VPOS="3102" WIDTH="191" HEIGHT="49" CONTENT="machen" WC="0.99" CC="006600"/>
					</TextLine>
					<TextLine ID="P3_TL00040" HPOS="180" VPOS="3158" WIDTH="1530" HEIGHT="70">
						<String ID="P3_ST00306" HPOS="180" VPOS="3158" WIDTH="116" HEIGHT="46" CONTENT="noch" WC="0.96" CC="0287"/>
						<SP ID="P3_SP00267" HPOS="296" VPOS="3204" WIDTH="33"/>
						<String ID="P3_ST00307" HPOS="329" VPOS="3158" WIDTH="135" HEIGHT="50" CONTENT="heute" WC="0.96" CC="72754"/>
						<SP ID="P3_SP00268" HPOS="464" VPOS="3208" WIDTH="29"/>
						<String ID="P3_ST00308" HPOS="493" VPOS="3178" WIDTH="57" HEIGHT="32" CONTENT="an" WC="0.60" CC="07"/>
						<SP ID="P3_SP00269" HPOS="550" VPOS="3210" WIDTH="31"/>
						<String ID="P3_ST00309" HPOS="581" VPOS="3166" WIDTH="141" HEIGHT="49" CONTENT="vielen" WC="0.99" CC="000006"/>
						<SP ID="P3_SP00270" HPOS="722" VPOS="3215" WIDTH="31"/>
						<String ID="P3_ST00310" HPOS="753" VPOS="3168" WIDTH="145" HEIGHT="50" CONTENT="Orten" WC="0.98" CC="60630"/>
						<SP ID="P3_SP00271" HPOS="898" VPOS="3218" WIDTH="31"/>
						<String ID="P3_ST00311" HPOS="929" VPOS="3173" WIDTH="71" HEIGHT="49" CONTENT="die" WC="0.99" CC="003"/>
						<SP ID="P3_SP00272" HPOS="1000" VPOS="3222" WIDTH="31"/>
						<String ID="P3_ST00312" HPOS="1031" VPOS="3177" WIDTH="232" HEIGHT="49" CONTENT="Mehrzahl" WC="0.99" CC="04000960"/>
						<SP ID="P3_SP00273" HPOS="1263" VPOS="3226" WIDTH="32"/>
						<String ID="P3_ST00313" HPOS="1295" VPOS="3196" WIDTH="94" HEIGHT="31" CONTENT="aus." WC="0.99" CC="0014"/>
						<SP ID="P3_SP00274" HPOS="1389" VPOS="3227" WIDTH="45"/>
						<String ID="P3_ST00314" HPOS="1434" VPOS="3179" WIDTH="111" HEIGHT="48" CONTENT="Wie" WC="0.98" CC="004"/>
						<SP ID="P3_SP00275" HPOS="1545" VPOS="3227" WIDTH="31"/>
						<String ID="P3_ST00315" HPOS="1576" VPOS="3180" WIDTH="134" HEIGHT="48" CONTENT="leicht" WC="0.99" CC="040061"/>
					</TextLine>
					<TextLine ID="P3_TL00041" HPOS="178" VPOS="3235" WIDTH="1529" HEIGHT="88">
						<String ID="P3_ST00316" HPOS="178" VPOS="3235" WIDTH="132" HEIGHT="64" CONTENT="steigt" WC="0.97" CC="785265"/>
						<SP ID="P3_SP00276" HPOS="310" VPOS="3299" WIDTH="30"/>
						<String ID="P3_ST00317" HPOS="340" VPOS="3238" WIDTH="100" HEIGHT="47" CONTENT="eine" WC="0.96" CC="0486"/>
						<SP ID="P3_SP00277" HPOS="440" VPOS="3299" WIDTH="30"/>
						<String ID="P3_ST00318" HPOS="470" VPOS="3248" WIDTH="108" HEIGHT="55" CONTENT="gute" WC="0.98" CC="0470"/>
						<SP ID="P3_SP00278" HPOS="578" VPOS="3303" WIDTH="28"/>
						<String ID="P3_ST00319" HPOS="606" VPOS="3244" WIDTH="382" HEIGHT="56" CONTENT="Knabenstimme" WC="0.99" CC="470330581022"/>
						<SP ID="P3_SP00279" HPOS="988" VPOS="3303" WIDTH="39"/>
						<String ID="P3_ST00320" HPOS="1027" VPOS="3272" WIDTH="99" HEIGHT="30" CONTENT="zum" WC="0.92" CC="479"/>
						<SP ID="P3_SP00280" HPOS="1126" VPOS="3303" WIDTH="39"/>
						<String ID="P3_ST00321" HPOS="1165" VPOS="3255" WIDTH="429" HEIGHT="65" CONTENT="zweigestrichenen" WC="1.00" CC="0050940601520020"/>
						<SP ID="P3_SP00281" HPOS="1594" VPOS="3320" WIDTH="24"/>
						<String ID="P3_ST00322" HPOS="1618" VPOS="3255" WIDTH="89" HEIGHT="68" CONTENT="gis," WC="0.62" CC="0087" STYLEREFS="TXT_2"/>
					</TextLine>
					<TextLine ID="P3_TL00042" HPOS="179" VPOS="3312" WIDTH="1529" HEIGHT="76">
						<String ID="P3_ST00323" HPOS="179" VPOS="3328" WIDTH="45" HEIGHT="44" CONTENT="a&gt;" WC="0.14" CC="88"/>
						<SP ID="P3_SP00282" HPOS="224" VPOS="3372" WIDTH="29"/>
						<String ID="P3_ST00324" HPOS="253" VPOS="3312" WIDTH="29" HEIGHT="49" CONTENT="h" WC="0.44" CC="5"/>
						<SP ID="P3_SP00283" HPOS="282" VPOS="3372" WIDTH="31"/>
						<String ID="P3_ST00325" HPOS="313" VPOS="3314" WIDTH="172" HEIGHT="59" CONTENT="hinauf," WC="0.98" CC="6080604"/>
						<SP ID="P3_SP00284" HPOS="485" VPOS="3373" WIDTH="44"/>
						<String ID="P3_ST00326" HPOS="529" VPOS="3335" WIDTH="70" HEIGHT="31" CONTENT="wo" WC="0.81" CC="03"/>
						<SP ID="P3_SP00285" HPOS="599" VPOS="3373" WIDTH="40"/>
						<String ID="P3_ST00327" HPOS="639" VPOS="3322" WIDTH="228" HEIGHT="66" CONTENT="hingegen" WC="0.99" CC="00000906"/>
						<SP ID="P3_SP00286" HPOS="867" VPOS="3388" WIDTH="39"/>
						<String ID="P3_ST00328" HPOS="906" VPOS="3328" WIDTH="71" HEIGHT="50" CONTENT="die" WC="0.96" CC="900"/>
						<SP ID="P3_SP00287" HPOS="977" VPOS="3388" WIDTH="30"/>
						<String ID="P3_ST00329" HPOS="1007" VPOS="3332" WIDTH="234" HEIGHT="50" CONTENT="Mehrzahl" WC="0.99" CC="00600053"/>
						<SP ID="P3_SP00288" HPOS="1241" VPOS="3388" WIDTH="46"/>
						<String ID="P3_ST00330" HPOS="1287" VPOS="3334" WIDTH="81" HEIGHT="48" CONTENT="der" WC="0.98" CC="040"/>
						<SP ID="P3_SP00289" HPOS="1368" VPOS="3388" WIDTH="28"/>
						<String ID="P3_ST00331" HPOS="1396" VPOS="3335" WIDTH="284" HEIGHT="49" CONTENT="Frauenstim" SUBS_TYPE="HypPart1" SUBS_CONTENT="Frauenstimmen" WC="0.99" CC="5009702600"/>
						<HYP HPOS="1680" VPOS="3335" WIDTH="28" CONTENT="-"/>
					</TextLine>
					<TextLine ID="P3_TL00043" HPOS="180" VPOS="3392" WIDTH="1529" HEIGHT="85">
						<String ID="P3_ST00332" HPOS="180" VPOS="3406" WIDTH="104" HEIGHT="33" CONTENT="men" SUBS_TYPE="HypPart2" SUBS_CONTENT="Frauenstimmen" WC="0.99" CC="030"/>
						<SP ID="P3_SP00290" HPOS="284" VPOS="3439" WIDTH="29"/>
						<String ID="P3_ST00333" HPOS="313" VPOS="3392" WIDTH="58" HEIGHT="47" CONTENT="im" WC="0.77" CC="40"/>
						<SP ID="P3_SP00291" HPOS="371" VPOS="3439" WIDTH="33"/>
						<String ID="P3_ST00334" HPOS="404" VPOS="3394" WIDTH="123" HEIGHT="49" CONTENT="Chor" WC="0.97" CC="6404"/>
						<SP ID="P3_SP00292" HPOS="527" VPOS="3443" WIDTH="29"/>
						<String ID="P3_ST00335" HPOS="556" VPOS="3398" WIDTH="137" HEIGHT="49" CONTENT="schon" WC="0.97" CC="03726"/>
						<SP ID="P3_SP00293" HPOS="693" VPOS="3447" WIDTH="35"/>
						<String ID="P3_ST00336" HPOS="728" VPOS="3402" WIDTH="78" HEIGHT="46" CONTENT="mit" WC="0.97" CC="026"/>
						<SP ID="P3_SP00294" HPOS="806" VPOS="3448" WIDTH="21"/>
						<String ID="P3_ST00337" HPOS="827" VPOS="3420" WIDTH="33" HEIGHT="49" CONTENT="g" WC="1.00" CC="0" STYLEREFS="TXT_2"/>
						<SP ID="P3_SP00295" HPOS="860" VPOS="3469" WIDTH="28"/>
						<String ID="P3_ST00338" HPOS="888" VPOS="3405" WIDTH="71" HEIGHT="50" CONTENT="ihr" WC="0.98" CC="040"/>
						<SP ID="P3_SP00296" HPOS="959" VPOS="3469" WIDTH="30"/>
						<String ID="P3_ST00339" HPOS="989" VPOS="3410" WIDTH="225" HEIGHT="50" CONTENT="Höchstes" WC="0.99" CC="60401500"/>
						<SP ID="P3_SP00297" HPOS="1214" VPOS="3469" WIDTH="31"/>
						<String ID="P3_ST00340" HPOS="1245" VPOS="3411" WIDTH="290" HEIGHT="66" CONTENT="geleistet.—" WC="0.99" CC="04201200548"/>
						<SP ID="P3_SP00298" HPOS="1535" VPOS="3477" WIDTH="19"/>
						<String ID="P3_ST00341" HPOS="1554" VPOS="3411" WIDTH="155" HEIGHT="63" CONTENT="(Hätte" WC="0.98" CC="650570"/>
					</TextLine>
					<TextLine ID="P3_TL00044" HPOS="179" VPOS="3467" WIDTH="1530" HEIGHT="87">
						<String ID="P3_ST00342" HPOS="179" VPOS="3467" WIDTH="80" HEIGHT="49" CONTENT="der" WC="0.97" CC="800"/>
						<SP ID="P3_SP00299" HPOS="259" VPOS="3516" WIDTH="30"/>
						<String ID="P3_ST00343" HPOS="289" VPOS="3469" WIDTH="383" HEIGHT="66" CONTENT="hyperboräische" WC="0.65" CC="76000640006366"/>
						<SP ID="P3_SP00300" HPOS="672" VPOS="3535" WIDTH="22"/>
						<String ID="P3_ST00344" HPOS="694" VPOS="3479" WIDTH="205" HEIGHT="49" CONTENT="Kritiker" WC="0.98" CC="09041950"/>
						<SP ID="P3_SP00301" HPOS="899" VPOS="3535" WIDTH="21"/>
						<String ID="P3_ST00345" HPOS="920" VPOS="3487" WIDTH="40" HEIGHT="46" CONTENT="X" WC="1.00" CC="0"/>
						<SP ID="P3_SP00302" HPOS="960" VPOS="3535" WIDTH="26"/>
						<String ID="P3_ST00346" HPOS="986" VPOS="3488" WIDTH="58" HEIGHT="46" CONTENT="X." WC="0.53" CC="44"/>
						<SP ID="P3_SP00303" HPOS="1044" VPOS="3535" WIDTH="24"/>
						<String ID="P3_ST00347" HPOS="1068" VPOS="3504" WIDTH="81" HEIGHT="31" CONTENT="aus" WC="0.99" CC="002"/>
						<SP ID="P3_SP00304" HPOS="1149" VPOS="3535" WIDTH="24"/>
						<String ID="P3_ST00348" HPOS="1173" VPOS="3488" WIDTH="82" HEIGHT="49" CONTENT="der" WC="1.00" CC="000"/>
						<SP ID="P3_SP00305" HPOS="1255" VPOS="3537" WIDTH="22"/>
						<String ID="P3_ST00349" HPOS="1277" VPOS="3490" WIDTH="282" HEIGHT="64" CONTENT="Hauptstadt" WC="0.99" CC="6070734074"/>
						<SP ID="P3_SP00306" HPOS="1559" VPOS="3554" WIDTH="21"/>
						<String ID="P3_ST00350" HPOS="1580" VPOS="3492" WIDTH="129" HEIGHT="48" CONTENT="Nova" WC="0.95" CC="5078"/>
					</TextLine>
					<TextLine ID="P3_TL00045" HPOS="175" VPOS="3547" WIDTH="1535" HEIGHT="79">
						<String ID="P3_ST00351" HPOS="175" VPOS="3547" WIDTH="244" HEIGHT="59" CONTENT="Zemblas," WC="0.45" CC="00967964"/>
						<SP ID="P3_SP00307" HPOS="419" VPOS="3606" WIDTH="31"/>
						<String ID="P3_ST00352" HPOS="450" VPOS="3550" WIDTH="158" HEIGHT="50" CONTENT="dessen" WC="0.99" CC="006006"/>
						<SP ID="P3_SP00308" HPOS="608" VPOS="3606" WIDTH="25"/>
						<String ID="P3_ST00353" HPOS="633" VPOS="3555" WIDTH="332" HEIGHT="71" CONTENT="Beurtheilung" WC="0.62" CC="606067000709"/>
						<SP ID="P3_SP00309" HPOS="965" VPOS="3626" WIDTH="30"/>
						<String ID="P3_ST00354" HPOS="995" VPOS="3563" WIDTH="81" HEIGHT="49" CONTENT="der" WC="0.94" CC="950"/>
						<SP ID="P3_SP00310" HPOS="1076" VPOS="3626" WIDTH="21"/>
						<String ID="P3_ST00355" HPOS="1097" VPOS="3566" WIDTH="136" HEIGHT="48" CONTENT="Missa" WC="0.98" CC="00000"/>
						<SP ID="P3_SP00311" HPOS="1233" VPOS="3626" WIDTH="30"/>
						<String ID="P3_ST00356" HPOS="1263" VPOS="3568" WIDTH="115" HEIGHT="48" CONTENT="nach" WC="0.98" CC="5030"/>
						<SP ID="P3_SP00312" HPOS="1378" VPOS="3626" WIDTH="32"/>
						<String ID="P3_ST00357" HPOS="1410" VPOS="3567" WIDTH="104" HEIGHT="48" CONTENT="dem" WC="1.00" CC="010"/>
						<SP ID="P3_SP00313" HPOS="1514" VPOS="3626" WIDTH="32"/>
						<String ID="P3_ST00358" HPOS="1546" VPOS="3568" WIDTH="137" HEIGHT="49" CONTENT="aache" SUBS_TYPE="HypPart1" SUBS_CONTENT="aachener" WC="0.78" CC="00061"/>
						<HYP HPOS="1683" VPOS="3568" WIDTH="27" CONTENT="-"/>
					</TextLine>
					<TextLine ID="P3_TL00046" HPOS="177" VPOS="3626" WIDTH="1531" HEIGHT="73">
						<String ID="P3_ST00359" HPOS="177" VPOS="3639" WIDTH="82" HEIGHT="32" CONTENT="ner" SUBS_TYPE="HypPart2" SUBS_CONTENT="aachener" WC="0.80" CC="005"/>
						<SP ID="P3_SP00314" HPOS="259" VPOS="3671" WIDTH="29"/>
						<String ID="P3_ST00360" HPOS="288" VPOS="3626" WIDTH="266" HEIGHT="52" CONTENT="Musikfeste" WC="1.00" CC="0602001500"/>
						<SP ID="P3_SP00315" HPOS="554" VPOS="3678" WIDTH="31"/>
						<String ID="P3_ST00361" HPOS="585" VPOS="3632" WIDTH="82" HEIGHT="47" CONTENT="wir" WC="1.00" CC="000"/>
						<SP ID="P3_SP00316" HPOS="667" VPOS="3679" WIDTH="31"/>
						<String ID="P3_ST00362" HPOS="698" VPOS="3634" WIDTH="40" HEIGHT="47" CONTENT="in" WC="0.55" CC="16"/>
						<SP ID="P3_SP00317" HPOS="738" VPOS="3681" WIDTH="31"/>
						<String ID="P3_ST00363" HPOS="769" VPOS="3636" WIDTH="79" HEIGHT="48" CONTENT="Nr." WC="0.96" CC="604"/>
						<SP ID="P3_SP00318" HPOS="848" VPOS="3684" WIDTH="32"/>
						<String ID="P3_ST00364" HPOS="880" VPOS="3640" WIDTH="68" HEIGHT="48" CONTENT="26" WC="0.33" CC="76"/>
						<SP ID="P3_SP00319" HPOS="948" VPOS="3688" WIDTH="35"/>
						<String ID="P3_ST00365" HPOS="983" VPOS="3641" WIDTH="147" HEIGHT="49" CONTENT="dieser" WC="0.99" CC="064020"/>
						<SP ID="P3_SP00320" HPOS="1130" VPOS="3690" WIDTH="31"/>
						<String ID="P3_ST00366" HPOS="1161" VPOS="3645" WIDTH="186" HEIGHT="54" CONTENT="Blätter," WC="0.98" CC="60086472"/>
						<SP ID="P3_SP00321" HPOS="1347" VPOS="3699" WIDTH="30"/>
						<String ID="P3_ST00367" HPOS="1377" VPOS="3644" WIDTH="113" HEIGHT="49" CONTENT="aber" WC="0.95" CC="0769"/>
						<SP ID="P3_SP00322" HPOS="1490" VPOS="3699" WIDTH="29"/>
						<String ID="P3_ST00368" HPOS="1519" VPOS="3646" WIDTH="114" HEIGHT="47" CONTENT="auch" WC="0.96" CC="0664"/>
						<SP ID="P3_SP00323" HPOS="1633" VPOS="3699" WIDTH="31"/>
						<String ID="P3_ST00369" HPOS="1664" VPOS="3647" WIDTH="44" HEIGHT="47" CONTENT="in" WC="0.98" CC="00"/>
					</TextLine>
					<TextLine ID="P3_TL00047" HPOS="176" VPOS="3700" WIDTH="1532" HEIGHT="87">
						<String ID="P3_ST00370" HPOS="176" VPOS="3700" WIDTH="81" HEIGHT="48" CONTENT="der" WC="0.99" CC="020"/>
						<SP ID="P3_SP00324" HPOS="257" VPOS="3748" WIDTH="41"/>
						<String ID="P3_ST00371" HPOS="298" VPOS="3704" WIDTH="349" HEIGHT="66" CONTENT="Independance" WC="0.55" CC="668192000843"/>
						<SP ID="P3_SP00325" HPOS="647" VPOS="3770" WIDTH="42"/>
						<String ID="P3_ST00372" HPOS="689" VPOS="3729" WIDTH="52" HEIGHT="30" CONTENT="zu" WC="0.75" CC="04"/>
						<SP ID="P3_SP00326" HPOS="741" VPOS="3770" WIDTH="46"/>
						<String ID="P3_ST00373" HPOS="787" VPOS="3714" WIDTH="182" HEIGHT="52" CONTENT="Gesicht" WC="0.98" CC="0360545"/>
						<SP ID="P3_SP00327" HPOS="969" VPOS="3770" WIDTH="42"/>
						<String ID="P3_ST00374" HPOS="1011" VPOS="3720" WIDTH="237" HEIGHT="57" CONTENT="erhielten," WC="0.99" CC="0011366004"/>
						<SP ID="P3_SP00328" HPOS="1248" VPOS="3777" WIDTH="57"/>
						<String ID="P3_ST00375" HPOS="1305" VPOS="3740" WIDTH="87" HEIGHT="32" CONTENT="nur" WC="0.95" CC="940"/>
						<SP ID="P3_SP00329" HPOS="1392" VPOS="3777" WIDTH="42"/>
						<String ID="P3_ST00376" HPOS="1434" VPOS="3723" WIDTH="274" HEIGHT="64" CONTENT="wenigstens" WC="0.99" CC="0070915003"/>
					</TextLine>
					<TextLine ID="P3_TL00048" HPOS="176" VPOS="3779" WIDTH="1529" HEIGHT="85">
						<String ID="P3_ST00377" HPOS="176" VPOS="3779" WIDTH="120" HEIGHT="49" CONTENT="diese" WC="0.97" CC="70336"/>
						<SP ID="P3_SP00330" HPOS="296" VPOS="3828" WIDTH="30"/>
						<String ID="P3_ST00378" HPOS="326" VPOS="3781" WIDTH="103" HEIGHT="50" CONTENT="dem" WC="0.96" CC="009"/>
						<SP ID="P3_SP00331" HPOS="429" VPOS="3831" WIDTH="32"/>
						<String ID="P3_ST00379" HPOS="461" VPOS="3786" WIDTH="273" HEIGHT="50" CONTENT="erfahrenen" WC="0.99" CC="3301703627"/>
						<SP ID="P3_SP00332" HPOS="734" VPOS="3836" WIDTH="35"/>
						<String ID="P3_ST00380" HPOS="769" VPOS="3792" WIDTH="293" HEIGHT="53" CONTENT="Fachmanne" WC="0.98" CC="802509778"/>
						<SP ID="P3_SP00333" HPOS="1062" VPOS="3845" WIDTH="29"/>
						<String ID="P3_ST00381" HPOS="1091" VPOS="3798" WIDTH="115" HEIGHT="49" CONTENT="doch" WC="0.97" CC="0464"/>
						<SP ID="P3_SP00334" HPOS="1206" VPOS="3847" WIDTH="33"/>
						<String ID="P3_ST00382" HPOS="1239" VPOS="3817" WIDTH="48" HEIGHT="31" CONTENT="so" WC="0.46" CC="90"/>
						<SP ID="P3_SP00335" HPOS="1287" VPOS="3848" WIDTH="32"/>
						<String ID="P3_ST00383" HPOS="1319" VPOS="3801" WIDTH="119" HEIGHT="47" CONTENT="nahe" WC="1.00" CC="0020"/>
						<SP ID="P3_SP00336" HPOS="1438" VPOS="3848" WIDTH="30"/>
						<String ID="P3_ST00384" HPOS="1468" VPOS="3801" WIDTH="237" HEIGHT="63" CONTENT="liegenden" WC="0.99" CC="106969010"/>
					</TextLine>
					<TextLine ID="P3_TL00049" HPOS="178" VPOS="3857" WIDTH="1527" HEIGHT="76">
						<String ID="P3_ST00385" HPOS="178" VPOS="3857" WIDTH="246" HEIGHT="52" CONTENT="Umstände" WC="0.99" CC="00570900"/>
						<SP ID="P3_SP00337" HPOS="424" VPOS="3909" WIDTH="41"/>
						<String ID="P3_ST00386" HPOS="465" VPOS="3862" WIDTH="374" HEIGHT="71" CONTENT="berücksichtigt," WC="0.99" CC="500829526651954"/>
						<SP ID="P3_SP00338" HPOS="839" VPOS="3933" WIDTH="43"/>
						<String ID="P3_ST00387" HPOS="882" VPOS="3890" WIDTH="48" HEIGHT="31" CONTENT="er" WC="1.00" CC="00"/>
						<SP ID="P3_SP00339" HPOS="930" VPOS="3933" WIDTH="43"/>
						<String ID="P3_ST00388" HPOS="973" VPOS="3878" WIDTH="120" HEIGHT="45" CONTENT="wäre" WC="1.00" CC="0000"/>
						<SP ID="P3_SP00340" HPOS="1093" VPOS="3933" WIDTH="42"/>
						<String ID="P3_ST00389" HPOS="1135" VPOS="3895" WIDTH="53" HEIGHT="30" CONTENT="zu" WC="0.72" CC="05"/>
						<SP ID="P3_SP00341" HPOS="1188" VPOS="3933" WIDTH="45"/>
						<String ID="P3_ST00390" HPOS="1233" VPOS="3878" WIDTH="201" HEIGHT="48" CONTENT="anderen" WC="1.00" CC="0000017"/>
						<SP ID="P3_SP00342" HPOS="1434" VPOS="3933" WIDTH="32"/>
						<String ID="P3_ST00391" HPOS="1466" VPOS="3878" WIDTH="239" HEIGHT="49" CONTENT="Schlüssen" WC="0.99" CC="142000150"/>
					</TextLine>
					<TextLine ID="P3_TL00050" HPOS="174" VPOS="3936" WIDTH="1533" HEIGHT="85">
						<String ID="P3_ST00392" HPOS="174" VPOS="3936" WIDTH="293" HEIGHT="64" CONTENT="gekommen," WC="0.99" CC="034600064"/>
						<SP ID="P3_SP00343" HPOS="467" VPOS="4000" WIDTH="43"/>
						<String ID="P3_ST00393" HPOS="510" VPOS="3940" WIDTH="71" HEIGHT="49" CONTENT="die" WC="0.94" CC="716"/>
						<SP ID="P3_SP00344" HPOS="581" VPOS="4000" WIDTH="42"/>
						<String ID="P3_ST00394" HPOS="623" VPOS="3944" WIDTH="123" HEIGHT="49" CONTENT="seine" WC="0.97" CC="46080"/>
						<SP ID="P3_SP00345" HPOS="746" VPOS="4000" WIDTH="32"/>
						<String ID="P3_ST00395" HPOS="778" VPOS="3948" WIDTH="290" HEIGHT="70" CONTENT="Befähigung" WC="0.99" CC="7309220460"/>
						<SP ID="P3_SP00346" HPOS="1068" VPOS="4018" WIDTH="37"/>
						<String ID="P3_ST00396" HPOS="1105" VPOS="3971" WIDTH="79" HEIGHT="30" CONTENT="zur" WC="0.98" CC="030"/>
						<SP ID="P3_SP00347" HPOS="1184" VPOS="4018" WIDTH="30"/>
						<String ID="P3_ST00397" HPOS="1214" VPOS="3956" WIDTH="333" HEIGHT="65" CONTENT="Beurtheilung" WC="0.58" CC="804064406670"/>
						<SP ID="P3_SP00348" HPOS="1547" VPOS="4021" WIDTH="36"/>
						<String ID="P3_ST00398" HPOS="1583" VPOS="3957" WIDTH="124" HEIGHT="49" CONTENT="eines" WC="0.99" CC="00640"/>
					</TextLine>
					<TextLine ID="P3_TL00051" HPOS="172" VPOS="4015" WIDTH="1535" HEIGHT="67">
						<String ID="P3_ST00399" HPOS="172" VPOS="4015" WIDTH="183" HEIGHT="49" CONTENT="solchen" WC="0.97" CC="9275738"/>
						<SP ID="P3_SP00349" HPOS="355" VPOS="4064" WIDTH="35"/>
						<String ID="P3_ST00400" HPOS="390" VPOS="4018" WIDTH="217" HEIGHT="59" CONTENT="Werkes," WC="0.99" CC="0000074"/>
						<SP ID="P3_SP00350" HPOS="607" VPOS="4077" WIDTH="45"/>
						<String ID="P3_ST00401" HPOS="652" VPOS="4021" WIDTH="79" HEIGHT="49" CONTENT="das" WC="0.98" CC="006"/>
						<SP ID="P3_SP00351" HPOS="731" VPOS="4077" WIDTH="31"/>
						<String ID="P3_ST00402" HPOS="762" VPOS="4029" WIDTH="120" HEIGHT="49" CONTENT="wohl" WC="0.99" CC="0003"/>
						<SP ID="P3_SP00352" HPOS="882" VPOS="4078" WIDTH="46"/>
						<String ID="P3_ST00403" HPOS="928" VPOS="4029" WIDTH="86" HEIGHT="51" CONTENT="den" WC="1.00" CC="000"/>
						<SP ID="P3_SP00353" HPOS="1014" VPOS="4080" WIDTH="45"/>
						<String ID="P3_ST00404" HPOS="1059" VPOS="4031" WIDTH="244" HEIGHT="50" CONTENT="kritischen" WC="0.99" CC="0004080600"/>
						<SP ID="P3_SP00354" HPOS="1303" VPOS="4081" WIDTH="33"/>
						<String ID="P3_ST00405" HPOS="1336" VPOS="4034" WIDTH="220" HEIGHT="48" CONTENT="Horizont" WC="0.99" CC="84001704"/>
						<SP ID="P3_SP00355" HPOS="1556" VPOS="4082" WIDTH="40"/>
						<String ID="P3_ST00406" HPOS="1596" VPOS="4036" WIDTH="111" HEIGHT="46" CONTENT="aller" WC="1.00" CC="00001"/>
					</TextLine>
				</TextBlock>
				<TextBlock ID="P3_TB00003" HPOS="1784" VPOS="244" WIDTH="1524" HEIGHT="1907" STYLEREFS="TXT_1 PAR_LEFT">
					<TextLine ID="P3_TL00052" HPOS="1802" VPOS="245" WIDTH="1500" HEIGHT="80">
						<String ID="P3_ST00407" HPOS="1802" VPOS="245" WIDTH="338" HEIGHT="65" CONTENT="Hyperboreer," WC="0.99" CC="790018147510"/>
						<SP ID="P3_SP00356" HPOS="2140" VPOS="310" WIDTH="27"/>
						<String ID="P3_ST00408" HPOS="2167" VPOS="249" WIDTH="138" HEIGHT="48" CONTENT="selbst" WC="0.99" CC="005045"/>
						<SP ID="P3_SP00357" HPOS="2305" VPOS="310" WIDTH="28"/>
						<String ID="P3_ST00409" HPOS="2333" VPOS="251" WIDTH="118" HEIGHT="49" CONTENT="ihres" WC="0.97" CC="37505"/>
						<SP ID="P3_SP00358" HPOS="2451" VPOS="310" WIDTH="28"/>
						<String ID="P3_ST00410" HPOS="2479" VPOS="254" WIDTH="202" HEIGHT="57" CONTENT="Nestors," WC="0.98" CC="50565261"/>
						<SP ID="P3_SP00359" HPOS="2681" VPOS="311" WIDTH="43"/>
						<String ID="P3_ST00411" HPOS="2724" VPOS="259" WIDTH="103" HEIGHT="46" CONTENT="weit" WC="0.98" CC="0520"/>
						<SP ID="P3_SP00360" HPOS="2827" VPOS="311" WIDTH="35"/>
						<String ID="P3_ST00412" HPOS="2862" VPOS="259" WIDTH="264" HEIGHT="66" CONTENT="übersteigt," WC="0.99" CC="07620600962"/>
						<SP ID="P3_SP00361" HPOS="3126" VPOS="325" WIDTH="42"/>
						<String ID="P3_ST00413" HPOS="3168" VPOS="264" WIDTH="108" HEIGHT="48" CONTENT="viel" SUBS_TYPE="HypPart1" SUBS_CONTENT="vielleicht" WC="0.97" CC="0667"/>
						<HYP HPOS="3276" VPOS="264" WIDTH="26" CONTENT="-"/>
					</TextLine>
					<TextLine ID="P3_TL00053" HPOS="1799" VPOS="320" WIDTH="1331" HEIGHT="82">
						<String ID="P3_ST00414" HPOS="1799" VPOS="320" WIDTH="172" HEIGHT="49" CONTENT="leicht" SUBS_TYPE="HypPart2" SUBS_CONTENT="vielleicht" WC="0.99" CC="300040"/>
						<SP ID="P3_SP00362" HPOS="1971" VPOS="369" WIDTH="28"/>
						<String ID="P3_ST00415" HPOS="1999" VPOS="322" WIDTH="41" HEIGHT="47" CONTENT="in" WC="0.53" CC="26"/>
						<SP ID="P3_SP00363" HPOS="2040" VPOS="369" WIDTH="31"/>
						<String ID="P3_ST00416" HPOS="2071" VPOS="324" WIDTH="70" HEIGHT="47" CONTENT="ein" WC="0.96" CC="037"/>
						<SP ID="P3_SP00364" HPOS="2141" VPOS="371" WIDTH="32"/>
						<String ID="P3_ST00417" HPOS="2173" VPOS="324" WIDTH="200" HEIGHT="49" CONTENT="besseres" WC="1.00" CC="50000110"/>
						<SP ID="P3_SP00365" HPOS="2373" VPOS="373" WIDTH="28"/>
						<String ID="P3_ST00418" HPOS="2401" VPOS="327" WIDTH="128" HEIGHT="49" CONTENT="Licht" WC="1.00" CC="00020"/>
						<SP ID="P3_SP00366" HPOS="2529" VPOS="376" WIDTH="30"/>
						<String ID="P3_ST00419" HPOS="2559" VPOS="331" WIDTH="176" HEIGHT="63" CONTENT="gestellt" WC="0.99" CC="00062152"/>
						<SP ID="P3_SP00367" HPOS="2735" VPOS="394" WIDTH="28"/>
						<String ID="P3_ST00420" HPOS="2763" VPOS="331" WIDTH="147" HEIGHT="51" CONTENT="haben" WC="0.98" CC="74500"/>
						<SP ID="P3_SP00368" HPOS="2910" VPOS="394" WIDTH="28"/>
						<String ID="P3_ST00421" HPOS="2938" VPOS="336" WIDTH="192" HEIGHT="66" CONTENT="würde.)" WC="1.00" CC="0010041"/>
					</TextLine>
					<TextLine ID="P3_TL00054" HPOS="1915" VPOS="399" WIDTH="1388" HEIGHT="78">
						<String ID="P3_ST00422" HPOS="1915" VPOS="399" WIDTH="110" HEIGHT="48" CONTENT="Will" WC="0.95" CC="5456"/>
						<SP ID="P3_SP00369" HPOS="2025" VPOS="447" WIDTH="33"/>
						<String ID="P3_ST00423" HPOS="2058" VPOS="416" WIDTH="102" HEIGHT="32" CONTENT="man" WC="0.92" CC="777"/>
						<SP ID="P3_SP00370" HPOS="2160" VPOS="448" WIDTH="30"/>
						<String ID="P3_ST00424" HPOS="2190" VPOS="401" WIDTH="85" HEIGHT="48" CONTENT="den" WC="0.94" CC="077"/>
						<SP ID="P3_SP00371" HPOS="2275" VPOS="449" WIDTH="32"/>
						<String ID="P3_ST00425" HPOS="2307" VPOS="404" WIDTH="400" HEIGHT="66" CONTENT="Schwierigkeiten" WC="0.99" CC="927027009075177"/>
						<SP ID="P3_SP00372" HPOS="2707" VPOS="470" WIDTH="40"/>
						<String ID="P3_ST00426" HPOS="2747" VPOS="409" WIDTH="59" HEIGHT="47" CONTENT="im" WC="1.00" CC="00"/>
						<SP ID="P3_SP00373" HPOS="2806" VPOS="470" WIDTH="33"/>
						<String ID="P3_ST00427" HPOS="2839" VPOS="411" WIDTH="173" HEIGHT="50" CONTENT="Werke" WC="0.52" CC="87007"/>
						<SP ID="P3_SP00374" HPOS="3012" VPOS="470" WIDTH="37"/>
						<String ID="P3_ST00428" HPOS="3049" VPOS="414" WIDTH="254" HEIGHT="63" CONTENT="begegnen," WC="0.97" CC="179797773"/>
					</TextLine>
					<TextLine ID="P3_TL00055" HPOS="1795" VPOS="474" WIDTH="1505" HEIGHT="82">
						<String ID="P3_ST00429" HPOS="1795" VPOS="489" WIDTH="49" HEIGHT="32" CONTENT="so" WC="0.57" CC="62"/>
						<SP ID="P3_SP00375" HPOS="1844" VPOS="521" WIDTH="29"/>
						<String ID="P3_ST00430" HPOS="1873" VPOS="474" WIDTH="255" HEIGHT="67" CONTENT="erniedrige" WC="0.99" CC="0332094402"/>
						<SP ID="P3_SP00376" HPOS="2128" VPOS="541" WIDTH="31"/>
						<String ID="P3_ST00431" HPOS="2159" VPOS="495" WIDTH="101" HEIGHT="31" CONTENT="man" WC="0.97" CC="052"/>
						<SP ID="P3_SP00377" HPOS="2260" VPOS="541" WIDTH="32"/>
						<String ID="P3_ST00432" HPOS="2292" VPOS="495" WIDTH="76" HEIGHT="31" CONTENT="vor" WC="0.98" CC="031"/>
						<SP ID="P3_SP00378" HPOS="2368" VPOS="541" WIDTH="31"/>
						<String ID="P3_ST00433" HPOS="2399" VPOS="481" WIDTH="143" HEIGHT="48" CONTENT="Allem" WC="0.98" CC="02406"/>
						<SP ID="P3_SP00379" HPOS="2542" VPOS="541" WIDTH="32"/>
						<String ID="P3_ST00434" HPOS="2574" VPOS="482" WIDTH="70" HEIGHT="49" CONTENT="die" WC="0.99" CC="010"/>
						<SP ID="P3_SP00380" HPOS="2644" VPOS="541" WIDTH="29"/>
						<String ID="P3_ST00435" HPOS="2673" VPOS="485" WIDTH="528" HEIGHT="71" CONTENT="Orchester-Stimmung" WC="0.99" CC="550402600400409369"/>
						<SP ID="P3_SP00381" HPOS="3201" VPOS="556" WIDTH="26"/>
						<String ID="P3_ST00436" HPOS="3227" VPOS="510" WIDTH="73" HEIGHT="32" CONTENT="um" WC="0.17" CC="69"/>
					</TextLine>
					<TextLine ID="P3_TL00056" HPOS="1797" VPOS="550" WIDTH="1503" HEIGHT="81">
						<String ID="P3_ST00437" HPOS="1797" VPOS="550" WIDTH="68" HEIGHT="47" CONTENT="ein" WC="0.97" CC="006"/>
						<SP ID="P3_SP00382" HPOS="1865" VPOS="597" WIDTH="32"/>
						<String ID="P3_ST00438" HPOS="1897" VPOS="551" WIDTH="330" HEIGHT="60" CONTENT="Bedeutendes," WC="1.00" CC="000356060010"/>
						<SP ID="P3_SP00383" HPOS="2227" VPOS="611" WIDTH="43"/>
						<String ID="P3_ST00439" HPOS="2270" VPOS="555" WIDTH="111" HEIGHT="48" CONTENT="oder" WC="1.00" CC="1001"/>
						<SP ID="P3_SP00384" HPOS="2381" VPOS="611" WIDTH="43"/>
						<String ID="P3_ST00440" HPOS="2424" VPOS="574" WIDTH="100" HEIGHT="30" CONTENT="man" WC="0.98" CC="006"/>
						<SP ID="P3_SP00385" HPOS="2524" VPOS="611" WIDTH="45"/>
						<String ID="P3_ST00441" HPOS="2569" VPOS="561" WIDTH="283" HEIGHT="64" CONTENT="transponire" WC="0.76" CC="00509006400"/>
						<SP ID="P3_SP00386" HPOS="2852" VPOS="625" WIDTH="28"/>
						<String ID="P3_ST00442" HPOS="2880" VPOS="561" WIDTH="79" HEIGHT="50" CONTENT="das" WC="0.99" CC="020"/>
						<SP ID="P3_SP00387" HPOS="2959" VPOS="625" WIDTH="28"/>
						<String ID="P3_ST00443" HPOS="2987" VPOS="564" WIDTH="69" HEIGHT="48" CONTENT="die" WC="1.00" CC="000"/>
						<SP ID="P3_SP00388" HPOS="3056" VPOS="625" WIDTH="42"/>
						<String ID="P3_ST00444" HPOS="3098" VPOS="571" WIDTH="202" HEIGHT="60" CONTENT="grössten" WC="0.47" CC="90795602"/>
					</TextLine>
					<TextLine ID="P3_TL00057" HPOS="1795" VPOS="626" WIDTH="1513" HEIGHT="76">
						<String ID="P3_ST00445" HPOS="1795" VPOS="626" WIDTH="403" HEIGHT="66" CONTENT="Schwierigkeiten" WC="1.00" CC="060006400000406"/>
						<SP ID="P3_SP00389" HPOS="2198" VPOS="692" WIDTH="43"/>
						<String ID="P3_ST00446" HPOS="2241" VPOS="630" WIDTH="208" HEIGHT="51" CONTENT="bietende" WC="0.99" CC="60056600"/>
						<SP ID="P3_SP00390" HPOS="2449" VPOS="692" WIDTH="742"/>
						<String ID="P3_ST00447" HPOS="3191" VPOS="634" WIDTH="117" HEIGHT="49" CONTENT="Credo" WC="0.99" CC="00006" STYLEREFS="TXT_3"/>
						<SP ID="P3_SP00391" HPOS="3308" VPOS="692" WIDTH="-644"/>
						<String ID="P3_ST00448" HPOS="2664" VPOS="654" WIDTH="74" HEIGHT="30" CONTENT="um" WC="0.69" CC="60"/>
						<SP ID="P3_SP00392" HPOS="3308" VPOS="692" WIDTH="-539"/>
						<String ID="P3_ST00449" HPOS="2769" VPOS="639" WIDTH="129" HEIGHT="47" CONTENT="einen" WC="0.98" CC="11613"/>
						<SP ID="P3_SP00393" HPOS="3308" VPOS="692" WIDTH="-377"/>
						<String ID="P3_ST00450" HPOS="2931" VPOS="640" WIDTH="197" HEIGHT="49" CONTENT="Halbton" WC="0.39" CC="8577274"/>
						<SP ID="P3_SP00394" HPOS="3308" VPOS="692" WIDTH="-150"/>
						<String ID="P3_ST00451" HPOS="3158" VPOS="645" WIDTH="142" HEIGHT="57" CONTENT="tiefer," WC="1.00" CC="7000000"/>
					</TextLine>
					<TextLine ID="P3_TL00058" HPOS="1795" VPOS="703" WIDTH="1507" HEIGHT="83">
						<String ID="P3_ST00452" HPOS="1795" VPOS="703" WIDTH="93" HEIGHT="47" CONTENT="also" WC="0.97" CC="5360"/>
						<SP ID="P3_SP00395" HPOS="1888" VPOS="750" WIDTH="29"/>
						<String ID="P3_ST00453" HPOS="1917" VPOS="705" WIDTH="113" HEIGHT="47" CONTENT="nach" WC="0.99" CC="2400"/>
						<SP ID="P3_SP00396" HPOS="2030" VPOS="752" WIDTH="27"/>
						<String ID="P3_ST00454" HPOS="2057" VPOS="705" WIDTH="56" HEIGHT="49" CONTENT="A." WC="0.67" CC="06" STYLEREFS="TXT_3"/>
						<SP ID="P3_SP00397" HPOS="2113" VPOS="754" WIDTH="33"/>
						<String ID="P3_ST00455" HPOS="2146" VPOS="707" WIDTH="154" HEIGHT="48" CONTENT="Damit" WC="0.98" CC="73401"/>
						<SP ID="P3_SP00398" HPOS="2300" VPOS="755" WIDTH="29"/>
						<String ID="P3_ST00456" HPOS="2329" VPOS="710" WIDTH="109" HEIGHT="45" CONTENT="wird" WC="1.00" CC="0200"/>
						<SP ID="P3_SP00399" HPOS="2438" VPOS="755" WIDTH="33"/>
						<String ID="P3_ST00457" HPOS="2471" VPOS="728" WIDTH="102" HEIGHT="30" CONTENT="man" WC="0.94" CC="087"/>
						<SP ID="P3_SP00400" HPOS="2573" VPOS="758" WIDTH="30"/>
						<String ID="P3_ST00458" HPOS="2603" VPOS="711" WIDTH="99" HEIGHT="50" CONTENT="dem" WC="0.98" CC="004"/>
						<SP ID="P3_SP00401" HPOS="2702" VPOS="761" WIDTH="31"/>
						<String ID="P3_ST00459" HPOS="2733" VPOS="730" WIDTH="82" HEIGHT="32" CONTENT="von" WC="0.97" CC="025"/>
						<SP ID="P3_SP00402" HPOS="2815" VPOS="762" WIDTH="29"/>
						<String ID="P3_ST00460" HPOS="2844" VPOS="715" WIDTH="82" HEIGHT="47" CONTENT="der" WC="0.99" CC="001"/>
						<SP ID="P3_SP00403" HPOS="2926" VPOS="762" WIDTH="31"/>
						<String ID="P3_ST00461" HPOS="2957" VPOS="715" WIDTH="192" HEIGHT="51" CONTENT="berliner" WC="0.98" CC="63360733"/>
						<SP ID="P3_SP00404" HPOS="3149" VPOS="766" WIDTH="23"/>
						<String ID="P3_ST00462" HPOS="3172" VPOS="721" WIDTH="130" HEIGHT="65" CONTENT="Sing-" WC="0.66" CC="20094"/>
					</TextLine>
					<TextLine ID="P3_TL00059" HPOS="1795" VPOS="780" WIDTH="1280" HEIGHT="75">
						<String ID="P3_ST00463" HPOS="1795" VPOS="780" WIDTH="252" HEIGHT="49" CONTENT="Akademie" WC="0.53" CC="99490300"/>
						<SP ID="P3_SP00405" HPOS="2047" VPOS="829" WIDTH="30"/>
						<String ID="P3_ST00464" HPOS="2077" VPOS="782" WIDTH="163" HEIGHT="48" CONTENT="bereits" WC="0.98" CC="7007054"/>
						<SP ID="P3_SP00406" HPOS="2240" VPOS="830" WIDTH="29"/>
						<String ID="P3_ST00465" HPOS="2269" VPOS="786" WIDTH="264" HEIGHT="62" CONTENT="gegebenen" WC="0.98" CC="039532655"/>
						<SP ID="P3_SP00407" HPOS="2533" VPOS="848" WIDTH="32"/>
						<String ID="P3_ST00466" HPOS="2565" VPOS="789" WIDTH="215" HEIGHT="66" CONTENT="Beispiele" WC="0.99" CC="760900710"/>
						<SP ID="P3_SP00408" HPOS="2780" VPOS="855" WIDTH="30"/>
						<String ID="P3_ST00467" HPOS="2810" VPOS="792" WIDTH="78" HEIGHT="47" CONTENT="mit" WC="0.99" CC="002"/>
						<SP ID="P3_SP00409" HPOS="2888" VPOS="855" WIDTH="30"/>
						<String ID="P3_ST00468" HPOS="2918" VPOS="794" WIDTH="157" HEIGHT="48" CONTENT="Bach's" WC="0.64" CC="854030"/>
					</TextLine>
					<TextLine ID="P3_TL00060" HPOS="1795" VPOS="857" WIDTH="1508" HEIGHT="83">
						<String ID="P3_ST00469" HPOS="1795" VPOS="857" WIDTH="144" HEIGHT="48" CONTENT="Messe" WC="0.66" CC="90060"/>
						<SP ID="P3_SP00410" HPOS="1939" VPOS="905" WIDTH="24"/>
						<String ID="P3_ST00470" HPOS="1963" VPOS="858" WIDTH="165" HEIGHT="65" CONTENT="folgen," WC="0.98" CC="0409083"/>
						<SP ID="P3_SP00411" HPOS="2128" VPOS="923" WIDTH="23"/>
						<String ID="P3_ST00471" HPOS="2151" VPOS="861" WIDTH="70" HEIGHT="48" CONTENT="die" WC="1.00" CC="000"/>
						<SP ID="P3_SP00412" HPOS="2221" VPOS="923" WIDTH="25"/>
						<String ID="P3_ST00472" HPOS="2246" VPOS="862" WIDTH="79" HEIGHT="47" CONTENT="mit" WC="0.97" CC="015"/>
						<SP ID="P3_SP00413" HPOS="2325" VPOS="923" WIDTH="22"/>
						<String ID="P3_ST00473" HPOS="2347" VPOS="861" WIDTH="80" HEIGHT="49" CONTENT="der" WC="0.98" CC="005"/>
						<SP ID="P3_SP00414" HPOS="2427" VPOS="923" WIDTH="24"/>
						<String ID="P3_ST00474" HPOS="2451" VPOS="863" WIDTH="302" HEIGHT="51" CONTENT="bestehenden" WC="0.99" CC="20030717427"/>
						<SP ID="P3_SP00415" HPOS="2753" VPOS="923" WIDTH="19"/>
						<String ID="P3_ST00475" HPOS="2772" VPOS="869" WIDTH="531" HEIGHT="71" CONTENT="Orchester-Stimmung" WC="0.99" CC="630705844307250079"/>
					</TextLine>
					<TextLine ID="P3_TL00061" HPOS="1793" VPOS="933" WIDTH="1507" HEIGHT="66">
						<String ID="P3_ST00476" HPOS="1793" VPOS="933" WIDTH="245" HEIGHT="63" CONTENT="gleichfalls" WC="0.99" CC="06001007024"/>
						<SP ID="P3_SP00416" HPOS="2038" VPOS="996" WIDTH="29"/>
						<String ID="P3_ST00477" HPOS="2067" VPOS="938" WIDTH="104" HEIGHT="46" CONTENT="sehr" WC="0.97" CC="1056"/>
						<SP ID="P3_SP00417" HPOS="2171" VPOS="996" WIDTH="28"/>
						<String ID="P3_ST00478" HPOS="2199" VPOS="938" WIDTH="177" HEIGHT="49" CONTENT="schwer" WC="0.99" CC="007000"/>
						<SP ID="P3_SP00418" HPOS="2376" VPOS="996" WIDTH="28"/>
						<String ID="P3_ST00479" HPOS="2404" VPOS="941" WIDTH="307" HEIGHT="49" CONTENT="auszuführen" WC="0.99" CC="12304083205"/>
						<SP ID="P3_SP00419" HPOS="2711" VPOS="996" WIDTH="32"/>
						<String ID="P3_ST00480" HPOS="2743" VPOS="943" WIDTH="65" HEIGHT="49" CONTENT="ist." WC="0.97" CC="1253"/>
						<SP ID="P3_SP00420" HPOS="2808" VPOS="996" WIDTH="31"/>
						<String ID="P3_ST00481" HPOS="2839" VPOS="947" WIDTH="92" HEIGHT="46" CONTENT="Der" WC="0.95" CC="750"/>
						<SP ID="P3_SP00421" HPOS="2931" VPOS="996" WIDTH="21"/>
						<String ID="P3_ST00482" HPOS="2952" VPOS="949" WIDTH="88" HEIGHT="47" CONTENT="alte" WC="0.99" CC="0060"/>
						<SP ID="P3_SP00422" HPOS="3040" VPOS="996" WIDTH="23"/>
						<String ID="P3_ST00483" HPOS="3063" VPOS="949" WIDTH="237" HEIGHT="50" CONTENT="Sebastian" WC="0.99" CC="405515105"/>
					</TextLine>
					<TextLine ID="P3_TL00062" HPOS="1793" VPOS="1009" WIDTH="1511" HEIGHT="79">
						<String ID="P3_ST00484" HPOS="1793" VPOS="1009" WIDTH="77" HEIGHT="47" CONTENT="hat" WC="0.96" CC="506"/>
						<SP ID="P3_SP00423" HPOS="1870" VPOS="1056" WIDTH="22"/>
						<String ID="P3_ST00485" HPOS="1892" VPOS="1009" WIDTH="84" HEIGHT="47" CONTENT="den" WC="0.96" CC="038"/>
						<SP ID="P3_SP00424" HPOS="1976" VPOS="1056" WIDTH="19"/>
						<String ID="P3_ST00486" HPOS="1995" VPOS="1012" WIDTH="175" HEIGHT="65" CONTENT="Sopran" WC="0.99" CC="000508"/>
						<SP ID="P3_SP00425" HPOS="2170" VPOS="1077" WIDTH="25"/>
						<String ID="P3_ST00487" HPOS="2195" VPOS="1015" WIDTH="89" HEIGHT="47" CONTENT="und" WC="0.98" CC="050"/>
						<SP ID="P3_SP00426" HPOS="2284" VPOS="1077" WIDTH="27"/>
						<String ID="P3_ST00488" HPOS="2311" VPOS="1017" WIDTH="74" HEIGHT="46" CONTENT="Alt" WC="0.96" CC="056"/>
						<SP ID="P3_SP00427" HPOS="2385" VPOS="1077" WIDTH="21"/>
						<String ID="P3_ST00489" HPOS="2406" VPOS="1017" WIDTH="115" HEIGHT="47" CONTENT="auch" WC="0.97" CC="3057"/>
						<SP ID="P3_SP00428" HPOS="2521" VPOS="1077" WIDTH="33"/>
						<String ID="P3_ST00490" HPOS="2554" VPOS="1018" WIDTH="74" HEIGHT="46" CONTENT="für" WC="0.98" CC="005"/>
						<SP ID="P3_SP00429" HPOS="2628" VPOS="1077" WIDTH="27"/>
						<String ID="P3_ST00491" HPOS="2655" VPOS="1018" WIDTH="398" HEIGHT="54" CONTENT="Knabenstimmen" WC="0.99" CC="0777055738916"/>
						<SP ID="P3_SP00430" HPOS="3053" VPOS="1077" WIDTH="25"/>
						<String ID="P3_ST00492" HPOS="3078" VPOS="1026" WIDTH="201" HEIGHT="62" CONTENT="geschrie" SUBS_TYPE="HypPart1" SUBS_CONTENT="geschrieben," WC="0.99" CC="00305429"/>
						<HYP HPOS="3279" VPOS="1026" WIDTH="25" CONTENT="-"/>
					</TextLine>
					<TextLine ID="P3_TL00063" HPOS="1793" VPOS="1084" WIDTH="1510" HEIGHT="86">
						<String ID="P3_ST00493" HPOS="1793" VPOS="1084" WIDTH="104" HEIGHT="58" CONTENT="ben," SUBS_TYPE="HypPart2" SUBS_CONTENT="geschrieben," WC="0.96" CC="6083"/>
						<SP ID="P3_SP00431" HPOS="1897" VPOS="1142" WIDTH="29"/>
						<String ID="P3_ST00494" HPOS="1926" VPOS="1086" WIDTH="55" HEIGHT="48" CONTENT="da" WC="0.66" CC="06"/>
						<SP ID="P3_SP00432" HPOS="1981" VPOS="1142" WIDTH="24"/>
						<String ID="P3_ST00495" HPOS="2005" VPOS="1105" WIDTH="49" HEIGHT="30" CONTENT="zu" WC="0.44" CC="64"/>
						<SP ID="P3_SP00433" HPOS="2054" VPOS="1142" WIDTH="25"/>
						<String ID="P3_ST00496" HPOS="2079" VPOS="1089" WIDTH="144" HEIGHT="47" CONTENT="seiner" WC="0.98" CC="042800"/>
						<SP ID="P3_SP00434" HPOS="2223" VPOS="1142" WIDTH="23"/>
						<String ID="P3_ST00497" HPOS="2246" VPOS="1092" WIDTH="95" HEIGHT="47" CONTENT="Zeit" WC="1.00" CC="0000"/>
						<SP ID="P3_SP00435" HPOS="2341" VPOS="1142" WIDTH="25"/>
						<String ID="P3_ST00498" HPOS="2366" VPOS="1093" WIDTH="88" HEIGHT="47" CONTENT="und" WC="1.00" CC="000"/>
						<SP ID="P3_SP00436" HPOS="2454" VPOS="1142" WIDTH="31"/>
						<String ID="P3_ST00499" HPOS="2485" VPOS="1095" WIDTH="79" HEIGHT="47" CONTENT="viel" WC="0.98" CC="0403"/>
						<SP ID="P3_SP00437" HPOS="2564" VPOS="1142" WIDTH="29"/>
						<String ID="P3_ST00500" HPOS="2593" VPOS="1100" WIDTH="150" HEIGHT="59" CONTENT="später" WC="0.98" CC="300543"/>
						<SP ID="P3_SP00438" HPOS="2743" VPOS="1159" WIDTH="29"/>
						<String ID="P3_ST00501" HPOS="2772" VPOS="1097" WIDTH="114" HEIGHT="48" CONTENT="noch" WC="0.99" CC="2100"/>
						<SP ID="P3_SP00439" HPOS="2886" VPOS="1159" WIDTH="32"/>
						<String ID="P3_ST00502" HPOS="2918" VPOS="1098" WIDTH="69" HEIGHT="47" CONTENT="die" WC="0.98" CC="030"/>
						<SP ID="P3_SP00440" HPOS="2987" VPOS="1159" WIDTH="22"/>
						<String ID="P3_ST00503" HPOS="3009" VPOS="1101" WIDTH="294" HEIGHT="69" CONTENT="Mitwirkung" WC="0.99" CC="0750200260"/>
					</TextLine>
					<TextLine ID="P3_TL00064" HPOS="1790" VPOS="1163" WIDTH="1510" HEIGHT="67">
						<String ID="P3_ST00504" HPOS="1790" VPOS="1163" WIDTH="82" HEIGHT="47" CONTENT="der" WC="1.00" CC="000"/>
						<SP ID="P3_SP00441" HPOS="1872" VPOS="1210" WIDTH="30"/>
						<String ID="P3_ST00505" HPOS="1902" VPOS="1164" WIDTH="264" HEIGHT="50" CONTENT="weiblichen" WC="0.99" CC="0006434723"/>
						<SP ID="P3_SP00442" HPOS="2166" VPOS="1214" WIDTH="32"/>
						<String ID="P3_ST00506" HPOS="2198" VPOS="1168" WIDTH="221" HEIGHT="50" CONTENT="Stimmen" WC="0.98" CC="6609007"/>
						<SP ID="P3_SP00443" HPOS="2419" VPOS="1218" WIDTH="42"/>
						<String ID="P3_ST00507" HPOS="2461" VPOS="1171" WIDTH="42" HEIGHT="47" CONTENT="in" WC="0.57" CC="08"/>
						<SP ID="P3_SP00444" HPOS="2503" VPOS="1218" WIDTH="43"/>
						<String ID="P3_ST00508" HPOS="2546" VPOS="1173" WIDTH="113" HEIGHT="47" CONTENT="allen" WC="0.99" CC="00026"/>
						<SP ID="P3_SP00445" HPOS="2659" VPOS="1220" WIDTH="46"/>
						<String ID="P3_ST00509" HPOS="2705" VPOS="1173" WIDTH="195" HEIGHT="50" CONTENT="Kirchen" WC="0.98" CC="0250705"/>
						<SP ID="P3_SP00446" HPOS="2900" VPOS="1223" WIDTH="41"/>
						<String ID="P3_ST00510" HPOS="2941" VPOS="1175" WIDTH="215" HEIGHT="50" CONTENT="verboten" WC="0.99" CC="00373408"/>
						<SP ID="P3_SP00447" HPOS="3156" VPOS="1225" WIDTH="36"/>
						<String ID="P3_ST00511" HPOS="3192" VPOS="1196" WIDTH="108" HEIGHT="34" CONTENT="war." WC="0.98" CC="0504"/>
					</TextLine>
					<TextLine ID="P3_TL00065" HPOS="1789" VPOS="1239" WIDTH="1511" HEIGHT="74">
						<String ID="P3_ST00512" HPOS="1789" VPOS="1239" WIDTH="198" HEIGHT="50" CONTENT="Seitdem" WC="0.98" CC="2625900"/>
						<SP ID="P3_SP00448" HPOS="1987" VPOS="1289" WIDTH="32"/>
						<String ID="P3_ST00513" HPOS="2019" VPOS="1260" WIDTH="89" HEIGHT="30" CONTENT="nun" WC="0.92" CC="868"/>
						<SP ID="P3_SP00449" HPOS="2108" VPOS="1290" WIDTH="29"/>
						<String ID="P3_ST00514" HPOS="2137" VPOS="1244" WIDTH="253" HEIGHT="49" CONTENT="Beethoven" WC="0.98" CC="877656078"/>
						<SP ID="P3_SP00450" HPOS="2390" VPOS="1293" WIDTH="20"/>
						<String ID="P3_ST00515" HPOS="2410" VPOS="1262" WIDTH="18" HEIGHT="31" CONTENT="s" WC="1.00" CC="0"/>
						<SP ID="P3_SP00451" HPOS="2428" VPOS="1293" WIDTH="23"/>
						<String ID="P3_ST00516" HPOS="2451" VPOS="1247" WIDTH="133" HEIGHT="48" CONTENT="Missa" WC="0.88" CC="02300"/>
						<SP ID="P3_SP00452" HPOS="2584" VPOS="1295" WIDTH="29"/>
						<String ID="P3_ST00517" HPOS="2613" VPOS="1250" WIDTH="69" HEIGHT="45" CONTENT="ein" WC="0.95" CC="507"/>
						<SP ID="P3_SP00453" HPOS="2682" VPOS="1295" WIDTH="25"/>
						<String ID="P3_ST00518" HPOS="2707" VPOS="1251" WIDTH="287" HEIGHT="62" CONTENT="Gegenstand" WC="0.99" CC="9204456040"/>
						<SP ID="P3_SP00454" HPOS="2994" VPOS="1313" WIDTH="33"/>
						<String ID="P3_ST00519" HPOS="3027" VPOS="1252" WIDTH="273" HEIGHT="52" CONTENT="besonderer" WC="0.99" CC="3440302556"/>
					</TextLine>
					<TextLine ID="P3_TL00066" HPOS="1792" VPOS="1317" WIDTH="1508" HEIGHT="75">
						<String ID="P3_ST00520" HPOS="1792" VPOS="1317" WIDTH="223" HEIGHT="48" CONTENT="Affection" WC="0.54" CC="633708038"/>
						<SP ID="P3_SP00455" HPOS="2015" VPOS="1365" WIDTH="29"/>
						<String ID="P3_ST00521" HPOS="2044" VPOS="1321" WIDTH="176" HEIGHT="48" CONTENT="Seitens" WC="0.98" CC="6626600"/>
						<SP ID="P3_SP00456" HPOS="2220" VPOS="1369" WIDTH="29"/>
						<String ID="P3_ST00522" HPOS="2249" VPOS="1322" WIDTH="80" HEIGHT="48" CONTENT="der" WC="0.95" CC="066"/>
						<SP ID="P3_SP00457" HPOS="2329" VPOS="1370" WIDTH="28"/>
						<String ID="P3_ST00523" HPOS="2357" VPOS="1340" WIDTH="184" HEIGHT="47" CONTENT="grossen" WC="0.98" CC="0690404"/>
						<SP ID="P3_SP00458" HPOS="2541" VPOS="1387" WIDTH="32"/>
						<String ID="P3_ST00524" HPOS="2573" VPOS="1326" WIDTH="260" HEIGHT="49" CONTENT="Musikfeste" WC="1.00" CC="0001000070"/>
						<SP ID="P3_SP00459" HPOS="2833" VPOS="1387" WIDTH="28"/>
						<String ID="P3_ST00525" HPOS="2861" VPOS="1330" WIDTH="263" HEIGHT="62" CONTENT="geworden," WC="1.00" CC="000040080"/>
						<SP ID="P3_SP00460" HPOS="3124" VPOS="1392" WIDTH="32"/>
						<String ID="P3_ST00526" HPOS="3156" VPOS="1341" WIDTH="144" HEIGHT="41" CONTENT="treten" WC="0.97" CC="432866"/>
					</TextLine>
					<TextLine ID="P3_TL00067" HPOS="1792" VPOS="1394" WIDTH="1512" HEIGHT="65">
						<String ID="P3_ST00527" HPOS="1792" VPOS="1394" WIDTH="114" HEIGHT="47" CONTENT="noch" WC="0.96" CC="7542"/>
						<SP ID="P3_SP00461" HPOS="1906" VPOS="1441" WIDTH="42"/>
						<String ID="P3_ST00528" HPOS="1948" VPOS="1411" WIDTH="111" HEIGHT="46" CONTENT="ganz" WC="0.95" CC="9506"/>
						<SP ID="P3_SP00462" HPOS="2059" VPOS="1457" WIDTH="44"/>
						<String ID="P3_ST00529" HPOS="2103" VPOS="1397" WIDTH="249" HEIGHT="49" CONTENT="besondere" WC="0.99" CC="660080000"/>
						<SP ID="P3_SP00463" HPOS="2352" VPOS="1457" WIDTH="28"/>
						<String ID="P3_ST00530" HPOS="2380" VPOS="1402" WIDTH="229" HEIGHT="48" CONTENT="Momente" WC="0.99" CC="0000160"/>
						<SP ID="P3_SP00464" HPOS="2609" VPOS="1457" WIDTH="40"/>
						<String ID="P3_ST00531" HPOS="2649" VPOS="1402" WIDTH="79" HEIGHT="48" CONTENT="der" WC="0.94" CC="771"/>
						<SP ID="P3_SP00465" HPOS="2728" VPOS="1457" WIDTH="31"/>
						<String ID="P3_ST00532" HPOS="2759" VPOS="1404" WIDTH="264" HEIGHT="55" CONTENT="Beachtung" WC="0.98" CC="705376627"/>
						<SP ID="P3_SP00466" HPOS="3023" VPOS="1459" WIDTH="40"/>
						<String ID="P3_ST00533" HPOS="3063" VPOS="1416" WIDTH="241" HEIGHT="43" CONTENT="entgegen." WC="0.98" CC="177708377"/>
					</TextLine>
					<TextLine ID="P3_TL00068" HPOS="1793" VPOS="1450" WIDTH="1510" HEIGHT="31">
						<String ID="P3_ST00534" HPOS="1793" VPOS="1471" WIDTH="185" HEIGHT="10" CONTENT="..it." WC="0.96" CC="23776" STYLEREFS="TXT_4"/>
						<SP ID="P3_SP00467" HPOS="1978" VPOS="1481" WIDTH="1017"/>
						<String ID="P3_ST00535" HPOS="2995" VPOS="1450" WIDTH="308" HEIGHT="23" CONTENT="ODO''" WC="0.96" CC="77744" STYLEREFS="TXT_5"/>
					</TextLine>
					<TextLine ID="P3_TL00069" HPOS="1794" VPOS="1473" WIDTH="1511" HEIGHT="71">
						<String ID="P3_ST00536" HPOS="1794" VPOS="1473" WIDTH="114" HEIGHT="46" CONTENT="über" WC="0.97" CC="0623"/>
						<SP ID="P3_SP00468" HPOS="1908" VPOS="1519" WIDTH="28"/>
						<String ID="P3_ST00537" HPOS="1936" VPOS="1473" WIDTH="71" HEIGHT="47" CONTENT="die" WC="0.99" CC="020"/>
						<SP ID="P3_SP00469" HPOS="2007" VPOS="1520" WIDTH="28"/>
						<String ID="P3_ST00538" HPOS="2035" VPOS="1474" WIDTH="138" HEIGHT="47" CONTENT="schon" WC="0.97" CC="07717"/>
						<SP ID="P3_SP00470" HPOS="2173" VPOS="1521" WIDTH="33"/>
						<String ID="P3_ST00539" HPOS="2206" VPOS="1476" WIDTH="265" HEIGHT="49" CONTENT="wiederholt" WC="1.00" CC="0020306040"/>
						<SP ID="P3_SP00471" HPOS="2471" VPOS="1525" WIDTH="29"/>
						<String ID="P3_ST00540" HPOS="2500" VPOS="1481" WIDTH="276" HEIGHT="63" CONTENT="gesprochen" WC="0.99" CC="9470306704"/>
						<SP ID="P3_SP00472" HPOS="2776" VPOS="1544" WIDTH="32"/>
						<String ID="P3_ST00541" HPOS="2808" VPOS="1483" WIDTH="203" HEIGHT="59" CONTENT="worden," WC="0.98" CC="8440042"/>
						<SP ID="P3_SP00473" HPOS="3011" VPOS="1544" WIDTH="42"/>
						<String ID="P3_ST00542" HPOS="3053" VPOS="1501" WIDTH="44" HEIGHT="32" CONTENT="es" WC="0.84" CC="30"/>
						<SP ID="P3_SP00474" HPOS="3097" VPOS="1544" WIDTH="36"/>
						<String ID="P3_ST00543" HPOS="3133" VPOS="1486" WIDTH="172" HEIGHT="49" CONTENT="scheint" WC="0.98" CC="3070675"/>
					</TextLine>
					<TextLine ID="P3_TL00070" HPOS="1785" VPOS="1548" WIDTH="1517" HEIGHT="72">
						<String ID="P3_ST00544" HPOS="1785" VPOS="1548" WIDTH="183" HEIGHT="65" CONTENT="jedoch," WC="0.99" CC="1004760"/>
						<SP ID="P3_SP00475" HPOS="1968" VPOS="1613" WIDTH="27"/>
						<String ID="P3_ST00545" HPOS="1995" VPOS="1549" WIDTH="227" HEIGHT="50" CONTENT="fruchtlos." WC="0.99" CC="0060778000"/>
						<SP ID="P3_SP00476" HPOS="2222" VPOS="1613" WIDTH="33"/>
						<String ID="P3_ST00546" HPOS="2255" VPOS="1554" WIDTH="119" HEIGHT="55" CONTENT="Nun," WC="0.95" CC="6670"/>
						<SP ID="P3_SP00477" HPOS="2374" VPOS="1613" WIDTH="25"/>
						<String ID="P3_ST00547" HPOS="2399" VPOS="1571" WIDTH="48" HEIGHT="30" CONTENT="so" WC="0.44" CC="64"/>
						<SP ID="P3_SP00478" HPOS="2447" VPOS="1613" WIDTH="24"/>
						<String ID="P3_ST00548" HPOS="2471" VPOS="1557" WIDTH="150" HEIGHT="63" CONTENT="quälet" WC="0.98" CC="470445"/>
						<SP ID="P3_SP00479" HPOS="2621" VPOS="1620" WIDTH="23"/>
						<String ID="P3_ST00549" HPOS="2644" VPOS="1558" WIDTH="110" HEIGHT="47" CONTENT="euch" WC="0.98" CC="4006"/>
						<SP ID="P3_SP00480" HPOS="2754" VPOS="1620" WIDTH="23"/>
						<String ID="P3_ST00550" HPOS="2777" VPOS="1558" WIDTH="140" HEIGHT="50" CONTENT="damit" WC="0.98" CC="05226"/>
						<SP ID="P3_SP00481" HPOS="2917" VPOS="1620" WIDTH="29"/>
						<String ID="P3_ST00551" HPOS="2946" VPOS="1561" WIDTH="102" HEIGHT="57" CONTENT="fort," WC="0.98" CC="04440"/>
						<SP ID="P3_SP00482" HPOS="3048" VPOS="1620" WIDTH="30"/>
						<String ID="P3_ST00552" HPOS="3078" VPOS="1562" WIDTH="109" HEIGHT="48" CONTENT="aber" WC="0.98" CC="0510"/>
						<SP ID="P3_SP00483" HPOS="3187" VPOS="1620" WIDTH="31"/>
						<String ID="P3_ST00553" HPOS="3218" VPOS="1564" WIDTH="63" HEIGHT="49" CONTENT="las" SUBS_TYPE="HypPart1" SUBS_CONTENT="lasset" WC="0.98" CC="440"/>
						<HYP HPOS="3281" VPOS="1564" WIDTH="21" CONTENT="-"/>
					</TextLine>
					<TextLine ID="P3_TL00071" HPOS="1792" VPOS="1625" WIDTH="1511" HEIGHT="72">
						<String ID="P3_ST00554" HPOS="1792" VPOS="1633" WIDTH="64" HEIGHT="39" CONTENT="set" SUBS_TYPE="HypPart2" SUBS_CONTENT="lasset" WC="0.97" CC="305"/>
						<SP ID="P3_SP00484" HPOS="1856" VPOS="1672" WIDTH="30"/>
						<String ID="P3_ST00555" HPOS="1886" VPOS="1625" WIDTH="74" HEIGHT="56" CONTENT="ab," WC="0.96" CC="640"/>
						<SP ID="P3_SP00485" HPOS="1960" VPOS="1681" WIDTH="32"/>
						<String ID="P3_ST00556" HPOS="1992" VPOS="1625" WIDTH="101" HEIGHT="50" CONTENT="dem" WC="0.96" CC="009"/>
						<SP ID="P3_SP00486" HPOS="2093" VPOS="1681" WIDTH="31"/>
						<String ID="P3_ST00557" HPOS="2124" VPOS="1629" WIDTH="262" HEIGHT="50" CONTENT="erhabenen" WC="0.99" CC="036640530"/>
						<SP ID="P3_SP00487" HPOS="2386" VPOS="1681" WIDTH="30"/>
						<String ID="P3_ST00558" HPOS="2416" VPOS="1633" WIDTH="221" HEIGHT="64" CONTENT="Schöpfer" WC="0.98" CC="67400064"/>
						<SP ID="P3_SP00488" HPOS="2637" VPOS="1697" WIDTH="28"/>
						<String ID="P3_ST00559" HPOS="2665" VPOS="1633" WIDTH="76" HEIGHT="48" CONTENT="des" WC="1.00" CC="000"/>
						<SP ID="P3_SP00489" HPOS="2741" VPOS="1697" WIDTH="22"/>
						<String ID="P3_ST00560" HPOS="2763" VPOS="1634" WIDTH="197" HEIGHT="50" CONTENT="Werkes" WC="0.99" CC="065000"/>
						<SP ID="P3_SP00490" HPOS="2960" VPOS="1697" WIDTH="24"/>
						<String ID="P3_ST00561" HPOS="2984" VPOS="1638" WIDTH="238" HEIGHT="51" CONTENT="Vorwürfe" WC="0.99" CC="32500504"/>
						<SP ID="P3_SP00491" HPOS="3222" VPOS="1697" WIDTH="27"/>
						<String ID="P3_ST00562" HPOS="3249" VPOS="1658" WIDTH="54" HEIGHT="31" CONTENT="zu" WC="0.48" CC="63"/>
					</TextLine>
					<TextLine ID="P3_TL00072" HPOS="1793" VPOS="1703" WIDTH="1510" HEIGHT="70">
						<String ID="P3_ST00563" HPOS="1793" VPOS="1703" WIDTH="208" HEIGHT="56" CONTENT="machen," WC="0.98" CC="0477063"/>
						<SP ID="P3_SP00492" HPOS="2001" VPOS="1759" WIDTH="42"/>
						<String ID="P3_ST00564" HPOS="2043" VPOS="1704" WIDTH="102" HEIGHT="48" CONTENT="dem" WC="0.98" CC="060"/>
						<SP ID="P3_SP00493" HPOS="2145" VPOS="1759" WIDTH="31"/>
						<String ID="P3_ST00565" HPOS="2176" VPOS="1723" WIDTH="46" HEIGHT="31" CONTENT="es" WC="1.00" CC="00"/>
						<SP ID="P3_SP00494" HPOS="2222" VPOS="1759" WIDTH="27"/>
						<String ID="P3_ST00566" HPOS="2249" VPOS="1707" WIDTH="147" HEIGHT="48" CONTENT="sicher" WC="0.99" CC="020405"/>
						<SP ID="P3_SP00495" HPOS="2396" VPOS="1759" WIDTH="39"/>
						<String ID="P3_ST00567" HPOS="2435" VPOS="1709" WIDTH="88" HEIGHT="47" CONTENT="und" WC="0.98" CC="600"/>
						<SP ID="P3_SP00496" HPOS="2523" VPOS="1759" WIDTH="33"/>
						<String ID="P3_ST00568" HPOS="2556" VPOS="1711" WIDTH="161" HEIGHT="62" CONTENT="gewiss" WC="1.00" CC="000030"/>
						<SP ID="P3_SP00497" HPOS="2717" VPOS="1773" WIDTH="28"/>
						<String ID="P3_ST00569" HPOS="2745" VPOS="1711" WIDTH="122" HEIGHT="48" CONTENT="nicht" WC="0.99" CC="00045"/>
						<SP ID="P3_SP00498" HPOS="2867" VPOS="1773" WIDTH="28"/>
						<String ID="P3_ST00570" HPOS="2895" VPOS="1712" WIDTH="57" HEIGHT="48" CONTENT="im" WC="1.00" CC="00"/>
						<SP ID="P3_SP00499" HPOS="2952" VPOS="1773" WIDTH="32"/>
						<String ID="P3_ST00571" HPOS="2984" VPOS="1714" WIDTH="197" HEIGHT="51" CONTENT="Traume" WC="0.99" CC="750000"/>
						<SP ID="P3_SP00500" HPOS="3181" VPOS="1773" WIDTH="30"/>
						<String ID="P3_ST00572" HPOS="3211" VPOS="1718" WIDTH="69" HEIGHT="47" CONTENT="ein" SUBS_TYPE="HypPart1" SUBS_CONTENT="eingefallen" WC="0.97" CC="027"/>
						<HYP HPOS="3280" VPOS="1718" WIDTH="23" CONTENT="-"/>
					</TextLine>
					<TextLine ID="P3_TL00073" HPOS="1792" VPOS="1779" WIDTH="1513" HEIGHT="64">
						<String ID="P3_ST00573" HPOS="1792" VPOS="1779" WIDTH="191" HEIGHT="64" CONTENT="gefallen" SUBS_TYPE="HypPart2" SUBS_CONTENT="eingefallen" WC="0.98" CC="90072360"/>
						<SP ID="P3_SP00501" HPOS="1983" VPOS="1843" WIDTH="30"/>
						<String ID="P3_ST00574" HPOS="2013" VPOS="1782" WIDTH="71" HEIGHT="56" CONTENT="ist," WC="0.97" CC="4700"/>
						<SP ID="P3_SP00502" HPOS="2084" VPOS="1843" WIDTH="42"/>
						<String ID="P3_ST00575" HPOS="2126" VPOS="1784" WIDTH="91" HEIGHT="47" CONTENT="sein" WC="0.99" CC="0005"/>
						<SP ID="P3_SP00503" HPOS="2217" VPOS="1843" WIDTH="36"/>
						<String ID="P3_ST00576" HPOS="2253" VPOS="1785" WIDTH="144" HEIGHT="49" CONTENT="Werk" WC="0.99" CC="6000"/>
						<SP ID="P3_SP00504" HPOS="2397" VPOS="1843" WIDTH="32"/>
						<String ID="P3_ST00577" HPOS="2429" VPOS="1787" WIDTH="108" HEIGHT="47" CONTENT="solle" WC="0.98" CC="09700"/>
						<SP ID="P3_SP00505" HPOS="2537" VPOS="1843" WIDTH="30"/>
						<String ID="P3_ST00578" HPOS="2567" VPOS="1788" WIDTH="194" HEIGHT="48" CONTENT="einstens" WC="0.98" CC="23807070"/>
						<SP ID="P3_SP00506" HPOS="2761" VPOS="1843" WIDTH="29"/>
						<String ID="P3_ST00579" HPOS="2790" VPOS="1789" WIDTH="80" HEIGHT="49" CONTENT="mit" WC="0.94" CC="806"/>
						<SP ID="P3_SP00507" HPOS="2870" VPOS="1843" WIDTH="28"/>
						<String ID="P3_ST00580" HPOS="2898" VPOS="1791" WIDTH="123" HEIGHT="48" CONTENT="einer" WC="0.98" CC="03703"/>
						<SP ID="P3_SP00508" HPOS="3021" VPOS="1843" WIDTH="27"/>
						<String ID="P3_ST00581" HPOS="3048" VPOS="1793" WIDTH="146" HEIGHT="48" CONTENT="Masse" WC="0.99" CC="00060"/>
						<SP ID="P3_SP00509" HPOS="3194" VPOS="1843" WIDTH="28"/>
						<String ID="P3_ST00582" HPOS="3222" VPOS="1811" WIDTH="83" HEIGHT="32" CONTENT="von" WC="0.96" CC="028"/>
					</TextLine>
					<TextLine ID="P3_TL00074" HPOS="1793" VPOS="1858" WIDTH="1514" HEIGHT="61">
						<String ID="P3_ST00583" HPOS="1793" VPOS="1858" WIDTH="129" HEIGHT="47" CONTENT="mehr" WC="0.98" CC="0404"/>
						<SP ID="P3_SP00510" HPOS="1922" VPOS="1905" WIDTH="49"/>
						<String ID="P3_ST00584" HPOS="1971" VPOS="1858" WIDTH="116" HEIGHT="48" CONTENT="denn" WC="0.97" CC="0065"/>
						<SP ID="P3_SP00511" HPOS="2087" VPOS="1906" WIDTH="33"/>
						<String ID="P3_ST00585" HPOS="2120" VPOS="1860" WIDTH="108" HEIGHT="49" CONTENT="400" WC="0.60" CC="055"/>
						<SP ID="P3_SP00512" HPOS="2228" VPOS="1909" WIDTH="32"/>
						<String ID="P3_ST00586" HPOS="2260" VPOS="1862" WIDTH="254" HEIGHT="49" CONTENT="Vocalisten" WC="0.65" CC="0409600653"/>
						<SP ID="P3_SP00513" HPOS="2514" VPOS="1911" WIDTH="45"/>
						<String ID="P3_ST00587" HPOS="2559" VPOS="1864" WIDTH="90" HEIGHT="48" CONTENT="und" WC="0.94" CC="680"/>
						<SP ID="P3_SP00514" HPOS="2649" VPOS="1912" WIDTH="44"/>
						<String ID="P3_ST00588" HPOS="2693" VPOS="1864" WIDTH="103" HEIGHT="51" CONTENT="130" WC="0.72" CC="061"/>
						<SP ID="P3_SP00515" HPOS="2796" VPOS="1915" WIDTH="90"/>
						<String ID="P3_ST00589" HPOS="2886" VPOS="1867" WIDTH="103" HEIGHT="49" CONTENT="150" WC="0.58" CC="461"/>
						<SP ID="P3_SP00516" HPOS="2989" VPOS="1916" WIDTH="41"/>
						<String ID="P3_ST00590" HPOS="3030" VPOS="1869" WIDTH="250" HEIGHT="50" CONTENT="Instrumen" SUBS_TYPE="HypPart1" SUBS_CONTENT="Instrumentisten" WC="0.68" CC="560563004"/>
						<HYP HPOS="3280" VPOS="1869" WIDTH="27" CONTENT="-"/>
					</TextLine>
					<TextLine ID="P3_TL00075" HPOS="1792" VPOS="1934" WIDTH="1515" HEIGHT="76">
						<String ID="P3_ST00591" HPOS="1792" VPOS="1934" WIDTH="128" HEIGHT="47" CONTENT="tisten" SUBS_TYPE="HypPart2" SUBS_CONTENT="Instrumentisten" WC="0.48" CC="606637"/>
						<SP ID="P3_SP00517" HPOS="1920" VPOS="1981" WIDTH="32"/>
						<String ID="P3_ST00592" HPOS="1952" VPOS="1952" WIDTH="77" HEIGHT="30" CONTENT="zur" WC="0.95" CC="650"/>
						<SP ID="P3_SP00518" HPOS="2029" VPOS="1982" WIDTH="29"/>
						<String ID="P3_ST00593" HPOS="2058" VPOS="1937" WIDTH="308" HEIGHT="66" CONTENT="Ausführung" WC="0.99" CC="0640020020"/>
						<SP ID="P3_SP00519" HPOS="2366" VPOS="2003" WIDTH="35"/>
						<String ID="P3_ST00594" HPOS="2401" VPOS="1939" WIDTH="221" HEIGHT="64" CONTENT="gebracht" WC="0.99" CC="00408075"/>
						<SP ID="P3_SP00520" HPOS="2622" VPOS="2003" WIDTH="28"/>
						<String ID="P3_ST00595" HPOS="2650" VPOS="1942" WIDTH="196" HEIGHT="49" CONTENT="werden." WC="0.99" CC="0070024"/>
						<SP ID="P3_SP00521" HPOS="2846" VPOS="2003" WIDTH="48"/>
						<String ID="P3_ST00596" HPOS="2894" VPOS="1944" WIDTH="161" HEIGHT="50" CONTENT="Dieser" WC="0.99" CC="050011"/>
						<SP ID="P3_SP00522" HPOS="3055" VPOS="2003" WIDTH="28"/>
						<String ID="P3_ST00597" HPOS="3083" VPOS="1945" WIDTH="200" HEIGHT="65" CONTENT="eingetre" SUBS_TYPE="HypPart1" SUBS_CONTENT="eingetretene" WC="0.99" CC="01705530"/>
						<HYP HPOS="3283" VPOS="1945" WIDTH="24" CONTENT="-"/>
					</TextLine>
					<TextLine ID="P3_TL00076" HPOS="1792" VPOS="2013" WIDTH="1516" HEIGHT="72">
						<String ID="P3_ST00598" HPOS="1792" VPOS="2018" WIDTH="102" HEIGHT="41" CONTENT="tene" SUBS_TYPE="HypPart2" SUBS_CONTENT="eingetretene" WC="0.99" CC="2010"/>
						<SP ID="P3_SP00523" HPOS="1894" VPOS="2059" WIDTH="31"/>
						<String ID="P3_ST00599" HPOS="1925" VPOS="2013" WIDTH="95" HEIGHT="47" CONTENT="Fall" WC="0.98" CC="2006"/>
						<SP ID="P3_SP00524" HPOS="2020" VPOS="2060" WIDTH="39"/>
						<String ID="P3_ST00600" HPOS="2059" VPOS="2013" WIDTH="204" HEIGHT="49" CONTENT="schliesst" WC="0.67" CC="673000622"/>
						<SP ID="P3_SP00525" HPOS="2263" VPOS="2062" WIDTH="28"/>
						<String ID="P3_ST00601" HPOS="2291" VPOS="2017" WIDTH="97" HEIGHT="47" CONTENT="eine" WC="0.98" CC="0260"/>
						<SP ID="P3_SP00526" HPOS="2388" VPOS="2064" WIDTH="30"/>
						<String ID="P3_ST00602" HPOS="2418" VPOS="2018" WIDTH="143" HEIGHT="48" CONTENT="Beihe" WC="0.54" CC="73064"/>
						<SP ID="P3_SP00527" HPOS="2561" VPOS="2066" WIDTH="38"/>
						<String ID="P3_ST00603" HPOS="2599" VPOS="2034" WIDTH="84" HEIGHT="33" CONTENT="von" WC="0.97" CC="026"/>
						<SP ID="P3_SP00528" HPOS="2683" VPOS="2067" WIDTH="31"/>
						<String ID="P3_ST00604" HPOS="2714" VPOS="2020" WIDTH="353" HEIGHT="65" CONTENT="Fragepunkten" WC="0.99" CC="244000040603"/>
						<SP ID="P3_SP00529" HPOS="3067" VPOS="2085" WIDTH="42"/>
						<String ID="P3_ST00605" HPOS="3109" VPOS="2023" WIDTH="87" HEIGHT="57" CONTENT="ein," WC="0.98" CC="0063"/>
						<SP ID="P3_SP00530" HPOS="3196" VPOS="2085" WIDTH="42"/>
						<String ID="P3_ST00606" HPOS="3238" VPOS="2024" WIDTH="70" HEIGHT="48" CONTENT="die" WC="0.98" CC="032"/>
					</TextLine>
					<TextLine ID="P3_TL00077" HPOS="1793" VPOS="2089" WIDTH="1512" HEIGHT="62">
						<String ID="P3_ST00607" HPOS="1793" VPOS="2089" WIDTH="118" HEIGHT="47" CONTENT="wohl" WC="0.98" CC="0052"/>
						<SP ID="P3_SP00531" HPOS="1911" VPOS="2136" WIDTH="33"/>
						<String ID="P3_ST00608" HPOS="1944" VPOS="2090" WIDTH="80" HEIGHT="47" CONTENT="mit" WC="0.97" CC="304"/>
						<SP ID="P3_SP00532" HPOS="2024" VPOS="2137" WIDTH="32"/>
						<String ID="P3_ST00609" HPOS="2056" VPOS="2092" WIDTH="213" HEIGHT="59" CONTENT="Worten," WC="0.99" CC="0303030"/>
						<SP ID="P3_SP00533" HPOS="2269" VPOS="2151" WIDTH="31"/>
						<String ID="P3_ST00610" HPOS="2300" VPOS="2094" WIDTH="121" HEIGHT="48" CONTENT="nicht" WC="0.98" CC="00075"/>
						<SP ID="P3_SP00534" HPOS="2421" VPOS="2151" WIDTH="28"/>
						<String ID="P3_ST00611" HPOS="2449" VPOS="2094" WIDTH="113" HEIGHT="50" CONTENT="aber" WC="0.99" CC="0500"/>
						<SP ID="P3_SP00535" HPOS="2562" VPOS="2151" WIDTH="28"/>
						<String ID="P3_ST00612" HPOS="2590" VPOS="2097" WIDTH="80" HEIGHT="48" CONTENT="mit" WC="0.98" CC="400"/>
						<SP ID="P3_SP00536" HPOS="2670" VPOS="2151" WIDTH="31"/>
						<String ID="P3_ST00613" HPOS="2701" VPOS="2098" WIDTH="174" HEIGHT="48" CONTENT="Thaten" WC="0.69" CC="600504"/>
						<SP ID="P3_SP00537" HPOS="2875" VPOS="2151" WIDTH="30"/>
						<String ID="P3_ST00614" HPOS="2905" VPOS="2099" WIDTH="134" HEIGHT="48" CONTENT="leicht" WC="0.99" CC="100160"/>
						<SP ID="P3_SP00538" HPOS="3039" VPOS="2151" WIDTH="26"/>
						<String ID="P3_ST00615" HPOS="3065" VPOS="2117" WIDTH="51" HEIGHT="30" CONTENT="zu" WC="0.41" CC="55"/>
						<SP ID="P3_SP00539" HPOS="3116" VPOS="2151" WIDTH="33"/>
						<String ID="P3_ST00616" HPOS="3149" VPOS="2100" WIDTH="156" HEIGHT="51" CONTENT="beant-" WC="0.97" CC="409644"/>
					</TextLine>
				</TextBlock>
				<TextBlock ID="P3_TB00004" HPOS="1792" VPOS="2167" WIDTH="340" HEIGHT="57" STYLEREFS="TXT_6 PAR_RIGHT">
					<TextLine ID="P3_TL00078" HPOS="1792" VPOS="2168" WIDTH="313" HEIGHT="49">
						<String ID="P3_ST00617" HPOS="1792" VPOS="2173" WIDTH="172" HEIGHT="42" CONTENT="Worten" WC="0.98" CC="666105"/>
						<SP ID="P3_SP00540" HPOS="1964" VPOS="2215" WIDTH="30"/>
						<String ID="P3_ST00618" HPOS="1994" VPOS="2168" WIDTH="111" HEIGHT="49" CONTENT="sind." WC="0.96" CC="52667"/>
					</TextLine>
				</TextBlock>
				<TextBlock ID="P3_TB00005" HPOS="2759" VPOS="2172" WIDTH="432" HEIGHT="57" STYLEREFS="TXT_7 PAR_RIGHT">
					<TextLine ID="P3_TL00079" HPOS="2782" VPOS="2174" WIDTH="407" HEIGHT="53">
						<String ID="P3_ST00619" HPOS="2782" VPOS="2174" WIDTH="56" HEIGHT="49" CONTENT="A." WC="1.00" CC="00"/>
						<SP ID="P3_SP00541" HPOS="2838" VPOS="2223" WIDTH="41"/>
						<String ID="P3_ST00620" HPOS="2879" VPOS="2175" WIDTH="310" HEIGHT="52" CONTENT="Schindler." WC="0.99" CC="0055174003"/>
					</TextLine>
				</TextBlock>
				<TextBlock ID="P3_TB00006" HPOS="1787" VPOS="2414" WIDTH="1518" HEIGHT="68" STYLEREFS="TXT_1 PAR_RIGHT">
					<TextLine ID="P3_TL00080" HPOS="1788" VPOS="2415" WIDTH="1517" HEIGHT="67">
						<String ID="P3_ST00621" HPOS="1788" VPOS="2415" WIDTH="146" HEIGHT="67" CONTENT="Fétis" WC="0.96" CC="70778"/>
						<SP ID="P3_SP00542" HPOS="1934" VPOS="2482" WIDTH="29"/>
						<String ID="P3_ST00622" HPOS="1963" VPOS="2415" WIDTH="88" HEIGHT="67" CONTENT="der" WC="0.98" CC="000"/>
						<SP ID="P3_SP00543" HPOS="2051" VPOS="2482" WIDTH="29"/>
						<String ID="P3_ST00623" HPOS="2080" VPOS="2415" WIDTH="204" HEIGHT="67" CONTENT="Aeltere" WC="0.96" CC="8084060"/>
						<SP ID="P3_SP00544" HPOS="2284" VPOS="2482" WIDTH="47"/>
						<String ID="P3_ST00624" HPOS="2331" VPOS="2420" WIDTH="126" HEIGHT="56" CONTENT="über" WC="1.00" CC="2774"/>
						<SP ID="P3_SP00545" HPOS="2457" VPOS="2482" WIDTH="39"/>
						<String ID="P3_ST00625" HPOS="2496" VPOS="2422" WIDTH="323" HEIGHT="56" CONTENT="Beethoven’s" WC="1.00" CC="77767577807"/>
						<SP ID="P3_SP00546" HPOS="2819" VPOS="2482" WIDTH="39"/>
						<String ID="P3_ST00626" HPOS="2858" VPOS="2423" WIDTH="145" HEIGHT="56" CONTENT="Missa" WC="0.96" CC="04877"/>
						<SP ID="P3_SP00547" HPOS="3003" VPOS="2482" WIDTH="53"/>
						<String ID="P3_ST00627" HPOS="3056" VPOS="2426" WIDTH="249" HEIGHT="56" CONTENT="solemnis." WC="0.96" CC="486008270"/>
					</TextLine>
				</TextBlock>
				<TextBlock ID="P3_TB00007" HPOS="1782" VPOS="2555" WIDTH="1524" HEIGHT="1540" STYLEREFS="TXT_1 PAR_BLOCK">
					<TextLine ID="P3_TL00081" HPOS="1906" VPOS="2556" WIDTH="1394" HEIGHT="70">
						<String ID="P3_ST00628" HPOS="1906" VPOS="2556" WIDTH="155" HEIGHT="50" CONTENT="Wenn" WC="0.99" CC="0033"/>
						<SP ID="P3_SP00548" HPOS="2061" VPOS="2606" WIDTH="32"/>
						<String ID="P3_ST00629" HPOS="2093" VPOS="2574" WIDTH="102" HEIGHT="32" CONTENT="man" WC="0.95" CC="056"/>
						<SP ID="P3_SP00549" HPOS="2195" VPOS="2606" WIDTH="41"/>
						<String ID="P3_ST00630" HPOS="2236" VPOS="2559" WIDTH="41" HEIGHT="48" CONTENT="in" WC="0.65" CC="24"/>
						<SP ID="P3_SP00550" HPOS="2277" VPOS="2607" WIDTH="31"/>
						<String ID="P3_ST00631" HPOS="2308" VPOS="2559" WIDTH="86" HEIGHT="48" CONTENT="den" WC="0.97" CC="035"/>
						<SP ID="P3_SP00551" HPOS="2394" VPOS="2607" WIDTH="30"/>
						<String ID="P3_ST00632" HPOS="2424" VPOS="2560" WIDTH="218" HEIGHT="66" CONTENT="Organen" WC="0.99" CC="3091005"/>
						<SP ID="P3_SP00552" HPOS="2642" VPOS="2626" WIDTH="31"/>
						<String ID="P3_ST00633" HPOS="2673" VPOS="2561" WIDTH="81" HEIGHT="50" CONTENT="der" WC="0.96" CC="045"/>
						<SP ID="P3_SP00553" HPOS="2754" VPOS="2626" WIDTH="28"/>
						<String ID="P3_ST00634" HPOS="2782" VPOS="2564" WIDTH="283" HEIGHT="49" CONTENT="Kunstkritik" WC="0.99" CC="05897500410"/>
						<SP ID="P3_SP00554" HPOS="3065" VPOS="2626" WIDTH="33"/>
						<String ID="P3_ST00635" HPOS="3098" VPOS="2567" WIDTH="70" HEIGHT="49" CONTENT="die" WC="1.00" CC="000"/>
						<SP ID="P3_SP00555" HPOS="3168" VPOS="2626" WIDTH="38"/>
						<String ID="P3_ST00636" HPOS="3206" VPOS="2579" WIDTH="71" HEIGHT="38" CONTENT="ent" SUBS_TYPE="HypPart1" SUBS_CONTENT="entgegengesetztesten" WC="0.97" CC="076"/>
						<HYP HPOS="3277" VPOS="2579" WIDTH="23" CONTENT="-"/>
					</TextLine>
					<TextLine ID="P3_TL00082" HPOS="1788" VPOS="2638" WIDTH="1518" HEIGHT="67">
						<String ID="P3_ST00637" HPOS="1788" VPOS="2641" WIDTH="444" HEIGHT="56" CONTENT="gegengesetztesten" SUBS_TYPE="HypPart2" SUBS_CONTENT="entgegengesetztesten" WC="0.99" CC="90906000067760500"/>
						<SP ID="P3_SP00556" HPOS="2232" VPOS="2697" WIDTH="54"/>
						<String ID="P3_ST00638" HPOS="2286" VPOS="2638" WIDTH="199" HEIGHT="48" CONTENT="Urtheile" WC="0.69" CC="04670221"/>
						<SP ID="P3_SP00557" HPOS="2485" VPOS="2697" WIDTH="56"/>
						<String ID="P3_ST00639" HPOS="2541" VPOS="2639" WIDTH="113" HEIGHT="48" CONTENT="über" WC="0.97" CC="0605"/>
						<SP ID="P3_SP00558" HPOS="2654" VPOS="2697" WIDTH="56"/>
						<String ID="P3_ST00640" HPOS="2710" VPOS="2640" WIDTH="368" HEIGHT="65" CONTENT="hervorragende" WC="0.99" CC="3037343992503"/>
						<SP ID="P3_SP00559" HPOS="3078" VPOS="2705" WIDTH="48"/>
						<String ID="P3_ST00641" HPOS="3126" VPOS="2645" WIDTH="180" HEIGHT="50" CONTENT="Werke" WC="0.99" CC="00203"/>
					</TextLine>
					<TextLine ID="P3_TL00083" HPOS="1788" VPOS="2710" WIDTH="1517" HEIGHT="72">
						<String ID="P3_ST00642" HPOS="1788" VPOS="2710" WIDTH="127" HEIGHT="56" CONTENT="lies't," WC="0.77" CC="4300060"/>
						<SP ID="P3_SP00560" HPOS="1915" VPOS="2766" WIDTH="29"/>
						<String ID="P3_ST00643" HPOS="1944" VPOS="2728" WIDTH="49" HEIGHT="32" CONTENT="so" WC="0.66" CC="06"/>
						<SP ID="P3_SP00561" HPOS="1993" VPOS="2766" WIDTH="27"/>
						<String ID="P3_ST00644" HPOS="2020" VPOS="2711" WIDTH="173" HEIGHT="50" CONTENT="scheint" WC="0.98" CC="3550084"/>
						<SP ID="P3_SP00562" HPOS="2193" VPOS="2766" WIDTH="27"/>
						<String ID="P3_ST00645" HPOS="2220" VPOS="2729" WIDTH="45" HEIGHT="32" CONTENT="es" WC="1.00" CC="00"/>
						<SP ID="P3_SP00563" HPOS="2265" VPOS="2766" WIDTH="32"/>
						<String ID="P3_ST00646" HPOS="2297" VPOS="2714" WIDTH="98" HEIGHT="57" CONTENT="fast," WC="0.96" CC="07952"/>
						<SP ID="P3_SP00564" HPOS="2395" VPOS="2771" WIDTH="30"/>
						<String ID="P3_ST00647" HPOS="2425" VPOS="2716" WIDTH="62" HEIGHT="47" CONTENT="als" WC="0.97" CC="053"/>
						<SP ID="P3_SP00565" HPOS="2487" VPOS="2771" WIDTH="30"/>
						<String ID="P3_ST00648" HPOS="2517" VPOS="2716" WIDTH="117" HEIGHT="64" CONTENT="gäbe" WC="0.98" CC="0070"/>
						<SP ID="P3_SP00566" HPOS="2634" VPOS="2780" WIDTH="29"/>
						<String ID="P3_ST00649" HPOS="2663" VPOS="2734" WIDTH="45" HEIGHT="31" CONTENT="es" WC="1.00" CC="00"/>
						<SP ID="P3_SP00567" HPOS="2708" VPOS="2780" WIDTH="30"/>
						<String ID="P3_ST00650" HPOS="2738" VPOS="2734" WIDTH="82" HEIGHT="48" CONTENT="gar" WC="0.97" CC="062"/>
						<SP ID="P3_SP00568" HPOS="2820" VPOS="2782" WIDTH="29"/>
						<String ID="P3_ST00651" HPOS="2849" VPOS="2718" WIDTH="160" HEIGHT="49" CONTENT="keinen" WC="0.97" CC="045556"/>
						<SP ID="P3_SP00569" HPOS="3009" VPOS="2782" WIDTH="33"/>
						<String ID="P3_ST00652" HPOS="3042" VPOS="2720" WIDTH="155" HEIGHT="50" CONTENT="Canon" WC="0.97" CC="75330"/>
						<SP ID="P3_SP00570" HPOS="3197" VPOS="2782" WIDTH="32"/>
						<String ID="P3_ST00653" HPOS="3229" VPOS="2723" WIDTH="76" HEIGHT="48" CONTENT="für" WC="0.94" CC="690"/>
					</TextLine>
					<TextLine ID="P3_TL00084" HPOS="1786" VPOS="2787" WIDTH="1513" HEIGHT="61">
						<String ID="P3_ST00654" HPOS="1786" VPOS="2787" WIDTH="79" HEIGHT="49" CONTENT="das" WC="1.00" CC="000"/>
						<SP ID="P3_SP00571" HPOS="1865" VPOS="2836" WIDTH="28"/>
						<String ID="P3_ST00655" HPOS="1893" VPOS="2789" WIDTH="509" HEIGHT="59" CONTENT="Musicalisch-Schöne," WC="1.00" CC="4500004000300040600"/>
						<SP ID="P3_SP00572" HPOS="2402" VPOS="2848" WIDTH="37"/>
						<String ID="P3_ST00656" HPOS="2439" VPOS="2794" WIDTH="92" HEIGHT="47" CONTENT="und" WC="0.98" CC="320"/>
						<SP ID="P3_SP00573" HPOS="2531" VPOS="2848" WIDTH="40"/>
						<String ID="P3_ST00657" HPOS="2571" VPOS="2795" WIDTH="64" HEIGHT="47" CONTENT="als" WC="0.97" CC="702"/>
						<SP ID="P3_SP00574" HPOS="2635" VPOS="2848" WIDTH="30"/>
						<String ID="P3_ST00658" HPOS="2665" VPOS="2799" WIDTH="121" HEIGHT="44" CONTENT="wäre" WC="0.99" CC="0004"/>
						<SP ID="P3_SP00575" HPOS="2786" VPOS="2848" WIDTH="29"/>
						<String ID="P3_ST00659" HPOS="2815" VPOS="2795" WIDTH="71" HEIGHT="50" CONTENT="die" WC="1.00" CC="010"/>
						<SP ID="P3_SP00576" HPOS="2886" VPOS="2848" WIDTH="29"/>
						<String ID="P3_ST00660" HPOS="2915" VPOS="2798" WIDTH="127" HEIGHT="48" CONTENT="Muse" WC="0.98" CC="0360"/>
						<SP ID="P3_SP00577" HPOS="3042" VPOS="2848" WIDTH="30"/>
						<String ID="P3_ST00661" HPOS="3072" VPOS="2798" WIDTH="78" HEIGHT="49" CONTENT="der" WC="0.99" CC="020"/>
						<SP ID="P3_SP00578" HPOS="3150" VPOS="2848" WIDTH="30"/>
						<String ID="P3_ST00662" HPOS="3180" VPOS="2801" WIDTH="90" HEIGHT="47" CONTENT="Ton" SUBS_TYPE="HypPart1" SUBS_CONTENT="Tonkunst" WC="0.97" CC="047"/>
						<HYP HPOS="3270" VPOS="2801" WIDTH="29" CONTENT="-"/>
					</TextLine>
					<TextLine ID="P3_TL00085" HPOS="1786" VPOS="2865" WIDTH="1514" HEIGHT="76">
						<String ID="P3_ST00663" HPOS="1786" VPOS="2865" WIDTH="135" HEIGHT="48" CONTENT="kunst" SUBS_TYPE="HypPart2" SUBS_CONTENT="Tonkunst" WC="0.99" CC="00600"/>
						<SP ID="P3_SP00579" HPOS="1921" VPOS="2913" WIDTH="28"/>
						<String ID="P3_ST00664" HPOS="1949" VPOS="2866" WIDTH="71" HEIGHT="48" CONTENT="die" WC="0.99" CC="011"/>
						<SP ID="P3_SP00580" HPOS="2020" VPOS="2914" WIDTH="29"/>
						<String ID="P3_ST00665" HPOS="2049" VPOS="2866" WIDTH="506" HEIGHT="52" CONTENT="bedauernswertheste" WC="0.70" CC="700226362000660160"/>
						<SP ID="P3_SP00581" HPOS="2555" VPOS="2918" WIDTH="21"/>
						<String ID="P3_ST00666" HPOS="2576" VPOS="2887" WIDTH="85" HEIGHT="33" CONTENT="von" WC="0.97" CC="017"/>
						<SP ID="P3_SP00582" HPOS="2661" VPOS="2920" WIDTH="25"/>
						<String ID="P3_ST00667" HPOS="2686" VPOS="2873" WIDTH="132" HEIGHT="54" CONTENT="allen," WC="0.98" CC="064080"/>
						<SP ID="P3_SP00583" HPOS="2818" VPOS="2927" WIDTH="30"/>
						<String ID="P3_ST00668" HPOS="2848" VPOS="2873" WIDTH="56" HEIGHT="49" CONTENT="da" WC="0.87" CC="02"/>
						<SP ID="P3_SP00584" HPOS="2904" VPOS="2927" WIDTH="23"/>
						<String ID="P3_ST00669" HPOS="2927" VPOS="2874" WIDTH="95" HEIGHT="48" CONTENT="ihre" WC="0.97" CC="3550"/>
						<SP ID="P3_SP00585" HPOS="3022" VPOS="2927" WIDTH="23"/>
						<String ID="P3_ST00670" HPOS="3045" VPOS="2875" WIDTH="227" HEIGHT="66" CONTENT="Schöpfun" SUBS_TYPE="HypPart1" SUBS_CONTENT="Schöpfungen" WC="0.99" CC="41700025"/>
						<HYP HPOS="3272" VPOS="2875" WIDTH="28" CONTENT="-"/>
					</TextLine>
					<TextLine ID="P3_TL00086" HPOS="1785" VPOS="2944" WIDTH="1518" HEIGHT="76">
						<String ID="P3_ST00671" HPOS="1785" VPOS="2960" WIDTH="87" HEIGHT="48" CONTENT="gen" SUBS_TYPE="HypPart2" SUBS_CONTENT="Schöpfungen" WC="0.98" CC="006"/>
						<SP ID="P3_SP00586" HPOS="1872" VPOS="3008" WIDTH="30"/>
						<String ID="P3_ST00672" HPOS="1902" VPOS="2961" WIDTH="85" HEIGHT="31" CONTENT="nur" WC="0.93" CC="674"/>
						<SP ID="P3_SP00587" HPOS="1987" VPOS="3008" WIDTH="29"/>
						<String ID="P3_ST00673" HPOS="2016" VPOS="2944" WIDTH="102" HEIGHT="49" CONTENT="dem" WC="1.00" CC="000"/>
						<SP ID="P3_SP00588" HPOS="2118" VPOS="3008" WIDTH="414"/>
						<String ID="P3_ST00674" HPOS="2532" VPOS="2945" WIDTH="84" HEIGHT="49" CONTENT="bon" WC="0.69" CC="602" STYLEREFS="TXT_2"/>
						<SP ID="P3_SP00589" HPOS="2616" VPOS="3008" WIDTH="153"/>
						<String ID="P3_ST00675" HPOS="2769" VPOS="2945" WIDTH="169" HEIGHT="69" CONTENT="plaisir" WC="0.65" CC="7040606" STYLEREFS="TXT_2"/>
						<String ID="P3_ST00676" HPOS="2481" VPOS="2948" WIDTH="112" HEIGHT="49" CONTENT="oder" WC="1.00" CC="0010"/>
						<SP ID="P3_SP00590" HPOS="2938" VPOS="3014" WIDTH="-304"/>
						<String ID="P3_ST00677" HPOS="2634" VPOS="2949" WIDTH="78" HEIGHT="48" CONTENT="der" WC="0.99" CC="020"/>
						<SP ID="P3_SP00591" HPOS="2938" VPOS="3014" WIDTH="-186"/>
						<String ID="P3_ST00678" HPOS="2752" VPOS="2950" WIDTH="313" HEIGHT="65" CONTENT="subjectivsten" WC="0.76" CC="2563005000007"/>
						<SP ID="P3_SP00592" HPOS="3065" VPOS="3015" WIDTH="31"/>
						<String ID="P3_ST00679" HPOS="3096" VPOS="2954" WIDTH="178" HEIGHT="66" CONTENT="Empfin" SUBS_TYPE="HypPart1" SUBS_CONTENT="Empfindung" WC="1.00" CC="000003"/>
						<HYP HPOS="3274" VPOS="2954" WIDTH="29" CONTENT="-"/>
					</TextLine>
					<TextLine ID="P3_TL00087" HPOS="1785" VPOS="3020" WIDTH="1518" HEIGHT="71">
						<String ID="P3_ST00680" HPOS="1785" VPOS="3020" WIDTH="126" HEIGHT="67" CONTENT="dung" SUBS_TYPE="HypPart2" SUBS_CONTENT="Empfindung" WC="0.97" CC="9300"/>
						<SP ID="P3_SP00593" HPOS="1911" VPOS="3087" WIDTH="25"/>
						<String ID="P3_ST00681" HPOS="1936" VPOS="3022" WIDTH="78" HEIGHT="49" CONTENT="des" WC="0.97" CC="035"/>
						<SP ID="P3_SP00594" HPOS="2014" VPOS="3087" WIDTH="26"/>
						<String ID="P3_ST00682" HPOS="2040" VPOS="3024" WIDTH="246" HEIGHT="48" CONTENT="Einzelnen" WC="0.98" CC="506605606"/>
						<SP ID="P3_SP00595" HPOS="2286" VPOS="3087" WIDTH="29"/>
						<String ID="P3_ST00683" HPOS="2315" VPOS="3043" WIDTH="80" HEIGHT="29" CONTENT="zur" WC="0.95" CC="706"/>
						<SP ID="P3_SP00596" HPOS="2395" VPOS="3087" WIDTH="29"/>
						<String ID="P3_ST00684" HPOS="2424" VPOS="3026" WIDTH="300" HEIGHT="65" CONTENT="Würdigung" WC="0.98" CC="005059329"/>
						<SP ID="P3_SP00597" HPOS="2724" VPOS="3091" WIDTH="42"/>
						<String ID="P3_ST00685" HPOS="2766" VPOS="3029" WIDTH="177" HEIGHT="47" CONTENT="anheim" WC="0.59" CC="677300"/>
						<SP ID="P3_SP00598" HPOS="2943" VPOS="3091" WIDTH="47"/>
						<String ID="P3_ST00686" HPOS="2990" VPOS="3030" WIDTH="149" HEIGHT="48" CONTENT="fallen." WC="0.99" CC="5006061"/>
						<SP ID="P3_SP00599" HPOS="3139" VPOS="3091" WIDTH="57"/>
						<String ID="P3_ST00687" HPOS="3196" VPOS="3033" WIDTH="107" HEIGHT="48" CONTENT="Wir" WC="0.97" CC="026"/>
					</TextLine>
					<TextLine ID="P3_TL00088" HPOS="1783" VPOS="3100" WIDTH="1519" HEIGHT="68">
						<String ID="P3_ST00688" HPOS="1783" VPOS="3100" WIDTH="218" HEIGHT="63" CONTENT="sprechen" WC="0.98" CC="90007605"/>
						<SP ID="P3_SP00600" HPOS="2001" VPOS="3163" WIDTH="34"/>
						<String ID="P3_ST00689" HPOS="2035" VPOS="3100" WIDTH="96" HEIGHT="48" CONTENT="hier" WC="0.97" CC="7601"/>
						<SP ID="P3_SP00601" HPOS="2131" VPOS="3163" WIDTH="28"/>
						<String ID="P3_ST00690" HPOS="2159" VPOS="3101" WIDTH="120" HEIGHT="48" CONTENT="nicht" WC="0.97" CC="62066"/>
						<SP ID="P3_SP00602" HPOS="2279" VPOS="3163" WIDTH="29"/>
						<String ID="P3_ST00691" HPOS="2308" VPOS="3119" WIDTH="83" HEIGHT="30" CONTENT="von" WC="0.97" CC="015"/>
						<SP ID="P3_SP00603" HPOS="2391" VPOS="3163" WIDTH="30"/>
						<String ID="P3_ST00692" HPOS="2421" VPOS="3101" WIDTH="86" HEIGHT="48" CONTENT="den" WC="0.97" CC="015"/>
						<SP ID="P3_SP00604" HPOS="2507" VPOS="3163" WIDTH="24"/>
						<String ID="P3_ST00693" HPOS="2531" VPOS="3102" WIDTH="330" HEIGHT="66" CONTENT="Handlangern" WC="0.99" CC="80705000006"/>
						<SP ID="P3_SP00605" HPOS="2861" VPOS="3168" WIDTH="29"/>
						<String ID="P3_ST00694" HPOS="2890" VPOS="3104" WIDTH="80" HEIGHT="49" CONTENT="der" WC="0.98" CC="005"/>
						<SP ID="P3_SP00606" HPOS="2970" VPOS="3168" WIDTH="20"/>
						<String ID="P3_ST00695" HPOS="2990" VPOS="3108" WIDTH="312" HEIGHT="58" CONTENT="Journalistik," WC="0.99" CC="5169800003590"/>
					</TextLine>
					<TextLine ID="P3_TL00089" HPOS="1784" VPOS="3176" WIDTH="1516" HEIGHT="71">
						<String ID="P3_ST00696" HPOS="1784" VPOS="3176" WIDTH="68" HEIGHT="48" CONTENT="die" WC="0.99" CC="030"/>
						<SP ID="P3_SP00607" HPOS="1852" VPOS="3224" WIDTH="30"/>
						<String ID="P3_ST00697" HPOS="1882" VPOS="3177" WIDTH="70" HEIGHT="47" CONTENT="ihr" WC="0.97" CC="122"/>
						<SP ID="P3_SP00608" HPOS="1952" VPOS="3224" WIDTH="30"/>
						<String ID="P3_ST00698" HPOS="1982" VPOS="3177" WIDTH="154" HEIGHT="47" CONTENT="Leben" WC="0.97" CC="60706"/>
						<SP ID="P3_SP00609" HPOS="2136" VPOS="3224" WIDTH="33"/>
						<String ID="P3_ST00699" HPOS="2169" VPOS="3179" WIDTH="167" HEIGHT="57" CONTENT="fristen," WC="0.98" CC="06096371"/>
						<SP ID="P3_SP00610" HPOS="2336" VPOS="3236" WIDTH="44"/>
						<String ID="P3_ST00700" HPOS="2380" VPOS="3179" WIDTH="147" HEIGHT="49" CONTENT="indem" WC="0.99" CC="07000"/>
						<SP ID="P3_SP00611" HPOS="2527" VPOS="3236" WIDTH="37"/>
						<String ID="P3_ST00701" HPOS="2564" VPOS="3181" WIDTH="63" HEIGHT="48" CONTENT="sie" WC="0.97" CC="520"/>
						<SP ID="P3_SP00612" HPOS="2627" VPOS="3236" WIDTH="38"/>
						<String ID="P3_ST00702" HPOS="2665" VPOS="3181" WIDTH="71" HEIGHT="48" CONTENT="die" WC="1.00" CC="000"/>
						<SP ID="P3_SP00613" HPOS="2736" VPOS="3236" WIDTH="31"/>
						<String ID="P3_ST00703" HPOS="2767" VPOS="3182" WIDTH="187" HEIGHT="65" CONTENT="Spalten" WC="0.99" CC="2030507"/>
						<SP ID="P3_SP00614" HPOS="2954" VPOS="3247" WIDTH="33"/>
						<String ID="P3_ST00704" HPOS="2987" VPOS="3184" WIDTH="158" HEIGHT="58" CONTENT="füllen," WC="0.99" CC="0000352"/>
						<SP ID="P3_SP00615" HPOS="3145" VPOS="3247" WIDTH="45"/>
						<String ID="P3_ST00705" HPOS="3190" VPOS="3186" WIDTH="110" HEIGHT="50" CONTENT="oder" WC="0.98" CC="1050"/>
					</TextLine>
					<TextLine ID="P3_TL00090" HPOS="1782" VPOS="3255" WIDTH="1517" HEIGHT="72">
						<String ID="P3_ST00706" HPOS="1782" VPOS="3271" WIDTH="82" HEIGHT="31" CONTENT="von" WC="0.97" CC="007"/>
						<SP ID="P3_SP00616" HPOS="1864" VPOS="3302" WIDTH="25"/>
						<String ID="P3_ST00707" HPOS="1889" VPOS="3255" WIDTH="84" HEIGHT="47" CONTENT="den" WC="0.98" CC="005"/>
						<SP ID="P3_SP00617" HPOS="1973" VPOS="3302" WIDTH="28"/>
						<String ID="P3_ST00708" HPOS="2001" VPOS="3256" WIDTH="352" HEIGHT="64" CONTENT="Parteigängern" WC="0.98" CC="7626036989566"/>
						<SP ID="P3_SP00618" HPOS="2353" VPOS="3320" WIDTH="35"/>
						<String ID="P3_ST00709" HPOS="2388" VPOS="3257" WIDTH="89" HEIGHT="47" CONTENT="für" WC="0.96" CC="406"/>
						<SP ID="P3_SP00619" HPOS="2477" VPOS="3320" WIDTH="31"/>
						<String ID="P3_ST00710" HPOS="2508" VPOS="3257" WIDTH="90" HEIGHT="49" CONTENT="und" WC="0.96" CC="280"/>
						<SP ID="P3_SP00620" HPOS="2598" VPOS="3320" WIDTH="27"/>
						<String ID="P3_ST00711" HPOS="2625" VPOS="3259" WIDTH="170" HEIGHT="48" CONTENT="wider" WC="1.00" CC="03000"/>
						<SP ID="P3_SP00621" HPOS="2795" VPOS="3320" WIDTH="23"/>
						<String ID="P3_ST00712" HPOS="2818" VPOS="3261" WIDTH="97" HEIGHT="47" CONTENT="eine" WC="0.98" CC="3070"/>
						<SP ID="P3_SP00622" HPOS="2915" VPOS="3320" WIDTH="25"/>
						<String ID="P3_ST00713" HPOS="2940" VPOS="3261" WIDTH="228" HEIGHT="66" CONTENT="Bichtung" WC="0.57" CC="70477070"/>
						<SP ID="P3_SP00623" HPOS="3168" VPOS="3327" WIDTH="22"/>
						<String ID="P3_ST00714" HPOS="3190" VPOS="3264" WIDTH="109" HEIGHT="49" CONTENT="oder" WC="1.00" CC="0000"/>
					</TextLine>
					<TextLine ID="P3_TL00091" HPOS="1783" VPOS="3332" WIDTH="1513" HEIGHT="68">
						<String ID="P3_ST00715" HPOS="1783" VPOS="3332" WIDTH="97" HEIGHT="47" CONTENT="eine" WC="0.99" CC="0060"/>
						<SP ID="P3_SP00624" HPOS="1880" VPOS="3379" WIDTH="25"/>
						<String ID="P3_ST00716" HPOS="1905" VPOS="3332" WIDTH="370" HEIGHT="59" CONTENT="Persönlichkeit," WC="0.99" CC="603308700604061"/>
						<SP ID="P3_SP00625" HPOS="2275" VPOS="3391" WIDTH="31"/>
						<String ID="P3_ST00717" HPOS="2306" VPOS="3334" WIDTH="110" HEIGHT="48" CONTENT="oder" WC="0.99" CC="5000"/>
						<SP ID="P3_SP00626" HPOS="2416" VPOS="3391" WIDTH="31"/>
						<String ID="P3_ST00718" HPOS="2447" VPOS="3351" WIDTH="82" HEIGHT="49" CONTENT="gar" WC="0.93" CC="954"/>
						<SP ID="P3_SP00627" HPOS="2529" VPOS="3400" WIDTH="23"/>
						<String ID="P3_ST00719" HPOS="2552" VPOS="3353" WIDTH="83" HEIGHT="30" CONTENT="von" WC="0.98" CC="050"/>
						<SP ID="P3_SP00628" HPOS="2635" VPOS="3400" WIDTH="24"/>
						<String ID="P3_ST00720" HPOS="2659" VPOS="3336" WIDTH="85" HEIGHT="48" CONTENT="den" WC="0.98" CC="006"/>
						<SP ID="P3_SP00629" HPOS="2744" VPOS="3400" WIDTH="27"/>
						<String ID="P3_ST00721" HPOS="2771" VPOS="3337" WIDTH="304" HEIGHT="60" CONTENT="Vorkäufern," WC="0.99" CC="07000600974"/>
						<SP ID="P3_SP00630" HPOS="3075" VPOS="3400" WIDTH="30"/>
						<String ID="P3_ST00722" HPOS="3105" VPOS="3340" WIDTH="70" HEIGHT="49" CONTENT="die" WC="1.00" CC="000"/>
						<SP ID="P3_SP00631" HPOS="3175" VPOS="3400" WIDTH="22"/>
						<String ID="P3_ST00723" HPOS="3197" VPOS="3340" WIDTH="99" HEIGHT="49" CONTENT="Lob" WC="0.96" CC="506"/>
					</TextLine>
					<TextLine ID="P3_TL00092" HPOS="1784" VPOS="3409" WIDTH="1512" HEIGHT="73">
						<String ID="P3_ST00724" HPOS="1784" VPOS="3409" WIDTH="89" HEIGHT="49" CONTENT="und" WC="0.98" CC="150"/>
						<SP ID="P3_SP00632" HPOS="1873" VPOS="3458" WIDTH="33"/>
						<String ID="P3_ST00725" HPOS="1906" VPOS="3410" WIDTH="138" HEIGHT="49" CONTENT="Tadel" WC="0.99" CC="06003"/>
						<SP ID="P3_SP00633" HPOS="2044" VPOS="3459" WIDTH="43"/>
						<String ID="P3_ST00726" HPOS="2087" VPOS="3411" WIDTH="112" HEIGHT="48" CONTENT="nach" WC="0.95" CC="6574"/>
						<SP ID="P3_SP00634" HPOS="2199" VPOS="3459" WIDTH="41"/>
						<String ID="P3_ST00727" HPOS="2240" VPOS="3411" WIDTH="156" HEIGHT="50" CONTENT="ihrer" WC="0.98" CC="64103"/>
						<SP ID="P3_SP00635" HPOS="2396" VPOS="3461" WIDTH="37"/>
						<String ID="P3_ST00728" HPOS="2433" VPOS="3412" WIDTH="159" HEIGHT="50" CONTENT="Weise" WC="1.00" CC="00000"/>
						<SP ID="P3_SP00636" HPOS="2592" VPOS="3462" WIDTH="42"/>
						<String ID="P3_ST00729" HPOS="2634" VPOS="3415" WIDTH="82" HEIGHT="47" CONTENT="auf" WC="0.96" CC="036"/>
						<SP ID="P3_SP00637" HPOS="2716" VPOS="3462" WIDTH="36"/>
						<String ID="P3_ST00730" HPOS="2752" VPOS="3414" WIDTH="71" HEIGHT="49" CONTENT="die" WC="1.00" CC="000"/>
						<SP ID="P3_SP00638" HPOS="2823" VPOS="3463" WIDTH="30"/>
						<String ID="P3_ST00731" HPOS="2853" VPOS="3415" WIDTH="250" HEIGHT="66" CONTENT="Goldwage" WC="1.00" CC="22100400"/>
						<SP ID="P3_SP00639" HPOS="3103" VPOS="3481" WIDTH="40"/>
						<String ID="P3_ST00732" HPOS="3143" VPOS="3419" WIDTH="153" HEIGHT="63" CONTENT="legen:" WC="0.98" CC="609240"/>
					</TextLine>
					<TextLine ID="P3_TL00093" HPOS="1783" VPOS="3486" WIDTH="1515" HEIGHT="72">
						<String ID="P3_ST00733" HPOS="1783" VPOS="3487" WIDTH="119" HEIGHT="56" CONTENT="nein," WC="0.97" CC="65052"/>
						<SP ID="P3_SP00640" HPOS="1902" VPOS="3543" WIDTH="24"/>
						<String ID="P3_ST00734" HPOS="1926" VPOS="3489" WIDTH="80" HEIGHT="47" CONTENT="wir" WC="0.96" CC="009"/>
						<SP ID="P3_SP00641" HPOS="2006" VPOS="3543" WIDTH="24"/>
						<String ID="P3_ST00735" HPOS="2030" VPOS="3486" WIDTH="148" HEIGHT="50" CONTENT="haben" WC="0.97" CC="60066"/>
						<SP ID="P3_SP00642" HPOS="2178" VPOS="3543" WIDTH="26"/>
						<String ID="P3_ST00736" HPOS="2204" VPOS="3490" WIDTH="192" HEIGHT="47" CONTENT="Männer" WC="0.98" CC="093800"/>
						<SP ID="P3_SP00643" HPOS="2396" VPOS="3543" WIDTH="22"/>
						<String ID="P3_ST00737" HPOS="2418" VPOS="3489" WIDTH="58" HEIGHT="48" CONTENT="im" WC="1.00" CC="00"/>
						<SP ID="P3_SP00644" HPOS="2476" VPOS="3543" WIDTH="25"/>
						<String ID="P3_ST00738" HPOS="2501" VPOS="3490" WIDTH="150" HEIGHT="65" CONTENT="Auge," WC="0.97" CC="56900"/>
						<SP ID="P3_SP00645" HPOS="2651" VPOS="3555" WIDTH="23"/>
						<String ID="P3_ST00739" HPOS="2674" VPOS="3490" WIDTH="71" HEIGHT="49" CONTENT="die" WC="0.99" CC="003"/>
						<SP ID="P3_SP00646" HPOS="2745" VPOS="3555" WIDTH="23"/>
						<String ID="P3_ST00740" HPOS="2768" VPOS="3491" WIDTH="144" HEIGHT="50" CONTENT="durch" WC="0.99" CC="06100"/>
						<SP ID="P3_SP00647" HPOS="2912" VPOS="3555" WIDTH="24"/>
						<String ID="P3_ST00741" HPOS="2936" VPOS="3494" WIDTH="217" HEIGHT="64" CONTENT="tüchtiges" WC="0.99" CC="500622000"/>
						<SP ID="P3_SP00648" HPOS="3153" VPOS="3558" WIDTH="19"/>
						<String ID="P3_ST00742" HPOS="3172" VPOS="3495" WIDTH="95" HEIGHT="48" CONTENT="Wis" SUBS_TYPE="HypPart1" SUBS_CONTENT="Wissen" WC="1.00" CC="000"/>
						<HYP HPOS="3267" VPOS="3495" WIDTH="31" CONTENT="-"/>
					</TextLine>
					<TextLine ID="P3_TL00094" HPOS="1783" VPOS="3563" WIDTH="1516" HEIGHT="72">
						<String ID="P3_ST00743" HPOS="1783" VPOS="3581" WIDTH="75" HEIGHT="32" CONTENT="sen" SUBS_TYPE="HypPart2" SUBS_CONTENT="Wissen" WC="0.95" CC="075"/>
						<SP ID="P3_SP00649" HPOS="1858" VPOS="3613" WIDTH="31"/>
						<String ID="P3_ST00744" HPOS="1889" VPOS="3565" WIDTH="90" HEIGHT="48" CONTENT="und" WC="0.96" CC="550"/>
						<SP ID="P3_SP00650" HPOS="1979" VPOS="3613" WIDTH="27"/>
						<String ID="P3_ST00745" HPOS="2006" VPOS="3563" WIDTH="285" HEIGHT="51" CONTENT="bedeutende" WC="0.99" CC="2600022403"/>
						<SP ID="P3_SP00651" HPOS="2291" VPOS="3614" WIDTH="22"/>
						<String ID="P3_ST00746" HPOS="2313" VPOS="3566" WIDTH="434" HEIGHT="51" CONTENT="schriftstellerische" WC="1.00" CC="6742001285540300070"/>
						<SP ID="P3_SP00652" HPOS="2747" VPOS="3617" WIDTH="22"/>
						<String ID="P3_ST00747" HPOS="2769" VPOS="3570" WIDTH="272" HEIGHT="65" CONTENT="Leistungen" WC="0.99" CC="0020056906"/>
						<SP ID="P3_SP00653" HPOS="3041" VPOS="3635" WIDTH="22"/>
						<String ID="P3_ST00748" HPOS="3063" VPOS="3571" WIDTH="57" HEIGHT="47" CONTENT="im" WC="1.00" CC="00"/>
						<SP ID="P3_SP00654" HPOS="3120" VPOS="3635" WIDTH="24"/>
						<String ID="P3_ST00749" HPOS="3144" VPOS="3572" WIDTH="155" HEIGHT="50" CONTENT="Fache" WC="0.98" CC="00460"/>
					</TextLine>
					<TextLine ID="P3_TL00095" HPOS="1783" VPOS="3642" WIDTH="1516" HEIGHT="70">
						<String ID="P3_ST00750" HPOS="1783" VPOS="3643" WIDTH="81" HEIGHT="47" CONTENT="der" WC="0.96" CC="046"/>
						<SP ID="P3_SP00655" HPOS="1864" VPOS="3690" WIDTH="29"/>
						<String ID="P3_ST00751" HPOS="1893" VPOS="3642" WIDTH="285" HEIGHT="59" CONTENT="Geschichte," WC="0.99" CC="02007127704"/>
						<SP ID="P3_SP00656" HPOS="2178" VPOS="3701" WIDTH="45"/>
						<String ID="P3_ST00752" HPOS="2223" VPOS="3645" WIDTH="148" HEIGHT="47" CONTENT="Kritik" WC="0.99" CC="041009"/>
						<SP ID="P3_SP00657" HPOS="2371" VPOS="3701" WIDTH="45"/>
						<String ID="P3_ST00753" HPOS="2416" VPOS="3645" WIDTH="91" HEIGHT="48" CONTENT="und" WC="0.97" CC="080"/>
						<SP ID="P3_SP00658" HPOS="2507" VPOS="3701" WIDTH="33"/>
						<String ID="P3_ST00754" HPOS="2540" VPOS="3647" WIDTH="235" HEIGHT="49" CONTENT="Aesthetik" WC="0.67" CC="605641400"/>
						<SP ID="P3_SP00659" HPOS="2775" VPOS="3701" WIDTH="44"/>
						<String ID="P3_ST00755" HPOS="2819" VPOS="3649" WIDTH="127" HEIGHT="47" CONTENT="einen" WC="0.98" CC="40800"/>
						<SP ID="P3_SP00660" HPOS="2946" VPOS="3701" WIDTH="29"/>
						<String ID="P3_ST00756" HPOS="2975" VPOS="3665" WIDTH="184" HEIGHT="47" CONTENT="grossen" WC="0.99" CC="0060005"/>
						<SP ID="P3_SP00661" HPOS="3159" VPOS="3712" WIDTH="31"/>
						<String ID="P3_ST00757" HPOS="3190" VPOS="3651" WIDTH="109" HEIGHT="57" CONTENT="Buf," WC="0.65" CC="9004"/>
					</TextLine>
					<TextLine ID="P3_TL00096" HPOS="1783" VPOS="3720" WIDTH="1516" HEIGHT="66">
						<String ID="P3_ST00758" HPOS="1783" VPOS="3720" WIDTH="97" HEIGHT="48" CONTENT="eine" WC="0.98" CC="0340"/>
						<SP ID="P3_SP00662" HPOS="1880" VPOS="3768" WIDTH="31"/>
						<String ID="P3_ST00759" HPOS="1911" VPOS="3720" WIDTH="227" HEIGHT="48" CONTENT="Autorität" WC="0.98" CC="036405509"/>
						<SP ID="P3_SP00663" HPOS="2138" VPOS="3768" WIDTH="28"/>
						<String ID="P3_ST00760" HPOS="2166" VPOS="3721" WIDTH="179" HEIGHT="65" CONTENT="erlangt" WC="0.99" CC="0500005"/>
						<SP ID="P3_SP00664" HPOS="2345" VPOS="3786" WIDTH="38"/>
						<String ID="P3_ST00761" HPOS="2383" VPOS="3721" WIDTH="169" HEIGHT="58" CONTENT="haben," WC="0.98" CC="706070"/>
						<SP ID="P3_SP00665" HPOS="2552" VPOS="3786" WIDTH="43"/>
						<String ID="P3_ST00762" HPOS="2595" VPOS="3722" WIDTH="91" HEIGHT="50" CONTENT="und" WC="0.95" CC="560"/>
						<SP ID="P3_SP00666" HPOS="2686" VPOS="3786" WIDTH="31"/>
						<String ID="P3_ST00763" HPOS="2717" VPOS="3723" WIDTH="70" HEIGHT="49" CONTENT="die" WC="1.00" CC="000"/>
						<SP ID="P3_SP00667" HPOS="2787" VPOS="3786" WIDTH="29"/>
						<String ID="P3_ST00764" HPOS="2816" VPOS="3723" WIDTH="115" HEIGHT="49" CONTENT="über" WC="0.97" CC="0560"/>
						<SP ID="P3_SP00668" HPOS="2931" VPOS="3786" WIDTH="31"/>
						<String ID="P3_ST00765" HPOS="2962" VPOS="3726" WIDTH="86" HEIGHT="47" CONTENT="alle" WC="0.98" CC="7020"/>
						<SP ID="P3_SP00669" HPOS="3048" VPOS="3786" WIDTH="36"/>
						<String ID="P3_ST00766" HPOS="3084" VPOS="3730" WIDTH="215" HEIGHT="47" CONTENT="äusseren" WC="0.98" CC="93390006"/>
					</TextLine>
					<TextLine ID="P3_TL00097" HPOS="1783" VPOS="3798" WIDTH="1519" HEIGHT="66">
						<String ID="P3_ST00767" HPOS="1783" VPOS="3800" WIDTH="163" HEIGHT="47" CONTENT="Motive" WC="0.98" CC="058200"/>
						<SP ID="P3_SP00670" HPOS="1946" VPOS="3847" WIDTH="30"/>
						<String ID="P3_ST00768" HPOS="1976" VPOS="3798" WIDTH="122" HEIGHT="49" CONTENT="ihrer" WC="0.98" CC="07504"/>
						<SP ID="P3_SP00671" HPOS="2098" VPOS="3847" WIDTH="22"/>
						<String ID="P3_ST00769" HPOS="2120" VPOS="3798" WIDTH="298" HEIGHT="66" CONTENT="Aussprüche" WC="0.99" CC="0480060070"/>
						<SP ID="P3_SP00672" HPOS="2418" VPOS="3864" WIDTH="28"/>
						<String ID="P3_ST00770" HPOS="2446" VPOS="3801" WIDTH="330" HEIGHT="48" CONTENT="unzweifelhaft" WC="0.99" CC="4658000156006"/>
						<SP ID="P3_SP00673" HPOS="2776" VPOS="3864" WIDTH="23"/>
						<String ID="P3_ST00771" HPOS="2799" VPOS="3801" WIDTH="199" HEIGHT="49" CONTENT="erhaben" WC="0.99" CC="0060500"/>
						<SP ID="P3_SP00674" HPOS="2998" VPOS="3864" WIDTH="22"/>
						<String ID="P3_ST00772" HPOS="3020" VPOS="3802" WIDTH="114" HEIGHT="51" CONTENT="sind." WC="0.98" CC="00604"/>
						<SP ID="P3_SP00675" HPOS="3134" VPOS="3864" WIDTH="30"/>
						<String ID="P3_ST00773" HPOS="3164" VPOS="3806" WIDTH="138" HEIGHT="50" CONTENT="Diese" WC="0.99" CC="24000"/>
					</TextLine>
					<TextLine ID="P3_TL00098" HPOS="1785" VPOS="3876" WIDTH="1514" HEIGHT="67">
						<String ID="P3_ST00774" HPOS="1785" VPOS="3876" WIDTH="367" HEIGHT="65" CONTENT="Betrachtungen" WC="0.99" CC="0040806077058"/>
						<SP ID="P3_SP00676" HPOS="2152" VPOS="3941" WIDTH="32"/>
						<String ID="P3_ST00775" HPOS="2184" VPOS="3876" WIDTH="203" HEIGHT="67" CONTENT="drängen" WC="0.99" CC="0006006"/>
						<SP ID="P3_SP00677" HPOS="2387" VPOS="3943" WIDTH="31"/>
						<String ID="P3_ST00776" HPOS="2418" VPOS="3878" WIDTH="90" HEIGHT="47" CONTENT="sich" WC="0.98" CC="3006"/>
						<SP ID="P3_SP00678" HPOS="2508" VPOS="3943" WIDTH="34"/>
						<String ID="P3_ST00777" HPOS="2542" VPOS="3895" WIDTH="81" HEIGHT="32" CONTENT="uns" WC="0.95" CC="651"/>
						<SP ID="P3_SP00679" HPOS="2623" VPOS="3943" WIDTH="31"/>
						<String ID="P3_ST00778" HPOS="2654" VPOS="3878" WIDTH="333" HEIGHT="50" CONTENT="unwillkürlich" WC="1.00" CC="4700410002007"/>
						<SP ID="P3_SP00680" HPOS="2987" VPOS="3943" WIDTH="43"/>
						<String ID="P3_ST00779" HPOS="3030" VPOS="3881" WIDTH="94" HEIGHT="57" CONTENT="auf," WC="0.98" CC="8100"/>
						<SP ID="P3_SP00681" HPOS="3124" VPOS="3943" WIDTH="42"/>
						<String ID="P3_ST00780" HPOS="3166" VPOS="3899" WIDTH="133" HEIGHT="33" CONTENT="wenn" WC="0.95" CC="9236"/>
					</TextLine>
					<TextLine ID="P3_TL00099" HPOS="1783" VPOS="3953" WIDTH="1517" HEIGHT="73">
						<String ID="P3_ST00781" HPOS="1783" VPOS="3953" WIDTH="82" HEIGHT="49" CONTENT="wir" WC="0.98" CC="004"/>
						<SP ID="P3_SP00682" HPOS="1865" VPOS="4002" WIDTH="43"/>
						<String ID="P3_ST00782" HPOS="1908" VPOS="3955" WIDTH="138" HEIGHT="54" CONTENT="lesen," WC="0.99" CC="003260"/>
						<SP ID="P3_SP00683" HPOS="2046" VPOS="4009" WIDTH="40"/>
						<String ID="P3_ST00783" HPOS="2086" VPOS="3955" WIDTH="85" HEIGHT="47" CONTENT="wie" WC="0.96" CC="054"/>
						<SP ID="P3_SP00684" HPOS="2171" VPOS="4009" WIDTH="40"/>
						<String ID="P3_ST00784" HPOS="2211" VPOS="3955" WIDTH="71" HEIGHT="48" CONTENT="ein" WC="0.98" CC="006"/>
						<SP ID="P3_SP00685" HPOS="2282" VPOS="4009" WIDTH="43"/>
						<String ID="P3_ST00785" HPOS="2325" VPOS="3956" WIDTH="137" HEIGHT="48" CONTENT="Mann" WC="0.97" CC="0076"/>
						<SP ID="P3_SP00686" HPOS="2462" VPOS="4009" WIDTH="46"/>
						<String ID="P3_ST00786" HPOS="2508" VPOS="3956" WIDTH="85" HEIGHT="48" CONTENT="wie" WC="0.96" CC="900"/>
						<SP ID="P3_SP00687" HPOS="2593" VPOS="4009" WIDTH="37"/>
						<String ID="P3_ST00787" HPOS="2630" VPOS="3956" WIDTH="218" HEIGHT="48" CONTENT="Gervinus" WC="0.87" CC="00300600"/>
						<SP ID="P3_SP00688" HPOS="2848" VPOS="4009" WIDTH="31"/>
						<String ID="P3_ST00788" HPOS="2879" VPOS="3956" WIDTH="141" HEIGHT="65" CONTENT="(siehe" WC="0.99" CC="500070"/>
						<SP ID="P3_SP00689" HPOS="3020" VPOS="4021" WIDTH="28"/>
						<String ID="P3_ST00789" HPOS="3048" VPOS="3958" WIDTH="71" HEIGHT="50" CONTENT="die" WC="0.99" CC="030"/>
						<SP ID="P3_SP00690" HPOS="3119" VPOS="4021" WIDTH="29"/>
						<String ID="P3_ST00790" HPOS="3148" VPOS="3962" WIDTH="152" HEIGHT="64" CONTENT="vorige" WC="0.98" CC="090305"/>
					</TextLine>
					<TextLine ID="P3_TL00100" HPOS="1784" VPOS="4031" WIDTH="1515" HEIGHT="64">
						<String ID="P3_ST00791" HPOS="1784" VPOS="4032" WIDTH="239" HEIGHT="63" CONTENT="Nummer)" WC="0.98" CC="0669047"/>
						<SP ID="P3_SP00691" HPOS="2023" VPOS="4095" WIDTH="33"/>
						<String ID="P3_ST00792" HPOS="2056" VPOS="4031" WIDTH="115" HEIGHT="49" CONTENT="über" WC="0.98" CC="0604"/>
						<SP ID="P3_SP00692" HPOS="2171" VPOS="4095" WIDTH="32"/>
						<String ID="P3_ST00793" HPOS="2203" VPOS="4033" WIDTH="157" HEIGHT="47" CONTENT="Bach's" WC="0.60" CC="033745"/>
						<SP ID="P3_SP00693" HPOS="2360" VPOS="4095" WIDTH="32"/>
						<String ID="P3_ST00794" HPOS="2392" VPOS="4033" WIDTH="240" HEIGHT="49" CONTENT="Passionen" WC="0.99" CC="055007607"/>
						<SP ID="P3_SP00694" HPOS="2632" VPOS="4095" WIDTH="37"/>
						<String ID="P3_ST00795" HPOS="2669" VPOS="4033" WIDTH="203" HEIGHT="60" CONTENT="urlheilt," WC="0.99" CC="520600154"/>
						<SP ID="P3_SP00695" HPOS="2872" VPOS="4095" WIDTH="36"/>
						<String ID="P3_ST00796" HPOS="2908" VPOS="4035" WIDTH="93" HEIGHT="49" CONTENT="und" WC="0.96" CC="360"/>
						<SP ID="P3_SP00696" HPOS="3001" VPOS="4095" WIDTH="30"/>
						<String ID="P3_ST00797" HPOS="3031" VPOS="4037" WIDTH="84" HEIGHT="50" CONTENT="wie" WC="1.00" CC="000"/>
						<SP ID="P3_SP00697" HPOS="3115" VPOS="4095" WIDTH="29"/>
						<String ID="P3_ST00798" HPOS="3144" VPOS="4055" WIDTH="48" HEIGHT="33" CONTENT="er" WC="0.56" CC="08"/>
						<SP ID="P3_SP00698" HPOS="3192" VPOS="4095" WIDTH="30"/>
						<String ID="P3_ST00799" HPOS="3222" VPOS="4036" WIDTH="77" HEIGHT="52" CONTENT="da-" WC="0.55" CC="264"/>
					</TextLine>
				</TextBlock>
				<TextBlock ID="P3_TB00008" HPOS="2925" VPOS="4106" WIDTH="70" HEIGHT="74" STYLEREFS="TXT_8 PAR_RIGHT">
					<TextLine ID="P3_TL00101" HPOS="2925" VPOS="4106" WIDTH="70" HEIGHT="74">
						<String ID="P3_ST00800" HPOS="2925" VPOS="4106" WIDTH="70" HEIGHT="74" CONTENT="[*]" WC="0.43" CC="537"/>
					</TextLine>
				</TextBlock>
			</PrintSpace>
		</Page>
	</Layout>
</alto>
