3563 4386
1665 124 141 52 238

197 247 125 51 nicht
362 249 299 63 geschrieben
705 251 136 51 hätte.
972 254 140 50 Beide
1146 256 96 50 sind
1283 257 76 49 für
1395 260 217 51 einander
1641 280 52 47 ge-

198 325 174 48 macht!

325 402 124 55 „Der
489 417 172 49 grosse,
703 407 264 49 maassvolle
1009 407 92 49 und
1140 410 203 65 zugleich
1382 415 227 62 poetische
1637 416 80 48 Stil

197 475 78 49 des
304 494 188 47 grossen
525 478 263 52 Violinisten
817 483 55 49 ist
901 485 76 47 für
1006 483 71 49 die
1107 485 189 67 richtige
1320 489 292 67 Darstellung
1641 492 76 49 des

200 552 200 50 Werkes
444 555 306 59 unerlässlich,
785 575 50 32 so
865 560 85 48 wie
980 560 80 48 das
1089 561 151 48 Werk
1277 562 71 48 die
1383 566 171 65 einzige
1584 569 105 48 Gele-

195 628 186 65 genheit
408 630 241 60 darbietet,
679 633 71 49 bei
781 636 200 48 welcher
1009 636 72 48 die
1103 637 131 50 Seele
1256 638 79 50 des
1355 642 240 48 Künstlers
1623 645 92 48 sich

195 706 44 47 in
281 706 124 49 ihrer
449 725 170 48 ganzen
662 711 250 49 Schönheit
953 712 269 50 offenbaren
1273 715 134 50 kann.
1471 721 126 47 Paris
1639 721 78 49 hat

191 783 208 50 Joachim
430 786 124 48 nicht
581 786 238 66 begriffen.
850 790 60 47 Es
939 790 54 47 ist
1020 790 194 58 schwer,
1242 792 87 50 den
1358 795 244 50 Ausbruch
1632 814 83 33 von

192 859 334 68 Begeisterung
553 880 53 30 zu
638 862 315 60 beschreiben,
983 864 85 50 den
1093 866 120 49 diese
1237 871 306 49 wundervolle
1565 875 149 47 Musik

191 934 145 51 durch
360 937 120 49 diese
505 939 307 49 wundervolle
835 942 308 66 Ausführung
1166 944 254 51 hervorrief

191 1012 127 52 veille
343 1014 56 50 de
425 1013 205 66 musique
657 1016 174 49 rendue
851 1033 95 51 par
973 1021 112 47 cette
1112 1021 227 50 merveille
1364 1023 313 69 cfezecution).
1687 1033 18 19 u

320 1261 90 55 Die
448 1262 222 72 Anfänge
710 1263 90 56 der
839 1264 225 58 berliner
1105 1267 407 74 Sing-Akademie

1511 1293 5 17 k
1528 1278 36 26 *\

1511 1315 5 12 '
1550 1308 33 36 )•

305 1399 97 50 Seit
430 1399 102 51 dem
560 1403 143 49 Jahre
737 1403 142 51 1789
927 1405 124 50 hatte
1093 1408 92 48 sich
1221 1411 115 48 nach
1368 1412 92 47 und
1490 1413 116 48 nach
1635 1432 52 31 zu-

187 1478 457 65 sammengefunden,
673 1497 94 32 was
797 1482 202 49 nachher
1020 1484 186 66 zufällig
1228 1487 87 48 den
1343 1489 176 49 Namen
1555 1492 158 65 „Sing-

512 1558 163 48 erhielt
704 1558 90 48 und
823 1559 122 50 seine
976 1563 199 65 Stiftung
1212 1564 195 50 meinem
1439 1567 131 49 edlen
1598 1571 86 47 Mei-

186 1639 92 42 ster
306 1632 93 49 und
428 1634 272 50 väterlichen
728 1637 215 49 Freunde
974 1639 179 48 Fasch
1183 1640 233 51 verdankt.

301 1710 247 49 Faschen's
571 1712 326 50 hinterlassene
919 1715 181 50 Werke
1131 1717 242 50 bekunden
1404 1720 130 49 einen
1555 1723 156 56 Mann,

184 1785 83 51 der
294 1786 265 67 lebenslang
588 1789 94 50 sich
713 1792 80 47 mit
821 1792 81 48 der
930 1794 255 50 Harmonie
1223 1795 245 51 besonders
1508 1798 177 51 beschäf-

184 1864 86 63 tigt
310 1864 93 48 und
444 1865 43 47 in
529 1865 191 50 Absicht
761 1868 123 48 ihrer
925 1870 309 66 Anwendung
1275 1874 83 47 auf
1396 1874 80 50 das
1524 1878 181 57 Ernste,

187 1940 249 65 Würdige,
466 1943 280 48 Gründliche
776 1944 332 66 hingearbeitet
1138 1949 90 48 hat.

300 2019 107 47 Sein
436 2020 298 48 äusserlicher
764 2023 217 48 sittlicher
1005 2024 256 51 Charakter
1289 2028 124 49 hatte
1441 2030 91 49 sich
1561 2040 147 41 zuerst

182 2112 58 31 an
270 2096 147 49 einem
449 2096 177 50 kleinen
658 2099 266 49 fürstlichen
957 2103 119 48 Hofe
1105 2104 90 47 und
1226 2107 202 48 nachher
1456 2109 43 47 in
1531 2114 148 60 grösse-

182 2189 82 32 ren
292 2173 291 66 königlichen
612 2175 526 53 Dienst-Verhältnissen
1181 2199 54 29 zu
1275 2183 125 48 einer
1437 2185 270 65 gehaltenen

181 2250 362 50 Persönlichkeit
568 2251 216 65 gebildet,
823 2253 71 49 die
925 2255 155 48 weder
1108 2259 232 63 anregend
1368 2263 117 47 noch
1514 2264 164 48 zurück-

181 2326 204 50 stossend
416 2344 109 33 war.
573 2329 117 49 Eine
719 2331 192 64 prekäre
941 2333 284 50 Gesundheit
1260 2336 92 49 und
1382 2340 324 66 notwendige

181 2404 315 64 Sparsamkeit
534 2405 156 50 hatten
718 2408 93 48 sich
840 2408 72 49 die
944 2410 136 48 Hand
1109 2411 215 65 geboten,
1362 2415 153 50 weder
1545 2418 80 48 viel
1654 2437 52 29 zu

181 2481 259 60 erwerben,
470 2484 116 48 noch
616 2485 82 48 viel
727 2503 53 30 zu
811 2489 315 63 versprechen.

295 2561 136 48 Seine
455 2561 262 66 Erziehung
741 2564 90 48 und
856 2565 201 50 früheste
1082 2568 277 67 Umgebung
1390 2587 96 31 war
1513 2588 84 32 von
1627 2571 80 50 der

177 2636 105 57 Art,
310 2637 103 50 dass
441 2655 50 32 er
521 2639 71 48 bei
621 2640 148 48 einem
802 2641 221 60 heiteren,
1060 2644 250 51 bildsamen
1340 2649 189 48 Naturel
1573 2650 106 48 noth-

179 2715 183 66 wendig
391 2716 70 48 ein
485 2719 313 63 vorzüglicher
819 2720 309 49 Tonkünstler
1152 2724 183 49 werden
1368 2734 189 49 musste;
1589 2726 114 50 doch

178 2791 125 50 hatte
332 2794 75 47 ihn
436 2794 123 48 seine
588 2795 276 65 übergrosse
893 2797 377 52 Bescheidenheit
1310 2818 57 31 an
1397 2802 71 49 ein
1498 2805 176 47 Zurück-

177 2869 254 50 sichstellen
459 2888 148 49 gegen
638 2872 170 50 andere
836 2875 218 58 Artisten,
1095 2877 85 49 wie
1222 2879 142 58 Bach,
1405 2881 161 59 Quanz
1613 2881 90 50 und

176 2949 269 64 Geringere,
475 2950 233 65 gewöhnt.

290 3026 62 48 So
383 3034 90 40 trat
501 3044 51 30 er
579 3027 82 49 mit
695 3027 86 50 den
821 3037 147 41 ersten
997 3031 289 66 Mitgliedern
1330 3034 81 49 der
1439 3035 234 65 Sing-Aka-

172 3101 166 60 demie,
367 3105 247 65 gleichsam
644 3107 65 47 als
737 3107 152 49 seinen
913 3109 242 58 Schülern,
1178 3110 71 49 die
1272 3120 147 41 ersten
1447 3114 254 66 Uebungen

172 3196 75 42 an,
276 3182 81 47 mit
386 3181 136 49 ihnen
550 3183 123 49 seine
704 3185 371 66 Compositionen
1105 3189 297 58 versuchend,
1439 3191 70 48 die
1538 3209 50 30 er
1615 3194 64 47 sel-

172 3257 84 50 ber
284 3276 87 31 nur
399 3260 65 56 als
489 3260 233 49 Versuche
751 3262 109 64 gab,
891 3265 85 47 wie
1006 3263 253 67 überzeugt
1287 3284 49 30 er
1364 3269 116 47 auch
1512 3269 58 48 im
1594 3270 84 47 Stil-

171 3336 72 48 len
272 3352 85 32 von
385 3337 125 48 ihrer
539 3338 119 49 Güte
686 3340 95 48 sein
813 3341 193 48 mochte.
1042 3344 155 48 Wenn
1220 3345 99 48 eine
1343 3354 109 56 gute
1475 3347 146 47 Sache
1650 3364 48 30 so

171 3413 289 66 angefangen
484 3415 89 48 und
597 3416 79 47 mit
699 3417 189 65 ruhiger
903 3418 365 51 Beharrlichkeit
1291 3422 257 65 fortgesetzt
1571 3424 129 57 wird,

171 3491 121 49 kann
322 3492 62 48 sie
413 3492 122 48 nicht
563 3493 165 49 anders
759 3496 63 47 als
851 3495 238 64 gedeihen.
1114 3498 93 49 Das
1231 3498 55 50 ist
1308 3500 82 47 der
1411 3501 184 65 Anfang
1618 3501 83 48 der

168 3570 413 66 Sing-Akademie,
621 3572 198 48 welcher
847 3575 117 47 auch
995 3575 115 48 noch
1143 3576 42 48 in
1217 3577 99 48 eine
1343 3580 100 47 Zeit
1471 3580 113 56 fällt,
1627 3578 73 51 die

168 3646 126 49 nicht
323 3648 80 49 mit
425 3650 148 47 Musik
606 3648 222 50 überfüllt
856 3666 113 41 war,
1000 3651 85 49 wie
1114 3652 71 50 die
1208 3653 179 66 jetzige.

286 3726 88 48 Die
414 3736 151 39 ersten
611 3727 311 50 ordentlichen
964 3730 438 52 Zusammenkünfte
1444 3733 82 49 der
1565 3735 107 52 Sine-

1649 3782 26 16 o

164 3801 257 52 Akademie
452 3821 157 33 waren
637 3806 44 48 in
710 3806 146 49 einem
882 3807 390 68 Privathause**),
1302 3810 158 50 dessen
1486 3812 98 48 Ton
1616 3811 82 49 bil-

231 3935 38 50 *)
299 3938 110 36 Nach
437 3940 202 36 Zelter's
668 3942 365 48 Selbstbiographie.

201 4005 64 50 **)
294 4008 44 35 In
366 4007 71 36 den
460 4010 278 45 Tagebüchern
757 4012 64 36 der
844 4013 322 47 Sing-Akademie
1187 4015 51 35 ist
1261 4014 164 38 darüber
1442 4027 74 25 von
1538 4016 159 36 Fasch's

294 4069 150 47 eigener
472 4071 113 35 Hand
615 4072 177 47 folgende
819 4074 242 47 Bemerkung
1089 4076 194 46 gemacht:
1317 4076 79 46 „Im
1414 4076 169 36 Sommer
1601 4076 96 38 ]790

1795 268 110 63 liger
1937 269 156 49 Weise
2123 273 80 48 der
2242 275 88 48 Ton
2366 274 80 49 der
2481 285 137 55 guten
2650 280 289 52 Gesellschaft
2975 285 92 50 sein
3105 296 187 49 musste;

1792 344 202 51 dadurch
2027 350 125 47 ward
2194 350 69 50 die
2305 370 140 47 ganze
2473 354 145 48 Sache
2648 356 230 50 nebenher
2921 362 242 50 behandelt
3203 368 93 47 und

1792 421 144 48 Fasch
1966 421 320 68 dessgleichcn.
2336 430 60 46 So
2425 429 165 48 schlich
2622 430 91 50 dies
2742 434 144 63 einige
2912 438 140 49 Jahre
3083 440 90 56 hin,
3205 443 91 47 und

1791 513 56 31 an
1877 497 72 49 ein
1979 499 128 49 festes
2140 503 170 49 Wesen
2341 522 95 30 war
2465 505 135 48 kaum
2629 524 51 31 zu
2713 509 193 58 denken,
2933 514 63 62 ja,
3025 515 120 48 Alles
3174 522 122 44 wäre

1790 572 42 49 in
1870 575 92 48 sein
1993 577 156 49 Nichts
2185 581 269 56 versunken,
2495 599 130 32 wenn
2667 586 144 47 Fasch
2854 589 121 49 seine
3015 590 280 53 Intentionen

1790 649 120 49 hätte
1940 652 78 47 mit
2048 654 271 49 Nachdruck
2349 657 290 50 durchsetzen
2670 663 176 49 wollen.

1903 727 80 49 Als
2004 729 80 48 der
2105 732 207 64 Jüngste,
2336 734 66 48 ich
2429 734 166 49 könnte
2617 737 118 49 wohl
2758 755 162 47 sagen:
2942 739 80 49 der
3045 743 251 66 Geringste,

1790 811 131 41 unter
1947 806 230 50 Faschens
2218 810 219 48 Schülern
2478 811 42 47 in
2561 812 78 49 der
2670 814 265 59 Harmonie,
2976 817 117 50 denn
3132 823 164 50 Röllie.

3252 872 25 13 u

1787 880 248 59 Johannes,
2056 884 267 66 Seneyders,
2349 887 215 55 Reilstab,
2594 905 37 32 v.
2656 890 206 66 Bülow*)
2892 910 153 32 waren
3075 896 84 47 alle
3189 899 81 47 wei-

1790 962 84 51 ter,
1903 957 57 50 da
1987 960 62 48 sie
2078 961 108 48 eher
2215 965 283 65 angefangen
2530 965 172 57 hatten,
2738 969 63 47 als
2830 970 85 56 ich,
2957 988 96 31 war
3080 972 67 49 ich
3180 975 116 48 auch

1790 1031 42 48 in
1849 1031 121 51 diese
1982 1035 350 68 Versammlung
2350 1049 202 54 getreten
2566 1041 78 63 **),
2661 1042 117 50 ohne
2788 1044 160 64 jemals
2965 1049 331 50 auszubleiben.

1904 1111 150 48 Meine
2079 1113 267 50 Kenntnisse
2377 1117 40 47 in
2448 1117 78 48 der
2556 1118 237 50 Tonkunst
2822 1120 198 66 bezogen
3048 1125 89 47 sich
3170 1127 127 47 mehr

1788 1186 100 48 aufs
1919 1188 278 60 Praktische,
2233 1191 56 48 da
2318 1193 67 46 ich
2416 1195 315 49 verschiedene
2759 1198 302 49 Instrumente
3092 1202 77 46 mit
3197 1204 75 45 Bei-

1790 1263 72 49 fall
1890 1265 169 64 spielte.
2091 1268 84 47 Ein
2205 1267 390 67 dreissigjähriger
2618 1280 245 51 munterer,
2891 1275 113 49 doch
3029 1278 268 49 ernsthafter

1787 1342 159 56 Mann,
1975 1342 79 48 der
2082 1345 68 47 ich
2182 1362 111 40 war,
2324 1347 167 48 konnte
2519 1348 68 47 ich
2620 1348 135 49 kaum
2782 1351 143 48 meine
2947 1353 240 64 Ungeduld
3219 1355 52 49 be-

1787 1418 175 64 zügeln.
2016 1421 114 47 Was
2171 1422 145 48 Fasch
2359 1441 80 31 aus
2482 1425 274 49 Höflichkeit
2801 1427 87 48 und
2931 1428 368 52 Menschlichkeit

1787 1494 140 58 lobte,
1957 1513 77 31 um
2063 1515 52 29 zu
2148 1507 279 48 ermuntern,
2458 1501 101 48 kam
2586 1503 83 46 mir
2691 1506 303 63 unerträglich
3023 1522 94 42 vor,
3141 1508 47 64 je
3219 1508 52 50 be-

1787 1571 234 64 haglicher
2062 1574 91 47 sich
2185 1574 181 50 Andere
2408 1576 78 49 das
2515 1577 99 48 Lob
2656 1579 117 47 ohne
2802 1581 375 67 Einschränkung
3217 1602 52 31 zu-

1786 1649 235 64 eigneten;
2060 1651 66 66 ja,
2168 1652 69 48 ich
2281 1670 96 31 war
2418 1654 42 47 in
2502 1654 125 49 einer
2667 1658 323 48 verzweifelten
3019 1661 274 66 Stimmung,

1783 1726 152 49 indem
1965 1728 70 48 ich
2065 1729 82 47 auf
2169 1729 166 50 diesem
2369 1731 152 64 Wege
2549 1732 142 48 nichts
2721 1733 161 57 hoffte;
2912 1734 115 49 denn
3058 1753 91 32 was
3178 1739 115 49 auch

1783 1802 163 49 immer
1975 1806 64 45 als
2067 1806 226 64 gelungen
2322 1808 148 64 gelten
2501 1808 183 58 konnte,
2716 1809 101 49 kam
2841 1811 113 48 doch
2986 1828 86 31 nur
3099 1814 197 58 zärtlich,

1776 1879 65 65 ja,
1871 1882 217 62 ängstlich
2121 1883 90 47 und
2242 1883 242 64 gebunden
2515 1903 55 31 an
2601 1886 84 48 den
2717 1888 112 64 Tag.

1900 1959 83 47 Die
2004 1960 436 50 Zusammenkünfte
2464 1962 79 48 der
2566 1963 293 50 Gesellschaft
2879 1964 257 65 geschahen
3163 1969 104 49 Dins-

1782 2042 114 57 tags,
1928 2035 85 49 wie
2041 2037 117 48 noch
2190 2038 148 48 heute.

1899 2114 108 47 Man
2037 2117 314 47 versammelte
2380 2115 90 49 sich
2502 2133 71 32 am
2605 2117 208 58 Abende,
2858 2136 103 33 man
2991 2122 130 48 trank
3151 2123 141 57 Thee,

1783 2204 103 32 man
1929 2192 180 63 sprach,
2150 2193 213 57 erzählte,
2402 2194 123 56 kurz,
2567 2203 245 41 zerstreute
2840 2197 108 58 sich,
2991 2198 92 48 und
3122 2216 57 31 an
3221 2201 70 48 die

1781 2265 147 49 Sache
1956 2268 139 48 selbst
2124 2269 127 47 ward
2280 2287 86 30 nur
2394 2270 233 49 nebenher
2656 2272 206 63 gedacht.

1898 2343 85 49 Die
2012 2344 168 50 Stücke
2209 2362 155 33 waren
2406 2347 122 49 nicht
2561 2348 162 48 immer
2751 2349 150 59 leicht,
2937 2349 63 65 ja,
3042 2350 63 50 oft
3151 2352 113 49 unbe-

1780 2419 252 67 zwinglich,
2076 2421 88 49 und
2197 2424 150 47 wollte
2387 2441 45 31 es
2467 2425 160 49 zuletzt
2664 2425 121 49 nicht
2812 2443 79 32 vor
2918 2428 91 47 sich
3038 2428 163 65 gehen,
3244 2447 47 32 so

1780 2498 118 63 legte
1928 2515 104 32 man
2062 2499 94 48 dies
2185 2499 70 49 bei
2285 2501 137 58 Seite,
2464 2519 75 31 um
2571 2510 140 41 etwas
2738 2503 206 49 Anderes
2978 2505 122 49 nicht
3136 2507 130 63 glück-

1778 2575 140 48 licher
1946 2594 52 31 zu
2029 2578 261 49 versuchen.
2345 2580 75 47 Ich
2460 2580 173 48 zerrieb
2677 2582 117 46 mich
2839 2582 233 58 innerlich,
3116 2601 73 31 um
3221 2585 71 49 ein

1778 2653 141 48 Mittel
1951 2654 306 60 aufzufinden,
2300 2655 228 65 Ordnung
2558 2656 89 49 und
2677 2658 139 47 Ernst
2844 2659 42 47 in
2916 2658 121 49 diese
3065 2660 146 49 Sache
3239 2678 52 31 zu

1780 2729 214 66 bringen;
2037 2731 79 49 das
2147 2749 97 32 war
2272 2733 111 48 aber
2411 2734 123 48 nicht
2561 2734 151 57 leicht,
2755 2734 57 48 da
2849 2736 69 47 ich
2959 2753 83 47 gar
3070 2738 140 48 nichts
3236 2755 52 31 zu

1776 2823 137 49 sagen
1946 2810 140 56 hatte,
2116 2810 90 47 und
2236 2811 158 55 Fasch,
2426 2828 75 30 um
2526 2828 88 30 nur
2637 2813 170 64 einiger
2829 2814 204 47 Maassen
3061 2815 227 48 zufrieden

1776 2886 93 47 sein
1899 2904 51 29 zu
1983 2886 197 57 können,
2224 2889 76 47 für
2332 2889 105 65 jede
2467 2889 189 48 Stimme
2684 2890 161 48 immer
2872 2891 113 47 noch
3019 2893 268 64 wenigstens

1776 2963 129 49 einen
1936 2964 260 48 wirklichen
2228 2965 175 65 Sänger
2437 2965 112 48 dazu
2590 2966 98 56 bat;
2731 2983 145 48 gegen
2906 2968 116 47 mich
3053 2969 110 48 aber
3191 2970 99 47 liess

1775 3041 146 49 Fasch
1952 3058 49 32 so
2032 3043 148 63 wenig
2210 3043 254 48 Vertrauen
2493 3043 155 55 sehen,
2690 3043 99 48 dass
2829 3060 48 32 er
2918 3045 115 47 mich
3066 3045 136 50 kaum
3234 3063 57 32 an

1775 3117 85 49 den
1893 3119 157 63 Flügel
2081 3117 120 58 liess;
2232 3120 115 47 denn
2379 3136 130 31 wenn
2540 3136 49 31 er
2610 3120 139 48 selbst
2770 3121 122 47 nicht
2914 3123 172 63 spielte,
3114 3139 49 33 so
3193 3124 97 48 liess

1773 3211 49 32 er
1851 3195 128 48 einen
2008 3195 215 49 Anderen
2253 3197 63 47 als
2347 3197 113 47 mich
2493 3197 155 49 heran.

1885 3274 193 48 Endlich
2120 3274 295 49 verabredete
2458 3275 68 48 ich
2575 3276 78 47 mit
2695 3276 195 65 Einigen
2934 3294 84 32 von
3062 3294 97 38 uns,
3208 3279 82 47 wir

1773 3351 181 48 wollten
1988 3351 136 65 jeden
2164 3352 190 64 Montag
2392 3352 164 49 vorher
2604 3369 81 32 uns
2727 3356 316 54 versammeln,
3088 3373 71 30 um
3211 3355 76 48 das

1899 3469 50 33 ist
1977 3469 65 35 mit
2071 3468 64 36 der
2163 3467 300 47 Singe-Uebung
2493 3468 64 36 der
2577 3469 153 46 Anfang
2758 3471 175 45 gemacht
2960 3471 37 34 in
3026 3471 81 34 dem
3128 3471 139 35 Garten-

1901 3527 117 36 hause
2056 3529 65 35 des
2161 3529 123 35 Herrn
2313 3529 274 35 Geheim-Rath
2617 3530 141 35 Milow.
2813 3531 71 35 Die
2921 3534 120 32 ersten
3069 3531 218 46 Mitglieder

1900 3601 145 24 waren:
2092 3591 231 34 Discant:
2374 3591 109 37 Dem.
2525 3591 186 45 Dietrich,
2758 3592 100 34 Mad.
2902 3591 228 46 Bachmann,
3180 3592 107 35 Dem.

1900 3651 186 44 Schmalz,
2134 3651 52 35 M.
2215 3653 151 37 Preuss.
2473 3653 98 35 Alt:
2617 3654 106 34 Dem.
2762 3653 186 45 Pappritz,
2991 3651 100 35 Mad.
3128 3652 161 44 Messor,

1898 3712 107 35 Dem.
2034 3712 193 46 Nobiling,
2257 3712 103 35 Frau
2390 3712 317 36 Geheim-Räthin
2736 3713 140 46 Meyer.
2982 3713 171 34 Tenor:
3194 3713 98 36 Herr

1897 3773 220 45 Seneyders.
2229 3774 141 37 Bass:
2394 3776 98 35 Herr
2517 3775 206 43 Johannes,
2753 3775 96 34 Herr
2876 3773 163 35 Hofrath
3068 3774 178 38 Zenkel.^

1833 3831 36 50 *)
1898 3834 78 34 Der
2015 3833 233 47 nachherige
2291 3834 310 47 heldenmüthige
2629 3834 128 46 Sieger
2797 3833 59 36 bei
2896 3834 277 34 Gross-Beeren
3215 3834 77 35 und

1898 3894 234 37 Dennewitz.
2172 3895 82 35 Von
2284 3896 123 34 seiner
2436 3895 254 46 Composition
2720 3893 100 35 ward
2848 3894 37 33 in
2914 3895 124 34 seiner
3066 3893 224 47 Gegenwart

1898 3954 82 35 eine
2009 3954 125 35 Messe
2161 3956 38 33 in
2230 3955 66 35 der
2324 3955 319 46 Sing-Akademie
2670 3953 232 46 aufgeführt.

1808 4012 62 50 **)
1898 4013 56 37 Im
1981 4014 120 36 Jahre
2131 4013 113 49 1791,
2279 4016 59 35 als
2367 4016 59 35 die
2457 4015 283 46 Versammlung
2768 4014 60 36 bei
2857 4014 66 36 der
2949 4015 102 35 Frau
3081 4016 207 37 Geh.-Rath

1898 4076 181 46 Pappritz
2109 4077 100 35 Statt
2239 4076 99 45 fand,
2366 4079 76 33 trat
2470 4076 125 36 Zelter
2623 4078 57 34 ein
2711 4075 76 36 und
2817 4088 92 34 sang
2938 4076 96 36 beim
3057 4078 122 34 Tenor
3206 4078 79 34 mit.
