3337 4318
613 3763 103 51 160

618 430 140 42 d'une
790 429 267 51 sympathie
1087 429 231 51 exagérée
1350 428 25 42 à
1405 426 176 52 l'égard
1614 426 56 42 de
1699 442 86 26 nos

617 491 181 42 voisins
834 492 56 41 de
925 491 132 49 l'Est,
1091 491 199 41 écrivait
1325 506 57 26 en
1416 488 277 43 conclusion
1729 489 56 41 de

618 568 85 26 son
727 553 205 51 enquête
965 569 9 25 :
1003 569 21 25 «
1049 553 129 42 Mais
1202 568 52 25 ce
1279 552 112 41 dont
1416 552 42 50 je
1480 566 59 26 ne
1564 565 124 34 peux
1710 565 75 25 me

617 614 181 42 retenir
827 615 147 41 d'être
1004 614 182 51 frappé,
1212 615 113 41 c'est
1355 614 57 42 de
1440 614 41 40 la
1509 611 191 42 volonté
1729 612 57 41 de

617 684 106 33 tous
756 691 79 26 ces
868 676 285 42 Allemands
1188 684 44 34 et
1266 676 57 41 de
1356 683 154 34 toutes
1543 689 77 26 ces
1653 672 106 41 Alle-

617 738 200 41 mandes
844 738 148 41 d'être
1019 738 133 48 forts,
1179 738 118 41 forts
1322 736 379 51 physiquement,
1729 734 56 41 de

618 798 138 54 façon
788 799 24 41 à
843 799 133 41 l'être
1005 799 266 50 également
1299 797 328 42 moralement.
1658 795 96 42 Con-

617 868 71 33 tre
725 869 123 32 cette
887 860 132 42 force
1056 860 188 48 voulue,
1282 858 291 51 développée
1610 857 150 41 ration-

616 921 276 50 nellement,
935 922 67 42 les
1046 923 234 49 épreuves
1321 938 60 25 ne
1421 928 207 43 peuvent
1667 919 118 41 rien.

616 983 143 42 Cette
788 985 146 48 force,
962 985 28 40 il
1021 985 179 42 semble
1226 983 172 52 qu'elle
1426 983 89 42 soit
1543 990 103 41 trop
1675 980 110 43 sûre

619 1046 137 41 d'elle
800 1062 120 34 pour
963 1047 185 41 désirer
1189 1047 156 40 même
1390 1046 57 41 de
1490 1043 293 50 s'exprimer.

616 1108 217 42 N'est-ce
861 1124 82 34 pas
973 1108 42 42 le
1045 1118 154 32 secret
1231 1109 56 41 de
1317 1107 313 48 l'Allemagne
1741 1114 45 32 et

618 1185 83 26 son
729 1170 213 51 danger?
968 1188 21 23 »

616 1232 109 49 Que
757 1248 121 26 ceux
910 1233 76 50 qui
1021 1233 254 41 redoutent
1306 1248 52 25 ce
1393 1232 174 48 danger
1600 1229 161 50 s'appli-

616 1303 148 40 quent
793 1294 24 41 à
848 1295 135 41 doter
1010 1303 138 33 notre
1177 1310 128 34 pays,
1336 1293 276 50 également,
1644 1291 117 42 d'éta-

617 1354 306 43 blissements
956 1355 237 42 éducatifs
1223 1365 44 32 et
1299 1354 194 50 sportifs
1523 1352 126 42 aussi
1682 1368 77 34 par-

619 1416 110 42 faits
758 1432 92 35 que
879 1432 120 26 ceux
1029 1433 91 35 que
1150 1434 120 25 nous
1299 1417 150 41 allons
1481 1414 199 42 décrire.
1713 1414 72 41 Ce

619 1477 145 42 serait
787 1495 93 24 une
903 1478 229 51 politique
1155 1477 323 43 constructive
1499 1475 154 42 moins
1677 1475 81 42 coû-

618 1547 135 33 teuse
799 1548 45 33 et
887 1540 503 41 vraisemblablement
1434 1538 103 50 plus
1582 1537 204 41 efficace

617 1616 94 35 que
753 1601 120 41 celle
915 1602 78 49 qui
1038 1601 261 50 s'applique
1344 1601 25 41 à
1410 1615 245 35 parsemer
1698 1615 87 26 nos

619 1662 260 43 frontières
908 1663 56 41 de
991 1679 21 24 «
1042 1663 329 42 Unterstande
1398 1679 35 25 ».

1581 1661 56 42 R.
1666 1661 57 41 V.

618 1788 53 31 En
700 1800 69 20 vue
796 1788 43 32 de
868 1788 103 32 doter
999 1789 32 31 la
1059 1788 88 32 ville
1176 1788 41 32 de
1245 1787 124 33 Leuna
1400 1787 152 37 (Allem.
1579 1787 129 38 centr.)
1743 1786 42 32 de

618 1845 124 26 vastes
774 1838 249 33 installations
1057 1839 42 31 de
1130 1838 80 32 bain
1241 1837 18 33 à
1289 1837 65 33 ciel
1388 1844 139 32 ouvert,
1560 1836 21 32 il
1615 1836 171 33 semblait

618 1895 79 25 tout
730 1887 150 41 indiqué
912 1887 241 40 d'aménager,
1187 1900 41 20 en
1262 1900 44 19 un
1340 1887 142 33 endroit
1513 1885 206 41 approprié,
1753 1886 32 32 la

620 1937 77 32 rive
730 1938 44 31 de
806 1938 32 31 la
872 1937 117 33 Saale.
1026 1938 94 33 Mais
1153 1938 21 31 il
1210 1945 154 32 apparut
1398 1950 68 26 que
1497 1943 96 25 cette
1625 1936 159 33 solution

619 1987 89 33 était
748 1987 256 33 inconciliable
1043 2000 88 20 avec
1171 1988 52 33 les
1262 1987 189 40 exigences
1491 1986 105 32 d'une
1634 1985 154 42 hygiène

619 2037 140 33 sévère.
787 2038 59 33 On
875 2037 126 33 décida
1030 2038 90 32 donc
1148 2038 43 32 de
1219 2049 147 21 creuser
1392 2050 45 20 un
1465 2036 120 33 bassin
1613 2036 170 33 artificiel

620 2088 88 32 dans
738 2100 69 20 une
836 2088 138 32 bouche
1003 2088 183 38 comprise
1215 2095 103 25 entre
1347 2088 32 31 la
1407 2086 106 33 Saale
1541 2085 183 34 canalisée
1752 2093 36 26 et

620 2150 44 20 un
694 2138 127 32 ancien
852 2138 80 32 bras
962 2138 43 32 de
1033 2138 33 32 la
1097 2137 142 33 rivière.
1268 2137 50 33 La
1348 2137 88 33 ville
1465 2135 164 41 possède,
1658 2148 41 20 en
1731 2142 56 27 cet

614 2190 160 36 endroit,
786 2192 45 29 de
841 2197 126 25 vastes
980 2191 135 30 étendu
1122 2201 37 20 es
1174 2196 42 25 de
1230 2189 151 38 terrain,
1392 2201 68 20 con
1468 2190 118 39 ligues
1598 2190 18 30 à
1630 2201 45 19 un
1692 2189 91 31 bois.

618 2237 59 33 On
708 2236 134 34 accède
871 2250 68 19 aux
972 2237 191 33 nouvelles
1195 2236 246 33 installations
1474 2247 63 28 par
1566 2248 68 20 une
1665 2247 100 27 passe-

619 2288 93 31 relle
735 2287 106 39 (pour
863 2286 159 40 piétons)
1050 2300 41 19 en
1115 2286 107 33 béton
1244 2286 110 40 armé,
1376 2287 57 39 qui
1457 2285 114 33 décrit
1592 2285 193 34 au-dessus

620 2338 43 32 de
696 2337 34 33 la
766 2337 133 33 rivière
934 2350 69 20 une
1036 2337 134 33 courbe
1203 2337 186 40 gracieuse
1423 2337 43 32 de
1499 2335 40 33 55
1574 2335 134 33 mètres
1745 2336 41 32 de

619 2385 138 40 portée.

619 2438 58 31 Au
703 2436 80 33 delà
809 2437 43 32 de
875 2444 97 25 cette
997 2437 201 39 passerelle
1221 2449 38 20 se
1282 2444 171 25 trouvent
1477 2437 51 31 les
1555 2435 162 40 guichets
1742 2436 44 32 du

618 2486 178 40 contrôle,
830 2486 78 39 puis
941 2486 324 41 successivement,
1299 2487 34 32 le
1364 2486 130 40 bassin,
1527 2486 32 31 la
1593 2485 103 41 plage
1728 2485 57 40 qui

619 2537 191 40 l'entoure,
840 2549 68 20 une
937 2544 160 25 terrasse
1125 2536 192 34 surélevée
1346 2535 146 40 propice
1518 2547 68 21 aux
1616 2536 100 34 bains
1746 2537 42 32 de

619 2587 118 40 soleil,
770 2587 100 32 enfin
901 2587 52 33 les
984 2587 194 32 vestiaires
1211 2594 33 24 et
1274 2587 34 32 le
1340 2593 217 26 restaurant.

628 2636 88 33 Fous
749 2649 58 20 ces
838 2636 300 40 aménagements
1171 2636 177 40 s'étayent
1379 2649 61 20 sur
1473 2648 68 20 une
1574 2648 123 26 rampe
1729 2636 57 40 qui

619 2694 54 25 est
703 2686 165 33 orientée
900 2699 83 20 vers
1014 2687 34 32 le
1082 2686 90 33 Midi
1205 2694 35 25 et
1271 2685 148 41 protégé
1451 2686 43 32 du
1527 2686 101 32 Nord
1663 2697 62 28 par
1755 2686 33 33 la

620 2736 107 33 forêt.
755 2737 73 33 Des
858 2737 140 38 plaines
1026 2737 44 32 de
1096 2736 59 39 jeu
1186 2749 89 26 pour
1301 2737 143 33 adultes
1472 2743 35 25 et
1536 2735 143 34 enfants
1707 2744 81 25 sont

617 2785 218 41 aménagées
868 2787 88 32 dans
988 2787 61 32 des
1080 2785 200 34 clairières.

618 2836 53 33 Le
703 2836 134 40 bassin,
871 2844 238 31 proprement
1144 2836 61 40 dit,
1238 2848 18 21 a
1290 2836 41 33 50
1364 2848 45 21 m.
1444 2836 37 37 X
1518 2836 40 31 70
1592 2848 45 21 m.
1670 2836 26 32 Il
1733 2844 54 25 est

619 2886 118 33 divisé
774 2899 42 20 en
855 2898 69 21 une
963 2886 93 39 piste
1094 2898 90 27 pour
1221 2886 52 33 les
1310 2898 147 21 courses
1496 2885 17 33 à
1550 2886 32 32 la
1620 2892 89 34 nage
1746 2887 41 32 de

617 2937 42 33 50
689 2949 45 20 m.
763 2937 44 32 de
833 2937 84 39 long
943 2945 35 24 et
1007 2936 41 32 20
1077 2949 45 20 m.
1150 2937 43 32 de
1220 2937 109 39 large,
1358 2949 69 19 une
1454 2935 117 33 bande
1598 2936 42 32 de
1669 2936 119 32 même

617 2987 180 38 longueur
824 2996 34 24 et
887 2987 43 32 de
957 2985 41 34 30
1028 2998 45 21 m.
1102 2987 42 32 de
1173 2986 99 39 large
1301 2998 90 26 pour
1417 2986 52 33 les
1498 2991 152 34 nageurs
1679 2993 34 26 et
1741 2999 45 20 un

617 3036 122 34 bassin
763 3049 42 20 en
831 3044 109 31 pente
963 3036 115 33 douce
1102 3036 42 33 de
1167 3036 40 31 20
1231 3048 45 20 m.
1302 3037 42 32 de
1367 3037 144 39 largeur
1532 3034 44 33 où
1601 3036 51 33 les
1678 3036 109 39 petits

617 3086 222 33 s'ébrouent.
873 3087 83 32 Une
990 3086 215 39 rigole-bain
1239 3086 43 32 de
1315 3086 80 39 pied
1430 3086 41 33 de
1508 3086 10 31 1
1555 3098 45 20 m.
1633 3086 40 32 50
1705 3099 61 19 con-

617 3144 131 25 tourne
783 3137 34 33 le
852 3137 121 32 bassin
1010 3144 35 24 et
1082 3136 189 33 contribue
1307 3135 358 33 considérablement
1699 3135 18 33 à
1755 3138 33 32 le

619 3187 197 32 maintenir
863 3199 41 20 en
951 3186 74 33 état
1073 3186 43 33 de
1164 3185 182 40 propreté.
1392 3186 59 33 Lin
1498 3186 97 39 large
1641 3187 149 32 trottoir

618 3237 175 32 recueille
821 3237 53 32 les
905 3248 91 21 eaux
1025 3236 185 40 projetées
1238 3236 84 33 hors
1351 3236 44 33 de
1421 3236 33 32 la
1483 3235 234 40 rigole-bains
1745 3237 43 32 de

617 3287 101 39 pied;
747 3286 22 32 il
795 3295 55 24 est
875 3299 152 26 pourvu,
1051 3286 48 32 lui
1125 3286 110 40 aussi,
1259 3286 106 32 d'une
1390 3286 113 39 petite
1527 3285 113 40 rigole
1666 3285 122 41 reliée,

616 3344 78 26 tout
719 3349 145 20 comme
889 3337 32 31 la
947 3335 232 40 précédente,
1203 3335 18 33 à
1245 3335 146 40 l'égout.

617 3387 50 32 La
694 3387 126 39 girafe,
847 3400 41 19 en
915 3386 108 33 béton
1050 3386 112 40 armé,
1190 3386 126 39 placée
1341 3385 16 33 à
1384 3385 169 33 l'endroit
1578 3385 44 33 où
1648 3386 32 32 la
1708 3398 59 28 pro-

617 3438 157 31 fondeur
798 3437 103 32 d'eau
926 3436 140 33 atteind
1091 3437 19 31 4
1137 3449 46 20 m.
1207 3436 52 40 50,
1284 3435 137 40 répond
1447 3435 18 33 à
1491 3442 118 27 toutes
1636 3436 51 33 les
1714 3436 54 33 exi-

616 3493 129 35 gences
779 3486 197 41 sportives.
1009 3486 50 33 La
1094 3486 102 40 place
1230 3485 170 34 réservée
1431 3498 68 20 aux
1532 3497 68 21 non
1635 3491 152 34 nageurs

616 3545 53 25 est
694 3536 143 34 limitée
864 3549 63 27 par
951 3537 63 32 des
1040 3544 149 32 poutres
1216 3536 192 33 flottantes
1434 3544 33 24 et
1493 3547 163 27 pourvue
1680 3536 90 33 d'ins-

616 3587 189 33 tallations
841 3586 180 41 spéciales
1057 3600 42 19 en
1136 3599 69 20 vue
1241 3586 243 40 d'apprendre
1517 3586 33 31 la
1585 3591 99 35 nage,
1718 3598 70 21 aux

615 3638 145 33 enfants
791 3638 61 33 des
882 3637 134 34 écoles.

1870 1341 89 42 Plan
1990 1341 55 41 de
2074 1335 237 48 situation.
2335 1335 24 48 —
2383 1335 47 48 I.
2463 1339 145 43 Bassin;
2639 1339 36 38 2.
2708 1335 330 47 Etablissement;

1869 1402 35 38 3.
1943 1396 137 43 Buffet
2113 1395 266 53 champêtre;
2413 1397 38 38 4.
2487 1391 220 47 Contrôle;
2744 1395 36 38 5.
2819 1391 219 42 Passerelle

1870 1471 101 37 pour
2019 1456 164 50 piétons
2207 1469 6 28 ;
2249 1455 35 38 6.
2329 1452 160 40 Terrain
2539 1449 117 41 boisé
2681 1466 6 30 ;
2722 1451 34 38 7.
2804 1447 203 42 Clairière
3031 1465 6 29 ;

1870 1515 35 38 8.
1939 1512 159 39 Rivière
2131 1508 31 42 la
2195 1507 138 46 Saale;
2364 1510 36 38 9.
2433 1508 158 40 Ancien
2625 1504 92 42 bras
2747 1502 56 43 de
2835 1503 32 42 la
2900 1503 138 48 Saale;

1877 1570 56 39 10.
1974 1566 179 53 Garage
2195 1581 101 36 pour
2333 1562 144 47 vélos;
2527 1565 57 38 11.
2628 1563 94 39 Parc
2764 1576 101 38 pour
2907 1567 131 35 autos.

1868 1685 301 34 L'alimentation
2202 1684 45 33 du
2277 1682 121 34 bassin
2432 1689 53 26 est
2516 1680 150 34 assurée
2696 1692 43 21 au
2774 1691 129 27 moyen
2936 1679 102 32 d'eau

1869 1735 139 34 fraîche
2039 1748 69 27 que
2138 1734 62 33 des
2232 1734 95 39 puits
2359 1732 179 33 artésiens
2571 1731 192 40 prélèvent
2792 1741 43 21 au
2867 1728 172 34 sous-sol.

1868 1786 112 33 Cette
2013 1797 65 21 eau
2111 1792 55 26 est
2200 1783 123 33 filtrée
2357 1790 108 26 avant
2499 1781 113 33 d'être
2644 1779 153 35 amenée
2829 1792 43 20 au
2905 1778 134 34 bassin.

1869 1835 301 34 L'alimentation
2202 1847 38 20 se
2274 1833 65 33 fait
2369 1846 42 20 au
2445 1844 128 29 moyen
2608 1832 105 31 d'une
2745 1841 132 28 pompe
2907 1828 113 33 centri-

1870 1887 83 40 fuge
1983 1885 125 40 placée
2137 1898 41 19 en
2209 1884 152 33 dessous
2392 1884 43 31 de
2462 1884 33 31 la
2524 1882 115 41 girafe
2667 1889 35 24 et
2731 1879 59 41 qui
2820 1892 17 20 a
2867 1892 44 20 un
2942 1879 99 33 débit

1870 1936 201 33 maximum
2101 1936 43 32 de
2171 1934 64 33 250
2263 1946 45 21 m.
2335 1934 108 33 cubes
2472 1945 64 28 par
2561 1933 123 32 heure.
2712 1931 111 33 Cette
2849 1942 77 28 eau,
2954 1929 87 33 dont

1869 1987 33 32 la
1927 1985 253 40 température
2203 1984 184 32 naturelle
2410 1990 55 27 est
2488 1983 42 33 de
2555 1983 39 31 12
2619 1981 138 40 degrés,
2782 1987 53 26 est
2858 1978 182 41 chauffée,

1871 2037 87 33 dans
1983 2036 62 32 des
2070 2036 83 32 bacs
2179 2047 41 20 en
2244 2034 120 39 béton,
2388 2033 18 33 à
2432 2033 102 34 18-22
2559 2031 126 41 degrés
2711 2030 243 40 centigrades.

1870 2087 53 32 En
1951 2085 140 41 réglant
2116 2086 34 31 le
2176 2084 98 33 débit
2301 2084 61 33 des
2390 2079 120 37 filtres
2536 2090 35 25 et
2595 2082 93 33 celui
2717 2081 61 33 des
2805 2080 83 34 bacs
2914 2079 105 33 bascu-

1868 2137 95 32 lants
1992 2136 57 40 qui
2079 2136 53 32 les
2162 2135 230 38 alimentent,
2419 2145 44 21 on
2492 2145 128 21 assure
2647 2144 44 20 un
2721 2129 320 34 renouvellement

1869 2194 168 26 constant
2063 2185 44 33 de
2131 2185 93 33 l'eau
2252 2185 62 33 des
2340 2183 141 34 bassins
2509 2183 87 33 dans
2623 2195 69 20 une
2719 2193 146 20 mesure
2891 2192 128 28 propor-

1870 2235 148 34 tionnée
2046 2247 43 21 au
2119 2235 152 33 nombre
2302 2235 62 32 des
2395 2234 192 40 baigneurs
2616 2240 36 25 et
2681 2231 18 34 à
2728 2232 33 31 la
2790 2229 252 41 température

1870 2286 197 33 ambiante.

1871 2336 51 33 Le
1946 2336 121 33 bassin
2093 2347 38 22 se
2155 2341 172 27 trouvant
2351 2333 18 33 à
2394 2347 45 19 un
2464 2333 131 33 niveau
2620 2332 80 40 plus
2725 2330 105 34 élevé
2855 2343 68 28 que
2947 2330 94 32 celui

1871 2387 43 33 de
1941 2387 32 32 la
2002 2385 117 40 Saale,
2148 2385 21 32 il
2200 2392 54 26 est
2281 2383 76 35 aisé
2385 2384 79 32 d'en
2492 2383 181 33 effectuer
2700 2382 34 32 la
2762 2381 157 40 vidange
2945 2392 72 21 com-

1872 2435 109 40 plète.
2016 2435 110 34 Seule
2160 2435 33 33 la
2230 2435 109 39 fosse,
2373 2434 144 33 voisine
2550 2433 44 33 de
2627 2434 32 31 la
2695 2431 125 41 girafe,
2855 2430 75 33 doit
2964 2430 78 33 être

1870 2485 106 34 vidée
2000 2498 44 20 au
2072 2498 128 28 moyen
2228 2485 107 32 d'une
2361 2496 143 27 pompe.

1871 2536 70 33 Les
1978 2536 206 40 vestiaires,
2223 2534 132 40 prévus
2394 2546 90 27 pour
2519 2533 98 40 2,600
2655 2543 210 29 personnes,
2903 2530 119 33 renfer-

1872 2593 99 26 ment
1997 2586 61 33 des
2084 2585 145 33 cabines
2256 2597 70 28 que
2351 2585 70 31 l'on
2447 2595 137 28 occupe
2609 2595 68 28 que
2705 2582 130 33 durant
2862 2583 33 32 le
2922 2587 119 33 temps

1870 2635 207 34 nécessaire
2105 2648 90 26 pour
2220 2635 158 39 changer
2406 2634 43 33 de
2474 2632 220 34 vêtements.
2721 2632 54 33 Ce
2802 2630 120 33 même
2948 2630 91 33 local

1870 2695 56 25 est
1950 2698 140 27 pourvu
2117 2685 284 33 d'installations
2428 2696 89 27 pour
2542 2684 33 32 la
2601 2682 109 42 garde
2735 2682 60 32 des
2821 2680 220 40 vêtements,

1872 2736 42 33 de
1942 2736 177 40 quelques
2146 2735 145 33 cabines
2320 2747 69 27 que
2414 2735 71 31 l'on
2514 2740 85 33 peut
2624 2733 104 33 louer
2755 2743 90 28 pour
2870 2731 33 32 la
2931 2730 111 34 durée

1871 2787 81 32 d'un
1983 2786 92 39 bain,
2107 2785 98 33 enfin
2237 2785 43 33 de
2310 2785 158 32 douches
2500 2791 35 25 et
2564 2783 42 33 de
2635 2783 200 39 lavatorys.
2864 2782 97 31 Pour
2989 2782 52 32 les

1872 2835 132 41 écoles,
2040 2835 58 41 qui
2135 2848 37 20 se
2206 2835 171 40 baignent
2411 2846 42 21 en
2489 2839 146 35 groupe,
2668 2844 44 21 on
2747 2843 18 21 a
2799 2830 114 40 prévu
2948 2830 93 34 deux

1870 2887 154 39 grandes
2051 2886 111 33 salles
2191 2886 43 32 de
2261 2884 261 40 déshabillage.

1871 2936 324 33 L'établissement
2225 2936 42 32 de
2298 2935 101 33 bains
2428 2947 18 20 a
2477 2933 57 34 été
2562 2932 204 41 fréquenté,
2798 2931 131 33 durant
2957 2930 85 34 l'été

1872 2987 95 40 1931,
1992 2998 62 28 par
2075 2985 145 40 400,000
2242 2985 186 33 visiteurs.
2453 2984 52 33 Le
2528 2983 95 33 droit
2648 2981 161 35 d'entrée
2834 2989 54 26 est
2912 2994 108 27 excep-

1870 3037 284 32 tionnellement
2183 3035 129 40 réduit,
2340 3035 69 33 soit
2438 3034 38 33 10
2504 3033 168 41 pfennigs
2700 3045 90 28 pour
2816 3032 53 33 les
2896 3032 145 33 adultes

1872 3096 33 25 et
1934 3086 18 33 5
1982 3086 166 40 pfenings
2180 3098 89 27 pour
2298 3086 52 33 les
2381 3085 156 32 enfants.
2568 3085 74 32 Des
2672 3091 184 25 costumes
2889 3082 43 32 de
2960 3082 81 32 bain

1870 3144 81 26 sont
1979 3136 139 34 fournis
2147 3143 220 33 moyennant
2395 3148 45 20 un
2467 3134 100 41 léger
2593 3132 247 41 supplément.

1870 3187 71 33 Les
1980 3187 87 33 frais
2105 3187 42 32 de
2183 3185 251 33 construction
2469 3197 38 21 se
2542 3191 82 27 sont
2660 3182 123 35 élevés
2818 3195 44 20 au
2897 3182 88 33 total
3023 3182 18 33 à

1869 3237 144 40 290,000
2037 3237 99 39 Mks,
2164 3237 86 32 dont
2277 3236 141 40 101,000
2446 3235 84 33 Mks
2558 3247 90 27 pour
2673 3234 52 33 les
2751 3232 211 34 bâtiments.
2988 3231 54 34 Ce

1871 3294 166 25 montant
2061 3299 44 20 ne
2130 3286 199 40 comprend
2359 3298 61 27 pas
2446 3286 53 32 les
2526 3293 155 26 travaux
2707 3284 43 32 de
2776 3290 266 26 terrassement

1871 3337 171 33 exécutés
2074 3349 63 27 par
2167 3337 61 33 des
2260 3335 206 34 chômeurs.
2495 3335 71 33 Les
2600 3341 155 26 recettes
2786 3345 37 21 se
2856 3340 82 26 sont
2968 3332 54 34 éle-

1870 3388 85 33 vées
1977 3387 17 33 à
2016 3387 121 40 60,000
2161 3387 83 33 Mks
2271 3387 102 37 (dont
2394 3385 120 39 25,000
2537 3392 204 32 provenant
2763 3383 43 33 de
2827 3384 33 31 la
2881 3383 159 33 location

1871 3439 61 33 des
1956 3438 142 39 locaux,
2120 3437 120 39 35,000
2266 3437 61 32 des
2350 3435 157 40 entrées,
2531 3434 102 38 etc.).
2656 3435 70 32 Les
2752 3433 87 33 frais
2865 3432 155 40 d'exploi-

1870 3488 115 33 tation
2010 3495 237 32 proprement
2270 3486 70 33 dits
2363 3494 62 25 ont
2447 3485 58 34 été
2528 3486 43 33 de
2591 3484 121 40 25,000
2735 3483 99 34 Mks.
2856 3483 163 40 L'exploi-

1871 3538 114 33 tation
2014 3546 54 25 est
2097 3537 90 33 donc
2215 3535 238 35 bénéficiaire
2482 3534 138 41 malgré
2648 3535 52 33 les
2729 3533 203 33 nombreux
2961 3545 59 28 per-

1871 3588 309 33 fectionnements
2207 3587 86 32 dont
2316 3593 97 26 cette
2435 3585 228 34 installation
2688 3583 144 34 modèle
2858 3591 53 26 est
2935 3596 84 27 pour-

1870 3650 80 21 vue.
