3337 4318
2264 329 313 55 TEK
2657 329 58 54 H
2798 327 59 53 N
2939 320 47 63 É

464 3830 157 57 148

472 2330 296 52 Application
797 2333 426 44 d'HERACLITE
1252 2349 173 26 comme
1455 2333 199 53 coffrage
1684 2337 140 52 perdu
1858 2337 212 53 (Hôpital
2103 2338 336 49 Sainte_Marie,
2473 2342 264 53 Berchem.)

468 2393 61 41 Le
555 2394 199 52 coffrage
783 2407 59 29 vu
872 2395 291 41 d'au-dessus.

470 2577 111 41 dans
617 2578 36 41 le
688 2578 135 41 choix
860 2579 109 40 d'un
1008 2579 214 42 matériau
1259 2580 49 42 de
1342 2580 307 42 construction

470 2639 253 53 approprié.

541 2700 67 41 En
651 2716 41 28 ce
732 2702 76 53 qui
851 2717 210 26 concerne
1102 2704 56 41 les
1199 2718 134 28 murs,
1378 2705 38 42 la
1458 2705 195 52 majeure

471 2763 140 51 partie
655 2764 72 40 des
769 2764 332 42 constructions
1143 2780 40 26 se
1223 2766 207 42 faisaient
1472 2766 179 54 jusqu'à

470 2838 42 27 ce
549 2824 105 52 jour
690 2840 50 26 en
780 2826 124 40 cadre
940 2826 259 54 métallique
1236 2842 98 26 avec
1371 2827 282 54 remplissage

469 2901 52 26 en
552 2886 178 54 briques
758 2888 50 40 de
835 2902 127 26 onze.
995 2887 331 53 Aujourd'hui,
1358 2891 38 41 la
1425 2900 202 31 construc-

471 2948 98 41 tion
612 2963 50 26 en
708 2948 136 41 béton
888 2965 20 25 a
951 2949 246 53 également
1238 2951 149 53 acquis
1427 2951 50 41 de
1520 2967 99 26 nom-

470 3008 141 42 breux
653 3010 235 52 partisans.

538 3069 120 43 Mais
692 3083 146 31 toutes
867 3087 65 26 ces
964 3074 331 40 constructions
1327 3090 51 25 ne
1411 3086 104 30 sont
1547 3074 84 41 trai-

470 3132 84 42 tées
585 3135 137 52 qu'au
755 3133 134 53 point
921 3135 50 42 de
1002 3149 83 27 vue
1116 3135 207 54 statique,
1359 3151 52 28 ne
1443 3136 210 41 donnant

471 3194 111 41 dans
623 3196 38 42 la
700 3195 186 53 plupart
924 3196 72 41 des
1035 3211 68 26 cas
1144 3198 144 53 qu'un
1330 3198 182 42 résultat
1552 3209 101 30 tout

468 3256 21 41 à
521 3256 84 44 fait
637 3257 268 42 insuffisant
937 3273 53 26 au
1022 3260 134 51 point
1187 3259 50 40 de
1268 3273 82 27 vue
1384 3259 264 54 thermique.

469 3318 76 41 On
581 3334 61 29 est
677 3320 117 40 donc
827 3320 119 41 forcé
980 3320 50 42 de
1066 3321 190 40 recourir
1292 3321 360 41 ultérieurement

468 3380 22 41 à
524 3380 73 41 des
631 3380 290 44 revêtements
954 3394 139 40 ayant
1128 3396 115 38 pour
1277 3382 82 45 but
1393 3382 202 42 d'obvier
1630 3384 20 40 à

468 3454 64 29 cet
568 3443 334 42 inconvénient.

538 3504 63 42 La
634 3505 218 41 situation
887 3517 61 29 est
982 3520 152 26 encore
1166 3505 101 53 plus
1302 3505 262 44 désastreuse
1599 3521 50 27 en

472 3581 42 29 ce
545 3566 78 54 qui
656 3582 212 25 concerne
900 3568 56 40 les
989 3568 187 42 toitures
1209 3568 51 41 de
1292 3582 184 39 presque
1510 3579 145 33 toutes

474 3628 59 41 les
566 3629 334 41 constructions
935 3629 314 42 industrielles.
1288 3630 122 42 C'est
1444 3645 115 38 pour
1594 3643 62 30 cet

477 3703 143 39 usage,
670 3702 193 34 surtout,
916 3691 143 53 qu'on
1108 3690 167 53 préfère
1323 3691 326 53 généralement

1806 2583 36 41 le
1874 2583 215 41 matériau
2123 2585 35 41 le
2191 2584 200 43 meilleur
2423 2587 175 40 marché
2631 2587 20 40 à
2685 2598 101 31 tous
2820 2589 56 40 les
2908 2603 52 26 au-

1806 2657 105 34 tres;
1946 2659 41 29 et
2017 2657 219 41 pourtant
2269 2647 28 42 il
2330 2662 27 38 y
2391 2664 21 25 a
2446 2648 84 42 lieu
2565 2650 195 52 d'exiger
2792 2649 56 43 les
2881 2665 79 37 pro-

1805 2706 158 53 priétés
1996 2707 224 42 suivantes
2254 2709 109 40 d'un
2399 2709 214 42 matériau
2646 2711 50 40 de
2726 2722 261 30 couverture

1807 2768 238 53 approprié
2073 2785 87 26 aux
2189 2771 330 41 constructions
2549 2772 298 41 industrielles
2882 2789 8 26 :

1884 2839 44 32 i°
1970 2830 252 43 Résistance
2267 2847 88 26 aux
2401 2845 151 41 agents
2599 2834 387 55 atmosphériques

1808 2893 114 40 aussi
1945 2892 101 41 bien
2072 2893 59 40 du
2158 2893 160 40 dehors
2342 2909 84 39 que
2451 2895 49 40 de
2525 2909 106 27 ceux
2658 2909 253 39 provenant
2935 2896 51 41 de

1807 2953 337 53 l'exploitation
2179 2955 277 43 industrielle
2490 2956 263 44 elle-même;

1879 3023 49 32 2°
1970 3015 398 45 Inflammabilité;

1878 3085 50 45 3°
1969 3076 201 43 Pouvoir
2207 3078 166 43 isolant
2410 3079 237 47 suffisant;

1877 3146 51 45 4°
1968 3139 137 41 Poids
2133 3154 162 39 propre
2327 3141 165 44 réduit;

1880 3208 48 45 5°
1970 3200 100 41 Bon
2111 3202 187 41 marché.

1876 3262 61 42 La
1971 3262 151 42 valeur
2154 3264 110 41 d'un
2300 3264 228 42 matériau,
2566 3281 53 26 au
2653 3265 133 53 point
2820 3266 50 40 de
2903 3280 83 27 vue

1807 3324 213 42 isolation
2063 3325 265 55 thermique,
2372 3338 60 29 est
2474 3326 270 42 caractérisée
2784 3342 78 37 par
2904 3342 82 26 son

1806 3385 253 46 coefficient
2090 3387 50 42 de
2170 3387 355 42 conductibilité.
2561 3388 58 40 Le
2649 3387 253 44 coefficient
2936 3389 50 40 de

1806 3448 341 42 conductibilité
2203 3448 186 54 indique
2441 3449 205 41 combien
2704 3450 49 40 de
2807 3450 179 41 calories

1805 3521 177 41 passent
2004 3525 79 38 par
2105 3511 132 40 heure
2259 3511 21 40 à
2305 3523 164 30 travers
2505 3525 9 26 t
2546 3526 42 25 m
2595 3514 13 18 L>
2633 3511 50 41 de
2706 3512 125 49 paroi
2855 3511 130 52 plane

1806 3572 111 40 d'un
1961 3572 135 41 mètre
2138 3572 268 52 d'épaisseur
2449 3572 50 42 de
2542 3572 38 42 la
2625 3572 178 42 matière
2843 3574 120 41 consi-

1806 3633 134 50 dérée,
1985 3634 263 53 lorsqu'une
2289 3633 72 41 des
2403 3632 111 41 faces
2557 3633 50 40 de
2647 3633 39 42 la
2730 3634 87 45 dite
2859 3634 126 54 paroi

1806 3709 61 29 est
1904 3695 20 40 à
1963 3710 85 28 une
2083 3694 295 53 température
2416 3694 50 40 de
2511 3702 43 32 i°
2593 3694 100 53 plus
2730 3695 135 43 élevée
2901 3712 84 39 que
