4884 6670
90 6578 54 45 34

157 101 94 52 Die
286 104 422 62 Rechtfertigung
742 105 91 54 des
869 103 212 64 eigenen
1119 110 219 53 Wesens
1375 110 157 53 durch

30 173 177 49 solche
253 173 526 60 Wahlgemeinschaft
824 179 241 51 bedeutet
1109 184 146 47 einen
1301 183 231 58 Gewinn,

31 243 91 47 der
161 245 161 49 selbst
361 249 90 46 mit
490 246 453 60 Enttäuschungen
981 250 137 50 nicht
1157 267 63 33 zu
1260 256 144 45 teuer
1444 253 59 48 be-

31 314 137 48 zahlt
207 316 146 48 wird.
424 316 329 59 Ueberhaupt
793 320 198 49 welche
1030 322 165 56 Angst
1234 336 97 35 vor
1371 322 161 49 bösen

32 381 373 61 Erfahrungen!
483 388 87 48 Als
611 391 178 46 wären
830 391 74 47 sie
977 390 136 49 nicht
1187 393 79 47 die
1338 393 194 56 einzige

32 450 280 62 Währung,
354 458 90 46 mit
484 458 89 47 der
611 460 95 46 wir
779 459 79 48 die
930 459 223 59 Launen,
1225 460 307 59 Abenteuer,

31 521 479 63 Zügellosigkeiten,
559 527 249 59 Genüsse,
886 529 63 48 all
1029 531 78 47 die
1156 530 348 50 Jahreszeiten-

32 592 241 59 wechsel,
314 596 96 48 den
449 596 426 51 Sternenhimmel
947 613 211 35 unserer
1230 599 303 58 Geistigkeit

32 662 246 50 bezahlen
315 667 229 48 müssen!

157 732 107 50 Das
298 735 285 49 Vertrauen
618 751 63 33 zu
715 736 298 58 Menschen,
1049 739 79 47 die
1162 737 370 58 Ehrerbietung

33 816 96 35 vor
162 803 226 59 solchen,
424 806 79 48 die
539 805 79 49 ich
654 807 76 48 als
764 806 127 57 groß
930 807 237 58 erkenne,
1205 810 133 47 mein
1377 809 124 48 unbe-

32 874 151 48 irrtes
218 872 219 58 Zeugnis
472 874 77 50 für
583 877 89 55 sie,
709 876 177 48 erhebt
921 876 134 49 mich
1090 878 177 57 selbst,
1301 879 231 55 dagegen

32 942 246 49 schränkt
317 944 132 48 mich
489 946 78 46 die
607 944 325 57 Unfähigkeit
1005 947 88 47 der
1165 946 232 56 Hingabe
1470 961 62 34 an

31 1012 198 49 fremde
271 1012 150 49 Ideen
463 1014 99 48 und
633 1013 230 49 fremden
904 1014 163 58 Wert,
1140 1017 79 47 die
1289 1016 243 57 Feigheit,

33 1081 134 49 mich
200 1084 47 45 in
282 1083 134 48 mich
449 1083 161 48 selbst
643 1084 99 47 und
775 1098 143 34 zwar
952 1086 47 46 in
1035 1086 79 47 die
1150 1086 204 58 leerste,
1389 1085 108 49 küm-

33 1150 292 50 merlichste
368 1151 262 49 Sekurität
674 1154 88 46 der
807 1157 333 52 ungestörten
1184 1155 242 49 Existenz
1470 1169 62 35 zu

32 1220 238 57 flüchten,
306 1221 85 47 auf
427 1225 178 52 engste
673 1224 92 46 ein.
866 1222 110 49 Den
1046 1223 457 51 Gemeinschaftsin-

33 1289 157 49 stinkt
230 1304 64 34 zu
337 1292 138 46 einer
515 1290 221 49 Freiheit
780 1293 99 46 und
922 1292 285 51 Sicherheit
1250 1294 89 49 der
1383 1294 149 49 Wahl

32 1358 346 58 auszubilden,
412 1361 65 47 ist
510 1361 79 48 die
621 1363 195 55 einzige
847 1360 186 51 Pflicht
1067 1363 128 48 eben
1230 1365 91 47 des
1355 1365 152 47 indivi-

34 1428 198 48 duellen
269 1428 204 50 Geistes
510 1431 100 47 und
645 1432 91 48 das
772 1433 195 55 einzige
1000 1433 244 56 gerechte
1278 1432 121 49 Maß
1435 1434 74 48 sei-

32 1512 91 34 ner
157 1498 344 57 Beurteilung.
569 1499 106 50 Das
712 1501 86 48 hat
833 1503 248 47 natürlich
1116 1503 164 49 nichts
1318 1504 89 47 mit
1443 1503 90 49 der

31 1569 363 55 notwendigen
435 1570 99 46 und
575 1570 441 56 selbstgerechten
1087 1570 312 50 Einsamkeit
1471 1586 62 33 zu

33 1636 245 58 schaffen,
316 1639 48 47 in
401 1638 89 48 der
526 1640 139 51 jeder
701 1640 118 57 lebt,
855 1640 130 48 auch
1023 1641 130 48 ohne
1190 1643 74 46 sie
1303 1644 105 45 erst
1444 1641 59 48 be-

34 1705 141 50 wußt
213 1721 64 34 zu
317 1708 271 57 erwirken,
628 1709 131 48 denn
800 1723 55 35 es
925 1710 108 56 gibt
1104 1709 257 49 Zustände
1434 1710 99 47 und

33 1774 350 61 Handlungen,
418 1777 278 49 Absichten
735 1779 98 48 und
869 1778 370 57 Aeußerungen
1277 1779 129 49 auch
1442 1780 90 48 des

32 1847 252 55 geistigen
324 1846 218 58 Lebens,
585 1848 79 48 die
706 1848 313 48 schlechthin
1065 1850 99 46 und
1238 1850 294 55 notwendig

33 1916 158 48 sozial
232 1917 127 56 sind,
399 1916 360 57 Beziehungen
802 1917 279 58 verlangen
1123 1918 99 48 und
1264 1931 268 44 erzeugen,

34 1985 247 48 während
325 1986 274 58 nebenher,
646 1987 302 48 darüberhin
1014 1988 89 47 der
1164 2001 165 43 ganze
1377 2001 124 43 unge-

33 2055 250 50 minderte
321 2054 247 51 Horizont
607 2057 88 48 der
733 2056 313 49 Einsamkeit
1084 2057 107 48 sich
1229 2058 176 48 wölbt.

158 2123 155 50 Diese
387 2126 388 56 eigentümliche
847 2126 414 57 Notwendigkeit
1334 2129 199 47 innerer

32 2193 377 59 Beziehungen,
453 2197 138 46 einer
635 2195 364 49 willkürlichen
1045 2196 265 49 Sozialität
1352 2197 181 47 befreit

33 2263 96 48 den
172 2262 272 51 Einzelnen
488 2265 160 49 selbst
691 2265 80 48 bei
817 2265 424 49 übernommener
1286 2265 246 56 Bindung.

34 2332 286 57 Irgendwie
351 2336 65 46 ist
447 2336 141 46 seine
619 2333 243 58 Leistung
897 2336 88 47 der
1016 2349 102 35 von
1149 2337 100 47 ihm
1282 2335 250 57 bejahten,

33 2402 384 59 aufgesuchten,
463 2403 344 57 geförderten,
854 2406 288 47 verwandt.
1221 2403 125 51 Was
1397 2407 136 46 einer

33 2471 225 49 draußen
298 2473 265 56 irgendwo
604 2473 254 57 entdeckt,
899 2488 63 34 an
1002 2474 107 49 sich
1178 2474 149 57 zieht,
1399 2475 133 56 liebt,

33 2542 129 47 wird
201 2543 139 48 seine
378 2541 304 58 Ergänzung
721 2544 98 47 und
859 2546 107 45 sein
1005 2543 256 57 Triumph.

158 2610 176 50 Nichts
374 2611 167 50 Böses
586 2613 98 47 und
726 2612 425 57 Widerwärtiges
1195 2614 121 55 liegt
1355 2615 46 47 in
1444 2614 89 48 der

32 2679 159 50 Natur
229 2681 202 49 solcher
471 2681 687 58 Gemeinschaftsbildungen
1198 2684 99 48 und
1335 2683 165 48 Aeuße-

35 2763 209 44 rungen,
281 2751 79 48 die
397 2755 105 46 erst
538 2752 158 48 durch
731 2751 238 50 Einzelne
1007 2754 100 47 und
1143 2753 140 48 ihren
1320 2752 214 49 Unwert

34 2819 317 59 verdächtig,
389 2820 228 50 schlecht
657 2823 209 46 werden
906 2822 216 49 können.
1194 2823 108 49 Alle
1339 2823 194 57 großen

33 2888 284 50 Menschen
356 2889 165 50 haben
560 2890 311 49 Verwandte
912 2895 266 55 vereinigt,
1218 2895 89 47 mit
1349 2907 154 35 unver-

34 2958 324 56 gleichlicher
400 2959 143 50 Gabe
584 2961 88 47 der
714 2961 296 56 Anziehung
1052 2961 340 58 festgehalten
1436 2965 98 47 und

33 3028 168 53 jedem
234 3031 107 46 sein
373 3029 314 49 Aeußerstes
720 3032 99 46 und
853 3031 185 49 Bestes
1073 3031 239 58 entlockt,
1345 3046 59 36 so
1438 3033 94 48 daß

33 3098 142 52 jeder
216 3099 115 47 dem
374 3099 158 49 Genie
572 3101 286 48 zumindest
898 3103 88 46 mit
1029 3103 163 46 einem
1233 3102 170 49 Strahl
1444 3105 90 47 des

35 3166 188 51 Genies
256 3169 288 48 erwiderte.
607 3168 172 50 Durch
810 3171 79 47 die
920 3171 363 59 Kameraderie
1315 3171 219 55 Richard

34 3235 255 58 Wagners
334 3240 65 47 ist
440 3237 301 51 Nietzsches
787 3240 143 49 Geist
974 3241 287 49 entbunden
1306 3243 228 56 worden,

35 3307 187 48 dessen
264 3306 221 50 Freiheit
531 3309 126 47 eben
737 3309 94 48 den
911 3309 624 51 Gemeinschaftsinstinkt

35 3375 218 58 heiligte,
284 3377 63 47 da
378 3391 53 34 er
461 3376 80 49 ihn
572 3378 294 48 überwand.
928 3378 93 49 Die
1052 3378 135 51 Welt
1219 3381 315 49 einfacherer

35 3445 165 48 Sitten
240 3446 86 49 hat
397 3447 174 49 solche
613 3447 566 57 Wahlorganisationen
1253 3450 252 49 selbstver-

35 3515 251 48 ständlich
319 3515 254 57 gefunden
610 3519 97 45 und
741 3518 254 57 geachtet,
1029 3519 136 48 nicht
1198 3521 334 47 verleumdet.

35 3584 123 48 Man
204 3585 107 48 lese
360 3589 137 45 etwa
545 3588 79 46 die
673 3587 337 57 ehrerbietige
1060 3588 334 58 Schilderung
1446 3591 88 48 der

34 3654 391 55 germanischen
462 3656 351 56 Gefolgschaft
848 3657 79 49 bei
964 3657 221 50 Tacitus.
1254 3658 94 49 Die
1383 3659 151 57 Sage,

35 3724 80 47 die
161 3724 95 48 den
300 3724 453 56 geheimnisvollen
801 3727 450 49 Grundcharakter
1300 3729 200 49 mensch-

35 3792 155 49 licher
234 3793 476 57 Zusammenhänge
785 3797 157 48 durch
1017 3798 517 57 längstvergangene,

35 3876 122 35 vom
195 3863 159 48 Glanz
390 3865 89 47 der
515 3863 252 59 Ewigkeit
805 3867 340 48 umleuchtete
1184 3867 319 56 Begebenhei-

35 3936 85 44 ten
165 3937 489 54 vergegenwärtigt,
699 3935 86 48 hat
830 3937 95 47 alle
969 3936 418 56 schöpferischen
1435 3938 66 48 Ge-

35 4003 187 48 stalten
262 4004 88 47 der
388 4003 305 50 Geschichte
732 4007 46 46 in
850 4008 142 46 einen
1064 4006 145 54 Kreis
1279 4007 227 57 gleichge-

36 4074 207 55 sinnter,
281 4072 284 50 hilfreicher
607 4073 278 50 Gefährten
922 4076 205 56 gestellt
1166 4077 99 48 und
1303 4078 79 47 die
1421 4076 84 50 Ein-

35 4140 219 49 samkeit
284 4143 141 52 jedes
460 4143 204 48 Großen
698 4148 103 44 erst
835 4145 141 48 recht
1008 4146 221 57 vertieft,
1262 4148 167 47 indem
1461 4149 74 47 sie

36 4212 108 46 sein
177 4210 120 48 Maß
333 4225 62 34 an
431 4213 89 47 der
556 4212 380 50 Gemeinschaft
973 4215 88 48 der
1096 4215 191 49 Besten
1322 4218 149 54 zeigt.

162 4278 109 49 Wir
306 4281 184 48 wollen
525 4282 94 48 den
651 4282 113 48 Mut
797 4283 178 58 haben,
1043 4298 92 35 uns
1202 4286 333 49 ebensowohl

37 4364 63 33 zu
136 4363 93 34 uns
265 4351 174 56 selbst,
477 4353 98 46 wie
611 4366 62 33 zu
710 4353 160 48 denen
906 4369 62 33 zu
1006 4354 280 57 bekennen,
1324 4356 79 47 die
1441 4358 94 46 wir

37 4420 100 47 wie
173 4433 92 35 uns
301 4420 160 49 selbst
496 4421 229 57 bejahen,
747 4437 60 32 zu
844 4422 219 58 fördern,
1085 4438 112 35 was
1234 4427 94 46 wir
1350 4425 185 49 dessen

37 4489 78 47 für
157 4490 199 56 würdig
396 4489 183 57 halten,
623 4493 97 46 wie
777 4493 128 47 auch
964 4496 76 45 ein
1096 4494 226 55 gleiches
1381 4508 123 35 anzu-

37 4557 232 50 nehmen.

162 4627 127 50 Was
323 4629 78 48 die
436 4630 218 55 tägliche
689 4630 317 52 Gemeinheit
1039 4635 45 46 in
1120 4634 122 48 aller
1277 4633 259 50 Unschuld

38 4698 99 47 und
169 4697 188 49 Schuld
389 4700 510 50 selbstverständlich
930 4703 199 57 verübt,
1160 4704 131 47 ohne
1321 4703 215 57 jegliche

39 4767 233 57 Skrupel,
311 4770 50 51 ja
400 4768 135 48 nicht
576 4771 180 46 einmal
799 4772 157 47 durch
999 4774 76 46 ein
1117 4772 273 50 schlichtes
1436 4772 66 50 Ge-

38 4835 102 49 fühl
175 4837 402 58 gerechtfertigt,
615 4852 91 36 aus
743 4841 328 56 niedrigstem
1110 4842 166 57 Trieb,
1315 4844 91 47 das
1447 4857 58 34 un-

39 4906 296 57 würdigste,
371 4907 128 47 auch
533 4921 108 44 nur,
676 4922 110 35 was
823 4910 74 47 ihr
930 4911 188 55 gleicht
1185 4913 98 47 und
1349 4911 184 57 gemäß

38 4977 79 54 ist,
153 4976 419 57 durchzusetzen,
610 4979 128 47 wird
776 4979 114 48 dem
927 4984 256 53 strengen,
1223 4982 279 55 unabhängi-

36 5057 99 43 gen
173 5043 175 59 Urteil,
389 5046 88 47 der
516 5048 433 54 gewissenhaften
990 5048 238 60 Einsicht,
1268 5052 89 47 der
1398 5051 109 48 Frei-

38 5114 102 47 heit
185 5115 90 48 des
321 5113 271 50 Einzelnen
638 5131 89 33 zur
771 5116 197 50 Pflicht.
1046 5119 102 48 Der
1194 5120 340 58 Feindschaft,

39 5182 183 54 Roheit
267 5184 100 47 und
412 5183 325 58 Unfähigkeit
784 5201 62 33 zu
924 5187 265 57 begegnen
1267 5192 268 55 gewärtig,

38 5253 148 47 sollte
229 5266 55 34 er
326 5253 89 47 der
458 5255 178 47 immer
709 5255 224 49 bereiten
1011 5257 360 56 Organisation
1446 5261 88 47 der

38 5321 293 48 Dummheit
361 5322 137 49 nicht
532 5324 78 47 die
643 5326 150 46 naive
829 5326 95 47 und
960 5328 163 47 stolze
1156 5327 343 57 Wahlgemein-

39 5390 167 49 schaft
247 5391 88 48 der
376 5391 295 58 Begabung,
714 5394 89 48 des
877 5397 221 48 reinsten
1142 5396 210 50 Willens
1428 5403 80 44 ent-

37 5459 386 57 gegensetzen?
492 5461 66 48 Er
591 5463 148 48 sollte
774 5463 135 49 nicht
944 5469 197 51 getrost
1177 5468 139 48 seine
1351 5468 147 55 Kame-

38 5530 198 48 raderie
263 5532 90 47 mit
383 5531 114 47 dem
525 5528 178 51 Werte
734 5533 87 47 der
851 5534 319 53 Kameraden
1199 5536 333 56 begründen?

38 5599 197 49 Unsere
283 5599 334 57 Handlungen
664 5603 111 47 sind
819 5616 166 42 genau
1032 5606 163 47 soviel
1242 5611 147 52 wert,
1436 5610 99 46 wie

32 5671 100 45 wir
163 5669 176 50 selbst.
402 5668 109 49 Wir
543 5674 205 45 müssen
781 5671 145 49 ihnen
959 5677 291 54 vertrauen,
1283 5676 130 47 denn
1447 5678 89 46 der

37 5736 241 52 Maßstab
318 5739 78 49 für
438 5753 151 35 unser
630 5739 108 49 Tun
778 5741 120 56 liegt
939 5744 46 45 in
1027 5756 107 36 uns.
1207 5743 109 50 Wir
1359 5745 176 49 dürfen

39 5807 80 48 ihn
151 5808 137 49 nicht
319 5823 92 36 aus
445 5810 88 48 der
566 5809 146 48 Hand
743 5811 179 55 geben.

163 5898 80 48 Ihr
273 5899 115 49 sollt
417 5915 185 35 unsere
631 5900 161 49 Taten
821 5915 63 34 an
915 5916 92 35 uns
1039 5904 270 49 erkennen.

37 6060 183 112 Die
301 6060 336 112 Nacht

36 6223 127 56 Von
203 6224 322 70 Chammay
564 6226 212 70 Pinsky

130 6343 93 51 Die
252 6344 164 50 Nacht
447 6361 110 33 war
589 6350 110 46 eine
731 6348 128 50 Insel
892 6352 45 46 in
970 6350 112 50 dem
1115 6350 177 51 Meere

130 6413 226 52 Unseres
386 6416 180 49 heißen
594 6417 192 50 Blutes.

131 6487 87 49 Als
250 6489 180 54 trügen
460 6485 156 58 Engel
646 6500 152 37 unser
829 6487 107 51 Zelt

1773 110 174 53 Durch
1976 114 143 49 ferne
2150 114 378 52 Wellenländer

1773 183 173 50 Durch
1982 186 271 48 schwarze
2289 184 318 59 Ewigkeiten

1775 254 113 50 Und
1912 254 357 51 schleuderten
2297 270 55 35 es
2381 257 237 54 plötzlich
2645 258 47 47 in
2721 253 78 53 die
2826 250 150 57 Mitte

1775 324 103 49 Der
1908 325 163 50 Nacht
2107 364 11 11 .
2154 364 10 11 .
2199 363 13 12 .

1775 437 94 49 Die
1908 437 270 49 schwarze
2219 437 301 56 Schöpferin
2562 439 90 47 der
2692 437 427 51 Leidenschaften

1775 507 85 49 Sie
1889 508 93 48 sah
2012 508 79 47 die
2119 507 195 57 großen
2346 506 227 50 Wunder
2605 522 180 35 unsrer
2816 508 182 49 Leiber

1775 576 113 48 Und
1916 579 159 54 gierig
2104 577 149 48 trank
2280 579 75 47 sie
2382 591 153 35 unsre
2563 578 198 56 heiigen
2791 577 206 50 Sünden

1787 641 118 50 Und
1933 643 93 48 wir
2052 671 65 6 —
2144 641 77 50 als
2261 642 224 50 ständen
2512 643 94 48 wir
2644 654 95 38 vor
2776 643 168 49 einem
2975 641 207 51 Blutfall

1775 716 108 48 Wir
1916 717 204 49 knieten
2150 730 96 36 vor
2277 718 116 47 dem
2424 717 150 50 Blute

1775 785 113 49 Und
1916 789 94 46 wir
2037 785 216 50 tranken
2289 825 9 10 .
2337 825 10 10 .
2384 825 8 9 .

1774 898 94 48 Die
1899 898 163 48 Nacht
2092 912 111 34 war
2232 900 110 46 eine
2373 897 130 50 Insel
2535 900 47 46 in
2614 900 115 46 dem
2760 897 178 50 Meere

1773 967 196 50 Unsres
2002 967 180 49 heißen
2213 967 194 49 Blutes.

1776 1037 108 49 Wir
1913 1038 220 57 blühten,
2163 1040 132 46 zwei
2324 1039 150 55 junge
2505 1041 112 45 rote
2647 1038 173 54 Rosen

1775 1107 128 49 Dort
1933 1108 259 48 zwischen
2225 1107 202 49 welken
2458 1108 303 48 schwarzen
2794 1106 386 58 Urgewächsen

1776 1177 108 49 Wir
1918 1178 159 48 sahen
2111 1192 92 34 uns
2236 1177 136 49 nicht
2406 1177 183 58 selber,

1783 1241 111 51 Wir
1933 1243 262 63 vergaßen

1786 1311 97 50 Die
1924 1310 240 53 Grenzen
2203 1325 184 37 unsrer
2427 1312 184 51 Leiber

1783 1381 141 50 Zwei
1966 1382 325 65 Ewigkeiten

1781 1449 263 68 Vereinigt

1780 1521 70 51 Im
1894 1519 380 54 Unendlichen.

1775 1638 92 49 Die
1894 1638 164 50 Nacht
2087 1653 111 35 war
2230 1641 110 47 eine
2371 1640 130 49 Insel
2533 1640 46 49 in
2611 1642 115 48 dem
2756 1640 179 50 Meere

1782 1702 196 52 Unsres
2018 1703 188 49 heißen
2249 1704 198 49 Blutes.

1774 1777 66 49 Es
1872 1792 111 34 war
2015 1778 75 49 als
2121 1782 181 53 trügen
2334 1778 156 58 Engel
2524 1794 153 35 unser
2709 1779 108 50 Zelt

1776 1846 170 49 Durch
1976 1848 142 48 ferne
2148 1847 377 51 Wellenländer

1775 1916 171 50 Durch
1984 1918 171 50 blasse
2193 1916 318 59 Ewigkeiten

1775 1986 113 49 Und
1919 1988 202 49 stellten
2153 2002 55 36 es
2240 1988 270 50 behutsam
2541 2005 62 33 zu
2636 1991 95 47 den
2765 1989 171 51 Füßen

1775 2055 103 50 Des
1911 2056 248 58 Morgens
2195 2096 9 11 .
2242 2094 10 13 .
2291 2093 8 14 .

1775 2170 112 49 Und
1907 2174 94 46 wir
2023 2172 279 50 erkannten
2342 2188 93 35 uns
2472 2175 133 48 beim
2627 2179 171 45 ersten
2819 2176 284 50 Schimmer
3121 2207 63 7 —

1778 2241 352 51 Geschwister
2163 2245 137 47 einer
2330 2243 179 50 Nacht.

1775 2309 108 49 Wir
1914 2312 147 55 lagen
2093 2312 115 48 blaß
2241 2314 99 47 und
2372 2315 151 47 müde
2553 2329 96 34 vor
2682 2316 113 48 dem
2827 2314 217 59 Morgen

1776 2380 112 48 Und
1916 2380 187 50 ahnten
2133 2397 111 34 was
2276 2384 78 47 die
2381 2383 164 49 Nacht
2574 2398 92 36 uns
2696 2389 88 44 tat.

1681 2612 616 139 Gespräche
2375 2619 193 111 mit
2643 2615 457 139 Kalypso

1682 2772 216 72 Ueber
1943 2774 106 71 die
2080 2776 223 71 Musik

1677 2876 127 55 Von
1850 2877 198 56 Alfred
2098 2879 210 56 Döblin

1678 2967 230 73 Erstes
1954 2971 367 88 Gespräch:
2369 2972 115 72 Die
2531 2974 495 73 Verzauberten

1679 3057 195 66 unter
1918 3055 142 70 sich

1684 3180 210 60 (Strand
1931 3189 138 48 einer
2104 3188 146 59 Insel,
2286 3190 179 49 darauf
2500 3191 177 56 gelbes
2714 3191 302 49 kraftvolles
3054 3191 97 48 Son-

1682 3256 221 49 nenlicht
1937 3272 123 34 vom
2096 3258 370 51 dunkelblauen
2502 3261 232 49 Himmel.
2803 3261 102 49 Der
2940 3261 210 56 Morgen-

1684 3327 134 46 wind
1854 3327 129 49 reibt
2016 3328 80 47 die
2128 3328 217 49 leichten
2380 3328 275 51 Steinchen
2689 3345 62 32 an
2787 3332 255 55 einander,
3078 3331 106 55 fegt

1682 3396 74 47 sie
1790 3409 103 34 von
1961 3397 96 48 den
2092 3396 511 59 Dünenerhebungen
2640 3400 255 57 herunter,
2963 3399 223 49 klatscht

1683 3465 91 48 das
1817 3465 353 51 Meerwasser
2243 3481 165 43 gegen
2454 3470 79 47 die
2578 3471 122 47 weit
2743 3470 441 56 vorspringenden

1683 3533 225 57 Klippen.
1977 3535 106 50 Das
2121 3542 291 51 graugrüne
2451 3537 161 59 Meer,
2652 3539 225 48 draußen
2918 3542 89 45 mit
3047 3541 109 46 zahl-

1682 3603 143 49 losen
1900 3619 290 42 purpurnen
2232 3606 351 59 Lichtblitzen,
2656 3622 96 34 vor
2796 3609 116 48 dem
2958 3609 228 50 Gestade

1683 3675 89 47 mit
1811 3674 324 50 brillantener
2176 3675 193 58 Gischt,
2408 3678 115 48 rollt
2561 3681 117 45 satt.
2750 3677 179 50 Oefter
2968 3680 216 55 züngeln

1684 3741 197 50 Wellen
1917 3747 89 46 mit
2041 3744 191 50 Surren
2267 3748 124 47 weit
2426 3747 124 49 über
2585 3748 96 48 den
2717 3747 155 58 Sand,
2939 3748 246 49 belecken

1684 3813 149 48 rasch
1906 3814 79 48 die
2055 3814 226 49 braunen
2354 3815 454 59 Schiffstrümmer,
2881 3818 79 48 die
3001 3818 184 58 Türen,

1681 3881 221 59 Masten,
1973 3884 209 57 Blöcke,
2224 3883 211 59 Balken,
2508 3885 225 59 Tonnen,
2776 3887 149 57 Seile,
2969 3889 79 47 die
3092 3889 92 49 das

1682 3951 146 50 Meer
1860 3952 281 50 erbrochen
2173 3954 101 49 hat.
2336 3955 271 50 Zwischen
2640 3957 115 48 dem
2789 3956 202 50 Gewirr
3022 3960 136 54 sprin-

1682 4034 96 43 gen
1811 4023 319 56 zwerghafte
2160 4023 219 50 Männer
2411 4026 100 47 und
2540 4024 215 59 Frauen,
2789 4040 121 35 vom
2942 4026 123 50 Leib
3098 4029 58 48 ab-

1684 4094 160 47 wärts
1877 4092 352 57 Vogelkörper
2260 4096 90 47 mit
2381 4094 339 59 schwarzem,
2753 4099 296 54 struppigen
3085 4098 67 48 Ge-

1683 4161 159 48 fieder
1878 4163 99 47 und
2013 4162 244 57 sehnigen
2293 4164 209 57 Klauen,
2536 4167 164 54 spitze
2733 4166 315 55 gelbbraune
3085 4167 67 49 Ge-

1683 4231 204 57 sichter,
1961 4232 392 58 schwarzäugig
2429 4236 90 47 mit
2592 4234 434 59 Flügelstümpfen
3103 4252 79 34 am

1683 4299 231 59 Rücken;
1999 4302 276 56 schleppen
2355 4304 80 48 die
2482 4304 268 49 Trümmer
2831 4308 354 56 auseinander,

1683 4369 184 56 hüpfen
1928 4372 48 47 in
2007 4372 78 48 die
2115 4371 225 59 Tonnen,
2402 4373 95 48 daß
2531 4374 73 48 oft
2634 4389 93 34 nur
2789 4375 74 48 ihr
2894 4376 290 57 strähniges

1684 4438 376 51 Schwarzhaar
2099 4440 215 58 herlugt.
2385 4442 106 50 Das
2529 4443 145 58 Volk,
2712 4444 117 48 bald
2866 4444 319 59 kreischend,

1684 4509 115 48 bald
1840 4510 185 49 lautlos
2068 4513 141 56 tätig,
2252 4513 86 48 hat
2380 4513 301 51 verbissene
2724 4514 173 56 faltige
2939 4514 242 57 Fratzen;

1683 4579 106 48 ihre
1834 4580 279 56 unruhigen
2160 4581 204 49 Glieder
2408 4583 111 48 sind
2563 4597 104 34 von
2711 4585 221 55 gieriger
2977 4583 174 58 Mager-

1684 4647 116 49 keit.
1867 4648 85 50 Sie
1986 4650 278 49 schnarren
2297 4647 543 60 Menschensprache.)

2296 4735 90 49 Ein
2423 4736 139 49 Alter

1684 4798 129 60 (sich
1843 4804 84 49 auf
1959 4807 143 46 einen
2134 4804 193 49 Balken
2358 4799 258 62 setzend):
2683 4804 108 49 Wir
2821 4805 168 48 finden
3021 4804 164 50 nichts

1684 4874 156 49 mehr.

2243 4943 91 51 Ein
2366 4945 251 49 Anderer:

1683 5012 64 49 Er
1779 5017 65 47 ist
1876 5018 117 54 satt,
2027 5028 54 35 er
2113 5014 86 49 hat
2230 5028 183 44 genug.

2259 5084 90 50 Ein
2388 5086 214 50 Dritter:

1684 5153 65 50 Es
1779 5156 64 47 ist
1873 5155 163 48 nichts
2068 5155 163 55 mehr;
2267 5156 163 48 lauter
2460 5155 237 51 Plunder.

2297 5224 105 50 Der
2434 5226 134 49 Alte:

1684 5293 201 58 Kinder,
1920 5293 104 49 laßt
2058 5298 90 52 gut
2183 5297 130 53 sein;
2356 5309 53 34 es
2447 5297 64 47 ist
2546 5296 165 50 nichts
2748 5298 144 49 mehr
2930 5299 77 49 da.
3076 5299 111 49 Wir

1685 5364 185 48 wollen
1900 5363 133 49 heim
2062 5377 97 35 vor
2190 5364 89 48 der
2309 5364 133 50 Glut.
2506 5359 128 61 (Das
2665 5366 129 49 Volk
2824 5369 200 56 schlägt
3054 5371 133 48 noch

1684 5431 127 49 Holz
1839 5447 315 43 zusammen,
2183 5433 172 49 belädt
2385 5434 108 49 sich
2522 5437 90 47 mit
2641 5436 219 54 Körben.
2923 5437 264 51 Während

1684 5503 74 46 sie
1800 5502 107 48 sich
1948 5503 249 49 sammeln
2238 5504 100 48 und
2378 5503 367 52 landeinwärts
2786 5507 194 58 ziehen,
3021 5521 167 44 gegen

1685 5574 91 45 das
1813 5571 147 50 Meer
1996 5573 290 57 gewendet,
2323 5573 168 58 bitter,
2528 5574 78 50 für
2644 5569 144 61 sich.)
2860 5576 83 50 Ich
2982 5578 206 49 möchte

1685 5642 144 47 einen
1900 5656 104 34 von
2076 5643 174 47 diesen
2321 5643 227 56 gesehen
2621 5646 179 48 haben.
2876 5646 86 49 Sie
3004 5651 182 53 trugen

1683 5708 264 60 Kettchen,
1980 5712 273 56 Amulette,
2286 5712 196 49 seltene
2514 5712 175 50 Steine
2720 5718 90 45 mit
2843 5716 122 57 sich,
2998 5717 188 56 Vasen,

1682 5780 318 53 geschnitzte
2046 5780 219 58 Truhen,
2344 5781 360 59 Seidenstoffe,
2750 5789 112 45 zart
2906 5786 280 57 geknüpfte

1683 5847 230 59 Decken;
1988 5850 221 59 Zithern,
2247 5848 196 52 Lauten
2483 5853 99 47 und
2622 5852 234 51 Schellen
2897 5855 174 50 hatten
3111 5859 75 47 sie

1684 5918 84 49 auf
1803 5919 115 48 dem
1953 5919 180 58 Schiff;
2204 5922 100 47 wie
2338 5935 90 35 zur
2463 5921 248 50 Hochzeit
2746 5924 111 48 sind
2891 5927 74 46 sie
3000 5939 155 44 ausge-

1682 5987 192 49 fahren.
1941 5988 112 50 Von
2088 5992 219 46 meinem
2341 5989 175 50 Lande
2583 5995 209 46 müssen
2828 5995 75 47 sie
2937 6007 248 44 gewesen

1682 6059 124 47 sein.
1910 6059 135 49 Aber
2087 6060 91 49 das
2220 6058 215 52 Wasser
2508 6061 233 49 schluckt
2811 6064 159 58 jedes,
3041 6066 146 53 jedes

1683 6126 255 58 herunter,
1981 6129 91 48 das
2114 6129 371 57 dickwanstige
2527 6130 321 59 Ungeheuer,
2891 6134 100 48 wie
3033 6149 153 34 wenn

1683 6195 163 51 nichts
1874 6197 147 50 leben
2050 6198 166 50 dürfte
2246 6198 73 50 als
2351 6200 90 48 das
2471 6199 161 49 Meer.

2243 6288 91 50 Ein
2370 6289 251 58 Jüngerer

1684 6352 210 63 (Volles,
1966 6372 94 35 nur
2132 6358 152 50 leicht
2356 6360 222 49 braunes
2623 6359 232 59 Gesicht;
2932 6364 122 55 geht
3094 6366 93 47 mit

1683 6425 203 51 Tränen
1917 6427 165 49 neben
2116 6429 96 47 den
2246 6422 184 63 Alten.)
2497 6428 247 52 Wurdest
2777 6430 78 50 Du
2889 6446 59 37 so
2982 6434 70 48 alt
3085 6435 101 47 und

1679 6495 117 51 hast
1828 6497 131 49 noch
1995 6496 163 51 nichts
2193 6498 325 57 vergessen?

3938 119 104 51 Der
4075 121 135 50 Alte:

3331 194 78 57 Du
3443 198 166 58 quälst
3642 196 129 56 Dich
3805 201 199 51 schon?

3916 286 104 49 Der
4050 286 188 57 Junge:

3329 354 129 49 Bald
3493 358 172 54 ertrag
3701 356 80 48 ich
3817 369 55 36 es
3907 356 150 49 nicht.

3943 438 105 49 Der
4078 440 137 48 Alte:

3327 506 139 49 Mein
3498 507 143 57 Kind,
3673 521 56 36 es
3757 507 108 57 gibt
3894 507 360 59 Krankheiten,
4288 510 78 47 die
4398 511 100 46 wie
4531 509 185 55 Ratten
4748 528 80 35 am

3327 576 153 48 Mark
3517 590 213 36 unserer
3765 578 205 48 Glieder
4005 592 181 43 nagen.
4287 578 146 48 Denk
4468 579 90 48 Dir
4593 582 142 47 einen
4771 598 56 35 so

3329 645 230 50 kranken
3590 645 300 60 Menschen,
3923 648 116 49 dem
4073 649 80 46 die
4188 648 205 48 Glieder
4426 651 180 46 immer
4639 653 189 49 wieder

3329 716 260 58 wachsen,
3662 717 79 49 die
3781 717 101 48 ihm
3952 717 336 56 abgefressen
4360 719 112 48 sind
4542 733 105 34 von
4685 722 142 51 jenen

3328 786 204 58 Ratten,
3565 787 100 48 und
3697 788 132 47 dann
3862 786 185 50 kennst
4078 785 80 51 Du
4192 801 108 35 uns.
4365 787 79 49 Du
4476 789 100 48 bist
4608 789 106 49 hier
4748 793 81 48 auf

3330 856 89 48 der
3456 855 324 50 Hochschule
3818 856 78 49 für
3935 855 447 51 Sentimentalität.

3914 938 105 50 Der
4054 938 186 57 Junge:

3327 1007 68 49 Es
3423 1008 202 50 wächst
3655 1010 77 49 ein
3761 1009 174 58 Kraut,
3966 1010 92 49 das
4087 1008 137 49 heißt
4251 1008 167 49 Mord.
4481 1009 170 50 Damit
4680 1014 148 52 speis'

3330 1078 78 48 ich
3437 1080 90 56 sie,
3559 1093 150 34 wenn
3741 1080 185 49 anders
3956 1079 79 49 ich
4064 1078 181 49 Hände
4276 1079 128 48 hab'.

3926 1161 122 53 .Der
4079 1162 137 48 Alte:

3330 1238 183 59 (Lacht
3548 1246 270 55 gutmütig,
3854 1243 135 50 fährt
4026 1244 102 49 ihm
4168 1244 123 48 über
4330 1244 90 48 das
4459 1237 176 61 Haar).
4707 1242 122 52 Was

3330 1313 256 50 schwatzt
3623 1312 118 51 Du?
3814 1313 86 50 Ich
3937 1314 165 58 dulde,
4140 1327 113 36 was
4292 1315 47 47 in
4380 1314 96 48 den
4514 1313 193 55 Knieen
4744 1315 85 48 der

3332 1382 174 49 Göttin
3548 1383 130 49 ruht.
3751 1383 185 56 Keiner
4011 1387 146 46 unter
4199 1396 110 45 uns,
4383 1384 89 46 der
4514 1383 137 49 nicht
4695 1385 134 49 eines

3328 1451 192 51 Nachts
3553 1455 91 46 mit
3675 1452 363 50 berauschtem
4069 1452 125 49 Hirn
4226 1452 387 58 aufgestanden,
4647 1455 47 46 in
4727 1453 102 49 ihre

3332 1522 183 49 Grotte
3552 1522 327 57 geschlichen
3921 1526 144 47 wäre
4105 1523 100 49 und
4246 1523 97 47 den
4383 1521 164 49 Dolch
4588 1535 64 34 an
4693 1522 136 49 ihren

3330 1590 124 50 Hals
3498 1595 203 53 gesetzt
3744 1593 157 48 hätte.
3978 1592 86 49 Sie
4108 1595 66 46 ist
4221 1591 325 50 unsterblich.
4656 1591 173 59 Kaum,

3331 1660 95 48 daß
3463 1663 74 47 sie
3573 1663 111 47 eine
3719 1661 303 50 Schramme
4058 1662 103 57 hat,
4229 1675 59 36 so
4326 1661 182 49 brennt
4547 1661 88 48 der
4672 1660 158 51 Dolch

3331 1730 99 57 auf,
3462 1733 99 46 wie
3593 1733 78 46 ein
3702 1731 161 49 Stück
3893 1730 217 59 Zunder,
4173 1745 104 34 von
4308 1732 162 47 ihrem
4497 1730 151 49 Blute
4680 1744 120 41 ange-

3331 1799 191 56 steckt;
3601 1800 100 48 und
3741 1802 90 47 mit
3872 1800 189 50 Blasen
4134 1803 49 46 in
4225 1800 214 49 Händen
4483 1800 100 48 und
4626 1798 205 50 Gesicht

3330 1868 168 49 laufen
3529 1871 74 47 sie
3632 1870 101 48 fort
3763 1883 104 36 von
3897 1871 92 57 ihr,
4017 1870 286 55 jammernd
4333 1882 104 35 von
4469 1868 90 58 ihr,
4591 1869 78 48 die
4699 1868 133 50 nicht

3332 1939 183 48 einmal
3546 1939 329 57 aufgewacht
3903 1941 65 49 ist
4000 1940 100 48 und
4130 1938 185 49 kühlen
4348 1938 109 50 sich
4489 1939 80 48 die
4601 1937 231 50 Wunden

3332 2009 99 48 und
3464 2010 201 48 weinen
3696 2022 96 36 vor
3822 2009 246 50 Bitternis
4103 2009 99 50 und
4235 2008 262 50 Schmerz.
4563 2006 90 50 Ein
4687 2007 144 50 Weib

3332 2079 174 48 wollte
3542 2081 75 46 sie
3653 2079 182 49 einmal
3872 2082 288 54 erwürgen,
4198 2079 79 49 die
4315 2079 89 48 der
4442 2078 176 49 Göttin
4657 2078 175 48 dienen

3331 2147 195 57 mußte;
3570 2147 106 50 ihre
3713 2148 184 58 langen
3935 2147 160 57 Zöpfe
4133 2148 243 49 schnürte
4416 2149 75 48 sie
4531 2148 89 48 der
4662 2146 170 50 Göttin

3332 2230 83 34 um
3444 2218 80 48 die
3548 2217 180 57 Kehle;
3763 2231 55 37 es
3846 2231 112 36 war
3987 2218 107 49 hier
4122 2232 83 34 am
4234 2218 165 49 hellen
4429 2217 235 49 Strande.
4724 2217 108 48 Von

3331 2287 170 48 hinten
3534 2301 190 43 sprang
3758 2289 80 47 die
3870 2287 176 51 Bestie
4080 2302 63 34 an
4177 2288 100 47 und
4310 2286 132 49 warf
4475 2288 78 47 die
4587 2285 214 50 Unsterb-

3330 2357 129 48 liche
3488 2357 85 48 auf
3601 2357 80 49 die
3709 2357 153 58 Stirn,
3891 2357 249 50 während
4170 2359 94 47 wir
4291 2357 240 54 jubelten.
4591 2357 136 47 Aber
4757 2357 77 48 die

3332 2425 134 49 Haut
3492 2427 89 48 der
3608 2426 390 50 Unsterblichen
4025 2428 116 48 rollt
4169 2427 100 48 und
4296 2427 139 56 biegt
4461 2426 109 48 sich
4597 2426 237 49 elastisch

3332 2497 100 47 wie
3470 2495 159 50 Stahl.
3731 2496 229 57 Kalypso
4031 2497 216 49 richtete
4316 2495 110 50 sich
4464 2496 233 56 langsam
4737 2496 96 58 auf,

3332 2566 151 47 nahm
3519 2567 78 48 die
3631 2566 347 55 Kreischende
4044 2568 47 47 in
4127 2567 78 48 die
4238 2567 171 56 Arme,
4443 2567 133 48 löste
4612 2567 88 47 der
4737 2566 64 48 Ge-

3332 2635 252 57 fangenen
3619 2636 234 57 langsam
3890 2637 80 47 die
4005 2635 160 57 Zöpfe
4199 2636 85 48 auf
4321 2636 99 48 und
4457 2638 129 46 wies
4623 2637 74 47 sie
4733 2649 100 35 von

3332 2705 109 48 sich
3483 2705 121 56 fort;
3684 2705 123 49 aber
3851 2719 104 36 von
4031 2706 116 48 dem
4190 2705 164 55 Kopfe
4430 2705 89 48 der
4564 2705 269 49 Aermsten

3332 2773 299 57 klapperten
3662 2788 103 35 von
3796 2777 65 46 da
3890 2776 64 47 ab
3982 2774 398 50 Eisenkettchen
4409 2775 173 57 herab,
4615 2777 105 45 eins
4753 2788 80 34 um

3332 2844 93 49 das
3465 2845 204 57 andere,
3706 2845 143 53 jedes
3887 2844 139 49 Haar
4065 2847 79 46 ein
4182 2844 266 58 Kettchen,
4488 2846 92 47 das
4618 2844 84 49 auf
4740 2845 93 48 den

3332 2913 211 54 Rücken
3588 2915 99 48 und
3730 2915 80 47 die
3853 2913 272 50 Schultern
4166 2915 235 54 peitscht.
4475 2913 124 48 Man
4644 2915 190 47 erzählt

3332 2983 131 49 sich:
3531 2982 91 49 Ein
3656 2983 251 59 Tollkopf,
3941 2986 100 47 wie
4073 2983 95 58 Du,
4203 2985 175 47 wollte
4411 2986 74 46 sie
4519 2986 47 45 in
4601 2983 233 49 Schande

3332 3057 223 53 stürzen,
3594 3055 89 56 sie,
3753 3053 248 50 während
4039 3056 77 47 sie
4150 3053 193 58 schlief,
4414 3054 419 55 vergewaltigen.

3333 3122 86 49 Sie
3453 3123 199 49 wehrte
3686 3124 108 48 sich
3824 3136 94 44 gar
3952 3123 151 58 nicht,
4139 3123 247 49 während
4422 3136 54 35 er
4509 3124 81 47 bei
4623 3123 74 48 ihr
4729 3124 100 55 lag;

3332 3194 75 47 sie
3439 3192 166 56 genoß
3642 3195 168 46 seiner
3844 3196 47 45 in
3926 3192 159 58 Ruhe,
4120 3207 54 34 er
4208 3192 150 56 gefiel
4394 3193 89 48 ihr.
4550 3193 135 48 Aber
4721 3207 113 34 man

3332 3262 93 47 sah
3464 3262 81 47 ihn
3582 3262 137 49 nicht
3755 3263 214 55 wieder;
4045 3264 110 46 eine
4195 3263 324 48 Schildkröte
4558 3262 159 48 kroch
4755 3275 79 34 am

3332 3330 218 57 Morgen
3623 3346 91 34 aus
3773 3332 134 47 ihrer
3964 3332 197 57 Grotte,
4219 3331 243 55 schläfrig
4536 3332 78 47 die
4687 3331 147 48 Lider

3333 3401 243 57 senkend,
3606 3401 85 48 auf
3719 3401 88 48 der
3836 3403 73 47 sie
3938 3403 209 55 mittags
4177 3403 133 55 sitzt,
4340 3414 151 34 wenn
4520 3402 73 48 sie
4622 3402 74 48 ins
4727 3400 107 49 Bad

3333 3472 169 56 steigt.

3918 3540 104 50 Der
4056 3541 186 57 Junge:

3333 3608 165 50 Nimm
3526 3612 94 47 mir
3651 3615 165 45 etwas
3846 3611 79 49 ab.

3948 3693 104 50 Der
4083 3695 136 48 Alte:

3335 3757 185 58 (Packt
3552 3764 108 47 sich
3724 3777 104 34 von
3861 3765 116 46 dem
4010 3763 129 49 Holz
4174 3765 90 48 des
4300 3764 257 56 Jüngeren
4591 3765 105 56 auf;
4763 3766 71 47 sie

3332 3832 165 55 gehen
3534 3837 190 44 stumm
3759 3826 447 61 nebeneinander.)

3920 3914 103 49 Der
4058 3914 187 57 Junge:

3333 3982 171 49 Meine
3542 3982 171 50 Eltern
3783 3989 199 44 warten
4020 3985 85 48 auf
4141 3985 154 56 mich;
4369 3986 79 48 ich
4484 3986 131 48 habe
4653 3986 152 55 Vogel-

3335 4052 203 50 klauen!
3614 4083 63 5 —
3748 4052 123 51 Dies
3912 4056 65 47 ist
4017 4055 336 58 unglaublich,
4396 4058 64 46 ist
4504 4054 330 58 unglaublich.

3335 4122 84 48 Ich
3448 4123 142 48 hatte
3619 4124 78 48 die
3725 4123 297 57 Besinnung
4050 4125 255 57 verloren,
4336 4126 73 48 als
4442 4139 153 35 unser
4624 4125 212 49 Bremer

3335 4191 160 49 Schiff
3527 4193 179 56 brach;
3745 4196 97 45 seit
3877 4194 194 48 diesem
4105 4195 317 56 Augenblick
4458 4196 82 47 bin
4575 4195 79 49 ich
4689 4195 147 56 nicht,

3335 4262 151 57 nicht,
3523 4262 136 49 nicht
3697 4262 246 58 erwacht,
3978 4263 110 57 sag'
4126 4264 95 56 ich,
4257 4294 62 4 —
4355 4264 80 48 ich
4470 4268 215 44 träume.
4756 4264 80 48 Ich

3335 4333 81 47 bin
3452 4336 433 54 untergegangen,
3918 4333 134 49 faule
4085 4334 85 48 auf
4204 4334 115 47 dem
4351 4334 393 50 Meeresboden.

3949 4415 105 49 Der
4085 4417 136 48 Alte:

3337 4496 211 54 (stumm
3582 4490 261 61 nickend):
3912 4497 77 58 Ja,
4022 4500 65 55 ja,
4122 4511 55 36 es
4212 4500 65 47 ist
4311 4500 77 47 ein
4426 4499 293 49 Geheimnis
4757 4511 78 35 um

3337 4579 107 36 uns.
3506 4566 179 48 Glaub'
3713 4568 111 56 mir,
3850 4566 80 50 ich
3956 4568 132 48 habe
4113 4568 160 48 schon
4303 4568 72 48 oft
4404 4583 64 34 zu
4495 4568 229 57 Kalypso
4751 4581 56 43 ge-

3335 4637 140 48 betet
3504 4637 99 47 und
3632 4636 75 49 ihr
3733 4636 242 57 gedankt,
4006 4636 95 49 daß
4133 4639 74 48 sie
4238 4638 132 49 mich
4401 4639 169 48 dieses
4602 4638 200 49 Geheim-

3334 4706 217 48 nisvolle
3625 4705 176 49 lehrte.
3874 4706 137 48 Aber
4053 4708 130 48 auch
4227 4721 84 34 um
4354 4709 79 47 die
4478 4707 255 50 Göttliche
4774 4709 62 46 ist

3335 4776 80 47 ein
3448 4775 241 50 finsteres
3725 4775 193 55 Rätsel.
3989 4775 84 50 Sie
4110 4777 109 57 soll,
4255 4778 75 47 als
4368 4778 80 47 die
4484 4779 135 48 alten
4658 4777 177 49 Götter

3333 4845 225 57 starben,
3637 4846 80 47 die
3794 4844 413 59 leichtherzigen,
4255 4847 580 49 verschwenderischen

3335 4912 282 60 Olympier,
3652 4928 286 43 vergessen
3971 4918 131 54 sein;
4142 4917 89 47 der
4267 4919 110 47 eine
4410 4931 132 34 neue
4577 4916 138 58 Gott,
4749 4917 86 47 der

3335 4985 80 47 die
3455 4985 192 49 andern
3689 4985 96 49 alle
3828 4989 147 46 unter
4014 4985 184 51 Felsen
4241 4987 99 48 und
4381 4986 206 57 Bergen
4630 4985 205 58 begrub,

3334 5053 196 58 vergaß
3566 5056 75 47 sie
3676 5057 48 46 in
3758 5057 168 47 seiner
3962 5055 388 58 Siegeswonne,
4390 5057 80 48 die
4506 5057 107 48 hier
4648 5055 188 49 flötend

3336 5125 100 47 und
3473 5125 124 48 leise
3635 5126 228 55 singend,
3902 5127 206 54 umging
4145 5125 85 48 auf
4268 5128 164 45 einem
4471 5126 264 48 Inselchen
4774 5127 62 45 im

3337 5192 328 51 Weltmeere.
3732 5193 113 49 Nun
3879 5196 65 47 ist
3979 5195 79 47 die
4094 5193 138 49 Welt
4267 5208 58 36 so
4359 5195 128 55 glatt
4554 5195 100 49 und
4689 5192 148 51 blank

3336 5265 298 56 geworden,
3669 5263 192 48 überall
3895 5264 100 47 und
4028 5278 63 33 an
4123 5264 168 54 jedem
4327 5262 155 60 Ende,
4514 5295 65 5 —
4608 5278 93 35 nur
4735 5263 103 48 hier

3338 5333 298 49 verfinstert
3673 5346 54 35 es
3765 5333 123 56 sich,
3924 5333 223 49 brausen
4184 5333 336 49 unheimliche
4558 5335 149 48 blaue
4743 5332 96 49 und

3336 5416 160 43 graue
3528 5402 246 49 Schatten
3807 5401 99 59 auf,
3939 5403 130 47 wird
4099 5403 133 48 noch
4264 5404 183 47 einmal
4481 5405 164 47 hinter
4677 5403 161 49 stillen

3337 5471 217 50 Mauern
3625 5472 90 48 der
3754 5471 333 50 entsetzliche
4125 5471 134 50 Zorn
4299 5473 88 47 der
4427 5471 413 50 Götterschlacht

3337 5541 300 57 aufzucken,
3681 5541 77 48 bis
3803 5541 131 49 auch
3977 5543 74 47 sie
4094 5542 210 56 vertilgt
4348 5544 78 47 ist.
4504 5533 331 64 (Flüsternd):

3338 5611 87 48 Sie
3461 5612 131 47 wird
3659 5611 224 58 sterben,
3952 5613 96 47 wir
4085 5614 91 46 mit
4244 5611 89 49 ihr.
4434 5612 240 54 Kindisch
4744 5609 96 50 und

3338 5681 246 49 schwach
3623 5681 129 48 wird
3791 5683 88 55 sie,
3950 5681 144 49 mehr
4132 5695 104 36 von
4276 5681 108 57 Tag
4456 5697 63 33 zu
4556 5681 124 56 Tag.
4751 5679 89 48 Die

3337 5750 127 49 süße
3494 5751 335 48 Versonnene
3861 5754 117 54 gärt
4009 5753 126 53 jetzt
4167 5765 104 35 von
4304 5751 111 48 Haß
4452 5752 101 47 und
4586 5750 144 56 Ekel;
4769 5750 71 47 sie

3339 5819 149 59 weiß,
3517 5820 107 49 ihre
3652 5819 142 59 Tage
3822 5822 112 47 sind
3961 5822 219 56 gezählt.
4241 5821 157 49 Einen
4426 5820 159 49 Mann
4613 5820 227 54 schleppt

3339 5893 76 47 sie
3446 5892 90 47 mit
3569 5891 123 57 sich,
3756 5891 89 48 der
3879 5904 92 36 aus
4007 5892 115 48 dem
4156 5890 429 50 Hochzeitsschiff
4617 5890 107 50 sich
4756 5902 56 42 ge-

3341 5964 155 45 rettet
3530 5959 107 58 hat;
3678 5963 74 46 sie
3786 5961 159 57 pflegt
3979 5961 97 57 ihn,
4143 5961 256 49 schwatzt
4434 5962 89 46 mit
4559 5960 115 48 ihm.
4740 5957 101 50 Nur

3340 6030 216 49 Blumen
3591 6031 100 48 und
3722 6029 179 50 Flöten
3934 6045 178 34 waren
4146 6035 146 44 sonst
4326 6031 106 48 ihre
4467 6030 292 55 Gespielen;
4796 6029 46 51 ja

3340 6101 75 49 sie
3445 6102 64 48 ist
3537 6099 178 50 krank.

3928 6184 104 49 Der
4067 6184 186 57 Junge:

3342 6266 85 50 Ich
3458 6268 101 48 will
3589 6283 62 33 zu
3682 6268 124 49 Gott
3833 6268 174 56 beten;
4042 6270 166 46 meine
4238 6267 99 49 Not
4370 6269 63 47 ist
4464 6279 105 43 arg.

3956 6350 105 49 Der
4093 6352 135 47 Alte:

3343 6431 122 51 Hilft
3499 6431 188 59 nichts;
3728 6433 115 49 kein
3880 6434 166 49 Gebet
4083 6435 166 55 dringt
4285 6449 62 33 zu
4387 6433 122 49 Gott
4547 6432 177 55 durch;
4765 6432 77 52 leg

3342 6501 127 51 Dich
3496 6503 243 56 schlafen,
3769 6506 133 47 mein
3933 6504 142 55 Kind.
