4884 6670
4737 6563 53 40 37

36 73 311 50 Phantasien
386 72 246 51 kühnster
668 73 340 59 Mythologen
1047 74 309 53 übertrafen.
1395 76 145 49 Denn

32 146 78 48 die
169 144 362 56 Gegenstücke
588 145 315 56 vielleibiger
945 145 202 58 Riesen,
1188 145 346 56 Phorkyaden

31 216 99 47 wie
183 213 292 58 Gorgaden,
528 214 292 57 begnügten
870 215 123 57 sich,
1047 215 250 49 manchen
1351 215 183 49 Tieren

33 284 122 48 oder
194 283 214 49 Staaten
448 283 234 58 ähnelnd,
721 286 90 46 mit
850 299 299 34 zusammen
1190 287 165 46 einem
1395 285 139 49 Zahn

33 354 97 48 und
159 354 159 56 Auge.
379 353 131 49 Laut
541 354 89 48 der
659 354 289 56 Mitteilung
981 356 138 48 eines
1151 355 230 49 ziemlich
1412 369 92 41 apo-

31 422 232 56 kryphen
350 423 475 49 alexandrinischen
897 424 433 49 Grammatikers-
1375 426 160 47 sollen

34 494 138 48 diese
208 492 474 55 Kommunistinnen
720 494 129 48 auch
886 494 260 48 allerhand
1183 495 190 47 andere
1407 494 96 55 Kör-

33 562 208 57 perteile
272 564 46 46 in
353 564 164 47 einem
548 564 384 55 gemeinsamen
964 563 275 57 Exemplar
1272 564 264 57 besessen,

33 634 97 47 und
163 634 101 46 wie
297 634 78 46 ein
409 633 311 56 womöglich
751 634 132 47 noch
916 633 388 58 apokrypherer
1336 634 171 57 gelehr-

34 707 91 52 ter,
166 702 124 48 aber
331 704 90 47 mit
463 703 89 48 der
594 702 319 51 klassischen
953 703 451 58 Walpurgisnacht
1446 718 59 34 un-

34 771 281 50 bekannter
373 771 392 55 Kommentator
826 774 90 49 des
961 774 311 50 fabelhaften
1316 776 188 48 Alexan-

35 843 194 47 driners
265 841 305 59 versichert,
607 843 158 50 damit
803 845 130 48 auch
970 845 403 56 ausgekommen
1412 847 124 46 sein.

35 912 60 49 Ja
128 912 136 48 nicht
300 912 182 49 einmal
547 912 79 50 für
662 914 107 49 dies
804 913 449 56 Pflichtexemplar
1289 914 212 48 Verwen-

36 983 131 54 dung
215 980 256 57 gefunden
520 982 179 50 haben.
780 983 172 49 Meine
999 984 244 55 Kollegen
1291 983 245 57 schlugen

36 1052 93 47 den
161 1050 207 55 Rekord
401 1052 167 50 dieser
601 1053 203 49 antiken
837 1053 193 48 Freaks
1061 1053 131 47 noch
1224 1067 82 34 um
1339 1055 78 46 ein
1449 1053 58 49 be-

36 1119 343 59 trächtliches,
417 1122 132 48 denn
586 1122 135 49 ihrer
755 1124 234 53 zwanzig
1026 1121 174 49 hatten
1238 1137 298 34 zusammen

34 1190 135 48 nicht
197 1190 298 49 annähernd
526 1194 78 46 ein
636 1194 221 54 einziges
888 1192 188 47 Gehirn
1113 1230 9 9 .
1161 1231 8 8 .
1207 1231 10 8 .
1280 1191 103 50 Der
1413 1191 93 49 Hof-

36 1263 78 45 rat
148 1263 102 46 trat
286 1262 94 47 ein.
449 1260 104 50 Der
589 1260 458 50 Bronchialkatarh
1085 1262 89 48 des
1214 1261 322 57 Gewaltigen

36 1329 172 49 mußte
252 1331 107 48 sich
403 1332 97 47 seit
543 1332 115 47 dem
702 1331 188 48 letzten
934 1330 139 49 Male
1116 1332 289 48 bedeutend
1448 1345 60 42 ge-

36 1400 203 48 bessert
267 1400 180 57 haben,
478 1401 131 47 denn
638 1401 89 47 der
755 1398 275 50 Professor
1062 1415 125 42 war,
1218 1403 98 45 wie
1347 1401 78 48 ich
1454 1415 56 34 so-

36 1469 100 49 fort
162 1469 198 56 freudig
386 1470 352 56 konstatierte,
764 1469 81 48 bei
872 1472 208 47 weitem
1107 1470 135 49 nicht
1270 1485 58 34 so
1357 1486 151 42 „gran-

167 1540 100 46 wie
296 1539 210 48 damals.
538 1538 103 48 Der
673 1538 330 50 unbewölkte
1033 1538 131 51 Zeus
1197 1541 166 48 lachte
1395 1556 143 33 zwar

37 1608 130 48 noch
202 1608 148 55 Fange
384 1607 152 57 nicht,
570 1609 66 47 im
671 1608 283 57 Gegenteil,
991 1623 55 35 es
1083 1613 165 45 setzte
1286 1612 76 46 ein
1400 1610 104 48 Don-

36 1680 294 54 nerwetter,
362 1677 123 48 aber
517 1691 55 34 es
605 1677 170 49 entlud
806 1678 108 48 sich
944 1679 136 48 nicht
1111 1680 124 48 über
1265 1680 147 48 mich.
1444 1680 94 49 Die

39 1751 151 52 erste,
247 1747 96 48 den
400 1746 298 50 wirklichen
756 1748 557 58 Seminarmitgliedern
1373 1765 139 35 reser-

38 1818 164 46 vierte
267 1816 297 50 Tischreihe
627 1831 111 35 war
787 1819 195 48 wieder
1032 1820 181 47 einmal
1264 1820 120 57 leer,
1451 1821 89 48 der

37 1885 347 49 Bibliothekar
419 1887 147 48 allein
601 1890 400 53 repräsentierte
1035 1889 79 48 die
1146 1889 149 49 Blüte
1330 1890 88 48 der
1453 1905 57 33 zu-

38 1955 258 56 künftigen
386 1957 462 49 österreichischen
939 1958 600 57 Geschichtsforschung.

38 2025 91 48 Die
162 2026 223 48 anderen
420 2026 577 57 schwarzrotgoldenen
1032 2028 205 49 Bänder
1271 2044 176 33 waren
1479 2059 63 5 —

39 2095 303 48 vermutlich
390 2110 91 35 aus
530 2097 290 54 Antipathie
867 2110 165 44 gegen
1081 2099 95 47 den
1227 2099 312 47 altliberalen

40 2165 162 47 Herrn
240 2194 63 5 —
341 2166 167 55 knapp
548 2180 97 34 vor
683 2168 182 47 viertel
906 2167 150 49 sechs
1096 2169 46 47 in
1182 2170 178 55 Irgend
1402 2171 138 47 eines

40 2236 86 46 der
155 2248 57 34 so
244 2234 218 55 bequem
493 2235 79 48 bei
606 2237 89 47 der
725 2236 318 50 Universität
1074 2237 280 56 gelegenen
1389 2237 120 50 Cafe-

42 2304 183 49 häuser
253 2304 327 58 ausgerückt,
608 2306 152 47 allwo
788 2308 88 55 sie,
904 2309 100 46 wie
1034 2321 53 36 es
1117 2308 107 48 sich
1253 2310 45 46 in
1330 2307 181 50 Oester-

40 2374 135 48 reich
247 2373 78 49 für
398 2374 474 50 teutschvölkische
930 2375 282 50 Studenten
1271 2380 268 55 geziemet,

42 2443 343 56 skatspielend
418 2458 63 34 an
513 2443 142 50 ihren
686 2444 400 50 Stammtischen
1119 2446 172 49 saßen.
1357 2447 185 50 Wobei

42 2527 53 35 es
136 2513 159 49 öfters
336 2513 408 57 vorgekommen
785 2517 107 46 sein
935 2516 109 56 soll,
1086 2515 95 48 daß
1226 2517 78 47 die
1344 2515 196 50 Herren

42 2583 342 48 aufbrechend
428 2584 131 48 ohne
603 2585 397 49 treudeutschen
1044 2585 240 57 Heilgruß
1330 2588 181 47 vonein-

42 2653 154 48 ander
229 2653 255 49 Abschied
516 2654 235 58 nahmen,
784 2657 132 56 weil,
947 2670 133 43 ganz
1113 2657 293 56 abgesehen
1438 2671 103 35 von

42 2723 114 47 dem
191 2723 319 54 Kassastand
546 2725 89 48 der
671 2725 378 58 Verlierenden,
1086 2727 80 47 die
1201 2729 150 47 meist
1387 2727 124 48 ohne-

42 2792 81 47 hin
158 2807 94 33 nur
288 2795 77 46 ein
402 2807 124 42 paar
561 2793 172 50 Heller
771 2795 348 57 betragenden
1158 2796 384 55 Spielschulden

41 2861 550 59 nichtsdestoweniger
621 2878 103 34 von
754 2866 269 47 manchem
1054 2869 146 45 unter
1232 2866 146 48 ihnen
1411 2868 106 54 prin-

42 2932 160 54 zipiell
251 2932 137 49 nicht
433 2933 265 56 beglichen
744 2935 231 57 wurden,
1022 2938 89 46 mit
1159 2937 95 48 den
1302 2936 236 50 Worten:

42 3000 151 57 „Man
228 3002 136 48 zahlt
396 3016 109 43 nur,
539 3017 150 34 wenn
725 3018 117 34 man
1196 3044 9 10 .
1243 3045 9 9 .
1291 3044 9 10 .
1367 3005 176 51 Etwas

42 3071 335 55 verschnupft
445 3072 124 49 über
624 3073 79 48 die
756 3074 311 57 abermalige
1120 3076 203 48 Absenz
1378 3077 165 49 dieser

42 3139 367 50 Herrschaften
448 3154 99 44 zog
586 3143 88 47 der
711 3143 183 49 Hofrat
933 3146 107 47 sein
1080 3144 189 49 ebenso
1312 3148 230 54 putziges

42 3209 73 49 als
172 3210 348 55 gefürchtetes
576 3210 383 51 Notizbüchlein
1017 3214 203 48 hervor.
1311 3215 97 47 Auf
1464 3215 79 48 die

42 3279 337 49 schüchterne
412 3279 352 57 Einwendung
797 3282 90 49 des
921 3282 376 49 Bibliothekars
1333 3284 95 57 hin,
1463 3285 80 47 die

41 3351 214 46 meisten
296 3350 88 47 der
423 3349 268 49 fehlenden
732 3351 369 50 Seminaristen
1140 3353 252 49 befänden
1434 3353 107 49 sich

40 3420 354 54 gegenwärtig
428 3421 67 46 im
530 3419 231 50 Stadium
797 3421 88 48 der
919 3420 508 59 Lehramtsprüfung,
1463 3437 51 33 er-

43 3487 240 56 kundigte
319 3502 54 34 er
407 3488 109 49 sich
551 3489 377 50 teilnahmsvoll
964 3491 130 48 nach
1130 3491 114 48 dem
1281 3491 136 49 Lose
1453 3492 89 48 der

44 3556 222 56 übrigen.
350 3557 109 48 Daß
528 3558 141 49 diese
737 3558 195 50 Herren
1002 3574 62 34 an
1118 3560 222 57 heftigen
1393 3561 119 49 Hals-

44 3626 296 49 schmerzen
397 3628 142 48 litten
599 3629 123 47 oder
760 3642 93 43 gar
894 3644 63 33 an
999 3630 258 49 Influenza
1299 3633 242 49 erkrankt

44 3710 188 43 waren,
267 3696 172 50 schien
475 3697 81 49 ihn
590 3698 269 57 aufrichtig
894 3714 60 33 zu
991 3700 261 57 betrüben,
1290 3702 129 48 doch
1454 3702 58 48 be-

44 3765 116 49 hielt
218 3780 52 34 er
329 3770 133 45 trotz
522 3769 167 47 seiner
732 3770 201 54 innigen
977 3768 196 50 Trauer
1216 3771 324 49 hinreichend

42 3834 228 58 Fassung
317 3850 62 34 zu
426 3836 293 58 bemerken,
766 3852 54 35 er
865 3839 309 49 verzeichne
1222 3841 79 47 die
1345 3840 195 49 Namen

45 3905 85 47 der
168 3905 502 50 Bedauernswerten
709 3921 108 43 nur,
857 3922 81 34 um
980 3908 366 58 festzustellen,
1389 3911 64 48 ob
1494 3913 46 46 in

44 3973 129 49 ihrer
201 3976 365 49 Abwesenheit
594 3977 137 48 nicht
760 3977 212 55 System
1000 3979 146 57 liege,
1177 3982 109 45 eine
1316 3982 225 53 gewisse

46 4043 481 60 Gesetzmäßigkeit,
568 4047 155 47 deren
762 4045 205 50 Walten
1008 4049 46 47 in
1096 4048 95 48 den
1234 4048 307 50 Geschichte

45 4114 311 49 machenden
390 4115 210 53 Kräften
635 4115 130 49 auch
799 4120 146 46 sonst
978 4118 136 47 nicht
1147 4132 62 34 zu
1245 4119 295 49 verkennen

43 4184 91 47 sei!
177 4221 70 11 ...
286 4184 280 57 „Kommen
603 4184 85 50 Sie
725 4187 94 47 mir
857 4200 83 34 um
995 4187 357 49 Gotteswillen
1406 4189 136 48 nicht

44 4254 86 47 mit
155 4253 113 49 dem
296 4253 171 50 Chaos
495 4255 90 49 des
1019 4256 114 49 fuhr
1161 4271 53 34 er
1242 4258 96 48 den
1365 4272 175 35 armen

43 4321 343 50 Bibliothekar
440 4338 78 43 an,
572 4325 116 48 dem
741 4339 96 35 vor
875 4325 227 49 Schreck
1157 4327 90 48 das
1287 4326 254 50 Doktorat

45 4393 95 47 und
177 4407 290 43 sozusagen
506 4394 129 49 auch
672 4395 90 48 der
801 4395 344 50 Schnurrbart
1184 4396 162 50 abfiel.
1417 4396 125 58 „Die

43 4463 342 49 ordentlichen
413 4463 292 57 Mitglieder
735 4468 177 46 setzen
942 4465 108 49 sich
1081 4465 198 50 einfach
1307 4466 125 49 über
1462 4468 79 46 die

43 4529 290 51 Teilnahme
368 4547 62 34 an
468 4534 96 47 den
600 4533 473 58 Seminarübungen
1111 4538 89 46 mit
1235 4534 132 50 Hilfe
1404 4539 137 45 einer

43 4605 142 45 sonst
223 4616 147 34 raren
408 4603 92 48 Art
535 4617 104 34 von
677 4603 399 58 Arbeitsteilung
1113 4605 221 56 hinweg,
1373 4606 167 48 indem

44 4670 76 47 die
145 4670 195 49 Herren
369 4672 365 50 abwechselnd
761 4673 108 49 sich
897 4676 46 46 in
974 4676 163 46 einem
1167 4674 220 49 überaus
1417 4675 93 48 aku-

42 4742 82 46 ten
170 4739 232 50 Stadium
450 4742 89 48 der
586 4742 559 58 Lehramtsprüfungen
1195 4759 62 33 zu
1304 4744 235 50 befinden

42 4810 358 57 vorschützen,
443 4824 91 36 aus
580 4812 115 48 dem
739 4815 75 45 sie
857 4813 240 57 übrigens
1142 4812 399 51 kurioserweise

41 4881 78 45 nie
162 4879 445 58 herauskommen,
653 4882 364 49 abwechselnd
1062 4883 211 49 werden
1319 4885 75 47 sie
1436 4898 104 34 von

40 4949 134 49 nicht
208 4962 170 44 genug
414 4964 62 34 zu
511 4949 352 57 beklagenden
900 4951 468 58 Erschütterungen
1406 4953 135 49 ihrer

42 5018 314 50 Gesundheit
415 5019 353 57 heimgesucht
804 5059 10 9 .
851 5059 9 9 .
899 5059 10 10 .
967 5020 99 50 Für
1126 5021 107 49 ihre
1290 5025 90 45 mit
1425 5023 114 48 dem

40 5087 507 58 Kausalitätsprinzip
597 5090 205 48 schwer
850 5091 321 56 vereinbare,
1220 5092 142 48 mehr
1411 5092 104 49 fata-

42 5158 224 49 listische
319 5158 625 59 Geschichtsauffassung,
993 5158 132 50 Herr
1175 5159 364 59 Bibliothekar,

39 5226 152 51 bleibt
230 5229 132 48 noch
401 5230 178 48 immer
618 5242 169 44 genug
829 5229 179 55 Raum.
1081 5229 144 49 Denn
1268 5243 152 35 wenn
1461 5230 79 49 die

39 5296 345 50 betreffenden
422 5298 198 49 Herren
660 5300 225 48 dereinst
921 5314 91 35 zur
1048 5298 230 59 Prüfung
1317 5299 194 50 erschei-

40 5379 95 35 nen
167 5368 196 57 sollten,
394 5368 79 50 ich
501 5368 132 57 gebe
665 5383 55 35 es
751 5385 85 33 zu:
870 5369 166 50 nichts
1068 5370 218 48 anderes
1321 5370 74 49 als
1428 5371 112 48 eine

41 5449 89 36 ans
168 5435 354 52 Wunderbare
557 5440 293 55 grenzende
887 5439 238 56 Häufung
1163 5440 241 56 widriger
1443 5438 64 51 Zu-

39 5504 115 49 fälle
181 5508 129 48 wird
340 5522 62 34 an
431 5511 260 52 gewissen
719 5507 344 58 Ergebnissen
1093 5509 189 49 Schuld

39 5572 102 50 Der
188 5576 347 51 Bibliothekar
583 5578 129 49 sank
760 5579 266 55 irgendwo
1060 5583 147 45 unter
1240 5579 96 49 den
1370 5578 168 50 Tisch.

41 5643 144 51 Dann
213 5646 166 58 fragte
410 5648 89 48 der
528 5646 198 59 Hofrat,
754 5650 101 46 wie
887 5650 178 48 immer
1093 5663 97 35 vor
1220 5650 195 56 Beginn
1448 5651 90 49 des

40 5711 282 62 Referates,
353 5716 65 50 ob
450 5716 136 50 nicht
617 5717 198 49 endlich
847 5718 130 49 doch
1011 5721 139 47 eines
1182 5720 90 47 der
1301 5734 105 35 von
1438 5721 100 49 ihm

39 5785 267 53 gestellten
343 5786 227 49 Themen
609 5788 311 55 Gegenliebe
957 5788 254 56 gefunden
1249 5788 145 50 habe.
1433 5789 105 50 Das

42 5866 108 35 war
180 5869 99 35 nun
312 5855 203 50 absolut
545 5856 137 49 nicht
716 5857 89 48 der
836 5857 128 49 Fall:
1000 5859 88 47 der
1119 5857 276 51 Professor
1427 5874 112 34 war

42 5923 76 47 ein
156 5924 184 51 Greuel
378 5927 47 47 in
463 5926 98 49 den
597 5926 179 57 Augen
812 5929 193 47 meiner
1041 5927 243 49 biederen
1324 5929 179 49 Germa-

40 6004 109 36 nen.
208 5993 65 49 Er
301 6009 111 35 war
442 5999 165 46 etwas
636 6010 63 35 zu
727 5998 216 55 rigoros.
1003 5996 320 51 Namentlich
1352 5998 186 49 liebten

42 6062 71 46 sie
145 6063 79 48 ihn
257 6064 150 59 nicht,
441 6066 116 48 weil
593 6066 88 48 der
715 6066 299 49 Bösewicht
1048 6068 163 48 soviel
1245 6068 293 50 Aufhebens

42 6132 212 59 machte,
288 6149 151 34 wenn
475 6138 77 46 ein
588 6149 170 36 armer
792 6136 178 49 Teufel
1000 6150 104 35 von
1140 6136 218 49 Student
1393 6139 145 47 einen

42 6201 97 47 und
169 6202 94 50 den
292 6205 223 48 anderen
549 6205 570 50 Geschichtsschreiber
1152 6220 91 36 aus
1273 6207 265 50 Versehen

42 6268 127 50 ohne
205 6273 537 59 Anführungszeichen
779 6277 213 47 zitierte.
1062 6276 360 49 Verstimmter
1460 6290 52 35 er-

42 6336 237 60 kundigte
317 6344 108 48 sich
463 6345 90 47 der
591 6344 183 49 Hofrat
809 6345 82 48 bei
929 6346 96 48 den
1063 6347 236 54 wenigen
1339 6346 198 49 Damen

42 6409 97 47 und
163 6408 211 61 Herren,
402 6414 80 47 die
509 6428 54 34 es
589 6417 90 45 mit
705 6414 100 48 ihm
832 6418 211 53 gewagt
1069 6415 191 58 hatten,
1287 6417 102 47 wie
1415 6417 123 48 weit

43 6479 73 45 sie
185 6482 45 46 in
301 6483 95 47 den
449 6484 434 49 übernommenen
937 6484 240 49 Arbeiten
1231 6485 307 55 gekommen

1684 76 154 47 seien.
1900 73 113 50 Und
2043 74 74 50 als
2147 75 92 50 das
2271 74 271 51 Gräßliche
2571 79 185 55 zutage
2785 76 134 58 kam,
2948 77 96 49 daß
3076 78 111 48 eine

1683 143 179 58 Dame,
1920 145 81 48 die
2057 145 126 48 kurz
2240 158 163 37 zuvor
2444 145 132 50 noch
2618 146 344 50 anscheinend
3005 146 151 49 außer-

1684 214 283 49 ordentlich
2000 215 184 57 lustige
2217 214 165 58 Dinge
2416 216 133 49 ihrer
2582 214 288 51 Nachbarin
2906 218 249 54 zugezwit-

1685 284 173 48 schert
1897 283 156 58 hatte,
2093 283 499 51 frevelhafterweise
2632 286 132 48 noch
2805 285 114 49 kein
2963 287 222 55 einziges

1685 354 89 47 der
1811 354 78 48 für
1925 354 74 48 ihr
2036 352 242 51 Elaborat
2314 356 207 54 nötigen
2560 354 202 50 Bücher
2797 356 210 55 gelesen
3046 356 140 48 hatte

1685 424 99 47 und
1828 423 147 49 dabei
2017 424 133 48 noch
2191 424 182 57 lachte,
2416 425 65 47 da
2525 424 222 48 erklärte
2791 426 88 46 der
2924 424 262 50 Wüterich

1687 494 259 56 dezidiert,
1987 507 54 35 es
2081 495 76 47 sei
2193 492 111 50 fern
2341 507 105 35 von
2486 494 116 57 ihm,
2643 494 84 48 auf
2766 493 133 49 ihrer
2939 496 247 46 weiteren

1685 562 366 49 Anwesenheit
2080 577 62 34 zu
2172 563 262 49 bestehen.
2497 563 211 49 Hierauf
2736 564 82 48 lud
2852 578 53 34 er
2935 564 133 48 mich
3098 566 90 46 mit

1686 634 96 46 den
1810 632 434 49 verbindlichsten
2274 631 215 50 Worten
2521 635 94 55 ein,
2647 635 197 46 meinen
2878 636 281 46 interessan-

1686 706 84 46 ten
1802 702 222 56 Vortrag
2057 702 365 50 fortzusetzen.
2488 702 80 49 Ob
2603 702 200 50 solcher
2836 702 353 56 Umschwung

1687 774 45 46 in
1776 773 88 48 der
1905 772 334 57 Behandlung
2279 774 192 47 meiner
2512 771 292 58 Wenigkeit
2845 772 114 48 bloß
3002 772 155 48 Beloh-

1687 855 135 43 nung
1868 843 90 47 des
2003 844 95 46 mir
2143 844 47 46 in
2237 842 195 49 diesem
2476 840 265 50 Momente
2787 843 100 47 wie
2933 841 129 49 auch
3108 842 81 48 bei

1687 912 89 48 der
1845 911 530 56 Zusammenstellung
2445 912 89 48 der
2604 912 176 48 Arbeit
2850 914 338 46 entströmten

1687 981 299 49 Schweißes
2014 983 89 55 sei,
2131 982 125 47 oder
2284 995 92 43 gar
2406 983 137 46 einer
2573 981 92 48 Art
2694 981 140 53 Reue
2865 984 323 53 entstamme,

1686 1051 133 49 mich
1859 1050 171 50 früher
2071 1053 79 47 ein
2191 1050 133 50 klein
2367 1053 170 53 wenig
2904 1065 62 33 zu
3008 1050 180 56 haben,

1687 1121 218 48 darüber
1936 1121 233 56 grübelte
2201 1121 78 48 ich
2311 1120 147 57 noch,
2490 1121 75 47 als
2598 1120 78 48 ich
2709 1120 157 48 schon
2900 1134 61 33 zu
2996 1122 193 45 meiner

1687 1193 212 54 eigenen
1933 1190 429 56 Ueberraschung
2396 1191 248 55 mitteilte,
2679 1189 211 49 diesmal
2926 1189 95 48 alle
3056 1189 106 48 übri-

1686 1274 97 42 gen
1812 1259 201 50 Punkte
2044 1259 305 56 erschöpfen
2378 1260 98 48 und
2504 1274 92 34 nur
2625 1260 78 47 die
2733 1258 334 57 Schilderung
3100 1259 88 47 der

1687 1331 271 55 religiösen
1990 1328 382 57 Streitigkeiten
2402 1331 94 46 mir
2526 1328 83 48 auf
2639 1330 80 46 die
2748 1328 215 48 nächste
2994 1327 194 49 Stunde

1687 1399 273 56 aufsparen
1993 1414 61 33 zu
2086 1399 202 49 wollen.
2319 1398 96 49 Mit
2445 1398 124 49 Müh
2601 1399 97 47 und
2731 1397 99 49 Not
2861 1398 328 47 verhinderte

1690 1470 77 48 ich
1799 1471 165 46 meine
1996 1469 191 48 schnell
2219 1470 152 55 üppig
2400 1469 315 56 gewordene
2748 1466 172 57 Zunge
2952 1468 209 46 hinzuzu-

1689 1539 167 57 fügen,
1900 1538 96 48 daß
2039 1539 78 47 ich
2161 1538 186 56 infolge
2392 1540 190 53 einiger
2626 1536 347 55 persönlicher
3018 1535 144 50 Erleb-

1691 1610 137 48 nisse
1868 1608 343 49 außerstande
2249 1609 89 55 sei,
2377 1608 78 48 die
2495 1609 47 46 in
2582 1607 154 48 derlei
2776 1605 196 57 Dingen
3014 1619 141 34 unum-

1690 1678 235 57 gänglich
1962 1680 172 55 nötige
2173 1676 339 55 Objektivität
2549 1676 380 55 aufzubringen.
3001 1674 75 58 Ja,
3115 1674 76 48 ich

1690 1762 220 42 gewann
1948 1761 54 35 es
2039 1761 155 42 sogar
2229 1747 124 49 über
2388 1746 148 56 mich,
2573 1746 96 48 den
2704 1745 353 56 prachtvollen
3095 1745 99 53 Rat

1692 1818 88 48 der
1811 1818 252 49 Jesuiten:
2097 1816 238 57 „Ungarn
2365 1818 64 47 ist
2456 1819 174 45 zuerst
2659 1813 160 58 elend,
2850 1815 131 47 dann
3013 1813 150 49 katho-

1693 1887 122 57 sich,
1851 1886 291 49 schließlich
2176 1885 215 49 deutsch
2424 1900 63 33 zu
2802 1899 61 33 zu
2900 1884 294 55 erwähnen,

1693 1957 131 48 ohne
1862 1957 139 47 diese
2037 1968 103 35 von
2179 1956 115 47 dem
2333 1955 284 55 damaligen
2654 1953 371 55 Landesvater,
3062 1952 98 48 Leo-

1693 2027 116 55 pold
1852 2025 48 57 1.,
1958 2028 65 45 im
2081 2026 186 46 dritten
2307 2022 202 50 Punkte
2565 2023 137 49 nicht
2742 2022 225 56 befolgte
3009 2020 184 49 Taktik

1694 2100 137 43 etwa
1869 2094 243 58 gehässig
2150 2109 62 33 zu
2252 2093 302 56 kritisieren,
2596 2094 116 46 weil
2755 2094 89 46 der
2886 2093 127 47 Held
3057 2094 137 46 einer

1691 2166 192 47 meiner
1929 2164 217 49 Skizzen
2207 2177 104 34 von
2357 2165 164 46 einem
2568 2162 226 57 Vehikel,
2858 2165 44 45 in
2951 2163 114 47 dem
3115 2164 77 46 ein

1694 2234 164 49 Jesuit
1891 2233 106 56 saß,
2030 2234 124 48 über
2188 2233 99 49 und
2320 2232 124 49 über
2477 2234 88 47 mit
2598 2232 98 54 Kot
2728 2232 219 48 bedeckt
2982 2232 212 47 worden

1693 2318 124 35 war.
1856 2342 8 10 .
1903 2342 9 10 .
1975 2302 105 50 Das
2111 2316 178 35 waren
2321 2303 79 48 die
2431 2301 383 58 „persönlichen

1693 2374 170 48 Meine
1923 2372 318 57 anfängliche
2283 2371 324 56 Bestürzung
2666 2371 124 49 über
2833 2371 139 49 diese
3017 2371 178 55 selten,

1693 2447 144 44 sonst
1869 2443 122 48 aber
2019 2442 165 57 gleich
2213 2442 263 56 gründlich
2507 2443 46 47 in
2582 2440 348 57 Erscheinung
2963 2441 232 47 tretende

1693 2512 504 57 Unbeherrschtheit,
2233 2510 256 50 vielleicht
2524 2509 444 58 Unabhängigkeit
3004 2511 191 47 meiner

1694 2581 512 59 Sprechwerkzeuge
2260 2581 136 57 legte
2449 2580 122 57 sich,
2626 2580 79 49 ich
2759 2583 240 46 stotterte
3052 2593 143 34 zwar

1696 2655 161 54 einige
1886 2651 108 50 Zeit
2019 2652 132 49 noch
2177 2651 134 49 beim
2336 2650 265 57 Vorlesen,
2628 2650 131 48 doch
2786 2650 90 48 das
2908 2649 138 48 hatte
3075 2649 120 48 eher

1694 2725 46 46 in
1785 2725 166 52 jenem
1997 2723 261 55 gewissen
2304 2718 527 51 wissenschaftlichen
2881 2718 89 49 Stil
3021 2720 173 47 seinen

1698 2793 189 55 Grund,
1924 2792 96 47 den
2055 2790 137 49 nicht
2228 2791 205 48 imitiert
2468 2804 61 33 zu
2565 2789 163 48 haben
2767 2789 76 47 ich
2881 2791 144 45 sonst
3062 2789 130 46 mein

1693 2861 198 56 Lebtag
1930 2861 249 48 bedauert
2217 2860 155 48 hätte.
2413 2858 307 56 Uebrigens:
2763 2857 141 48 hätte
2946 2856 77 49 ich
3063 2856 132 49 mich

1696 2933 46 46 in
1772 2933 191 46 meiner
1994 2930 157 48 durch
2184 2928 105 49 ihre
2319 2928 175 55 Länge
2527 2927 459 56 ausgezeichneten
3022 2927 173 47 Arbeit

1694 3000 137 49 nicht
1875 3000 72 48 ihr
1991 2999 330 56 kongenialer
2366 2997 403 56 Satzungetüme
2813 2996 218 54 bedient,
3078 3009 87 34 son-

1694 3071 122 47 dern
1848 3069 132 48 mich
2011 3071 138 46 eines
2180 3067 143 49 mehr
2353 3066 367 49 mitreißenden
2753 3065 153 49 Stiles
2937 3065 258 55 beflissen,

1693 3143 143 44 wäre
1876 3141 93 46 mir
2010 3137 268 50 sicherlich
2797 3149 116 33 zum
2953 3133 242 49 Vorwurf

1692 3209 239 55 gemacht
2004 3208 228 48 worden.
2323 3205 161 49 Dabei
2557 3204 197 57 jedoch,
2813 3205 176 47 mitten
3049 3207 146 45 unter

1694 3278 472 54 Schachtelsätzen,
2234 3277 47 48 in
2350 3277 162 47 einem
2564 3273 229 50 Deutsch
2862 3274 301 47 aneinander-

1693 3347 289 58 gekoppelt,
2013 3360 59 36 so
2104 3346 243 56 schlecht,
2378 3347 101 47 wie
2509 3344 78 49 ich
2619 3358 55 35 es
2706 3345 79 46 nie
2815 3342 193 56 gehofft
3040 3342 155 50 hatte,

1693 3431 193 42 waren,
1935 3430 93 35 nur
2079 3430 83 34 um
2212 3429 58 35 so
2319 3413 446 56 wirkungsvoller,
2817 3413 63 47 da
2931 3412 98 47 und
3081 3412 114 46 dort

1693 3487 223 53 Rosinen
1991 3488 377 53 eingesprengt,
2427 3484 407 47 Atemstationen
2909 3481 78 50 für
3047 3480 148 55 mich,

1693 3557 173 56 kurze,
1909 3557 149 47 meist
2100 3568 93 35 nur
2233 3553 302 50 scheinbare
2576 3552 323 55 Witzworte,
2943 3553 44 45 in
3033 3551 160 47 denen

1693 3626 84 48 auf
1835 3625 278 56 vieldeutig
2173 3623 418 56 unverfängliche
2634 3622 91 47 Art
2768 3623 165 46 meine
2977 3619 190 48 ketzeri-

1694 3696 155 49 schen
1888 3695 275 49 Ansichten
2201 3693 263 57 geborgen
2502 3706 191 34 waren.
2732 3691 75 48 An
2846 3692 137 46 einer
3023 3689 172 55 Stelle,

1693 3780 83 34 wo
1810 3766 78 48 ich
1922 3767 93 46 mir
2048 3764 80 49 die
2162 3763 122 48 aber
2318 3763 159 48 schon
2511 3761 143 49 mehr
2690 3761 300 54 eindeutige,
3025 3759 136 47 harm-

1693 3836 109 48 lose
1837 3833 327 56 Bemerkung
2201 3834 293 54 gestattete,
2530 3830 240 58 jeglicher
2806 3829 352 56 Systemwech-

1693 3905 88 56 sel,
1836 3905 140 53 jeder
2030 3902 242 49 Wechsel
2328 3900 467 57 republikanischer
2852 3900 311 55 Regierungs-

1693 3975 197 48 formen
1946 3975 89 46 mit
2075 3970 456 51 aristokratischen
2572 3972 73 47 sei
2686 3970 279 55 belanglos,
3023 3970 146 46 irrele-

1691 4048 140 52 vant,
1875 4044 65 48 da
1980 4045 50 51 ja
2074 4043 107 55 das,
2225 4040 202 50 worauf
2471 4054 55 34 es
2573 4042 162 53 einzig
2781 4039 287 56 ankomme,
3116 4039 79 47 die

1692 4113 226 49 Technik
1947 4113 90 48 des
2068 4111 297 57 Regierens,
2393 4110 136 49 wohl
2558 4109 186 56 infolge
2774 4109 89 48 des
2895 4108 107 49 sich
3030 4107 164 57 gleich

1691 4183 333 56 gebliebenen
2057 4181 282 56 Materials,
2373 4181 97 48 seit
2503 4180 89 47 der
2626 4178 108 49 Zeit
2768 4179 87 47 der
2890 4177 304 48 Pharaonen

1692 4253 107 48 sich
1828 4252 135 48 nicht
1992 4252 280 48 verändert
2300 4249 131 49 habe
2457 4279 62 5 —
2547 4263 61 34 an
2639 4249 167 48 dieser
2836 4247 156 48 Stelle
3024 4250 141 44 unter-

1691 4321 156 49 brach
1892 4322 132 48 mich
2068 4320 153 49 Seine
2263 4319 247 54 Majestät
2554 4320 89 46 mit
2688 4319 163 47 einem
2897 4320 296 45 erstaunten

1693 4393 171 55 „diese
1899 4390 210 50 Ansicht
2146 4391 65 48 ist
2560 4387 201 48 worauf
2800 4387 78 48 die
2914 4385 248 57 geräusch-

1691 4463 108 48 lose
1833 4460 178 50 Flucht
2044 4474 84 34 um
2161 4459 140 49 ihren
2337 4457 177 50 Genuß
2548 4457 368 56 gekommener
2949 4456 243 55 Kollegen

1693 4533 261 46 einsetzte.
2032 4529 113 50 Von
2191 4527 463 50 Salmiakzeltchen
2701 4540 111 34 war
2858 4525 147 48 keine
3052 4525 142 54 Rede

1691 4600 144 49 mehr
1863 4630 62 7 —
1957 4600 120 48 eher
2110 4612 111 36 war
2255 4612 54 34 es
2342 4597 236 57 möglich,
2611 4595 97 50 daß
2742 4595 78 49 ich
2855 4595 79 48 die
2967 4595 194 55 Kragen-

1690 4670 175 49 fasson
1897 4671 90 47 des
2016 4668 303 49 Professors
2351 4665 332 58 akzeptierte,
2714 4666 156 49 schon
2903 4665 116 48 weil
3050 4663 116 48 heut-

1692 4744 185 53 zutage
1917 4739 116 49 kein
2071 4739 219 49 Mensch
2330 4738 144 48 mehr
2514 4736 367 49 Vatermörder
2924 4739 130 51 trug,
3095 4733 99 48 und

1691 4810 94 48 mir
1853 4809 276 50 außerdem
2200 4810 144 47 einen
2413 4821 58 35 so
2540 4804 340 58 geistreichen
2935 4803 260 56 Spitzbart

1692 4880 244 48 wachsen
1997 4878 113 57 ließ,
2169 4879 101 47 wie
2331 4877 89 49 der
2466 4876 182 48 Hofrat
2694 4876 145 48 einen
2885 4876 105 47 sein
3037 4871 155 58 Eigen

1690 4953 202 45 nannte.
1952 4948 115 49 Und
2097 4949 64 47 da
2190 4948 89 48 der
2311 4946 257 56 Gelehrte,
2598 4960 99 34 nun
2730 4943 178 50 darauf
2936 4942 224 49 aufmerk-

1691 5033 111 35 sam
1859 5018 298 58 geworden,
2216 5016 96 50 daß
2357 5015 100 50 ihm
2499 5016 107 48 hier
2648 5015 149 49 keine
2839 5012 354 58 gewöhnliche

1690 5089 340 55 Kompilation
2102 5087 198 56 vorlag,
2389 5086 223 49 sondern
2686 5083 129 49 auch
2886 5081 307 58 geistreiche

1690 5157 198 58 Worte,
1919 5159 100 47 wie
2052 5170 54 35 er
2137 5159 203 54 meinte,
2371 5154 442 58 geistreichelnde,
2846 5154 100 47 wie
2979 5153 77 46 ein
3090 5150 68 47 Un-

1692 5227 310 49 erbittlicher
2052 5229 46 46 in
2146 5228 95 47 mir
2290 5225 289 56 feststellte,
2627 5224 275 48 kritisierte
2954 5236 53 33 er
3057 5220 136 49 nicht

1690 5297 158 57 mehr,
1888 5297 222 49 sondern
2150 5296 359 49 konversierte
2549 5294 111 49 aufs
2699 5291 364 51 freundlichste
3103 5291 90 47 mit

1691 5368 108 47 mir.
1877 5367 85 48 Ich
2004 5367 233 48 schämte
2278 5365 135 48 mich
2458 5366 90 47 des
2593 5363 369 49 unverdienten
3007 5361 185 57 Lobes,

1692 5437 129 47 denn
1878 5436 91 48 das
2023 5434 147 58 Ding,
2224 5435 93 49 das
2355 5434 80 49 ich
2473 5435 65 48 da
2574 5434 191 56 vorlas,
2802 5433 216 57 gehörte
3056 5431 137 49 nicht

1689 5519 132 42 ganz
1876 5507 110 47 mir.
2059 5504 405 49 Draufkommen
2521 5504 189 49 konnte
2769 5506 94 47 mir
2919 5503 272 56 allerdings

1690 5575 136 49 nicht
1854 5589 59 35 so
1941 5575 151 48 leicht
2122 5576 151 46 einer.
2333 5573 132 49 Weil
2494 5574 79 49 ich
2602 5573 85 49 auf
2717 5574 174 48 Grund
2922 5572 267 49 desselben

1688 5645 283 57 Materials,
2025 5645 93 49 das
2173 5645 200 48 meinen
2428 5644 353 56 Vorgängern,
2837 5644 79 47 die
2957 5643 78 48 ich
3075 5656 87 35 aus-

1690 5715 218 57 schrieb,
1951 5715 97 49 den
2090 5713 404 51 verschiedenen
2538 5712 342 51 Professoren
2926 5712 98 48 und
3068 5711 93 49 Hof-

1691 5788 145 46 räten
1870 5799 89 34 zur
1995 5783 296 58 Verfügung
2326 5784 166 57 stand,
2528 5782 276 57 prinzipiell
2841 5797 61 33 zu
2940 5782 220 48 vollkom-

1688 5869 116 35 men
1836 5857 525 54 entgegengesetzten
2393 5853 301 55 Resultaten
2725 5852 131 49 kam.
2890 5851 303 49 Schließlich

1689 5925 192 49 konnte
1914 5938 54 36 es
2000 5924 124 49 aber
2154 5937 93 44 gar
2278 5923 166 49 nichts
2477 5923 217 48 anderes
2727 5922 211 48 werden
2974 5921 73 49 als
3083 5923 110 47 eine

1689 5994 357 58 Kompilation,
2081 5995 65 47 da
2179 5993 149 49 keine
2361 5993 133 49 noch
2528 5992 138 50 nicht
2700 5995 352 46 verwerteten
3088 5990 70 49 Do-

1689 6064 242 50 kumente
1973 6064 286 49 auffindbar
2300 6076 247 44 gewesen
2589 6075 178 36 waren
2804 6100 10 10 .
2852 6100 8 10 .
2899 6099 9 10 .
2966 6061 87 49 Als
3098 6063 94 46 mir

1693 6136 88 47 der
1829 6134 183 49 Hofrat
2063 6135 144 47 einen
2737 6130 452 50 Zitatendiebstahl

1689 6219 94 34 nur
1808 6206 93 46 mir
1928 6203 285 49 erkennbar
2239 6203 124 49 leise
2388 6202 247 57 vorwarf,
2663 6205 223 45 errötete
2913 6202 78 47 ich
3016 6200 145 57 glück-

1682 6268 104 51 lich
1826 6267 78 67 (er
1938 6268 190 50 meinte
2157 6281 93 37 vor
2278 6267 309 64 Empörung
2616 6266 129 50 über
2778 6267 142 48 diese
2944 6264 224 50 Verdäch-

1688 6337 214 64 tigung),
1933 6345 100 48 und
2063 6357 105 35 von
2200 6344 64 47 da
2294 6343 65 48 ab
2389 6342 140 50 hatte
2562 6342 79 49 ich
2672 6355 349 43 gewonnenes
3055 6341 136 55 Spiel

1687 6414 80 47 bei
1804 6413 117 49 ihm.
1987 6412 98 49 Um
2123 6412 152 50 sechs
2311 6412 122 59 Uhr,
2471 6413 111 48 eine
2620 6411 194 50 Stunde
2852 6425 96 35 vor
2986 6409 204 58 Schluß,

1687 6484 186 50 befand
1899 6484 109 49 sich
2035 6497 94 36 nur
2154 6483 146 50 mehr
2328 6484 79 48 ein
2433 6482 192 51 Viertel
2654 6482 89 49 der
2771 6480 419 56 ursprünglichen

3336 78 227 51 Zuhörer
3603 81 66 47 im
3710 78 166 50 Saale.
3951 78 85 50 Sie
4077 78 257 49 schlichen
4376 77 106 49 sich
4526 81 105 46 erst
4669 90 166 44 gegen

3337 150 292 49 dreiviertel
3662 149 174 49 sieben
3867 148 195 49 wieder
4093 150 93 54 ein,
4219 161 84 34 um
4334 146 109 49 sich
4474 147 78 47 die
4584 146 250 49 Testuren

3338 221 98 47 und
3468 219 255 49 eventuell
3753 219 79 48 die
3863 217 509 56 Seminarzeugnisse
4404 230 62 34 zu
4497 216 165 56 holen,
4692 216 108 48 muß-

3337 294 84 44 ten
3454 290 122 48 aber
3606 289 131 48 noch
3768 288 331 56 vernehmen,
4128 288 101 46 wie
4260 287 89 46 der
4381 284 181 48 Hofrat
4593 285 132 47 mich
4758 299 51 33 er-

3338 363 270 52 munterte,
3646 360 79 46 die
3762 358 175 48 Arbeit
3973 371 62 33 zu
4072 354 438 50 veröffentlichen.
4581 353 93 49 Die
4712 354 99 48 älte-

3338 433 111 45 sten
3521 426 523 57 Seminarmitglieder
4111 424 223 49 konnten
4403 424 108 48 sich
4581 422 256 48 ähnlicher

3338 499 258 49 Sanftmut
3653 498 98 48 und
3808 498 292 54 derartigen
4155 494 169 48 Lobes
4380 493 138 49 nicht
4558 494 279 54 entsinnen,

3338 570 121 56 „der
3496 569 113 48 Alte
3647 567 86 48 hat
3770 567 120 48 heut
3929 568 144 46 einen
4110 569 155 52 guten
4302 563 109 56 Tag
4449 562 204 57 gehabt,
4658 562 10 18 4
4675 562 9 17 '
4724 575 86 34 ora-

3339 640 169 47 kelten
3548 640 89 55 sie,
3676 637 100 48 und
3814 636 148 48 dabei
4000 635 93 49 sah
4130 635 148 47 ihnen
4318 634 88 48 der
4444 631 126 49 Neid
4612 645 90 35 aus
4743 631 95 48 den

3339 710 193 55 Augen,
3569 709 73 48 sie
3678 708 174 47 hatten
3888 708 145 45 einen
4069 702 391 51 fürchterlichen
4755 700 84 48 Ich

3333 792 110 35 war
3466 777 219 50 nämlich
3707 776 136 49 nicht
3865 775 284 49 besonders
4171 773 187 48 beliebt
4382 772 80 48 bei
4487 771 161 48 ihnen.
4674 769 165 49 Wenn

3341 849 133 47 ihrer
3514 849 137 47 einer
3687 846 134 49 mich
3859 847 89 47 mit
3987 842 141 59 „Heil
4392 842 122 48 oder
4554 839 140 57 „Heil

3338 917 196 56 grüßte,
3594 917 142 47 hatte
3794 915 79 48 ich
3932 916 79 46 die
4054 912 387 57 unangenehme
4486 909 353 55 Gewohnheit,

3340 988 199 57 „Guten
3865 999 62 34 zu
3967 982 215 59 danken,
4235 995 152 35 wenn
4443 994 54 34 es
4537 978 271 49 kohlraben-

3340 1058 269 49 schwarze
3664 1055 164 48 Nacht
3882 1068 111 34 war
4049 1054 100 47 und
4205 1050 317 57 umgekehrt.
4594 1047 113 48 Und
4748 1048 92 46 das

3341 1127 224 48 konnten
3604 1127 75 47 sie
3718 1124 136 48 nicht
3895 1123 289 49 ausstehen.
4258 1121 69 48 So
4371 1121 99 48 und
4507 1122 123 52 jetzt
4672 1119 168 48 stellte

3341 1197 108 48 sich
3480 1198 93 46 mir
3604 1195 132 48 noch
3769 1196 77 46 ein
3879 1193 197 48 Doktor
4109 1194 90 46 mit
4232 1194 161 46 einem
4427 1190 383 48 wohlassortier-

3341 1271 83 44 ten
3468 1265 303 50 schwarzen
3817 1263 259 55 Spitzbart
4119 1276 112 41 vor,
4293 1262 76 47 ein
4412 1261 252 55 gewisser
4709 1257 131 48 Herr

3340 1337 141 47 Löbl.
3544 1335 97 48 Ah!
3709 1333 103 48 Der
3843 1347 110 34 war
3984 1332 129 49 auch
4147 1333 76 45 ein
4254 1330 222 48 Dichter.
4509 1328 331 56 Wenigstens

3340 1410 115 52 trug
3487 1419 54 34 er
3573 1406 110 47 eine
3714 1402 273 49 flatternde
4017 1401 280 53 Krawatte.
4330 1398 105 50 Das
4469 1398 215 48 Dichten
4718 1397 122 47 aber

3344 1474 220 50 überließ
3596 1488 53 34 er
3680 1473 151 56 wohl,
3861 1474 100 46 wie
3989 1470 148 56 viele,
4167 1470 88 47 der
4287 1468 278 50 deutschen
4597 1466 243 55 Sprache.

3341 1545 64 47 Er
3464 1544 296 56 gratulierte
3819 1542 94 47 mir
3969 1555 62 34 zu
4089 1542 220 45 meinem
4349 1538 227 48 seltenen
4621 1535 218 56 Erfolge.

3621 1641 64 7 —
3715 1612 91 48 das
3839 1624 111 34 war
3982 1609 322 55 zweideutig,
4338 1608 121 47 aber
4489 1635 63 6 —
4583 1606 95 48 alle
4709 1605 99 47 Ach-

3342 1690 137 50 tung,
3524 1697 52 34 er
3618 1682 140 48 hatte
3800 1680 158 49 schon
4001 1680 79 47 die
4122 1676 287 58 grausliche
4449 1675 359 54 Lehramtsprü-

3342 1754 121 56 fung
3526 1752 162 49 hinter
3752 1750 107 49 sich
3907 1749 100 48 und
4054 1762 111 34 war
4213 1749 96 47 seit
4355 1748 77 46 ein
4482 1758 123 42 paar
4653 1744 187 48 Jahren

3342 1823 261 55 Supplent,
3636 1822 108 47 also
3779 1822 77 46 ein
3886 1819 175 48 halber
4090 1816 296 49 Professor!
4454 1814 101 48 Hut
4588 1814 77 47 ab.
4729 1812 112 48 Und

3344 1895 88 46 der
3471 1891 298 58 gratulierte
3811 1891 107 46 mir.
3993 1888 85 48 Ich
4118 1887 117 47 kam
4277 1888 93 46 mir
4411 1886 100 47 wie
4554 1885 76 46 ein
4674 1882 133 47 Hoch-

3343 1963 190 54 stapler
3559 1975 111 34 vor.
3695 1989 62 6 —
3782 1958 109 48 Wir
3915 1960 185 53 gingen
4127 1955 348 49 miteinander.
4503 1953 93 48 Die
4623 1952 217 48 Nischen

3344 2033 98 48 und
3482 2032 179 54 Gänge
3699 2030 89 47 der
3826 2028 318 48 Universität
4183 2039 177 34 waren
4400 2023 159 49 schon
4597 2022 104 49 voll
4740 2036 101 34 von

3344 2100 392 51 schmelzenden
3784 2098 394 54 Liebespaaren,
4229 2095 78 48 die
4373 2095 100 46 wie
4520 2091 323 58 gewöhnlich

3344 2173 88 47 des
3480 2171 206 47 Abends
3734 2168 118 48 Säle
3899 2167 99 48 und
4044 2166 128 48 Aula
4216 2166 74 47 als
4338 2163 225 48 feineren
4612 2161 198 54 Rendez-

3343 2243 217 46 vousort
3598 2239 99 48 und
3736 2238 213 48 bessere
3984 2234 333 49 Wärmstube
4356 2233 289 48 benützten.

3344 2312 73 47 als
3459 2310 227 54 Kommis
3727 2304 512 52 selbstverständlich
4280 2305 64 46 im
4387 2301 279 55 Stadtpelz,

3343 2382 150 47 meist
3601 2380 90 46 mit
3798 2371 709 60 unschuldig-verworfenem
4619 2369 225 55 Gesicht,

3344 2447 436 51 schwimmenden
3811 2447 191 54 Augen.
4065 2443 113 48 Und
4211 2444 92 46 mir
4335 2441 149 49 stand
4518 2442 76 45 ein
4628 2441 184 45 wissen-

3344 2518 326 50 schaftliches
3701 2514 266 57 Gespräch
3995 2513 183 49 bevor:
4212 2512 106 47 Alle
4348 2510 185 48 Schuld
4565 2508 143 49 rächt
4737 2507 107 49 sich

3344 2588 83 49 auf
3458 2586 188 50 Erden!

3470 2658 103 47 Vor
3612 2658 75 46 ein
3726 2668 124 43 paar
3886 2653 227 49 Stunden
4150 2651 131 48 noch
4317 2650 140 48 hatte
4496 2648 76 48 ich
4611 2661 62 33 an
4711 2647 131 47 mein

3341 2727 278 57 Tagebuch
3648 2726 79 47 die
3753 2724 165 55 Frage
3946 2721 264 57 gerichtet,
4239 2720 65 48 ob
4331 2719 137 48 nicht
4496 2718 79 47 die
4603 2716 132 48 Erde
4765 2717 75 46 ein

3345 2797 319 48 Lebewesen
3720 2796 72 47 sei
3849 2794 99 47 und
4005 2793 79 47 die
4125 2791 196 48 Bäume
4361 2790 99 48 und
4503 2788 191 49 Gräser
4735 2789 109 45 eine

3345 2867 276 54 Krankheit
3665 2865 88 46 der
3797 2862 298 55 Epidermis,
4139 2862 110 46 eine
4292 2857 350 58 geringfügige
4686 2856 125 48 Haut-

3344 2935 283 55 krankheit,
3660 2935 94 47 wir
3786 2932 281 49 Menschen
4103 2931 97 46 und
4234 2928 149 49 Tiere
4417 2928 121 48 aber
4572 2926 163 48 nichts
4770 2925 74 47 als

3344 3006 364 49 Schmarotzer
3743 3003 98 47 und
3874 3000 285 55 Parasiten,
4191 3012 131 43 ganz
4355 2995 355 58 gewöhnliche
4745 2994 66 48 Ba-

3346 3075 166 49 zillen!
3554 3074 144 48 Dann
3738 3072 192 49 wieder
3969 3070 84 48 auf
4092 3071 79 45 die
4209 3068 341 47 Lobesworte
4590 3065 89 48 des
4717 3063 94 48 Pro-

3344 3145 196 48 fessors
3588 3143 82 47 hin
3719 3155 111 35 war
3879 3140 96 48 alle
4023 3138 188 49 Demut
4259 3135 356 56 fortgeflogen,
4680 3135 164 47 meine

3345 3215 148 48 Seele
3530 3212 159 49 besah
3727 3210 107 50 sich
3870 3209 345 55 wohlgefällig
4252 3209 66 45 im
4356 3205 203 55 Spiegel
4598 3204 99 48 und
4734 3216 110 34 war

3345 3284 147 47 dabei
3549 3281 292 57 großmf.tig
3899 3291 182 44 genug,
4143 3277 79 47 die
4265 3275 229 49 fremden
4540 3273 195 48 Federn
4783 3286 60 33 zu

3347 3354 301 54 ignorieren,
3699 3351 91 48 mit
3841 3349 162 48 denen
4040 3347 77 49 ich
4152 3345 134 49 mich
4318 3342 337 59 geschmückt
4689 3342 154 48 hatte.

3345 3423 137 48 Jetzt
3521 3421 122 48 aber
3682 3419 153 49 nahte
3874 3419 91 47 das
4004 3415 312 56 Verderben,
4356 3413 79 49 ich
4474 3413 160 49 selbst
4673 3410 171 50 mußte

3345 3491 215 55 beliebig
3595 3489 73 49 oft
3703 3490 95 46 den
3833 3487 159 48 Mund
4027 3485 186 55 öffnen,
4249 3485 156 46 damit
4441 3483 88 47 der
4564 3481 155 48 Mann
4757 3480 87 49 der

3344 3558 378 51 Wissenschaft
3761 3555 334 57 Gelegenheit
4133 3553 145 57 habe,
4317 3555 93 46 mir
4449 3552 84 49 auf
4570 3552 96 47 den
4707 3549 137 49 Zahn

3345 3645 60 34 zu
3442 3629 183 50 fühlen.
3691 3626 336 49 Vorderhand
4062 3638 143 35 zwar
4241 3622 242 49 schritten
4522 3622 93 45 wir
4651 3618 161 57 gewal-

3346 3703 68 53 tig
3456 3701 78 46 die
3576 3697 207 56 Stiegen
3824 3695 165 55 hinab,
4031 3694 99 47 und
4172 3706 54 34 es
4267 3691 157 57 ergab
4465 3690 122 55 sich,
4629 3688 94 48 daß
4768 3688 76 47 ich

3349 3771 113 46 dem
3515 3767 190 49 schnell
3756 3763 312 50 vertraulich
4117 3761 328 49 Werdenden
4496 3757 348 57 nachgebend,

3345 3840 88 47 der
3465 3839 170 47 lauten
3668 3833 325 51 Alserstraße
4027 3845 90 36 aus
4152 3833 114 46 dem
4299 3830 133 55 Weg
4466 3844 60 33 zu
4561 3828 163 55 gehen
4757 3827 58 48 be-

3346 3907 189 50 schloß.
3567 3905 209 50 Hierauf
3807 3905 288 55 spazierten
4128 3904 93 45 wir
4252 3901 100 48 und
4383 3912 184 36 unsere
4599 3897 244 48 Schatten

3347 3980 76 46 ein
3453 3978 170 54 wenig
3651 3978 146 45 unter
3826 3974 96 47 den
3951 3971 238 49 Arkaden
4219 3970 194 56 herum,
4443 3982 83 34 um
4558 3970 173 52 später
4763 3964 81 49 auf

3344 4048 79 47 die
3455 4046 376 54 Florianigasse
3865 4044 369 47 loszusteuern.
4302 4037 342 56 Ausbeugend
4680 4035 164 55 fragte

3346 4115 92 57 ich,
3474 4129 111 35 v/as
3621 4115 88 47 der
3742 4112 247 48 Edlmann
4022 4112 90 47 mit
4146 4109 115 48 dem
4293 4105 428 51 Veröffentlichen
4756 4117 58 42 ge-

3344 4187 156 47 meint
3560 4183 145 56 habe,
3765 4184 47 46 in
3858 4182 89 47 der
4008 4180 165 49 stillen
4233 4176 271 56 Hoffnung,
4568 4188 53 35 es
4669 4173 175 48 werde

3344 4257 219 46 meinem
3607 4252 209 55 Referat
3860 4253 77 45 ein
3980 4248 313 49 ruhmvoller
4335 4244 240 50 Abdruck
4618 4246 46 45 in
4708 4245 136 46 einer

3344 4337 211 37 unserer
3688 4320 479 50 renommiertesten
4284 4314 560 55 Historikerzeitungen

3345 4394 198 49 blühen.
3610 4391 94 49 Die
3737 4389 198 49 Phrase
3970 4402 111 34 war
4115 4387 137 48 nicht
4287 4385 144 49 mehr
4467 4384 74 48 als
4580 4385 109 46 eine
4725 4380 89 50 Auf-

3344 4464 276 54 forderung
3655 4473 262 45 gewesen,
3954 4460 166 47 meine
4156 4457 176 48 Arbeit
4367 4454 341 50 auszuführen
4746 4453 98 48 und

3346 4534 74 48 als
3476 4532 341 49 Dissertation
3873 4527 368 50 einzureichen.
4312 4525 105 48 Das
4455 4525 142 48 hätte
4636 4524 77 49 ich
4751 4524 93 47 mir

3345 4602 129 48 auch
3543 4599 195 50 denken
3808 4599 217 55 können,
4094 4596 129 49 doch
4292 4609 112 35 was
4471 4594 190 48 konnte
4728 4606 116 34 man

3345 4671 214 50 machen
3599 4709 10 8 .
3646 4708 9 9 .
3693 4667 48 50 .?
3813 4667 113 49 Und
3964 4669 74 47 sei
4078 4680 54 35 es
4173 4667 110 47 eine
4347 4664 208 55 Stunde,
4596 4661 248 50 nachdem

3345 4744 73 46 sie
3444 4739 320 58 gesprochen
3791 4737 236 49 wurden:
4057 4736 97 48 alle
4178 4734 182 49 Worte
4388 4734 110 49 sind
4528 4732 190 49 Orakel
4746 4731 98 48 und

3344 4810 217 49 nehmen
3606 4811 46 46 in
3698 4809 88 46 der
3830 4806 316 55 Erinnerung
4193 4807 178 46 immer
4417 4803 302 55 Färbungen
4767 4815 77 41 an,

3345 4882 80 46 die
3461 4894 62 33 zu
3563 4880 89 46 der
3690 4877 287 55 Stimmung
4014 4888 205 44 passen,
4258 4876 47 45 in
4340 4872 224 49 welcher
4603 4885 116 35 man
4757 4884 58 42 ge-

3345 4950 123 48 rade
3508 4946 477 56 herumplätschert.
4058 4944 127 49 Was
4227 4947 147 52 sagte
4415 4943 89 48 der
4546 4941 130 48 Herr
4719 4940 125 48 Löbl

3344 5017 169 51 noch?
3592 5016 160 49 Sechs
3796 5015 77 49 bis
3918 5015 118 49 acht
4078 5014 212 48 Monate
4334 5015 198 46 ernster
4578 5010 176 49 Arbeit
4798 5012 45 46 in

3345 5089 129 48 allen
3506 5086 285 57 möglichen
3822 5084 256 49 Archiven
4108 5087 178 45 wären
4319 5081 345 56 erforderlich,
4694 5093 150 35 wenn

3349 5172 116 34 man
3515 5157 91 48 das
3657 5155 135 48 Herz
3845 5155 90 48 des
3985 5153 303 49 Professors
4340 5151 267 55 halbwegs
4658 5148 185 49 rühren

3344 5228 166 47 wolle.
3545 5224 336 50 Grauenhaft!
3933 5223 146 48 Dann
4111 5222 272 55 allerdings
4414 5222 150 54 ginge
4596 5234 52 34 er
4681 5220 163 47 einem

3345 5300 47 46 in
3457 5296 141 54 jeder
3650 5294 295 55 Beziehung
3997 5307 64 34 an
4114 5292 79 48 die
4244 5291 163 55 Hand,
4475 5290 178 56 bringe
4706 5290 138 46 seine

3344 5366 328 55 Schützlinge
3698 5368 88 52 gut
3814 5363 159 49 durch
3999 5363 80 48 die
4105 5360 294 56 Prüfungen
4428 5360 99 47 und
4554 5357 290 50 verschaffe

3344 5436 148 48 ihnen
3527 5433 497 57 Supplentenstellen
4058 5432 125 47 oder
4216 5444 93 42 gar
4343 5429 343 49 Dozenturen.
4733 5427 111 47 Von

3345 5506 88 48 der
3464 5504 254 56 Aussicht,
3747 5505 47 46 in
3826 5503 96 47 den
3954 5502 239 48 diversen
4224 5499 123 49 Hof-
4379 5500 100 47 und
4510 5496 303 50 Staatskanz-

3343 5577 130 47 leien
3540 5575 74 47 als
3681 5570 595 51 Aktenstaubschlucker
4343 5568 371 49 funktionieren
4783 5579 61 33 zu

3345 5649 224 51 müssen,
3608 5657 111 35 war
3756 5642 79 49 ich
3872 5641 137 48 nicht
4048 5639 428 49 enthusiasmiert.
4547 5637 134 47 Aber
4720 5635 93 48 wel-

3345 5714 120 49 cher
3508 5712 301 56 anständige
3850 5711 217 49 Student
4107 5711 65 47 ist
4214 5722 81 35 am
4338 5707 138 48 Ende
4519 5705 135 50 nicht
4696 5705 148 53 jeden

3344 5784 177 48 Abend
3550 5783 169 48 davon
3748 5782 296 55 überzeugt,
4073 5779 96 48 daß
4200 5793 53 33 er
4279 5791 122 35 vom
4428 5776 247 48 nächsten
4702 5774 106 48 Mor-

3344 5866 97 43 gen
3487 5853 63 48 ab
3595 5854 145 46 einen
3784 5850 258 57 geradezu
4087 5846 418 51 märchenhaften
4550 5843 136 50 Fleiß
4736 5848 81 45 ent-

3345 5922 218 49 wickeln
3614 5920 216 50 werde?
3883 5919 114 49 Und
4047 5931 92 44 gar
4177 5931 150 34 wenn
4365 5915 173 50 solche
4576 5914 135 49 Ziele
4747 5928 97 34 vor

3344 5992 177 56 Augen
3576 5990 237 50 standen!
3885 5989 86 48 Ich
4022 5989 93 47 sah
4151 5988 133 47 mich
4321 5985 158 50 schon
4518 5985 74 48 als
4629 5984 215 56 Dozent,

3344 6059 502 51 außerordentlicher
3887 6058 290 55 Professor,
4220 6054 197 57 Hofrat,
4461 6055 99 48 und
4605 6054 78 49 ich
4725 6053 118 49 muß

3344 6146 55 34 es
3421 6130 271 58 gestehen:
3721 6130 79 48 ich
3824 6128 304 49 behandelte
4151 6128 166 46 meine
4343 6125 211 48 Schüler
4581 6126 89 47 mit
4697 6124 118 48 über-

3343 6202 206 55 legener
3581 6200 177 47 Ironie.
3796 6236 103 10 ...
3946 6197 54 48 In
4029 6196 174 48 diesen
4233 6194 257 49 Träumen
4520 6197 164 45 störte
4712 6194 132 47 mich

3344 6273 133 46 mein
3515 6269 272 56 Begleiter,
3825 6268 75 48 als
3938 6268 96 47 wir
4069 6279 103 35 von
4211 6265 88 48 der
4338 6264 420 55 Schlösselgasse
4797 6264 47 46 in

3344 6341 78 48 die
3461 6340 371 55 Laudongasse
3874 6337 265 56 einbogen,
4180 6334 191 59 „schon
4414 6348 84 35 um
4540 6334 174 48 diesen
4756 6332 58 47 be-

3344 6410 233 48 rühmten
3610 6407 277 49 Feldherrn
3923 6406 227 49 dadurch
4184 6420 62 34 zu
4744 6404 100 46 wie

3342 6493 55 35 er
3435 6480 125 48 über
3599 6481 176 47 seinen
3815 6478 212 54 eigenen
4067 6474 138 51 Witz
4245 6475 214 49 lachend
4500 6475 202 47 meinte.
