3584 4450
1732 126 86 52 191

193 268 221 51 welchem
449 267 43 50 in
523 267 334 51 Wissenschaft
887 268 91 50 und
1009 268 151 50 Kunst
1201 267 80 50 der
1312 267 119 50 laute
1463 267 165 66 Schlag
1657 267 79 50 des

194 367 199 35 warmen
439 351 332 48 deutschen
814 352 204 49 Herzens
1060 351 159 48 immer
1249 350 169 49 hörbar
1449 350 287 58 durchtönte,

195 453 50 31 so
435 435 73 48 Du
541 434 224 49 verstehst
795 435 128 48 mich.

320 519 155 49 Wenn
505 517 67 49 ich
605 519 58 47 H.
694 517 173 49 Berlioz
912 525 142 41 etwas
1087 516 151 48 scharf
1263 515 251 49 beurtheile
1545 517 42 49 in
1619 516 118 59 dem,

191 616 96 35 was
318 618 50 30 er
397 600 62 49 als
492 600 265 67 Componist
787 600 161 57 leistet,
994 616 50 33 so
1087 616 123 31 muss
1251 599 69 49 ich
1364 599 114 49 doch
1519 600 41 48 in
1605 600 133 48 Einer

191 682 247 50 Rücksicht
467 682 74 49 ihn
571 682 116 50 hoch
720 682 183 49 stellen:
946 699 49 30 er
1026 681 197 50 schreibt
1252 681 135 56 nicht,
1430 699 73 30 um
1536 681 115 50 Geld
1682 700 54 31 zu

191 766 188 49 machen
466 765 91 50 und
588 766 77 47 das
697 765 85 47 will
815 765 42 47 in
890 764 123 49 Paris
1044 765 80 47 viel
1158 782 150 47 sagen.
1350 765 106 65 Mag
1488 765 90 48 sein
1611 766 101 46 Stre-

195 848 90 50 ben
315 849 113 48 nach
458 849 150 48 Ruhm
640 848 143 48 durch
823 848 180 55 „Neues
1035 865 76 31 um
1136 848 136 64 jeden
1502 848 121 48 nicht
1658 848 78 48 das

193 931 203 66 richtige,
431 933 277 62 keineswegs
740 931 78 47 das
849 931 102 47 echt
981 930 325 50 künstlerische
1337 930 118 50 sein:
1487 948 49 30 er
1564 930 144 50 bekun-

194 1015 77 48 det
302 1014 114 49 doch
459 1014 199 48 dadurch
699 1014 97 47 eine
828 1014 277 66 Gesinnung,
1150 1032 47 30 es
1243 1013 171 49 scheint
1458 1014 113 48 doch
1618 1014 119 48 seine

195 1096 366 65 Ueberzeugung
593 1114 52 31 zu
675 1096 108 55 sein,
815 1095 170 50 welche
1016 1096 73 49 ihn
1120 1096 80 49 auf
1226 1095 152 50 diesen
1400 1096 127 65 Weg
1557 1096 181 65 geführt

193 1180 80 47 hat
304 1179 92 50 und
425 1179 163 48 darauf
612 1178 204 58 festhält;
862 1179 118 48 denn
1023 1179 102 48 dass
1172 1196 48 31 er
1266 1179 138 53 damit
1445 1178 128 49 keine
1604 1179 133 48 Seide

195 1263 165 66 spinnt,
391 1263 85 48 wie
506 1279 102 32 man
640 1281 52 29 zu
726 1279 136 49 sagen
895 1262 152 67 pflegt,
1078 1262 91 49 und
1200 1262 270 49 namentlich
1503 1262 126 49 keine
1660 1279 51 50 pa-

195 1345 113 49 riser
339 1345 146 56 Seide,
517 1344 143 50 davon
693 1362 125 32 muss
848 1362 48 30 er
928 1345 90 49 sich
1050 1344 150 66 längst
1229 1345 318 65 vergewissert
1576 1344 161 50 haben.

324 1428 106 51 Wie
462 1428 103 48 sehr
595 1434 149 43 treten
774 1428 42 48 in
847 1428 147 48 dieser
1023 1427 261 66 Beziehung
1315 1428 69 48 die
1417 1427 288 67 Opern-Com-

195 1510 209 68 ponisten
682 1528 53 32 en
844 1528 141 49 vogue
684 1527 145 48 gegen
861 1510 73 49 ihn
967 1509 191 50 zurück!
1190 1509 163 48 Diesen
1376 1510 177 49 Leuten
1582 1509 57 48 ist
1670 1510 68 47 die

193 1594 153 47 Kunst
376 1593 143 50 nichts
551 1593 127 48 mehr
718 1592 64 49 als
815 1593 97 48 eine
942 1592 267 67 Kupplerin,
1239 1610 78 33 um
1348 1592 70 49 die
1449 1592 289 49 Sinnlichkeit

195 1676 82 49 der
317 1692 191 50 grossen
538 1677 165 65 Menge
746 1693 54 31 zu
843 1676 140 48 ihrem
1014 1674 191 50 Gewinn
1249 1674 327 50 auszubeuten.
1619 1677 117 47 Dem

195 1759 174 58 besten,
401 1759 42 49 d.
467 1759 43 49 h.
543 1761 101 47 dem
668 1758 400 66 geldschwersten,
1097 1758 222 50 Besteller
1350 1758 113 50 wird
1493 1764 243 60 zugesagt;

194 1842 188 49 Dichter
426 1842 91 48 und
562 1841 324 68 Componisten
941 1842 241 65 verdingen
1228 1841 91 49 sich
1364 1842 80 48 auf
1482 1841 255 49 bestimmte

195 1925 379 64 Lieferungszeit;
604 1942 55 31 an
683 1925 69 48 ein
769 1925 295 55 Kunstwerk,
1096 1922 139 50 selbst
1265 1941 86 31 nur
1381 1941 54 31 an
1467 1923 69 49 ein
1567 1923 166 65 einiger

194 2008 210 50 Maassen
437 2007 367 66 kunslgemässes
837 2007 172 48 Ganzes
1050 2006 113 49 wird
1193 2006 121 48 nicht
1355 2006 381 65 gedacht—man

197 2090 199 50 schreibt
434 2091 69 47 lür
538 2091 70 48 ein
640 2107 105 49 paar
776 2091 175 65 Sänger
981 2090 111 49 oder
1121 2090 325 64 Sängerinnen,
1491 2090 129 48 meist
1648 2106 88 32 nur

197 2176 69 44 lür
310 2173 125 56 Eine,
490 2172 90 50 und
626 2172 263 48 nächstdem
943 2173 69 47 für
1056 2172 85 47 den
1185 2171 143 49 Maler
1373 2172 88 48 und
1508 2171 86 48 den
1635 2171 65 48 Ma-

195 2255 254 49 schinisten.

320 2339 92 47 Das
442 2339 157 66 Haupt
630 2336 144 50 dieser
801 2336 495 67 Opern-Eabricanten,
1338 2353 56 31 an
1422 2336 138 50 deren
1586 2335 151 51 Musik

197 2421 82 50 auf
302 2421 104 48 sehr
437 2420 327 48 bezeichnende
783 2420 160 51 Weise
974 2426 110 43 stets
1116 2419 69 49 die
1488 2419 248 48 besonders

198 2502 156 68 gelobt
376 2502 127 59 wird,
525 2501 143 50 bleibt
685 2519 121 32 zwar
823 2504 56 48 A.
904 2501 173 59 Adam;
1108 2501 126 48 allein
1261 2501 273 65 neuerdings
1566 2500 171 49 scheint

195 2586 90 48 ihm
318 2585 70 49 ein
419 2585 306 49 Tonkünstler
754 2585 85 48 den
867 2586 132 64 Rang
1030 2584 204 49 ablaufen
1265 2601 55 32 zu
1350 2584 179 57 wollen,
1571 2584 80 48 der
1681 2600 53 31 zu

198 2676 141 41 etwas
381 2669 237 49 Besserem
659 2669 175 65 Anlage
879 2667 92 49 und
1009 2667 145 49 Beruf
1191 2666 90 50 hat.
1341 2666 75 48 Ich
1461 2666 144 48 meine
1649 2666 85 48 den

199 2751 324 68 Componisten
553 2751 80 49 der
661 2751 149 50 Jüdin.
851 2751 144 49 Haie
1009 2768 22 30 v
1047 2768 26 30 v
1102 2750 75 48 hat
1207 2750 102 48 dem
1343 2751 190 49 Thedtre
1560 2750 177 65 lyrique

199 2835 98 50 eine
326 2852 51 31 so
409 2843 223 57 genannte
674 2834 227 49 komische
933 2834 127 66 Oper
1103 2833 41 49 in
1190 2833 94 48 drei
1319 2833 146 48 Acten
1508 2831 94 49 und
1646 2831 90 49 vier

199 2916 235 50 Tableaux
464 2916 216 65 geliefert,
722 2916 172 50 welche
925 2916 154 49 weder
1108 2915 87 50 den
1224 2915 232 50 Musikern
1486 2914 116 48 noch
1634 2914 100 48 dem

203 3015 188 50 grossen
421 2999 235 48 Publicum
689 2999 151 66 gelällt
881 2999 91 48 und
1002 3015 86 32 nur
1119 2998 67 49 die
1216 3005 141 41 etwas
1388 2996 202 68 passirte,
1628 2995 109 48 aber

204 3084 159 47 immer
402 3081 118 50 noch
561 3081 201 50 hübsche
801 3081 93 50 und
925 3080 390 66 coloraturfertige
1345 3080 118 48 Mad.
1496 3078 136 49 Cabel
1663 3078 70 49 bei

204 3165 86 50 den
321 3172 150 42 ersten
489 3165 354 65 Vorstellungen
872 3163 278 66 befriedigte,
1174 3163 113 65 jetzt
1317 3161 108 50 aber
1454 3161 113 49 auch
1599 3159 139 49 selbst

203 3266 87 31 von
321 3248 146 49 dieser
496 3247 183 66 gehasst
710 3247 125 57 wird,
880 3245 101 49 weil
1021 3264 54 31 an
1117 3245 84 50 den
1247 3244 237 66 folgenden
1516 3243 220 49 Abenden

204 3332 79 49 das
312 3332 128 47 Haus
470 3329 158 50 immer
659 3330 142 49 leerer
832 3329 171 48 wurde.
1060 3328 85 48 Die
1177 3329 127 65 Oper
1347 3328 140 48 heisst
1529 3328 173 63 Jagua-

203 3414 128 56 rita,
360 3414 57 48 ist
447 3429 80 32 aus
558 3412 80 49 der
666 3410 428 51 Text-Manufactur
1124 3410 80 49 der
1233 3412 179 47 Herren
1442 3410 66 49 St.
1534 3410 203 64 Georges

202 3497 95 51 und
340 3497 56 49 de
438 3498 185 48 Leuven
664 3497 416 65 hervorgegangen,
1126 3494 131 66 spielt
1298 3494 61 48 im
1403 3493 333 48 holländischen

204 3579 188 57 Guiana,
423 3579 116 65 zeigt
569 3578 236 50 Urwälder
834 3577 91 49 und
953 3577 141 56 Meer,
1124 3576 156 49 Wilde
1310 3576 43 48 in
1376 3574 365 52 Feder-Toilette

204 3664 31 50 ä
264 3666 47 48 la
337 3666 254 63 Papagena,
636 3661 303 50 holländische
980 3658 276 57 Uniformen,
1300 3658 140 50 Liebe
1480 3658 94 50 und
1606 3659 132 55 Hass,

202 3746 175 50 Furcht
405 3746 91 49 und
525 3744 326 59 Heldenmuth,
891 3743 94 50 und
1016 3742 171 49 endlich
1219 3741 98 48 eine
1350 3739 391 69 kosmopolitische

203 3830 236 58 Hochzeit,
478 3827 149 51 indem
658 3827 71 50 ein
758 3827 320 66 europäischer
1106 3826 294 64 Hauptmann
1431 3842 102 31 zum
1563 3824 149 65 Häupt-

204 3911 92 66 ling
335 3911 80 48 der
444 3910 188 52 Wilden
675 3910 197 49 avancirt
915 3908 94 49 und
1052 3907 72 50 die
1152 3906 196 66 Königin
1393 3906 81 49 der
1514 3907 228 48 Anacotas

203 3993 237 51 heirathet.
482 3993 137 51 Diese
650 3993 56 50 ist
734 4010 89 33 von
853 3991 178 51 Geburt
1066 3991 98 49 eine
1193 3988 182 68 Tigerin
1404 3988 230 68 (Jaguar);
1675 3987 70 50 ein

204 4076 316 67 rothhäutiger
541 4075 214 59 Karaibe,
786 4075 81 49 der
896 4081 118 43 trotz
1047 4073 144 50 seiner
1221 4071 303 51 ästhetischen
1552 4071 194 65 Bildung

1831 268 70 49 für
1931 268 183 65 Gesang
2156 268 92 49 und
2279 268 124 49 Tanz,
2447 268 112 50 auch
2604 268 219 51 zuweilen
2867 268 130 51 einen
3040 268 303 53 unwidersteh-

1831 351 141 50 lichen
1991 352 185 68 Appetit
2201 352 78 49 auf
2296 352 400 51 Menschenfleisch
2720 357 142 64 spürt,
2889 352 76 51 hat
2989 352 97 50 ihre
3109 354 261 67 Erziehung

1831 435 196 65 geleitet,
2068 434 63 49 sie
2162 434 140 49 selbst
2333 434 190 66 verfolgt
2564 434 68 49 die
2665 436 295 50 Weisshäute
2992 436 79 48 mit
3097 436 151 48 Feuer
3278 436 92 50 und

1830 519 222 57 Schwert,
2079 517 90 50 Gift
2192 517 90 50 und
2307 517 146 50 Dolch
2540 517 122 55 aber,
2687 519 103 49 ach!
2820 536 97 32 wer
2947 519 118 49 kann
3097 520 144 48 einem
3271 519 73 50 hol-

1827 600 259 49 ländischen
2114 601 272 50 Lieutenant
2430 600 334 48 widerstehen?
2822 602 78 47 Bei
2945 601 169 50 seinem
3147 601 221 50 Anblicke

1828 682 117 49 zieht
1990 682 70 50 die
2099 682 182 66 Tigerin
2325 682 69 49 die
2425 682 182 49 Krallen
2654 682 69 50 ein
2766 684 91 48 und
2899 684 471 51 Glace-Handschuhe

1830 783 70 39 an,
1945 766 93 50 und
2084 764 70 51 die
2195 765 144 50 Sache
2383 766 149 47 macht
2578 765 90 48 sich
2712 774 118 41 trotz
3276 768 93 50 und

2164 848 86 49 den
2279 849 371 48 anacotanischen
2678 849 362 49 Nussknackern.

1952 931 86 50 Hai
2046 935 116 64 evy's
2193 931 147 50 Musik
2383 933 55 47 ist
2479 931 120 49 nicht
2639 931 158 50 einmal
2830 933 166 66 pikant,
3041 940 113 42 trotz
3200 934 163 49 allerlei

1827 1015 415 56 Kunststückchen,
2273 1032 132 30 wozu
2434 1014 115 49 auch
2576 1014 81 49 der
2674 1015 216 50 Wechsel
2922 1033 86 30 von
3039 1009 81 63 %-
3152 1016 91 49 und
3275 1011 86 72 '*/$-

1828 1098 112 48 Tact
1969 1098 44 48 in
2042 1096 122 50 einer
2194 1098 108 48 Arie
2333 1096 81 50 der
2441 1096 119 50 Mad.
2580 1096 136 50 Cabel
2748 1098 185 65 gehört;
2966 1098 117 48 denn
3112 1096 173 51 überall

1828 1178 141 49 selbst
1999 1197 73 32 wo
2103 1179 95 50 hier
2227 1179 93 50 und
2350 1179 55 48 da
2436 1179 69 48 ein
2540 1179 226 50 hübscher
2796 1179 332 50 musicalischer
3152 1179 213 50 Gedanke

1828 1262 233 49 auftaucht
2165 1263 98 48 tritt
2305 1263 77 48 das
2414 1260 319 60 Absichtliche,
2778 1263 78 48 das
2888 1263 260 57 Gemachte,
3186 1263 61 65 ja,
3293 1263 77 49 das

1830 1344 186 50 Triviale
2061 1344 72 50 ihn
2165 1345 168 50 wieder
2362 1344 129 50 breit.
2552 1344 143 50 Dabei
2724 1345 58 50 ist
2813 1345 80 50 der
2922 1345 170 49 Unsinn
3123 1345 81 50 der
3234 1345 108 50 Colo-

1828 1436 127 40 ratur
1986 1429 95 48 aufs
2113 1429 272 48 Aeusserste
2416 1428 247 66 getrieben.
2719 1430 92 47 Das
2853 1429 179 48 hindert
3065 1428 166 66 jedoch
3261 1429 107 50 alles

1831 1510 152 49 Herrn
2015 1512 53 48 de
2099 1512 179 65 Rovray
2309 1509 133 57 nicht,
2481 1510 59 49 im
2570 1510 229 50 Moniteur
2829 1530 55 30 zu
2914 1528 154 49 sagen,
3112 1512 102 48 dass
3266 1510 102 59 „die

1830 1593 202 50 Partitur
2061 1593 236 50 überreich
2326 1611 55 32 an
2411 1610 163 40 neuen,
2617 1594 277 65 packenden,
2938 1593 263 66 originellen
3232 1594 137 50 Ideen

1832 1676 76 55 sei,
1950 1677 93 48 und
2075 1677 100 48 dass
2207 1677 80 49 der
2317 1676 166 57 Beifall,
2528 1676 87 48 den
2645 1676 304 67 Meyerbeer's
2980 1678 136 47 Stern
3147 1676 77 49 des
3252 1677 88 48 Nor-

1831 1758 108 50 dens
1985 1759 308 50 fortwährend
2336 1758 159 57 erhält,
2541 1759 154 47 Herrn
2723 1759 175 66 Halevy
2936 1759 264 66 angefeuert
3238 1759 131 60 habe,

1830 1842 141 48 durch
2020 1842 94 49 sein
2170 1843 150 50 Werk
2375 1841 113 49 auch
2532 1842 78 48 das
2654 1842 136 49 dritte
2843 1842 381 67 Opern-Theater
3267 1861 103 30 zum

1830 1932 151 42 ersten
2009 1926 159 66 Range
2198 1944 52 30 zu

1827 2025 56 30 an
1914 2008 252 56 Berichten,
2197 2008 222 49 zwischen
2452 2007 138 48 deren
2620 2008 152 49 Zeilen
2804 2025 103 32 man
2938 2008 273 65 wenigstens
3243 2008 123 49 lesen

1827 2088 134 60 kann,
1992 2090 102 49 dass
2127 2107 102 31 man
2258 2090 90 49 sich
2380 2090 42 47 in
2455 2088 80 49 der
2565 2088 198 64 Tigerita
2795 2090 287 64 gelangweilt
3110 2088 129 50 habe.

3110 2173 52 49 B.
3193 2173 52 49 P.

1995 2304 239 56 Tages-
2266 2307 138 42 und
2440 2304 710 56 Unterhaltungs-Blatt.

1906 2389 81 38 Für
2014 2389 86 40 eine
2129 2391 59 38 Sr.
2218 2389 179 51 Majestät
2439 2389 91 38 dem
2560 2389 140 40 Kaiser
2728 2389 204 51 Napoleon
2973 2389 252 52 zugeeignete

1836 2452 172 35 solemnis
2028 2463 74 25 von
2119 2450 328 40 Concertmeister
2476 2450 159 50 Späth
2667 2449 36 39 in
2735 2449 210 52 Coburg
2974 2450 138 38 erhielt
3139 2450 130 40 dieser
3295 2464 77 28 von

1828 2514 89 37 dem
1947 2513 180 39 Minister
2168 2514 68 38 des
2277 2511 258 40 kaiserlichen
2569 2511 168 47 Hauses,
2781 2513 132 39 Herrn
2941 2513 155 39 Achille
3124 2514 137 44 Fould,
3307 2515 63 39 ein

1828 2573 91 40 sehr
1948 2573 284 40 verbindliches
2250 2573 321 39 Dankschreiben
2601 2573 53 39 im
2683 2573 153 40 Namen
2865 2575 66 38 des
2955 2573 157 41 Kaisers
3142 2576 69 38 mit
3238 2576 131 39 einem

1827 2634 159 40 reichen
2004 2633 244 41 Geschenke.
2286 2633 62 40 Se.
2363 2634 180 50 Majestät
2571 2633 129 40 haben
2731 2634 192 47 befohlen,
2952 2637 88 38 dass
3069 2637 106 38 diese
3204 2650 141 38 „ausge-

2082 2694 268 51 Composition
2392 2694 40 38 in
2475 2695 90 39 dem
2607 2695 257 40 kaiserlichen
2893 2697 301 40 Musik-Archiv
3234 2698 113 39 aufbe-

1830 2756 123 38 wahrt
1982 2756 142 38 werde.

1907 2844 117 47 (Aus
2068 2843 163 39 einem
2270 2843 200 49 Briefe.)
2523 2845 87 38 Auf
2632 2845 52 38 H.
2711 2844 163 39 Berlioz'
2903 2845 221 40 Ouvertüre
3153 2859 47 27 zu
3229 2847 141 40 Cellini

1826 2902 118 51 folgte
1985 2904 203 50 irgendwo
2227 2904 41 39 in
2306 2905 128 38 einem
2463 2905 190 39 Concerte
2682 2906 88 38 eine
2797 2906 111 40 Suite
2936 2919 76 27 von
3040 2907 41 40 S.
3109 2907 108 41 Bach
3246 2909 39 39 in

1836 2966 83 37 dur.
1966 2965 116 39 Diese
2126 2967 409 51 Zusammenstellung
2587 2966 155 41 machte
2786 2967 117 40 einen
2946 2968 179 40 ziemlich
3176 2971 193 51 drolligen

1826 3026 145 50 Effect;
2018 3037 40 28 es
2088 3038 94 35 war,
2217 3027 55 38 als
2301 3028 49 37 ob
2380 3027 125 39 Nord-
2540 3028 80 38 und
2650 3028 150 51 Südpol
2829 3033 432 50 zusammengezwängt
3290 3034 51 37 wä-

1826 3101 84 31 ren,
1940 3089 56 38 als
2024 3089 51 38 ob
2105 3088 61 39 ein
2197 3089 245 39 taumelnder
2470 3089 395 51 Bepublicaner
2894 3103 75 27 von
3002 3092 99 39 1848
3130 3093 71 39 mit
3229 3094 137 50 irgend

1826 3149 129 40 einem
1986 3148 354 52 Gesetzgeber
2367 3149 70 38 der
2465 3149 160 39 Vorzeit
2650 3150 184 39 wandeln
2866 3151 123 40 sollte.
3041 3151 153 41 Berlioz
3222 3153 49 39 ist
3298 3154 68 38 das

1824 3212 63 38 für
1915 3210 62 39 die
2006 3210 176 39 Sinfonie
2209 3210 79 39 und
2319 3208 231 49 Ouvertüre,
2592 3222 81 28 was
2706 3212 174 51 Wagner
2918 3214 60 38 für
3013 3214 64 39 die
3106 3214 108 50 Oper
3242 3215 48 39 ist

1824 3271 90 40 kein
1944 3272 268 39 sonderlicher
2241 3271 168 40 Gewinn
2438 3272 62 38 für
2528 3272 64 39 die
2612 3273 140 47 Kunst,
2784 3287 114 27 wenn
2927 3275 67 39 das
3022 3287 42 28 so
3093 3277 77 39 fort
3196 3277 93 51 geht
3308 3301 58 23 —,

1825 3335 68 39 das
1922 3333 374 41 Charakteristische
2338 3334 219 51 überwiegt
2599 3335 69 40 das
2706 3335 213 49 Schöne,
2959 3338 53 51 ja,
3054 3339 70 38 der
3153 3339 213 41 Charakter

1826 3395 99 40 wird
1954 3395 148 46 Fratze,
2131 3394 212 41 Caricatur.
2382 3396 71 39 Die
2481 3396 102 40 oben
2615 3403 194 46 genannte
2839 3399 220 41 Ouvertüre
3087 3403 277 49 repräsentirte

1826 3456 137 40 weiter
1990 3455 125 39 nichts
2145 3456 53 38 als
2226 3455 276 41 infernalische
2528 3457 144 47 Musik,
2701 3457 65 40 ein
2794 3460 221 39 teuflisches
3043 3461 212 48 Jauchzen,
3283 3462 85 40 eine

1828 3518 211 40 Phantasie
2079 3518 71 38 der
2192 3518 129 40 Hölle.
2368 3518 90 41 Und
2502 3520 137 39 darein
2676 3520 48 40 ist
2752 3534 90 25 man
2880 3526 194 43 vernarrt;
3120 3525 99 37 auch
3248 3525 121 38 findet

1828 3582 102 39 noch
1968 3581 70 40 der
2065 3579 180 52 Dirigent
2282 3581 40 38 in
2359 3581 71 39 der
2456 3581 261 52 Ausführung
2754 3583 117 40 einen
2900 3584 207 51 Triumph,
3153 3586 88 39 weil
3281 3586 88 39 hier

1830 3642 68 38 das
1928 3640 212 41 Orchester
2166 3642 75 38 alle
2269 3640 225 51 möglichen
2521 3642 368 50 Unmöglichkeiten
2917 3644 68 39 des
3016 3645 137 40 Tactes
3192 3645 78 40 und
3300 3658 47 27 un-

1830 3701 364 52 vorhergesehenen
2212 3701 279 51 Bewegungen
2519 3703 70 39 des
2616 3704 225 49 Rhythmus
2870 3710 110 34 exact
3008 3705 256 41 darzustellen
3292 3706 78 41 hat.

1832 3765 134 39 Wenn
1995 3763 84 40 das
2108 3762 260 40 Kunstmusik
2396 3762 60 46 ist,
2484 3762 104 40 dann
2617 3763 131 40 haben
2777 3765 64 39 die
2871 3766 161 39 Wilden
3060 3766 99 39 auch
3189 3767 67 38 das
3284 3767 65 40 Pri-

1831 3824 201 53 vilegium,
2060 3826 189 39 Künstler
2276 3836 46 27 zu
2353 3824 168 40 heissen.

1911 3934 46 38 In
1987 3932 267 40 italiänischen
2283 3931 172 39 Blättern
2484 3931 134 39 finden
2646 3932 73 40 wir
2747 3932 63 40 die
2837 3934 221 47 Nachricht,
3087 3934 89 40 dass
3206 3935 70 41 der
3308 3937 44 40 be-

1834 3993 157 40 rühmte
2020 3993 149 40 Pianist
2406 3992 243 41 Theodor
2688 3995 189 39 Döhler
2918 3995 113 39 Ende
3059 3996 81 39 Mai
3180 4009 76 28 von
3285 3998 67 40 Flo-

1835 4066 91 28 renz
1957 4054 204 51 abgereis't
2188 4054 60 46 ist,
2277 4066 67 26 um
2372 4053 53 38 im
2460 4053 235 41 Wildbad
2724 4054 86 40 eine
2839 4054 80 40 Cur
2946 4067 48 27 zu
3024 4057 262 50 gebrauchen.
