2855 4249
215 4078 85 36 146

203 218 194 72 Gold
425 217 386 81 Währung
852 211 186 68 Geld
1074 209 300 86 Kapital

200 326 126 50 Eine
365 320 174 53 Studie
577 339 45 29 v.
651 315 239 51 William
929 315 200 48 Wauer

244 451 36 41 1.
315 445 119 46 Geld
465 447 59 42 ist
555 443 99 53 das,
688 454 98 30 was
816 440 204 54 Geltung
1051 438 80 43 hat
1163 438 67 42 im
1253 437 91 43 Aus-

312 514 165 47 tausch
510 513 85 43 der
627 511 174 44 Waren
838 508 98 44 und
969 508 160 44 Güter.

240 600 39 42 2.
315 597 118 44 Geld
466 598 57 42 ist
556 591 434 46 Austauschmittel.

239 683 39 43 3.
315 682 92 42 Der
437 679 129 45 Wert
597 677 84 44 des
714 674 172 46 Geldes
919 671 186 46 besteht
1135 671 48 44 in
1218 670 157 43 seiner

311 748 323 58 Geeignetheit
679 748 70 42 als
796 740 426 47 unverderbliches
1275 738 100 44 und

310 818 284 47 handliches
623 812 421 47 Austauschmittel
1075 810 98 44 und
1204 810 47 42 in
1283 810 69 42 sei-

310 905 85 29 ner
425 887 294 55 Währung.

237 974 40 42 4.
311 970 246 56 Währung
604 967 83 45 des
728 965 172 46 Geldes
947 962 222 46 bedeutet
1208 962 162 42 seinen

308 1041 371 55 Zahlungswert,
714 1037 130 45 seine
880 1033 276 54 „Kaufkraft
1172 1037 6 14 1
1189 1066 7 9 .

236 1126 37 45 5.
307 1126 94 42 Der
430 1121 362 56 Zahlungswert
832 1119 86 43 der
1290 1112 81 45 des

310 1192 170 45 Geldes
518 1204 133 31 muss
1006 1187 132 42 sonst
1178 1183 193 45 verliert

308 1279 47 30 es
388 1277 58 29 an
480 1262 143 44 Wert.
688 1260 140 43 Seine
861 1257 249 55 Währung
1147 1256 58 42 ist
1243 1253 130 45 seine

307 1332 281 58 eigentliche
620 1329 143 46 Kraft.

236 1420 38 40 6.
308 1416 152 44 Wenn
485 1414 76 44 ein
585 1409 422 47 Austauschmittel
1030 1422 58 29 an
1111 1407 131 44 Wert
1265 1418 81 31 ver-

307 1486 120 53 liert,
460 1482 167 45 ändert
658 1480 103 45 sich
795 1480 131 44 seine
1296 1475 50 42 in-

307 1557 108 43 dem
456 1554 67 43 sie
562 1550 361 55 minderwertig
960 1548 137 52 wird,
1144 1545 43 45 d.
1218 1547 43 41 h.
1294 1545 76 43 die

305 1627 200 43 Münzen
531 1623 155 44 dieser
705 1621 250 55 Währung
976 1619 238 43 verlieren
1239 1615 131 45 nicht

306 1695 138 45 ihren
476 1694 133 44 Wert
648 1693 71 43 als
758 1689 345 45 Tauschmiltel
1148 1701 60 30 an
1255 1685 114 56 sich,

306 1766 115 43 aber
453 1765 75 43 ihr
560 1762 128 46 Grad
720 1764 48 42 in
801 1761 87 43 der
909 1760 264 44 Wertscala
1206 1783 56 5 —
1294 1757 77 44 ihr

307 1826 407 67 Äquivalentwert
752 1832 172 43 nimmt
962 1830 73 52 ab,
1073 1828 107 45 ihre
1213 1827 131 43 Preis-

307 1906 272 56 bedeutung
616 1903 170 45 ändert
824 1902 117 55 sich,
974 1901 107 43 ihre
1112 1900 171 43 Valuta
1316 1922 55 6 —

306 1977 124 45 (ihre
462 1973 222 59 Geltung)
717 1973 136 45 sinkt.

235 2061 38 43 7.
308 2061 94 43 Der
423 2049 410 68 Äquivalentwert
856 2055 82 44 des
962 2055 174 44 Geldes
1159 2055 60 43 ist
1241 2053 130 45 seine

305 2131 321 53 Normierung
672 2127 86 44 auf
790 2127 105 43 eine
935 2126 137 43 Scala
1119 2124 132 44 einer
1288 2124 55 42 be-

307 2201 240 43 stimmten
560 2197 258 56 Währung.
853 2195 118 44 Eine
989 2194 133 45 Mark
1142 2193 229 44 deutsche

307 2270 244 56 Währung
594 2269 57 43 ist
689 2267 154 58 gleich
882 2267 134 43 einer
1053 2265 134 45 Mark
1225 2264 117 45 Kauf-

307 2345 118 40 wert
446 2339 118 46 oder
588 2339 390 44 Austauschwert
999 2338 78 43 für
1098 2336 165 56 Dinge,
1295 2334 76 44 die

308 2414 103 43 eine
452 2413 135 43 Mark
617 2410 352 45 Verkaufswert
1013 2408 170 44 haben.
1253 2406 89 45 Ver-

307 2484 257 43 kaufswert
601 2480 425 56 (Umtauschwert)
1073 2483 146 40 nennt
1257 2491 112 30 man

308 2554 141 43 Preis.

235 2637 39 42 8.
308 2636 96 45 Der
435 2636 130 43 Wert
603 2635 85 44 der
725 2635 245 43 einzelnen
984 2672 5 9 ,
1009 2634 204 43 Münzen
1246 2630 124 46 wird

307 2706 140 46 heute
486 2706 240 43 bestimmt
766 2705 151 44 durch
952 2703 248 58 Vergleich
1239 2702 131 45 ihres

307 2776 474 47 Wertverhältnisses
802 2790 86 30 zur
903 2775 313 45 Werteinheit
1239 2775 134 43 einer

310 2850 125 44 Unze
467 2850 136 44 Gold.

237 2932 40 42 9.
313 2931 139 46 Diese
504 2932 302 56 Festsetzung
857 2935 146 40 nennt
1055 2944 108 29 man
1222 2928 120 45 Gold-

311 3002 244 57 währung.
639 3002 202 56 Solange
891 3001 78 44 die
1017 3001 201 44 Münzen
1272 2998 99 45 und

311 3072 315 44 Geldscheine
658 3073 105 43 eine
796 3072 262 56 Kaufkraft,
1093 3072 137 43 einen
1256 3071 77 43 Um-

310 3143 287 44 tauschwert
618 3143 47 43 in
686 3142 137 44 Höhe
844 3142 87 44 der
957 3139 412 60 entsprechenden

311 3213 303 44 Goldeinheit
645 3214 267 56 gegenüber
945 3213 91 44 den
1060 3213 177 44 Waren
1271 3210 102 45 und

312 3283 178 43 Gütern
522 3283 170 53 haben,
725 3285 58 42 ist
815 3283 78 44 die
913 3283 249 55 Währung
1192 3285 93 53 gut,
1304 3281 67 44 sie

311 3354 157 44 währt
501 3354 98 44 und
631 3354 216 44 bewährt
879 3354 115 44 sich.

214 3436 65 43 10.
313 3435 247 57 Währung
603 3438 60 43 ist
708 3438 102 43 also
858 3450 92 31 nur
979 3436 259 57 Währung,
1288 3436 57 45 da-

315 3505 151 44 durch
485 3505 108 46 dass
612 3507 67 44 sie
696 3506 169 45 währt.
913 3506 240 45 Sinkende
1169 3507 202 44 Valuten

315 3575 106 43 sind
482 3575 84 45 das
627 3576 240 57 Gegenteil
929 3577 133 43 einer
1111 3576 260 57 Währung.

313 3645 256 45 Jedenfalls
599 3646 78 44 ihr
707 3646 302 46 Hinsiechen.

217 3726 66 43 11.
317 3726 239 44 Siechtum
590 3728 131 44 einer
739 3728 248 59 Währung
1016 3730 59 44 ist
1098 3744 91 29 nur
1220 3730 153 45 durch

316 3797 105 43 eine
452 3797 391 58 Kräfligungskur
889 3801 175 43 mittels
1112 3800 83 44 des
1234 3800 140 45 Stoffs

317 3878 57 31 zu
405 3866 173 55 heilen,
601 3882 83 29 aus
716 3867 109 46 dem
851 3871 67 42 sie
941 3869 195 56 besteht,
1161 3871 86 43 auf
1263 3869 111 45 dem

319 3935 67 44 sie
416 3935 186 45 basiert.

1468 197 62 48 12.
1568 202 178 43 Unsere
1779 194 161 50 sieche
1957 193 263 59 Währung,
2254 195 76 45 die
2353 197 107 41 eine
2483 194 120 44 Gold-

1566 270 233 55 währung
1832 269 72 55 ist,
1953 280 132 31 muss
2125 266 88 44 mit
2245 264 125 46 Gold
2415 265 216 56 gefüttert

1564 340 214 50 werden,
1811 343 129 39 sonst
1972 337 109 56 geht
2114 337 66 42 sie
2215 350 53 28 zu
2304 334 210 44 Grunde.

1464 411 66 43 13.
1564 410 167 43 Haben
1768 410 89 42 wir
1888 406 126 45 Gold
2031 406 22 43 ?

1562 481 133 44 Nein.

1463 551 66 44 14.
1562 550 201 44 Können
1801 550 89 43 wir
1921 544 126 47 Gold
2079 544 315 45 beschaffen?

1562 619 135 44 Nein.

1463 691 67 43 15.
1563 689 123 45 Weil
1721 691 92 43 alle
1849 688 307 55 Währungen
2192 685 89 44 der
2312 683 205 55 Länder,
2555 682 79 44 die

1564 759 365 56 Goldwährung
1959 758 174 53 haben,
2168 754 207 53 siechen,
2409 753 61 44 da
2502 752 131 44 nicht

1562 840 154 46 genug
1754 828 124 44 Gold
1918 829 86 42 auf
2036 825 161 45 Erden
2236 823 285 45 vorhanden
2560 823 73 50 ist,

1563 914 83 28 um
1679 899 91 43 den
1806 898 315 54 Goldhunger
2159 895 153 43 dieser
2347 892 284 45 sämtlichen

1562 967 564 56 Wirtschaftskomplexe
2159 979 58 29 zu
2250 965 172 42 stillen.

1459 1039 69 44 16.
1562 1039 96 44 Der
1691 1037 313 56 Goldhunger
2037 1036 86 43 der
2146 1033 192 46 Länder
2370 1031 264 58 entspricht

1563 1108 111 45 dem
1698 1107 183 46 Bedarf
1901 1121 61 29 an
1986 1106 332 54 vollwertigen
2344 1102 257 44 Umtausch-

1562 1179 184 44 mitteln
1782 1178 76 42 für
1888 1177 106 43 ihre
2028 1174 310 46 Bedürfnisse
2371 1187 60 29 an
2456 1172 175 43 Waren

1563 1248 99 45 und
1695 1248 193 45 Gütern.

1462 1322 66 43 17.
1563 1319 61 45 Es
1662 1320 60 44 ist
1769 1333 91 29 nur
1898 1318 87 44 der
2023 1318 169 43 zehnte
2239 1317 86 42 Teil
2367 1314 83 43 des
2484 1313 120 44 Welt-

1562 1389 192 46 bedarfs
1799 1403 59 29 an
1910 1387 453 45 Umtauschmitteln
2412 1385 48 42 in
2509 1381 126 46 Gold

1562 1460 298 54 vorhanden,
1895 1459 86 44 der
2011 1456 263 59 gebraucht
2307 1454 139 46 wird.

1462 1533 64 41 18.
1563 1530 212 44 Deshalb
1794 1529 110 44 sind
1925 1530 95 43 alle
2038 1526 429 55 Goldwährungen
2488 1524 145 44 siech.

1561 1600 78 46 Sie
1671 1601 151 56 gehen
1857 1615 57 28 zu
1948 1597 198 46 Grunde
2178 1611 60 31 an
2273 1595 300 46 Goldarmut.

1460 1674 66 43 19.
1562 1674 95 43 Der
1679 1671 303 46 Goldbedarf
2000 1671 132 43 Aller
2155 1668 133 44 führt
2310 1665 244 45 natürlich
2577 1679 58 30 zu

1561 1743 155 44 einem
1737 1742 205 56 Kampfe
1958 1741 132 43 Aller
2108 1750 144 47 gegen
2272 1737 105 44 Alle
2395 1751 83 28 um
2497 1734 138 45 Gold.

1459 1816 70 42 20.
1564 1813 116 46 Wer
1713 1814 84 44 das
1829 1812 125 46 Gold
1986 1812 180 55 besitzt,
2199 1809 169 45 besitzt
2401 1807 98 56 das,
2533 1820 102 30 was

1561 1887 143 42 allein
1724 1884 172 55 währt,
1920 1883 102 45 und
2045 1881 203 45 deshalb
2265 1879 138 59 jedes
2424 1878 210 44 Währen

1563 1955 99 44 und
1689 1954 113 57 jede
1834 1953 254 56 Währung
2118 1952 262 43 bestimmt.

1458 2028 68 43 21.
1562 2027 114 44 Wer
1700 2025 126 45 Gold
1858 2025 180 55 besitzt,
2072 2024 129 43 kann
2234 2023 142 52 allen,
2410 2019 78 44 die
2512 2018 126 45 Gold

1561 2096 260 55 brauchen,
1857 2096 163 44 seinen
2053 2094 178 43 Willen
2267 2091 251 44 diktieren.

1458 2169 70 42 22.
1562 2168 88 43 Die
1674 2165 357 47 Goidsammler
2053 2164 235 44 diktieren
2309 2162 139 44 ihren
2456 2160 179 44 Willen

1562 2237 86 45 der
1679 2249 178 44 ganzen
1892 2236 139 45 Welt.

1458 2311 68 43 23.
1562 2311 89 43 Die
1683 2307 362 47 Goldsammler
2093 2310 148 39 nennt
2287 2317 113 31 man
2443 2303 168 56 Kapita-

1562 2381 152 43 listen.
1784 2380 156 56 Kaput
1980 2378 147 44 heisst
2165 2375 88 44 der
2290 2375 139 55 Kopf.
2497 2371 142 47 Jeder

1562 2452 250 57 Kapitalist
1844 2451 60 43 ist
1926 2449 78 44 ein
2027 2448 138 57 Kopf,
2191 2446 77 44 die
2291 2444 213 46 anderen
2528 2442 108 46 sind

1563 2522 347 56 Dummköpfe.
1975 2519 114 45 Was
2123 2518 139 45 wahr
2293 2517 73 44 ist.

1459 2596 69 44 24.
1563 2594 87 45 Die
1672 2592 314 58 Kapitalisten
2010 2589 158 45 haben
2199 2603 100 29 nun
2323 2587 139 44 ihren
2488 2585 118 46 Gold-

1564 2664 235 45 überfluss
1818 2660 102 46 und
1939 2660 93 45 den
2052 2658 305 47 Goldbedarf
2368 2657 88 44 der
2471 2657 168 45 Nicht-

1562 2734 311 58 Kapitalisten
1907 2734 47 42 in
1991 2731 75 44 ein
2102 2730 166 57 Syslen
2302 2728 240 54 gebracht.

1458 2808 70 44 25.
1564 2806 164 45 Dieses
1782 2805 186 59 System
2022 2805 59 42 ist
2140 2801 86 45 der
2278 2800 360 57 Kapitalismus,

1562 2880 131 44 seine
1726 2876 334 57 Organisation
2094 2872 245 59 geschieht
2372 2870 156 46 durch
2560 2869 80 44 die

1563 2950 211 54 Banken,
1813 2949 78 44 die
1924 2945 386 47 Goldbewahrer
2348 2942 102 45 und
2489 2941 120 46 Gold-

1562 3021 267 44 vermittler
1871 3017 100 45 und
2010 3016 79 46 die
2127 3017 198 54 Börsen,
2371 3013 77 45 die
2489 3011 121 46 Gold-

1562 3092 220 46 händler.

1459 3165 69 44 26.
1563 3163 89 45 Die
1698 3163 316 57 Kapitalisten
2061 3161 163 44 leihen
2272 3157 79 44 ihr
2389 3154 127 47 Gold
2553 3168 86 31 aus

1563 3246 146 46 gegen
1728 3234 173 44 Zinsen
1925 3232 102 44 und
2045 3231 222 53 Vorteile,
2292 3228 147 44 deren
2465 3225 174 45 Grösse

1563 3305 85 44 der
1680 3303 492 56 Konkurrenzkampf
2207 3300 86 45 der
2325 3298 314 57 Kapitalisten

1566 3374 372 47 untereinander
1972 3374 258 45 bestimmt.

1459 3449 70 43 27.
1564 3448 97 43 Der
1681 3446 253 58 Kapitalist
1957 3444 259 46 wuchert
2236 3443 89 43 mit
2343 3441 184 45 seinem
2549 3439 61 44 Ka-

1562 3519 131 56 pital.
1759 3518 159 43 Daran
1953 3518 138 43 sollst
2123 3514 66 44 du
2221 3514 84 43 ihn
2340 3512 258 45 erkennen.

1459 3589 70 43 28.
1564 3589 97 43 Der
1674 3587 254 58 Kapitalist
1945 3587 144 44 bietet
2104 3584 127 45 Gold
2248 3596 86 31 aus
2352 3580 101 46 und
2479 3579 162 47 macht

1564 3659 171 57 denen,
1770 3659 78 44 die
1882 3657 124 46 Gold
2039 3656 265 55 brauchen,
2337 3653 158 55 weiss,
2530 3651 111 44 dass

1564 3730 124 44 Gold
1722 3732 147 43 allein
1904 3730 121 44 Geld
2058 3730 83 43 sei.

1462 3801 68 43 29.
1564 3801 103 44 Nur
1700 3801 367 56 Goldwährung
2104 3800 69 44 sei
2205 3794 257 49 wirkliche
2495 3792 117 47 Geld-

1566 3871 250 57 währung,
1840 3872 67 43 sei
1931 3869 276 56 überhaupt
2230 3867 79 46 die
2330 3867 155 58 einzig
2504 3871 105 53 mög-

1566 3942 125 44 liche
1723 3942 263 57 Währung.
