2855 4249
229 4093 89 41 154

215 202 179 50 wollen
427 205 91 44 wir
546 201 176 57 fleissig
751 200 131 46 lesen
931 195 100 48 und
1063 210 90 32 uns
1185 192 184 60 gemein-

215 290 105 32 sam
352 276 222 44 erbauen.
638 271 203 57 Ergreift
887 270 77 44 Sie
1012 268 78 45 ein
1137 265 260 54 Schauder,

214 346 122 44 Herr
365 342 294 47 Westheim?

216 488 147 52 „Herr
393 486 203 45 Herbert
625 480 206 47 Waiden
863 480 102 45 will
998 479 225 56 übrigens
1270 475 126 46 noch

211 560 107 44 eine
348 569 146 45 ganze
526 554 337 56 Kunstgruppe
893 550 50 45 in
965 549 164 44 Berlin
1160 548 208 44 bekannt-

211 629 217 44 machen.
518 625 144 45 Diese
711 625 148 42 nennt
913 620 103 46 sich
1081 619 123 51 „Der
1254 619 143 43 blaue

441 709 110 31 zum
591 690 316 48 Unterschied
951 704 96 30 von
1095 687 88 46 der
1227 689 169 57 gelben

209 766 266 57 Nachtigall
526 764 100 45 und
673 762 113 45 dem
836 765 183 53 grünen
1066 760 181 56 Wagen
1294 757 103 45 und

207 837 188 46 besteht
440 849 85 32 aus
574 834 92 45 den
705 832 332 46 schlimmsten
1071 828 207 47 Sudlern
1312 828 84 45 des

206 908 71 45 20.

205 978 138 56 Nein,
366 977 123 44 Herr
508 974 282 56 Westheim,
818 972 79 47 Sie
927 973 129 43 irren
1090 971 117 56 sich,
1240 969 156 46 dieses

207 1049 159 45 haben
412 1047 132 46 nicht
576 1046 77 44 Sie
696 1043 324 60 geschrieben.
1084 1042 62 44 Es
1178 1054 105 32 war
1313 1054 82 32 am

209 1121 66 43 11.
297 1119 129 43 März
459 1118 113 44 1912
601 1117 71 43 im
703 1115 201 45 Kleinen
926 1113 199 46 Journal
1157 1126 59 30 zu
1247 1113 146 43 lesen.

206 1190 62 45 Es
299 1190 61 45 ist
390 1202 94 30 nur
517 1187 78 44 die
615 1175 311 56 Ähnlichkeit
948 1183 83 45 des
1056 1181 127 58 Stils,
1207 1181 78 45 die
1318 1181 78 46 Sie

205 1259 240 47 irreführt.
508 1258 109 45 Und
662 1268 256 46 vergessen
965 1255 79 45 Sie
1089 1253 128 45 auch
1247 1251 146 57 nicht,

206 1329 109 46 dass
348 1329 78 46 Sie
455 1329 68 44 im
544 1326 143 46 Jahre
711 1326 115 45 1912
855 1326 49 43 in
939 1324 87 45 der
1057 1338 156 31 neuen
1242 1322 155 46 Kunst

206 1400 126 46 noch
353 1399 132 45 nicht
507 1399 170 45 soweit
697 1395 379 58 vorgeschritten
1096 1408 181 41 waren,
1311 1408 84 30 um

205 1472 141 45 blaue
391 1471 159 45 Reiter
595 1482 95 32 von
743 1469 178 44 blauen
968 1465 207 47 Pferden
1227 1467 138 42 unter-

205 1541 226 47 scheiden
471 1554 59 31 zu
560 1541 207 43 können.
830 1538 180 45 Lassen
1043 1536 79 46 Sie
1152 1536 106 46 sich
1289 1536 104 43 also

205 1611 85 47 das
322 1611 158 45 kleine
501 1609 216 46 Versehn
751 1608 132 46 nicht
915 1607 318 46 verdriessen.
1277 1606 116 44 Jetzt

203 1682 148 46 heisst
371 1696 64 43 es,
459 1681 133 45 nicht
612 1681 167 44 locker
794 1679 157 46 lassen
974 1677 104 46 und
1094 1677 114 46 dem
1225 1676 167 45 Teufel

202 1754 75 45 ins
309 1752 194 47 Gesicht
534 1750 226 46 schauen.

209 1825 96 52 „Da
334 1824 62 46 ist
426 1824 77 45 ein
536 1822 123 58 Bild,
692 1822 87 45 das
812 1823 103 44 sein
946 1820 249 59 Schöpfer,
1241 1819 154 44 Franz

202 1895 142 57 Marc,
393 1894 114 53 „Die
555 1894 177 44 blauen
1031 1894 209 55 genannt
1296 1889 96 44 hat.

202 1965 250 46 Nachdem
475 1966 87 46 das
584 1965 155 57 Okapi
771 1965 104 46 sich
906 1964 73 44 bis
1001 1964 77 43 ins
1100 1961 293 57 Zwanzigste

202 2036 328 47 Jahrhundert
574 2036 83 46 hat
697 2035 94 46 den
823 2035 165 57 Augen
1021 2034 88 45 der
1139 2032 254 58 Europäer

203 2109 246 45 entziehen
496 2110 208 56 können,
741 2107 62 45 ist
833 2120 50 32 es
916 2105 133 46 nicht
1080 2105 170 46 weiter
1282 2116 84 33 ver-

203 2180 319 57 wunderlich,
555 2180 109 44 dass
696 2178 79 46 die
805 2178 257 58 Kreuzung
1091 2190 95 32 von
1221 2175 144 59 Spick-

205 2253 75 45 aal
313 2252 99 46 und
442 2250 229 48 Seehund

205 2322 136 57 Nein,
386 2323 126 56 nein,
559 2322 126 57 nein,
738 2322 123 44 Herr
907 2319 286 47 Westheim!
1279 2321 113 45 Was

203 2399 86 40 tun
327 2392 96 48 Sie!
469 2394 104 46 Nur
603 2394 141 45 keine
772 2393 313 56 unüberlegte
1113 2392 278 58 Handlung!

205 2464 113 47 Was
349 2467 92 44 soll
473 2464 78 46 die
588 2465 320 45 verzweifelte
941 2463 253 46 Gebärde?
1254 2463 139 46 Auch

206 2535 85 46 das
337 2537 157 44 haben
534 2537 53 57 ja
631 2548 84 46 gar
760 2535 133 46 nicht
939 2534 80 47 Sie
1063 2535 328 57 geschrieben.

206 2606 165 46 Teufel
402 2606 139 58 auch,
573 2612 197 40 müssen
793 2606 77 46 Sie
902 2608 77 44 ein
1009 2606 269 46 schlechtes
1299 2606 64 46 Ge-

206 2679 175 44 wissen
427 2678 171 45 haben.
658 2678 136 55 Nein,
827 2678 126 57 nein,
992 2676 86 47 das
1124 2676 142 47 stand
1312 2692 85 33 am

203 2749 70 44 26.
292 2750 127 43 März
437 2750 113 44 1920
565 2750 69 44 im
866 2749 78 45 Sie
963 2749 174 45 dürfen
1161 2749 133 47 nicht
1311 2750 79 44 bei

206 2820 132 57 jeder
372 2820 376 58 Beschimpfung
793 2821 131 43 eines
973 2831 197 46 grossen
1217 2821 176 45 Malers

207 2905 54 30 so
280 2891 231 57 ängstlich
529 2891 464 46 zusammenfahren.
1037 2892 106 47 Wir
1158 2892 234 46 kommen

207 2961 46 54 ja
299 2966 130 40 sonst
475 2962 132 44 nicht
650 2976 116 32 vom
813 2962 158 46 Fleck.
1039 2963 184 57 Hurtig,
1270 2963 126 45 Herr

207 3031 277 57 Westheim,
531 3033 156 46 lassen
736 3033 76 46 Sie
851 3048 90 31 uns
973 3034 108 45 eine
1113 3048 123 32 neue
1269 3033 126 46 Seite

207 3103 318 58 aufschlagen.

212 3208 35 16 „.
280 3206 9 11 .
323 3208 10 12 .
366 3174 88 45 Die
497 3174 268 59 Frechheit,
817 3177 87 44 mit
955 3175 88 46 der
1094 3180 124 42 etwa
1272 3175 123 46 Herr

209 3243 153 47 Oskar
383 3245 287 47 Kokoschka
700 3248 103 44 sein
833 3248 245 57 geistloses
1110 3248 103 44 und
1240 3248 124 46 form-

209 3314 123 46 loses
365 3315 536 61 Kleinkindergekritzel
946 3319 72 44 als
1049 3320 313 46 weltenbewe-

209 3384 151 57 gende
404 3401 122 32 neue
573 3387 152 46 Kunst
770 3389 284 45 verkünden
1103 3391 115 45 lässt
1251 3426 9 8 .
1296 3426 10 10 .
1340 3427 9 9 .
1385 3427 7 9 .

211 3456 240 60 Derartige
479 3459 351 47 Kunstmacher
860 3461 218 46 schreien
1111 3462 79 46 ein
1222 3462 170 59 wenig,

209 3541 85 32 um
325 3530 113 45 sehr
469 3530 114 45 bald
615 3544 61 31 an
703 3531 133 46 ihrer
856 3532 198 57 eigenen
1077 3532 292 60 Talentlosig-

209 3598 95 46 keit
333 3600 245 58 zugrunde
607 3616 59 31 zu
687 3602 151 57 gehen
877 3635 142 13 ....
1081 3602 83 46 Als
1194 3603 80 46 ich
1306 3619 90 30 vor

211 3667 91 47 den
333 3669 335 60 Zeichnungen
701 3672 84 46 des
826 3672 157 46 Herrn
1015 3673 152 46 Pablo
1200 3675 195 45 Picasso

211 3739 151 56 stand,
395 3742 189 46 machte
614 3743 80 45 ich
725 3743 79 45 die
831 3743 216 60 freudige
1067 3744 326 59 Entdeckung,

211 3808 108 47 dass
349 3810 80 47 ich
460 3813 70 44 als
553 3813 265 55 Quintaner
845 3814 100 45 und
968 3814 269 57 Quartaner
1268 3815 128 49 doch

211 3880 76 45 ein
318 3882 211 58 mächtig
556 3894 190 47 grosser
776 3885 225 46 Künstler
1037 3898 219 46 gewesen
1293 3889 102 45 sein

212 3965 131 32 muss
376 3988 140 10 ....
577 3955 166 47 Dieser
788 3958 108 45 Max
940 3958 273 47 Feldbauer
1252 3995 9 8 .
1297 3995 8 10 .
1341 3995 8 8 .
1385 3996 10 9 .

1471 190 184 58 schlägt
1730 188 79 48 die
1884 198 179 49 ganzen
2125 185 358 48 französischen
2561 181 101 48 und

1471 262 331 46 italienischen
1824 259 437 47 Zeichenkerlchen
2294 257 272 45 mausetot.

1470 336 81 45 Ich
1584 331 359 60 widerspreche
1973 331 151 44 Ihnen
2172 328 146 55 nicht,
2351 326 124 44 Herr
2505 325 127 47 West-

1470 406 146 44 heim.
1678 401 251 48 Natürlich
1970 401 301 44 könnten
2310 397 77 45 Sie
2418 396 87 46 das
2536 395 126 45 auch

1470 475 310 58 geschrieben
1829 472 173 44 haben.
2079 469 130 46 Aber
2254 468 78 45 Sie
2376 467 134 44 irren
2558 464 104 46 sich

1470 547 151 44 schon
1668 543 197 47 wieder.
1928 543 95 45 Das
2070 542 85 44 hat
2200 553 80 32 am
2317 539 71 45 27.
2420 538 97 44 Juli
2549 537 114 44 1912

1463 617 140 56 jener
1619 614 120 45 Kurt
1754 613 212 44 Küchler
1987 612 68 44 im
2073 609 307 57 Hamburger
2397 605 232 47 Fremden-

1468 687 121 43 blatt
1604 685 120 45 über
1734 684 106 45 eine
1852 683 302 56 Hamburger
2162 678 503 56 Sturm-Ausstellung

1468 756 328 58 geschrieben,
1824 755 138 57 jener
1985 753 118 45 Kurt
2124 750 227 56 Küchler,
2380 749 89 44 mit
2491 748 172 44 dessen

1468 828 262 44 Ansichten
1778 826 121 44 über
1943 823 284 58 Kandinsky
2262 823 79 44 Sie
2387 820 189 46 damals
2608 843 55 7 —

1470 909 142 46 sagen
1670 896 94 45 wir
1823 895 230 44 konform
2114 894 185 56 gingen,
2354 891 141 57 jener
2545 889 121 44 Kurt

1468 969 225 54 Küchler,
1727 981 61 31 an
1811 966 94 44 den
1928 965 80 45 ich
2031 963 118 46 bald
2169 962 129 46 noch
2321 972 210 47 genauer
2562 958 101 46 und

1468 1038 358 46 schrecklicher
1873 1037 228 45 erinnern
2148 1032 180 47 werde.
2389 1031 159 46 Wenn
2587 1030 78 44 Sie

1468 1111 117 44 aber
1611 1108 246 47 vielleicht
1887 1121 94 32 nur
2011 1107 90 44 mit
2122 1104 93 47 den
2239 1103 210 46 Achseln
2481 1103 182 45 zucken

1467 1179 103 46 und
1602 1179 209 45 denken:
1844 1178 116 46 Was
1979 1178 63 45 ist
2063 1177 193 44 Kleines
2276 1174 231 46 Journal?
2549 1173 117 46 Wer

1467 1251 235 45 brauchte
1748 1249 86 46 auf
1879 1249 121 45 Kurt
2046 1247 236 45 Küchlers
2328 1245 229 56 Meinung
2606 1258 60 31 zu

1468 1322 185 44 hören?
1683 1344 58 8 —
1773 1333 144 32 wenn
1946 1318 80 46 Sie
2056 1332 55 32 so
2134 1317 206 55 denken,
2362 1315 125 46 Herr
2506 1314 128 46 West-

1467 1393 149 56 heim,
1649 1391 129 46 dann
1810 1390 160 46 haben
2003 1390 77 45 Sie
2111 1386 419 49 ausnahmsweise
2562 1385 78 46 ein-

1466 1464 101 44 mal
1589 1463 164 45 Recht.
1795 1461 131 46 Aber
1956 1460 128 46 doch
2117 1459 135 46 nicht
2282 1471 55 32 so
2360 1469 119 46 ganz
2500 1455 165 46 Recht.

1466 1534 80 45 Sie
1575 1534 178 45 wissen
1786 1531 275 56 sicherlich,
2096 1530 110 46 dass
2239 1529 80 45 die
2346 1527 203 59 Auflage
2581 1526 85 46 des

1467 1605 306 56 Hamburger
1807 1601 390 47 Fremdenblatts
2246 1600 153 48 schon
2444 1598 71 45 im
2549 1596 118 46 Jahr

1468 1676 115 44 1912
1614 1687 135 46 gross
1782 1685 156 47 genug
1959 1686 118 42 war,
2101 1686 86 32 um
2209 1671 190 58 einigen
2421 1668 216 46 Hundert-

1466 1746 268 46 tausenden
1781 1745 80 45 die
1905 1742 310 58 Verachtung
2266 1741 88 45 der
2404 1741 155 45 Kunst
2608 1752 59 32 zu

1466 1816 246 59 predigen.
1757 1814 110 47 Und
1884 1828 144 33 wenn
2051 1813 80 47 ich
2148 1813 153 46 Ihnen
2323 1811 127 47 auch
2470 1811 196 58 zugebe,

1467 1887 112 45 dass
1640 1891 143 41 unter
1843 1883 422 48 hunderttausend
2321 1882 180 45 Lesern
2563 1879 104 47 sich

1465 1958 179 46 immer
1674 1958 156 58 einige
1861 1957 242 57 befinden,
2127 1955 79 46 die
2228 1969 96 32 von
2348 1954 154 45 Kunst
2522 1952 144 47 mehr

1466 2029 272 57 verstehen,
1771 2029 71 44 als
1865 2028 123 45 zehn
2009 2026 296 47 Westheims
2328 2024 104 47 und
2454 2023 215 47 hundert

1466 2100 236 52 Küchlers
1733 2114 298 42 zusammen,
2079 2113 55 33 so
2182 2099 151 46 bleibt
2365 2096 130 47 doch
2539 2095 130 47 noch

1466 2174 79 44 ein
1592 2186 171 46 ganzes
1795 2171 127 46 Volk
1967 2171 154 57 übrig,
2171 2169 101 58 das,
2310 2169 216 57 weniger
2571 2181 96 32 von

1466 2246 152 46 Ihnen
1665 2245 104 46 und
1815 2244 156 45 Herrn
2021 2241 225 56 Küchler,
2299 2241 72 46 als
2422 2254 99 32 von
2573 2237 96 47 den

1466 2319 260 55 Zeitungen
1749 2317 135 45 seine
1904 2313 536 58 Kunstanschauungen
2463 2310 203 47 bezieht.

1467 2390 90 44 Die
1595 2388 390 46 Gewissenlosen
2032 2385 112 47 sind
2191 2385 79 50 die
2300 2385 243 57 Verleger,
2591 2382 79 46 die

1467 2461 309 46 urteilslosen
1815 2458 262 47 Menschen
2120 2457 256 57 jahrelang
2406 2454 235 47 Verdreht-

1467 2533 160 46 heiten
1675 2531 103 47 und
1825 2529 408 59 Sinnlosigkeiten
2285 2542 60 32 zu
2392 2527 275 46 verbreiten

1467 2608 245 53 gestatten.
1766 2602 129 47 Aber
1924 2602 78 46 Sie
2034 2601 208 58 glauben
2275 2598 260 57 vielleicht,
2557 2597 113 45 dass

1466 2677 81 45 ich
1579 2677 79 44 Sie
1688 2687 119 46 ganz
1838 2672 268 48 besonders
2145 2672 322 56 schikaniere,
2498 2668 171 47 indem

1466 2747 80 47 ich
1576 2747 154 45 Ihnen
1763 2745 262 59 Zeitungen
2056 2743 103 45 und
2187 2743 217 45 Kritiken
2437 2745 234 47 vorsetze,

1466 2820 89 45 auf
1580 2818 81 45 die
1683 2819 79 44 Sie
1788 2818 91 44 mit
1898 2816 163 46 Ihrem
2083 2813 400 61 unbegründeten
2507 2811 132 47 Hoch-

1468 2894 104 42 mut
1603 2888 320 47 herabsehen.
1984 2886 127 57 Nun,
2140 2886 126 45 Herr
2285 2884 286 57 Westheim,
2594 2882 78 46 Sie

1466 2961 223 47 zweifeln
1722 2960 135 46 wohl
1890 2959 149 57 nicht,
2061 2957 113 46 dass
2197 2956 82 47 ich
2299 2957 91 45 mit
2411 2956 260 56 Zeitungen

1467 3032 102 46 und
1600 3034 89 44 mit
1710 3032 189 47 Namen
1932 3031 270 44 aufwarten
2232 3029 146 57 kann,
2411 3026 80 47 die
2511 3026 51 46 in
2585 3025 89 47 der

1468 3095 361 54 Öffentlichkeit
1890 3101 249 46 durchaus
2202 3100 135 45 nicht
2398 3101 144 43 unter
2594 3096 78 46 die

1468 3175 343 45 Obskuritäten
1829 3172 259 58 gerechnet
2103 3171 215 47 werden.
2351 3169 109 46 Wie
2478 3167 193 47 denken

1467 3247 79 46 Sie
1593 3261 113 32 zum
1754 3244 211 60 Beispiel
2013 3244 122 46 über
2181 3242 96 47 den
2319 3241 214 47 Kritiker
2564 3239 110 46 Max

1468 3318 224 47 Osborn?
1730 3318 72 45 Da
1825 3317 160 46 haben
2004 3314 79 47 Sie
2103 3316 102 44 mal
2228 3314 142 46 einen
2389 3312 282 47 Modernen.

1467 3390 84 47 Als
1603 3389 194 47 solcher
1858 3389 85 57 gilt
1994 3401 53 33 er
2098 3385 240 47 Manchen
2392 3384 136 46 nicht
2578 3397 96 32 nur

1468 3460 292 60 neuerdings
1807 3459 122 47 oder
1976 3459 91 46 seit
2112 3458 224 58 wenigen
2383 3455 197 56 Jahren,
2620 3469 55 32 er

1467 3534 207 57 geniesst
1735 3544 144 47 sogar
1940 3530 86 47 das
2086 3529 241 57 Ansehen,
2389 3528 136 45 einer
2585 3525 90 47 der

1466 3605 237 59 Wenigen
1750 3615 224 47 gewesen
2021 3615 61 32 zu
2114 3601 119 56 sein,
2280 3600 80 46 die
2392 3597 90 47 der
2512 3611 158 33 neuen

1467 3676 155 47 Kunst
1653 3690 97 32 von
1782 3675 191 57 Anfang
2003 3688 62 31 an
2107 3672 92 45 mit
2228 3671 147 46 mehr
2406 3671 239 46 Kunstver-

1468 3747 143 46 stand
1641 3749 234 57 begegnet
1904 3744 126 58 sind,
2063 3745 72 44 als
2164 3742 195 47 andere.
2401 3742 160 47 Wenn
2592 3740 82 47 ich

1468 3818 117 46 aber
1607 3832 101 32 nun
1730 3817 293 56 nachwiese,
2041 3815 113 47 dass
2173 3815 160 47 dieser
2350 3815 109 45 Max
2478 3812 196 47 Osborn

1470 3912 56 11 —
1556 3891 97 44 wie
1683 3891 94 44 soll
1810 3888 83 47 ich
1924 3900 145 47 sagen
2101 3912 58 8 —
2191 3886 112 47 dass
2336 3900 54 33 er
2421 3884 128 47 auch
2581 3898 94 32 nur

1470 3962 78 44 ein
1569 3961 200 45 Mensch
1800 3975 108 31 war
1929 3982 56 12 —
2016 3958 178 48 würde
2220 3959 155 46 Ihnen
2403 3957 88 47 das
2512 3956 163 47 wohl-
