3246 4363
3009 3998 48 43 81

180 346 97 35 Nous
303 360 110 21 avons
438 345 97 36 donc
560 350 139 33 montré
725 361 71 34 que
823 347 46 37 les
898 350 230 46 proportions
1153 349 64 36 des
1243 348 145 47 gradins
1414 348 173 37 devaient

178 408 250 48 logiquement
449 409 192 48 dépendre
664 411 47 36 de
734 410 128 37 l'allure
883 412 47 36 de
952 411 93 43 l'arc,
1071 414 85 35 mais
1177 427 71 32 que
1271 427 63 33 par
1355 417 137 36 contre,
1516 412 71 37 leur

178 472 150 37 nombre
358 475 125 34 restait
513 473 251 38 indéterminé.
792 477 91 46 Trop
913 476 203 41 nombreux,
1147 476 187 42 toutefois,
1366 475 46 37 les
1443 477 144 45 gradins

178 541 144 31 eussent
351 538 60 34 été
442 539 154 35 coûteux
625 543 37 31 et
692 539 168 37 difficiles
889 542 18 34 à
939 542 169 34 exécuter
1128 555 6 26 ;
1164 545 84 43 trop
1281 555 68 33 peu
1381 540 204 42 nombreux,

177 600 97 36 donc
305 600 72 47 plus
408 601 144 45 grands,
585 600 35 38 ils
650 608 144 31 eussent
823 605 126 34 exercé
980 604 65 35 des
1076 602 153 47 charges
1259 603 184 38 localisées
1474 609 37 31 et
1543 607 30 33 in-

177 663 142 36 fluencé
345 663 27 37 la
399 664 92 46 ligne
516 665 47 36 de
588 665 83 36 l'arc
694 681 43 21 en
763 666 27 37 la
817 666 154 37 rendant
996 666 230 48 polygonale.

243 1942 71 27 FIG.
345 1942 47 27 26.
422 1958 9 4 -
461 1940 93 28 Cette
587 1940 132 34 esquisse
752 1942 114 24 montre
900 1949 54 17 une
986 1936 176 38 disposition
1196 1939 35 26 où
1262 1936 40 30 les
1333 1936 190 29 lanterneaux

242 2001 66 24 sont
336 1994 158 38 parallèles
521 2006 52 17 aux
600 2005 64 17 arcs
690 1997 31 25 et
747 1993 38 29 de
813 1993 95 28 même
937 1996 102 33 pente.
1067 1992 50 28 Les
1144 2003 73 22 arcs,
1243 1993 60 27 très
1330 1991 97 37 larges
1454 1994 14 26 à
1499 1990 22 29 la

244 2051 81 33 base,
350 2055 59 29 ont,
434 2052 14 27 à
471 2049 23 29 la
519 2048 68 34 clef,
612 2060 54 17 une
690 2050 113 27 section
828 2059 34 17 en
886 2048 20 27 V
930 2059 35 17 ou
988 2058 34 17 en
1049 2048 20 27 U
1088 2058 6 17 :
1118 2045 195 34 autostables,
1339 2045 30 29 ils
1393 2050 130 33 peuvent

243 2106 62 27 être
335 2106 158 27 construits
523 2115 33 16 un
585 2105 14 26 à
631 2114 45 17 un.

181 2233 42 36 La
256 2232 86 36 libre
372 2231 171 36 fantaisie
574 2230 90 35 dans
695 2229 29 36 le
754 2231 102 33 tracé
888 2229 47 35 de
967 2227 28 37 la
1028 2227 136 37 courbe
1196 2227 48 37 de
1275 2226 159 37 l'édifice
1465 2227 124 36 devait

179 2300 115 32 rester
322 2293 227 49 compatible
579 2308 92 22 avec
698 2297 122 32 toutes
848 2307 60 21 ces
937 2292 216 36 conditions.
1183 2292 143 41 Certes,
1359 2290 15 36 il
1406 2293 124 34 restait
1561 2290 27 36 la

181 2358 198 49 possibilité
403 2359 48 36 de
473 2360 113 34 suivre
611 2356 47 37 les
682 2371 77 21 arcs
783 2372 43 20 au
852 2371 129 33 moyerç
1004 2356 47 36 de
1074 2358 160 43 vitrages
1258 2354 47 38 les
1329 2355 174 46 longeant
1528 2369 41 34 pa-

179 2424 222 37 rallèlement
419 2438 8 21 :
450 2422 84 37 telle
557 2422 214 47 disposition
797 2423 115 34 aurait
934 2424 129 33 amené
1089 2436 40 21 un
1154 2420 247 47 changement
1424 2417 166 38 essentiel

180 2492 125 45 jusque
335 2488 90 36 dans
454 2486 29 37 la
513 2490 176 33 structure
718 2485 65 36 des
813 2499 76 22 arcs
919 2485 217 36 eux-mêmes
1155 2499 7 22 :
1193 2499 91 22 avec
1314 2483 28 38 la
1375 2485 116 35 même
1522 2499 51 20 sur-

178 2552 86 37 face
286 2551 210 41 éclairante,
519 2565 44 21 on
585 2552 61 34 eût
667 2549 147 48 disposé
836 2549 82 36 d'un
943 2548 72 48 plus
1037 2549 113 45 grand
1174 2563 136 34 espace
1334 2563 88 33 pour
1444 2547 47 37 les
1513 2563 77 21 arcs

180 2617 92 36 dont
298 2616 48 36 les
372 2617 157 35 sections
555 2615 165 35 auraient
746 2615 60 34 été
833 2627 42 21 en
903 2613 25 35 V
955 2627 44 21 ou
1027 2627 41 21 en
1099 2613 40 36 U.
1167 2614 92 35 Dans
1284 2627 42 22 ce
1354 2627 60 22 cas
1441 2612 48 36 les
1515 2627 57 21 car-

180 2695 106 22 reaux
312 2683 220 44 composant
559 2678 29 36 le
614 2680 153 43 vitrage,
796 2681 110 44 ayant
930 2681 81 32 tous
1038 2676 28 37 la
1096 2678 116 35 même
1241 2682 121 43 pente,
1391 2676 29 37 le
1447 2679 141 44 vitrage

181 2747 114 33 entier
321 2746 116 34 aurait
463 2742 47 37 dû
538 2743 78 35 être
642 2746 150 31 soutenu
822 2756 63 32 par
911 2740 65 37 des
1003 2740 163 37 consoles
1193 2740 184 37 solidaires
1404 2741 47 36 de
1479 2740 83 37 l'arc
1582 2756 6 26 ;

178 2807 138 37 celui-ci
336 2809 116 34 aurait
470 2808 61 34 été
551 2804 208 37 autostable
779 2810 37 30 et
835 2803 146 37 articulé
1000 2820 65 21 aux
1084 2805 103 47 pieds
1206 2805 198 36 seulement
1423 2805 77 48 (fig.
1520 2805 68 48 26).

179 2873 117 36 Cette
324 2871 151 37 solution
505 2872 116 34 aurait
648 2869 120 36 donné
797 2883 42 21 au
870 2873 206 32 monument
1105 2884 66 22 une
1199 2869 106 37 allure
1335 2869 73 49 plus
1437 2871 133 34 inatten-

180 2935 83 42 due,
294 2937 99 35 voire
426 2935 117 35 même
575 2932 158 49 quelque
767 2947 68 33 peu
870 2932 132 36 bizarre
1035 2948 63 21 aux
1129 2948 86 33 yeux
1246 2936 186 34 routiniers
1451 2947 7 22 :
1492 2935 95 39 mais,

181 3001 108 46 après
307 3003 92 37 tout,
422 3014 41 20 un
486 2997 111 49 palais
616 2997 241 47 d'exposition
877 2996 142 37 devrait
1041 2997 137 48 pécher
1197 2998 117 47 plutôt
1336 3013 63 33 par
1420 3000 103 34 excès
1543 2998 47 35 de

183 3064 242 37 modernisme
454 3062 89 36 dans
571 3076 55 21 ses
656 3061 192 36 méthodes
875 3061 47 36 de
952 3061 109 36 calcul
1092 3066 37 32 et
1157 3062 240 42 d'exécution,
1427 3076 71 33 que
1529 3076 62 33 par

182 3130 104 35 excès
312 3128 47 36 de
385 3125 219 38 formalisme
631 3127 19 34 à
678 3124 28 36 la
735 3125 121 36 mode.

185 3252 59 36 On
274 3252 160 47 pourrait
462 3249 168 48 objecter
657 3263 71 32 que
755 3253 82 31 tout
863 3263 42 21 ce
933 3251 57 44 qui
1023 3250 160 46 précède
1213 3251 89 35 n'est
1329 3251 131 46 qu'une
1489 3264 83 30 argu-

186 3317 200 34 mentation
412 3313 220 47 scolastique
658 3313 88 35 dans
773 3311 29 37 le
827 3327 112 31 genre
964 3313 47 35 de
1036 3312 105 37 celles
1166 3314 90 35 dont
1281 3328 36 21 se
1343 3317 143 32 servent
1510 3327 63 21 cou-

185 3382 177 32 remment
385 3377 47 37 les
456 3378 272 46 représentants
752 3375 47 36 de
823 3374 125 38 l'école
1277 3377 76 36 dite

187 3503 33 34 A
244 3515 43 21 ce
312 3502 90 46 sujet
428 3515 85 20 nous
538 3499 138 36 devons
701 3500 114 34 ouvrir
841 3500 39 33 ici
908 3513 65 21 une
1000 3500 217 46 parenthèse
1246 3501 183 47 peut-être
1456 3515 40 20 un
1526 3514 68 32 peu

186 3564 132 46 longue
346 3568 37 31 et
408 3563 91 35 dont
525 3577 43 21 on
595 3562 136 36 voudra
761 3561 80 36 bien
870 3576 85 22 nous
981 3577 144 22 excuser
1144 3578 7 22 :
1180 3565 85 35 mais
1291 3562 176 49 quelques
1494 3562 85 36 réfle-

187 3629 95 33 xions
306 3641 43 21 au
373 3628 92 45 sujet
488 3625 47 36 de
870 3640 42 21 ne
939 3632 157 41 peuvent
1120 3628 213 47 qu'éclairer
1357 3627 30 35 le
1412 3629 91 46 sujet
1526 3641 69 32 que

190 3705 85 22 nous
298 3692 153 33 traitons
474 3703 42 21 en
545 3687 184 49 principal.

190 3755 61 34 Les
275 3755 122 46 jeunes
421 3756 37 32 et
482 3751 148 36 ardents
654 3751 232 37 esthéticiens
910 3752 47 36 de
981 3758 101 31 cette
1105 3753 103 36 école
1234 3753 73 47 (car
1331 3767 43 21 on
1401 3756 54 32 est
1479 3751 98 37 esthé-

186 3819 108 33 ticien
318 3817 117 35 même
456 3815 121 47 quand
600 3830 43 20 on
665 3814 112 36 édifie
800 3830 65 21 une
886 3815 139 37 théorie
1047 3817 242 46 aesthétique,
1312 3830 143 22 comme
1477 3831 42 20 on
1542 3820 54 31 est

190 3880 180 36 moraliste
399 3878 122 49 quand
552 3893 43 20 on
628 3878 132 48 prêche
792 3878 259 49 l'amoralisme)
1081 3880 247 36 condamnent
1357 3883 80 32 tout
1467 3893 41 22 ce
1538 3880 57 46 qui

1653 353 87 42 peut
1761 348 76 36 être
1860 348 189 37 considéré
2071 362 142 23 comme
2234 348 181 49 subjectif,
2437 365 43 21 au
2502 349 81 37 delà
2604 351 108 36 d'une
2735 353 176 35 nécessité
2933 354 121 34 stricte

1652 417 37 31 et
1709 412 149 36 définie.
1882 411 34 37 Ils
1938 417 62 31 ont
2022 413 116 35 même
2160 411 95 37 exclu
2277 413 47 36 de
2347 413 71 36 leur
2436 412 231 38 vocabulaire
2690 414 47 37 les
2759 420 91 31 mots
2870 414 65 38 tels
2957 430 70 33 que
3047 430 8 21 :

1651 481 65 37 art,
1742 476 104 42 beau,
1870 478 241 46 composition
2130 505 81 7 ....

1653 540 73 36 Cet
1754 555 123 21 amour
1904 540 151 36 excessif
2080 540 48 36 de
2156 539 28 37 la
2213 540 195 48 technique
2437 545 54 32 est
2519 540 80 38 bien
2629 544 226 46 romantique
2884 558 42 21 au
2953 543 100 42 fond,

1654 606 85 34 mais
1768 603 15 36 il
1811 609 54 31 est
1894 606 41 33 né
1964 604 106 35 d'une
2100 603 159 46 légitime
2288 603 136 38 révolte
2452 609 126 32 contre
2606 605 47 37 les
2681 606 219 42 académies,
2930 612 125 32 contre

1653 668 47 35 les
1719 667 230 48 fabriquants
1969 668 47 35 de
2036 667 218 48 faux-styles.
2277 669 41 35 La
2340 668 103 37 thèse
2464 674 55 31 est
2541 668 110 38 basée
2672 685 54 21 sur
2747 685 66 22 une
2834 686 118 21 erreur
2975 671 80 37 bien

1653 731 184 37 évidente.
1865 731 16 36 Il
1909 733 144 35 n'existe
2081 747 62 32 pas
2168 747 42 21 en
2237 732 95 37 effet
2357 748 41 21 un
2425 733 103 49 objet
2552 736 83 33 créé
2663 749 63 33 par
2751 733 192 38 l'industrie
2968 735 89 36 dans

1652 794 115 48 lequel
1785 799 80 32 tout
1885 810 42 21 ne
1947 797 68 34 soit
2033 795 203 37 déterminé
2258 811 63 33 par
2339 797 65 36 des
2424 797 203 37 conditions
2647 801 225 33 strictement
2890 799 165 36 définies.

1653 859 132 36 Certes
1810 860 89 35 dans
1924 874 66 21 une
2017 859 162 37 machine
2206 875 42 21 ou
2277 875 40 21 un
2344 860 162 48 appareil
2533 860 257 49 quelconques,
2815 867 81 32 tout
2921 863 134 37 semble

1654 922 204 43 inévitable,
1885 926 84 33 mais
1994 922 16 37 il
2035 924 77 35 n'en
2137 929 54 31 est
2216 939 63 33 pas
2300 929 81 32 tout
2403 926 19 35 à
2446 924 68 37 fait
2537 928 97 34 ainsi.
2660 925 17 37 Il
2701 926 100 36 suffit
2824 942 41 20 en
2891 926 96 37 effet
3008 928 47 35 de

1653 987 210 36 confronter
1887 987 92 36 deux
2005 987 180 37 machines
2210 988 91 36 dont
2327 987 90 38 l'une
2443 1004 86 21 nous
2555 989 166 37 semblait
2747 990 72 37 hier
2845 1005 132 22 encore
3003 1006 36 21 ex-

1653 1049 232 37 clusivement
1907 1051 258 37 fonctionnelle
2189 1056 38 32 et
2249 1051 124 37 l'autre
2397 1056 196 33 construite
2617 1055 231 47 aujourd'hui,
2876 1070 88 32 pour
2986 1070 71 33 que

1655 1115 27 36 la
1721 1116 176 47 première
1933 1130 42 22 ne
2011 1131 85 21 nous
2131 1116 136 36 semble
2304 1131 63 33 pas
2401 1116 198 38 seulement
2634 1121 110 33 moins
2781 1119 156 47 parfaite
2973 1122 84 34 mais

1653 1183 137 32 surtout
1820 1179 198 37 démodée.

1656 1246 37 35 Et
1728 1247 149 46 puisque
1912 1259 86 21 nous
2033 1258 154 22 sommes
2223 1247 367 45 rétrospectivement
2624 1245 198 37 seulement
2857 1249 202 35 conscients

1655 1310 107 35 d'une
1793 1308 109 37 mode
1931 1309 51 47 (et
2013 1309 135 47 parfois
2178 1323 63 33 par
2270 1310 249 46 anticipation,
2551 1324 141 21 comme
2722 1309 76 37 cela
2829 1312 111 35 arrive
2970 1311 89 37 dans

1655 1373 28 36 la
1719 1372 108 36 mode
1859 1372 171 36 féminine
2065 1387 64 32 par
2160 1371 175 49 exemple)
2369 1371 16 37 il
2419 1378 54 30 est
2506 1372 159 47 légitime
2698 1388 70 34 que
2801 1379 80 32 tout
2916 1376 144 47 produit

1656 1435 180 37 industriel
1862 1435 157 49 possède
2044 1450 41 22 un
2110 1435 88 48 style
2222 1436 150 36 modifié
2399 1451 63 33 par
2486 1451 66 21 une
2574 1436 213 38 fluctuation
2812 1438 47 36 de
2883 1438 29 37 la
2939 1440 118 41 mode,

1721 1504 81 32 tout
1825 1514 142 22 comme
1991 1499 76 37 cela
2093 1514 37 22 se
2156 1514 104 33 passe
2286 1514 88 33 pour
2398 1499 48 37 les
2471 1515 143 22 œuvres
2638 1501 106 37 d'art.

1657 1564 92 36 Mais
1773 1578 42 21 ce
1841 1564 90 36 n'est
1957 1578 63 33 pas
2043 1568 81 31 tout
2143 1564 7 35 !
2178 1564 225 36 L'ornement
2427 1566 57 45 qui
2511 1569 64 37 est,
2601 1580 136 21 somme
2761 1571 115 37 toute,
2902 1566 158 49 quelque

1655 1627 109 37 chose
1784 1627 48 37 de
1853 1629 181 47 surajouté
2056 1632 38 32 et
2114 1627 266 42 d'hétéroclite,
2404 1627 170 49 échappe
2599 1643 154 34 presque
2776 1631 18 34 à
2819 1634 102 33 notre
2944 1636 97 32 atten-

1655 1694 74 33 tion
1762 1692 122 47 quand
1917 1706 87 22 nous
2036 1691 239 48 l'appliquons
2306 1692 107 36 d'une
2446 1693 156 35 manière
2634 1698 191 32 constante
2857 1697 58 45 qui
2947 1694 114 37 exclut

1654 1759 104 32 toute
1782 1754 203 43 hésitation,
2011 1770 63 33 par
2095 1757 228 46 conséquent
2342 1760 105 32 toute
2470 1757 227 35 conscience.

1635 1825 60 35 Les
1725 1824 219 36 architectes
1974 1826 57 45 qui
2065 1826 195 34 maniaient
2290 1824 47 36 les
2366 1827 86 34 trois
2685 1825 30 49 (il
2746 1841 42 21 en
2820 1832 54 31 est
2903 1831 57 44 qui
2991 1827 47 37 les

1658 1890 157 33 manient
1839 1902 134 21 encore
1992 1888 21 47 !)
2038 1893 38 31 et
2100 1888 76 36 cela
2203 1902 91 22 avec
2319 1903 66 22 une
2412 1888 159 37 habileté
2598 1888 180 43 naturelle,
2806 1905 42 21 ne
2874 1893 188 46 croyaient

1657 1951 191 36 nullement
1874 1966 103 21 orner
2002 1951 88 37 leurs
2116 1951 165 37 édifices.
2309 1951 35 37 Ils
2717 1958 81 31 tout
2824 1954 237 48 simplement.

1659 2018 36 35 Et
1724 2031 88 34 pour
1839 2016 234 37 débarrasser
2102 2015 264 37 l'architecture
2394 2016 47 36 de
2470 2031 42 21 ce
2539 2016 219 37 formalisme
2786 2018 276 38 conventionnel

1656 2081 16 35 il
1695 2095 42 22 ne
1759 2080 155 37 suffisait
1936 2095 63 33 pas
2020 2080 118 36 d'être
2162 2079 69 37 bon
2254 2084 258 37 constructeur,
2536 2079 16 37 il
2573 2079 114 37 fallait
2709 2095 42 22 ne
2775 2084 100 45 point
2896 2085 98 34 avoir
3013 2084 47 36 de

1656 2147 199 33 mauvaises
1884 2143 205 37 habitudes.
2119 2144 40 35 En
2188 2142 105 43 effet,
2323 2142 28 37 la
2381 2142 197 38 révolution
2607 2143 277 39 architecturale
2912 2147 53 36 n'a
2998 2163 62 31 pas

1656 2210 61 34 été
1749 2207 225 38 déclanchée
2009 2222 63 33 par
2103 2206 47 38 les
2182 2212 265 32 constructeurs
2479 2208 56 48 (on
2568 2209 166 48 apprend
2768 2224 61 21 son

1657 2276 89 33 aussi
1776 2273 79 36 bien
1882 2275 18 34 à
1929 2272 125 37 l'école
2084 2272 269 49 politechnique
2379 2274 83 46 qu'à
2490 2272 125 37 l'école
2641 2273 66 36 des
2734 2274 215 48 beaux-arts)
2977 2276 85 34 mais

1658 2352 63 33 par
1744 2337 47 36 les
1851 2336 192 37 dillettanti

1656 2407 93 36 Trois
1785 2406 132 46 grands
1954 2406 317 37 révolutionnaires
2307 2406 46 37 de
2389 2406 264 37 l'architecture
2688 2406 259 49 d'aujourd'hui
2982 2412 80 31 sont

1656 2485 110 22 venus
1796 2473 19 34 à
1848 2470 265 37 l'architecture
2145 2486 78 21 sans
2254 2473 98 34 avoir
2385 2472 104 46 passé
2522 2485 63 33 par
2616 2469 48 38 les
2694 2470 121 37 écoles
2846 2469 188 38 officielles
3053 2485 7 21 :

1657 2549 42 21 ce
1722 2539 80 31 sont
1822 2534 116 37 Adolf
1960 2536 98 41 Loos,
2082 2536 72 35 Van
2177 2535 47 36 de
2246 2534 111 37 Velde
2380 2539 38 32 et
2441 2535 43 36 Le
2507 2534 210 37 Corbusier.

1660 2607 91 35 Mais
1770 2610 122 31 toutes
1914 2605 48 36 les
1984 2619 144 21 ceuvers
2149 2603 214 49 techniques
2385 2619 42 21 ne
2449 2619 37 21 se
2509 2602 142 38 laissent
2675 2619 63 33 pas
2760 2619 103 21 orner
2884 2603 89 37 dans
2995 2618 67 22 une

1658 2669 107 47 égale
1796 2683 150 23 mesure.
1978 2669 42 36 La
2053 2667 103 49 place
2187 2667 125 37 laissée
2342 2669 18 35 à
2392 2666 211 38 l'arbitraire
2633 2668 90 36 n'est
2753 2682 62 33 pas
2843 2669 159 47 toujours
3032 2667 27 36 la

1660 2735 129 35 même.
1818 2735 92 34 Dans
1936 2733 30 35 le
1994 2747 106 33 corps
2127 2733 106 35 d'une
2262 2733 115 35 même
2407 2731 162 37 machine
2597 2730 16 36 il
2641 2746 19 33 y
2686 2746 18 21 a
2732 2731 65 36 des
2825 2732 122 47 pièces
2972 2731 90 36 dont

1658 2798 29 35 le
1709 2797 114 48 poids,
1842 2796 28 37 la
1892 2798 241 45 composition
2153 2796 46 36 du
2220 2794 106 37 métal
2346 2800 38 31 et
2403 2794 28 37 la
2450 2795 128 41 forme,
2599 2799 63 32 ont
2680 2794 46 37 du
2747 2796 77 35 être
2843 2795 219 36 déterminés

1659 2875 91 22 avec
1771 2875 66 22 une
1860 2862 141 44 rigueur
2022 2862 57 44 qui
2103 2859 146 36 interdit
2273 2873 154 33 presque
2449 2863 104 31 toute
2575 2858 167 36 fantaisie
2762 2873 7 27 ;
2794 2873 89 33 pour
2904 2858 158 36 d'autres

1660 2925 123 46 pièces
1802 2928 101 32 cette
1923 2925 140 44 rigueur
2083 2928 54 31 est
2157 2925 110 34 moins
2287 2921 183 42 exclusive,
2493 2924 85 34 mais
2597 2937 138 21 aucune
2755 2922 47 36 de
2824 2921 87 37 leurs
2929 2922 134 36 formes

1660 2989 90 35 n'est
1775 2987 219 37 totalement
2020 2986 266 36 déterminable
2313 3001 142 21 comme
2480 3000 138 22 aucune
2646 3000 42 22 ne
2718 2991 86 42 peut
2829 2987 78 35 être
2933 2985 112 37 totale-

1662 3057 97 31 ment
1785 3052 246 35 abandonnée
2059 3066 43 21 au
2131 3050 141 37 hasard.
2300 3050 104 36 C'est
2431 3049 28 37 la
2490 3052 83 33 mise
2601 3064 42 21 en
2674 3048 103 49 place
2804 3050 65 35 des
2895 3064 166 31 organes,

1660 3115 71 36 leur
1753 3114 234 37 ordonnance
2010 3116 57 45 qui
2091 3114 126 36 admet
2239 3113 28 36 le
2293 3113 73 48 plus
2387 3113 47 36 de
2460 3112 214 49 possibilités
2696 3112 257 48 équivalentes,
2979 3116 84 33 mais

1660 3179 212 47 cependant
1895 3178 229 36 différentes.

1664 3251 40 34 En
1733 3249 156 36 hésitant
1916 3252 37 31 et
1980 3262 42 21 en
2051 3247 209 36 choisissant
2287 3245 29 37 là
2345 3248 43 34 où
2417 3250 102 32 notre
2546 3247 114 34 raison
2689 3260 36 21 se
2754 3250 138 31 montre
2921 3245 125 36 indiffé-

1662 3317 112 37 rente,
1806 3327 85 21 nous
1919 3311 164 35 donnons
2114 3309 73 49 plus
2217 3325 43 21 ou
2291 3312 110 33 moins
2429 3308 217 47 d'élégance
2676 3311 18 33 à
2725 3308 195 46 l'ouvrage.
2949 3308 114 36 Cette

1662 3375 178 46 élégance
1874 3375 90 35 n'est
1998 3389 63 33 pas
2093 3374 173 36 attachée
2299 3374 18 34 à
2352 3372 47 36 tel
2433 3388 43 20 ou
2509 3371 47 37 tel
2591 3371 109 37 détail
2737 3371 326 48 particulièrement

1662 3440 137 45 soigné,
1829 3440 85 35 mais
1939 3453 36 21 se
2002 3438 151 45 dégage
2180 3436 257 48 (mystérieuse)
2464 3435 47 36 de
2538 3435 217 41 l'ensemble,
2782 3437 71 34 rien
2881 3436 54 46 n'y
2962 3436 101 35 étant

1662 3502 100 36 laissé
1783 3517 42 21 au
1848 3501 127 36 hasard
1997 3516 7 21 :
2182 3501 191 34 hésitation
2396 3498 144 48 appelle
2561 3497 146 37 l'artiste
2730 3500 84 34 mais
2836 3513 42 21 ne
2899 3497 164 37 l'obtient

1665 3581 63 32 pas
1976 3565 53 35 dit
2055 3563 156 48 quelque
2239 3567 80 43 part
2347 3562 77 36 Paul
2451 3562 135 47 Valéry,
2617 3563 84 34 mais
2727 3560 64 37 elle
2818 3561 143 36 obtient
2986 3566 58 31 tou-

1663 3631 91 45 jours
1783 3628 164 36 l'homme
1968 3642 7 27 ;
2004 3629 124 34 artiste
2157 3628 157 34 mauvais
2341 3641 43 20 ou
2413 3628 124 33 artiste
2565 3629 108 32 avant
2700 3624 28 36 la
2758 3623 104 37 lettre
2888 3624 81 47 qu'il
2998 3629 63 36 est,

1665 3690 15 36 il
1703 3696 83 36 met,
1808 3706 90 21 avec
1921 3690 73 49 plus
2016 3705 43 20 ou
2083 3692 110 33 moins
2213 3689 47 36 de
2283 3691 225 38 conscience,
2531 3703 60 20 son
2614 3687 131 36 cachet
2766 3702 54 21 sur
2840 3692 81 31 tout
2942 3702 42 21 ce
3005 3690 57 44 qui

1663 3758 73 31 sort
1757 3754 47 35 de
1828 3769 55 21 ses
1906 3756 121 33 mains.
2050 3753 103 35 C'est
2177 3767 88 32 pour
2288 3751 75 36 cela
2389 3766 70 33 que
2481 3755 104 31 toute
2611 3750 213 48 production
2851 3749 212 37 industrielle

1663 3819 199 44 témoigne,
1895 3831 154 33 presque
2078 3820 81 31 tout
2188 3819 127 31 autant
2342 3830 71 32 que
2443 3814 86 42 l'art,
2559 3813 82 36 d'un
2671 3815 279 46 tempérament,
2980 3812 82 36 d'un

1663 3882 100 43 goût,
1785 3880 82 36 d'un
1891 3894 96 33 pays,
2010 3879 106 35 d'une
2138 3880 160 45 époque.
