<?xml version="1.0" encoding="UTF-8"?>
<alto xmlns:xsi="http://www.w3.org/2001/XMLSchema-instance" xmlns="http://www.loc.gov/standards/alto/ns-v2#" xsi:schemaLocation="http://www.loc.gov/standards/alto/ns-v2# http://www.loc.gov/standards/alto/alto-v2.0.xsd" xmlns:xlink="http://www.w3.org/1999/xlink">
	<Description>
		<MeasurementUnit>mm10</MeasurementUnit>
		<sourceImageInformation>
			<fileName>//fileserver7/IN2/Princeton/Batch3/bmtnaac/1921/01_01/00000013.tif</fileName>
		</sourceImageInformation>
		<OCRProcessing ID="OCRPROCESSING_1">
			<preProcessingStep>
				<processingSoftware>
					<softwareCreator>CCS Content Conversion Specialists GmbH, Germany</softwareCreator>
					<softwareName>CCS docWORKS</softwareName>
					<softwareVersion>6.6-1.18</softwareVersion>
				</processingSoftware>
			</preProcessingStep>
			<ocrProcessingStep>
				<processingSoftware>
					<softwareCreator>ABBYY (BIT Software), Russia</softwareCreator>
					<softwareName>FineReader</softwareName>
					<softwareVersion>10.0</softwareVersion>
				</processingSoftware>
			</ocrProcessingStep>
		</OCRProcessing>
		<OCRProcessing ID="OCRPROCESSING_2">
			<preProcessingStep>
				<processingSoftware>
					<softwareCreator>CCS Content Conversion Specialists GmbH, Germany</softwareCreator>
					<softwareName>CCS docWORKS</softwareName>
					<softwareVersion>6.6-1.18</softwareVersion>
				</processingSoftware>
			</preProcessingStep>
			<ocrProcessingStep>
				<processingSoftware>
					<softwareCreator>ABBYY (BIT Software), Russia</softwareCreator>
					<softwareName>NA</softwareName>
				</processingSoftware>
			</ocrProcessingStep>
		</OCRProcessing>
	</Description>
	<Styles>
		<TextStyle ID="TXT_0" FONTSIZE="32" FONTFAMILY="Times New Roman"/>
		<TextStyle ID="TXT_1" FONTSIZE="13" FONTFAMILY="Times New Roman"/>
		<TextStyle ID="TXT_2" FONTSIZE="11" FONTFAMILY="Times New Roman"/>
		<TextStyle ID="TXT_3" FONTSIZE="40" FONTFAMILY="Arial" FONTSTYLE="bold"/>
		<TextStyle ID="TXT_4" FONTSIZE="39" FONTFAMILY="Arial" FONTSTYLE="bold"/>
		<TextStyle ID="TXT_5" FONTSIZE="23" FONTFAMILY="Arial"/>
		<TextStyle ID="TXT_6" FONTSIZE="24" FONTFAMILY="Serifa-Black" FONTSTYLE="bold"/>
		<TextStyle ID="TXT_7" FONTSIZE="12" FONTFAMILY="Times New Roman"/>
		<TextStyle ID="TXT_8" FONTSIZE="31" FONTFAMILY="Arial"/>
		<TextStyle ID="TXT_9" FONTSIZE="11" FONTFAMILY="Times New Roman" FONTSTYLE="bold"/>
		<TextStyle ID="TXT_10" FONTSIZE="10" FONTFAMILY="Times New Roman"/>
		<ParagraphStyle ID="PAR_CENTER" ALIGN="Center"/>
		<ParagraphStyle ID="PAR_LEFT" ALIGN="Left"/>
		<ParagraphStyle ID="PAR_RIGHT" ALIGN="Right"/>
	</Styles>
	<Layout>
		<Page ID="P13" PHYSICAL_IMG_NR="13" HEIGHT="3881" WIDTH="2557" PRINTED_IMG_NR="63" PC="0.903">
			<TopMargin ID="P13_TM00001" HPOS="0" VPOS="0" WIDTH="2557" HEIGHT="212"/>
			<LeftMargin ID="P13_LM00001" HPOS="0" VPOS="212" WIDTH="140" HEIGHT="3430"/>
			<RightMargin ID="P13_RM00001" HPOS="2436" VPOS="212" WIDTH="121" HEIGHT="3430"/>
			<BottomMargin ID="P13_BM00001" HPOS="0" VPOS="3642" WIDTH="2557" HEIGHT="239">
				<TextBlock ID="P13_TB00001" HPOS="1259" VPOS="3644" WIDTH="69" HEIGHT="70" STYLEREFS="TXT_0 PAR_CENTER">
					<TextLine ID="P13_TL00001" HPOS="1259" VPOS="3644" WIDTH="69" HEIGHT="70">
						<String ID="P13_ST00001" HPOS="1259" VPOS="3644" WIDTH="69" HEIGHT="70" CONTENT="63" WC="1.00" CC="00"/>
					</TextLine>
				</TextBlock>
				<TextBlock ID="P13_TB00002" HPOS="255" VPOS="3663" WIDTH="246" HEIGHT="47" STYLEREFS="TXT_1 PAR_LEFT">
					<TextLine ID="P13_TL00002" HPOS="255" VPOS="3665" WIDTH="246" HEIGHT="45">
						<String ID="P13_ST00002" HPOS="255" VPOS="3674" WIDTH="76" HEIGHT="36" CONTENT="LA" WC="0.29" CC="94"/>
						<SP ID="P13_SP00001" HPOS="331" VPOS="3710" WIDTH="49"/>
						<String ID="P13_ST00003" HPOS="380" VPOS="3665" WIDTH="121" HEIGHT="45" CONTENT="CITÉ" WC="0.98" CC="0351"/>
					</TextLine>
				</TextBlock>
				<TextBlock ID="P13_TB00003" HPOS="1974" VPOS="3674" WIDTH="339" HEIGHT="46" STYLEREFS="TXT_2 PAR_RIGHT">
					<TextLine ID="P13_TL00003" HPOS="1975" VPOS="3676" WIDTH="338" HEIGHT="44">
						<String ID="P13_ST00004" HPOS="1975" VPOS="3676" WIDTH="223" HEIGHT="44" CONTENT="JANVIER" WC="0.98" CC="7245405"/>
						<SP ID="P13_SP00002" HPOS="2198" VPOS="3720" WIDTH="33"/>
						<String ID="P13_ST00005" HPOS="2231" VPOS="3678" WIDTH="82" HEIGHT="37" CONTENT="1921" WC="0.40" CC="2757"/>
					</TextLine>
				</TextBlock>
			</BottomMargin>
			<PrintSpace ID="P13_PS00001" HPOS="140" VPOS="212" WIDTH="2296" HEIGHT="3430">
				<TextBlock ID="P13_TB00004" HPOS="311" VPOS="408" WIDTH="1961" HEIGHT="111" STYLEREFS="TXT_3 PAR_CENTER">
					<TextLine ID="P13_TL00004" HPOS="311" VPOS="408" WIDTH="1960" HEIGHT="109">
						<String ID="P13_ST00006" HPOS="311" VPOS="408" WIDTH="1028" HEIGHT="109" CONTENT="L'URBANISME" WC="0.98" CC="13177043600"/>
						<SP ID="P13_SP00003" HPOS="1339" VPOS="517" WIDTH="74"/>
						<String ID="P13_ST00007" HPOS="1413" VPOS="433" WIDTH="157" HEIGHT="81" CONTENT="EN" WC="0.98" CC="00" STYLEREFS="TXT_4"/>
						<SP ID="P13_SP00004" HPOS="1570" VPOS="517" WIDTH="81"/>
						<String ID="P13_ST00008" HPOS="1651" VPOS="408" WIDTH="620" HEIGHT="106" CONTENT="FRANCE" WC="1.00" CC="000000"/>
					</TextLine>
				</TextBlock>
				<TextBlock ID="P13_TB00005" HPOS="573" VPOS="542" WIDTH="1437" HEIGHT="83" STYLEREFS="TXT_5 PAR_CENTER">
					<TextLine ID="P13_TL00005" HPOS="574" VPOS="552" WIDTH="1433" HEIGHT="71">
						<String ID="P13_ST00009" HPOS="574" VPOS="560" WIDTH="117" HEIGHT="61" CONTENT="DU" WC="1.00" CC="00"/>
						<SP ID="P13_SP00005" HPOS="691" VPOS="621" WIDTH="59"/>
						<String ID="P13_ST00010" HPOS="750" VPOS="557" WIDTH="170" HEIGHT="64" CONTENT="XVII" WC="0.82" CC="0070"/>
						<String ID="P13_ST00011" HPOS="935" VPOS="560" WIDTH="23" HEIGHT="25" CONTENT="e" STYLE="superscript" WC="0.55" CC="4"/>
						<SP ID="P13_SP00006" HPOS="958" VPOS="621" WIDTH="41"/>
						<String ID="P13_ST00012" HPOS="999" VPOS="552" WIDTH="317" HEIGHT="71" CONTENT="SIÈCLE" WC="0.98" CC="147016"/>
						<SP ID="P13_SP00007" HPOS="1316" VPOS="623" WIDTH="53"/>
						<String ID="P13_ST00013" HPOS="1369" VPOS="562" WIDTH="54" HEIGHT="59" CONTENT="A" WC="0.48" CC="5"/>
						<SP ID="P13_SP00008" HPOS="1423" VPOS="623" WIDTH="58"/>
						<String ID="P13_ST00014" HPOS="1481" VPOS="557" WIDTH="178" HEIGHT="66" CONTENT="NOS" WC="0.95" CC="535"/>
						<SP ID="P13_SP00009" HPOS="1659" VPOS="623" WIDTH="51"/>
						<String ID="P13_ST00015" HPOS="1710" VPOS="560" WIDTH="297" HEIGHT="63" CONTENT="JOURS" WC="0.98" CC="50065"/>
					</TextLine>
				</TextBlock>
				<TextBlock ID="P13_TB00006" HPOS="2010" VPOS="552" WIDTH="31" HEIGHT="31" STYLEREFS="TXT_6 PAR_RIGHT">
					<TextLine ID="P13_TL00006" HPOS="2010" VPOS="552" WIDTH="31" HEIGHT="31">
						<String ID="P13_ST00016" HPOS="2010" VPOS="552" WIDTH="31" HEIGHT="31" CONTENT="*" WC="0.98" CC="0" STYLEREFS="TXT_7"/>
					</TextLine>
				</TextBlock>
				<TextBlock ID="P13_TB00007" HPOS="584" VPOS="768" WIDTH="1416" HEIGHT="98" STYLEREFS="TXT_8 PAR_CENTER">
					<TextLine ID="P13_TL00007" HPOS="585" VPOS="768" WIDTH="1414" HEIGHT="98">
						<String ID="P13_ST00017" HPOS="585" VPOS="768" WIDTH="798" HEIGHT="98" CONTENT="RÉSUMÉ" WC="0.98" CC="772500"/>
						<SP ID="P13_SP00010" HPOS="1383" VPOS="866" WIDTH="0"/>
						<String ID="P13_ST00018" HPOS="1383" VPOS="782" WIDTH="616" HEIGHT="84" CONTENT="HISTORIQUE" WC="1.00" CC="0000000000"/>
					</TextLine>
				</TextBlock>
				<TextBlock ID="P13_TB00008" HPOS="301" VPOS="949" WIDTH="1971" HEIGHT="2271" STYLEREFS="TXT_1 PAR_LEFT">
					<TextLine ID="P13_TL00008" HPOS="433" VPOS="950" WIDTH="1835" HEIGHT="50">
						<String ID="P13_ST00019" HPOS="433" VPOS="954" WIDTH="59" HEIGHT="40" CONTENT="Le" WC="0.70" CC="05"/>
						<SP ID="P13_SP00011" HPOS="492" VPOS="994" WIDTH="28"/>
						<String ID="P13_ST00020" HPOS="520" VPOS="953" WIDTH="125" HEIGHT="40" CONTENT="XVII" WC="0.36" CC="2778"/>
						<SP ID="P13_SP00012" HPOS="645" VPOS="994" WIDTH="49"/>
						<String ID="P13_ST00021" HPOS="694" VPOS="952" WIDTH="144" HEIGHT="40" CONTENT="siècle." WC="0.97" CC="2984724"/>
						<SP ID="P13_SP00013" HPOS="838" VPOS="994" WIDTH="123"/>
						<String ID="P13_ST00022" HPOS="961" VPOS="951" WIDTH="60" HEIGHT="41" CONTENT="Le" WC="0.71" CC="50"/>
						<SP ID="P13_SP00014" HPOS="1021" VPOS="994" WIDTH="28"/>
						<String ID="P13_ST00023" HPOS="1049" VPOS="950" WIDTH="125" HEIGHT="42" CONTENT="XVII" WC="0.68" CC="0057"/>
						<String ID="P13_ST00024" HPOS="1180" VPOS="958" WIDTH="14" HEIGHT="16" CONTENT="e" STYLE="superscript" WC="0.55" CC="4"/>
						<SP ID="P13_SP00015" HPOS="1194" VPOS="994" WIDTH="30"/>
						<String ID="P13_ST00025" HPOS="1224" VPOS="951" WIDTH="141" HEIGHT="45" CONTENT="siècle," WC="0.99" CC="0070603"/>
						<SP ID="P13_SP00016" HPOS="1365" VPOS="996" WIDTH="33"/>
						<String ID="P13_ST00026" HPOS="1398" VPOS="950" WIDTH="151" HEIGHT="50" CONTENT="quand" WC="0.96" CC="26547"/>
						<SP ID="P13_SP00017" HPOS="1549" VPOS="1000" WIDTH="29"/>
						<String ID="P13_ST00027" HPOS="1578" VPOS="950" WIDTH="27" HEIGHT="41" CONTENT="il" WC="0.55" CC="26"/>
						<SP ID="P13_SP00018" HPOS="1605" VPOS="1000" WIDTH="30"/>
						<String ID="P13_ST00028" HPOS="1635" VPOS="950" WIDTH="104" HEIGHT="42" CONTENT="s'est" WC="0.99" CC="04000"/>
						<SP ID="P13_SP00019" HPOS="1739" VPOS="1000" WIDTH="28"/>
						<String ID="P13_ST00029" HPOS="1767" VPOS="950" WIDTH="209" HEIGHT="50" CONTENT="appliqué" WC="0.98" CC="75421536"/>
						<SP ID="P13_SP00020" HPOS="1976" VPOS="1000" WIDTH="30"/>
						<String ID="P13_ST00030" HPOS="2006" VPOS="954" WIDTH="26" HEIGHT="38" CONTENT="à" WC="0.31" CC="6"/>
						<SP ID="P13_SP00021" HPOS="2032" VPOS="1000" WIDTH="29"/>
						<String ID="P13_ST00031" HPOS="2061" VPOS="951" WIDTH="99" HEIGHT="41" CONTENT="l'art" WC="0.98" CC="64040"/>
						<SP ID="P13_SP00022" HPOS="2160" VPOS="1000" WIDTH="29"/>
						<String ID="P13_ST00032" HPOS="2189" VPOS="952" WIDTH="79" HEIGHT="40" CONTENT="des" WC="0.97" CC="700"/>
					</TextLine>
					<TextLine ID="P13_TL00009" HPOS="301" VPOS="1021" WIDTH="1967" HEIGHT="52">
						<String ID="P13_ST00033" HPOS="301" VPOS="1026" WIDTH="137" HEIGHT="45" CONTENT="villes," WC="0.99" CC="0807003"/>
						<SP ID="P13_SP00023" HPOS="438" VPOS="1071" WIDTH="40"/>
						<String ID="P13_ST00034" HPOS="478" VPOS="1042" WIDTH="25" HEIGHT="23" CONTENT="a" WC="0.18" CC="8"/>
						<SP ID="P13_SP00024" HPOS="503" VPOS="1071" WIDTH="38"/>
						<String ID="P13_ST00035" HPOS="541" VPOS="1027" WIDTH="69" HEIGHT="38" CONTENT="été" WC="0.94" CC="717"/>
						<SP ID="P13_SP00025" HPOS="610" VPOS="1071" WIDTH="39"/>
						<String ID="P13_ST00036" HPOS="649" VPOS="1024" WIDTH="136" HEIGHT="49" CONTENT="dirigé" WC="0.98" CC="034166"/>
						<SP ID="P13_SP00026" HPOS="785" VPOS="1073" WIDTH="39"/>
						<String ID="P13_ST00037" HPOS="824" VPOS="1040" WIDTH="80" HEIGHT="33" CONTENT="par" WC="0.98" CC="004"/>
						<SP ID="P13_SP00027" HPOS="904" VPOS="1073" WIDTH="39"/>
						<String ID="P13_ST00038" HPOS="943" VPOS="1023" WIDTH="116" HEIGHT="41" CONTENT="deux" WC="0.96" CC="9091"/>
						<SP ID="P13_SP00028" HPOS="1059" VPOS="1073" WIDTH="38"/>
						<String ID="P13_ST00039" HPOS="1097" VPOS="1025" WIDTH="185" HEIGHT="47" CONTENT="pensées" WC="0.99" CC="0070500"/>
						<SP ID="P13_SP00029" HPOS="1282" VPOS="1073" WIDTH="39"/>
						<String ID="P13_ST00040" HPOS="1321" VPOS="1025" WIDTH="72" HEIGHT="47" CONTENT="qui" WC="1.00" CC="000"/>
						<SP ID="P13_SP00030" HPOS="1393" VPOS="1073" WIDTH="38"/>
						<String ID="P13_ST00041" HPOS="1431" VPOS="1023" WIDTH="275" HEIGHT="40" CONTENT="dominaient" WC="0.99" CC="0143704000"/>
						<SP ID="P13_SP00031" HPOS="1706" VPOS="1073" WIDTH="37"/>
						<String ID="P13_ST00042" HPOS="1743" VPOS="1022" WIDTH="62" HEIGHT="41" CONTENT="les" WC="0.98" CC="600"/>
						<SP ID="P13_SP00032" HPOS="1805" VPOS="1073" WIDTH="35"/>
						<String ID="P13_ST00043" HPOS="1840" VPOS="1026" WIDTH="155" HEIGHT="46" CONTENT="esprits" WC="1.00" CC="0002400"/>
						<SP ID="P13_SP00033" HPOS="1995" VPOS="1073" WIDTH="40"/>
						<String ID="P13_ST00044" HPOS="2035" VPOS="1023" WIDTH="155" HEIGHT="50" CONTENT="depuis" WC="1.00" CC="000040"/>
						<SP ID="P13_SP00034" HPOS="2190" VPOS="1073" WIDTH="37"/>
						<String ID="P13_ST00045" HPOS="2227" VPOS="1021" WIDTH="41" HEIGHT="43" CONTENT="la" WC="0.60" CC="70"/>
					</TextLine>
					<TextLine ID="P13_TL00010" HPOS="303" VPOS="1093" WIDTH="1372" HEIGHT="52">
						<String ID="P13_ST00046" HPOS="303" VPOS="1098" WIDTH="295" HEIGHT="40" CONTENT="Renaissance" WC="1.00" CC="20604200000"/>
						<SP ID="P13_SP00035" HPOS="598" VPOS="1138" WIDTH="36"/>
						<String ID="P13_ST00047" HPOS="634" VPOS="1113" WIDTH="8" HEIGHT="23" CONTENT=":" WC="1.00" CC="0"/>
						<SP ID="P13_SP00036" HPOS="642" VPOS="1138" WIDTH="32"/>
						<String ID="P13_ST00048" HPOS="674" VPOS="1094" WIDTH="149" HEIGHT="42" CONTENT="l'idéal" WC="0.98" CC="5440647"/>
						<SP ID="P13_SP00037" HPOS="823" VPOS="1138" WIDTH="28"/>
						<String ID="P13_ST00049" HPOS="851" VPOS="1094" WIDTH="215" HEIGHT="51" CONTENT="classique" WC="0.99" CC="218303401"/>
						<SP ID="P13_SP00038" HPOS="1066" VPOS="1145" WIDTH="29"/>
						<String ID="P13_ST00050" HPOS="1095" VPOS="1105" WIDTH="43" HEIGHT="30" CONTENT="et" WC="1.00" CC="00"/>
						<SP ID="P13_SP00039" HPOS="1138" VPOS="1145" WIDTH="28"/>
						<String ID="P13_ST00051" HPOS="1166" VPOS="1094" WIDTH="149" HEIGHT="41" CONTENT="l'idéal" WC="0.98" CC="4430606"/>
						<SP ID="P13_SP00040" HPOS="1315" VPOS="1145" WIDTH="30"/>
						<String ID="P13_ST00052" HPOS="1345" VPOS="1093" WIDTH="330" HEIGHT="50" CONTENT="monarchique." WC="1.00" CC="300043630001"/>
					</TextLine>
					<TextLine ID="P13_TL00011" HPOS="434" VPOS="1166" WIDTH="1836" HEIGHT="50">
						<String ID="P13_ST00053" HPOS="434" VPOS="1167" WIDTH="234" HEIGHT="41" CONTENT="Descartes" WC="1.00" CC="002000001"/>
						<SP ID="P13_SP00041" HPOS="668" VPOS="1208" WIDTH="40"/>
						<String ID="P13_ST00054" HPOS="708" VPOS="1167" WIDTH="228" HEIGHT="49" CONTENT="proclame" WC="1.00" CC="00006000"/>
						<SP ID="P13_SP00042" HPOS="936" VPOS="1216" WIDTH="39"/>
						<String ID="P13_ST00055" HPOS="975" VPOS="1166" WIDTH="40" HEIGHT="40" CONTENT="la" WC="0.23" CC="59"/>
						<SP ID="P13_SP00043" HPOS="1015" VPOS="1216" WIDTH="41"/>
						<String ID="P13_ST00056" HPOS="1056" VPOS="1169" WIDTH="258" HEIGHT="46" CONTENT="supériorité" WC="0.99" CC="07040339485"/>
						<SP ID="P13_SP00044" HPOS="1314" VPOS="1216" WIDTH="44"/>
						<String ID="P13_ST00057" HPOS="1358" VPOS="1166" WIDTH="77" HEIGHT="40" CONTENT="des" WC="1.00" CC="000"/>
						<SP ID="P13_SP00045" HPOS="1435" VPOS="1216" WIDTH="40"/>
						<String ID="P13_ST00058" HPOS="1475" VPOS="1166" WIDTH="124" HEIGHT="40" CONTENT="villes" WC="0.98" CC="427002"/>
						<SP ID="P13_SP00046" HPOS="1599" VPOS="1216" WIDTH="39"/>
						<String ID="P13_ST00059" HPOS="1638" VPOS="1182" WIDTH="189" HEIGHT="33" CONTENT="conçues" WC="0.99" CC="5004000"/>
						<SP ID="P13_SP00047" HPOS="1827" VPOS="1216" WIDTH="41"/>
						<String ID="P13_ST00060" HPOS="1868" VPOS="1176" WIDTH="44" HEIGHT="30" CONTENT="et" WC="1.00" CC="00"/>
						<SP ID="P13_SP00048" HPOS="1912" VPOS="1216" WIDTH="36"/>
						<String ID="P13_ST00061" HPOS="1948" VPOS="1166" WIDTH="202" HEIGHT="40" CONTENT="réalisées" WC="0.99" CC="050521400"/>
						<SP ID="P13_SP00049" HPOS="2150" VPOS="1216" WIDTH="40"/>
						<String ID="P13_ST00062" HPOS="2190" VPOS="1182" WIDTH="80" HEIGHT="34" CONTENT="par" WC="0.97" CC="403"/>
					</TextLine>
					<TextLine ID="P13_TL00012" HPOS="302" VPOS="1236" WIDTH="1969" HEIGHT="51">
						<String ID="P13_ST00063" HPOS="302" VPOS="1257" WIDTH="57" HEIGHT="23" CONTENT="un" WC="0.69" CC="60"/>
						<SP ID="P13_SP00050" HPOS="359" VPOS="1280" WIDTH="30"/>
						<String ID="P13_ST00064" HPOS="389" VPOS="1256" WIDTH="188" HEIGHT="23" CONTENT="cerveau" WC="0.99" CC="4050100"/>
						<SP ID="P13_SP00051" HPOS="577" VPOS="1280" WIDTH="32"/>
						<String ID="P13_ST00065" HPOS="609" VPOS="1242" WIDTH="172" HEIGHT="45" CONTENT="unique." WC="0.98" CC="5645004"/>
						<SP ID="P13_SP00052" HPOS="781" VPOS="1287" WIDTH="38"/>
						<String ID="P13_ST00066" HPOS="819" VPOS="1238" WIDTH="61" HEIGHT="39" CONTENT="Le" WC="0.97" CC="00"/>
						<SP ID="P13_SP00053" HPOS="880" VPOS="1287" WIDTH="29"/>
						<String ID="P13_ST00067" HPOS="909" VPOS="1238" WIDTH="156" HEIGHT="41" CONTENT="besoin" WC="0.98" CC="600449"/>
						<SP ID="P13_SP00054" HPOS="1065" VPOS="1287" WIDTH="34"/>
						<String ID="P13_ST00068" HPOS="1099" VPOS="1238" WIDTH="56" HEIGHT="40" CONTENT="de" WC="1.00" CC="00"/>
						<SP ID="P13_SP00055" HPOS="1155" VPOS="1287" WIDTH="31"/>
						<String ID="P13_ST00069" HPOS="1186" VPOS="1238" WIDTH="136" HEIGHT="40" CONTENT="clarté" WC="0.99" CC="060006"/>
						<SP ID="P13_SP00056" HPOS="1322" VPOS="1287" WIDTH="31"/>
						<String ID="P13_ST00070" HPOS="1353" VPOS="1249" WIDTH="45" HEIGHT="30" CONTENT="et" WC="1.00" CC="00"/>
						<SP ID="P13_SP00057" HPOS="1398" VPOS="1287" WIDTH="32"/>
						<String ID="P13_ST00071" HPOS="1430" VPOS="1237" WIDTH="351" HEIGHT="45" CONTENT="d'ordonnance," WC="1.00" CC="0301000000003"/>
						<SP ID="P13_SP00058" HPOS="1781" VPOS="1287" WIDTH="37"/>
						<String ID="P13_ST00072" HPOS="1818" VPOS="1236" WIDTH="364" HEIGHT="43" CONTENT="l'établissement" WC="1.00" CC="536006342000000"/>
						<SP ID="P13_SP00059" HPOS="2182" VPOS="1287" WIDTH="31"/>
						<String ID="P13_ST00073" HPOS="2213" VPOS="1237" WIDTH="58" HEIGHT="41" CONTENT="de" WC="1.00" CC="00"/>
					</TextLine>
					<TextLine ID="P13_TL00013" HPOS="303" VPOS="1308" WIDTH="1967" HEIGHT="51">
						<String ID="P13_ST00074" HPOS="303" VPOS="1310" WIDTH="127" HEIGHT="49" CONTENT="pians" WC="0.98" CC="08040"/>
						<SP ID="P13_SP00060" HPOS="430" VPOS="1359" WIDTH="31"/>
						<String ID="P13_ST00075" HPOS="461" VPOS="1310" WIDTH="254" HEIGHT="39" CONTENT="conformes" WC="0.99" CC="300662901"/>
						<SP ID="P13_SP00061" HPOS="715" VPOS="1359" WIDTH="31"/>
						<String ID="P13_ST00076" HPOS="746" VPOS="1326" WIDTH="86" HEIGHT="23" CONTENT="aux" WC="0.98" CC="005"/>
						<SP ID="P13_SP00062" HPOS="832" VPOS="1359" WIDTH="29"/>
						<String ID="P13_ST00077" HPOS="861" VPOS="1312" WIDTH="230" HEIGHT="46" CONTENT="exigences" WC="0.99" CC="055700040"/>
						<SP ID="P13_SP00063" HPOS="1091" VPOS="1359" WIDTH="32"/>
						<String ID="P13_ST00078" HPOS="1123" VPOS="1308" WIDTH="198" HEIGHT="51" CONTENT="logiques" WC="0.98" CC="24940800"/>
						<SP ID="P13_SP00064" HPOS="1321" VPOS="1359" WIDTH="32"/>
						<String ID="P13_ST00079" HPOS="1353" VPOS="1309" WIDTH="57" HEIGHT="39" CONTENT="de" WC="1.00" CC="00"/>
						<SP ID="P13_SP00065" HPOS="1410" VPOS="1359" WIDTH="30"/>
						<String ID="P13_ST00080" HPOS="1440" VPOS="1308" WIDTH="165" HEIGHT="50" CONTENT="l'esprit" WC="1.00" CC="41000040"/>
						<SP ID="P13_SP00066" HPOS="1605" VPOS="1359" WIDTH="30"/>
						<String ID="P13_ST00081" HPOS="1635" VPOS="1326" WIDTH="100" HEIGHT="23" CONTENT="sans" WC="0.99" CC="5000"/>
						<SP ID="P13_SP00067" HPOS="1735" VPOS="1359" WIDTH="30"/>
						<String ID="P13_ST00082" HPOS="1765" VPOS="1309" WIDTH="138" HEIGHT="49" CONTENT="égard" WC="0.97" CC="49090"/>
						<SP ID="P13_SP00068" HPOS="1903" VPOS="1359" WIDTH="31"/>
						<String ID="P13_ST00083" HPOS="1934" VPOS="1326" WIDTH="112" HEIGHT="33" CONTENT="pour" WC="0.97" CC="0096"/>
						<SP ID="P13_SP00069" HPOS="2046" VPOS="1359" WIDTH="29"/>
						<String ID="P13_ST00084" HPOS="2075" VPOS="1309" WIDTH="62" HEIGHT="40" CONTENT="les" WC="1.00" CC="000"/>
						<SP ID="P13_SP00070" HPOS="2137" VPOS="1359" WIDTH="30"/>
						<String ID="P13_ST00085" HPOS="2167" VPOS="1326" WIDTH="78" HEIGHT="24" CONTENT="con" SUBS_TYPE="HypPart1" SUBS_CONTENT="contingences" WC="0.97" CC="500"/>
						<HYP HPOS="2245" VPOS="1326" WIDTH="25" CONTENT="-"/>
					</TextLine>
					<TextLine ID="P13_TL00014" HPOS="306" VPOS="1380" WIDTH="1966" HEIGHT="50">
						<String ID="P13_ST00086" HPOS="306" VPOS="1385" WIDTH="221" HEIGHT="45" CONTENT="tingences" SUBS_TYPE="HypPart2" SUBS_CONTENT="contingences" WC="0.99" CC="540900001"/>
						<SP ID="P13_SP00071" HPOS="527" VPOS="1430" WIDTH="41"/>
						<String ID="P13_ST00087" HPOS="568" VPOS="1381" WIDTH="237" HEIGHT="49" CONTENT="physiques" WC="0.99" CC="365025000"/>
						<SP ID="P13_SP00072" HPOS="805" VPOS="1430" WIDTH="41"/>
						<String ID="P13_ST00088" HPOS="846" VPOS="1392" WIDTH="42" HEIGHT="28" CONTENT="et" WC="0.58" CC="25"/>
						<SP ID="P13_SP00073" HPOS="888" VPOS="1430" WIDTH="40"/>
						<String ID="P13_ST00089" HPOS="928" VPOS="1397" WIDTH="100" HEIGHT="24" CONTENT="sans" WC="1.00" CC="1000"/>
						<SP ID="P13_SP00074" HPOS="1028" VPOS="1430" WIDTH="43"/>
						<String ID="P13_ST00090" HPOS="1071" VPOS="1392" WIDTH="170" HEIGHT="38" CONTENT="respect" WC="1.00" CC="4000000"/>
						<SP ID="P13_SP00075" HPOS="1241" VPOS="1430" WIDTH="41"/>
						<String ID="P13_ST00091" HPOS="1282" VPOS="1397" WIDTH="112" HEIGHT="33" CONTENT="pour" WC="1.00" CC="0002"/>
						<SP ID="P13_SP00076" HPOS="1394" VPOS="1430" WIDTH="41"/>
						<String ID="P13_ST00092" HPOS="1435" VPOS="1380" WIDTH="229" HEIGHT="50" CONTENT="l'héritage" WC="0.99" CC="5406100000"/>
						<SP ID="P13_SP00077" HPOS="1664" VPOS="1430" WIDTH="43"/>
						<String ID="P13_ST00093" HPOS="1707" VPOS="1380" WIDTH="59" HEIGHT="41" CONTENT="du" WC="1.00" CC="00"/>
						<SP ID="P13_SP00078" HPOS="1766" VPOS="1430" WIDTH="41"/>
						<String ID="P13_ST00094" HPOS="1807" VPOS="1383" WIDTH="141" HEIGHT="47" CONTENT="passé," WC="0.99" CC="000064"/>
						<SP ID="P13_SP00079" HPOS="1948" VPOS="1430" WIDTH="44"/>
						<String ID="P13_ST00095" HPOS="1992" VPOS="1380" WIDTH="280" HEIGHT="41" CONTENT="s'accordent" WC="0.99" CC="14001409000"/>
					</TextLine>
					<TextLine ID="P13_TL00015" HPOS="302" VPOS="1451" WIDTH="1964" HEIGHT="51">
						<String ID="P13_ST00096" HPOS="302" VPOS="1469" WIDTH="108" HEIGHT="23" CONTENT="avec" WC="0.97" CC="8040"/>
						<SP ID="P13_SP00080" HPOS="410" VPOS="1492" WIDTH="28"/>
						<String ID="P13_ST00097" HPOS="438" VPOS="1452" WIDTH="40" HEIGHT="39" CONTENT="la" WC="0.59" CC="25"/>
						<SP ID="P13_SP00081" HPOS="478" VPOS="1492" WIDTH="27"/>
						<String ID="P13_ST00098" HPOS="505" VPOS="1452" WIDTH="184" HEIGHT="40" CONTENT="volonté" WC="0.97" CC="9447996"/>
						<SP ID="P13_SP00082" HPOS="689" VPOS="1492" WIDTH="28"/>
						<String ID="P13_ST00099" HPOS="717" VPOS="1452" WIDTH="316" HEIGHT="49" CONTENT="monarchique" WC="0.99" CC="04891394000"/>
						<SP ID="P13_SP00083" HPOS="1033" VPOS="1501" WIDTH="30"/>
						<String ID="P13_ST00100" HPOS="1063" VPOS="1453" WIDTH="56" HEIGHT="38" CONTENT="de" WC="0.32" CC="93"/>
						<SP ID="P13_SP00084" HPOS="1119" VPOS="1501" WIDTH="29"/>
						<String ID="P13_ST00101" HPOS="1148" VPOS="1453" WIDTH="256" HEIGHT="39" CONTENT="manifester" WC="0.99" CC="0876650005"/>
						<SP ID="P13_SP00085" HPOS="1404" VPOS="1501" WIDTH="28"/>
						<String ID="P13_ST00102" HPOS="1432" VPOS="1463" WIDTH="43" HEIGHT="29" CONTENT="et" WC="0.98" CC="00"/>
						<SP ID="P13_SP00086" HPOS="1475" VPOS="1501" WIDTH="28"/>
						<String ID="P13_ST00103" HPOS="1503" VPOS="1452" WIDTH="166" HEIGHT="40" CONTENT="exalter" WC="0.98" CC="0487008"/>
						<SP ID="P13_SP00087" HPOS="1669" VPOS="1501" WIDTH="29"/>
						<String ID="P13_ST00104" HPOS="1698" VPOS="1451" WIDTH="40" HEIGHT="41" CONTENT="la" WC="1.00" CC="00"/>
						<SP ID="P13_SP00088" HPOS="1738" VPOS="1501" WIDTH="29"/>
						<String ID="P13_ST00105" HPOS="1767" VPOS="1452" WIDTH="220" HEIGHT="49" CONTENT="grandeur" WC="0.98" CC="99860000"/>
						<SP ID="P13_SP00089" HPOS="1987" VPOS="1501" WIDTH="32"/>
						<String ID="P13_ST00106" HPOS="2019" VPOS="1452" WIDTH="58" HEIGHT="41" CONTENT="du" WC="1.00" CC="00"/>
						<SP ID="P13_SP00090" HPOS="2077" VPOS="1501" WIDTH="28"/>
						<String ID="P13_ST00107" HPOS="2105" VPOS="1454" WIDTH="161" HEIGHT="48" CONTENT="prince." WC="0.99" CC="0059001"/>
					</TextLine>
					<TextLine ID="P13_TL00016" HPOS="307" VPOS="1524" WIDTH="1964" HEIGHT="45">
						<String ID="P13_ST00108" HPOS="307" VPOS="1524" WIDTH="91" HEIGHT="40" CONTENT="Des" WC="0.98" CC="002"/>
						<SP ID="P13_SP00091" HPOS="398" VPOS="1564" WIDTH="34"/>
						<String ID="P13_ST00109" HPOS="432" VPOS="1540" WIDTH="96" HEIGHT="24" CONTENT="rues" WC="0.97" CC="6500"/>
						<SP ID="P13_SP00092" HPOS="528" VPOS="1564" WIDTH="35"/>
						<String ID="P13_ST00110" HPOS="563" VPOS="1524" WIDTH="178" HEIGHT="45" CONTENT="droites," WC="0.98" CC="79549004"/>
						<SP ID="P13_SP00093" HPOS="741" VPOS="1569" WIDTH="69"/>
						<String ID="P13_ST00111" HPOS="810" VPOS="1524" WIDTH="254" HEIGHT="40" CONTENT="ordonnées" WC="0.99" CC="420680503"/>
						<SP ID="P13_SP00094" HPOS="1064" VPOS="1569" WIDTH="33"/>
						<String ID="P13_ST00112" HPOS="1097" VPOS="1540" WIDTH="54" HEIGHT="24" CONTENT="en" WC="1.00" CC="00"/>
						<SP ID="P13_SP00095" HPOS="1151" VPOS="1569" WIDTH="37"/>
						<String ID="P13_ST00113" HPOS="1188" VPOS="1524" WIDTH="169" HEIGHT="40" CONTENT="damier" WC="0.99" CC="000606"/>
						<SP ID="P13_SP00096" HPOS="1357" VPOS="1569" WIDTH="34"/>
						<String ID="P13_ST00114" HPOS="1391" VPOS="1540" WIDTH="56" HEIGHT="23" CONTENT="ou" WC="0.59" CC="25"/>
						<SP ID="P13_SP00097" HPOS="1447" VPOS="1569" WIDTH="35"/>
						<String ID="P13_ST00115" HPOS="1482" VPOS="1540" WIDTH="54" HEIGHT="24" CONTENT="en" WC="1.00" CC="00"/>
						<SP ID="P13_SP00098" HPOS="1536" VPOS="1569" WIDTH="35"/>
						<String ID="P13_ST00116" HPOS="1571" VPOS="1524" WIDTH="132" HEIGHT="40" CONTENT="étoile" WC="0.98" CC="606250"/>
						<SP ID="P13_SP00099" HPOS="1703" VPOS="1569" WIDTH="35"/>
						<String ID="P13_ST00117" HPOS="1738" VPOS="1535" WIDTH="43" HEIGHT="29" CONTENT="et" WC="1.00" CC="00"/>
						<SP ID="P13_SP00100" HPOS="1781" VPOS="1569" WIDTH="31"/>
						<String ID="P13_ST00118" HPOS="1812" VPOS="1524" WIDTH="195" HEIGHT="40" CONTENT="bordées" WC="0.99" CC="7050600"/>
						<SP ID="P13_SP00101" HPOS="2007" VPOS="1569" WIDTH="35"/>
						<String ID="P13_ST00119" HPOS="2042" VPOS="1524" WIDTH="229" HEIGHT="40" CONTENT="d'édifices" WC="0.99" CC="0190086003"/>
					</TextLine>
					<TextLine ID="P13_TL00017" HPOS="304" VPOS="1594" WIDTH="1968" HEIGHT="51">
						<String ID="P13_ST00120" HPOS="304" VPOS="1613" WIDTH="85" HEIGHT="22" CONTENT="aux" WC="0.94" CC="770"/>
						<SP ID="P13_SP00102" HPOS="389" VPOS="1635" WIDTH="44"/>
						<String ID="P13_ST00121" HPOS="433" VPOS="1595" WIDTH="181" HEIGHT="49" CONTENT="façades" WC="0.98" CC="7950000"/>
						<SP ID="P13_SP00103" HPOS="614" VPOS="1644" WIDTH="40"/>
						<String ID="P13_ST00122" HPOS="654" VPOS="1594" WIDTH="281" HEIGHT="47" CONTENT="semblables," WC="1.00" CC="00071006000"/>
						<SP ID="P13_SP00104" HPOS="935" VPOS="1644" WIDTH="46"/>
						<String ID="P13_ST00123" HPOS="981" VPOS="1595" WIDTH="78" HEIGHT="40" CONTENT="des" WC="1.00" CC="000"/>
						<SP ID="P13_SP00105" HPOS="1059" VPOS="1644" WIDTH="40"/>
						<String ID="P13_ST00124" HPOS="1099" VPOS="1595" WIDTH="149" HEIGHT="49" CONTENT="places" WC="1.00" CC="000000"/>
						<SP ID="P13_SP00106" HPOS="1248" VPOS="1644" WIDTH="40"/>
						<String ID="P13_ST00125" HPOS="1288" VPOS="1595" WIDTH="246" HEIGHT="49" CONTENT="régulières," WC="0.99" CC="76906254003"/>
						<SP ID="P13_SP00107" HPOS="1534" VPOS="1644" WIDTH="46"/>
						<String ID="P13_ST00126" HPOS="1580" VPOS="1595" WIDTH="78" HEIGHT="40" CONTENT="des" WC="1.00" CC="000"/>
						<SP ID="P13_SP00108" HPOS="1658" VPOS="1644" WIDTH="41"/>
						<String ID="P13_ST00127" HPOS="1699" VPOS="1612" WIDTH="193" HEIGHT="24" CONTENT="avenues" WC="1.00" CC="0000000"/>
						<SP ID="P13_SP00109" HPOS="1892" VPOS="1644" WIDTH="40"/>
						<String ID="P13_ST00128" HPOS="1932" VPOS="1596" WIDTH="242" HEIGHT="49" CONTENT="précédées" WC="0.99" CC="056060600"/>
						<SP ID="P13_SP00110" HPOS="2174" VPOS="1645" WIDTH="41"/>
						<String ID="P13_ST00129" HPOS="2215" VPOS="1597" WIDTH="57" HEIGHT="40" CONTENT="de" WC="1.00" CC="00"/>
					</TextLine>
					<TextLine ID="P13_TL00018" HPOS="303" VPOS="1665" WIDTH="1963" HEIGHT="52">
						<String ID="P13_ST00130" HPOS="303" VPOS="1676" WIDTH="149" HEIGHT="38" CONTENT="portes" WC="0.99" CC="000731"/>
						<SP ID="P13_SP00111" HPOS="452" VPOS="1714" WIDTH="26"/>
						<String ID="P13_ST00131" HPOS="478" VPOS="1665" WIDTH="355" HEIGHT="40" CONTENT="monumentales" WC="0.99" CC="060914800200"/>
						<SP ID="P13_SP00112" HPOS="833" VPOS="1714" WIDTH="26"/>
						<String ID="P13_ST00132" HPOS="859" VPOS="1682" WIDTH="44" HEIGHT="23" CONTENT="se" WC="0.75" CC="40"/>
						<SP ID="P13_SP00113" HPOS="903" VPOS="1714" WIDTH="26"/>
						<String ID="P13_ST00133" HPOS="929" VPOS="1668" WIDTH="175" HEIGHT="47" CONTENT="prêtent" WC="0.99" CC="7060000"/>
						<SP ID="P13_SP00114" HPOS="1104" VPOS="1715" WIDTH="25"/>
						<String ID="P13_ST00134" HPOS="1129" VPOS="1669" WIDTH="25" HEIGHT="37" CONTENT="à" WC="0.27" CC="7"/>
						<SP ID="P13_SP00115" HPOS="1154" VPOS="1715" WIDTH="27"/>
						<String ID="P13_ST00135" HPOS="1181" VPOS="1667" WIDTH="40" HEIGHT="40" CONTENT="la" WC="1.00" CC="00"/>
						<SP ID="P13_SP00116" HPOS="1221" VPOS="1715" WIDTH="26"/>
						<String ID="P13_ST00136" HPOS="1247" VPOS="1669" WIDTH="108" HEIGHT="37" CONTENT="mise" WC="0.98" CC="4300"/>
						<SP ID="P13_SP00117" HPOS="1355" VPOS="1715" WIDTH="26"/>
						<String ID="P13_ST00137" HPOS="1381" VPOS="1683" WIDTH="54" HEIGHT="24" CONTENT="en" WC="1.00" CC="00"/>
						<SP ID="P13_SP00118" HPOS="1435" VPOS="1715" WIDTH="25"/>
						<String ID="P13_ST00138" HPOS="1460" VPOS="1666" WIDTH="153" HEIGHT="41" CONTENT="valeur" WC="0.99" CC="004060"/>
						<SP ID="P13_SP00119" HPOS="1613" VPOS="1715" WIDTH="26"/>
						<String ID="P13_ST00139" HPOS="1639" VPOS="1667" WIDTH="81" HEIGHT="40" CONTENT="des" WC="1.00" CC="000"/>
						<SP ID="P13_SP00120" HPOS="1720" VPOS="1715" WIDTH="24"/>
						<String ID="P13_ST00140" HPOS="1744" VPOS="1667" WIDTH="249" HEIGHT="41" CONTENT="résidences" WC="0.99" CC="1504070000"/>
						<SP ID="P13_SP00121" HPOS="1993" VPOS="1715" WIDTH="25"/>
						<String ID="P13_ST00141" HPOS="2018" VPOS="1670" WIDTH="248" HEIGHT="47" CONTENT="princières," WC="0.78" CC="02104470004"/>
					</TextLine>
					<TextLine ID="P13_TL00019" HPOS="304" VPOS="1736" WIDTH="1896" HEIGHT="53">
						<String ID="P13_ST00142" HPOS="304" VPOS="1741" WIDTH="23" HEIGHT="35" CONTENT="à" WC="0.25" CC="7"/>
						<SP ID="P13_SP00122" HPOS="327" VPOS="1776" WIDTH="35"/>
						<String ID="P13_ST00143" HPOS="362" VPOS="1736" WIDTH="226" HEIGHT="41" CONTENT="l'érection" WC="0.99" CC="1457000566"/>
						<SP ID="P13_SP00123" HPOS="588" VPOS="1777" WIDTH="36"/>
						<String ID="P13_ST00144" HPOS="624" VPOS="1737" WIDTH="55" HEIGHT="39" CONTENT="de" WC="1.00" CC="00"/>
						<SP ID="P13_SP00124" HPOS="679" VPOS="1777" WIDTH="34"/>
						<String ID="P13_ST00145" HPOS="713" VPOS="1748" WIDTH="163" HEIGHT="29" CONTENT="statues" WC="0.98" CC="2057600"/>
						<SP ID="P13_SP00125" HPOS="876" VPOS="1777" WIDTH="33"/>
						<String ID="P13_ST00146" HPOS="909" VPOS="1738" WIDTH="187" HEIGHT="47" CONTENT="royales," WC="0.99" CC="05304044"/>
						<SP ID="P13_SP00126" HPOS="1096" VPOS="1785" WIDTH="36"/>
						<String ID="P13_ST00147" HPOS="1132" VPOS="1755" WIDTH="55" HEIGHT="22" CONTENT="au" WC="1.00" CC="00"/>
						<SP ID="P13_SP00127" HPOS="1187" VPOS="1785" WIDTH="36"/>
						<String ID="P13_ST00148" HPOS="1223" VPOS="1738" WIDTH="304" HEIGHT="48" CONTENT="déploiement" WC="1.00" CC="06024400000"/>
						<SP ID="P13_SP00128" HPOS="1527" VPOS="1786" WIDTH="33"/>
						<String ID="P13_ST00149" HPOS="1560" VPOS="1738" WIDTH="78" HEIGHT="40" CONTENT="des" WC="1.00" CC="000"/>
						<SP ID="P13_SP00129" HPOS="1638" VPOS="1786" WIDTH="33"/>
						<String ID="P13_ST00150" HPOS="1671" VPOS="1742" WIDTH="200" HEIGHT="46" CONTENT="cortèges" WC="0.98" CC="64507901"/>
						<SP ID="P13_SP00130" HPOS="1871" VPOS="1788" WIDTH="35"/>
						<String ID="P13_ST00151" HPOS="1906" VPOS="1738" WIDTH="294" HEIGHT="51" CONTENT="triomphaux." WC="0.99" CC="04360071033"/>
					</TextLine>
					<TextLine ID="P13_TL00020" HPOS="435" VPOS="1808" WIDTH="1835" HEIGHT="52">
						<String ID="P13_ST00152" HPOS="435" VPOS="1808" WIDTH="81" HEIGHT="40" CONTENT="Les" WC="1.00" CC="000"/>
						<SP ID="P13_SP00131" HPOS="516" VPOS="1848" WIDTH="32"/>
						<String ID="P13_ST00153" HPOS="548" VPOS="1812" WIDTH="168" HEIGHT="36" CONTENT="mêmes" WC="0.99" CC="05000"/>
						<SP ID="P13_SP00132" HPOS="716" VPOS="1848" WIDTH="33"/>
						<String ID="P13_ST00154" HPOS="749" VPOS="1811" WIDTH="218" HEIGHT="47" CONTENT="principes" WC="0.99" CC="034002004"/>
						<SP ID="P13_SP00133" HPOS="967" VPOS="1858" WIDTH="33"/>
						<String ID="P13_ST00155" HPOS="1000" VPOS="1809" WIDTH="56" HEIGHT="39" CONTENT="de" WC="1.00" CC="00"/>
						<SP ID="P13_SP00134" HPOS="1056" VPOS="1858" WIDTH="31"/>
						<String ID="P13_ST00156" HPOS="1087" VPOS="1809" WIDTH="178" HEIGHT="49" CONTENT="logique" WC="0.99" CC="5002600"/>
						<SP ID="P13_SP00135" HPOS="1265" VPOS="1858" WIDTH="34"/>
						<String ID="P13_ST00157" HPOS="1299" VPOS="1820" WIDTH="42" HEIGHT="29" CONTENT="et" WC="0.97" CC="00"/>
						<SP ID="P13_SP00136" HPOS="1341" VPOS="1858" WIDTH="34"/>
						<String ID="P13_ST00158" HPOS="1375" VPOS="1809" WIDTH="55" HEIGHT="40" CONTENT="de" WC="0.50" CC="90"/>
						<SP ID="P13_SP00137" HPOS="1430" VPOS="1858" WIDTH="35"/>
						<String ID="P13_ST00159" HPOS="1465" VPOS="1809" WIDTH="112" HEIGHT="41" CONTENT="faste" WC="0.98" CC="59000"/>
						<SP ID="P13_SP00138" HPOS="1577" VPOS="1858" WIDTH="35"/>
						<String ID="P13_ST00160" HPOS="1612" VPOS="1810" WIDTH="226" HEIGHT="49" CONTENT="président" WC="0.99" CC="076040000"/>
						<SP ID="P13_SP00139" HPOS="1838" VPOS="1859" WIDTH="31"/>
						<String ID="P13_ST00161" HPOS="1869" VPOS="1813" WIDTH="26" HEIGHT="37" CONTENT="à" WC="0.26" CC="7"/>
						<SP ID="P13_SP00140" HPOS="1895" VPOS="1859" WIDTH="34"/>
						<String ID="P13_ST00162" HPOS="1929" VPOS="1810" WIDTH="41" HEIGHT="41" CONTENT="la" WC="0.76" CC="40"/>
						<SP ID="P13_SP00141" HPOS="1970" VPOS="1859" WIDTH="33"/>
						<String ID="P13_ST00163" HPOS="2003" VPOS="1814" WIDTH="267" HEIGHT="46" CONTENT="conception" WC="1.00" CC="3100000450"/>
					</TextLine>
					<TextLine ID="P13_TL00021" HPOS="305" VPOS="1879" WIDTH="1279" HEIGHT="52">
						<String ID="P13_ST00164" HPOS="305" VPOS="1879" WIDTH="76" HEIGHT="40" CONTENT="des" WC="0.98" CC="040"/>
						<SP ID="P13_SP00142" HPOS="381" VPOS="1919" WIDTH="28"/>
						<String ID="P13_ST00165" HPOS="409" VPOS="1879" WIDTH="137" HEIGHT="46" CONTENT="villes," WC="0.99" CC="0066002"/>
						<SP ID="P13_SP00143" HPOS="546" VPOS="1925" WIDTH="34"/>
						<String ID="P13_ST00166" HPOS="580" VPOS="1880" WIDTH="76" HEIGHT="40" CONTENT="des" WC="1.00" CC="000"/>
						<SP ID="P13_SP00144" HPOS="656" VPOS="1925" WIDTH="29"/>
						<String ID="P13_ST00167" HPOS="685" VPOS="1883" WIDTH="193" HEIGHT="37" CONTENT="maisons" WC="0.99" CC="0730000"/>
						<SP ID="P13_SP00145" HPOS="878" VPOS="1925" WIDTH="30"/>
						<String ID="P13_ST00168" HPOS="908" VPOS="1881" WIDTH="77" HEIGHT="39" CONTENT="des" WC="1.00" CC="000"/>
						<SP ID="P13_SP00146" HPOS="985" VPOS="1925" WIDTH="28"/>
						<String ID="P13_ST00169" HPOS="1013" VPOS="1881" WIDTH="184" HEIGHT="48" CONTENT="champs" WC="1.00" CC="000000"/>
						<SP ID="P13_SP00147" HPOS="1197" VPOS="1929" WIDTH="29"/>
						<String ID="P13_ST00170" HPOS="1226" VPOS="1891" WIDTH="43" HEIGHT="30" CONTENT="et" WC="1.00" CC="00"/>
						<SP ID="P13_SP00148" HPOS="1269" VPOS="1929" WIDTH="30"/>
						<String ID="P13_ST00171" HPOS="1299" VPOS="1881" WIDTH="77" HEIGHT="41" CONTENT="des" WC="0.98" CC="006"/>
						<SP ID="P13_SP00149" HPOS="1376" VPOS="1929" WIDTH="29"/>
						<String ID="P13_ST00172" HPOS="1405" VPOS="1882" WIDTH="179" HEIGHT="49" CONTENT="jardins." WC="0.99" CC="68402002"/>
					</TextLine>
					<TextLine ID="P13_TL00022" HPOS="435" VPOS="1952" WIDTH="1835" HEIGHT="52">
						<String ID="P13_ST00173" HPOS="435" VPOS="1952" WIDTH="60" HEIGHT="40" CONTENT="La" WC="0.52" CC="09"/>
						<SP ID="P13_SP00150" HPOS="495" VPOS="1992" WIDTH="33"/>
						<String ID="P13_ST00174" HPOS="528" VPOS="1952" WIDTH="103" HEIGHT="40" CONTENT="ville" WC="0.98" CC="00562"/>
						<SP ID="P13_SP00151" HPOS="631" VPOS="1992" WIDTH="36"/>
						<String ID="P13_ST00175" HPOS="667" VPOS="1953" WIDTH="56" HEIGHT="39" CONTENT="de" WC="0.50" CC="90"/>
						<SP ID="P13_SP00152" HPOS="723" VPOS="1992" WIDTH="33"/>
						<String ID="P13_ST00176" HPOS="756" VPOS="1952" WIDTH="225" HEIGHT="41" CONTENT="Richelieu" WC="0.99" CC="330705300"/>
						<SP ID="P13_SP00153" HPOS="981" VPOS="1993" WIDTH="33"/>
						<String ID="P13_ST00177" HPOS="1014" VPOS="1956" WIDTH="137" HEIGHT="43" CONTENT="créée," WC="0.98" CC="107703"/>
						<SP ID="P13_SP00154" HPOS="1151" VPOS="1999" WIDTH="39"/>
						<String ID="P13_ST00178" HPOS="1190" VPOS="1970" WIDTH="113" HEIGHT="33" CONTENT="pour" WC="0.98" CC="0235"/>
						<SP ID="P13_SP00155" HPOS="1303" VPOS="2003" WIDTH="33"/>
						<String ID="P13_ST00179" HPOS="1336" VPOS="1954" WIDTH="40" HEIGHT="39" CONTENT="le" WC="0.56" CC="53"/>
						<SP ID="P13_SP00156" HPOS="1376" VPOS="2003" WIDTH="34"/>
						<String ID="P13_ST00180" HPOS="1410" VPOS="1954" WIDTH="195" HEIGHT="40" CONTENT="cardinal" WC="1.00" CC="00003007"/>
						<SP ID="P13_SP00157" HPOS="1605" VPOS="2003" WIDTH="35"/>
						<String ID="P13_ST00181" HPOS="1640" VPOS="1957" WIDTH="207" HEIGHT="43" CONTENT="ministre," WC="1.00" CC="000400402"/>
						<SP ID="P13_SP00158" HPOS="1847" VPOS="2003" WIDTH="40"/>
						<String ID="P13_ST00182" HPOS="1887" VPOS="1971" WIDTH="80" HEIGHT="33" CONTENT="par" WC="1.00" CC="000"/>
						<SP ID="P13_SP00159" HPOS="1967" VPOS="2004" WIDTH="35"/>
						<String ID="P13_ST00183" HPOS="2002" VPOS="1954" WIDTH="268" HEIGHT="42" CONTENT="l'architecte" WC="1.00" CC="430000600002"/>
					</TextLine>
					<TextLine ID="P13_TL00023" HPOS="302" VPOS="2022" WIDTH="1967" HEIGHT="54">
						<String ID="P13_ST00184" HPOS="302" VPOS="2022" WIDTH="188" HEIGHT="50" CONTENT="Jacques" WC="1.00" CC="1000400"/>
						<SP ID="P13_SP00160" HPOS="490" VPOS="2072" WIDTH="22"/>
						<String ID="P13_ST00185" HPOS="512" VPOS="2023" WIDTH="59" HEIGHT="40" CONTENT="Le" WC="1.00" CC="00"/>
						<SP ID="P13_SP00161" HPOS="571" VPOS="2072" WIDTH="24"/>
						<String ID="P13_ST00186" HPOS="595" VPOS="2023" WIDTH="197" HEIGHT="46" CONTENT="Mercier," WC="0.99" CC="00406003"/>
						<SP ID="P13_SP00162" HPOS="792" VPOS="2072" WIDTH="27"/>
						<String ID="P13_ST00187" HPOS="819" VPOS="2035" WIDTH="64" HEIGHT="29" CONTENT="est" WC="0.98" CC="040"/>
						<SP ID="P13_SP00163" HPOS="883" VPOS="2072" WIDTH="22"/>
						<String ID="P13_ST00188" HPOS="905" VPOS="2023" WIDTH="285" HEIGHT="50" CONTENT="l'expression" WC="0.99" CC="140004002716"/>
						<SP ID="P13_SP00164" HPOS="1190" VPOS="2073" WIDTH="26"/>
						<String ID="P13_ST00189" HPOS="1216" VPOS="2024" WIDTH="133" HEIGHT="41" CONTENT="d'une" WC="1.00" CC="04000"/>
						<SP ID="P13_SP00165" HPOS="1349" VPOS="2073" WIDTH="22"/>
						<String ID="P13_ST00190" HPOS="1371" VPOS="2027" WIDTH="175" HEIGHT="47" CONTENT="époque" WC="0.98" CC="704050"/>
						<SP ID="P13_SP00166" HPOS="1546" VPOS="2074" WIDTH="23"/>
						<String ID="P13_ST00191" HPOS="1569" VPOS="2029" WIDTH="57" HEIGHT="36" CONTENT="où" WC="0.39" CC="47"/>
						<SP ID="P13_SP00167" HPOS="1626" VPOS="2074" WIDTH="23"/>
						<String ID="P13_ST00192" HPOS="1649" VPOS="2025" WIDTH="90" HEIGHT="40" CONTENT="l'on" WC="0.99" CC="0330"/>
						<SP ID="P13_SP00168" HPOS="1739" VPOS="2074" WIDTH="25"/>
						<String ID="P13_ST00193" HPOS="1764" VPOS="2028" WIDTH="153" HEIGHT="38" CONTENT="estime" WC="0.99" CC="060600"/>
						<SP ID="P13_SP00169" HPOS="1917" VPOS="2074" WIDTH="24"/>
						<String ID="P13_ST00194" HPOS="1941" VPOS="2043" WIDTH="84" HEIGHT="33" CONTENT="que" WC="1.00" CC="000"/>
						<SP ID="P13_SP00170" HPOS="2025" VPOS="2076" WIDTH="28"/>
						<String ID="P13_ST00195" HPOS="2053" VPOS="2041" WIDTH="21" HEIGHT="26" CONTENT="«" WC="0.50" CC="4"/>
						<SP ID="P13_SP00171" HPOS="2074" VPOS="2076" WIDTH="26"/>
						<String ID="P13_ST00196" HPOS="2100" VPOS="2025" WIDTH="148" HEIGHT="42" CONTENT="l'archi" SUBS_TYPE="HypPart1" SUBS_CONTENT="l'architecture" WC="0.98" CC="6454070"/>
						<HYP HPOS="2248" VPOS="2025" WIDTH="21" CONTENT="-"/>
					</TextLine>
					<TextLine ID="P13_TL00024" HPOS="304" VPOS="2097" WIDTH="1967" HEIGHT="50">
						<String ID="P13_ST00197" HPOS="304" VPOS="2104" WIDTH="165" HEIGHT="30" CONTENT="tecture" SUBS_TYPE="HypPart2" SUBS_CONTENT="l'architecture" WC="1.00" CC="0000000"/>
						<SP ID="P13_SP00172" HPOS="469" VPOS="2134" WIDTH="28"/>
						<String ID="P13_ST00198" HPOS="497" VPOS="2111" WIDTH="54" HEIGHT="24" CONTENT="ne" WC="0.82" CC="03"/>
						<SP ID="P13_SP00173" HPOS="551" VPOS="2135" WIDTH="29"/>
						<String ID="P13_ST00199" HPOS="580" VPOS="2098" WIDTH="189" HEIGHT="37" CONTENT="consiste" WC="0.99" CC="05004003"/>
						<SP ID="P13_SP00174" HPOS="769" VPOS="2135" WIDTH="28"/>
						<String ID="P13_ST00200" HPOS="797" VPOS="2112" WIDTH="79" HEIGHT="32" CONTENT="pas" WC="0.96" CC="090"/>
						<SP ID="P13_SP00175" HPOS="876" VPOS="2144" WIDTH="30"/>
						<String ID="P13_ST00201" HPOS="906" VPOS="2112" WIDTH="52" HEIGHT="23" CONTENT="en" WC="0.54" CC="09"/>
						<SP ID="P13_SP00176" HPOS="958" VPOS="2144" WIDTH="30"/>
						<String ID="P13_ST00202" HPOS="988" VPOS="2098" WIDTH="124" HEIGHT="37" CONTENT="vains" WC="0.98" CC="07402"/>
						<SP ID="P13_SP00177" HPOS="1112" VPOS="2144" WIDTH="29"/>
						<String ID="P13_ST00203" HPOS="1141" VPOS="2099" WIDTH="193" HEIGHT="45" CONTENT="caprices" WC="0.99" CC="00040530"/>
						<SP ID="P13_SP00178" HPOS="1334" VPOS="2144" WIDTH="31"/>
						<String ID="P13_ST00204" HPOS="1365" VPOS="2107" WIDTH="42" HEIGHT="29" CONTENT="et" WC="0.61" CC="07"/>
						<SP ID="P13_SP00179" HPOS="1407" VPOS="2144" WIDTH="30"/>
						<String ID="P13_ST00205" HPOS="1437" VPOS="2113" WIDTH="52" HEIGHT="23" CONTENT="en" WC="0.47" CC="09"/>
						<SP ID="P13_SP00180" HPOS="1489" VPOS="2144" WIDTH="31"/>
						<String ID="P13_ST00206" HPOS="1520" VPOS="2100" WIDTH="310" HEIGHT="45" CONTENT="imaginations" WC="0.99" CC="300040053206"/>
						<SP ID="P13_SP00181" HPOS="1830" VPOS="2145" WIDTH="31"/>
						<String ID="P13_ST00207" HPOS="1861" VPOS="2097" WIDTH="266" HEIGHT="50" CONTENT="fantasques," WC="1.00" CC="30000000060"/>
						<SP ID="P13_SP00182" HPOS="2127" VPOS="2147" WIDTH="35"/>
						<String ID="P13_ST00208" HPOS="2162" VPOS="2101" WIDTH="109" HEIGHT="37" CONTENT="mais" WC="0.99" CC="0060"/>
					</TextLine>
					<TextLine ID="P13_TL00025" HPOS="304" VPOS="2166" WIDTH="1966" HEIGHT="53">
						<String ID="P13_ST00209" HPOS="304" VPOS="2181" WIDTH="52" HEIGHT="23" CONTENT="en" WC="0.71" CC="05"/>
						<SP ID="P13_SP00183" HPOS="356" VPOS="2204" WIDTH="30"/>
						<String ID="P13_ST00210" HPOS="386" VPOS="2166" WIDTH="163" HEIGHT="39" CONTENT="solides" WC="0.99" CC="0066000"/>
						<SP ID="P13_SP00184" HPOS="549" VPOS="2205" WIDTH="28"/>
						<String ID="P13_ST00211" HPOS="577" VPOS="2168" WIDTH="351" HEIGHT="38" CONTENT="raisonnements" WC="0.99" CC="0850098000000"/>
						<SP ID="P13_SP00185" HPOS="928" VPOS="2206" WIDTH="29"/>
						<String ID="P13_ST00212" HPOS="957" VPOS="2178" WIDTH="43" HEIGHT="28" CONTENT="et" WC="1.00" CC="00"/>
						<SP ID="P13_SP00186" HPOS="1000" VPOS="2206" WIDTH="29"/>
						<String ID="P13_ST00213" HPOS="1029" VPOS="2184" WIDTH="53" HEIGHT="22" CONTENT="en" WC="0.46" CC="37"/>
						<SP ID="P13_SP00187" HPOS="1082" VPOS="2206" WIDTH="29"/>
						<String ID="P13_ST00214" HPOS="1111" VPOS="2167" WIDTH="237" HEIGHT="41" CONTENT="véritables" WC="0.99" CC="0804090000"/>
						<SP ID="P13_SP00188" HPOS="1348" VPOS="2208" WIDTH="30"/>
						<String ID="P13_ST00215" HPOS="1378" VPOS="2168" WIDTH="375" HEIGHT="40" CONTENT="démonstrations" WC="1.00" CC="06014009004061"/>
						<SP ID="P13_SP00189" HPOS="1753" VPOS="2208" WIDTH="32"/>
						<String ID="P13_ST00216" HPOS="1785" VPOS="2184" WIDTH="22" HEIGHT="25" CONTENT="»" WC="0.51" CC="4"/>
						<SP ID="P13_SP00190" HPOS="1807" VPOS="2209" WIDTH="44"/>
						<String ID="P13_ST00217" HPOS="1851" VPOS="2168" WIDTH="98" HEIGHT="50" CONTENT="(1)." WC="0.68" CC="2720"/>
						<SP ID="P13_SP00191" HPOS="1949" VPOS="2218" WIDTH="33"/>
						<String ID="P13_ST00218" HPOS="1982" VPOS="2168" WIDTH="70" HEIGHT="41" CONTENT="De" WC="0.80" CC="30"/>
						<SP ID="P13_SP00192" HPOS="2052" VPOS="2218" WIDTH="28"/>
						<String ID="P13_ST00219" HPOS="2080" VPOS="2170" WIDTH="190" HEIGHT="49" CONTENT="grandes" WC="0.99" CC="9640000"/>
					</TextLine>
					<TextLine ID="P13_TL00026" HPOS="304" VPOS="2237" WIDTH="1965" HEIGHT="53">
						<String ID="P13_ST00220" HPOS="304" VPOS="2253" WIDTH="96" HEIGHT="23" CONTENT="rues" WC="1.00" CC="2000"/>
						<SP ID="P13_SP00193" HPOS="400" VPOS="2276" WIDTH="30"/>
						<String ID="P13_ST00221" HPOS="430" VPOS="2237" WIDTH="246" HEIGHT="49" CONTENT="rectilignes" WC="0.67" CC="40093530800"/>
						<SP ID="P13_SP00194" HPOS="676" VPOS="2286" WIDTH="30"/>
						<String ID="P13_ST00222" HPOS="706" VPOS="2241" WIDTH="193" HEIGHT="45" CONTENT="coupées" WC="0.99" CC="0004730"/>
						<SP ID="P13_SP00195" HPOS="899" VPOS="2286" WIDTH="31"/>
						<String ID="P13_ST00223" HPOS="930" VPOS="2241" WIDTH="25" HEIGHT="36" CONTENT="à" WC="0.23" CC="7"/>
						<SP ID="P13_SP00196" HPOS="955" VPOS="2286" WIDTH="32"/>
						<String ID="P13_ST00224" HPOS="987" VPOS="2238" WIDTH="151" HEIGHT="49" CONTENT="angles" WC="0.99" CC="800600"/>
						<SP ID="P13_SP00197" HPOS="1138" VPOS="2287" WIDTH="32"/>
						<String ID="P13_ST00225" HPOS="1170" VPOS="2239" WIDTH="149" HEIGHT="45" CONTENT="droits," WC="0.99" CC="0036042"/>
						<SP ID="P13_SP00198" HPOS="1319" VPOS="2287" WIDTH="39"/>
						<String ID="P13_ST00226" HPOS="1358" VPOS="2239" WIDTH="77" HEIGHT="40" CONTENT="des" WC="0.98" CC="013"/>
						<SP ID="P13_SP00199" HPOS="1435" VPOS="2287" WIDTH="31"/>
						<String ID="P13_ST00227" HPOS="1466" VPOS="2239" WIDTH="270" HEIGHT="41" CONTENT="habitations" WC="0.99" CC="70050003230"/>
						<SP ID="P13_SP00200" HPOS="1736" VPOS="2287" WIDTH="32"/>
						<String ID="P13_ST00228" HPOS="1768" VPOS="2243" WIDTH="25" HEIGHT="36" CONTENT="à" WC="0.28" CC="7"/>
						<SP ID="P13_SP00201" HPOS="1793" VPOS="2287" WIDTH="33"/>
						<String ID="P13_ST00229" HPOS="1826" VPOS="2257" WIDTH="86" HEIGHT="32" CONTENT="peu" WC="1.00" CC="000"/>
						<SP ID="P13_SP00202" HPOS="1912" VPOS="2289" WIDTH="31"/>
						<String ID="P13_ST00230" HPOS="1943" VPOS="2244" WIDTH="101" HEIGHT="46" CONTENT="près" WC="0.98" CC="0070"/>
						<SP ID="P13_SP00203" HPOS="2044" VPOS="2290" WIDTH="32"/>
						<String ID="P13_ST00231" HPOS="2076" VPOS="2240" WIDTH="166" HEIGHT="41" CONTENT="sembla" SUBS_TYPE="HypPart1" SUBS_CONTENT="semblables," WC="0.99" CC="000740"/>
						<HYP HPOS="2242" VPOS="2240" WIDTH="27" CONTENT="-"/>
					</TextLine>
					<TextLine ID="P13_TL00027" HPOS="303" VPOS="2307" WIDTH="1967" HEIGHT="54">
						<String ID="P13_ST00232" HPOS="303" VPOS="2307" WIDTH="106" HEIGHT="46" CONTENT="bles," SUBS_TYPE="HypPart2" SUBS_CONTENT="semblables," WC="0.97" CC="46303"/>
						<SP ID="P13_SP00204" HPOS="409" VPOS="2353" WIDTH="34"/>
						<String ID="P13_ST00233" HPOS="443" VPOS="2308" WIDTH="56" HEIGHT="40" CONTENT="de" WC="0.50" CC="90"/>
						<SP ID="P13_SP00205" HPOS="499" VPOS="2353" WIDTH="26"/>
						<String ID="P13_ST00234" HPOS="525" VPOS="2319" WIDTH="146" HEIGHT="29" CONTENT="vastes" WC="1.00" CC="000000"/>
						<SP ID="P13_SP00206" HPOS="671" VPOS="2353" WIDTH="26"/>
						<String ID="P13_ST00235" HPOS="697" VPOS="2309" WIDTH="148" HEIGHT="48" CONTENT="places" WC="0.99" CC="167000"/>
						<SP ID="P13_SP00207" HPOS="845" VPOS="2357" WIDTH="25"/>
						<String ID="P13_ST00236" HPOS="870" VPOS="2312" WIDTH="182" HEIGHT="42" CONTENT="carrées," WC="0.99" CC="00407003"/>
						<SP ID="P13_SP00208" HPOS="1052" VPOS="2357" WIDTH="31"/>
						<String ID="P13_ST00237" HPOS="1083" VPOS="2327" WIDTH="58" HEIGHT="23" CONTENT="un" WC="0.65" CC="60"/>
						<SP ID="P13_SP00209" HPOS="1141" VPOS="2357" WIDTH="27"/>
						<String ID="P13_ST00238" HPOS="1168" VPOS="2309" WIDTH="186" HEIGHT="41" CONTENT="château" WC="0.99" CC="2650003"/>
						<SP ID="P13_SP00210" HPOS="1354" VPOS="2357" WIDTH="28"/>
						<String ID="P13_ST00239" HPOS="1382" VPOS="2310" WIDTH="185" HEIGHT="49" CONTENT="régulier" WC="0.99" CC="07073002"/>
						<SP ID="P13_SP00211" HPOS="1567" VPOS="2359" WIDTH="26"/>
						<String ID="P13_ST00240" HPOS="1593" VPOS="2321" WIDTH="44" HEIGHT="31" CONTENT="et" WC="0.75" CC="50"/>
						<SP ID="P13_SP00212" HPOS="1637" VPOS="2359" WIDTH="25"/>
						<String ID="P13_ST00241" HPOS="1662" VPOS="2315" WIDTH="277" HEIGHT="46" CONTENT="majestueux" WC="1.00" CC="0040000020"/>
						<SP ID="P13_SP00213" HPOS="1939" VPOS="2361" WIDTH="26"/>
						<String ID="P13_ST00242" HPOS="1965" VPOS="2316" WIDTH="170" HEIGHT="36" CONTENT="escorté" WC="0.99" CC="0020097"/>
						<SP ID="P13_SP00214" HPOS="2135" VPOS="2361" WIDTH="31"/>
						<String ID="P13_ST00243" HPOS="2166" VPOS="2312" WIDTH="104" HEIGHT="41" CONTENT="d'un" WC="0.99" CC="0400"/>
					</TextLine>
					<TextLine ID="P13_TL00028" HPOS="304" VPOS="2379" WIDTH="1966" HEIGHT="55">
						<String ID="P13_ST00244" HPOS="304" VPOS="2389" WIDTH="195" HEIGHT="38" CONTENT="parterre" WC="1.00" CC="00000503"/>
						<SP ID="P13_SP00215" HPOS="499" VPOS="2427" WIDTH="28"/>
						<String ID="P13_ST00245" HPOS="527" VPOS="2396" WIDTH="54" HEIGHT="23" CONTENT="au" WC="0.84" CC="03"/>
						<SP ID="P13_SP00216" HPOS="581" VPOS="2427" WIDTH="31"/>
						<String ID="P13_ST00246" HPOS="612" VPOS="2379" WIDTH="99" HEIGHT="40" CONTENT="delà" WC="0.97" CC="0347"/>
						<SP ID="P13_SP00217" HPOS="711" VPOS="2427" WIDTH="31"/>
						<String ID="P13_ST00247" HPOS="742" VPOS="2380" WIDTH="162" HEIGHT="49" CONTENT="duquel" WC="0.98" CC="917007"/>
						<SP ID="P13_SP00218" HPOS="904" VPOS="2429" WIDTH="30"/>
						<String ID="P13_ST00248" HPOS="934" VPOS="2380" WIDTH="172" HEIGHT="42" CONTENT="s'étend" WC="0.98" CC="0470079"/>
						<SP ID="P13_SP00219" HPOS="1106" VPOS="2429" WIDTH="28"/>
						<String ID="P13_ST00249" HPOS="1134" VPOS="2397" WIDTH="85" HEIGHT="24" CONTENT="une" WC="0.97" CC="710"/>
						<SP ID="P13_SP00220" HPOS="1219" VPOS="2429" WIDTH="31"/>
						<String ID="P13_ST00250" HPOS="1250" VPOS="2382" WIDTH="115" HEIGHT="40" CONTENT="forêt" WC="0.96" CC="76770"/>
						<SP ID="P13_SP00221" HPOS="1365" VPOS="2429" WIDTH="28"/>
						<String ID="P13_ST00251" HPOS="1393" VPOS="2385" WIDTH="158" HEIGHT="45" CONTENT="percée" WC="0.99" CC="000470"/>
						<SP ID="P13_SP00222" HPOS="1551" VPOS="2430" WIDTH="31"/>
						<String ID="P13_ST00252" HPOS="1582" VPOS="2382" WIDTH="56" HEIGHT="40" CONTENT="de" WC="1.00" CC="00"/>
						<SP ID="P13_SP00223" HPOS="1638" VPOS="2430" WIDTH="29"/>
						<String ID="P13_ST00253" HPOS="1667" VPOS="2382" WIDTH="140" HEIGHT="49" CONTENT="larges" WC="0.99" CC="500900"/>
						<SP ID="P13_SP00224" HPOS="1807" VPOS="2431" WIDTH="30"/>
						<String ID="P13_ST00254" HPOS="1837" VPOS="2399" WIDTH="193" HEIGHT="24" CONTENT="avenues" WC="0.99" CC="0030732"/>
						<SP ID="P13_SP00225" HPOS="2030" VPOS="2431" WIDTH="28"/>
						<String ID="P13_ST00255" HPOS="2058" VPOS="2401" WIDTH="86" HEIGHT="23" CONTENT="aux" WC="0.94" CC="807"/>
						<SP ID="P13_SP00226" HPOS="2144" VPOS="2431" WIDTH="29"/>
						<String ID="P13_ST00256" HPOS="2173" VPOS="2401" WIDTH="73" HEIGHT="33" CONTENT="per" SUBS_TYPE="HypPart1" SUBS_CONTENT="perspectives" WC="0.95" CC="358"/>
						<HYP HPOS="2246" VPOS="2401" WIDTH="24" CONTENT="-"/>
					</TextLine>
					<TextLine ID="P13_TL00029" HPOS="303" VPOS="2451" WIDTH="1965" HEIGHT="47">
						<String ID="P13_ST00257" HPOS="303" VPOS="2453" WIDTH="217" HEIGHT="45" CONTENT="spectives" SUBS_TYPE="HypPart2" SUBS_CONTENT="perspectives" WC="1.00" CC="050004030"/>
						<SP ID="P13_SP00227" HPOS="520" VPOS="2498" WIDTH="33"/>
						<String ID="P13_ST00258" HPOS="553" VPOS="2451" WIDTH="185" HEIGHT="46" CONTENT="infinies," WC="0.99" CC="603407000"/>
						<SP ID="P13_SP00228" HPOS="738" VPOS="2498" WIDTH="39"/>
						<String ID="P13_ST00259" HPOS="777" VPOS="2452" WIDTH="119" HEIGHT="40" CONTENT="voilà" WC="0.98" CC="00466"/>
						<SP ID="P13_SP00229" HPOS="896" VPOS="2498" WIDTH="36"/>
						<String ID="P13_ST00260" HPOS="932" VPOS="2452" WIDTH="39" HEIGHT="40" CONTENT="la" WC="1.00" CC="00"/>
						<SP ID="P13_SP00230" HPOS="971" VPOS="2498" WIDTH="34"/>
						<String ID="P13_ST00261" HPOS="1005" VPOS="2453" WIDTH="104" HEIGHT="40" CONTENT="ville" WC="0.98" CC="03070"/>
						<SP ID="P13_SP00231" HPOS="1109" VPOS="2498" WIDTH="34"/>
						<String ID="P13_ST00262" HPOS="1143" VPOS="2457" WIDTH="282" HEIGHT="37" CONTENT="cartésienne." WC="0.99" CC="090070606003"/>
						<SP ID="P13_SP00232" HPOS="1425" VPOS="2498" WIDTH="40"/>
						<String ID="P13_ST00263" HPOS="1465" VPOS="2455" WIDTH="60" HEIGHT="39" CONTENT="La" WC="1.00" CC="00"/>
						<SP ID="P13_SP00233" HPOS="1525" VPOS="2498" WIDTH="35"/>
						<String ID="P13_ST00264" HPOS="1560" VPOS="2455" WIDTH="103" HEIGHT="40" CONTENT="ville" WC="0.97" CC="05570"/>
						<SP ID="P13_SP00234" HPOS="1663" VPOS="2498" WIDTH="37"/>
						<String ID="P13_ST00265" HPOS="1700" VPOS="2455" WIDTH="55" HEIGHT="40" CONTENT="de" WC="1.00" CC="00"/>
						<SP ID="P13_SP00235" HPOS="1755" VPOS="2498" WIDTH="35"/>
						<String ID="P13_ST00266" HPOS="1790" VPOS="2455" WIDTH="237" HEIGHT="41" CONTENT="Versailles" WC="0.99" CC="0155043502"/>
						<SP ID="P13_SP00236" HPOS="2027" VPOS="2498" WIDTH="34"/>
						<String ID="P13_ST00267" HPOS="2061" VPOS="2473" WIDTH="108" HEIGHT="23" CONTENT="avec" WC="0.98" CC="0044"/>
						<SP ID="P13_SP00237" HPOS="2169" VPOS="2498" WIDTH="33"/>
						<String ID="P13_ST00268" HPOS="2202" VPOS="2473" WIDTH="66" HEIGHT="23" CONTENT="ses" WC="0.98" CC="500"/>
					</TextLine>
					<TextLine ID="P13_TL00030" HPOS="304" VPOS="2524" WIDTH="1966" HEIGHT="53">
						<String ID="P13_ST00269" HPOS="304" VPOS="2524" WIDTH="235" HEIGHT="40" CONTENT="immenses" WC="0.99" CC="35010403"/>
						<SP ID="P13_SP00238" HPOS="539" VPOS="2564" WIDTH="26"/>
						<String ID="P13_ST00270" HPOS="565" VPOS="2540" WIDTH="193" HEIGHT="24" CONTENT="avenues" WC="0.99" CC="0000801"/>
						<SP ID="P13_SP00239" HPOS="758" VPOS="2564" WIDTH="26"/>
						<String ID="P13_ST00271" HPOS="784" VPOS="2536" WIDTH="250" HEIGHT="36" CONTENT="rayonnant" WC="0.98" CC="506608356"/>
						<SP ID="P13_SP00240" HPOS="1034" VPOS="2572" WIDTH="23"/>
						<String ID="P13_ST00272" HPOS="1057" VPOS="2536" WIDTH="159" HEIGHT="29" CONTENT="autour" WC="0.98" CC="380401"/>
						<SP ID="P13_SP00241" HPOS="1216" VPOS="2572" WIDTH="26"/>
						<String ID="P13_ST00273" HPOS="1242" VPOS="2525" WIDTH="57" HEIGHT="40" CONTENT="de" WC="0.50" CC="90"/>
						<SP ID="P13_SP00242" HPOS="1299" VPOS="2572" WIDTH="26"/>
						<String ID="P13_ST00274" HPOS="1325" VPOS="2526" WIDTH="39" HEIGHT="40" CONTENT="la" WC="1.00" CC="00"/>
						<SP ID="P13_SP00243" HPOS="1364" VPOS="2572" WIDTH="29"/>
						<String ID="P13_ST00275" HPOS="1393" VPOS="2526" WIDTH="129" HEIGHT="41" CONTENT="Place" WC="0.99" CC="05020"/>
						<SP ID="P13_SP00244" HPOS="1522" VPOS="2572" WIDTH="28"/>
						<String ID="P13_ST00276" HPOS="1550" VPOS="2526" WIDTH="210" HEIGHT="41" CONTENT="d'Armes" WC="0.99" CC="0440002"/>
						<SP ID="P13_SP00245" HPOS="1760" VPOS="2572" WIDTH="26"/>
						<String ID="P13_ST00277" HPOS="1786" VPOS="2530" WIDTH="72" HEIGHT="46" CONTENT="qui" WC="0.98" CC="005"/>
						<SP ID="P13_SP00246" HPOS="1858" VPOS="2576" WIDTH="27"/>
						<String ID="P13_ST00278" HPOS="1885" VPOS="2527" WIDTH="192" HEIGHT="50" CONTENT="précède" WC="0.98" CC="0571800"/>
						<SP ID="P13_SP00247" HPOS="2077" VPOS="2577" WIDTH="28"/>
						<String ID="P13_ST00279" HPOS="2105" VPOS="2527" WIDTH="39" HEIGHT="41" CONTENT="le" WC="0.82" CC="30"/>
						<SP ID="P13_SP00248" HPOS="2144" VPOS="2577" WIDTH="25"/>
						<String ID="P13_ST00280" HPOS="2169" VPOS="2527" WIDTH="76" HEIGHT="41" CONTENT="châ" SUBS_TYPE="HypPart1" SUBS_CONTENT="château." WC="0.96" CC="077"/>
						<HYP HPOS="2245" VPOS="2527" WIDTH="25" CONTENT="-"/>
					</TextLine>
					<TextLine ID="P13_TL00031" HPOS="302" VPOS="2594" WIDTH="851" HEIGHT="44">
						<String ID="P13_ST00281" HPOS="302" VPOS="2604" WIDTH="111" HEIGHT="30" CONTENT="teau." SUBS_TYPE="HypPart2" SUBS_CONTENT="château." WC="0.97" CC="92704"/>
						<SP ID="P13_SP00249" HPOS="413" VPOS="2634" WIDTH="42"/>
						<String ID="P13_ST00282" HPOS="455" VPOS="2594" WIDTH="154" HEIGHT="41" CONTENT="réalise" WC="0.98" CC="8605600"/>
						<SP ID="P13_SP00250" HPOS="609" VPOS="2635" WIDTH="36"/>
						<String ID="P13_ST00283" HPOS="645" VPOS="2612" WIDTH="57" HEIGHT="24" CONTENT="un" WC="0.47" CC="54"/>
						<SP ID="P13_SP00251" HPOS="702" VPOS="2636" WIDTH="36"/>
						<String ID="P13_ST00284" HPOS="738" VPOS="2594" WIDTH="119" HEIGHT="42" CONTENT="idéal" WC="0.97" CC="30636"/>
						<SP ID="P13_SP00252" HPOS="857" VPOS="2636" WIDTH="36"/>
						<String ID="P13_ST00285" HPOS="893" VPOS="2594" WIDTH="260" HEIGHT="44" CONTENT="semblable." WC="0.99" CC="0006206210"/>
					</TextLine>
					<TextLine ID="P13_TL00032" HPOS="433" VPOS="2666" WIDTH="1832" HEIGHT="52">
						<String ID="P13_ST00286" HPOS="433" VPOS="2666" WIDTH="203" HEIGHT="46" CONTENT="Ailleurs," WC="0.99" CC="453400504"/>
						<SP ID="P13_SP00253" HPOS="636" VPOS="2712" WIDTH="39"/>
						<String ID="P13_ST00287" HPOS="675" VPOS="2667" WIDTH="167" HEIGHT="49" CONTENT="l'esprit" WC="0.99" CC="50000670"/>
						<SP ID="P13_SP00254" HPOS="842" VPOS="2716" WIDTH="33"/>
						<String ID="P13_ST00288" HPOS="875" VPOS="2668" WIDTH="226" HEIGHT="49" CONTENT="classique," WC="0.99" CC="0600063232"/>
						<SP ID="P13_SP00255" HPOS="1101" VPOS="2717" WIDTH="41"/>
						<String ID="P13_ST00289" HPOS="1142" VPOS="2671" WIDTH="181" HEIGHT="37" CONTENT="entravé" WC="0.99" CC="0705007"/>
						<SP ID="P13_SP00256" HPOS="1323" VPOS="2717" WIDTH="35"/>
						<String ID="P13_ST00290" HPOS="1358" VPOS="2686" WIDTH="80" HEIGHT="32" CONTENT="par" WC="0.99" CC="003"/>
						<SP ID="P13_SP00257" HPOS="1438" VPOS="2718" WIDTH="36"/>
						<String ID="P13_ST00291" HPOS="1474" VPOS="2679" WIDTH="144" HEIGHT="30" CONTENT="toutes" WC="1.00" CC="021000"/>
						<SP ID="P13_SP00258" HPOS="1618" VPOS="2718" WIDTH="34"/>
						<String ID="P13_ST00292" HPOS="1652" VPOS="2679" WIDTH="140" HEIGHT="31" CONTENT="sortes" WC="0.99" CC="026004"/>
						<SP ID="P13_SP00259" HPOS="1792" VPOS="2718" WIDTH="37"/>
						<String ID="P13_ST00293" HPOS="1829" VPOS="2670" WIDTH="56" HEIGHT="40" CONTENT="de" WC="1.00" CC="00"/>
						<SP ID="P13_SP00260" HPOS="1885" VPOS="2718" WIDTH="37"/>
						<String ID="P13_ST00294" HPOS="1922" VPOS="2670" WIDTH="249" HEIGHT="46" CONTENT="difficultés," WC="0.99" CC="926660050704"/>
						<SP ID="P13_SP00261" HPOS="2171" VPOS="2718" WIDTH="39"/>
						<String ID="P13_ST00295" HPOS="2210" VPOS="2682" WIDTH="55" HEIGHT="34" CONTENT="et," WC="0.99" CC="003"/>
					</TextLine>
					<TextLine ID="P13_TL00033" HPOS="305" VPOS="2737" WIDTH="1964" HEIGHT="52">
						<String ID="P13_ST00296" HPOS="305" VPOS="2746" WIDTH="94" HEIGHT="30" CONTENT="tout" WC="0.96" CC="9056"/>
						<SP ID="P13_SP00262" HPOS="399" VPOS="2776" WIDTH="38"/>
						<String ID="P13_ST00297" HPOS="437" VPOS="2737" WIDTH="205" HEIGHT="45" CONTENT="d'abord," WC="0.99" CC="03870302"/>
						<SP ID="P13_SP00263" HPOS="642" VPOS="2782" WIDTH="59"/>
						<String ID="P13_ST00298" HPOS="701" VPOS="2756" WIDTH="80" HEIGHT="31" CONTENT="par" WC="0.98" CC="004"/>
						<SP ID="P13_SP00264" HPOS="781" VPOS="2787" WIDTH="53"/>
						<String ID="P13_ST00299" HPOS="834" VPOS="2739" WIDTH="60" HEIGHT="39" CONTENT="les" WC="0.98" CC="400"/>
						<SP ID="P13_SP00265" HPOS="894" VPOS="2787" WIDTH="56"/>
						<String ID="P13_ST00300" HPOS="950" VPOS="2739" WIDTH="219" HEIGHT="41" CONTENT="obstacles" WC="1.00" CC="200070400"/>
						<SP ID="P13_SP00266" HPOS="1169" VPOS="2787" WIDTH="54"/>
						<String ID="P13_ST00301" HPOS="1223" VPOS="2740" WIDTH="243" HEIGHT="45" CONTENT="financiers," WC="0.99" CC="64989050004"/>
						<SP ID="P13_SP00267" HPOS="1466" VPOS="2787" WIDTH="59"/>
						<String ID="P13_ST00302" HPOS="1525" VPOS="2758" WIDTH="54" HEIGHT="22" CONTENT="ne" WC="0.66" CC="60"/>
						<SP ID="P13_SP00268" HPOS="1579" VPOS="2787" WIDTH="54"/>
						<String ID="P13_ST00303" HPOS="1633" VPOS="2752" WIDTH="106" HEIGHT="37" CONTENT="peut" WC="0.98" CC="0008"/>
						<SP ID="P13_SP00269" HPOS="1739" VPOS="2789" WIDTH="40"/>
						<String ID="P13_ST00304" HPOS="1779" VPOS="2758" WIDTH="45" HEIGHT="23" CONTENT="se" WC="1.00" CC="00"/>
						<SP ID="P13_SP00270" HPOS="1824" VPOS="2789" WIDTH="40"/>
						<String ID="P13_ST00305" HPOS="1864" VPOS="2742" WIDTH="255" HEIGHT="41" CONTENT="manifester" WC="1.00" CC="0004500006"/>
						<SP ID="P13_SP00271" HPOS="2119" VPOS="2789" WIDTH="40"/>
						<String ID="P13_ST00306" HPOS="2159" VPOS="2742" WIDTH="110" HEIGHT="40" CONTENT="dans" WC="1.00" CC="0000"/>
					</TextLine>
					<TextLine ID="P13_TL00034" HPOS="304" VPOS="2807" WIDTH="1964" HEIGHT="56">
						<String ID="P13_ST00307" HPOS="304" VPOS="2807" WIDTH="61" HEIGHT="41" CONTENT="les" WC="0.99" CC="300"/>
						<SP ID="P13_SP00272" HPOS="365" VPOS="2848" WIDTH="33"/>
						<String ID="P13_ST00308" HPOS="398" VPOS="2808" WIDTH="125" HEIGHT="41" CONTENT="villes" WC="0.98" CC="847500"/>
						<SP ID="P13_SP00273" HPOS="523" VPOS="2849" WIDTH="35"/>
						<String ID="P13_ST00309" HPOS="558" VPOS="2813" WIDTH="235" HEIGHT="37" CONTENT="anciennes" WC="1.00" CC="000400000"/>
						<SP ID="P13_SP00274" HPOS="793" VPOS="2850" WIDTH="35"/>
						<String ID="P13_ST00310" HPOS="828" VPOS="2810" WIDTH="111" HEIGHT="41" CONTENT="dont" WC="1.00" CC="0000"/>
						<SP ID="P13_SP00275" HPOS="939" VPOS="2851" WIDTH="33"/>
						<String ID="P13_ST00311" HPOS="972" VPOS="2811" WIDTH="26" HEIGHT="40" CONTENT="il" WC="0.80" CC="30"/>
						<SP ID="P13_SP00276" HPOS="998" VPOS="2851" WIDTH="38"/>
						<String ID="P13_ST00312" HPOS="1036" VPOS="2811" WIDTH="185" HEIGHT="49" CONTENT="déplore" WC="0.98" CC="0804630"/>
						<SP ID="P13_SP00277" HPOS="1221" VPOS="2860" WIDTH="37"/>
						<String ID="P13_ST00313" HPOS="1258" VPOS="2811" WIDTH="39" HEIGHT="40" CONTENT="la" WC="0.71" CC="50"/>
						<SP ID="P13_SP00278" HPOS="1297" VPOS="2860" WIDTH="36"/>
						<String ID="P13_ST00314" HPOS="1333" VPOS="2811" WIDTH="170" HEIGHT="41" CONTENT="laideur" WC="0.99" CC="5040141"/>
						<SP ID="P13_SP00279" HPOS="1503" VPOS="2860" WIDTH="35"/>
						<String ID="P13_ST00315" HPOS="1538" VPOS="2823" WIDTH="42" HEIGHT="30" CONTENT="et" WC="1.00" CC="00"/>
						<SP ID="P13_SP00280" HPOS="1580" VPOS="2860" WIDTH="34"/>
						<String ID="P13_ST00316" HPOS="1614" VPOS="2811" WIDTH="40" HEIGHT="42" CONTENT="le" WC="0.66" CC="60"/>
						<SP ID="P13_SP00281" HPOS="1654" VPOS="2860" WIDTH="35"/>
						<String ID="P13_ST00317" HPOS="1689" VPOS="2812" WIDTH="226" HEIGHT="46" CONTENT="désordre," WC="0.99" CC="070030003"/>
						<SP ID="P13_SP00282" HPOS="1915" VPOS="2860" WIDTH="41"/>
						<String ID="P13_ST00318" HPOS="1956" VPOS="2830" WIDTH="84" HEIGHT="33" CONTENT="que" WC="1.00" CC="000"/>
						<SP ID="P13_SP00283" HPOS="2040" VPOS="2863" WIDTH="34"/>
						<String ID="P13_ST00319" HPOS="2074" VPOS="2830" WIDTH="82" HEIGHT="32" CONTENT="par" WC="1.00" CC="000"/>
						<SP ID="P13_SP00284" HPOS="2156" VPOS="2863" WIDTH="34"/>
						<String ID="P13_ST00320" HPOS="2190" VPOS="2813" WIDTH="78" HEIGHT="40" CONTENT="des" WC="1.00" CC="000"/>
					</TextLine>
					<TextLine ID="P13_TL00035" HPOS="302" VPOS="2881" WIDTH="1967" HEIGHT="52">
						<String ID="P13_ST00321" HPOS="302" VPOS="2883" WIDTH="266" HEIGHT="38" CONTENT="corrections" WC="0.99" CC="35432006090"/>
						<SP ID="P13_SP00285" HPOS="568" VPOS="2921" WIDTH="31"/>
						<String ID="P13_ST00322" HPOS="599" VPOS="2881" WIDTH="233" HEIGHT="49" CONTENT="partielles," WC="0.99" CC="00605034204"/>
						<SP ID="P13_SP00286" HPOS="832" VPOS="2930" WIDTH="35"/>
						<String ID="P13_ST00323" HPOS="867" VPOS="2898" WIDTH="79" HEIGHT="33" CONTENT="par" WC="0.97" CC="007"/>
						<SP ID="P13_SP00287" HPOS="946" VPOS="2931" WIDTH="33"/>
						<String ID="P13_ST00324" HPOS="979" VPOS="2882" WIDTH="77" HEIGHT="40" CONTENT="des" WC="1.00" CC="000"/>
						<SP ID="P13_SP00288" HPOS="1056" VPOS="2931" WIDTH="32"/>
						<String ID="P13_ST00325" HPOS="1088" VPOS="2885" WIDTH="255" HEIGHT="46" CONTENT="opérations" WC="1.00" CC="0070003000"/>
						<SP ID="P13_SP00289" HPOS="1343" VPOS="2931" WIDTH="30"/>
						<String ID="P13_ST00326" HPOS="1373" VPOS="2883" WIDTH="387" HEIGHT="50" CONTENT="exceptionnelles," WC="1.00" CC="0030004044015003"/>
						<SP ID="P13_SP00290" HPOS="1760" VPOS="2933" WIDTH="34"/>
						<String ID="P13_ST00327" HPOS="1794" VPOS="2901" WIDTH="57" HEIGHT="24" CONTENT="au" WC="0.41" CC="73"/>
						<SP ID="P13_SP00291" HPOS="1851" VPOS="2933" WIDTH="29"/>
						<String ID="P13_ST00328" HPOS="1880" VPOS="2901" WIDTH="121" HEIGHT="25" CONTENT="cœur" WC="0.99" CC="0003"/>
						<SP ID="P13_SP00292" HPOS="2001" VPOS="2933" WIDTH="32"/>
						<String ID="P13_ST00329" HPOS="2033" VPOS="2885" WIDTH="79" HEIGHT="40" CONTENT="des" WC="0.97" CC="006"/>
						<SP ID="P13_SP00293" HPOS="2112" VPOS="2933" WIDTH="27"/>
						<String ID="P13_ST00330" HPOS="2139" VPOS="2888" WIDTH="130" HEIGHT="37" CONTENT="vieux" WC="0.98" CC="04006"/>
					</TextLine>
					<TextLine ID="P13_TL00036" HPOS="303" VPOS="2952" WIDTH="1962" HEIGHT="55">
						<String ID="P13_ST00331" HPOS="303" VPOS="2954" WIDTH="223" HEIGHT="44" CONTENT="quartiers," WC="0.99" CC="0306960503"/>
						<SP ID="P13_SP00294" HPOS="526" VPOS="2998" WIDTH="37"/>
						<String ID="P13_ST00332" HPOS="563" VPOS="2970" WIDTH="56" HEIGHT="22" CONTENT="ou" WC="0.85" CC="20"/>
						<SP ID="P13_SP00295" HPOS="619" VPOS="2998" WIDTH="31"/>
						<String ID="P13_ST00333" HPOS="650" VPOS="2970" WIDTH="79" HEIGHT="31" CONTENT="par" WC="0.98" CC="004"/>
						<SP ID="P13_SP00296" HPOS="729" VPOS="3001" WIDTH="29"/>
						<String ID="P13_ST00334" HPOS="758" VPOS="2952" WIDTH="40" HEIGHT="41" CONTENT="la" WC="0.84" CC="30"/>
						<SP ID="P13_SP00297" HPOS="798" VPOS="3001" WIDTH="30"/>
						<String ID="P13_ST00335" HPOS="828" VPOS="2956" WIDTH="196" HEIGHT="39" CONTENT="création" WC="0.98" CC="06700659"/>
						<SP ID="P13_SP00298" HPOS="1024" VPOS="3001" WIDTH="35"/>
						<String ID="P13_ST00336" HPOS="1059" VPOS="2954" WIDTH="55" HEIGHT="40" CONTENT="de" WC="1.00" CC="00"/>
						<SP ID="P13_SP00299" HPOS="1114" VPOS="3001" WIDTH="32"/>
						<String ID="P13_ST00337" HPOS="1146" VPOS="2957" WIDTH="211" HEIGHT="46" CONTENT="quartiers" WC="1.00" CC="050503000"/>
						<SP ID="P13_SP00300" HPOS="1357" VPOS="3003" WIDTH="30"/>
						<String ID="P13_ST00338" HPOS="1387" VPOS="2971" WIDTH="247" HEIGHT="26" CONTENT="nouveaux." WC="1.00" CC="000000503"/>
						<SP ID="P13_SP00301" HPOS="1634" VPOS="3003" WIDTH="36"/>
						<String ID="P13_ST00339" HPOS="1670" VPOS="2956" WIDTH="61" HEIGHT="40" CONTENT="La" WC="1.00" CC="00"/>
						<SP ID="P13_SP00302" HPOS="1731" VPOS="3003" WIDTH="30"/>
						<String ID="P13_ST00340" HPOS="1761" VPOS="2956" WIDTH="104" HEIGHT="41" CONTENT="ville" WC="0.98" CC="02442"/>
						<SP ID="P13_SP00303" HPOS="1865" VPOS="3003" WIDTH="31"/>
						<String ID="P13_ST00341" HPOS="1896" VPOS="2968" WIDTH="63" HEIGHT="30" CONTENT="est" WC="0.99" CC="020"/>
						<SP ID="P13_SP00304" HPOS="1959" VPOS="3003" WIDTH="32"/>
						<String ID="P13_ST00342" HPOS="1991" VPOS="2958" WIDTH="40" HEIGHT="40" CONTENT="la" WC="0.81" CC="30"/>
						<SP ID="P13_SP00305" HPOS="2031" VPOS="3003" WIDTH="30"/>
						<String ID="P13_ST00343" HPOS="2061" VPOS="2961" WIDTH="179" HEIGHT="46" CONTENT="juxtapo" SUBS_TYPE="HypPart1" SUBS_CONTENT="juxtaposition" WC="0.98" CC="4073917"/>
						<HYP HPOS="2240" VPOS="2961" WIDTH="25" CONTENT="-"/>
					</TextLine>
					<TextLine ID="P13_TL00037" HPOS="301" VPOS="3024" WIDTH="1551" HEIGHT="53">
						<String ID="P13_ST00344" HPOS="301" VPOS="3024" WIDTH="128" HEIGHT="39" CONTENT="sition" SUBS_TYPE="HypPart2" SUBS_CONTENT="juxtaposition" WC="0.99" CC="050300"/>
						<SP ID="P13_SP00306" HPOS="429" VPOS="3063" WIDTH="26"/>
						<String ID="P13_ST00345" HPOS="455" VPOS="3024" WIDTH="235" HEIGHT="48" CONTENT="complexe" WC="0.99" CC="04006072"/>
						<SP ID="P13_SP00307" HPOS="690" VPOS="3072" WIDTH="50"/>
						<String ID="P13_ST00346" HPOS="740" VPOS="3025" WIDTH="55" HEIGHT="40" CONTENT="de" WC="1.00" CC="00"/>
						<SP ID="P13_SP00308" HPOS="795" VPOS="3072" WIDTH="24"/>
						<String ID="P13_ST00347" HPOS="819" VPOS="3029" WIDTH="223" HEIGHT="46" CONTENT="pratiques" WC="0.99" CC="020070301"/>
						<SP ID="P13_SP00309" HPOS="1042" VPOS="3075" WIDTH="25"/>
						<String ID="P13_ST00348" HPOS="1067" VPOS="3038" WIDTH="41" HEIGHT="29" CONTENT="et" WC="0.81" CC="03"/>
						<SP ID="P13_SP00310" HPOS="1108" VPOS="3075" WIDTH="28"/>
						<String ID="P13_ST00349" HPOS="1136" VPOS="3027" WIDTH="316" HEIGHT="50" CONTENT="d'esthétiques" WC="1.00" CC="0230077050000"/>
						<SP ID="P13_SP00311" HPOS="1452" VPOS="3077" WIDTH="24"/>
						<String ID="P13_ST00350" HPOS="1476" VPOS="3028" WIDTH="376" HEIGHT="41" CONTENT="contradictoires." WC="1.00" CC="0000000200020031"/>
					</TextLine>
					<TextLine ID="P13_TL00038" HPOS="435" VPOS="3094" WIDTH="1832" HEIGHT="55">
						<String ID="P13_ST00351" HPOS="435" VPOS="3094" WIDTH="60" HEIGHT="41" CONTENT="La" WC="1.00" CC="00"/>
						<SP ID="P13_SP00312" HPOS="495" VPOS="3135" WIDTH="30"/>
						<String ID="P13_ST00352" HPOS="525" VPOS="3095" WIDTH="129" HEIGHT="41" CONTENT="Place" WC="0.99" CC="14000"/>
						<SP ID="P13_SP00313" HPOS="654" VPOS="3136" WIDTH="29"/>
						<String ID="P13_ST00353" HPOS="683" VPOS="3096" WIDTH="172" HEIGHT="50" CONTENT="Royale" WC="0.98" CC="358030"/>
						<SP ID="P13_SP00314" HPOS="855" VPOS="3146" WIDTH="37"/>
						<String ID="P13_ST00354" HPOS="892" VPOS="3097" WIDTH="155" HEIGHT="49" CONTENT="(Place" WC="0.99" CC="003050"/>
						<SP ID="P13_SP00315" HPOS="1047" VPOS="3146" WIDTH="30"/>
						<String ID="P13_ST00355" HPOS="1077" VPOS="3099" WIDTH="78" HEIGHT="40" CONTENT="des" WC="0.99" CC="001"/>
						<SP ID="P13_SP00316" HPOS="1155" VPOS="3146" WIDTH="28"/>
						<String ID="P13_ST00356" HPOS="1183" VPOS="3098" WIDTH="198" HEIGHT="50" CONTENT="Vosges)" WC="0.99" CC="0009050"/>
						<SP ID="P13_SP00317" HPOS="1381" VPOS="3148" WIDTH="40"/>
						<String ID="P13_ST00357" HPOS="1421" VPOS="3099" WIDTH="150" HEIGHT="41" CONTENT="donne" WC="0.99" CC="04001"/>
						<SP ID="P13_SP00318" HPOS="1571" VPOS="3148" WIDTH="28"/>
						<String ID="P13_ST00358" HPOS="1599" VPOS="3102" WIDTH="26" HEIGHT="37" CONTENT="à" WC="0.45" CC="5"/>
						<SP ID="P13_SP00319" HPOS="1625" VPOS="3148" WIDTH="30"/>
						<String ID="P13_ST00359" HPOS="1655" VPOS="3099" WIDTH="130" HEIGHT="47" CONTENT="Paris," WC="0.99" CC="003302"/>
						<SP ID="P13_SP00320" HPOS="1785" VPOS="3148" WIDTH="33"/>
						<String ID="P13_ST00360" HPOS="1818" VPOS="3116" WIDTH="80" HEIGHT="33" CONTENT="par" WC="0.99" CC="200"/>
						<SP ID="P13_SP00321" HPOS="1898" VPOS="3149" WIDTH="29"/>
						<String ID="P13_ST00361" HPOS="1927" VPOS="3099" WIDTH="40" HEIGHT="41" CONTENT="la" WC="0.72" CC="50"/>
						<SP ID="P13_SP00322" HPOS="1967" VPOS="3149" WIDTH="28"/>
						<String ID="P13_ST00362" HPOS="1995" VPOS="3099" WIDTH="185" HEIGHT="41" CONTENT="volonté" WC="0.99" CC="6600007"/>
						<SP ID="P13_SP00323" HPOS="2180" VPOS="3149" WIDTH="31"/>
						<String ID="P13_ST00363" HPOS="2211" VPOS="3100" WIDTH="56" HEIGHT="40" CONTENT="de" WC="1.00" CC="00"/>
					</TextLine>
					<TextLine ID="P13_TL00039" HPOS="304" VPOS="3163" WIDTH="1963" HEIGHT="57">
						<String ID="P13_ST00364" HPOS="304" VPOS="3163" WIDTH="153" HEIGHT="51" CONTENT="Henry" WC="0.99" CC="20700"/>
						<SP ID="P13_SP00324" HPOS="457" VPOS="3214" WIDTH="27"/>
						<String ID="P13_ST00365" HPOS="484" VPOS="3166" WIDTH="73" HEIGHT="46" CONTENT="IV," WC="0.69" CC="603"/>
						<SP ID="P13_SP00325" HPOS="557" VPOS="3214" WIDTH="30"/>
						<String ID="P13_ST00366" HPOS="587" VPOS="3167" WIDTH="77" HEIGHT="40" CONTENT="dès" WC="0.97" CC="070"/>
						<SP ID="P13_SP00326" HPOS="664" VPOS="3214" WIDTH="26"/>
						<String ID="P13_ST00367" HPOS="690" VPOS="3167" WIDTH="40" HEIGHT="41" CONTENT="le" WC="0.48" CC="64"/>
						<SP ID="P13_SP00327" HPOS="730" VPOS="3214" WIDTH="27"/>
						<String ID="P13_ST00368" HPOS="757" VPOS="3168" WIDTH="138" HEIGHT="40" CONTENT="début" WC="0.99" CC="06000"/>
						<SP ID="P13_SP00328" HPOS="895" VPOS="3214" WIDTH="27"/>
						<String ID="P13_ST00369" HPOS="922" VPOS="3168" WIDTH="58" HEIGHT="41" CONTENT="du" WC="0.90" CC="01"/>
						<SP ID="P13_SP00329" HPOS="980" VPOS="3214" WIDTH="25"/>
						<String ID="P13_ST00370" HPOS="1005" VPOS="3169" WIDTH="125" HEIGHT="41" CONTENT="XVII" WC="0.55" CC="4057"/>
						<String ID="P13_ST00371" HPOS="1136" VPOS="3177" WIDTH="14" HEIGHT="15" CONTENT="e" STYLE="superscript" WC="1.00" CC="0"/>
						<SP ID="P13_SP00330" HPOS="1150" VPOS="3214" WIDTH="26"/>
						<String ID="P13_ST00372" HPOS="1176" VPOS="3170" WIDTH="128" HEIGHT="40" CONTENT="siècle" WC="0.98" CC="537050"/>
						<SP ID="P13_SP00331" HPOS="1304" VPOS="3214" WIDTH="26"/>
						<String ID="P13_ST00373" HPOS="1330" VPOS="3187" WIDTH="86" HEIGHT="23" CONTENT="une" WC="0.97" CC="700"/>
						<SP ID="P13_SP00332" HPOS="1416" VPOS="3214" WIDTH="24"/>
						<String ID="P13_ST00374" HPOS="1440" VPOS="3170" WIDTH="270" HEIGHT="50" CONTENT="magnifique" WC="0.99" CC="0090464000"/>
						<SP ID="P13_SP00333" HPOS="1710" VPOS="3220" WIDTH="27"/>
						<String ID="P13_ST00375" HPOS="1737" VPOS="3173" WIDTH="253" HEIGHT="47" CONTENT="expression" WC="0.99" CC="0606001375"/>
						<SP ID="P13_SP00334" HPOS="1990" VPOS="3220" WIDTH="29"/>
						<String ID="P13_ST00376" HPOS="2019" VPOS="3171" WIDTH="56" HEIGHT="41" CONTENT="de" WC="1.00" CC="00"/>
						<SP ID="P13_SP00335" HPOS="2075" VPOS="3220" WIDTH="25"/>
						<String ID="P13_ST00377" HPOS="2100" VPOS="3170" WIDTH="167" HEIGHT="50" CONTENT="l'esprit" WC="0.99" CC="34070350"/>
					</TextLine>
				</TextBlock>
				<TextBlock ID="P13_TB00009" HPOS="302" VPOS="3307" WIDTH="1964" HEIGHT="190" STYLEREFS="TXT_9 PAR_LEFT">
					<TextLine ID="P13_TL00040" HPOS="417" VPOS="3309" WIDTH="1849" HEIGHT="44">
						<String ID="P13_ST00378" HPOS="417" VPOS="3309" WIDTH="14" HEIGHT="42" CONTENT="(" WC="0.40" CC="5"/>
						<SP ID="P13_SP00336" HPOS="431" VPOS="3351" WIDTH="44"/>
						<String ID="P13_ST00379" HPOS="475" VPOS="3311" WIDTH="13" HEIGHT="40" CONTENT=")" WC="0.82" CC="1"/>
						<SP ID="P13_SP00337" HPOS="488" VPOS="3351" WIDTH="39"/>
						<String ID="P13_ST00380" HPOS="527" VPOS="3311" WIDTH="335" HEIGHT="34" CONTENT="Communication" WC="0.99" CC="0541767032537"/>
						<SP ID="P13_SP00338" HPOS="862" VPOS="3351" WIDTH="34"/>
						<String ID="P13_ST00381" HPOS="896" VPOS="3312" WIDTH="88" HEIGHT="34" CONTENT="faite" WC="0.97" CC="65350"/>
						<SP ID="P13_SP00339" HPOS="984" VPOS="3351" WIDTH="32"/>
						<String ID="P13_ST00382" HPOS="1016" VPOS="3316" WIDTH="20" HEIGHT="29" CONTENT="à" WC="0.38" CC="6"/>
						<SP ID="P13_SP00340" HPOS="1036" VPOS="3351" WIDTH="32"/>
						<String ID="P13_ST00383" HPOS="1068" VPOS="3313" WIDTH="34" HEIGHT="33" CONTENT="la" WC="0.58" CC="52"/>
						<SP ID="P13_SP00341" HPOS="1102" VPOS="3351" WIDTH="31"/>
						<String ID="P13_ST00384" HPOS="1133" VPOS="3315" WIDTH="187" HEIGHT="38" CONTENT="première" WC="0.98" CC="37600763"/>
						<SP ID="P13_SP00342" HPOS="1320" VPOS="3353" WIDTH="32"/>
						<String ID="P13_ST00385" HPOS="1352" VPOS="3313" WIDTH="228" HEIGHT="33" CONTENT="conférence" WC="0.99" CC="5006760007"/>
						<SP ID="P13_SP00343" HPOS="1580" VPOS="3353" WIDTH="31"/>
						<String ID="P13_ST00386" HPOS="1611" VPOS="3313" WIDTH="208" HEIGHT="35" CONTENT="interalliée" WC="0.99" CC="40016517570"/>
						<SP ID="P13_SP00344" HPOS="1819" VPOS="3353" WIDTH="32"/>
						<String ID="P13_ST00387" HPOS="1851" VPOS="3314" WIDTH="268" HEIGHT="39" CONTENT="d'urbanisme," WC="0.99" CC="048586584006"/>
						<SP ID="P13_SP00345" HPOS="2119" VPOS="3353" WIDTH="34"/>
						<String ID="P13_ST00388" HPOS="2153" VPOS="3325" WIDTH="113" HEIGHT="24" CONTENT="tenue" WC="0.96" CC="40974"/>
					</TextLine>
					<TextLine ID="P13_TL00041" HPOS="303" VPOS="3381" WIDTH="524" HEIGHT="41">
						<String ID="P13_ST00389" HPOS="303" VPOS="3384" WIDTH="20" HEIGHT="28" CONTENT="à" WC="0.24" CC="7" STYLEREFS="TXT_10"/>
						<SP ID="P13_SP00346" HPOS="323" VPOS="3412" WIDTH="35"/>
						<String ID="P13_ST00390" HPOS="358" VPOS="3381" WIDTH="51" HEIGHT="33" CONTENT="Pa" WC="0.34" CC="66"/>
						<SP ID="P13_SP00347" HPOS="409" VPOS="3414" WIDTH="6"/>
						<String ID="P13_ST00391" HPOS="415" VPOS="3384" WIDTH="59" HEIGHT="36" CONTENT="ris," WC="0.95" CC="9266" STYLEREFS="TXT_10"/>
						<SP ID="P13_SP00348" HPOS="474" VPOS="3420" WIDTH="37"/>
						<String ID="P13_ST00392" HPOS="511" VPOS="3398" WIDTH="46" HEIGHT="18" CONTENT="en" WC="1.00" CC="00"/>
						<SP ID="P13_SP00349" HPOS="557" VPOS="3420" WIDTH="38"/>
						<String ID="P13_ST00393" HPOS="595" VPOS="3386" WIDTH="79" HEIGHT="36" CONTENT="juin" WC="0.97" CC="7420"/>
						<SP ID="P13_SP00350" HPOS="674" VPOS="3422" WIDTH="44"/>
						<String ID="P13_ST00394" HPOS="718" VPOS="3384" WIDTH="109" HEIGHT="33" CONTENT="1919." WC="0.58" CC="83602"/>
					</TextLine>
					<TextLine ID="P13_TL00042" HPOS="419" VPOS="3455" WIDTH="1320" HEIGHT="42">
						<String ID="P13_ST00395" HPOS="419" VPOS="3455" WIDTH="65" HEIGHT="41" CONTENT="(1)" WC="0.89" CC="102"/>
						<SP ID="P13_SP00351" HPOS="484" VPOS="3496" WIDTH="38"/>
						<String ID="P13_ST00396" HPOS="522" VPOS="3455" WIDTH="176" HEIGHT="35" CONTENT="Félibien." WC="0.57" CC="466006075"/>
						<SP ID="P13_SP00352" HPOS="698" VPOS="3496" WIDTH="29"/>
						<String ID="P13_ST00397" HPOS="727" VPOS="3467" WIDTH="19" HEIGHT="23" CONTENT="«" WC="0.59" CC="4"/>
						<SP ID="P13_SP00353" HPOS="746" VPOS="3496" WIDTH="24"/>
						<String ID="P13_ST00398" HPOS="770" VPOS="3456" WIDTH="215" HEIGHT="34" CONTENT="Entretiens" WC="0.99" CC="6805020007"/>
						<SP ID="P13_SP00354" HPOS="985" VPOS="3496" WIDTH="25"/>
						<String ID="P13_ST00399" HPOS="1010" VPOS="3467" WIDTH="32" HEIGHT="23" CONTENT="&gt;." WC="0.46" CC="64"/>
						<SP ID="P13_SP00355" HPOS="1042" VPOS="3496" WIDTH="27"/>
						<String ID="P13_ST00400" HPOS="1069" VPOS="3455" WIDTH="65" HEIGHT="35" CONTENT="Ed." WC="0.94" CC="474"/>
						<SP ID="P13_SP00356" HPOS="1134" VPOS="3496" WIDTH="26"/>
						<String ID="P13_ST00401" HPOS="1160" VPOS="3457" WIDTH="46" HEIGHT="33" CONTENT="de" WC="0.27" CC="77"/>
						<SP ID="P13_SP00357" HPOS="1206" VPOS="3496" WIDTH="34"/>
						<String ID="P13_ST00402" HPOS="1240" VPOS="3456" WIDTH="110" HEIGHT="39" CONTENT="1726," WC="0.63" CC="56006"/>
						<SP ID="P13_SP00358" HPOS="1350" VPOS="3496" WIDTH="25"/>
						<String ID="P13_ST00403" HPOS="1375" VPOS="3465" WIDTH="103" HEIGHT="25" CONTENT="tome" WC="0.98" CC="0503"/>
						<SP ID="P13_SP00359" HPOS="1478" VPOS="3496" WIDTH="26"/>
						<String ID="P13_ST00404" HPOS="1504" VPOS="3455" WIDTH="25" HEIGHT="40" CONTENT="I," WC="0.51" CC="62"/>
						<SP ID="P13_SP00360" HPOS="1529" VPOS="3496" WIDTH="26"/>
						<String ID="P13_ST00405" HPOS="1555" VPOS="3469" WIDTH="98" HEIGHT="28" CONTENT="page" WC="0.96" CC="1765"/>
						<SP ID="P13_SP00361" HPOS="1653" VPOS="3497" WIDTH="25"/>
						<String ID="P13_ST00406" HPOS="1678" VPOS="3456" WIDTH="61" HEIGHT="34" CONTENT="37." WC="0.48" CC="543"/>
					</TextLine>
				</TextBlock>
			</PrintSpace>
		</Page>
	</Layout>
</alto>
