2557 3881
233 3610 69 35 LA
352 3609 120 36 CITE

1242 3602 61 47 54

1934 3619 223 44 JANVIER
2212 3622 84 35 1921

284 308 105 40 d'un
416 310 191 47 système
636 308 55 39 de
717 318 224 30 structure.
973 308 167 49 Depuis
1169 309 39 39 ia
1235 309 297 41 Renaissance
1561 327 57 23 on
1646 328 26 22 a
1700 315 212 37 construit
1937 329 100 24 sans
2063 317 191 45 s}/stème

281 378 58 43 de
360 389 213 32 structure
595 380 244 40 déterminé
863 392 43 29 et
929 380 134 40 d'une
1086 381 132 49 façon
1241 385 71 46 qui
1334 381 103 41 s'est
1460 382 201 50 éloignée
1684 383 171 50 chaque
1876 388 100 46 jour
2001 385 253 50 davantage

284 451 55 40 de
369 451 39 40 la
437 451 259 49 perfection,
727 468 55 23 ne
810 451 239 41 cherchant
1078 453 167 40 celle-ci
1275 470 86 33 que
1391 454 111 40 dans
1531 454 285 50 l'apparence
1846 456 256 41 décorative
2131 459 98 40 indé-

280 523 225 48 pendante
532 522 54 42 de
611 523 40 40 la
675 533 225 31 structure.
928 524 30 40 Il
983 534 65 30 est
1072 525 118 40 donc
1213 525 102 40 bien
1338 526 104 40 clair
1467 543 84 32 que
1575 538 116 30 cette
1716 529 195 39 manière
1936 529 56 40 de
2017 533 236 38 concevoir

281 606 42 29 et
350 594 249 41 d'exécuter
626 595 60 40 les
713 595 237 40 bâtiments
977 608 64 29 est
1068 608 95 29 tout
1189 601 26 36 à
1242 597 79 41 fait
1347 615 52 23 en
1428 599 162 40 dehors
1618 600 56 39 de
1700 616 50 23 ce
1776 602 134 47 qu'on
1938 613 106 37 peut
2070 601 183 50 appeler

280 685 85 23 une
399 668 299 40 architecture.
737 669 83 41 Ces
881 680 240 30 errements
1150 686 112 24 nous
1288 670 299 41 conduisirent
1615 675 147 37 même
1791 675 25 37 à
1846 672 154 41 l'oubli
2031 674 77 40 des
2138 674 93 41 tech-

283 743 150 46 niques
465 740 109 41 dans
603 752 98 30 tous
730 742 61 40 les
820 745 176 38 métiers
1025 753 43 30 et
1096 747 26 36 à
1150 761 58 23 un
1240 744 133 49 degré
1403 745 263 49 prodigieux
1697 745 57 40 de
1782 746 205 41 barbarie
2018 747 110 40 dans
2160 747 74 40 l'in-

282 813 163 41 dustrie
480 814 58 40 du
572 814 230 41 bâtiment.
841 815 386 42 L'effondrement
1261 820 105 36 était
1399 820 33 37 si
1465 817 197 49 complet
1697 818 104 49 qu'il
1836 822 229 45 paraissait
2099 820 155 39 devoir

280 889 89 37 être
393 886 189 40 définitif
604 903 56 23 au
682 898 200 29 moment
906 888 267 48 qu'apparut
1194 888 168 41 Viollet
1386 889 38 40 le
1449 889 109 46 Duc,
1586 893 84 46 qui,
1698 889 106 41 d'un
1827 890 132 41 effort
1982 890 266 46 surhumain,

282 957 188 40 exhuma
503 975 112 31 pour
646 961 107 37 ainsi
787 959 92 40 dire
911 970 95 30 tout
1037 960 99 41 l'art
1169 961 56 40 du
1259 978 162 31 moyen
1453 964 82 47 âge
1568 971 42 30 et
1642 962 48 40 fit
1723 966 120 36 saisir
1875 966 25 36 à
1933 963 133 40 l'élite
2100 964 54 40 de
2187 981 66 23 ses

279 1033 374 45 contemporains,
677 1034 76 37 nés
776 1032 110 40 dans
906 1048 57 24 un
985 1043 144 39 temps
1150 1036 124 46 privé
1297 1033 127 46 d'art,
1448 1051 50 23 ce
1519 1034 196 49 qu'avait
1736 1038 70 37 été
1826 1047 115 29 cette
1963 1036 287 40 architecture

281 1102 110 40 dans
416 1103 38 39 le
479 1113 144 39 temps
647 1103 193 41 heureux
866 1108 71 46 qui
963 1105 39 40 la
1028 1107 205 47 posséda.
1263 1106 69 41 De
1357 1107 40 40 là
1421 1110 94 37 vint
1538 1124 58 23 un
1623 1119 308 37 engouement,
1961 1111 85 38 très
2072 1110 176 49 justifié,

281 1192 111 31 pour
428 1175 61 40 les
523 1176 260 46 merveilles,
821 1177 135 50 qu'on
992 1182 343 46 recommençait
1371 1183 24 36 à
1429 1180 308 49 comprendre,
1778 1180 58 40 du
1872 1182 96 48 plus
2004 1182 248 40 admirable

282 1248 78 40 des
395 1259 88 29 arts
518 1252 110 36 mais
663 1267 83 31 que
780 1250 40 40 la
856 1254 164 42 sottise,
1058 1255 70 45 qui
1164 1269 54 22 ne
1253 1252 111 49 perd
1399 1255 157 47 jamais
1590 1269 66 23 ses
1694 1253 149 45 droits,
1884 1270 161 32 poussa
2081 1254 172 40 bientôt

280 1324 129 45 jusqu
428 1338 54 23 au
516 1321 114 40 désir
660 1322 175 48 stupide
868 1323 54 40 de
954 1323 260 40 l'imitation.

411 1392 71 40 On
513 1392 47 40 fit
590 1392 59 40 du
679 1394 323 49 néo-gothique
1030 1412 90 23 non
1149 1398 142 37 moins
1321 1399 148 45 inepte
1498 1413 84 32 que
1609 1408 98 28 tous
1736 1397 61 40 les
1825 1408 144 29 autres
1999 1401 125 43 néos;
2157 1401 95 46 puis

282 1480 57 24 on
369 1480 169 29 accusa,
570 1465 323 49 inintelligence
924 1483 56 23 ou
1010 1467 384 46 malveillance...,
1428 1467 168 42 Viollet
1626 1469 38 40 le
1696 1469 96 40 Duc
1822 1470 226 40 lui-même
2080 1470 173 40 d'avoir

280 1535 135 40 voulu
447 1536 113 41 cela!

413 1608 90 45 Lui,
538 1609 266 48 cependant,
842 1626 54 23 au
929 1613 231 42 contraire,
1198 1622 134 37 ayant
1366 1612 101 39 bien
1501 1615 109 37 senti
1646 1629 83 33 que
1764 1613 184 40 l'œuvre
1983 1615 270 40 formidable

282 1696 57 32 qu
359 1679 26 40 il
413 1683 149 37 venait
588 1680 290 50 d'accomplir
904 1683 151 39 n'était
1082 1700 80 31 pas
1188 1700 56 23 un
1272 1683 78 40 but
1377 1687 109 36 mais
1510 1684 244 41 seulement
1781 1702 56 24 un
1865 1690 196 45 puissant
2090 1704 161 32 moyen

282 1750 284 42 d'éducation
593 1763 42 29 et
661 1752 55 40 de
741 1753 286 41 rééducation
1052 1754 401 49 professionnelles,
1482 1756 221 41 cherchait
1728 1760 24 37 à
1778 1775 54 23 en
1860 1761 99 38 tirer
1986 1759 78 40 des
2088 1760 140 40 indica-

283 1824 114 39 tions
433 1838 53 25 en
522 1840 84 24 vue
643 1824 28 40 d
693 1824 299 41 élaborations
1027 1826 240 46 nouvelles,
1308 1830 107 37 ainsi
1449 1827 132 50 qu'en
1618 1832 275 46 témoignent
1929 1847 67 23 ses
2035 1846 22 25 «
2097 1831 130 41 Entre-

284 1897 109 37 tiens
421 1911 38 24 ».
491 1895 81 40 Les
598 1906 173 31 tenants
797 1897 58 40 du
881 1897 254 50 pastichage
1163 1902 325 46 gréco-romain
1518 1901 203 49 desquels
1747 1901 169 42 Viollet
1942 1902 39 40 le
2010 1902 95 42 Duc
2133 1907 119 37 avait

286 1971 78 37 lait
401 1967 367 43 lumineusement
806 1974 254 45 apparaître
1100 1971 39 41 la
1176 1971 180 41 sombre
1392 1976 250 46 ignorance,
1684 1974 56 40 lui
1780 1990 54 25 en
1873 1978 135 38 tenait
2045 1992 203 30 rancune,

283 2056 176 25 comme
494 2041 27 40 il
557 2052 64 29 est
656 2041 193 47 humain,
890 2053 54 35 et,
983 2043 202 40 habitués
1220 2048 25 36 à
1281 2045 252 41 s'entendre
1569 2046 236 49 reprocher
1843 2047 40 39 la
1921 2052 236 36 castration
2197 2048 56 40 de

281 2111 91 41 leur
397 2115 301 47 imagination,
727 2114 49 39 ils
801 2114 234 40 voulurent
1061 2119 220 37 entraîner
1308 2133 107 23 avec
1441 2135 82 23 eux
1550 2118 110 40 dans
1686 2129 114 29 cette
1827 2119 287 49 réprobation
2141 2120 109 40 celui

284 2200 57 32 qu
360 2184 51 40 ils
445 2184 249 46 haïssaient,
734 2196 42 29 et
813 2186 27 39 d
861 2204 163 23 aucuns
1060 2188 282 49 aujourd'hui
1380 2206 159 23 encore
1574 2190 281 41 considèrent
1891 2208 84 32 que
2010 2191 169 41 Viollet
2215 2192 38 40 le

283 2255 96 40 Duc
404 2273 26 22 a
458 2255 106 41 failli
590 2273 52 24 en
670 2273 54 24 ne
750 2261 150 37 créant
925 2275 79 32 pas
1032 2259 27 40 d
1081 2277 55 22 un
1164 2277 114 32 coup
1305 2261 55 39 de
1387 2260 210 50 baguette
1622 2266 206 45 magique
1853 2280 57 23 un
1937 2274 66 30 art
2030 2280 217 25 nouveau.

281 2326 72 40 On
379 2326 95 41 doit
498 2328 55 39 lui
579 2332 146 36 savoir
748 2333 75 45 gré
851 2330 172 40 d'avoir
1049 2341 182 31 entrevu
1258 2332 78 41 des
1361 2333 277 49 possibilités,
1669 2334 197 41 ébauché
1894 2335 78 40 des
1997 2336 254 41 recherches

283 2398 109 40 dans
418 2399 39 39 la
480 2403 103 36 voie
611 2400 55 40 de
691 2400 180 41 l'avenir
898 2419 52 24 en
976 2413 242 39 supputant
1244 2404 38 40 le
1310 2408 112 45 parti
1449 2405 135 49 qu'on
1610 2410 198 45 pourrait
1835 2410 100 37 tirer
1962 2408 59 40 du
2049 2408 64 40 fer
2141 2409 110 39 dans

282 2469 40 40 la
348 2474 310 38 construction.
688 2472 29 41 Il
743 2476 224 46 préparait
991 2478 107 37 ainsi
1126 2476 290 40 directement
1440 2477 38 39 le
1505 2481 158 37 terrain
1690 2495 85 23 aux
1801 2479 153 41 études
1980 2483 32 37 si
2037 2484 216 37 curieuses

280 2552 42 30 et
343 2551 100 40 trop
466 2560 86 32 peu
571 2561 196 24 connues
790 2546 57 40 du
871 2546 78 40 fait
971 2547 181 49 qu'elles
1173 2560 101 29 sont
1295 2548 428 43 malheureusement
1744 2554 161 38 restées
1928 2569 70 23 sur
2020 2552 39 41 le
2081 2556 165 45 papier,

282 2612 55 41 de
371 2613 168 42 Hector
572 2615 194 47 Horeau,
806 2617 110 41 dont
950 2618 165 49 l'esprit
1149 2619 226 41 embrassa
1411 2631 143 30 toutes
1589 2622 60 40 les
1685 2622 293 50 applications
2015 2624 57 40 du
2109 2625 64 40 fer
2210 2636 41 29 et

280 2695 143 31 toutes
449 2686 60 41 les
533 2688 266 47 possibilités
826 2689 303 50 d'expression
1154 2692 286 48 susceptibles
1467 2693 102 40 d'en
1598 2693 219 42 découler.

413 2763 123 47 Mais,
567 2782 111 23 nous
705 2765 40 41 le
771 2769 224 46 répétions
1023 2777 96 31 tout
1145 2771 24 37 à
1197 2768 177 47 l'heure,
1405 2786 85 24 une
1518 2770 288 42 architecture
1832 2789 54 24 ne
1914 2777 93 37 naît
2034 2791 85 31 que
2147 2775 104 40 d'un

280 2837 190 46 système
507 2836 55 40 de
597 2847 211 31 structure
843 2855 218 24 nouveau.
1101 2840 220 49 L'emploi
1357 2841 58 40 du
1452 2842 64 40 fer
1568 2843 71 40 n'a
1672 2847 158 46 jamais
1866 2862 58 31 pu
1976 2845 167 41 fournir
2194 2863 57 24 un

279 2909 190 45 système
498 2907 54 40 de
578 2919 214 30 structure
818 2911 198 48 complet
1043 2923 43 29 et
1112 2914 106 40 c'est
1244 2917 220 46 pourquoi
1492 2918 41 36 ni
1561 2914 185 42 Violllet
1775 2916 38 41 le
1841 2915 109 48 Duc,
1982 2920 42 38 ni
2053 2917 193 46 Horeau,

280 2980 42 38 ni
353 2995 233 33 personne,
623 2981 102 40 n'en
759 2993 78 38 put
869 2986 101 37 tirer
1021 2983 249 50 l'embryon
1305 2986 147 40 viable
1504 2986 133 40 d'une
1689 2987 287 42 architecture
2028 2989 218 41 nouvelle.

280 3049 30 40 11
341 3053 105 39 était
475 3054 173 38 réservé
678 3055 25 38 à
736 3054 56 39 de
824 3054 177 41 Baudot
1032 3055 56 40 de
1120 3055 193 51 dégager
1345 3058 56 40 de
1432 3057 166 42 l'union
1632 3059 58 40 du
1722 3059 65 41 fer
1818 3071 42 30 et
1892 3061 58 40 du
1982 3065 181 37 mortier
2194 3062 57 41 de

279 3123 162 40 ciment
469 3140 57 25 un
554 3127 191 46 système
774 3125 215 42 véritable
1019 3128 110 39 dont
1156 3127 60 41 les
1245 3146 250 32 promesses
1524 3130 200 42 d'avenir
1752 3144 199 35 ouvrent,
1985 3136 25 37 à
2037 3150 112 25 ceux
2178 3137 71 47 qui

280 3204 156 31 savent
456 3198 110 43 voir,
594 3196 78 41 des
695 3196 206 42 horizons
924 3215 236 25 nouveaux
1182 3203 235 39 immenses
1441 3213 42 30 et
1507 3202 256 50 splendires.

411 3272 144 41 Grâce
585 3290 87 24 aux
702 3284 185 31 travaux
921 3275 55 40 de
1007 3276 56 40 de
1094 3276 190 47 Baudot,
1320 3282 71 45 qui
1421 3291 100 29 sont
1552 3283 274 39 eux-mêmes
1858 3280 40 41 la
1930 3285 109 37 suite
2072 3282 176 50 logique

282 3342 54 40 de
361 3360 110 24 ceux
499 3345 55 39 de
582 3344 168 43 Viollet
777 3346 39 41 le
846 3346 107 47 Duc,
985 3365 109 23 nous
1122 3365 141 24 avons
1291 3353 274 38 maintenant
1594 3369 53 23 en
1677 3369 80 24 nos
1785 3356 141 38 mains
1953 3364 114 31 cette
2095 3355 128 40 condi-
