2557 3881
221 3676 68 37 LA
315 3666 121 49 CITÉ

1243 3669 61 47 69

1972 3683 223 45 JANVIER
2225 3685 83 35 1921

561 498 1393 193 URBAMISME

286 793 1073 99 L'AMÉNAGEMENT
1461 811 163 84 DU
1738 813 500 84 CENTRE

286 950 159 82 DE
547 950 144 79 LA
778 948 355 84 VILLE
1235 950 163 82 DE
1499 953 744 84 BRUXELLES

172 1142 59 39 La
297 1139 172 41 Société
508 1137 77 41 des
622 1136 260 41 Urbanistes
917 1136 151 49 belges
1105 1140 121 36 vient

108 1201 244 40 d'adresser
409 1201 23 36 à
491 1196 231 40 Messieurs
781 1195 60 40 les
899 1195 321 49 Bourgmestre,

102 1259 213 41 Echevins
355 1268 42 28 et
437 1256 265 40 Conseillers
740 1271 299 25 communaux
1084 1255 55 40 de
1182 1255 39 40 la

104 1321 100 40 ville
234 1321 55 38 de
319 1317 222 42 Bruxelles
572 1317 39 40 la
642 1317 125 39 lettre
796 1319 198 37 suivante
1023 1333 7 22 :

510 1436 235 45 Bruxelles,
776 1436 40 39 le
843 1436 22 40 2
897 1436 158 40 février
1090 1435 131 41 1921.

365 1543 244 42 Messieurs,

170 1604 60 39 La
268 1603 170 40 Société
480 1602 77 40 des
593 1601 259 41 Urbanistes
889 1601 163 48 belges,
1096 1603 127 37 émue

104 1679 174 24 comme
302 1663 39 39 la
364 1662 175 48 plupart
564 1677 88 24 non
674 1659 243 41 seulement
940 1660 55 40 de
1018 1676 80 24 nos
1120 1676 78 23 con-

104 1724 195 46 citoyens
328 1724 108 37 mais
465 1723 112 37 aussi
608 1719 55 40 de
693 1737 79 23 nos
804 1722 328 46 compatriotes,
1168 1717 55 41 de

104 1782 39 39 la
167 1784 116 37 triste
304 1783 204 39 situation
533 1796 83 31 que
640 1782 202 45 présente
867 1778 153 48 depuis
1043 1780 32 38 si
1099 1778 98 49 long-

105 1852 140 37 temps
268 1840 38 39 le
327 1857 119 22 coeur
470 1843 144 36 même
638 1839 55 40 de
716 1839 383 49 l'agglomération
1122 1837 75 40 bru-

104 1899 178 41 xelloise
312 1916 84 22 aux
426 1898 165 40 abords
626 1898 57 40 du
715 1901 116 37 tracé
863 1897 271 41 abandonné
1167 1897 56 40 de

104 1958 39 40 la
177 1961 198 47 jonction
410 1957 272 46 Nord-Midi,
719 1974 44 23 se
798 1968 171 38 permet
1004 1957 55 40 de
1093 1956 107 42 souli-

104 2034 104 32 gner
242 2020 157 46 auprès
436 2017 54 40 de
525 2034 111 23 vous
672 2034 95 31 que,
805 2033 79 32 par
919 2020 108 37 suite
1064 2017 55 40 de
1153 2027 70 30 cet

103 2076 209 41 abandon
339 2076 77 40 des
441 2088 183 28 travaux
649 2076 55 40 de
728 2076 39 40 la
793 2079 212 46 jonction,
1033 2077 42 40 la
1099 2083 122 35 toute

103 2135 198 41 dernière
338 2136 206 40 occasion
579 2152 44 23 se
659 2138 202 46 présente
898 2153 111 31 pour
1045 2135 39 40 la
1120 2135 103 42 ville

106 2194 54 40 de
181 2193 221 41 Bruxelles
424 2194 260 49 d'apporter
705 2211 83 23 une
809 2196 190 39 solution
1022 2194 202 49 élégante

105 2255 24 36 à
155 2251 370 51 l'aménagement
551 2254 55 39 de
633 2271 49 22 ce
709 2255 213 48 principal
952 2258 187 45 quartier
1169 2253 54 40 de

106 2311 40 40 la
172 2311 112 40 ville.

172 2369 36 41 T
213 2382 101 28 oute
341 2370 189 41 solution
563 2372 169 40 devrait
762 2375 89 37 être
881 2375 171 37 écartée
1082 2376 70 44 qui
1181 2389 45 23 se

109 2433 288 38 contenterait
437 2431 104 40 d'un
579 2434 343 46 aménagement
958 2432 154 49 rapide
1151 2431 77 42 des

111 2492 177 37 terrains
325 2489 271 48 disponibles
630 2507 52 23 en
717 2507 85 24 vue
838 2491 54 40 de
928 2491 39 40 la
1003 2502 199 30 construc-

113 2549 86 37 tion
228 2565 68 22 sur
324 2552 178 40 ceux-ci,
536 2561 41 28 et
605 2553 70 45 qui
703 2566 54 23 ne
786 2552 182 39 saisirait
997 2566 78 33 pas
1105 2550 102 41 l'uni-

110 2622 82 31 que
219 2618 41 28 et
289 2606 197 41 dernière
515 2612 203 36 occasion
746 2612 71 46 qui
845 2626 46 23 se
915 2612 216 45 présente,
1164 2612 42 38 ré-

110 2666 231 46 pétons-le,
369 2667 54 39 de
445 2668 210 39 résoudre
678 2668 40 40 le
740 2669 232 48 problème
996 2667 232 43 dominant

111 2735 119 30 toute
266 2726 300 42 urbanisation
604 2728 193 48 possible
834 2728 55 40 de
927 2727 234 47 Bruxelles,
1202 2731 24 37 à

110 2787 144 37 savoir
281 2803 7 21 :
314 2786 59 39 les
395 2787 207 40 relations
623 2798 121 30 entre
765 2787 39 40 le
825 2787 104 40 haut
948 2799 42 28 et
1010 2786 39 41 le
1070 2788 80 39 bas
1173 2787 54 40 de

111 2841 39 40 la
177 2843 112 40 ville.

175 2901 58 41 La
259 2903 171 41 Société
460 2905 75 39 des
561 2905 257 41 Urbanistes
842 2907 151 48 belges
1019 2908 140 48 prend
1186 2907 40 40 la

113 2960 150 42 liberté
304 2963 54 41 de
398 2968 205 45 suggérer
643 2969 24 36 à
708 2965 179 42 l'édilité
964 2965 264 42 bruxelloise

112 3019 10 40 1
143 3020 97 40 idée
270 3022 55 40 de
357 3023 272 42 l'institution
660 3025 105 40 d'un
795 3042 214 24 concours
1040 3028 164 38 interna-

112 3081 131 39 tional
275 3099 111 31 pour
416 3083 39 39 la
484 3084 189 40 solution
705 3085 57 40 du
792 3085 243 49 problème.

175 3139 59 40 La
254 3140 132 42 chose
405 3159 52 23 en
477 3153 106 30 vaut
601 3146 218 38 vraiment
838 3143 40 41 la
901 3147 139 46 peine.
1065 3144 164 42 Toutes

111 3196 58 40 les
200 3200 188 47 grandes
417 3202 210 48 capitales
658 3203 59 40 du
748 3204 167 40 monde
946 3215 78 29 ont
1054 3207 172 38 institué

111 3273 51 23 en
185 3259 134 47 pareil
342 3277 72 24 cas
440 3261 75 41 des
539 3278 215 24 concours
778 3264 55 40 de
858 3262 189 50 l'espèce
1075 3281 7 23 :
1110 3262 118 42 Paris

113 3325 92 31 tout
233 3318 334 48 dernièrement,
597 3320 172 47 Zurich,
800 3322 156 45 Berlin,
989 3322 241 41 Barcelone

113 3384 41 30 et
197 3379 232 47 cinquante
472 3391 144 30 autres
658 3382 189 48 grandes
890 3385 104 37 cités
1039 3382 109 40 dans
1192 3382 38 41 le

112 3436 165 39 monde
307 3441 147 35 entier.

1369 1137 118 41 Tous
1522 1155 71 23 ces
1626 1155 215 24 concours
1875 1138 145 42 furent
2054 1141 366 37 internationaux.

1370 1197 60 40 La
1451 1198 172 40 Société
1645 1197 77 41 des
1743 1197 259 42 Urbanistes
2023 1197 152 49 belges
2195 1199 230 47 préconise

1306 1257 39 39 le
1381 1274 214 22 concours
1633 1260 23 37 à
1696 1260 162 46 étapes.
1902 1256 60 41 La
2000 1258 217 47 première
2257 1259 130 46 étape
2415 1273 8 23 ;

1303 1332 216 24 concours
1545 1316 168 40 d'idées
1738 1331 108 25 avec
1872 1316 56 40 de
1952 1316 287 40 nombreuses
2263 1316 163 47 primes

1313 1375 80 48 (de
1433 1375 49 40 12
1517 1378 24 36 à
1580 1374 78 49 15)
1699 1375 322 48 d'importance
2053 1390 221 32 moyenne
2314 1373 49 49 (2
2401 1376 24 37 à

1307 1432 138 41 3.000
1479 1434 187 48 francs).

1370 1493 59 39 Le
1456 1493 187 39 nombre
1670 1493 77 39 des
1774 1493 165 39 dessins
1965 1495 146 45 exigés
2138 1491 77 42 des
2241 1508 158 24 concur-

1305 1563 115 28 rents
1460 1551 134 40 limité
1633 1568 54 23 au
1727 1554 243 37 nécessaire
2008 1568 112 31 pour
2160 1551 184 49 justifier
2385 1551 41 40 la

1303 1610 242 49 possibilité
1577 1611 55 39 de
1663 1611 249 40 réalisation
1944 1611 77 39 des
2051 1615 179 44 projets.

1371 1669 243 41 Deuxième
1644 1673 129 45 étape
1802 1688 7 21 :
1840 1670 60 39 les
1928 1680 173 30 auteurs
2132 1670 77 40 des
2238 1672 63 38 six
2329 1686 72 31 pre-

1304 1733 129 37 miers
1456 1733 167 46 projets
1647 1730 157 39 classés
1829 1732 186 38 seraient
2037 1730 183 48 appelés
2243 1732 24 37 à
2294 1729 105 39 déve-

1305 1789 157 49 lopper
1499 1805 70 23 ces
1606 1792 168 45 projets
1810 1806 53 22 en
1899 1804 215 24 concours
2150 1790 200 39 restreint
2384 1797 42 30 et

1305 1858 97 30 tous
1427 1847 60 41 les
1512 1850 63 37 six
1599 1848 212 40 rétribués
1836 1847 97 49 plus
1958 1850 312 38 sérieusement
2296 1847 56 41 de
2376 1863 50 24 ce

1303 1906 113 46 chef,
1454 1922 108 25 avec
1595 1923 84 23 une
1711 1909 140 45 prime
1883 1905 97 49 plus
2013 1909 268 45 importante
2314 1923 112 32 pour

1304 1966 39 40 le
1367 1970 147 46 projet
1537 1966 179 48 adopté.
1746 1966 140 39 L'aire
1912 1966 58 39 du
1993 1982 214 24 concours
2230 1968 196 46 pourrait

1305 2029 90 36 être
1429 2025 228 40 utilement
1692 2024 222 40 délimitée
1947 2042 80 31 par
2061 2025 60 39 les
2155 2025 271 41 boulevards

1306 2084 57 40 du
1390 2095 148 29 centre
1566 2093 41 30 et
1635 2084 61 39 les
1721 2083 271 41 boulevards
2020 2086 235 38 extérieurs
2283 2084 138 40 hauts.

1371 2142 200 42 L'Union
1611 2144 75 39 des
1724 2143 124 40 villes
1886 2154 42 29 et
1963 2159 258 25 communes
2257 2143 165 49 belges,

1305 2205 70 46 qui
1409 2220 24 22 a
1468 2205 68 37 été
1566 2202 189 49 appelée
1785 2219 78 31 par
1896 2203 39 39 la
1968 2218 236 25 commune
2239 2203 56 39 de
2327 2202 65 41 Mo-

1305 2261 462 49 lenbeek-Saint-Jean
1804 2264 24 37 à
1864 2262 169 40 dresser
2068 2262 38 39 le
2141 2278 283 33 programme

1305 2323 58 37 du
1398 2337 214 24 concours
1648 2321 168 40 d'idées
1850 2338 112 32 pour
1997 2321 331 40 l'urbanisation
2366 2320 59 41 du

1306 2382 213 38 territoire
1562 2379 56 40 de
1660 2390 113 28 cette
1814 2396 248 28 commune,
2108 2384 129 36 serait
2279 2383 121 37 asuré-

1303 2449 122 29 ment
1452 2448 122 30 toute
1600 2439 204 47 disposée
1830 2442 24 36 à
1881 2441 214 45 coopérer
2121 2455 108 24 avec
2256 2439 39 40 la
2321 2439 103 40 ville

1305 2497 56 39 de
1385 2496 222 41 Bruxelles
1632 2501 24 36 à
1683 2497 39 40 la
1748 2500 106 37 mise
1879 2515 69 22 sur
1973 2499 104 48 pied
2106 2498 104 41 d'un
2237 2498 56 41 tel
2319 2515 78 24 con-

1303 2572 137 25 cours.

1369 2614 59 40 La
1457 2614 171 40 Société
1658 2615 76 39 des
1762 2614 256 41 Urbanistes
2046 2615 151 49 belges
2225 2615 198 41 souhaite

1302 2676 238 43 vivement,
1575 2673 243 46 Messieurs,
1852 2678 96 37 voir
1978 2674 191 49 prendre
2199 2691 53 25 en
2282 2678 118 38 consi-

1305 2732 200 41 dération
1539 2743 112 30 cette
1684 2736 277 46 proposition
1996 2751 79 31 par
2110 2733 180 42 l'édilité
2322 2733 75 42 bru-

1303 2792 191 44 xelloise,
1527 2809 74 23 car
1634 2793 25 39 il
1693 2804 62 29 est
1785 2803 142 38 temps
1957 2794 159 47 qu'une
2147 2792 249 50 aggloméra-

1305 2855 90 37 tion
1435 2852 54 39 de
1526 2852 308 48 l'importance
1870 2852 55 40 de
1961 2862 126 30 notre
2122 2853 188 47 capitale
2378 2867 45 25 se

1304 2921 135 30 mette
1460 2911 119 39 enfin
1602 2914 25 36 à
1649 2910 40 41 la
1712 2911 182 40 hauteur
1917 2911 57 41 du
1997 2914 181 46 progrès
2202 2912 78 40 des
2302 2911 123 42 idées

1305 2970 236 40 modernes
1576 2970 109 40 dans
1717 2970 371 49 l'aménagement
2121 2970 55 40 de
2208 2988 79 24 son
2319 2970 104 50 plan

1306 3029 286 40 d'ensemble.

1371 3088 60 41 La
1460 3089 170 40 Société
1661 3088 77 40 des
1765 3088 256 41 Urbanistes
2049 3088 152 50 belges
2229 3107 24 22 a
2282 3088 117 42 l'hon-

1305 3165 104 23 neur
1442 3148 55 39 de
1526 3165 111 22 vous
1668 3150 230 46 exprimer,
1933 3147 243 46 Messieurs,
2212 3148 60 41 les
2303 3165 96 23 assu-

1306 3223 150 24 rances
1482 3207 76 40 des
1582 3209 255 38 sentiments
1863 3207 54 40 de
1940 3206 132 42 haute
2096 3206 327 42 considération

1307 3266 55 40 de
1384 3282 66 24 ses
1472 3266 231 40 membres.

1598 3382 59 41 Le
1689 3383 259 41 Secrétariat
1982 3384 55 38 de
2069 3383 40 41 la
2142 3384 39 40 S.
2219 3384 52 40 U.
2309 3384 45 40 B.
