4247 4038
3536 102 308 42 POESIA

975 300 1178 120 LASCIANDO
2280 296 848 111 VENEZIA

338 571 189 54 Addio
567 570 252 52 Venezia
842 574 12 46 !
894 586 74 34 ne
1007 567 59 51 la
1103 566 209 52 nebbia
1352 581 158 36 come

339 660 152 51 bella
530 659 194 49 donna
761 656 206 60 velata,
1010 653 93 53 cui
1142 653 287 68 risplende

339 747 101 69 più
479 745 41 51 il
560 743 205 52 sorriso
806 760 71 33 ne
916 741 241 52 l'ombra
1195 740 70 51 de
1310 740 53 50 le
1402 738 200 58 bende,

343 830 202 54 sorridi
585 829 61 52 in
686 847 80 33 un
807 828 235 52 mistero
1082 843 172 34 senza
1293 842 168 34 nome
1486 829 9 46 !

345 979 220 53 Grandi
604 978 193 69 palagi
837 978 61 49 in
936 976 94 51 bel
1067 976 155 51 lume
1263 974 56 51 di
1358 974 160 68 perla

347 1068 102 51 che
489 1069 172 48 acuta
700 1069 301 47 tenerezza
1040 1063 55 51 al
1136 1078 138 36 cuor
1315 1060 253 51 diffonde

342 1155 96 51 nel
478 1153 152 51 desio
671 1152 165 50 triste
878 1169 29 33 e
946 1152 176 58 lento,
1164 1149 57 51 di
1260 1147 276 69 profonde

346 1242 255 51 dolcezze
642 1239 213 66 ignote,
900 1238 101 51 che
1042 1237 52 51 le
1134 1234 173 69 ciglia
1348 1233 239 68 imperla
1611 1237 10 45 !

346 1389 85 51 La
468 1389 216 66 laguna
722 1387 251 68 pallente
1013 1383 400 68 illanguidisce

346 1492 34 34 a
418 1475 19 51 i
477 1474 122 51 tuoi
637 1473 153 69 piedi
830 1472 202 67 regina
1071 1472 170 62 d'oro,
1287 1488 29 32 e
1359 1468 168 70 quale

343 1580 82 33 un
464 1578 157 33 mare
662 1561 183 49 calmo
886 1558 57 51 di
981 1558 218 67 liquida
1240 1557 161 68 opale

343 1649 145 51 lieve
527 1648 44 50 il
611 1648 242 68 superbo
893 1662 173 51 sogno
1107 1649 97 46 tuo
1246 1643 308 52 blandisce.

350 1797 212 52 Serena
601 1796 94 50 nel
734 1794 233 51 silenzio
1006 1794 57 50 la
1101 1796 103 47 tua
1242 1794 143 49 nota

346 1887 181 48 forma
568 1882 46 51 si
654 1886 215 47 mostra
910 1898 33 33 a
982 1881 81 67 gli
1104 1879 161 52 occhi
1306 1879 103 51 che
1449 1878 47 51 ti
1538 1893 196 35 sanno.

347 1971 81 51 Le
466 1970 210 52 visioni
717 1970 90 50 del
847 1972 226 65 passato
1114 1983 193 35 vanno

347 2075 99 52 per
485 2058 58 50 la
581 2057 251 51 bellezza
873 2056 103 49 che
1016 2055 46 50 ti
1104 2053 152 51 tiene
1297 2053 253 51 immota.

351 2204 213 69 Sfugge
606 2203 274 52 dinnanzi
921 2204 55 50 al
1015 2203 217 66 guardo
1273 2203 101 50 che
1418 2201 320 68 rimpiange

350 2293 40 50 il
428 2292 243 51 Palazzo
710 2291 202 63 Ducal,
955 2290 210 63 chiaro,
1208 2307 34 33 a
1279 2290 59 49 la
1376 2288 138 60 riva,

352 2396 28 33 e
419 2396 100 50 per
557 2380 57 49 la
652 2378 212 69 piazza,
906 2376 338 67 meraviglia
1281 2375 149 59 viva,

353 2465 116 52 San
507 2465 211 63 Marco,
761 2466 139 50 l'oro
940 2465 67 51 de
1048 2464 19 50 i
1109 2464 122 50 suoi
1273 2462 164 68 raggi
1477 2461 218 69 frange.

353 2615 179 61 Quale
572 2632 119 33 una
731 2613 221 52 schiera
990 2612 58 51 di
1087 2611 240 68 patrizie
1368 2611 145 51 belle

353 2701 105 51 che
497 2700 47 52 si
586 2705 247 62 tengono
875 2718 33 31 a
949 2715 168 34 mano
1157 2698 371 63 dolcemente,

355 2787 47 50 si
441 2786 302 70 specchian
785 2787 94 50 nel
920 2786 199 51 canale
1157 2785 281 51 rilucente

355 2874 19 51 i
414 2874 121 52 tuoi
573 2874 236 68 palazzi,
853 2874 59 49 in
955 2874 110 49 due
1104 2872 93 51 file
1236 2871 239 68 gemelle
1500 2889 9 32 :

357 3027 258 47 creature
657 3022 253 52 animate
952 3021 55 51 di
1049 3021 219 51 ricordo

357 3110 296 51 emananti
692 3128 119 33 una
850 3113 199 48 stanca
1087 3109 240 58 voluttà,

360 3195 189 52 ricche
587 3196 59 51 di
685 3195 207 51 marmi
931 3195 253 51 d'ombre
1226 3212 29 33 e
1296 3194 57 51 di
1392 3194 172 58 beltà,

360 3283 256 52 formano
657 3302 80 31 un
778 3284 116 51 alto
934 3289 321 44 armonioso
1296 3283 254 49 accordo.

361 3419 47 49 E
446 3420 282 51 scendono
770 3438 33 33 a
842 3420 55 49 la
936 3420 87 49 lor
1061 3422 155 47 meta
1254 3419 53 50 le
1347 3417 208 52 barche

361 3505 170 62 lente,
573 3507 252 68 sospinte
865 3507 73 50 da
976 3507 57 50 la
1072 3506 156 51 forza
1267 3521 215 35 umana
1507 3523 10 47 ;

362 3595 264 50 sembran
666 3610 101 51 per
806 3610 118 33 una
962 3596 172 64 gente
1175 3609 344 34 sovrumana

362 3678 55 52 le
454 3679 143 51 belle
637 3679 185 51 frutta
863 3679 56 49 di
958 3679 94 51 cui
1091 3695 136 35 sono
1268 3676 200 52 carche
1494 3695 9 45 ;

2279 558 187 52 frutta
2507 558 322 51 d'autunno
2870 555 105 50 che
3017 569 158 36 come
3217 550 214 69 giulive

2282 643 306 68 immagini
2627 642 247 59 fiorenti,
2916 639 317 71 presentire

2279 731 178 50 fanno
2498 729 148 52 dolci
2687 727 203 70 sapori,
2933 727 97 50 nel
3069 724 183 52 desire

2281 818 67 51 de
2389 817 138 51 l'oro
2569 816 163 52 caldo
2772 816 70 49 de
2881 814 54 51 le
2974 813 165 69 polpe
3180 811 128 52 vive
3332 814 12 46 !

2279 954 166 52 Dolci
2485 953 186 70 sapori
2710 951 98 53 nel
2846 949 264 71 profumo
3148 965 175 51 grave

2281 1042 104 50 che
2424 1040 165 51 l'aria
2627 1039 303 69 impregna
2953 1056 10 33 :
3006 1037 151 50 tinte
3196 1034 160 52 verdi
3397 1051 31 34 e
3467 1049 154 35 rosse
3646 1035 10 46 !

2278 1129 81 51 Le
2399 1128 211 51 barche
2652 1129 148 47 sotto
2841 1125 56 50 al
2937 1141 134 52 peso
3110 1123 171 69 paion
3323 1137 186 35 scosse

2279 1217 73 49 da
2391 1214 187 69 quelle
2617 1214 117 50 vite
2775 1230 71 33 ne
2886 1212 54 49 le
2980 1227 182 34 mosse
3204 1209 210 68 ignave

2277 1339 48 51 E
2365 1340 73 50 da
2476 1340 59 50 la
2573 1340 169 67 porta
2781 1336 137 51 d'un
2959 1334 234 68 palazzo
3233 1331 224 60 bianco,

2278 1426 94 51 cui
2412 1424 175 69 vaghi
2626 1424 149 67 fregi
2814 1421 100 52 fan
2958 1421 149 51 ricco
3148 1419 229 60 monile,

2278 1531 120 33 una
2437 1512 248 67 gondola
2724 1509 215 52 scivola
2979 1506 195 53 sottile

2281 1603 148 48 sotto
2469 1599 43 50 il
2551 1597 159 52 tonfo
2751 1597 91 50 del
2881 1597 177 64 lungo
3099 1609 155 36 remo
3295 1595 213 49 stanco.

2279 1736 86 51 La
2404 1735 248 70 gondola
2690 1734 255 51 conduce
2986 1749 81 33 un
3106 1729 344 68 gondoliere,

2282 1825 197 50 ombra
2519 1821 185 51 snella
2742 1837 72 34 ne
2855 1819 193 67 l'agile
3088 1833 293 43 movenza,

2282 1927 29 33 e
2353 1912 225 49 sembra
2617 1908 92 51 del
2748 1908 229 67 passato
3017 1922 118 33 una
3177 1918 285 53 parvenza

2283 1997 104 50 che
2428 1995 268 69 sospinga
2737 1993 130 68 quel
2908 1992 136 50 nido
3085 1990 57 51 di
3180 1990 244 69 piacere.

2279 2131 119 52 Che
2436 2129 151 71 porti
2625 2131 98 51 nel
2763 2134 99 46 tuo
2903 2145 151 46 seno,
3097 2126 170 51 molle
3308 2125 179 51 nido?

2282 2206 46 62 È
2368 2220 57 50 la
2464 2218 247 67 gondola
2752 2216 150 51 fatta
2940 2233 103 51 per
3082 2215 234 50 l'amore
3341 2216 10 46 !
3394 2243 72 5 —

2283 2305 178 69 Sopra
2498 2305 241 66 l'acqua,
2782 2303 104 51 che
2928 2318 159 34 come
3128 2317 81 33 un
3248 2298 163 50 vinto
3452 2312 170 36 cuore

2283 2392 234 70 palpita,
2559 2390 151 69 porti
2751 2407 160 33 amor
2951 2387 257 52 morbido
3247 2385 137 51 nido
3407 2387 23 47 ?
3469 2415 73 6 —

2285 2515 47 63 È
2372 2529 57 51 la
2467 2528 248 67 gondola
2752 2525 150 52 fatta
2940 2542 101 52 per
3080 2524 232 49 l'amore
3336 2539 12 46 ;

2286 2633 95 33 ma
2418 2632 119 34 una
2574 2616 141 49 bara
2754 2613 211 50 distesa
3003 2611 143 51 v'è...
3189 2609 61 51 Si
3289 2608 154 52 culla

2287 2705 149 49 sotto
2478 2718 33 33 a
2547 2702 240 50 l'oscuro
2831 2700 212 68 drappo
3083 2714 159 35 come
3283 2695 61 51 in
3384 2694 154 52 culla

2287 2789 69 51 de
2395 2788 287 68 l'assopito
2721 2793 172 44 vento
2932 2785 98 51 nel
3067 2784 294 66 languore.

2287 2924 267 63 Venezia,
2596 2924 97 49 nel
2733 2923 185 50 saluto
2959 2924 263 57 estremo,
3264 2917 167 53 addio

2290 3013 88 50 del
2419 3029 136 34 cuor
2596 3011 104 50 che
2740 3010 47 50 si
2827 3009 223 68 diparte
3091 3008 270 61 doloroso,

2292 3103 160 47 sente
2492 3097 236 52 l'anima
2768 3097 238 50 ardente
3047 3095 104 51 che
3190 3094 43 50 il
3273 3093 186 68 riposo

2291 3185 203 51 ultimo
2533 3184 63 51 in
2636 3188 57 46 te
2733 3183 278 51 dev'esser
3050 3180 136 51 lieto
3228 3178 165 61 oblio,

2291 3321 209 69 perchè
2539 3321 57 51 la
2634 3321 127 50 luce
2801 3324 103 46 tua
2942 3319 59 51 la
3038 3320 141 50 bara
3217 3333 139 34 nera

2292 3408 254 67 avvolge,
2589 3425 30 33 e
2660 3408 153 50 culla
2851 3406 62 50 in
2953 3423 81 34 un
3073 3405 135 51 nido
3248 3403 267 59 d'amore,

2293 3511 166 52 sopra
2495 3494 206 69 l'opale
2740 3493 220 68 liquida
3000 3491 104 53 che
3144 3507 225 34 smuore

2293 3599 72 35 ne
2404 3582 240 50 l'ombra
2683 3579 398 68 dileguandosi
3120 3579 234 66 leggera
3377 3579 10 47 !

2723 3689 592 43 Anita
3333 3689 166 43 Raffaella
3517 3689 185 43 Cavalieri.

1972 3847 197 36 23
