4247 4038
418 169 395 59 extravagancia,
849 183 132 32 corno
1016 183 64 32 un
1113 169 234 60 producto
1397 169 229 46 cloratico
1674 183 88 46 por
1796 170 137 46 todas
1946 169 4 60 '
1968 172 71 45 las

419 231 244 55 naciones,
699 233 101 44 solo
833 234 139 43 entre
1006 236 70 41 los
1112 234 168 43 cuatro
1305 245 26 32 o
1366 233 96 44 seis
1486 234 376 56 extravagantes
1886 234 57 46 de
1969 235 48 43 in-

418 294 244 59 spiración
695 292 145 47 tìsica
874 308 93 44 que
1006 295 97 56 hay
1151 308 60 31 en
1256 294 121 45 cada
1420 294 106 59 pais
1576 294 267 47 civilizado.
1890 296 47 45 Si
1987 310 50 32 es

418 370 89 44 por
554 369 81 31 ese
957 360 86 53 feto
1226 357 171 42 ritmico
1040 369 88 45 per
1178 357 45 43 lo
1273 369 91 45 que
1399 357 57 43 V.
1491 369 74 31 me
1615 358 241 56 pregunta
1888 370 30 43 y
1951 370 89 44 por

419 432 56 31 su
508 417 242 60 prosodia,
784 418 46 45 le
864 418 103 46 diré
1001 431 92 44 que
1126 432 96 39 eso,
1256 432 56 31 en
1350 418 171 45 dentro
1555 417 57 46 de
1646 419 47 44 la
1725 419 173 45 misma
1940 419 75 45 len-

418 494 99 43 gua
550 480 220 45 francesa
808 480 131 45 tiene
973 480 240 57 prosodia,
1249 493 87 44 por
1369 493 93 44 que
1510 492 52 33 es
1612 493 98 32 una
1754 480 283 59 majaderia,

419 557 98 30 una
550 543 271 45 verdadera
855 541 262 60 estupidez,
1153 543 73 44 sin
1261 541 171 59 logica,
1467 555 92 45 que
1593 555 51 32 se
1695 555 83 32 cae
1813 544 96 44 ella
1943 543 62 44 mi-

419 617 119 40 sma,
576 604 75 45 sin
686 604 216 59 siquiera
936 605 224 58 soplarle,
1195 617 134 32 corno
1363 617 51 32 se
1449 604 162 45 caeria
1644 605 47 43 la
1731 606 130 43 torre

421 666 40 44 si
497 666 169 58 dejara
700 666 57 45 de
793 670 132 41 estar
958 666 239 47 sometida
1239 680 29 30 a
1312 678 97 32 una
1453 664 230 46 cadencia
1722 666 150 57 justa,
1913 678 126 32 aun

421 728 143 46 ritmo
599 728 321 44 matematico.
955 731 71 41 En
1070 731 207 55 Espana,
1312 741 92 44 que
1438 727 128 45 tiene
1601 741 176 43 sangre
1822 727 218 45 literaria

419 790 215 59 propria,
670 790 180 46 idioma
883 790 286 59 amplisimo,
1204 789 226 60 prosodia
1452 789 259 58 polifonica
1744 803 31 43 y
1806 789 139 46 todas
1970 790 70 45 las

421 866 212 32 musicas
920 868 180 36 nueva-s,
1349 855 154 42 dentro
1728 854 52 42 de
1896 866 55 31 su
1438 865 90 45 que
1562 864 60 43 yo
1653 852 43 44 le
1730 851 58 45 he
1824 852 122 44 dado
1980 865 59 32 en

421 915 73 44 los
527 913 292 46 veinticinco
854 916 118 43 ànos
1006 913 194 45 ultimos
1234 908 59 50 eii
1327 915 194 57 Espana
1552 926 92 43 que
1683 925 60 43 yo
1787 913 59 44 he
1889 913 151 45 hecho

422 990 103 30 mas
560 976 237 45 sinfònico
830 988 92 45 que
955 988 98 32 una
1086 978 228 55 orquesta
1347 988 29 43 y
1409 987 103 32 mas
1545 973 231 60 pictórico
1820 987 90 44 que
1945 987 96 32 una

421 1039 164 57 paleta
619 1038 58 46 de
710 1035 176 61 pintor,
921 1052 31 42 y
985 1052 91 44 que
1110 1040 137 42 estàn
1282 1039 138 43 todas
1453 1051 108 30 esas
1597 1035 303 47 condiciones
1935 1049 70 32 mo-

421 1100 178 45 dernas
633 1113 91 44 que
759 1113 59 43 yo
851 1100 46 45 le
931 1100 60 45 he
1026 1099 122 46 dado
1173 1101 190 42 curadas
1396 1103 46 40 al
1471 1101 79 51 sol,
1574 1100 203 42 rociadas
1806 1113 79 29 coti
1918 1108 122 45 gotas

428 1162 209 43 sublimes
892 1164 52 41 de
1042 1162 127 43 vinos
1343 1162 122 43 lerèz
1030 1174 123 45 para
1175 1175 93 43 que
1291 1174 116 31 sean
1433 1172 143 32 sanas
1599 1172 31 44 y
1653 1161 134 43 esten
1811 1160 202 44 embalsa-

422 1225 168 44 madas
610 1237 11 41 ;
645 1237 59 32 en
729 1226 209 56 Espana,
963 1223 169 59 repito,
1159 1223 152 46 donde
1335 1222 111 58 bajo
1468 1222 65 44 mi
1555 1222 166 58 piuma
1744 1223 62 43 ha
1843 1221 197 45 brotado

422 1298 98 32 una
554 1298 159 32 nueva
1072 1287 215 52 prosodia
1570 1288 207 51 espanola
1231 1297 30 43 y
1296 1298 61 31 un
1392 1297 154 32 nuevo
1592 1283 101 46 colo
1698 1283 103 44 rido

421 1360 30 44 y
487 1362 49 31 se
572 1346 71 46 rie
677 1360 31 32 a
739 1348 213 57 grandes
986 1346 283 59 carcajadas
1303 1348 49 43 la
1383 1350 144 54 gente
1561 1344 57 47 de
1651 1359 113 42 gran

422 1410 58 44 de
515 1423 109 31 esas
658 1409 231 45 idioteces
924 1409 58 45 de
1009 1425 24 26 «
1058 1407 250 47 Monsieur
1331 1409 277 44 Mallarmée
1634 1423 24 26 »
1682 1406 239 59 paseadas
1954 1420 87 45 por

425 1471 223 46 America
681 1484 89 45 por
803 1485 83 30 sus
919 1470 295 52 imitadores,
1250 1468 366 61 (impersonales
1650 1482 31 44 y
1703 1468 337 59 automàticos)

422 1546 136 32 corno
592 1546 51 32 se
677 1546 179 44 pasean
893 1546 88 44 por
1014 1533 71 43 los
1119 1531 240 58 viajantes
1394 1532 57 44 de
1479 1529 191 60 joyeria
1693 1531 136 53 falsa,
1855 1531 71 44 los
1950 1532 69 43 dia-

432 1603 169 36 mantes
839 1595 181 50 americanos,
1021 1608 84 43 que
1106 1593 98 58 aqui
1245 1593 251 44 llamamos
1545 1592 345 57 graficamente
1940 1592 76 44 dia-

423 1659 189 43 mantes
647 1656 58 46 de
1066 1660 96 40 culo
1330 1659 52 41 de
1500 1670 120 31 vaso.
1113 1655 57 46 Ni
1203 1656 48 44 la
1283 1655 171 45 matriz
1490 1654 188 58 poetica
1701 1654 76 44 del
1811 1654 229 44 clorotico

423 1720 282 44 Mallarmée
755 1731 85 32 era
879 1730 147 46 capaz
1076 1717 57 46 de
1178 1716 223 46 concebir
1444 1716 125 58 hijos
1613 1715 214 45 ritmicos
1876 1716 165 44 conlas

422 1781 198 57 piernas
654 1793 58 32 en
746 1792 56 32 su
836 1780 126 53 sitio,
996 1793 30 42 y
1060 1780 71 44 los
1165 1778 100 59 ojos
1301 1792 61 33 en
1397 1792 55 32 su
1488 1777 127 56 sitio,
1679 1791 31 43 y
1743 1791 91 44 que
1870 1777 169 46 fuesen

431 1843 250 43 armónicos
720 1840 50 45 in
816 1840 263 59 semejante
1702 1840 118 44 litiritero
1821 1852 104 46 supo
1926 1839 113 59 jamas,

422 1917 89 45 por
559 1917 92 44 que
696 1917 85 31 era
825 1917 64 30 un
934 1903 277 58 impotente,
1245 1903 46 44 lo
1325 1915 91 45 que
1460 1915 80 32 era
1587 1915 77 31 ser
1696 1901 150 59 padre
1881 1901 159 58 digno,

425 1965 49 43 ni
513 1964 176 45 artista
720 1964 186 57 grande
939 1978 32 42 y
1002 1966 210 56 potente.
1247 1964 196 44 Cuando
1493 1975 50 33 se
1587 1962 279 58 engendran
1915 1962 125 59 hijos

423 2026 216 46 ritmicos
684 2026 219 58 (versos),
938 2040 92 44 que
1063 2030 181 53 tengan
1283 2039 97 31 una
1411 2025 172 58 pierna
1625 2037 103 32 mas
1768 2026 137 56 larga
1950 2039 91 44 que

423 2092 121 51 otra,
595 2102 64 32 un
709 2088 77 59 ojo
835 2102 58 32 en
944 2101 56 32 su
1051 2087 110 46 sitio
1209 2101 32 43 y
1289 2087 44 46 el
1382 2089 104 44 otro
1526 2101 58 32 en
1618 2101 64 30 un
1733 2087 207 53 carrillo,
1978 2101 62 30 un

423 2152 144 43 brazo
601 2150 196 45 naturai
830 2163 30 43 y
894 2152 105 42 otro
1033 2149 57 45 de
1123 2162 66 32 un
1212 2148 270 53 Itilometro,
1508 2161 107 33 esos
1639 2148 124 58 hijos
1786 2162 51 32 se
1861 2149 178 45 llaman

430 2214 269 56 fenómemos
713 2225 32 43 y
778 2225 50 32 se
863 2225 89 32 ven
987 2224 60 33 en
1081 2211 71 46 los
1187 2213 290 44 barracones
1510 2210 59 46 de
1592 2210 73 46 las
1688 2210 149 46 ferias
1871 2210 28 45 à
1938 2210 102 47 diez

423 2274 234 47 céntimos
691 2275 48 44 la
772 2274 218 45 entrada.

548 2337 90 43 Los
672 2335 305 54 romànticos,
1011 2333 405 46 tramsformaban
1451 2333 47 45 la
1529 2333 228 59 prosodia
1790 2347 29 43 y
1843 2335 45 43 el
1922 2335 96 57 espi-

423 2397 99 45 ritu
558 2397 192 56 clàsico,
775 2395 344 60 engendrando
1145 2395 275 46 creaciones
1824 2408 60 32 no
1908 2409 133 32 corno

425 2473 132 32 seres
770 2462 184 48 bisexuales;
955 2459 57 44 los
1013 2456 309 47 naturalistas
1355 2456 381 46 transformaron
1773 2456 45 45 el
1851 2470 159 32 roman-

423 2521 191 46 ticismo
648 2521 348 59 engendrando
1038 2520 126 58 hijos
1207 2520 228 58 poéticos,
1470 2534 119 29 corno
1634 2520 199 43 hombres
1876 2533 131 33 armo-

423 2582 162 46 niosos
619 2596 32 43 y
682 2583 184 45 fuertes
880 2596 11 41 ;
925 2582 74 45 los
1033 2595 90 44 que
1157 2582 165 45 hemos
1347 2581 151 44 hecho
1522 2581 47 46 la
1592 2580 171 45 ultima
1796 2581 216 46 transfor-

423 2644 188 46 mación
662 2646 58 44 de
769 2646 48 44 la
866 2657 145 46 prosa
1043 2657 32 43 y
1108 2644 57 45 de
1214 2644 49 45 la
1311 2644 180 58 poesia,
1527 2643 164 46 hemos
1731 2643 310 56 engendrado

425 2707 205 44 estrofas
663 2719 32 44 y
727 2705 237 60 pàrrafos,
1585 2719 121 30 corno
1894 2707 158 42 hombre
1401 2718 85 32 con
1512 2705 110 45 todo
1646 2704 43 46 el
1722 2700 144 61 fuegò
1900 2705 140 45 noble

425 2768 57 45 de
516 2771 201 42 nuestra
751 2769 127 44 alma
911 2782 30 43 y
985 2766 111 46 todo
1146 2768 46 44 el
1241 2770 192 55 respeto
1479 2766 207 57 sagrado
1735 2765 57 46 de
1844 2770 196 42 nuestro

425 2844 229 40 corazon;
687 2844 117 46 pero
840 2831 293 52 Mallarmée,
1170 2830 57 44 de
1263 2830 144 57 quien
1442 2829 169 45 vienen
1646 2830 71 43 los
1752 2831 260 55 espermato-

423 2891 160 47 zoides
618 2892 180 55 tisicos,
833 2905 92 44 que
960 2893 73 43 los
1067 2888 302 47 americanos
1404 2892 29 42 à
1466 2891 119 44 falta
1617 2891 58 44 de
1708 2890 138 44 bolsa
1879 2903 136 46 esper-

425 2953 177 46 màtica
634 2953 187 60 propia,
856 2954 94 45 han
983 2952 193 45 tratado
1211 2950 57 47 de
1293 2952 212 44 difundir
1528 2950 50 61 (à
1599 2953 70 44 los
1692 2952 198 44 inuchos
1923 2966 117 31 anos

425 3015 57 45 de
516 3019 188 42 inuerto
738 3015 45 46 el
817 3018 110 42 vate
963 3014 210 60 francès)
1206 3027 88 45 por
1329 3013 221 47 America
1583 3013 110 61 (que
1729 3027 59 30 no
1822 3014 130 44 tiene
1987 3014 36 44 li-

423 3080 222 43 teratura
677 3077 192 60 propia)
901 3090 32 43 y
955 3090 88 46 por
1073 3080 195 55 Espana
1292 3075 110 61 (que
1427 3077 39 44 si
1490 3077 48 44 la
1561 3076 164 60 tiene),
1745 3076 294 54 Mallarmée,

423 3140 172 44 vuelvo
629 3152 29 31 a
691 3138 196 59 repetir,
922 3151 61 32 no
1032 3137 246 59 engendró
1326 3138 127 45 nada
1501 3151 134 32 corno
1684 3137 212 48 hombre.
1937 3137 103 46 sino

423 3215 135 31 corno
593 3202 334 56 hermafrodita,
952 3213 31 44 y
1006 3213 134 32 corno
1173 3199 71 45 los
1654 3212 61 32 no
1739 3198 159 47 sirven
1921 3212 121 45 para

423 3264 50 45 la
506 3263 194 46 funcion
736 3265 58 44 de
828 3276 152 40 crear,
1015 3262 57 45 de
1113 3263 80 44 ahi
1244 3276 81 31 sus
1374 3277 125 29 verso
1528 3267 130 50 cojos,
1710 3276 56 31 su
1815 3262 227 58 prosodia

425 3325 73 45 sin
549 3328 190 42 àtomos
785 3324 59 46 de
893 3337 161 40 ozono,
1090 3337 56 31 su
1194 3324 131 44 color
1373 3323 224 58 exangiie
1631 3323 74 45 sin
1744 3323 175 50 hierro,
1960 3337 81 30 sus

425 3386 238 58 imagines
708 3386 73 46 sin
826 3385 282 59 pinceladas
1141 3386 57 45 de
1232 3385 136 56 yodo,
1404 3399 56 32 su
1504 3384 204 47 sintaxis
1742 3385 74 44 sin
1856 3398 154 43 coyun-

425 3451 151 53 turas,
611 3462 135 32 corno
788 3448 48 45 la
878 3448 199 46 lombriz
1120 3461 31 43 y
1194 3461 56 32 su
1294 3447 284 46 raouitismo
1621 3447 74 46 sin
1739 3447 192 53 fòsforo,
1966 3447 73 44 sin

425 3512 143 54 cales,
604 3511 75 45 sin
713 3512 218 56 oxigeno.
968 3511 57 44 Ni
1068 3523 83 33 eso
1194 3523 52 31 es
1291 3511 125 44 nada
1460 3509 111 52 alto,
1615 3509 185 57 grande
1832 3522 30 43 y
1896 3508 145 58 digno

426 3571 57 46 de
527 3573 47 44 la
620 3571 217 59 Sagrada
870 3571 186 55 Poesia,
1101 3570 50 45 ni
1194 3573 220 56 tampoco
1457 3583 58 32 en
1560 3571 71 45 los
1670 3570 202 46 idiomas
1905 3584 110 32 euro-

423 3646 130 46 peos,
605 3646 86 33 con
742 3632 253 47 fisonomia
1040 3632 186 60 propia,
1277 3634 117 44 cabe
1438 3645 84 32 esa
1564 3631 226 60 prosodia
1838 3635 204 42 extrana

426 3710 29 30 a
488 3697 48 45 la
727 3698 273 54 complexiòn
1367 3697 220 55 filològica
1874 3698 52 41 de
2044 3710 8 28 c
1593 3695 112 45 todo
1739 3695 178 44 idioma
1950 3707 90 45 que

425 3761 147 56 tenga
604 3771 91 46 que
729 3771 209 33 renovar
971 3772 54 31 su
1060 3756 238 61 prosodia,
1335 3756 412 47 necesariamente
1769 3757 64 44 ha
1867 3756 57 45 de
1959 3758 56 42 ha-

426 3820 128 46 cerlo
588 3833 88 33 con
710 3820 263 46 elementos
1006 3819 258 47 musicales
1310 3820 195 54 propios,
1541 3832 30 42 y
1621 3832 60 32 no
1730 3818 184 46 traidos
1965 3817 75 45 del

2335 170 191 46 francés
2541 183 9 40 ;
2585 184 31 43 y
2649 183 173 45 querer
2856 170 151 46 llevar
3031 173 28 41 à
3082 170 121 44 cada
3237 169 179 45 idioma
3439 167 227 61 prosodia
3688 183 30 42 y
3742 166 206 47 sintaxis

2335 233 59 45 de
2427 236 118 51 otro,
2580 245 51 33 es
2664 237 85 40 tan
2782 232 221 59 estùpido
3037 245 134 32 corno
3205 245 175 44 querer
3412 245 92 44 que
3538 245 65 32 un
3636 244 86 45 pez
3756 230 111 44 viva
3890 242 57 32 en

2335 294 45 45 el
2413 293 103 46 aire
2547 306 129 44 yun
2710 293 169 59 pàjaro
2913 294 137 45 enel
3090 306 127 46 aqua
3283 294 90 44 Los
3422 294 377 56 extravagantes
3850 291 99 44 solo

2335 355 187 59 pueden
2787 357 141 43 masturbarsti
2929 357 60 44 la
2990 355 204 54 fantasia,
3228 369 88 45 por
3351 369 57 31 no
3443 369 80 32 ser
3554 368 204 46 capaces
3783 354 57 43 de
3876 367 50 30 ce-

2335 419 160 44 lebrar
2529 432 97 30 una
2658 416 181 60 amplia
2871 432 32 42 y
2936 419 159 44 honda
3128 432 30 43 y
3191 418 207 45 fecunda
3418 418 174 58 copula
3615 429 89 33 con
3728 418 49 43 la
3802 416 147 44 Santa

2336 480 183 44 Poesia.

2458 542 162 43 Ahora
2653 554 92 45 que
2778 550 209 37 estamos
3020 554 59 31 en
3114 541 141 57 pieno
3290 542 153 55 Mayo,
3468 554 114 31 saca
3605 542 29 42 à
3672 540 47 43 la
3751 538 127 45 vista
3902 540 47 43 la

2336 604 287 43 Naturaleza
2658 604 44 43 la
2739 602 226 47 variedad
3001 602 191 45 infinita
3215 604 57 43 de
3297 616 81 33 sus
3402 602 295 59 arquetipos,
3721 601 58 45 de
3812 601 137 45 todos

2336 677 80 31 sus
2451 665 181 43 moldes
2665 678 31 42 y
2729 665 256 57 troqueles,
3020 678 119 44 para
3173 678 207 32 ensenar
3412 678 97 32 una
3542 677 81 33 ves
3661 663 114 53 roàs,
3811 675 29 31 a
3877 663 72 43 los

2335 730 182 53 poetas,
2551 739 133 32 corno
2717 739 51 32 se
2805 728 147 44 hacen
2989 728 70 44 los
3093 740 178 32 versos.
3305 729 105 43 Yea
3438 728 50 43 V.
3514 726 72 45 las
3622 738 134 33 rosas
3778 740 9 29 :
3811 725 138 43 todas

2335 788 161 45 tienen
2533 788 261 59 completos
2828 802 81 32 sus
2943 792 196 42 aeentos
3162 801 9 41 ;
3206 802 89 31 vea
3328 788 57 46 V.
3424 790 68 43 los
3526 788 210 45 claveles
3755 801 9 29 :
3811 786 137 46 todos

2335 849 161 46 tienen
2547 851 195 45 cabales
2786 863 80 32 sus
2916 863 163 33 versos
3100 862 10 42 ;
3147 865 86 31 vea
3276 852 57 43 V.
3384 852 71 43 los
3496 849 236 59 jazmines
3754 865 7 29 :
3812 848 137 45 todos

2334 910 161 46 tienen
2531 912 70 44 los
2635 912 185 57 pétalos
2843 912 188 57 iguales
3051 924 9 41 ;
3091 926 89 31 vea
3201 913 57 44 Y.
3284 913 71 44 las
3379 910 137 60 hojas
3540 912 58 44 de
3623 909 121 47 cada
3764 910 185 58 pianta,

2335 974 57 44 de
2428 974 148 53 àrbol,
2612 973 57 45 de
2705 974 120 44 cada
2861 975 85 45 fior
2964 987 9 40 ;
3008 975 137 45 todas
3186 988 83 32 sou
3313 988 163 32 versos
3515 974 203 58 iguales,
3754 974 195 43 aeentos

2335 1034 202 58 iguales,
2574 1035 146 46 rimas
2753 1036 201 57 iguales.
2989 1039 42 42 Y
3064 1037 70 44 asi
3170 1037 96 55 bay
3304 1050 90 45 que
3434 1036 203 46 escribir
3660 1037 71 42 los
3769 1046 179 40 versos,

2335 1109 132 33 corno
2503 1097 68 45 los
2606 1096 186 46 escribe
2828 1097 110 45 Dios
2970 1111 32 42 y
3035 1111 132 32 corno
3203 1100 69 43 los
3305 1098 186 45 escribe
3540 1098 47 44 la
3633 1096 314 46 Naturaleza:

2335 1171 95 31 aun
2466 1159 156 45 dando
2656 1173 96 31 una
2785 1159 225 59 prosodia
3043 1173 157 32 nueva
3222 1173 28 31 a
3274 1161 47 44 la
3342 1162 179 57 poesia,
3547 1173 133 32 corno
3714 1159 60 45 he
3797 1158 152 44 hecho

2335 1233 60 43 yo
2438 1234 60 32 en
2549 1224 205 55 Espana,
2789 1236 29 41 y
2852 1234 97 32 una
2983 1222 134 44 savia
3149 1236 32 41 y
3214 1236 64 31 un
3313 1222 213 45 misterio
3570 1233 167 41 nuevo,
3774 1220 71 45 los
3891 1220 58 45 he

2336 1281 176 46 escrito
2546 1295 88 32 con
2670 1296 60 31 un
2766 1282 211 45 altisimo
3002 1289 190 52 respeto
3217 1296 27 31 a
3269 1284 69 44 los
3361 1285 196 43 aeentos
3581 1296 31 44 y
3634 1296 30 31 a
3686 1282 74 45 las
3783 1280 165 47 rimas.

2458 1346 192 57 Espana
2683 1357 60 32 no
2777 1343 178 46 admite
2990 1346 46 43 la
3069 1345 226 57 prosodia
3328 1345 224 45 francesa
3600 1345 76 44 del
3727 1346 196 43 extrava-

2335 1407 146 56 gante
2516 1407 293 53 Mallarmée,
3351 1421 168 44 porque
3751 1408 186 54 Espana

2343 1469 139 42 derna
2679 1469 124 54 propia
2804 1468 70 51 ;lo
2875 1468 160 44 demàs
3036 1481 59 31 son
3129 1482 136 32 cosas
3299 1468 57 46 de
3601 1468 58 44 de
3694 1467 142 53 circo,
3872 1479 54 32 vo-

2339 1528 187 54 latines,
2560 1531 183 52 titeres,
2777 1529 196 58 propios
3007 1529 57 46 de
3097 1533 144 54 gente
3265 1530 72 45 sin
3374 1530 248 45 sustancia
3645 1529 49 44 ni
3718 1528 233 58 dignidad

2339 1591 221 45 humàna.
2597 1592 68 44 En
2702 1594 192 56 Espana
2927 1592 151 45 hacen
3896 1608 57 28 ver

2336 1652 361 46 sencillamente
2731 1656 182 56 porquè
2949 1667 59 32 no
3057 1655 187 57 pueden
3286 1655 221 44 hacerlos
3556 1660 82 39 tan
3688 1653 263 45 altamente

2335 1714 308 57 magistrales
2678 1728 132 32 corno
2844 1717 70 43 los
2950 1717 247 52 maestros,
3223 1730 90 44 que
3340 1717 92 44 han
3457 1716 191 58 llegado
3671 1728 31 31 a
3725 1728 96 32 una
3844 1728 81 45 per-

2336 1775 157 46 fecion
2527 1789 240 46 suprema.

2467 1837 88 46 [.os
2587 1840 169 56 poetas
2789 1853 90 43 que
2902 1853 61 30 no
2987 1853 49 31 se
3062 1839 193 56 ajustan
3279 1853 120 44 para
3422 1839 203 45 escribir
3648 1851 181 41 versos,
3854 1851 28 31 a
3905 1839 46 44 lo

2336 1912 91 44 que
2451 1900 189 57 impone
2659 1900 366 45 rotundamente
3051 1900 108 45 Dios
3182 1914 32 43 y
3237 1914 29 30 a
3288 1901 45 44 lo
3358 1914 88 44 que
3467 1900 190 58 impone
3679 1901 44 43 la
3747 1898 204 46 sublime

2338 1961 162 45 Madre
2535 1963 302 51 Naturaleza,
2874 1976 58 32 no
2966 1976 101 41 son,
3102 1962 393 55 literariamente,
3520 1962 126 58 hijos
3669 1962 58 46 de
3758 1963 48 43 la

2336 2023 162 43 Madre
2503 2058 9 17 ,
2547 2023 106 44 sino
2687 2024 265 45 solamente
2987 2022 124 59 hijos
3145 2024 58 45 de
3237 2024 48 43 la
3319 2023 160 46 Gran
3515 2028 157 51 puta.

3220 2123 333 42 Salvador
3581 2123 259 43 Rueda.

2435 2238 55 36 Es
2519 2239 342 47 completamente
2889 2239 213 47 imposible
3131 2241 206 33 contestar
3364 2251 51 23 en
3434 2250 141 25 menos
3603 2241 162 45 espacio
3784 2239 40 36 al
3843 2244 108 30 tema

2337 2290 192 45 anterior,
2559 2288 117 35 sobre
2705 2288 37 36 el
2770 2300 77 35 que
2874 2300 52 35 yo
2954 2288 143 47 podria
3123 2288 168 36 escribir
3319 2291 87 32 otro
3434 2289 104 35 libro
3558 2288 227 48 seme]ante
3813 2289 40 35 al
3872 2300 78 35 que

2338 2337 97 36 liace
2464 2340 139 33 veinte
2638 2337 98 36 anós
2764 2337 159 48 escribi,
2952 2338 176 35 titillarlo
3156 2338 47 37 El
3230 2338 140 37 Hitmo
3376 2363 11 23 ?
3416 2351 28 34 y
3471 2350 78 34 que
3575 2337 70 36 fué
3672 2338 37 35 el
3738 2337 145 47 origen
3902 2338 48 35 de

2336 2388 40 34 la
2402 2386 141 48 poesia
2582 2386 194 36 moderna
2804 2399 49 23 en
2881 2387 174 47 Espana.
3084 2387 58 35 Lo
3169 2398 77 36 que
3287 2387 93 46 digo
3421 2399 49 23 en
3511 2392 109 31 esfcas
3660 2388 223 46 cuarfcillas,
3911 2387 40 35 lo

2336 2436 225 36 traduciria
2588 2449 99 35 muy
2715 2436 95 36 bien
2837 2437 40 34 la
2904 2448 102 35 gran
3033 2438 270 46 inteligencia
3330 2438 48 34 de
3406 2439 53 32 mi
3490 2438 137 46 amigo
3655 2439 174 42 Pagano.

2339 2601 298 41 HENRI
2663 2600 314 43 GrMEON
3000 2599 225 52 risponde
3239 2611 8 27 :

2460 2706 52 42 Je
2556 2718 163 44 pense,
2775 2716 109 32 mon
2930 2704 114 44 cher
3087 2704 231 52 confrère,
3364 2716 91 45 que
3500 2704 42 44 le
3878 2713 71 38 est

2336 2768 138 49 mort,
2516 2780 58 32 en
2612 2770 108 42 tant
2763 2779 92 44 que
2898 2779 123 36 vers,
3067 2779 58 30 en
3170 2767 104 42 tant
3317 2779 90 43 que
3451 2765 136 54 libre,
3633 2765 62 44 du
3739 2766 107 58 jour
3890 2780 59 32 ou

2336 2829 176 44 l'effort
2545 2829 293 45 concordant
2871 2827 57 46 de
2963 2841 76 32 ses
3072 2829 193 56 apòtres
3288 2840 29 31 a
3341 2827 89 44 mis
3460 2841 84 30 sur
3568 2828 110 59 pied
3702 2831 43 42 la
3777 2832 174 52 strophe

2336 2892 273 55 analytique:
2664 2890 160 57 quand
2880 2902 118 31 nous
3054 2888 183 45 disons:
3294 2900 107 32 vers
3448 2888 134 52 libre,
3628 2890 127 43 c'est
3799 2889 150 47 d'elle

2338 2951 124 57 qu'il
2496 2951 166 59 s'agit.

2462 3016 66 42 La
2562 3012 219 59 critique,
2816 3014 96 43 mal
2951 3011 245 51 informée,
3242 3025 57 30 en
3345 3017 72 38 est
3460 3025 173 32 encore
3678 3012 29 45 à
3750 3014 48 44 la
3843 3026 83 32 con-

2338 3074 190 59 ception
2554 3074 223 59 nègative
2801 3076 83 43 des
2908 3073 235 59 premiers
3161 3072 144 58 jours,
3327 3072 340 60 incompatible
3686 3074 265 46 désorrnais

2338 3149 115 33 avec
2488 3139 135 42 notre
2659 3135 131 46 souci
2824 3135 238 46 cartésien
3096 3134 57 46 de
3177 3135 290 45 construire:
3505 3148 118 32 nous
3653 3149 58 32 en
3746 3149 205 33 sommes

2338 3213 61 30 au
2456 3199 344 53 rationalisme,
2858 3199 257 44 Messieurs
3135 3198 9 44 !
3199 3199 66 43 Ne
3309 3210 120 32 nous
3482 3198 213 57 objectez
3755 3213 86 44 pas
3904 3200 45 45 la

2336 3261 258 57 technique
2634 3261 218 45 flottante
2886 3259 63 44 du
2993 3259 238 45 delicieux
3270 3260 220 51 Jammes,
3529 3257 312 49 individuelle
3886 3261 61 45 du

2339 3323 201 45 curieux
2574 3323 165 44 Kahn:
2776 3320 261 47 instinctifs
3078 3334 127 45 purs.
3256 3318 60 46 ils
3365 3321 288 46 n'ecoutent
3700 3335 93 44 que
3843 3323 106 45 leur

2336 3384 157 59 genie,
2513 3384 197 47 eelui-la
2730 3387 172 42 autour
2921 3384 57 44 de
3006 3382 259 46 l'habitude
3284 3383 230 45 balancée
3534 3383 56 45 de
3612 3383 334 56 l'alexandrin,

2339 3445 190 46 celui-ci
2564 3459 113 32 sans
2710 3445 128 45 tenir
2870 3447 185 55 compte
3090 3444 83 44 des
3206 3444 232 44 éléments
3471 3444 298 60 rythiniques
3802 3445 125 45 tradi-

2338 3509 209 44 tionnels
2597 3509 58 44 de
2705 3510 137 42 notre
2890 3505 177 60 poesie.
3107 3508 187 55 Auprès
3333 3505 154 53 d'eux,
3538 3505 126 46 voici
3713 3508 69 44 les
3831 3509 97 43 clas-

2339 3571 175 57 siques,
2540 3571 69 44 les
2640 3570 352 51 Viélé-Griffln,
3016 3570 70 44 les
3111 3568 294 53 Verhaeren,
3430 3568 70 45 les
3524 3571 108 42 Van
3661 3570 288 57 Lerberghe,

2339 3631 277 54 instinctifs,
2651 3631 347 51 raisonnables,
3034 3631 230 44 soucieux
3298 3631 57 43 de
3391 3629 251 46 continuer
3665 3631 44 44 le
3732 3643 144 45 passe
3906 3633 46 42 et

2339 3694 58 45 de
2432 3694 167 43 n'user
2632 3692 235 48 d'aucune
2900 3693 151 44 forme
3084 3692 83 58 qui
3201 3704 59 32 ne
3293 3690 92 46 soit
3420 3690 283 47 défendable
3737 3692 189 59 logique-

2340 3758 153 44 ment:
2528 3755 333 46 étudions-les.

2461 3819 123 43 Vers
2618 3816 122 46 libre
2759 3819 17 43 ?
2811 3817 164 51 Qu'est
3010 3816 121 46 donc
3166 3817 45 44 la
3246 3815 172 46 liberté
3453 3815 120 46 dans
3596 3816 125 53 l'art,
3746 3815 139 46 sinon
3910 3817 43 44 le
