4247 4038
512 169 300 43 POESIA

657 391 96 47 Dal
788 391 129 49 cielo
950 405 158 37 ancor
1141 394 46 48 le
1222 394 213 49 mitiche
1468 395 168 64 figure

656 477 189 63 piegan
877 479 227 50 sull'orlo
1138 482 135 48 della
1305 484 142 47 terra
1480 484 187 62 morta,

656 567 222 58 mentre,
910 565 118 50 vivo
1061 567 49 48 di
1147 568 175 48 strane
1357 569 237 50 creature

656 652 244 62 spalanca
934 653 35 48 il
1002 653 99 51 ciel
1136 656 52 49 la
1218 656 304 63 gigantesca
1556 658 160 62 porta.
1750 686 60 8 —

654 738 75 48 Ed
764 755 120 34 ecco
919 742 198 49 strozza
1151 743 79 48 fra
1264 744 46 47 le
1344 744 141 50 mani
1521 760 128 49 pure

656 824 247 67 l'impuro
939 828 160 63 Serpe
1131 830 36 48 il
1201 844 132 49 gran
1368 831 221 63 Gigante
1623 846 28 34 e
1684 833 169 50 scorta

656 899 28 49 è
718 899 34 50 il
786 901 152 64 cigno
972 902 141 51 dolce
1147 904 81 49 dal
1265 906 144 62 petto
1442 906 157 62 polito

656 987 103 48 alla
792 988 139 50 beltà
964 990 83 49 del
1081 1005 145 34 sacro
1259 991 363 62 Ermafrodito,

653 1148 243 63 Antinoo,
929 1151 301 63 coll'Aquila
1261 1153 194 63 regale.
1491 1184 55 4 —

654 1235 42 48 E
729 1236 37 47 il
800 1236 205 51 Delfino
1039 1252 28 35 e
1101 1240 51 47 la
1185 1240 155 48 Lince
1373 1254 29 35 e
1437 1240 48 49 la
1518 1240 198 49 Giraffa

654 1321 145 50 liberi
832 1322 141 50 nella
1005 1325 146 49 notte
1185 1326 235 62 siderale,

654 1424 28 33 e
717 1409 34 48 il
786 1410 262 51 Mietitore
1081 1412 94 49 che
1209 1412 50 49 la
1291 1412 152 50 belva
1475 1414 253 63 aggraffa,

653 1496 330 60 cavalcando,
1018 1499 82 62 pel
1134 1498 141 49 crine
1308 1514 28 34 e
1369 1500 51 48 la
1452 1499 156 51 fatale

656 1584 279 61 premendo
969 1585 49 48 di
1053 1586 150 49 Cefèo
1239 1588 199 48 lucente
1471 1586 168 63 staffa,

652 1668 251 51 intuonan
938 1670 189 63 l'inno,
1159 1673 96 48 che
1288 1673 85 48 nel
1406 1688 94 34 suo
1533 1675 178 61 potere

649 1755 74 63 gli
759 1757 111 49 echi
903 1758 193 49 ridesta
1128 1759 102 50 alle
1264 1760 177 49 celesti
1477 1762 178 63 spere!

652 1927 159 51 Sacra
842 1931 28 48 è
903 1931 51 48 la
986 1932 159 48 notte.
1180 1932 149 49 L'ora
1362 1934 26 47 è
1423 1947 160 36 sacra.
1616 1933 209 51 Intorno

651 2030 128 49 urge
811 2016 228 63 l'amore,
1071 2018 216 50 vibrano
1321 2020 48 49 le
1402 2020 141 49 selve

649 2116 149 34 come
828 2108 204 45 ansiose
1065 2106 337 63 dell'urgente
1433 2107 187 64 giorno

648 2186 259 51 inebriate
939 2188 292 50 bramiscon
1265 2191 50 48 le
1348 2205 148 36 cerve
1517 2205 10 44 ;

652 2274 49 49 la
734 2274 124 49 luna
888 2289 196 49 aguzza
1117 2276 251 51 l'affocato
1401 2293 155 35 corno

649 2374 28 34 e
712 2360 138 63 dagli
883 2361 138 50 antri
1056 2361 43 50 si
1132 2364 216 48 destano
1381 2364 48 49 le
1463 2365 146 50 belve

648 2446 42 49 sì
723 2446 97 50 che
853 2449 241 62 presaghi
1128 2449 81 49 dei
1244 2450 190 50 furenti
1467 2451 170 50 ardori

647 2533 240 62 chiudon,
919 2535 285 61 tremando,
1240 2536 46 49 le
1319 2536 185 50 corolle
1537 2538 14 48 i
1588 2538 128 49 fiori.

1099 2760 377 46 Ferdinando
1514 2760 338 46 Paolieri.

2591 1962 140 87 LE
2817 1947 305 104 RÉVE
3206 1967 157 87 DU
3457 1967 357 88 MORT

3011 2092 191 71 (POÈME
3244 2094 156 69 GREC)

2354 2273 111 52 Oh!
2499 2277 60 65 je
2599 2276 116 51 suis
2754 2277 85 51 las
2879 2281 67 47 de
2987 2276 159 53 vivre
3184 2281 183 66 parmi
3406 2281 80 51 les
3527 2299 124 33 vers
3692 2282 67 51 de
3800 2286 152 48 terre
3982 2287 65 48 !...

2361 2371 89 52 Un
2489 2373 150 51 désir
2677 2375 68 49 de
2785 2391 261 36 nouveau
3087 2394 89 34 me
3217 2394 266 35 consume
3509 2398 9 45 ;

2344 2474 61 65 je
2443 2489 74 34 ne
2556 2490 148 35 veux
2742 2478 275 64 pourtant
3054 2493 100 51 pas
3194 2476 156 51 vivre
3391 2494 113 34 une
3542 2479 263 51 nouvelle
3845 2479 92 52 vie

2352 2570 58 51 ni
2452 2572 186 50 revoir
2677 2589 96 33 sur
2810 2573 59 51 la
2907 2575 150 49 terre
3095 2574 52 50 le
3187 2574 157 51 soleil
3384 2575 365 68 flamboyant.

2353 2790 95 53 Un
2486 2809 174 51 songe
2700 2794 141 51 dans
2883 2795 57 50 la
2979 2796 191 50 tombe
3210 2812 35 33 a
3281 2794 199 70 frappé

2352 2908 94 34 ma
2485 2908 272 45 carcasse,
2798 2909 134 35 mon
2972 2893 119 51 ètre
3132 2897 149 48 mort
3320 2895 264 51 voudrait

2351 2991 143 67 qu'à
2533 3008 85 34 ses
2659 2993 153 50 cótes
2851 2992 119 51 s'en
3008 2992 129 51 vint
3175 2993 139 51 celle
3354 3010 108 51 que
3501 2993 249 68 j'aimais

2349 3090 140 52 celle
2516 3091 96 69 qui
2643 3091 83 51 vit
2753 3108 203 35 encore
2984 3109 98 34 sur
3106 3092 59 51 la
3185 3095 151 48 terre
3361 3092 261 52 auréolóe
3650 3095 68 51 de
3744 3113 95 34 ma
3866 3097 181 68 gioire

2347 3311 71 52 Je
2458 3311 116 52 suis
2613 3316 202 47 mort...
2859 3311 149 52 Oh!.,
3053 3312 203 69 qu'elle
3297 3330 194 34 meure
3530 3316 237 51 aussi!...

2349 3410 87 51 Oh
2460 3415 9 47 !
2511 3429 107 51 que
2659 3411 67 52 de
2767 3429 62 33 sa
2866 3410 92 53 vie
2996 3411 42 51 il
3076 3429 75 34 ne
3187 3416 152 47 reste
3375 3414 127 67 plus
3542 3414 126 50 rien
3692 3419 66 48 !...

2349 3508 121 63 Que
2509 3510 82 51 les
2630 3527 225 34 mornes
2894 3511 263 50 tenèbres
3184 3527 143 34 nous
3368 3515 275 47 couvrent
3683 3516 34 47 à
3748 3514 208 65 jaoiais
3977 3520 66 47 !...

3150 3657 220 44 Petros
3407 3657 402 44 Zitouniatis

2917 3749 200 49 (Trciduit
3144 3751 58 36 du
3226 3762 97 36 grec
3343 3762 87 35 par
3458 3750 87 48 Àry
3573 3751 116 38 René
3718 3753 323 47 d'Yvermout)*

2247 3896 51 38 40
