4247 4038
3494 174 306 43 POESIA

537 433 65 73 A
661 429 251 99 quella
973 427 564 97 gentilissima...

1005 607 63 48 X.

299 753 64 49 Se
396 751 51 48 la
479 750 167 47 mesta
678 746 239 49 armonia
951 744 48 51 di
1035 743 166 65 questi
1237 742 138 49 canti

299 852 89 50 per
420 836 80 49 cui
536 849 147 49 spero
719 833 161 49 morir
914 846 119 34 meo.
1069 831 310 49 duramente

303 929 49 47 vi
386 925 123 58 farà,
543 922 151 60 forse,
729 922 258 48 ritornare
1021 921 53 48 in
1108 922 176 46 mento

302 1029 95 43 me,
429 1014 94 47 che
556 1009 88 49 nel
678 1009 189 50 mondo
901 1024 103 34 non
1037 1007 108 50 udii
1180 1006 94 50 che
1312 1005 178 66 pianti,

303 1203 27 34 e
363 1202 53 33 se
452 1186 46 46 vi
536 1184 266 49 sembrerà
835 1183 96 48 che
967 1197 100 33 non
1102 1180 217 50 indarno

302 1275 75 49 sia
410 1274 295 62 germinato
740 1270 33 48 il
807 1269 97 49 fior
938 1269 134 49 della
1106 1268 105 48 mia
1243 1268 112 48 vita

303 1360 134 50 dalla
471 1360 188 49 diffusa
693 1358 219 48 tenebra
945 1357 207 48 infinita

302 1465 27 34 e
363 1448 81 50 dal
480 1445 172 51 dolore
688 1445 94 50 che
818 1444 67 52 in'
904 1444 67 48 ha
1006 1443 128 49 fatto
1169 1456 197 47 scarno,

305 1625 212 64 pensate
550 1623 96 49 che
679 1622 88 62 più
802 1622 145 47 vasta
981 1635 27 34 e
1044 1633 151 35 meno
1230 1617 225 60 indegna

303 1712 136 50 avrei
479 1711 227 55 lasciato,
740 1710 168 48 dietro
942 1724 31 33 a
1007 1722 99 46 m~,
1141 1707 51 48 la
1224 1705 196 49 traccia

303 1815 54 34 se
391 1800 86 63 già
510 1800 51 48 la
594 1799 168 48 Morte
796 1811 103 35 non
933 1799 247 45 m'avesse
1213 1793 54 49 in
1303 1792 164 50 faccia

303 1889 209 48 ventato
545 1886 218 48 l'ombra
796 1885 50 48 di
881 1899 93 34 sua
1008 1896 128 36 nera
1169 1882 230 61 insegna.

306 2061 82 49 Ma
423 2074 69 47 se,
528 2059 253 49 movendo
823 2072 90 50 pur
948 2056 324 57 dall'aurora,

310 2164 143 33 verso
487 2162 70 34 un
593 2144 242 52 nebbioso
870 2158 214 49 vespero
1120 2157 227 49 perenne

307 2237 45 47 le
387 2235 100 47 mie
523 2234 212 50 canzoni
769 2233 287 48 abbassano
1092 2232 44 48 le
1171 2243 185 51 penne,

306 2322 317 49 considerate
656 2334 172 45 ancor,
863 2319 144 48 dolce
1041 2319 224 62 signora,

305 2497 93 48 che
432 2494 179 65 queste
645 2493 157 64 foglie
834 2492 164 60 tenui,
1032 2491 222 59 cadenti,

305 2586 180 61 questo
517 2582 188 50 romito
739 2582 151 48 canto
923 2580 94 49 che
1053 2580 39 48 si
1129 2578 165 60 duole,

305 2672 176 63 queste
514 2670 154 48 ruine
702 2668 130 49 dove
865 2667 151 48 brilla
1050 2666 34 48 il
1121 2665 123 59 sole,

306 2757 178 63 queste
518 2757 108 47 voci
661 2755 93 48 che
791 2754 240 48 muoiono
1064 2752 83 49 tra
1181 2752 11 47 i
1230 2751 160 60 venti,

307 2945 121 35 sono
462 2931 15 47 i
513 2930 181 64 sepolti
730 2928 182 64 organi
946 2929 93 48 che
1074 2928 299 58 intronano,

307 3016 135 65 dagli
477 3018 153 48 abissi
666 3016 294 50 dell'anima
997 3013 263 66 profonda,

308 3103 46 48 le
388 3104 173 62 ignote
597 3103 219 49 sinfonie
849 3103 108 57 che,
992 3102 195 53 d'onda,
1223 3100 51 49 in
1308 3102 148 58 onda,

308 3192 101 59 qui,
442 3189 129 50 sulle
606 3190 144 47 mute
783 3190 157 56 carte,
974 3201 203 49 appena
1209 3201 244 35 suonano.

1038 3324 369 44 Domenico
1439 3324 322 44 Giuliotti.

408 3483 83 36 Dal
517 3485 202 34 Poemetto
748 3496 21 21 u
797 3483 201 36 Musiche,
1028 3495 19 19 »

2198 1110 716 97 STANCES
2980 1086 112 116 À
3186 1108 223 94 LA
3480 1108 290 91 VIE

3111 1349 35 46 A
3271 1347 238 47 Maurice

2163 1526 61 47 Je
2258 1540 116 34 sens
2408 1526 176 48 bruire
2618 1540 61 33 en
2717 1537 121 34 mon
2873 1537 142 34 coeur
3052 1523 282 48 l'éternelle
3368 1523 254 60 jeunesse,

2163 1613 122 49 Mon
2322 1629 131 33 san»
2486 1613 124 49 bout
2633 1626 66 34 en
2726 1626 85 33 ma
2834 1611 143 49 chair
3001 1611 52 47 et
3075 1610 147 48 vient
3243 1610 171 49 battre
3438 1611 31 48 à
3493 1623 123 36 mon
3652 1610 151 49 front.

2164 1697 120 52 Mon
2319 1701 135 49 àme!
2491 1700 189 49 chnnte
2714 1714 154 34 encor
2904 1700 50 48 la
2989 1698 176 49 divine
3198 1697 281 65 allégresse

2164 1786 66 48 Et
2263 1800 268 36 murmure
2563 1801 84 35 ces
2683 1789 133 47 mots
2850 1787 84 63 qui
2971 1800 82 34 me
3086 1785 357 49 consoleront!

2167 1954 37 44 A
2244 1964 108 34 mes
2385 1964 154 51 yeux,
2573 1949 153 48 clairs
2763 1949 219 58 miroirs,
3017 1963 96 48 que
3137 1946 47 51 le
3219 1947 151 49 retìet
3403 1947 89 49 des
3526 1947 181 49 choses

2167 2036 135 49 Dorè
2336 2035 333 58 divinement,
2705 2036 176 49 monte
2915 2034 235 63 l'orgueil
3187 2034 171 51 brutti

2164 2124 207 48 D'avoir
2404 2123 224 63 eompris
2662 2123 49 48 la
2746 2123 94 48 Vie
2874 2123 55 48 et
2961 2123 51 47 la
3045 2137 189 34 saveur
3267 2123 89 48 des
3389 2135 157 36 roses.

2164 2213 66 47 Et
2257 2213 51 62 je
2340 2227 133 33 veux
2509 2210 265 50 l'Univers
2808 2210 168 48 entier
3009 2224 131 51 polir
3175 2209 245 63 piédestai
3442 2209 11 49 !

2167 2374 159 66 Lyre!
2364 2375 115 49 tous
2511 2375 80 47 tes
2625 2375 210 47 accents
2868 2373 231 48 rediront
3133 2387 87 33 ma
3253 2370 241 51 victoire:

2167 2463 131 47 Dieu
2336 2476 231 49 presque,
2594 2460 100 65 j'ai
2728 2462 116 47 créé
2881 2460 47 49 la
2963 2459 82 50 vie
3079 2460 187 47 autour
3300 2459 61 48 de
3399 2459 115 50 moi.

2168 2549 68 49 Le
2270 2549 120 49 rève
2424 2548 109 50 d'or
2566 2549 53 47 et
2652 2547 73 48 les
2759 2546 254 50 chimères
3048 2546 253 48 illusoires

2168 2634 333 50 Escorteront
2534 2648 109 35 mes
2679 2647 90 50 pas
2805 2633 52 48 et
2882 2634 56 60 je
2972 2633 135 48 serai
3142 2633 49 47 la
3225 2632 84 49 loi.

2168 2798 60 47 Je
2263 2796 286 49 marcherai
2585 2796 231 58 hantain,
2849 2808 69 35 au
2952 2794 178 49 milieu
3168 2793 90 48 des
3296 2792 226 49 fanfares

2168 2883 134 51 Fier,
2335 2882 341 62 dédnigneux,
2711 2880 102 60 hai,
2849 2881 131 48 mais
3015 2881 102 48 fort
3149 2880 171 63 quand
3357 2878 171 49 méme
3563 2878 51 49 et
3657 2891 111 49 pur,

2168 2972 97 47 Les
2295 2984 139 52 yeux
2471 2970 127 48 fìxés
2631 2984 66 33 au
2731 2968 113 58 ciel,
2879 2967 224 64 méprisé
3140 2967 90 48 des
3264 2967 262 52 barbarci,

2189 3057 102 50 Car
2451 3056 101 48 nul
2707 3070 66 33 ne
2902 3056 355 62 comprendra
3680 3069 115 33 mon

2168 3222 57 44 Je
2257 3217 111 50 suis
2401 3217 118 47 dieu
2537 3216 10 50 !
2585 3216 30 47 1'
2636 3216 219 48 Univers
2891 3216 99 47 sait
3023 3215 254 63 répondre
3311 3216 32 48 à
3377 3228 121 35 mon
3532 3214 164 63 geste.

2168 3304 191 48 J'aime
2394 3304 50 48 la
2478 3302 94 49 Vie
2608 3304 52 48 et
2695 3302 47 49 le
2777 3302 94 49 ciel
2906 3301 130 50 clair
3070 3302 53 47 et
3160 3301 71 50 les
3267 3301 131 48 soirs
3432 3301 108 48 d'or

2170 3391 92 59 Où,
2295 3389 220 51 attentif
2542 3404 104 34 aux
2680 3389 118 49 voix
2834 3389 85 63 qui
2954 3389 252 48 chantent
3240 3388 88 48 des
3363 3388 191 63 po^tes,

2170 3479 218 48 Saluant
2421 3479 62 48 de
2519 3478 49 48 la
2603 3476 141 50 main
2783 3476 42 50 le
2859 3478 121 47 rève
3014 3476 85 63 qui
3133 3475 243 57 s'endort,

2171 3640 260 61 Glorieux,
2458 3639 306 62 j'attendrai
2798 3639 75 48 les
2906 3652 163 49 anges
3102 3638 63 48 de
3199 3638 50 48 la
3281 3636 165 49 Morti

3124 3774 227 44 Emile
3638 3776 60 42 Henriot.

1987 3934 47 37 31
