4247 4038
195 123 399 45 CA.MIL,LE
1057 122 135 45 MA.
1133 123 225 45 UCL.A.lFl
1359 123 34 52 risponde
1394 135 293 29 :

442 255 115 45 Mon
590 257 101 43 cher
723 257 205 56 eonfrère

318 371 65 43 Le
407 381 112 33 vers
541 370 77 44 est
641 380 95 33 une
760 368 170 59 parole
954 366 224 61 rythmée
1201 368 111 59 plus
1337 368 513 47 intentionnellement

191 446 93 46 que
319 433 47 45 la
399 445 160 47 prose,
585 445 64 31 un
685 431 215 58 langage
935 445 95 31 non
1067 431 300 61 dialectique
1403 432 125 47 mais
1564 432 183 47 émotif.
1785 436 63 43 Le

190 494 224 62 principe
450 494 65 47 du
549 495 194 58 rythme
778 497 76 43 est
887 495 108 46 tout
1043 494 379 61 physiologique
1442 511 9 30 :
1488 497 45 45 le
1579 498 272 44 battement

191 560 65 46 du
280 573 127 46 sang
428 558 220 56 artériel,
674 556 308 61 l'amplitude
1005 570 64 33 ou
1093 559 49 46 la
1166 559 320 46 constriction
1511 559 335 61 respiratoire,

191 624 135 45 selon
361 621 267 55 l'émotion,
665 634 62 33 en
762 622 112 45 sont
907 621 73 46 les
1014 620 293 61 impulsions
1342 624 288 47 naturelles.
1667 624 154 47 L'emo-

190 687 103 46 tion
328 686 113 46 crée
477 699 89 33 son
601 686 193 56 rythme
830 685 123 45 dans
989 685 44 45 le
1067 699 111 33 vers
1213 685 65 47 du
1312 687 143 57 poète
1505 700 187 34 comme
1726 686 124 48 dans

190 751 45 44 le
271 749 105 46 sein
412 748 60 46 de
507 748 48 46 la
587 747 195 47 femme.
817 749 69 45 La
931 747 171 60 poésie
1138 749 74 45 est
1257 761 66 32 un
1373 749 150 46 chant
1573 749 277 60 syllabique

190 816 48 44 et
275 826 62 33 un
373 810 175 61 poéme
582 824 61 33 ne
679 824 52 33 se
766 810 193 56 congoit
991 824 95 46 que
1119 810 196 47 chanté.
1356 829 5 7 •

317 876 39 45 Il
390 874 206 47 s'ensuit
630 875 59 45 de
723 888 81 32 ces
840 888 216 46 queques
1091 873 168 49 idées:
1302 873 62 49 I.°
1389 888 94 46 que
1513 889 244 46 personne
1789 890 59 32 ne

188 943 119 57 peut
341 953 52 33 se
418 941 176 45 vanter
625 937 190 47 d'avoir
848 936 200 50 inventé
1084 943 38 40 le
1155 953 99 30 vers
1288 940 111 44 libre
1432 953 147 45 parce
1613 940 120 60 qu'il
1765 954 33 44 y
1820 955 30 32 a

190 1005 175 44 autant
399 1003 59 46 de
493 1015 111 33 vers
639 1001 151 47 libres
826 1001 77 60 qu'
919 1001 35 44 il
977 1015 32 44 y
1032 1015 30 32 a
1086 1002 60 45 de
1180 1002 184 59 poètès,
1390 1003 48 45 et
1462 1015 94 46 que
1589 1003 134 46 leurs
1747 1019 78 31 rnu-

190 1067 166 58 siques
392 1080 59 31 ne
487 1080 52 31 se
575 1066 327 45 ressemblent
935 1077 90 47 pas
1047 1078 9 32 :
1093 1064 68 47 2.°
1197 1078 93 45 que
1324 1064 51 46 la
1409 1066 291 59 conception
1734 1066 114 47 d'un

191 1143 110 33 vers
334 1130 63 46 où
436 1130 66 45 les
538 1129 221 59 rythmes
783 1130 112 45 sont
917 1127 331 61 symétriques
1272 1130 76 45 est
1371 1129 213 47 absurde
1620 1144 63 32 au
1711 1130 140 60 point

190 1193 58 47 de
284 1208 92 32 vue
411 1194 139 46 vocal
585 1195 49 43 et
668 1191 318 56 émotionnel,
1022 1193 47 45 le
1102 1205 111 33 vers
1249 1191 295 47 alexandrin
1579 1193 140 47 étant
1753 1208 95 33 une

190 1257 299 59 magniflque
525 1256 154 46 forme
713 1255 29 46 d
750 1257 242 58 'èloquence
1018 1255 122 47 mais
1165 1255 217 58 n'ayant,
1408 1269 64 33 au
1495 1256 139 60 point
1668 1256 60 47 de
1757 1271 93 33 vue

187 1321 248 60 poétique,
472 1320 119 45 c'est
625 1320 31 45 à
689 1318 106 47 dire
821 1320 85 45 des
931 1332 284 33 ressources
1240 1318 265 47 musicales
1530 1322 48 43 et
1612 1320 236 59 lyriques,

188 1383 80 60 qu'
304 1397 30 32 a
366 1397 97 46 peu
497 1384 114 59 prés
646 1383 49 45 la
729 1383 176 46 valeur
939 1383 146 46 d'une
1119 1383 151 60 polka
1303 1396 31 32 a
1368 1386 107 43 coté
1511 1383 115 46 d'un
1662 1383 97 46 lied
1790 1384 58 46 de

191 1448 282 46 Schumann
493 1461 9 30 :
539 1445 67 47 3.°
642 1459 94 46 que
787 1445 325 60 l'expression
1164 1447 58 45 de
1551 1447 87 45 n'a
1688 1461 160 33 aucun

188 1523 115 34 sens
337 1513 48 44 et
421 1509 108 47 n'en
564 1508 192 47 saurait
789 1509 151 46 avoir.
977 1509 198 46 Chacun
1226 1508 91 47 fait
1368 1522 54 33 ce
1474 1509 129 60 qu'il
1636 1513 130 52 veut,
1801 1513 50 44 et

188 1574 36 45 il
258 1574 82 58 n'y
374 1588 30 31 a
437 1586 91 46 pas
563 1572 59 46 de
657 1571 296 60 gendarmes
987 1585 126 47 pour
1146 1572 298 60 l'empècher
1499 1572 58 46 de
1610 1572 156 47 sentir
1805 1574 45 45 le

188 1637 195 59 rythme
417 1650 31 32 a
481 1650 55 32 sa
571 1635 157 57 fa§on.
765 1637 65 46 Le
863 1649 112 33 vers
1025 1636 126 46 libre
1202 1635 162 47 actuel
1415 1649 52 33 se
1518 1635 333 48 maintiendra

188 1701 125 45 dans
347 1701 48 45 la
440 1701 198 57 langue,
674 1712 148 47 parce
873 1698 77 60 qu'
971 1698 35 46 il
1058 1701 75 44 est
1184 1698 213 60 logique,
1433 1703 51 42 et
1532 1699 74 46 les
1657 1699 193 49 décrets

188 1764 87 46 des
310 1763 362 47 académiciens
708 1763 80 57 n'y
822 1762 163 47 feront
1019 1763 121 46 rieri.

315 1829 54 44 Je
406 1826 255 47 considère
696 1825 254 47 d'ailleurs
985 1840 94 45 que
1104 1826 71 46 les
1201 1839 111 33 vers
1337 1825 59 47 de
1420 1825 238 47 Yerlaine
1693 1839 63 33 ou
1790 1828 60 45 de

188 1890 298 47 Baudelaire
521 1892 111 44 sont
1150 1891 146 43 libres.
850 1891 37 43 ll
922 1889 117 47 s'est
1084 1889 175 45 trouvé
1305 1887 339 61 qu'obéissant
1678 1904 31 32 a
1743 1891 108 46 leur

190 1953 216 47 émotion
441 1952 205 48 ceile-ci
680 1952 159 47 créait
869 1966 95 33 une
990 1952 282 60 rythmique
1306 1952 249 59 régulière
1575 1967 9 31 :
1611 1953 119 46 c'est
1754 1967 94 33 une

188 2016 176 47 affaire
398 2017 58 46 de
492 2016 357 47 contormation
883 2016 282 58 cardiaque.
1217 2017 66 44 Le
1333 2014 224 47 mauvais
1607 2030 112 33 vers
1759 2031 91 46 pas

190 2080 139 59 libre,
364 2080 120 46 c'est
519 2079 132 47 celui
685 2079 65 46 du
784 2078 252 47 monsieur
1069 2078 83 60 qui
1188 2083 190 55 compte
1422 2078 160 60 jusqu'
1618 2082 30 42 à
1698 2079 152 48 douze

188 2143 431 54 invariablement,
655 2143 111 58 quel
802 2155 93 46 que
931 2141 96 47 soit
1060 2143 44 45 le
1140 2155 97 41 cas,
1281 2143 49 45 et
1380 2141 165 47 admet
1594 2143 71 45 les
1701 2144 149 46 rimes

190 2206 160 55 d'oeil,
371 2209 70 43 les
467 2206 149 60 rejets
643 2205 229 61 (preuves
896 2206 301 46 excellentes
1221 2205 58 47 de
1306 2206 47 45 la
1377 2204 249 48 necessitò
1649 2205 65 47 du
1739 2220 111 33 vers

191 2270 143 61 libre)
464 2272 50 43 et
547 2272 161 43 toutes
743 2270 72 45 les
849 2267 282 48 absurdités
1176 2268 84 60 qui
1307 2282 125 46 pour
1481 2282 80 33 ma
1611 2272 126 56 part,
1775 2284 73 33 me

188 2333 210 47 rendent
431 2332 296 49 intolérable
761 2332 258 47 l'audition
1044 2332 115 46 d'un
1193 2333 171 60 poème
1389 2332 309 47 alexandrin.
1734 2333 42 47 A
1803 2336 47 44 la

190 2397 250 47 troisième
477 2398 199 58 strophe
702 2395 53 60 je
790 2398 235 44 m'amuse
1061 2409 29 32 a
1130 2395 203 47 deviner
1356 2397 71 45 les
1450 2395 163 56 rimes,
1650 2399 48 45 et
1733 2397 29 45 à
1803 2399 47 43 la

190 2460 289 60 quatrieme,
515 2463 98 43 lort
646 2459 350 56 incivilement,
1024 2458 52 61 je
1117 2459 128 47 crois
1284 2459 238 47 entendre
1555 2473 175 46 passer
1765 2460 85 47 des

190 2526 255 45 tambours
479 2538 62 31 ou
583 2525 162 44 battre
779 2538 65 31 un
879 2525 97 44 ban
1011 2522 124 47 dans
1170 2536 66 32 un
1270 2521 110 48 café
1415 2521 318 50 d'étudiants.

318 2587 37 45 Il
393 2587 140 46 m'est
566 2585 167 48 arrivò
768 2586 58 46 de
862 2586 123 46 taire
1010 2585 85 47 des
1516 2588 48 44 et

191 2663 60 32 en
286 2649 214 60 publiait
533 2652 312 43 recemment.
870 2651 54 44 Je
958 2662 60 33 ne
1053 2649 73 46 les
1160 2648 50 47 ai
1244 2662 89 47 pas
1368 2648 117 47 faits
1518 2651 194 58 exprès.
1742 2651 108 44 J'ai

191 2713 130 47 suivi
354 2727 113 33 mon
501 2714 281 52 sentimenti
808 2713 84 60 qui
922 2713 315 47 déterminait
1263 2727 94 33 une
1381 2713 220 47 certaine
1625 2713 225 61 musique

191 2778 215 53 verbale,
442 2775 164 60 quand
635 2775 101 60 j'ai
771 2789 61 33 eu
867 2775 97 56 fini,
994 2775 108 60 j'ai
1136 2790 63 32 vu
1234 2775 85 47 des
1371 2776 227 60 strophes
1650 2776 172 46 alexan-

192 2840 168 46 drines
395 2854 86 33 sur
515 2854 112 32 mon
661 2840 189 60 papier.
887 2841 63 45 Le
995 2841 171 57 poème
1202 2839 150 47 disait
1396 2854 65 32 un
1507 2840 103 46 état
1645 2841 177 57 rythmi-

190 2917 95 46 que
322 2905 99 45 très
456 2905 359 44 normalement
839 2901 240 49 cadencó:
1117 2903 40 46 si
1183 2902 185 60 j'avais
1392 2902 238 47 transcrit
1655 2917 65 32 un
1745 2902 105 48 état

191 2966 307 59 d'agitation,
525 2967 58 46 de
608 2966 274 47 réticences
906 2964 184 47 suivies
1114 2964 202 55 d'elans,
1335 2966 221 59 j'aurais
1577 2964 80 49 été
1677 2966 173 48 amené

191 3044 30 32 a
254 3030 87 46 des
376 3030 220 59 rythmes
630 3030 361 59 polymorphes.
1025 3029 129 46 C'est
1176 3030 46 45 le
1246 3029 174 60 poéme
1444 3028 84 61 qui
1555 3043 51 32 se
1630 3028 90 47 fait
1743 3032 107 44 tout

191 3094 107 46 seul
332 3094 136 46 selon
503 3107 56 31 sa
594 3093 195 59 logique
825 3091 191 59 intime,
1051 3098 49 40 et
1136 3105 94 33 non
1255 3094 46 44 le
1335 3094 144 58 poète
1518 3093 85 59 qui
1643 3093 205 47 s'assied

192 3170 125 46 pour
351 3156 126 46 faire
511 3170 66 32 un
611 3155 173 61 poéme
820 3157 191 58 exprès,
1048 3159 48 43 et
1121 3156 142 46 limer
1293 3156 85 46 des
1414 3156 213 57 syllabes
1663 3169 185 33 comme

191 3220 85 45 des
310 3221 187 57 ongles.
524 3220 111 45 Ceci
670 3220 95 45 m'a
798 3220 224 58 tonjours
1056 3217 81 50 été
1173 3218 284 61 impossible
1491 3222 50 43 et
1574 3218 246 61 incompré-

191 3283 240 48 hensible.

318 3348 37 43 Il
390 3347 179 54 arrive,
605 3345 123 47 dans
764 3359 54 33 ce
853 3359 94 46 que
982 3347 73 45 les
1089 3345 383 61 physiologistes
1517 3347 254 58 appellent
1805 3350 43 41 la

190 3411 160 44 courbe
374 3410 65 46 du
463 3409 193 58 rythme
676 3408 281 61 cardiaque,
976 3408 306 61 générateur
1300 3409 64 46 du
1384 3410 193 57 rythme
1596 3408 251 55 transcrit,

192 3486 93 46 que
321 3472 138 47 l'etat
492 3471 65 47 du
592 3486 112 33 vers
740 3470 219 61 régulier
992 3475 50 44 et
1076 3472 301 59 symetrique
1413 3486 52 32 se
1505 3471 232 61 présente
1772 3485 52 33 co-

191 3550 142 40 mme,
368 3540 151 42 avant
552 3549 62 33 ou
648 3535 164 61 aprés,
849 3536 138 46 l'etat
1019 3537 337 59 polymorphe.

318 3602 60 44 Et
411 3613 61 33 en
507 3613 54 32 ce
597 3613 84 32 cas
715 3599 243 60 pourquoi
981 3612 61 34 ne
1066 3613 89 46 pas
1182 3599 155 47 méler
1361 3598 329 47 l'alexandrin
1725 3612 29 32 a
1789 3597 40 46 ri-

192 3677 103 32 mes
329 3676 101 33 aux
459 3676 109 33 vers
599 3662 335 47 assonnancés
958 3665 50 44 et
1036 3662 406 58 dissymetriques
1456 3662 18 44 ?
1499 3662 347 45 L'alexandrin

191 3725 189 47 traduit
416 3739 63 32 un
516 3728 106 44 état
653 3728 108 44 tout
795 3739 186 32 comme
1016 3726 177 45 l'autre
1244 3739 126 32 vers.
1419 3725 295 55 Seulement,
1761 3724 85 46 dès

191 3790 77 57 qu'
289 3789 37 45 il
359 3803 31 44 y
423 3803 31 31 a
489 3787 138 61 rejet,
663 3803 61 33 on
760 3803 29 31 a
835 3787 315 47 l'indication
1202 3786 320 61 respiratoire
1573 3789 80 58 qu'
1672 3787 37 45 il
1742 3787 106 47 faut

194 3867 165 33 cesser
381 3852 246 59 d'aligner
649 3853 86 46 des
754 3866 111 33 vers
889 3851 261 60 réguliers.
1176 3851 346 48 L'alexandrin
1547 3856 77 41 est
1646 3865 65 32 un
1737 3865 111 33 vers

2154 122 127 48 libre
2410 125 111 44 tous
2556 123 72 47 les
2664 136 111 33 vers
2808 125 112 45 sont
2959 121 166 58 libres,
3161 122 71 47 lui
3283 137 187 33 cornine
3514 125 73 45 les
3633 137 185 42 auires,

2156 187 50 44 ni
2239 186 112 61 plus
2388 186 49 45 ni
2473 186 173 47 moins.
2684 186 72 47 On
2793 200 60 33 ne
2888 189 118 56 peut
3039 200 91 47 pas
3164 187 112 58 plus
3310 187 46 46 le
3399 186 282 61 supprimer
3724 201 94 46 que

2154 250 46 46 le
2234 252 205 44 nombre
2474 250 153 46 douze
2672 249 125 47 dans
2848 250 49 46 la
2948 249 312 48 numération
3282 264 9 31 :
3343 250 127 46 mais
3522 250 43 46 le
3617 253 202 44 nombre

2154 314 154 46 douze
2343 314 82 46 n'a
2457 327 90 47 pas
2581 314 113 60 plus
2728 314 60 46 de
2824 314 174 47 valeur
3031 313 269 61 spéciflque
3325 328 94 46 que
3453 315 73 46 les
3560 316 184 53 autres,
3771 319 48 42 et

2156 377 130 46 voila
2319 380 136 43 toute
2490 377 49 46 la
2572 377 234 60 querelle.

2280 441 93 46 J'ai
2406 440 224 61 toujours
2664 455 60 33 eu
2760 440 249 47 l'instinct
3045 441 64 46 du
3142 452 112 35 vers
3290 440 139 48 libre.
3455 442 139 45 lime
3630 441 189 46 sembla

2153 503 240 48 d'emblée
2427 504 47 46 le
2509 504 106 46 seul
2652 504 210 46 naturel.
2900 502 128 49 C'est
3062 504 50 46 la
3146 503 225 60 musique
3395 503 84 60 qui
3508 506 97 44 m'a
3638 503 181 60 poussé

2154 568 29 46 à
2233 568 161 48 écrire
2430 568 86 47 des
2550 582 112 33 vers
2697 572 50 42 et
2782 582 29 30 a
2844 581 204 44 essayer
3083 568 245 46 d'obtenir
3359 582 93 46 par
3488 569 71 46 les
3601 569 217 57 syllabes

2153 645 66 32 un
2255 645 95 46 peu
2385 631 60 46 de
2481 643 81 34 ses
2596 631 222 58 rythmes
2859 630 211 47 ductiles
3116 637 48 40 et
3213 631 295 60 complexes.
3564 633 90 44 Les
3706 644 112 33 vers

2153 695 60 47 de
2249 695 153 47 Henri
2432 695 157 46 Heine
2611 695 153 46 m'ont
2788 692 81 50 été
2893 709 66 32 un
2984 692 193 50 modéle
3199 697 50 45 et
3274 709 96 33 une
3394 694 110 47 aide
3531 695 110 47 bien
3667 697 152 44 avant

2153 772 93 45 que
2275 758 187 59 j'eusse
2497 758 50 45 lu
2581 758 72 46 les
2689 757 314 59 symbolistes
3052 757 234 57 fran§ais.
3323 760 104 51 Que
3469 762 110 42 sont
3613 757 205 47 ceux-ci

2153 822 270 53 d'ailleurs,
2449 823 181 59 auprès
2657 822 60 46 de
2740 823 143 46 telles
2910 822 275 47 merveilles
3199 823 18 45 ?
3241 822 155 46 Heine
3432 826 49 42 et
3518 823 299 54 Schumann,

2153 885 133 47 voilà
2319 885 87 47 des
2439 899 124 45 gens
2599 885 85 60 qui
2719 888 84 43 ont
2838 885 243 47 vraiment
3116 885 200 47 inventé
3342 885 212 60 quelque
3586 885 146 47 chose
3756 899 62 32 en

2153 949 91 47 fait
2277 949 60 46 de
2371 949 284 60 rythmique
2689 949 363 47 emotionnelle.
3092 949 49 46 Si
3178 949 154 47 Heine
3365 949 185 46 n'avait
3588 946 90 63 p'as
3714 949 78 46 exi-

2153 1011 89 55 sté,
2279 1012 237 46 Yerlaine
2552 1012 134 46 n'eut
2718 1025 90 46 pas
2832 1011 83 47 été
2952 1026 53 32 ce
3041 1012 77 59 qu'
3138 1012 37 46 il
3207 1014 86 44 fut.
3320 1012 38 46 Il
3382 1014 83 56 n'y
3488 1012 167 46 aurait
3683 1014 109 57 peut-

2152 1078 105 45 ètre
2291 1090 89 46 pas
2417 1076 258 58 Laforgue,
2711 1076 85 60 qui
2844 1076 75 46 fut
2970 1077 45 45 le
3065 1076 217 60 premier
3325 1090 31 32 a
3400 1076 125 47 faire
3575 1076 60 46 de
3682 1076 135 46 vrais

2152 1145 49 40 et
2237 1141 160 44 beaux
2432 1151 115 34 vers
2580 1139 349 60 polymorphes
2965 1152 60 33 en
3061 1139 182 59 langue
3269 1138 261 57 trangaise.
3558 1138 124 47 Mais
3707 1138 35 46 il
3767 1137 26 48 é-

2153 1202 187 47 coutait
2374 1216 89 33 son
2498 1205 124 53 àme,
2658 1205 49 44 et
2740 1202 35 45 il
2810 1200 125 49 était
2971 1203 110 46 bien
3116 1204 110 59 trop
3263 1202 230 61 spirituel
3517 1204 49 46 et
3597 1203 220 46 modeste

2152 1280 127 46 pour
2310 1280 182 46 penser
2525 1266 80 60 qu'
2625 1266 36 45 il
2697 1266 71 46 les
2802 1266 135 46 avait
2970 1268 213 44 inventès.

2280 1332 41 44 A
2356 1343 121 33 vous
2512 1330 113 46 bien
2662 1329 365 47 cordialement

2158 1592 493 44 SALFADOR
2681 1593 325 43 RUEDA.
3034 1592 261 53 risponde:

2661 1725 168 46 Ilustre
3067 1724 201 45 Maestro
3537 1739 28 44 y
3663 1725 163 56 amigo,

2276 1828 61 44 Al
2371 1828 186 44 acabar
2603 1827 64 44 mi
2702 1825 130 61 viaje
2876 1839 91 47 por
3015 1827 75 45 las
3140 1827 241 59 capitales
3433 1825 281 47 levantinas
3756 1825 61 47 de

2152 1893 198 58 Espana
2383 1904 32 44 y
2450 1889 205 47 rendido
2690 1890 98 46 aùn
2825 1890 58 46 de
2918 1891 142 45 tanta
3104 1889 156 56 désta,
3299 1889 163 47 recibo
3498 1890 49 46 la
3583 1893 140 43 carta
3757 1889 60 47 de

2154 1956 55 44 V.
2244 1955 143 45 Enel
2421 1966 188 47 campo,
2644 1952 125 61 léjos
2804 1954 60 45 de
2905 1952 207 56 Madrid,
3156 1954 158 45 donde
3356 1967 76 32 me
3479 1955 60 44 he
3586 1952 231 47 detenido

2150 2017 31 44 à
2214 2016 283 47 descansar.
2540 2013 130 62 Aquì
2704 2017 75 44 leo
2815 2030 58 31 su
2910 2014 270 47 bellissima
3205 2018 120 45 obra
3349 2017 63 44 Le
3434 2016 93 45 Roi
3547 2016 268 54 Bombance,

2150 2079 291 47 reveladora
2476 2079 59 46 de
2571 2092 100 33 una
2703 2093 128 46 gran
2865 2078 336 60 imaginación
3236 2093 31 43 y
3302 2079 59 46 de
3408 2093 99 32 una
3546 2093 126 45 gran
3709 2093 81 32 sen-

2150 2143 246 47 sibilidad.
2434 2147 76 43 Me
2544 2148 249 56 pregunta
2826 2145 58 45 V.
2920 2157 62 33 en
3018 2157 57 33 su
3111 2145 139 45 carta
3274 2144 47 46 lo
3352 2157 94 45 que
3471 2144 146 58 opino
3641 2157 206 42 acerca,

2150 2208 60 45 de
2244 2208 47 44 lo
2327 2220 94 46 que
2477 2208 52 44 V.
2577 2206 151 46 llama
2778 2208 47 44 el
2868 2221 25 28 «
2912 2220 143 33 verso
3092 2208 175 44 bianco
3288 2223 24 26 »
3349 2208 28 44 ó
3414 2223 25 26 «
3459 2206 127 47 libre
3606 2223 23 26 »
3667 2220 61 33 en
3770 2219 24 34 e-

2150 2270 188 59 spanol,
2374 2284 32 43 y
2439 2272 104 45 este
2580 2272 156 43 metro
2769 2284 53 31 es
2857 2270 47 45 el
2943 2270 348 45 endecasilabo
3335 2270 75 45 sin
3452 2271 366 44 aconsonantar

2149 2346 31 44 y
2215 2346 121 33 nace
2371 2333 60 46 de
2467 2333 47 46 la
2548 2331 178 48 ìntima
2760 2333 310 60 complexión
3107 2333 77 46 del
3220 2332 184 47 idioma
3438 2332 287 56 castellano,
3757 2333 60 46 de

2152 2409 63 32 un
2252 2395 142 47 modo
2429 2397 213 56 naturai,
2677 2397 75 45 sin
2789 2395 258 56 violencia,
3084 2409 137 33 corno
3263 2411 122 33 nace
3426 2398 45 44 el
3516 2397 122 45 tallo
3673 2395 60 49 de
3767 2397 50 45 la

2150 2474 153 32 rama.
2340 2460 66 46 De
2441 2469 84 37 este
2559 2475 127 31 verso
2722 2463 124 48 libre,
2883 2460 28 46 ó
2961 2474 143 33 verso
3152 2462 190 54 bianco,
3379 2474 95 46 que
3516 2460 59 46 de
3616 2462 76 44 las
3728 2460 87 47 dos

2150 2531 230 37 maneràs
2416 2536 52 33 se
2503 2524 152 44 llama
2690 2536 61 32 en
2787 2524 221 59 espanol,
3032 2522 147 61 opino
3215 2524 45 45 lo
3296 2536 94 46 que
3414 2524 215 58 siempre
3654 2524 160 59 opiné,

2150 2600 94 46 que
2279 2600 53 33 es
2369 2601 65 31 un
2481 2587 227 46 hermoso
2754 2589 194 58 troquel
2990 2589 60 45 de
3098 2589 46 44 la
3185 2587 265 60 expresión
3502 2589 144 44 sobre
3697 2587 117 47 todo

2152 2652 308 53 flexibilizado
2492 2663 137 33 corno
2664 2663 64 45 ya
2763 2651 45 45 lo
2843 2656 221 42 tenemos
3098 2665 32 43 y
3154 2651 129 45 lleno
3307 2651 60 45 de
3401 2651 205 45 matices
3630 2663 32 45 y
3687 2651 130 45 lleno

2150 2714 60 45 de
2244 2713 207 47 matices
2484 2714 286 59 prosódicos
2820 2727 59 33 en
2930 2716 206 44 nuestra
3187 2713 171 61 poesia
3408 2714 250 55 moderna,
3693 2716 122 58 puès

2150 2789 239 46 expresar
2429 2780 104 42 este
2567 2779 157 44 metro
2759 2790 90 33 con
2884 2790 59 32 su
2977 2790 160 33 nueva
3169 2778 174 58 gracia
3376 2790 32 45 y
3442 2792 57 31 su
3525 2789 160 34 nueva
3718 2778 67 44 mù-

2150 2840 119 55 sica,
2303 2853 32 44 y
2370 2853 57 31 su
2478 2853 160 33 nueva
2689 2839 352 48 maleabilidad
3076 2839 116 62 (quq
3225 2854 61 44 yo
3320 2840 415 61 principalmente
3771 2841 44 46 le

2150 2903 61 46 he
2246 2902 146 61 dado)
2430 2902 138 46 todas
2610 2903 75 46 las
2738 2902 268 48 milésimas
3042 2903 60 47 de
3136 2902 147 47 matiz
3318 2910 139 40 tanto
3499 2903 78 46 del
3612 2905 205 45 cerebro

2150 2980 138 33 corno
2322 2966 79 45 del
2436 2966 224 59 espiritu.
2698 2967 148 46 Usted
2882 2966 174 47 mismo
3090 2967 159 60 puede
3277 2967 182 60 juzgar
3498 2967 58 46 de
3592 2970 109 43 està
3737 2980 54 33 no-

2152 3030 77 45 ble
2265 3029 185 47 verdad
2484 3030 207 59 leyendo
2726 3044 62 32 en
2832 3030 172 46 Fuente
3046 3033 53 43 de
3133 3033 136 44 salud
3273 3069 9 15 ,
3319 3044 93 46 que
3447 3033 60 44 V.
3542 3044 163 47 posee,
3742 3032 73 45 las

2150 3091 196 60 poesias
2390 3093 239 45 tituladas
3188 3097 44 41 la
3343 3095 151 43 danza
3746 3097 71 43 del
3600 3109 31 45 y
3672 3095 143 45 sobre

2150 3156 129 55 todo,
2316 3157 66 44 La
2416 3160 95 42 cola
2545 3159 73 43 del
2648 3171 117 42 pavo
2810 3161 109 49 real,
2956 3157 158 47 donde
3159 3160 142 44 estàn
3337 3157 303 61 èxpresadas
3673 3157 142 47 todas

2152 3220 72 45 los
2275 3234 105 31 mas
2432 3220 146 47 utiles
2624 3222 276 46 tornasoles
2945 3221 80 47 del
3066 3221 316 47 sentimiento
3417 3236 31 43 y
3490 3222 59 46 de
3594 3222 49 45 la
3687 3221 126 46 idea.

2152 3284 72 44 En
2258 3282 257 47 ocasiones
2550 3284 98 58 hay
2683 3284 229 47 absoluta
2948 3284 264 47 necesidad
3246 3284 61 47 de
3342 3298 80 33 ser
3457 3286 169 45 franco
3660 3300 33 44 y
3728 3298 55 32 re-

2152 3345 242 47 ciainente
2446 3345 289 56 verdadero,
2769 3347 99 45 aùn
2920 3345 29 46 à
3000 3349 137 45 costa
3178 3349 60 45 de
3279 3349 50 45 la
3372 3347 257 47 modestia.
3674 3349 140 54 Pero,

2152 3409 209 60 despues
2397 3409 60 46 de
2491 3409 106 46 dcir
2630 3423 31 32 a
2695 3411 59 45 V.
2789 3424 94 46 que
2918 3411 45 45 el
2998 3424 143 33 verso
3544 3411 271 46 castellano

2152 3474 143 44 sobre
2330 3472 114 46 todo
2481 3475 322 44 modernizado
2839 3488 90 45 por
2962 3474 81 54 mi,
3080 3488 78 33 me
3197 3488 179 47 parece
3420 3488 66 33 un
3530 3475 158 46 molde
3730 3474 66 45 rit-

2152 3535 125 47 mico
2313 3535 150 59 digno
2497 3536 60 47 de
2592 3536 177 55 dioses,
2806 3551 76 33 me
2918 3537 161 59 queda
3119 3537 49 47 la
3202 3538 133 46 duda
3385 3537 110 61 (por
3530 3538 48 46 la
3612 3551 205 32 manera

2153 3612 93 46 que
2291 3598 132 47 tiene
2459 3602 58 44 V.
2556 3601 58 45 de
2660 3602 439 57 preguntarmelo),
3144 3602 59 46 de
3250 3616 94 44 que
3387 3615 149 33 acaso
3582 3603 44 45 el
3672 3615 143 33 verso

2152 3676 91 45 por
2276 3677 94 44 que
2406 3664 58 45 V.
2501 3677 76 33 me
2611 3663 115 60 pide
2760 3678 207 46 parecer
3001 3679 31 45 y
3078 3678 94 46 que
3217 3667 57 44 Y.
3314 3665 148 46 llamo
3730 3678 85 32 sea

2152 3725 169 60 quizàs
2355 3726 47 46 el
2437 3739 141 33 verso
2613 3725 106 61 cojo
2755 3742 136 31 corno
2925 3740 62 45 yo
3023 3728 44 45 le
3092 3729 163 53 llamo,
3279 3742 33 44 y
3335 3742 96 45 que
3453 3729 49 44 al
3536 3728 279 47 inventarlo

2153 3789 302 54 Mallarmée,
2490 3791 147 57 poeta
2671 3789 211 54 francès,
2919 3790 76 47 sin
3031 3790 142 60 vigor
3206 3789 51 48 ni
3291 3790 228 61 potencia
3555 3790 197 46 ritmica
3785 3804 32 44 y

2153 3865 63 44 ya
2252 3855 191 43 rnuerto
2476 3866 124 45 para
2636 3851 111 48 bien
2784 3853 59 46 de
2879 3855 47 44 la
3768 3869 79 40 poe
3361 3853 160 47 corrió
3545 3866 138 34 corno
3719 3869 99 31 una
