3444 4368
1673 251 107 53 230

197 420 197 36 sammen
434 402 81 50 auf
541 402 81 47 der
656 397 326 67 Zeugenbank,
1020 397 239 66 gleichsam
1291 411 71 32 am
1392 393 295 55 Sünderortc,

199 483 54 47 da
281 481 123 47 sollte
432 494 102 31 man
563 478 61 46 sie
653 478 134 46 sitzen
816 475 162 48 lassen!
1022 475 152 47 Wenn
1202 471 68 47 ich
1301 470 113 48 doch
1444 483 86 34 nur
1559 468 128 47 einen

199 558 193 61 einzigen
420 553 269 49 Musikfeind
718 553 175 64 gelesen
924 551 134 54 hätte,
1096 548 79 47 der
1203 548 120 46 diese
1350 544 337 49 Schandbuben

196 632 119 48 nicht
336 630 204 48 rührete!
568 630 74 47 Sie
667 628 146 49 haben
836 627 47 62 ja
906 626 95 47 ihre
1024 623 343 50 abscheulichen
1390 622 157 46 Laster
1570 619 121 47 nicht

197 725 78 32 aus
304 706 79 48 der
404 706 148 47 Musik
580 703 284 65 hergeholte;
893 701 84 47 wie
1003 698 370 50 dennSuetonius
1403 696 288 48 undTacitus

194 783 214 48 vielmehr
435 782 79 48 das
543 779 261 66 Gegentheil
832 778 211 55 darthun,
1079 777 62 47 als
1183 776 98 47 dass
1319 774 62 46 sie
1422 790 135 47 sagen
1587 772 80 47 soll-

196 868 90 47 ten,
314 858 83 47 die
426 859 176 45 Kunst
630 857 145 47 hätte
803 853 113 48 sich
945 852 251 48 darüber
1223 851 101 47 den
1354 851 136 45 Ilass
1519 863 136 47 zuge-

196 951 193 48 zogen,
426 934 98 46 weil
552 933 61 47 sie
641 948 81 32 von
752 929 148 49 diesen
929 928 249 65 gekrönten
1207 924 237 51 Unholden
1474 923 186 65 geschän-

199 1012 75 47 det
300 1009 197 49 worden.
552 1008 153 48 Wenn
736 1022 91 32 was
856 1007 139 45 Gutes
1024 1002 269 64 geschändet
1321 1000 129 56 wird,
1490 999 198 47 verdient

199 1084 199 51 dasselbe
436 1084 103 47 weit
576 1083 129 47 mehr
745 1080 155 55 Liebe,
935 1082 62 47 als
1025 1080 130 47 Hass.
1210 1078 124 48 Aber
1363 1077 83 45 wie
1476 1077 208 45 kommen

197 1163 117 47 diese
342 1159 419 66 pestilenzialischen
792 1158 271 62 Ungeheuer
1105 1154 68 48 bei
1213 1154 84 46 den
1339 1152 347 63 freibergischen

197 1239 217 48 Schülern
442 1254 53 30 zu
524 1238 148 53 Passe,
700 1235 135 46 deren
864 1233 152 47 keiner
1043 1248 51 31 zu
1124 1230 122 47 einer
1274 1230 155 46 Krone
1453 1226 235 65 Hoffnung

199 1315 147 49 haben
375 1314 132 53 kann,
545 1328 126 31 wenn
702 1327 48 29 er
776 1309 112 48 auch
916 1308 112 47 zehn
1056 1306 90 49 Mal
1174 1310 133 59 ärger
1334 1309 152 58 sänge,
1527 1310 160 49 tanzte,

200 1392 176 52 malete,
406 1388 181 63 gipsete,
618 1388 61 45 als
845 1385 164 46 —Der
1037 1385 166 45 Rector
1231 1381 125 56 solle,
1384 1386 104 42 statt
1516 1380 80 47 auf
1618 1379 68 47 die

196 1465 146 48 Musik
369 1480 52 30 zu
449 1461 255 55 schmähen,
743 1460 140 48 lieber
912 1459 137 48 dafür
1077 1460 144 61 Sorge
1250 1465 174 55 tragen,
1466 1456 100 47 dass
1596 1455 68 47 die-

196 1541 119 47 selbe
356 1539 113 47 auch
510 1538 42 47 in
591 1536 306 49 Deutschland
940 1535 167 47 wieder
1132 1531 239 51 methodice
1396 1531 294 64 gehandhabt

195 1616 167 49 würde.
416 1614 143 56 „Was
588 1614 129 63 gilt's,
759 1613 61 47 sie
850 1611 183 49 brächte
1075 1611 126 46 keine
1237 1607 279 50 verdorbene
1547 1609 140 45 Leute

196 1693 187 47 hervor?
549 1691 137 46 Jener
714 1687 299 65 Strohjunker
1038 1686 92 47 traf
1151 1686 150 46 seinen
1331 1684 177 47 Knecht
1536 1682 42 47 in
1608 1682 80 49 der

192 1766 259 50 Feldarbeit
479 1781 73 41 an,
587 1773 89 40 trat
702 1783 52 29 zu
783 1765 90 46 ihm
903 1764 80 47 auf
1005 1762 84 47 den
1117 1761 150 48 Acker
1296 1760 79 47 mit
1401 1760 80 47 der
1511 1761 176 61 Frage:

192 1846 142 55 Hans,
357 1859 93 32 was
474 1842 170 49 machst
660 1841 89 48 du?
778 1841 228 47 Antwort:
1034 1840 74 46 Ich
1127 1842 71 44 säe
1216 1837 136 64 Spelt.
1364 1836 140 56 —Ei,
1527 1836 160 64 sprach

195 1920 77 48 der
298 1920 189 56 Junker,
516 1917 60 49 du
602 1919 167 45 solltest
797 1916 132 64 kluge
957 1916 142 46 Leute
1127 1917 118 44 säen.
1279 1914 56 49 Ja
1364 1911 135 57 wohl,
1528 1911 159 65 sprach

194 1996 78 48 der
287 1997 164 55 Bauer,
481 1995 90 47 und
588 1994 176 48 wandte
785 1994 121 45 seine
922 1992 161 64 Augen
1103 1990 113 48 nach
1241 1990 79 47 der
1335 1990 153 53 Stelle,
1512 1987 184 48 worauf

195 2072 77 47 der
301 2074 119 45 Herr
448 2070 153 49 stund:
637 2070 133 48 aber
798 2068 91 47 das
919 2067 151 48 Land
1099 2071 145 58 trägt
1270 2066 78 47 sie

309 2190 104 47 Nun
441 2188 140 48 findet
619 2188 90 47 sich
751 2188 62 47 als
848 2187 153 47 zweite
1030 2185 183 64 Beilage
1253 2201 77 30 zur
1371 2183 162 47 dritten
1561 2183 132 47 Dosis

194 2267 80 48 der
299 2268 206 44 Panacea
533 2281 82 30 von
643 2264 253 47 Mattheson
926 2263 69 45 ein
1025 2278 99 32 vom
1156 2260 47 48 8.
1231 2261 174 46 Januar
1439 2259 135 48 1751
1611 2258 53 48 da-

194 2343 121 47 tirtes
355 2339 245 49 Schreiben
643 2339 75 47 des
757 2339 190 47 Cantors
990 2336 87 49 und
1116 2335 403 50 Musik-Directors
1557 2335 51 47 G.
1639 2336 51 46 F.

194 2418 201 48 Einike
422 2434 52 29 zu
503 2415 402 55 Frankenhausen,
958 2411 277 59 „betreffend
1264 2411 70 49 die
1377 2409 149 51 Vitarn
1551 2408 112 50 musi-

373 2491 280 65 mitgetheilt,
682 2507 93 31 was
804 2507 80 30 uns
914 2495 326 42 unerwarteter
1269 2486 159 50 Weise
1457 2488 112 47 auch
1598 2488 62 45 Se-

192 2570 225 48 bastian
449 2569 146 48 Bach
627 2568 68 47 bei
719 2568 101 47 dem
844 2566 161 49 Streite
1029 2565 231 64 betheiligt
1276 2565 125 64 zeigt.
1432 2565 119 47 Bach
1571 2564 121 48 hatte

195 2646 76 49 das
293 2645 419 48 Biedermann'sche
735 2645 266 62 Programm
1030 2659 53 30 zu
1107 2641 179 48 Gesicht
1309 2640 268 48 bekommen
1603 2639 88 48 und

196 2723 211 48 ebenfalls
427 2724 184 45 Anstoss
642 2720 140 48 daran
811 2735 284 48 genommen.
1124 2719 64 45 Er
1217 2716 231 48 wünschte
1477 2717 96 47 eine
1603 2717 59 46 Re-

196 2799 177 47 cension
414 2797 107 47 oder
562 2796 212 47 vielmehr
815 2796 97 47 eine
954 2794 334 64 Widerlegung
1329 2792 231 49 desselben
1603 2792 89 47 und

196 2874 155 48 sandte
394 2890 45 31 es
478 2872 138 47 daher
658 2889 54 32 an
747 2872 85 47 den
862 2871 270 65 Organisten
1163 2870 270 47 Schröter
1470 2870 42 46 in
1542 2869 120 47 Nord-

195 2950 171 48 hausen
395 2947 144 66 (einen
569 2947 230 64 gelehrten
829 2946 279 48 Mitarbeiter
1137 2943 241 65 Mitzler's),
1420 2945 56 47 da
1512 2961 47 31 er
1587 2945 78 47 Nie-

196 3026 192 48 manden
416 3026 42 47 in
488 3025 79 47 der
595 3025 127 47 Nähe
752 3023 126 49 wisse
920 3023 113 49 noch
1075 3022 148 48 finden
1265 3022 163 59 könne,
1471 3021 80 48 der
1579 3021 112 48 dazu

195 3102 274 65 geschickter
506 3105 133 45 wäre.
693 3101 214 47 Schröter
944 3100 100 48 kam
1076 3098 164 49 diesem
1272 3098 228 47 Ansinnen
1530 3097 139 48 bereit-

197 3178 173 63 willigst
397 3177 129 56 nach,
568 3176 174 48 schrieb
783 3176 96 47 eine
909 3175 248 48 Recension
1196 3173 90 47 und
1314 3173 156 49 sandte
1498 3173 195 47 dieselbe

197 3270 56 30 an
285 3253 133 55 Bach,
458 3252 144 48 indem
642 3270 49 30 er
718 3252 93 48 ihm
840 3252 70 47 die
936 3251 421 63 Veröffentlichung
1385 3250 235 48 derselben
1648 3250 44 47 in

197 3328 84 49 den
305 3330 230 63 gelehrten
555 3330 248 62 Zeitungen
832 3328 110 49 oder
962 3328 122 47 einer
1107 3327 196 48 anderen
1329 3326 367 51 Wochenschrift

199 3406 336 48 anheimstellte.
566 3404 118 47 Bach
715 3421 93 30 war
837 3404 139 47 damit
997 3404 117 49 wohl
1143 3403 228 47 zufrieden
1399 3403 91 47 und
1518 3402 175 48 schrieb

196 3481 199 48 darüber
423 3497 72 31 am
531 3479 78 49 10.
639 3479 252 49 December
926 3481 137 47 1749
1095 3497 57 32 an
1182 3479 218 49 Einike:

322 3591 113 56 „Die
463 3590 332 47 Schröterische
825 3590 246 48 Recension
1100 3591 51 47 ist
1180 3591 118 47 wohl
1335 3590 226 63 abgefasst
1603 3589 90 48 und

199 3667 113 47 nach
334 3667 192 47 meinem
914 3667 122 64 goüt,
693 3665 111 48 wird
827 3666 113 47 auch
964 3666 232 47 nächstens
1218 3666 220 64 gedruckt
1458 3683 101 30 zum
1580 3666 85 47 Vor-

201 3744 146 47 schein
370 3744 225 47 kommen.
756 3742 147 46 Herrn
928 3742 288 47 Mattheson's
1237 3742 233 47 Mithridat
1497 3742 77 47 hat
1597 3742 98 46 eine

204 3817 99 47 sehr
331 3819 146 47 starke
506 3817 248 64 Operation
789 3817 300 55 verursachet,
1131 3819 82 45 wie
1257 3819 82 45 mir
1377 3816 319 65 glaubwürdig

204 3893 341 63 zugeschrieben
585 3893 198 49 worden.
825 3893 169 47 Sollten
1034 3893 111 47 noch
1184 3895 141 63 einige

207 3967 83 46 wie
317 3967 67 46 ich
411 3970 246 56 vermuthe,
694 3968 284 64 nachfolgen,
1020 3984 47 30 so
1095 3968 167 47 zweifle
1291 3970 136 56 nicht,
1469 3985 44 32 es
1544 3968 151 49 werde

207 4041 77 48 des
313 4042 188 48 Auetors
529 4045 289 48 Dreckohr
858 4045 221 63 gereinigt
1114 4045 90 47 und
1231 4062 76 31 zur
1337 4046 252 65 Anhörung
1617 4045 79 48 der

207 4117 147 47 Musik
381 4120 272 60 geschickter
681 4121 208 60 gemacht

1876 392 66 46 Im
1973 390 208 63 Anfange
2209 386 76 51 des
2312 387 161 50 Jahres
2509 384 139 53 1750
2694 388 102 47 kam
2840 387 116 47 denn
2999 383 114 51 auch
3144 383 118 52 diese

1763 466 263 54 Recension,
2064 466 82 47 auf
2173 464 143 47 einem
2358 464 162 47 halben
2551 464 153 63 Bogen
2750 462 243 48 besonders
3023 462 238 63 gedruckt,

1765 543 176 54 heraus,
1972 542 88 47 und
2092 542 121 47 Bach
2250 541 181 54 „sandte
2460 541 195 47 dieselbe
2855 541 61 44 Es
2947 556 95 30 war
3084 538 78 47 das
3195 538 69 47 die

1761 635 84 30 von
1872 617 199 47 Lindner
2110 616 273 64 angeführte
2417 616 276 55 „christliche
3137 612 126 48 Aber

1761 693 255 64 abgesehen
2046 693 159 57 davon,
2246 692 100 47 dass
2387 692 80 47 der
2495 692 114 45 Titel
2651 691 121 46 nicht
2800 707 81 30 von
2913 691 214 46 Schröter
3158 689 76 47 her-

1761 771 171 54 rührte,
1977 768 104 48 fand
2121 768 205 47 derselbe
2366 768 115 47 auch
2523 767 387 63 Abänderungen,
2944 768 184 44 Zusätze
3173 764 89 47 und

1762 845 364 63 Weglassungen
2149 844 42 47 in
2213 844 165 46 seinem
2403 842 337 56 Schriftstücke,
2769 858 47 31 so
2839 842 100 47 dass
2962 858 64 38 er,
3056 840 206 64 obgleich

1759 920 120 47 nicht
1907 922 63 45 als
1993 920 231 47 Verfasser
2252 927 212 56 genannt,
2493 918 115 48 doch
2637 918 104 47 sehr
2769 917 319 64 unangenehm
3118 917 146 47 davon

1759 997 188 48 berührt
1977 997 170 47 wurde.
2203 995 63 47 Er
2300 994 176 48 schrieb
2514 995 141 46 daher
2690 1011 71 31 am
2794 994 47 48 9.
2872 994 126 64 April
3035 991 142 50 1750
3210 1009 56 31 an

1759 1073 159 48 Einike
1956 1073 89 47 und
2078 1072 75 48 bat
2181 1072 258 54 denselben,
2469 1087 55 31 an
2557 1070 118 48 Bach
2703 1084 51 33 zu
2787 1069 246 55 berichten,
3064 1068 100 48 dass
3195 1068 71 47 die

1758 1149 321 63 gewaltsamen
2124 1146 382 65 Veränderungen
2554 1146 146 47 seiner
2736 1145 246 47 Becension
3022 1144 93 47 ihm
3160 1144 104 46 sehr

1758 1224 286 65 empfindlich
2076 1224 191 63 gefallen
2294 1224 133 46 seien.
2457 1223 104 47 Sein
2591 1224 134 44 Trost
2753 1221 168 47 hierbei
2953 1224 122 43 wäre
3103 1219 161 54 dieser,

1758 1301 99 47 dass
1888 1301 100 47 kein
2017 1301 154 55 Leser,
2210 1300 195 47 welcher
2441 1300 120 46 seine
2591 1299 155 47 Denk-
2775 1298 91 47 und
2896 1296 263 49 Schreibart
3186 1313 80 30 aus

1759 1376 196 49 anderen
1978 1375 275 50 Umständen
2286 1375 173 47 kennen
2491 1375 188 62 gelernt,
2708 1374 74 47 ihn
2815 1374 75 45 für
2918 1372 83 47 den
3037 1372 230 49 Verfasser

1758 1454 123 47 einer
1908 1453 180 48 solchen
2121 1453 327 62 Vermischung
2478 1453 149 45 halten
2665 1450 164 56 könne,
2873 1450 76 47 des
2980 1449 284 63 unglücklich

1759 1529 276 63 gerathenen
2074 1525 154 51 Rubri
2238 1545 9 29 :
2293 1526 263 48 Christliche
2598 1526 341 62 Beurtheilung,
2984 1543 40 29 u.
3054 1541 33 31 s.
3117 1540 55 31 w.
3214 1540 52 31 zu

1757 1606 328 64 geschweigen.
2214 1604 161 47 Einike
2411 1604 176 47 machte
2617 1619 81 32 von
2730 1602 151 47 diesen
2913 1601 350 62 Bemerkungen

1758 1682 122 49 Bach
1912 1681 202 48 wörtlich
2146 1680 285 63 Mittheilung
2460 1680 91 47 und
2580 1679 159 48 erhielt
2768 1677 165 50 darauf
2957 1694 72 32 am
3060 1677 84 47 20.
3175 1677 91 47 Mai

1767 1757 140 49 1750
1937 1774 83 30 von
2050 1757 249 47 Letzterem
2332 1755 205 65 folgende
2566 1756 235 46 Antwort:

1884 1835 98 54 „An
2013 1835 150 45 Herrn
2192 1834 246 46 Schrötern
2476 1832 106 47 bitte
2613 1831 114 47 mein
2760 1830 302 64 Compliment
3089 1846 52 29 zu
3174 1845 62 30 ma-

1759 1910 130 57 chen,
1919 1910 69 47 bis
2013 1910 99 47 dass
2142 1910 67 47 ich
2239 1908 147 49 selber
2413 1908 59 47 im
2504 1907 167 50 Stande
2702 1907 89 55 bin,
2833 1924 52 29 zu
2913 1905 254 56 schreiben,
3210 1905 57 47 da

1759 1986 68 48 ich
1852 1986 116 47 mich
1992 1986 184 47 alsdann
2206 1986 80 47 der
2311 1985 325 62 Veränderung
2665 1983 145 47 seiner
2833 1982 246 48 Becension
3111 1996 157 48 wegen

1761 2061 336 65 entschuldigen
2129 2062 104 53 will,
2270 2061 99 47 weil
2398 2060 69 48 ich
2497 2076 83 47 gar
2609 2060 127 47 keine
2765 2058 167 47 Schuld
2962 2057 141 48 daran
3135 2056 134 54 habe,

1761 2138 193 47 sondern
1983 2138 150 47 solche
2163 2137 140 62 einzig
2331 2136 300 63 demjenigen,
2660 2134 80 49 der
2761 2134 86 47 den
2872 2133 155 48 Druck
3059 2133 210 64 besorget

1763 2213 92 56 hat,
1884 2231 51 28 zu
1965 2213 238 64 imputiren

1876 2289 215 47 Schröter
2119 2288 109 47 aber
2257 2303 96 32 war
2387 2287 79 47 mit
2501 2286 145 47 dieser
2671 2286 261 62 Erklärung
2961 2283 141 48 nichts
3131 2283 110 48 weni-

1762 2382 80 47 ger
1871 2366 62 47 als
1961 2364 242 49 zufrieden.
2255 2366 122 54 „Der
2405 2366 122 45 Herr
2557 2362 337 65 Capellmeister
3137 2361 105 47 erwi-

1763 2441 125 48 derte
1917 2458 48 31 er
1994 2457 56 32 an
2079 2441 160 47 Einike
2269 2456 72 32 am
2373 2441 46 47 5.
2448 2439 122 55 Juni,
2610 2438 193 56 „bleibet
2833 2435 48 50 in
2908 2437 151 66 culpa,
3088 2453 48 31 er
3165 2452 104 48 mag

1762 2518 90 47 sich
1883 2518 75 48 itzt
1987 2518 236 47 krümmen
2255 2517 89 47 und
2375 2515 174 64 künftig
2577 2515 187 55 drehen,
2788 2515 84 46 wie
2902 2531 49 30 er
3150 2513 96 47 Viel-

1765 2594 128 48 mehr
1931 2596 107 45 solle
2067 2594 122 48 Bach
2229 2593 80 47 der
2346 2594 145 47 Sache
2537 2592 200 48 dadurch
2782 2592 70 45 ein
2892 2590 130 47 Ende
3065 2589 206 50 machen.

2688 2643 7 6 «
3262 2639 6 6 '

1765 2671 99 47 dass
1904 2688 47 30 er
1986 2671 89 46 sich
2115 2670 225 47 öffentlich
2383 2670 62 46 als
2474 2669 209 48 Urheber
2723 2667 78 47 der
2842 2666 310 55 „christlichen
3184 2666 58 46 Ge-

2024 2747 219 56 bekenne,
2296 2745 143 56 »NB.
2469 2747 108 46 Mut,
2758 2781 10 18 ,
2817 2744 84 46 den
2952 2742 320 47 unbekannten

1767 2825 231 46 Verfasser
2025 2823 80 48 der
2144 2823 333 62 „aufrichtig
2506 2829 254 56 genannten
3170 2820 72 45 auf-

1767 2900 192 56 fordere,
1988 2900 90 47 sich
2107 2917 52 30 zu
2190 2916 192 39 nennen,
2413 2898 89 47 und
2526 2898 299 47 Biedermann
2855 2897 145 46 seiner
3024 2895 135 46 üblen
3185 2896 58 46 Ge-

1764 2978 194 61 sinnung
2011 2993 168 47 „gegen
2223 2976 70 46 die
2335 2974 294 63 unschuldige
2900 2971 270 55 überführe,

1777 3053 315 64 „wahrhaftig,
2137 3053 97 47 eine
2274 3052 149 47 solche
2454 3049 484 65 Capellmeister-That
2977 3047 156 48 würde
3170 3046 101 48 dem

1765 3131 151 46 Herrn
1949 3130 118 47 Bach
2105 3147 78 29 zur
2222 3128 310 49 sonderlichen
2563 3128 139 52 Ehre,
2740 3142 206 31 unserem
2979 3125 149 46 Herrn
3158 3124 87 47 Mat-

1766 3207 157 46 theson
1951 3224 52 28 zu
2034 3206 143 47 einem
2210 3204 372 48 unvermutheten
2621 3203 90 47 und
2749 3201 379 48 wohlverdienten
3160 3200 85 46 Ver-

1766 3286 180 50 gnügen
1991 3281 89 48 und
2123 3282 79 46 der
2243 3282 128 46 edlen
2412 3280 145 48 Musik
2593 3297 50 29 zu
2683 3279 252 47 mehreren!
2971 3277 303 47 Wachsthum

1767 3330 25 17 o
1863 3330 25 16 o

2085 3358 161 46 Einike
2276 3356 174 47 machte
2482 3355 180 47 hiervon
2688 3355 113 47 auch
2827 3354 69 47 die
2919 3351 231 64 schuldige
3172 3352 78 46 Mit-

1765 3435 203 63 theilung
1997 3451 55 31 an
2082 3434 138 56 Bach,
2231 3432 181 49 —aber
2441 3448 70 31 am
2543 3430 85 48 28.
2650 3431 89 47 Juli
2769 3430 220 48 erreichte
3018 3429 147 47 dieser
3195 3426 80 48 das

1765 3512 91 46 Ziel
1886 3511 145 47 seiner
2059 3510 221 48 irdischen
2313 3507 260 58 Laufbahn,
2615 3507 91 47 und
2735 3507 141 47 damit
2904 3523 95 30 war
3028 3504 70 47 die
3126 3504 145 47 Sache

1768 3587 204 49 beendet.

1881 3665 112 47 Eine
2034 3664 183 47 weitere
2259 3660 257 48 Aufnahme
2558 3660 76 48 des
2676 3676 169 47 ganzen
2881 3657 185 47 Streites
3104 3656 172 48 scheint

1767 3740 121 48 nicht
1916 3741 116 46 Statt
2059 3737 227 66 gefunden
2325 3754 52 29 zu
2416 3736 163 48 haben.
2631 3735 242 48 Jedenfalls
2916 3732 111 50 aber
3068 3732 207 65 gewährt

1766 3817 204 47 derselbe
1998 3816 128 47 einen
2157 3815 122 47 nicht
2307 3813 383 47 uninteressanten
2714 3811 206 47 Einblick
2944 3811 44 47 in
3017 3810 70 48 die
3116 3810 128 47 dama-

1766 3895 115 62 ligen
1911 3890 436 50 tonkünstlerischen
2374 3890 305 47 Verhältnisse
2721 3887 91 48 und
2855 3888 91 63 legt
2981 3887 71 47 ein
3081 3886 168 47 unzwei-

1767 3970 202 63 deutiges
1996 3967 217 64 Zeugniss
2242 3966 57 48 ab
2331 3966 75 47 für
2434 3966 70 47 die
2533 3965 197 48 lebhafte
2753 3963 316 55 Theilnahme,
3098 3961 175 47 welche

1767 4046 121 47 Bach
1919 4046 77 46 für
2024 4045 105 47 alles
2158 4043 150 64 hegte,
2339 4059 91 31 was
2459 4042 78 48 mit
2563 4042 144 48 seiner
2731 4043 146 46 Kunst
2908 4039 41 49 in
2980 4036 263 50 unmittelba-

1770 4137 73 32 rer
1870 4121 260 62 Beziehung
2159 4118 145 50 stand.
