3444 4368
1663 206 107 50 228

178 360 147 49 Musik
350 375 54 30 zu
434 356 100 48 dem
559 353 162 50 Stücke
752 352 119 48 eines
901 352 179 48 blinden
1103 351 206 48 Dichters
1340 365 94 32 war
1468 347 101 48 dem
1601 347 52 47 da-

180 436 111 47 mals
331 435 61 47 als
424 432 165 48 Cantor
626 430 42 45 in
708 428 220 65 Freiberg
962 427 306 64 angestellten,
1310 428 149 61 später
1491 419 184 68 (1756)

178 511 114 49 nach
321 510 178 62 Leipzig
534 505 247 48 berufenen
810 506 168 46 Doles
1020 505 271 60 übertragen
1336 499 199 49 worden.
1592 499 87 46 Die

180 586 293 62 Aufführung
504 582 104 48 fand
628 582 85 47 den
744 581 380 48 entschiedensten
1148 579 167 47 Beifall.
1346 577 133 48 Nicht
1502 592 85 32 nur
1610 574 70 49 die

178 661 270 63 Freiberger
486 658 164 55 selber,
691 657 113 48 auch
847 656 70 48 die
945 656 255 48 Bewohner
1239 654 82 47 der
1360 651 319 64 umliegenden

180 736 187 66 Gegend
407 734 88 65 (die
532 734 117 47 ohne
674 733 182 47 Zweifel
890 733 152 47 Söhne
1077 732 80 48 auf
1196 731 78 47 der
1303 729 164 47 Schule
1510 728 170 53 hatten,

178 813 90 50 und
298 813 189 48 Schüler
520 828 154 31 waren
715 809 111 49 doch
870 809 158 47 höchst
1064 806 368 50 wahrscheinlich
1463 804 70 49 die
1562 806 88 45 Dar-

175 891 149 48 steller
353 889 76 49 des
819 886 132 48 eilten
978 886 43 47 in
1050 886 147 47 Masse
1228 882 171 56 herbei,
1441 897 46 33 es
1515 880 142 64 erfolg-

175 974 76 41 ten
280 966 249 48 zahlreiche
548 962 437 65 Wiederholungen,
1017 960 90 49 und
1130 962 64 47 als
1216 957 262 67 klingendes
1500 955 148 65 Ergeb-

179 1044 87 47 niss
296 1040 160 50 fanden
484 1040 88 47 sich
602 1038 266 48 schliesslich
900 1038 113 48 über
1047 1038 141 48 1500
1214 1037 122 47 Thlr.
1368 1035 40 47 in
1439 1034 80 47 der
1543 1033 136 47 Casse

175 1134 91 32 vor.
296 1117 317 56 Biedermann,
640 1114 80 48 der
748 1114 70 48 die
839 1131 139 48 ganze
998 1114 289 61 Vorstellung
1315 1110 244 49 veranlasst
1588 1108 89 48 und

175 1194 180 66 geleitet
383 1194 139 55 hatte,
565 1208 95 32 war
699 1192 220 47 natürlich
959 1190 113 47 auch
1114 1189 80 47 der
1233 1189 122 46 Herr
1395 1185 145 49 dieser
1568 1185 82 47 Ein-

174 1272 183 54 nahme,
390 1269 294 57 „berechnete
706 1267 110 48 aber
837 1267 119 47 nicht
976 1267 70 45 die
1069 1265 151 47 Hälfte
1248 1264 146 47 dieser
1417 1261 262 56 Einkünfte,

179 1347 90 48 und
299 1347 88 63 gab
415 1345 100 47 dem
548 1345 167 46 Cantor
745 1343 75 45 für
848 1343 84 47 alle
960 1341 120 49 seine
1106 1340 141 48 Mühe
1284 1339 92 48 und
1406 1338 160 49 Arbeit
1594 1355 86 31 nur

175 1423 185 62 dreissig
388 1421 179 54 Thaler,
609 1419 69 47 die
707 1418 111 48 aber
847 1418 143 48 dieser
1022 1418 159 48 verbat
1219 1416 90 49 und
1346 1416 91 47 sich
1469 1415 79 47 mit
1576 1414 101 47 dem

174 1498 259 48 erhaltenen
449 1495 155 47 Beifall
623 1494 242 65 begnügen
1108 1495 133 55 „Man
1265 1491 232 49 unterliess
1514 1490 165 65 jedoch

377 1571 165 49 erzählt
570 1570 201 48 Forkel
802 1571 171 56 weiter,
1007 1570 141 57 „über
1171 1570 141 47 dieses
1329 1568 251 48 Verfahren
1602 1565 78 48 des

175 1651 185 46 Rectors
390 1649 42 47 in
462 1648 80 48 der
562 1648 130 47 Stadt
713 1648 167 48 allerlei
903 1648 349 62 Bemerkungen
1274 1663 52 30 zu
1351 1644 207 56 machen,
1588 1641 91 50 und

176 1726 82 47 der
284 1728 182 54 Rector,
495 1724 201 48 welchen
725 1724 91 47 dies
844 1724 220 56 verdross,
1093 1721 175 50 schrieb
1299 1721 138 48 dafür
1467 1721 69 47 ein
1566 1721 85 46 Pro-

175 1819 194 48 gramm,
412 1801 143 48 worin
585 1818 48 30 er
660 1818 53 30 zu
744 1800 222 48 beweisen
997 1801 171 55 suchte,
1210 1799 102 48 dass
1337 1814 168 33 musice
1531 1795 150 52 vivere

171 1879 141 48 nichts
340 1877 206 50 Anderes
575 1877 158 56 heisse,
762 1877 62 47 als
866 1876 294 48 liederlich
1205 1875 188 57 leben,
1435 1874 101 48 dass
1567 1874 88 63 folg-

174 1956 85 48 lich
289 1956 84 48 alle
401 1955 201 48 Musiker
628 1954 254 48 liederliche
910 1955 144 47 Leute

288 2069 135 47 Diese
451 2068 292 63 Darstellung
779 2067 55 48 ist
861 2065 207 50 offenbar
1103 2067 215 64 einseitig.
1366 2065 87 49 Die
1483 2064 168 50 Berech-

172 2162 125 47 nung
339 2144 79 47 der
457 2144 176 56 „Hallte
670 2143 80 47 der
1098 2144 75 46 für
1215 2142 86 48 den
1343 2142 338 63 Componisten,

179 2222 85 47 wie
291 2222 62 47 sie
381 2220 100 49 dem
505 2219 253 48 Anscheine
778 2219 116 48 nach
915 2219 204 64 verlangt
1140 2218 202 54 worden,
1371 2218 148 47 dürfte
1540 2216 139 47 schon

176 2298 98 48 eine
302 2295 316 50 übertriebene
646 2294 272 65 Forderung
946 2310 207 49 gewesen
1182 2294 108 48 sein.
1323 2293 207 48 Bedenkt
1558 2309 121 38 man,

175 2374 99 48 dass
301 2373 113 48 noch
443 2373 43 47 in
514 2371 100 49 dem
645 2378 146 42 ersten
815 2371 166 47 Viertel
1012 2370 75 48 des
1107 2370 335 48 Jahrhunderts
1472 2371 52 46 R.
1548 2370 96 47 Rei-

174 2467 85 31 ser
287 2450 76 47 für
391 2449 71 47 die
485 2448 305 64 Composition
814 2448 122 48 einer
959 2464 170 48 ganzen
1152 2448 127 64 Oper
1301 2446 171 65 fünfzig
1492 2446 162 47 Reichs-

175 2528 146 47 thaler
360 2525 173 57 erhielt,
574 2542 47 30 so
664 2525 126 47 sollte
833 2542 103 30 man
978 2525 194 56 meinen,
1215 2524 100 48 dass
1350 2524 105 65 jene
1492 2523 187 64 dreissig

179 2604 166 48 Thaler
378 2603 121 48 nicht
538 2619 83 48 gar
655 2618 47 32 so
739 2603 294 64 geringfügig
1064 2618 166 32 waren.
1285 2603 94 47 Das
1408 2603 268 62 Programm

178 2697 95 30 war
311 2680 70 47 ein
418 2679 172 48 starker
625 2678 227 64 Missgriff,
887 2678 92 48 und
1020 2679 91 47 sein
1143 2678 232 48 Verfasser
1417 2678 79 48 hat
1536 2676 144 48 davon

176 2759 177 61 Aerger
381 2773 150 47 genug
560 2755 186 65 gehabt;
787 2755 112 50 aber
936 2755 70 48 bei
1036 2755 305 65 eingehender
1370 2755 310 63 Betrachtung

178 2832 116 49 stellt
315 2831 90 48 sich
429 2831 71 48 die
523 2831 142 47 Sache
688 2831 113 48 doch
830 2832 121 47 nicht
979 2849 56 32 so
1065 2831 98 57 dar,
1192 2831 87 48 wie
1304 2831 71 47 die
1403 2830 166 66 obigen
1594 2832 58 46 Be-

178 2910 279 63 merkungen
487 2907 84 49 den
602 2909 222 47 Anschein
854 2909 160 64 geben.

288 3024 86 46 Am
412 3023 79 47 12.
519 3023 90 48 Mai
646 3023 137 48 1749
823 3023 200 48 erschien
1065 3023 70 48 die
1176 3024 330 64 unglückliche,
1549 3023 128 49 einen

181 3099 296 64 Quartbogen
496 3099 197 48 füllende
708 3099 188 56 Schrift;
926 3100 85 49 De
1047 3098 120 52 Vita
1194 3099 223 50 Musica
1442 3117 55 32 ex
1522 3100 157 50 Plaut.

194 3173 245 51 Mostellar.
743 3174 96 50 Act.
992 3177 109 47 111.
1286 3174 73 51 Sc.
1489 3177 77 48 11.

197 3249 92 51 vole
448 3250 318 49 auscultandas
1162 3250 197 65 ofßciose
1633 3252 48 50 inv

194 3343 156 43 memn,
367 3328 57 47 li.
738 3326 87 67 Freibergae.
826 3330 67 46 lm
894 3330 204 65 Eingange
1126 3330 78 49 des
1233 3330 303 49 Schriftchens
1567 3330 113 49 wird

180 3403 222 56 bemerkt,
432 3403 99 48 dass
552 3403 214 64 jegliches
792 3405 136 64 Ding,
959 3423 129 30 wenn
1117 3423 46 32 es
1191 3406 291 50 übertrieben
1511 3406 168 58 werde,

181 3480 129 48 mehr
336 3479 207 48 Schaden
574 3480 61 47 als
664 3481 170 47 Nutzen
873 3483 129 47 stifte.
1046 3484 107 47 Dies
1181 3484 129 48 treffe
1340 3484 116 48 denn
1486 3484 115 48 auch
1629 3500 48 32 so

183 3556 186 47 manche
410 3558 102 53 Art,
553 3555 69 48 die
652 3556 383 50 Wissenschaften
1074 3577 52 29 zu
1169 3560 249 57 betreiben,
1461 3560 91 48 und
1595 3561 85 47 wie

181 3633 116 48 Dan.
318 3633 262 48 Maichelius
611 3634 41 46 in
675 3631 80 50 der
777 3633 307 66 Abhandlung
1117 3673 17 18 „
1144 3636 76 47 De
1247 3635 283 64 corruptione
1555 3653 93 33 men-

181 3705 57 51 tis
260 3724 83 50 per
371 3706 265 52 Studiorum
947 3709 216 68 (Tubing.
1188 3714 160 58 1738)
1378 3714 172 48 solches
1578 3730 98 32 vom

185 3782 382 64 Sprachstudium,
595 3785 80 48 der
701 3785 280 55 Geschichte,
1009 3786 285 66 Philosophie
1322 3807 43 30 u.
1393 3805 34 32 s.
1456 3807 56 30 w.
1543 3790 111 47 nach-

186 3859 237 62 gewiesen,
449 3878 47 30 so
524 3862 107 47 solle
659 3879 90 30 nun
781 3862 77 47 mit
882 3862 244 64 Wenigem
1153 3865 171 63 gezeigt
1351 3865 201 57 werden,
1580 3865 100 48 dass

186 3934 113 48 auch
329 3951 81 31 von
439 3935 78 48 der
543 3939 145 45 Musik
717 3939 270 48 Aehr.iiches
1017 3940 130 63 gelte.
1195 3942 119 46 Fern
1350 3942 114 65 liege
1501 3958 61 40 es,
1601 3941 79 50 das

185 4010 318 58 auszuführen,
541 4029 90 32 was
658 4014 88 48 sich
777 4016 81 47 auf
881 4015 70 49 die
980 4016 306 65 Empfehlung
1315 4016 79 50 der
1421 4019 147 49 Musik
1600 4017 52 50 be-

184 4086 138 56 ziehe,
352 4104 81 31 von
462 4086 79 51 der
569 4090 142 48 Owen
739 4108 128 47 sage:

1912 342 184 63 Optima
2123 358 236 34 musarum
2387 345 88 55 est;
2500 338 183 67 reliquis
2710 338 166 51 idcirco
2902 339 212 68 negatum

2265 418 191 50 Artibus
2701 436 30 32 a
2811 416 143 50 musis
3146 416 125 50 musi

1873 497 141 47 Wohl
2044 496 112 48 aber
2192 496 59 48 sei
2291 512 44 31 es
2366 493 411 65 beklagenswerth,
2819 493 99 47 dass
2961 493 122 47 nicht
3123 492 141 48 durch

1755 572 166 48 Schuld
1953 572 79 47 der
2062 573 161 53 Kunst,
2254 572 118 47 wohl
2403 569 110 49 aber
2542 571 80 45 der
2651 569 261 55 Menschen,
2942 568 69 48 die
3036 568 196 48 Gewohn-

1756 651 106 53 heit,
1891 666 49 30 zu
1969 649 157 61 singen
2159 648 90 47 und
2277 666 52 29 zu
2358 648 184 64 spielen,
2574 647 152 62 häufig
2745 646 124 48 Geist
2900 646 88 46 und
3019 646 111 46 Silte
3161 644 103 48 übel

1751 724 198 49 zurichte
1987 723 88 48 und
2118 742 52 28 zu
2206 723 222 65 jeglicher
2456 722 377 63 Ausschweifung
2872 722 183 63 geneigt
3092 720 174 47 mache.

1754 802 108 48 Wie
1898 800 116 47 denn
2057 800 114 47 auch
2215 799 80 47 der
2334 800 88 46 alte
2452 799 123 47 Simo
2620 798 70 47 bei
2719 798 186 47 Plautus
2935 798 43 47 in
3007 798 152 62 Bezug
3190 797 81 48 auf

1750 877 79 48 das
1856 877 256 47 liederliche
2132 875 174 54 Leben.,
2335 892 129 32 wozu
2491 874 94 48 sein
2608 874 125 47 Sohn
2765 874 196 47 verleitet
2991 872 200 57 worden,
3222 873 43 48 in

1750 954 71 48 die
1850 955 166 47 Worte
2046 953 278 48 ausbreche:

1973 1027 225 50 Musice
2493 1028 146 49 hercle
2852 1025 177 69 agitis

2136 1104 103 51 vino
2395 1108 46 46 et
2532 1104 136 61 victu,
2864 1107 77 47 etc.

1750 1198 181 33 woraus
1961 1181 208 49 offenbar
2197 1181 185 55 erhelle,
2411 1179 100 48 dass
2540 1179 138 47 schon
2709 1179 235 63 frühzeitig
2974 1178 70 47 die
3073 1176 80 49 der
3177 1178 59 48 Ge-

1750 1259 272 65 sangskunst
2048 1259 275 47 Beflissenen
2354 1258 41 47 in
2427 1255 151 48 üblem
2610 1255 116 48 Rufe
2757 1254 246 66 gestanden
3032 1254 168 48 hätten.

1865 1336 71 47 An
1967 1335 119 48 diese
2114 1335 267 64 Auslegung
2411 1334 77 47 des
2980 1331 160 64 knüpft
3163 1331 77 47 Bie-

1750 1411 219 49 dermann
2000 1429 90 29 nun
2121 1411 99 47 eine
2243 1410 142 48 Reihe
2414 1427 84 30 von
2522 1408 277 49 warnenden
2819 1408 266 64 Beispielen.
3115 1406 151 48 Schon

1749 1488 191 57 Jubal,
1978 1488 80 47 der
2088 1486 212 49 Erfinder
2340 1485 80 50 der
2457 1485 167 56 Musik,
2665 1491 192 41 stamme
2893 1485 123 47 nicht
3049 1500 85 32 von
3163 1484 103 47 dem

1754 1566 219 47 frommen
2004 1565 127 55 Seth,
2160 1564 194 48 sondern
2384 1580 83 32 von
2497 1562 119 47 Kain
2645 1561 73 48 ab.
2748 1562 86 47 Die
2857 1562 283 64 Aegypter
3171 1560 72 48 hät-

1752 1649 74 40 ten
1855 1641 98 47 ihre
1982 1641 154 47 Söhne
2178 1658 82 30 von
2303 1640 82 47 der
2422 1640 261 62 Erlernung
2724 1637 81 49 der
2834 1637 165 56 Musik,
3039 1636 63 48 als
3143 1636 124 48 einer

1751 1717 424 65 Verweichlichung
2215 1716 77 50 des
2323 1716 188 56 Geistes,
2551 1714 400 64 zurückgehalten.

1750 1811 134 49 sogar
1915 1795 151 54 führe,
2098 1811 128 31 wenn
2258 1810 49 32 er
2337 1792 101 49 dem
2461 1795 234 61 Augustus
2725 1791 70 47 die
2824 1790 269 48 verkehrten
3124 1790 142 47 Sitten

1750 1872 146 47 seiner
1931 1871 98 47 Zeit
2071 1871 224 56 herzähle,
2343 1870 72 48 die
2457 1867 320 50 übertriebene
2819 1866 304 50 Liebhaberei
3163 1882 103 31 zum

1751 1950 208 62 Gesänge
1989 1955 132 41 unter
2149 1947 85 49 den
2257 1946 234 50 Ursachen
2521 1945 77 48 des
2620 1943 428 50 Staatsverderbens
3078 1942 79 48 mit
3180 1942 87 48 den

1752 2026 196 48 Worten
1978 2043 79 30 an:

1785 2098 210 54 Venimus
2259 2101 64 49 acl
2429 2115 228 34 summuni
2916 2101 251 62 fortunae:
2861 2096 410 68 pingatque
3011 2093 256 70 psattiniiis.

1754 2178 152 55 Cato,
1950 2177 79 47 der
2066 2185 182 56 strenge
2288 2176 330 56 Sittenrichter,
2662 2173 119 49 habe
2823 2173 79 47 das
2931 2173 168 64 Singen
3142 2173 124 47 nicht

1750 2255 120 48 eines
1901 2261 179 41 ernsten
2109 2252 244 48 Menschen
2382 2251 181 65 würdig
2603 2251 219 56 erachtet,
2866 2250 267 63 Caligula
3175 2250 92 47 und

1750 2331 148 47 Nero
1938 2330 122 47 seien
2088 2328 115 49 nach
2234 2327 86 48 den
2348 2328 278 64 Zeugnissen
2657 2326 76 48 des
2762 2327 170 47 Sueton
2964 2324 91 49 und
3085 2324 182 49 Tacitus

1751 2407 142 48 durch
1924 2407 70 47 die
2023 2404 214 51 Vorliebe
2265 2422 79 31 zur
2366 2404 150 50 Musik
2544 2404 43 49 in
2618 2404 155 47 früher
2794 2402 184 66 Jugend
2998 2401 268 50 verdorben.

1752 2484 96 47 Aus
1876 2487 201 60 späterer
2104 2482 99 48 Zeit
2231 2481 183 49 werden
2446 2488 132 41 unter
2606 2479 216 50 Anderen
2853 2478 285 50 Cardanus
3176 2479 91 49 und

1750 2561 270 48 schliesslich
2062 2559 220 47 Luther
2323 2558 265 65 angeführt,
2629 2575 55 30 an
2715 2557 157 48 dessen
2902 2556 193 49 Worte:
3148 2557 121 54 „Du,

1754 2638 116 48 mein
1901 2637 141 48 lieber
2065 2637 166 65 junger
2257 2636 165 57 Gesell,
2450 2636 106 47 solst
2584 2633 99 50 dich
2712 2651 80 32 vor
2814 2633 145 48 denen
2996 2632 270 49 verkehrten

1754 2714 299 57 Gemüthern,
2094 2713 170 48 welche
2292 2713 71 48 die
2397 2713 173 48 sowohl
2601 2712 80 48 der
2709 2713 147 47 Natur
2885 2712 62 48 als
2977 2712 148 47 Kunst
3152 2711 114 48 nach

1751 2792 105 48 sehr
1897 2792 168 48 schöne
2108 2791 129 48 Gabe
2278 2789 80 50 der
2387 2791 144 48 Music
2573 2788 359 57 missbrauchen,
2974 2788 158 57 hüten,
3175 2787 92 49 und

1752 2868 162 66 gewiss
1943 2867 214 66 glauben,
2201 2867 100 48 dass
2335 2867 62 47 sie
2438 2865 80 49 der
2546 2865 177 49 Teuffei
2753 2864 137 50 dahin
3170 2864 99 47 eine

1752 2944 323 66 eindringliche
2113 2944 304 64 Ermahnung
2458 2959 56 32 an
2556 2943 70 47 die
2654 2942 182 64 Jugend
2879 2940 221 65 geknüpft
3140 2940 130 56 wird,

1752 3022 116 49 über
1896 3023 80 47 der
2003 3022 148 49 Musik
2180 3022 122 48 nicht
2330 3020 70 49 die
2430 3020 153 49 rechte
2606 3019 288 64 Ausbildung
2923 3036 51 30 zu
3003 3022 266 44 versäumen

1752 3100 90 47 und
1884 3100 63 47 sie
1975 3117 87 30 nur
2090 3099 43 47 in
2164 3098 265 65 gehörigem
2458 3099 180 47 Maasse
2679 3095 279 57 auszuüben,
3001 3095 85 47 wie
3128 3095 142 49 dieses

1751 3177 116 48 auch
1896 3193 84 31 von
2009 3175 166 49 zweien
2206 3174 80 50 der
2315 3174 114 50 eben
2460 3191 81 31 aus
2570 3173 80 48 der
2679 3173 166 48 Schule
2872 3189 51 31 zu
2955 3173 315 48 entlassenden

1749 3254 220 64 Zöglinge
2001 3253 135 65 gelte,
2180 3252 170 48 welche
2389 3250 80 50 das
2498 3249 424 50 wissenschaftliche
2950 3248 211 49 Studium
3191 3249 80 48 mit

1752 3330 102 49 dem
1883 3329 81 50 der
1991 3329 147 50 Musik
2169 3329 82 48 auf
2273 3329 79 48 das
2382 3328 294 66 glücklichste
2697 3344 54 31 zu
2773 3326 257 65 vereinigen
3053 3334 216 57 gewusst,

1752 3406 92 49 und
1877 3406 138 49 deren
2057 3408 125 47 einer
2225 3406 98 47 eine
2364 3406 44 47 in
2451 3404 322 49 französischer
2814 3404 203 65 Sprache
3059 3404 211 47 verfasste

1752 3483 125 49 Rede
1919 3483 113 49 über
2071 3483 80 49 das
2194 3483 200 48 Thema:
2436 3479 188 52 Musica
2651 3484 234 61 tamquam
2911 3476 185 55 virtutis
3121 3478 120 50 admi-

1749 3559 165 61 nistra,
1945 3561 150 47 halten
2124 3559 169 48 werde.

1863 3636 138 50 Jeder
2023 3636 329 65 Unbefangene
2375 3634 113 49 wird
2509 3634 221 65 zugeben,
2753 3634 117 57 dass,
2900 3633 259 64 abgesehen
3185 3650 85 33 von

1751 3713 80 47 der
1858 3713 315 66 Anknüpfung
2211 3729 56 32 an
2310 3711 71 47 die
2422 3711 296 65 plautinische
2747 3711 136 47 Stelle
2921 3709 91 49 und
3043 3710 86 48 den
3167 3728 103 30 zum

1752 3789 127 49 Theil
1910 3790 264 65 gesuchten,
2202 3807 99 30 zum
2326 3789 129 47 Theil
2484 3787 104 49 sehr
2616 3786 380 50 oberflächlichen
3019 3787 226 65 geschicht-

1752 3866 145 48 lichen
1921 3867 360 63 Anführungen,
2323 3865 43 47 in
2396 3864 102 49 dem
2530 3865 316 48 wesentlichen
2875 3864 284 49 Endzwecke
3190 3864 80 49 der

1752 3944 165 48 Schrift
1947 3945 138 47 kaum
2117 3944 99 48 eine
2245 3941 300 66 Beleidigung
2574 3941 81 50 der
2683 3942 202 49 Musiker
2913 3941 152 59 selbst,
3101 3941 144 50 sicher-

1752 4019 84 48 lich
1867 4020 110 48 aber
2008 4020 101 48 kein
2132 4019 568 64 Verdammungs-Urtheil
2730 4017 80 50 der
2829 4019 240 48 Tonkunst
3096 4019 63 48 als
3181 4019 65 47 sol-

1754 4095 106 51 cher
1887 4115 52 31 zu
1971 4097 151 50 finden
2152 4097 66 49 ist.
2248 4096 156 51 Nichts
2427 4095 124 51 desto
2582 4096 200 65 weniger
2813 4095 159 51 wurde
2999 4095 199 49 dieselbe
3224 4095 47 48 in
