3349 4572
780 445 76 59 84

1817 447 223 53 Glossen

774 666 297 68 gewendet;
1105 665 118 59 kein
1254 665 217 57 anderes
1495 665 141 56 hätte
1670 664 112 57 sich
1816 663 86 58 für

774 746 117 55 eine
925 745 258 66 derartige
1217 743 182 58 Arbeit
1433 744 175 56 besser
1642 744 258 67 geeignet.

844 823 78 57 Im
957 821 336 70 Erdgeschoß
1347 823 92 56 des
1476 821 283 58 Gebäudes
1810 821 60 56 be-

774 900 185 57 finden
1006 901 111 58 sich
1170 901 83 56 die
1287 900 168 56 Zettel
1505 901 92 56 der
1629 899 270 58 Alliierten

775 979 206 68 (weisse
1029 979 86 57 für
1147 980 85 55 die
1265 978 287 68 Anfragen,
1603 989 164 57 grüne
1818 978 84 57 für

776 1059 84 56 die
883 1056 339 78 Auskünfte),
1258 1058 73 57 im
1363 1073 173 42 ersten
1573 1056 329 57 Stockwerke

776 1138 295 66 diejenigen
1131 1136 92 56 der
1272 1134 420 59 Zentralmächte
1747 1136 156 77 (weiß

775 1215 112 56 und
920 1237 114 34 rosa
1084 1214 83 57 für
1201 1214 85 56 die
1320 1213 326 66 Deutschen,
1697 1214 86 57 lila
1818 1214 85 57 für

775 1294 85 56 die
892 1294 201 56 andern
1127 1293 453 68 Nationalitäten).

844 1371 103 56 Die
999 1371 428 56 nachstehenden
1481 1370 198 58 Zahlen
1733 1371 169 68 geben

775 1447 296 59 Aufschluß
1137 1449 132 57 über
1334 1450 85 56 die
1477 1449 270 67 Tätigkeit
1811 1450 92 56 des

775 1527 259 59 Bureaus:

779 1606 388 66 Französische,
1190 1606 284 69 englische,
1498 1606 264 68 belgische
1783 1606 91 57 Zet-

842 1685 70 57 tel
1411 1686 31 55 2
1462 1685 112 56 000
1594 1685 111 56 000
1742 1685 164 57 Stück

778 1762 269 59 Deutsche
1081 1762 169 59 Zettel
1424 1764 14 56 1
1466 1764 112 54 000
1598 1764 111 56 000
1813 1809 31 19 ~

776 1841 169 59 Zettel
968 1841 301 57 betreffend
1292 1841 59 56 Zi-

845 1920 333 68 vilpersonen
1198 1921 71 54 im
1286 1920 60 56 be-

845 2014 198 42 setzten
1081 1999 194 56 Gebiet
1471 1999 111 56 300
1601 1999 110 56 000
1804 2043 33 20 ~

846 2076 252 67 Tägliche
1132 2077 147 58 Post:

779 2154 353 57 Einlaufende
1165 2152 173 59 Briefe
1371 2154 110 55 und
1517 2155 198 56 Karten

1315 2232 138 57 1500
1474 2232 80 57 bis
1583 2232 138 57 1800
1742 2231 163 58 Stück

779 2310 292 58 Versandte
1103 2310 174 57 Briefe

839 2390 111 56 und
988 2390 197 56 Karten
1314 2389 149 55 3000
1502 2436 30 17 „
1574 2389 146 55 4000
1801 2434 31 19 „

779 2467 121 56 Den
926 2467 343 68 Gefangenen
1305 2467 355 56 übermittelte
1684 2467 219 68 Beträge

1499 2543 86 58 Fr.
1617 2545 13 56 1
1662 2545 237 57 994000

779 2622 187 59 Pakete
1021 2623 53 55 in
1132 2621 215 58 Transit
1402 2621 86 58 für
1545 2623 85 56 die
1687 2623 185 67 Kriegs-

845 2701 321 69 gefangenen
1394 2701 69 56 30
1484 2701 105 57 665
1611 2702 95 56 331
1740 2702 164 57 Stück

778 2778 116 58 Von
913 2778 144 56 Genf
1072 2778 305 69 abgehende

847 2857 186 57 Pakete
1482 2857 237 57 776505
1802 2904 32 20 „

778 2936 89 56 Bis
886 2959 123 33 zum
1029 2936 92 55 30.
1132 2935 123 67 Juni
1281 2935 137 57 1916

846 3013 315 69 gebrauchte
1212 3013 170 58 Druck-

845 3091 190 57 sachen
1060 3092 90 56 der
1170 3091 238 67 Agentur
1441 3091 279 57 6750000
1801 3137 32 20 „

779 3170 121 57 Den
936 3170 253 57 Familien
1225 3170 196 57 erteilte
1455 3170 102 57 Aus-

845 3247 184 57 künfte
1663 3247 106 57 470
1791 3248 113 57 399

776 3327 151 57 Beim
943 3325 467 69 Empfangsdienst
1425 3326 140 57 erhal-

844 3421 122 41 tene
1000 3405 236 57 Besuche
1709 3407 69 56 78
1800 3406 99 56 713

846 3483 367 69 Gegenwärtig
1260 3483 132 57 wird
1441 3485 83 55 die
1570 3482 202 67 Arbeit,
1820 3485 84 55 die

775 3562 147 56 nicht
972 3561 149 57 mehr
1170 3562 102 56 den
1310 3561 235 67 Umfang
1590 3562 92 56 der
1730 3577 172 41 ersten

778 3639 219 58 Monate
1044 3639 257 65 aufweist,
1353 3665 102 32 von
1508 3639 110 58 350
1673 3639 81 58 bis
1792 3641 110 56 400

776 3718 261 57 Personen
1066 3719 227 68 besorgt,
1321 3742 102 33 von
1449 3718 173 57 denen
1649 3718 255 69 ungefähr

784 3797 100 56 100
921 3797 207 57 bezahlt
1161 3798 139 56 sind.

842 3874 110 56 Auf
986 3874 232 59 Wunsch
1260 3874 94 58 des
1390 3873 203 59 Genfer
1629 3874 273 58 Komitees

778 3952 86 58 hat
897 3953 91 57 das
1023 3954 249 57 dänische
1298 3954 135 57 Rote
1458 3954 176 57 Kreuz
1664 3979 102 32 von
1791 3954 74 56 An-

1949 663 125 69 fang
2121 688 65 32 an
2236 664 115 57 eine
2387 661 179 57 Filiale
2599 660 92 57 der
2725 658 237 69 Agentur
2994 682 55 34 er-

1950 744 189 56 richtet
2171 741 84 59 für
2283 743 100 57 den
2417 739 254 58 östlichen
2698 738 346 68 Kriegsschau-

1951 820 156 69 platz,
2159 821 92 56 das
2305 821 66 55 ist
2424 819 83 56 für
2542 816 369 59 Deutschland
2965 818 110 55 und

1952 899 267 57 Rußland.
2258 899 111 56 Das
2396 898 132 55 Rote
2556 896 176 56 Kreuz
2768 919 99 33 von
2892 889 153 63 Öster-

1951 979 391 67 reich-Ungarn
2393 976 113 57 und
2553 976 92 56 das
2697 998 102 33 von
2852 974 222 56 Serbien

1951 1058 113 55 und
2097 1056 248 56 Rußland
2394 1055 169 56 haben
2614 1052 111 58 sich
2759 1051 167 57 direkt
2961 1074 86 36 ver-

1951 1135 230 67 ständigt
2204 1158 179 44 wegen
2407 1125 401 72 Übermittlung
2829 1131 92 56 der
2938 1130 103 56 Aus-

1952 1214 182 56 künfte
2183 1214 112 56 und
2344 1210 339 69 Aufstellung
2731 1211 93 55 der
2874 1209 202 57 Listen.

1952 1293 111 55 Das
2116 1291 202 69 gleiche
2369 1290 226 69 geschah
2662 1289 140 56 beim
2859 1287 219 59 Eintritt

1957 1371 210 57 Italiens
2200 1371 55 55 in
2277 1370 102 56 den
2406 1369 188 67 Krieg:
2628 1367 91 58 das
2742 1366 134 57 Rote
2900 1366 176 57 Kreuz

1954 1473 101 33 von
2092 1447 151 59 Wien
2294 1447 112 58 und
2455 1447 92 56 das
2580 1469 101 33 von
2717 1445 135 57 Rom
2902 1444 145 56 korre-

1952 1527 318 68 spondieren
2321 1525 167 57 direkt
2539 1524 368 57 miteinander.
2973 1521 105 57 Die

1954 1605 263 69 Tätigkeit
2242 1605 93 56 der
2359 1604 200 57 Genfer
2581 1602 255 69 Agentur,
2858 1602 85 56 die
2966 1601 110 57 sich

1951 1684 300 67 anfänglich
2285 1682 90 58 auf
2407 1684 102 54 den
2537 1681 299 57 westlichen
2863 1681 183 66 Kriegs-

1952 1760 320 70 schauplatz,
2308 1761 93 56 das
2430 1759 146 58 heißt
2599 1757 331 66 Frankreich,
2958 1757 90 56 Bel-

1954 1841 138 66 gien,
2135 1839 243 68 England
2426 1840 113 55 und
2572 1836 363 60 Deutschland
2986 1837 62 56 be-

1952 1917 292 65 schränkte,
2295 1917 250 58 erstreckt
2598 1916 110 56 sich
2760 1917 130 68 jetzt
2942 1915 134 57 auch

1952 1995 91 58 auf
2074 1996 85 56 die
2194 1994 193 58 Türkei
2421 1996 110 56 und
2572 1994 297 68 Bulgarien,
2921 1995 158 56 sowie

1951 2074 98 57 alle
2081 2075 199 56 andern
2316 2072 353 57 entfernteren
2698 2071 349 69 Kriegsschau-

1951 2152 188 69 plätze.

2020 2230 287 56 Trotzdem
2330 2230 85 56 die
2436 2229 240 68 Agentur
2695 2227 153 59 keine
2869 2227 175 59 Taxen-

1951 2307 207 57 freiheit
2180 2307 84 57 für
2286 2307 366 68 Telegramme
2674 2306 190 70 genoß,
2892 2307 88 56 hat
3004 2309 75 55 sie

1951 2389 116 54 eine
2092 2387 119 56 sehr
2232 2386 160 69 große
2410 2386 200 57 Anzahl
2638 2410 102 34 von
2764 2386 314 69 Depeschen

1950 2466 312 67 abgesandt:
2304 2490 66 32 an
2406 2466 85 56 die
2525 2465 518 68 Lagerkommandan-

1950 2559 108 49 ten,
2079 2543 277 58 Chefärzte
2374 2545 93 54 der
2487 2543 287 65 Lazarette,
2793 2568 92 31 um
2900 2542 144 60 Nach-

1950 2621 206 58 richten
2182 2645 102 34 von
2308 2621 389 57 Verwundeten
2731 2621 128 56 oder
2879 2620 167 57 Gefan-

1952 2724 168 44 genen
2156 2725 63 32 zu
2253 2700 252 66 erhalten,
2540 2724 93 33 um
2667 2698 411 59 Mannschaften

1951 2801 67 33 zu
2072 2777 268 69 befragen,
2394 2778 87 56 die
2534 2778 103 56 den
2690 2777 236 69 gleichen
2977 2777 68 57 Re-

1952 2857 295 66 gimentern
2297 2856 322 68 angehörten
2670 2857 96 57 wie
2816 2856 85 56 die
2949 2856 98 57 Ver-

1954 2935 218 66 mißten,
2223 2936 162 56 deren
2422 2935 254 57 Familien
2728 2935 137 57 ohne
2900 2935 143 57 Nach-

1951 3012 202 57 richten
2187 3035 192 34 waren.

2012 3091 81 57 Zu
2114 3091 174 57 diesen
2308 3090 340 69 naturgemäß
2666 3091 412 57 summarischen

1952 3170 112 55 und
2114 3170 457 67 unvollständigen
2604 3170 336 58 Auskünften
2990 3192 60 45 ge-

1951 3248 146 56 sellte
2145 3247 111 58 sich
2290 3248 132 57 nach
2458 3250 112 57 und
2604 3250 132 57 nach
2770 3251 85 56 ein
2891 3272 188 45 ganzes

1952 3326 209 68 System
2173 3326 299 57 brieflicher
2481 3327 567 70 Spezialuntersuchun-

1952 3429 118 44 gen.

2022 3483 108 56 Das
2173 3482 247 58 Komitee
2471 3483 87 57 hat
2608 3483 76 57 oft
2733 3485 345 69 protestieren

1955 3572 211 46 müssen
2201 3586 163 43 gegen
2391 3563 85 57 die
2500 3563 466 68 Nichtbeachtung
2987 3563 92 55 der

1952 3638 360 59 Vorschriften
2363 3642 92 56 der
2490 3641 204 58 Genfer
2736 3641 343 58 Konvention

1951 3719 53 55 in
2040 3718 170 70 bezug
2250 3718 91 57 auf
2374 3719 90 58 das
2498 3721 247 56 ärztliche
2778 3721 113 56 und
2925 3719 124 56 Sani-

1950 3797 363 69 tätspersonal,
2364 3798 93 56 das
2491 3797 500 70 ungerechterweise
3024 3798 54 55 in

1954 3876 619 68 Konzentrationslagern
2609 3877 256 69 gefangen
2905 3876 145 70 gehal-

1950 3970 87 42 ten
2063 3956 206 63 wurde;
2303 3980 53 33 es
2393 3956 86 58 hat
2506 3957 243 65 erreicht,
2783 3956 103 58 daß
2909 3957 170 66 einige
