<?xml version="1.0" encoding="UTF-8"?>
<alto xmlns:xsi="http://www.w3.org/2001/XMLSchema-instance" xmlns="http://www.loc.gov/standards/alto/ns-v2#" xsi:schemaLocation="http://www.loc.gov/standards/alto/ns-v2# http://www.loc.gov/standards/alto/v2/alto-2-0.xsd" xmlns:xlink="http://www.w3.org/1999/xlink">
	<Description>
		<MeasurementUnit>mm10</MeasurementUnit>
		<sourceImageInformation>
			<fileName>./bmtnabr_1916-10_01_0001.jp2</fileName>
		</sourceImageInformation>
		<OCRProcessing ID="OCRPROCESSING_1">
			<preProcessingStep>
				<processingSoftware>
					<softwareCreator>CCS Content Conversion Specialists GmbH, Germany</softwareCreator>
					<softwareName>CCS docWorks</softwareName>
					<softwareVersion>6.8-1.27</softwareVersion>
				</processingSoftware>
			</preProcessingStep>
			<ocrProcessingStep>
				<processingSoftware>
					<softwareCreator>ABBYY (BIT Software), Russia</softwareCreator>
					<softwareName>FineReader</softwareName>
					<softwareVersion>11.0</softwareVersion>
				</processingSoftware>
			</ocrProcessingStep>
			<postProcessingStep>
				<processingSoftware>
					<softwareCreator>CCS Content Conversion Specialists GmbH, Germany</softwareCreator>
					<softwareName>CCS docWorks</softwareName>
					<softwareVersion>6.8-1.27</softwareVersion>
					<applicationDescription>docWorks: Text modified manually, or automatically replaced</applicationDescription>
				</processingSoftware>
			</postProcessingStep>
		</OCRProcessing>
	</Description>
	<Styles>
		<TextStyle ID="TXT_0" FONTSIZE="21" FONTFAMILY="Times New Roman" FONTSTYLE="bold italics"/>
		<TextStyle ID="TXT_1" FONTSIZE="21" FONTFAMILY="Times New Roman" FONTSTYLE="italics"/>
		<TextStyle ID="TXT_2" FONTSIZE="27" FONTFAMILY="Times New Roman"/>
		<TextStyle ID="TXT_3" FONTSIZE="25" FONTFAMILY="Times New Roman"/>
		<TextStyle ID="TXT_4" FONTSIZE="21" FONTFAMILY="Times New Roman"/>
		<TextStyle ID="TXT_5" FONTSIZE="20" FONTFAMILY="Times New Roman" FONTSTYLE="bold italics"/>
		<TextStyle ID="TXT_6" FONTSIZE="12" FONTFAMILY="Times New Roman" FONTSTYLE="bold"/>
		<TextStyle ID="TXT_7" FONTSIZE="20" FONTFAMILY="Times New Roman" FONTSTYLE="italics"/>
		<TextStyle ID="TXT_8" FONTSIZE="29" FONTFAMILY="Times New Roman" FONTSTYLE="bold"/>
		<TextStyle ID="TXT_9" FONTSIZE="29" FONTFAMILY="Times New Roman"/>
		<TextStyle ID="TXT_10" FONTSIZE="38" FONTFAMILY="Times New Roman" FONTSTYLE="italics"/>
		<TextStyle ID="TXT_11" FONTSIZE="23" FONTFAMILY="Times New Roman" FONTSTYLE="bold"/>
		<TextStyle ID="TXT_12" FONTSIZE="19" FONTFAMILY="Times New Roman" FONTSTYLE="bold"/>
		<TextStyle ID="TXT_13" FONTSIZE="16" FONTFAMILY="Times New Roman" FONTSTYLE="bold italics"/>
		<TextStyle ID="TXT_14" FONTSIZE="18" FONTFAMILY="Times New Roman" FONTSTYLE="bold"/>
		<ParagraphStyle ID="PAR_LEFT" ALIGN="Left"/>
		<ParagraphStyle ID="PAR_RIGHT" ALIGN="Right"/>
		<ParagraphStyle ID="PAR_CENTER" ALIGN="Center"/>
	</Styles>
	<Layout>
		<Page ID="P1" PHYSICAL_IMG_NR="1" HEIGHT="4572" WIDTH="3355" PRINTED_IMG_NR="1" PC="0.813">
			<TopMargin ID="P1_TM00001" HPOS="0" VPOS="0" WIDTH="3355" HEIGHT="507">
				<TextBlock ID="P1_TB00001" HPOS="985" VPOS="425" WIDTH="907" HEIGHT="78" STYLEREFS="TXT_0 PAR_LEFT">
					<TextLine ID="P1_TL00001" HPOS="985" VPOS="426" WIDTH="907" HEIGHT="77">
						<String ID="P1_ST00001" HPOS="985" VPOS="427" WIDTH="94" HEIGHT="49" CONTENT="Fr." WC="1.00" CC="000"/>
						<SP ID="P1_SP00001" HPOS="1079" VPOS="476" WIDTH="38"/>
						<String ID="P1_ST00002" HPOS="1117" VPOS="426" WIDTH="83" HEIGHT="50" CONTENT="W." WC="1.00" CC="00" STYLEREFS="TXT_1"/>
						<SP ID="P1_SP00002" HPOS="1200" VPOS="476" WIDTH="49"/>
						<String ID="P1_ST00003" HPOS="1249" VPOS="427" WIDTH="243" HEIGHT="52" CONTENT="Foerster" WC="0.69" CC="01331571"/>
						<SP ID="P1_SP00003" HPOS="1492" VPOS="479" WIDTH="55"/>
						<String ID="P1_ST00004" HPOS="1547" VPOS="446" WIDTH="21" HEIGHT="20" CONTENT="*" WC="1.00" CC="0"/>
						<SP ID="P1_SP00004" HPOS="1568" VPOS="479" WIDTH="50"/>
						<String ID="P1_ST00005" HPOS="1618" VPOS="431" WIDTH="114" HEIGHT="54" CONTENT="Der" WC="0.97" CC="250"/>
						<SP ID="P1_SP00005" HPOS="1732" VPOS="485" WIDTH="32"/>
						<String ID="P1_ST00006" HPOS="1764" VPOS="434" WIDTH="128" HEIGHT="69" CONTENT="Weg" WC="0.95" CC="067"/>
						<SP ID="P1_SP00006" HPOS="1892" VPOS="503" WIDTH="0"/>
					</TextLine>
				</TextBlock>
				<TextBlock ID="P1_TB00002" HPOS="2552" VPOS="446" WIDTH="17" HEIGHT="58" STYLEREFS="TXT_2 PAR_RIGHT">
					<TextLine ID="P1_TL00002" HPOS="2552" VPOS="446" WIDTH="17" HEIGHT="58">
						<String ID="P1_ST00007" HPOS="2552" VPOS="446" WIDTH="17" HEIGHT="58" CONTENT="1" WC="1.00" CC="0"/>
					</TextLine>
				</TextBlock>
			</TopMargin>
			<LeftMargin ID="P1_LM00001" HPOS="0" VPOS="507" WIDTH="225" HEIGHT="3554"/>
			<RightMargin ID="P1_RM00001" HPOS="2567" VPOS="507" WIDTH="788" HEIGHT="3554"/>
			<BottomMargin ID="P1_BM00001" HPOS="0" VPOS="4061" WIDTH="3355" HEIGHT="511"/>
			<PrintSpace ID="P1_PS00001" HPOS="225" VPOS="507" WIDTH="2342" HEIGHT="3554">
				<TextBlock ID="P1_TB00003" HPOS="1099" VPOS="1121" WIDTH="631" HEIGHT="92" STYLEREFS="TXT_3 PAR_CENTER">
					<TextLine ID="P1_TL00003" HPOS="1100" VPOS="1123" WIDTH="630" HEIGHT="90">
						<String ID="P1_ST00008" HPOS="1100" VPOS="1123" WIDTH="265" HEIGHT="86" CONTENT="DER" WC="0.98" CC="400"/>
						<SP ID="P1_SP00007" HPOS="1365" VPOS="1209" WIDTH="70"/>
						<String ID="P1_ST00009" HPOS="1435" VPOS="1129" WIDTH="295" HEIGHT="84" CONTENT="WEG" WC="0.98" CC="510"/>
					</TextLine>
				</TextBlock>
				<TextBlock ID="P1_TB00004" HPOS="1057" VPOS="925" WIDTH="751" HEIGHT="110" STYLEREFS="TXT_4 PAR_RIGHT">
					<TextLine ID="P1_TL00004" HPOS="1057" VPOS="925" WIDTH="751" HEIGHT="110">
						<String ID="P1_ST00010" HPOS="1057" VPOS="925" WIDTH="150" HEIGHT="110" CONTENT="Fr." WC="0.98" CC="000"/>
						<SP ID="P1_SP00008" HPOS="1207" VPOS="1035" WIDTH="50"/>
						<String ID="P1_ST00011" HPOS="1257" VPOS="925" WIDTH="100" HEIGHT="110" CONTENT="W." WC="0.98" CC="00"/>
						<SP ID="P1_SP00009" HPOS="1357" VPOS="1035" WIDTH="50"/>
						<String ID="P1_ST00012" HPOS="1407" VPOS="925" WIDTH="401" HEIGHT="110" CONTENT="Foerster" WC="0.96" CC="00000000"/>
					</TextLine>
				</TextBlock>
				<TextBlock ID="P1_TB00005" HPOS="427" VPOS="1308" WIDTH="2136" HEIGHT="1696" STYLEREFS="TXT_5 PAR_LEFT">
					<TextLine ID="P1_TL00005" HPOS="496" VPOS="1315" WIDTH="2067" HEIGHT="103">
						<String ID="P1_ST00013" HPOS="496" VPOS="1392" WIDTH="16" HEIGHT="7" CONTENT="." WC="0.55" CC="4" STYLEREFS="TXT_6"/>
						<SP ID="P1_SP00010" HPOS="512" VPOS="1399" WIDTH="215"/>
						<String ID="P1_ST00014" HPOS="727" VPOS="1315" WIDTH="374" HEIGHT="103" CONTENT="Stummer" WC="0.98" CC="7880011"/>
						<SP ID="P1_SP00011" HPOS="1101" VPOS="1418" WIDTH="48"/>
						<String ID="P1_ST00015" HPOS="1149" VPOS="1329" WIDTH="100" HEIGHT="53" CONTENT="der" WC="1.00" CC="000"/>
						<SP ID="P1_SP00012" HPOS="1249" VPOS="1418" WIDTH="51"/>
						<String ID="P1_ST00016" HPOS="1300" VPOS="1325" WIDTH="236" HEIGHT="84" CONTENT="Weißen" WC="0.97" CC="755520"/>
						<SP ID="P1_SP00013" HPOS="1536" VPOS="1418" WIDTH="44"/>
						<String ID="P1_ST00017" HPOS="1580" VPOS="1331" WIDTH="219" HEIGHT="63" CONTENT="Blätter" WC="1.00" CC="0020200"/>
						<SP ID="P1_SP00014" HPOS="1799" VPOS="1418" WIDTH="55"/>
						<String ID="P1_ST00018" HPOS="1854" VPOS="1342" WIDTH="223" HEIGHT="58" CONTENT="brachte" WC="0.98" CC="0025068"/>
						<SP ID="P1_SP00015" HPOS="2077" VPOS="1418" WIDTH="54"/>
						<String ID="P1_ST00019" HPOS="2131" VPOS="1349" WIDTH="89" HEIGHT="54" CONTENT="die" WC="0.97" CC="060"/>
						<SP ID="P1_SP00016" HPOS="2220" VPOS="1418" WIDTH="49"/>
						<String ID="P1_ST00020" HPOS="2269" VPOS="1347" WIDTH="294" HEIGHT="71" CONTENT="Zuschrift" WC="0.98" CC="675580416"/>
					</TextLine>
					<TextLine ID="P1_TL00006" HPOS="470" VPOS="1394" WIDTH="2086" HEIGHT="106">
						<String ID="P1_ST00021" HPOS="470" VPOS="1394" WIDTH="100" HEIGHT="54" CONTENT="des" WC="0.98" CC="004"/>
						<SP ID="P1_SP00017" HPOS="570" VPOS="1448" WIDTH="210"/>
						<String ID="P1_ST00022" HPOS="780" VPOS="1394" WIDTH="321" HEIGHT="59" CONTENT="VsPr." WC="0.99" CC="07003"/>
						<SP ID="P1_SP00018" HPOS="1101" VPOS="1453" WIDTH="-268"/>
						<String ID="P1_ST00023" HPOS="833" VPOS="1397" WIDTH="90" HEIGHT="60" CONTENT="W." WC="0.79" CC="04"/>
						<SP ID="P1_SP00019" HPOS="1101" VPOS="1457" WIDTH="123"/>
						<String ID="P1_ST00024" HPOS="1224" VPOS="1400" WIDTH="530" HEIGHT="71" CONTENT="Poerster," WC="0.94" CC="002000002"/>
						<SP ID="P1_SP00020" HPOS="1754" VPOS="1471" WIDTH="-492"/>
						<String ID="P1_ST00025" HPOS="1262" VPOS="1404" WIDTH="342" HEIGHT="79" CONTENT="Professors" WC="0.99" CC="8012054215"/>
						<SP ID="P1_SP00021" HPOS="1754" VPOS="1483" WIDTH="-130"/>
						<String ID="P1_ST00026" HPOS="1624" VPOS="1436" WIDTH="74" HEIGHT="34" CONTENT="an" WC="0.61" CC="34"/>
						<SP ID="P1_SP00022" HPOS="1754" VPOS="1483" WIDTH="-35"/>
						<String ID="P1_ST00027" HPOS="1719" VPOS="1419" WIDTH="102" HEIGHT="55" CONTENT="der" WC="1.00" CC="000"/>
						<SP ID="P1_SP00023" HPOS="1821" VPOS="1483" WIDTH="24"/>
						<String ID="P1_ST00028" HPOS="1845" VPOS="1410" WIDTH="380" HEIGHT="71" CONTENT="Universität" WC="0.99" CC="80380004615"/>
						<SP ID="P1_SP00024" HPOS="2225" VPOS="1483" WIDTH="23"/>
						<String ID="P1_ST00029" HPOS="2248" VPOS="1427" WIDTH="308" HEIGHT="73" CONTENT="München," WC="0.98" CC="11159550"/>
					</TextLine>
					<TextLine ID="P1_TL00007" HPOS="467" VPOS="1477" WIDTH="2089" HEIGHT="92">
						<String ID="P1_ST00030" HPOS="467" VPOS="1491" WIDTH="74" HEIGHT="36" CONTENT="an" WC="0.80" CC="40"/>
						<SP ID="P1_SP00025" HPOS="541" VPOS="1527" WIDTH="48"/>
						<String ID="P1_ST00031" HPOS="589" VPOS="1477" WIDTH="109" HEIGHT="53" CONTENT="das" WC="0.97" CC="024"/>
						<SP ID="P1_SP00026" HPOS="698" VPOS="1530" WIDTH="51"/>
						<String ID="P1_ST00032" HPOS="749" VPOS="1477" WIDTH="260" HEIGHT="60" CONTENT="berliner" WC="0.99" CC="80054000"/>
						<SP ID="P1_SP00027" HPOS="1009" VPOS="1537" WIDTH="42"/>
						<String ID="P1_ST00033" HPOS="1051" VPOS="1480" WIDTH="308" HEIGHT="83" CONTENT="Pageblatt" WC="1.00" CC="000000003"/>
						<SP ID="P1_SP00028" HPOS="1359" VPOS="1563" WIDTH="44"/>
						<String ID="P1_ST00034" HPOS="1403" VPOS="1488" WIDTH="94" HEIGHT="57" CONTENT="afs" WC="0.73" CC="033"/>
						<SP ID="P1_SP00029" HPOS="1497" VPOS="1563" WIDTH="300"/>
						<String ID="P1_ST00035" HPOS="1797" VPOS="1500" WIDTH="101" HEIGHT="54" CONTENT="der" WC="1.00" CC="000"/>
						<SP ID="P1_SP00030" HPOS="1898" VPOS="1563" WIDTH="49"/>
						<String ID="P1_ST00036" HPOS="1947" VPOS="1500" WIDTH="404" HEIGHT="65" CONTENT="erhebendsten" WC="0.99" CC="008004000670"/>
						<SP ID="P1_SP00031" HPOS="2351" VPOS="1565" WIDTH="41"/>
						<String ID="P1_ST00037" HPOS="2392" VPOS="1509" WIDTH="164" HEIGHT="60" CONTENT="Zeit*" WC="0.97" CC="74506"/>
					</TextLine>
					<TextLine ID="P1_TL00008" HPOS="462" VPOS="1549" WIDTH="2094" HEIGHT="104">
						<String ID="P1_ST00038" HPOS="462" VPOS="1549" WIDTH="386" HEIGHT="64" CONTENT="dokumente“." WC="0.82" CC="00005005502"/>
						<SP ID="P1_SP00032" HPOS="848" VPOS="1613" WIDTH="57"/>
						<String ID="P1_ST00039" HPOS="905" VPOS="1556" WIDTH="85" HEIGHT="60" CONTENT="{Jn" WC="0.44" CC="753"/>
						<SP ID="P1_SP00033" HPOS="990" VPOS="1616" WIDTH="50"/>
						<String ID="P1_ST00040" HPOS="1040" VPOS="1565" WIDTH="187" HEIGHT="55" CONTENT="dieser" WC="0.99" CC="040300"/>
						<SP ID="P1_SP00034" HPOS="1227" VPOS="1620" WIDTH="44"/>
						<String ID="P1_ST00041" HPOS="1271" VPOS="1561" WIDTH="296" HEIGHT="83" CONTENT="Zuschrift" WC="0.98" CC="069670424"/>
						<SP ID="P1_SP00035" HPOS="1567" VPOS="1644" WIDTH="41"/>
						<String ID="P1_ST00042" HPOS="1608" VPOS="1576" WIDTH="119" HEIGHT="72" CONTENT="gab" WC="0.96" CC="540"/>
						<SP ID="P1_SP00036" HPOS="1727" VPOS="1648" WIDTH="44"/>
						<String ID="P1_ST00043" HPOS="1771" VPOS="1573" WIDTH="310" HEIGHT="80" CONTENT="Professor" WC="1.00" CC="700000000"/>
						<SP ID="P1_SP00037" HPOS="2081" VPOS="1653" WIDTH="46"/>
						<String ID="P1_ST00044" HPOS="2127" VPOS="1580" WIDTH="265" HEIGHT="64" CONTENT="Poerster" WC="0.73" CC="04604600"/>
						<SP ID="P1_SP00038" HPOS="2392" VPOS="1653" WIDTH="41"/>
						<String ID="P1_ST00045" HPOS="2433" VPOS="1596" WIDTH="123" HEIGHT="53" CONTENT="eine" WC="0.95" CC="4765"/>
					</TextLine>
					<TextLine ID="P1_TL00009" HPOS="467" VPOS="1635" WIDTH="2091" HEIGHT="94">
						<String ID="P1_ST00046" HPOS="467" VPOS="1635" WIDTH="376" HEIGHT="77" CONTENT="Vorstellung" WC="0.99" CC="97056068600"/>
						<SP ID="P1_SP00039" HPOS="843" VPOS="1712" WIDTH="19"/>
						<String ID="P1_ST00047" HPOS="862" VPOS="1643" WIDTH="189" HEIGHT="53" CONTENT="seines" WC="0.99" CC="344004"/>
						<SP ID="P1_SP00040" HPOS="1051" VPOS="1712" WIDTH="27"/>
						<String ID="P1_ST00048" HPOS="1078" VPOS="1640" WIDTH="305" HEIGHT="79" CONTENT="{Konflikts" WC="0.99" CC="9600044860"/>
						<SP ID="P1_SP00041" HPOS="1383" VPOS="1719" WIDTH="21"/>
						<String ID="P1_ST00049" HPOS="1404" VPOS="1651" WIDTH="102" HEIGHT="54" CONTENT="mit" WC="0.96" CC="046"/>
						<SP ID="P1_SP00042" HPOS="1506" VPOS="1719" WIDTH="19"/>
						<String ID="P1_ST00050" HPOS="1525" VPOS="1651" WIDTH="99" HEIGHT="55" CONTENT="der" WC="1.00" CC="000"/>
						<SP ID="P1_SP00043" HPOS="1624" VPOS="1719" WIDTH="832"/>
						<String ID="P1_ST00051" HPOS="2456" VPOS="1674" WIDTH="102" HEIGHT="55" CONTENT="der" WC="1.00" CC="000"/>
					</TextLine>
					<TextLine ID="P1_TL00010" HPOS="466" VPOS="1715" WIDTH="2084" HEIGHT="110">
						<String ID="P1_ST00052" HPOS="466" VPOS="1784" WIDTH="48" HEIGHT="41" CONTENT="?" WC="0.24" CC="7"/>
						<String ID="P1_ST00053" HPOS="546" VPOS="1731" WIDTH="79" HEIGHT="35" CONTENT="niV" STYLE="superscript" WC="0.53" CC="058"/>
						<String ID="P1_ST00054" HPOS="626" VPOS="1733" WIDTH="43" HEIGHT="92" CONTENT="J" WC="0.26" CC="7"/>
						<String ID="P1_ST00055" HPOS="670" VPOS="1733" WIDTH="45" HEIGHT="37" CONTENT="rS" STYLE="superscript" WC="0.40" CC="47"/>
						<String ID="P1_ST00056" HPOS="716" VPOS="1717" WIDTH="61" HEIGHT="108" CONTENT="j?" WC="0.10" CC="79"/>
						<String ID="P1_ST00057" HPOS="777" VPOS="1725" WIDTH="66" HEIGHT="47" CONTENT="at" STYLE="superscript" WC="0.43" CC="37"/>
						<SP ID="P1_SP00044" HPOS="843" VPOS="1825" WIDTH="15"/>
						<String ID="P1_ST00058" HPOS="858" VPOS="1715" WIDTH="464" HEIGHT="110" CONTENT="München.ßier" WC="1.00" CC="800100028400"/>
						<String ID="P1_ST00059" HPOS="1323" VPOS="1720" WIDTH="178" HEIGHT="85" CONTENT="folgt," WC="0.99" CC="050002"/>
						<SP ID="P1_SP00045" HPOS="1501" VPOS="1825" WIDTH="15"/>
						<String ID="P1_ST00060" HPOS="1516" VPOS="1740" WIDTH="168" HEIGHT="49" CONTENT="unter" WC="0.99" CC="00500"/>
						<SP ID="P1_SP00046" HPOS="1684" VPOS="1825" WIDTH="21"/>
						<String ID="P1_ST00061" HPOS="1705" VPOS="1731" WIDTH="388" HEIGHT="87" CONTENT="Weglassung" WC="0.99" CC="4007430000"/>
						<SP ID="P1_SP00047" HPOS="2093" VPOS="1825" WIDTH="19"/>
						<String ID="P1_ST00062" HPOS="2112" VPOS="1745" WIDTH="100" HEIGHT="55" CONTENT="der" WC="1.00" CC="000"/>
						<SP ID="P1_SP00048" HPOS="2212" VPOS="1825" WIDTH="12"/>
						<String ID="P1_ST00063" HPOS="2224" VPOS="1759" WIDTH="326" HEIGHT="63" CONTENT="genannten" WC="0.99" CC="003000670"/>
					</TextLine>
					<TextLine ID="P1_TL00011" HPOS="457" VPOS="1795" WIDTH="2093" HEIGHT="103">
						<String ID="P1_ST00064" HPOS="457" VPOS="1795" WIDTH="302" HEIGHT="72" CONTENT="ouschrrß," WC="0.54" CC="770090591"/>
						<SP ID="P1_SP00049" HPOS="759" VPOS="1867" WIDTH="59"/>
						<String ID="P1_ST00065" HPOS="818" VPOS="1817" WIDTH="123" HEIGHT="35" CONTENT="eine" WC="0.97" CC="2308"/>
						<SP ID="P1_SP00050" HPOS="941" VPOS="1867" WIDTH="59"/>
						<String ID="P1_ST00066" HPOS="1000" VPOS="1797" WIDTH="383" HEIGHT="78" CONTENT="ausführliche" WC="0.99" CC="506040074000"/>
						<SP ID="P1_SP00051" HPOS="1383" VPOS="1875" WIDTH="58"/>
						<String ID="P1_ST00067" HPOS="1441" VPOS="1811" WIDTH="120" HEIGHT="54" CONTENT="und" WC="1.00" CC="000"/>
						<SP ID="P1_SP00052" HPOS="1561" VPOS="1875" WIDTH="54"/>
						<String ID="P1_ST00068" HPOS="1615" VPOS="1817" WIDTH="127" HEIGHT="52" CONTENT="weit" WC="0.96" CC="7047"/>
						<SP ID="P1_SP00053" HPOS="1742" VPOS="1875" WIDTH="56"/>
						<String ID="P1_ST00069" HPOS="1798" VPOS="1820" WIDTH="138" HEIGHT="54" CONTENT="über" WC="0.99" CC="3000"/>
						<SP ID="P1_SP00054" HPOS="1936" VPOS="1875" WIDTH="67"/>
						<String ID="P1_ST00070" HPOS="2003" VPOS="1823" WIDTH="105" HEIGHT="53" CONTENT="den" WC="0.99" CC="010"/>
						<SP ID="P1_SP00055" HPOS="2108" VPOS="1876" WIDTH="47"/>
						<String ID="P1_ST00071" HPOS="2155" VPOS="1827" WIDTH="395" HEIGHT="71" CONTENT="persönlichen" WC="1.00" CC="040400030074"/>
					</TextLine>
					<TextLine ID="P1_TL00012" HPOS="454" VPOS="1875" WIDTH="2093" HEIGHT="99">
						<String ID="P1_ST00072" HPOS="454" VPOS="1875" WIDTH="419" HEIGHT="70" CONTENT="Zwischenfall" WC="0.99" CC="990458248450"/>
						<SP ID="P1_SP00056" HPOS="873" VPOS="1945" WIDTH="42"/>
						<String ID="P1_ST00073" HPOS="915" VPOS="1875" WIDTH="491" HEIGHT="66" CONTENT="hinausreichende" WC="1.00" CC="040076004209000"/>
						<SP ID="P1_SP00057" HPOS="1406" VPOS="1945" WIDTH="56"/>
						<String ID="P1_ST00074" HPOS="1462" VPOS="1886" WIDTH="384" HEIGHT="87" CONTENT="Begründung" WC="1.00" CC="8100000000"/>
						<SP ID="P1_SP00058" HPOS="1846" VPOS="1973" WIDTH="60"/>
						<String ID="P1_ST00075" HPOS="1906" VPOS="1902" WIDTH="154" HEIGHT="53" CONTENT="einer" WC="1.00" CC="03000"/>
						<SP ID="P1_SP00059" HPOS="2060" VPOS="1973" WIDTH="45"/>
						<String ID="P1_ST00076" HPOS="2105" VPOS="1902" WIDTH="442" HEIGHT="72" CONTENT="{Kulturpolitik," WC="0.99" CC="740040090046570"/>
					</TextLine>
					<TextLine ID="P1_TL00013" HPOS="454" VPOS="1951" WIDTH="2093" HEIGHT="103">
						<String ID="P1_ST00077" HPOS="454" VPOS="1951" WIDTH="91" HEIGHT="48" CONTENT="die" WC="1.00" CC="000"/>
						<SP ID="P1_SP00060" HPOS="545" VPOS="1999" WIDTH="38"/>
						<String ID="P1_ST00078" HPOS="583" VPOS="1951" WIDTH="105" HEIGHT="52" CONTENT="den" WC="1.00" CC="000"/>
						<SP ID="P1_SP00061" HPOS="688" VPOS="2003" WIDTH="41"/>
						<String ID="P1_ST00079" HPOS="729" VPOS="1952" WIDTH="296" HEIGHT="75" CONTENT="doppelten" WC="1.00" CC="000000600"/>
						<SP ID="P1_SP00062" HPOS="1025" VPOS="2027" WIDTH="31"/>
						<String ID="P1_ST00080" HPOS="1056" VPOS="1957" WIDTH="239" HEIGHT="83" CONTENT="Vorzug" WC="0.98" CC="930050"/>
						<SP ID="P1_SP00063" HPOS="1295" VPOS="2040" WIDTH="40"/>
						<String ID="P1_ST00081" HPOS="1335" VPOS="1963" WIDTH="119" HEIGHT="69" CONTENT="hat," WC="0.97" CC="0263"/>
						<SP ID="P1_SP00064" HPOS="1454" VPOS="2040" WIDTH="41"/>
						<String ID="P1_ST00082" HPOS="1495" VPOS="1969" WIDTH="151" HEIGHT="57" CONTENT="nicht" WC="0.98" CC="43006"/>
						<SP ID="P1_SP00065" HPOS="1646" VPOS="2040" WIDTH="38"/>
						<String ID="P1_ST00083" HPOS="1684" VPOS="1983" WIDTH="120" HEIGHT="46" CONTENT="erst" WC="0.99" CC="0006"/>
						<SP ID="P1_SP00066" HPOS="1804" VPOS="2040" WIDTH="25"/>
						<String ID="P1_ST00084" HPOS="1829" VPOS="1997" WIDTH="107" HEIGHT="35" CONTENT="von" WC="0.98" CC="500"/>
						<SP ID="P1_SP00067" HPOS="1936" VPOS="2040" WIDTH="27"/>
						<String ID="P1_ST00085" HPOS="1963" VPOS="1977" WIDTH="169" HEIGHT="61" CONTENT="heute" WC="0.98" CC="00750"/>
						<SP ID="P1_SP00068" HPOS="2132" VPOS="2040" WIDTH="27"/>
						<String ID="P1_ST00086" HPOS="2159" VPOS="1987" WIDTH="136" HEIGHT="54" CONTENT="oder" WC="1.00" CC="0000"/>
						<SP ID="P1_SP00069" HPOS="2295" VPOS="2041" WIDTH="19"/>
						<String ID="P1_ST00087" HPOS="2314" VPOS="1997" WIDTH="233" HEIGHT="57" CONTENT="gestern" WC="0.99" CC="6000008"/>
					</TextLine>
					<TextLine ID="P1_TL00014" HPOS="452" VPOS="2030" WIDTH="2093" HEIGHT="105">
						<String ID="P1_ST00088" HPOS="452" VPOS="2044" WIDTH="33" HEIGHT="33" CONTENT="z" STYLE="superscript" WC="0.51" CC="4"/>
						<String ID="P1_ST00089" HPOS="487" VPOS="2045" WIDTH="185" HEIGHT="37" CONTENT="“sem" WC="0.56" CC="8702"/>
						<SP ID="P1_SP00070" HPOS="672" VPOS="2082" WIDTH="123"/>
						<String ID="P1_ST00090" HPOS="795" VPOS="2030" WIDTH="106" HEIGHT="58" CONTENT="hat" WC="0.97" CC="014"/>
						<SP ID="P1_SP00071" HPOS="901" VPOS="2088" WIDTH="23"/>
						<String ID="P1_ST00091" HPOS="924" VPOS="2038" WIDTH="140" HEIGHT="55" CONTENT="doch" WC="0.99" CC="0130"/>
						<SP ID="P1_SP00072" HPOS="1064" VPOS="2093" WIDTH="27"/>
						<String ID="P1_ST00092" HPOS="1091" VPOS="2036" WIDTH="310" HEIGHT="80" CONTENT="Professor" WC="0.99" CC="004004430"/>
						<SP ID="P1_SP00073" HPOS="1401" VPOS="2116" WIDTH="31"/>
						<String ID="P1_ST00093" HPOS="1432" VPOS="2044" WIDTH="264" HEIGHT="63" CONTENT="Poersier" WC="0.77" CC="04505300"/>
						<SP ID="P1_SP00074" HPOS="1696" VPOS="2116" WIDTH="26"/>
						<String ID="P1_ST00094" HPOS="1722" VPOS="2057" WIDTH="189" HEIGHT="54" CONTENT="diesen" WC="1.00" CC="040000"/>
						<SP ID="P1_SP00075" HPOS="1911" VPOS="2116" WIDTH="28"/>
						<String ID="P1_ST00095" HPOS="1939" VPOS="2054" WIDTH="147" HEIGHT="81" CONTENT="Weg" WC="1.00" CC="000"/>
						<SP ID="P1_SP00076" HPOS="2086" VPOS="2135" WIDTH="16"/>
						<String ID="P1_ST00096" HPOS="2102" VPOS="2082" WIDTH="106" HEIGHT="37" CONTENT="von" WC="0.96" CC="900"/>
						<SP ID="P1_SP00077" HPOS="2208" VPOS="2135" WIDTH="19"/>
						<String ID="P1_ST00097" HPOS="2227" VPOS="2067" WIDTH="106" HEIGHT="54" CONTENT="den" WC="1.00" CC="000"/>
						<SP ID="P1_SP00078" HPOS="2333" VPOS="2135" WIDTH="23"/>
						<String ID="P1_ST00098" HPOS="2356" VPOS="2078" WIDTH="189" HEIGHT="48" CONTENT="ersten" WC="0.98" CC="004680"/>
					</TextLine>
					<TextLine ID="P1_TL00015" HPOS="453" VPOS="2111" WIDTH="1993" HEIGHT="98">
						<String ID="P1_ST00099" HPOS="453" VPOS="2111" WIDTH="334" HEIGHT="71" CONTENT="Anfängen" WC="0.99" CC="80500074"/>
						<SP ID="P1_SP00079" HPOS="787" VPOS="2182" WIDTH="42"/>
						<String ID="P1_ST00100" HPOS="829" VPOS="2133" WIDTH="189" HEIGHT="38" CONTENT="seiner" WC="0.99" CC="103030"/>
						<SP ID="P1_SP00080" HPOS="1018" VPOS="2182" WIDTH="40"/>
						<String ID="P1_ST00101" HPOS="1058" VPOS="2121" WIDTH="553" HEIGHT="82" CONTENT="wissenschaftlichen" WC="1.00" CC="870008000000050000"/>
						<SP ID="P1_SP00081" HPOS="1611" VPOS="2203" WIDTH="49"/>
						<String ID="P1_ST00102" HPOS="1660" VPOS="2126" WIDTH="294" HEIGHT="83" CONTENT="Tätigkeit" WC="0.99" CC="806400546"/>
						<SP ID="P1_SP00082" HPOS="1954" VPOS="2209" WIDTH="38"/>
						<String ID="P1_ST00103" HPOS="1992" VPOS="2158" WIDTH="74" HEIGHT="34" CONTENT="an" WC="1.00" CC="00"/>
						<SP ID="P1_SP00083" HPOS="2066" VPOS="2209" WIDTH="47"/>
						<String ID="P1_ST00104" HPOS="2113" VPOS="2140" WIDTH="333" HEIGHT="61" CONTENT="beschriften" WC="0.99" CC="01509046600"/>
						<SP ID="P1_SP00084" HPOS="2446" VPOS="2209" WIDTH="0"/>
					</TextLine>
					<TextLine ID="P1_TL00016" HPOS="451" VPOS="2191" WIDTH="2094" HEIGHT="98">
						<String ID="P1_ST00105" HPOS="451" VPOS="2201" WIDTH="10" HEIGHT="31" CONTENT="u" STYLE="superscript" WC="0.28" CC="7"/>
						<String ID="P1_ST00106" HPOS="462" VPOS="2191" WIDTH="104" HEIGHT="98" CONTENT="ftd" WC="0.67" CC="224"/>
						<SP ID="P1_SP00085" HPOS="566" VPOS="2289" WIDTH="20"/>
						<String ID="P1_ST00107" HPOS="586" VPOS="2191" WIDTH="91" HEIGHT="47" CONTENT="die" WC="0.98" CC="060"/>
						<SP ID="P1_SP00086" HPOS="677" VPOS="2289" WIDTH="25"/>
						<String ID="P1_ST00108" HPOS="702" VPOS="2191" WIDTH="436" HEIGHT="62" CONTENT="schwankenden" WC="1.00" CC="349000070000"/>
						<SP ID="P1_SP00087" HPOS="1138" VPOS="2289" WIDTH="29"/>
						<String ID="P1_ST00109" HPOS="1167" VPOS="2203" WIDTH="349" HEIGHT="59" CONTENT="materiellen" WC="0.99" CC="05600400007"/>
						<SP ID="P1_SP00088" HPOS="1516" VPOS="2289" WIDTH="32"/>
						<String ID="P1_ST00110" HPOS="1548" VPOS="2204" WIDTH="362" HEIGHT="84" CONTENT="Grundlagen" WC="1.00" CC="6060040000"/>
						<SP ID="P1_SP00089" HPOS="1910" VPOS="2289" WIDTH="29"/>
						<String ID="P1_ST00111" HPOS="1939" VPOS="2215" WIDTH="146" HEIGHT="59" CONTENT="aller" WC="0.99" CC="00040"/>
						<SP ID="P1_SP00090" HPOS="2085" VPOS="2289" WIDTH="24"/>
						<String ID="P1_ST00112" HPOS="2109" VPOS="2218" WIDTH="436" HEIGHT="71" CONTENT="„Realpolitik“" WC="0.99" CC="3800090036408"/>
					</TextLine>
					<TextLine ID="P1_TL00017" HPOS="447" VPOS="2260" WIDTH="2098" HEIGHT="114">
						<String ID="P1_ST00113" HPOS="447" VPOS="2260" WIDTH="169" HEIGHT="56" CONTENT="durch" WC="0.98" CC="07050"/>
						<SP ID="P1_SP00091" HPOS="616" VPOS="2316" WIDTH="15"/>
						<String ID="P1_ST00114" HPOS="631" VPOS="2275" WIDTH="248" HEIGHT="67" CONTENT="geistige" WC="0.98" CC="60756774"/>
						<SP ID="P1_SP00092" HPOS="879" VPOS="2342" WIDTH="22"/>
						<String ID="P1_ST00115" HPOS="901" VPOS="2269" WIDTH="199" HEIGHT="62" CONTENT="Werte" WC="1.00" CC="00101"/>
						<SP ID="P1_SP00093" HPOS="1100" VPOS="2342" WIDTH="25"/>
						<String ID="P1_ST00116" HPOS="1125" VPOS="2299" WIDTH="72" HEIGHT="34" CONTENT="zu" WC="0.74" CC="50"/>
						<SP ID="P1_SP00094" HPOS="1197" VPOS="2342" WIDTH="27"/>
						<String ID="P1_ST00117" HPOS="1224" VPOS="2288" WIDTH="273" HEIGHT="85" CONTENT="ersehen)" WC="0.98" CC="50608078"/>
						<SP ID="P1_SP00095" HPOS="1497" VPOS="2373" WIDTH="8"/>
						<String ID="P1_ST00118" HPOS="1505" VPOS="2289" WIDTH="87" HEIGHT="53" CONTENT="die" WC="0.98" CC="040"/>
						<SP ID="P1_SP00096" HPOS="1592" VPOS="2373" WIDTH="30"/>
						<String ID="P1_ST00119" HPOS="1622" VPOS="2294" WIDTH="87" HEIGHT="51" CONTENT="ein" WC="0.96" CC="344"/>
						<SP ID="P1_SP00097" HPOS="1709" VPOS="2373" WIDTH="32"/>
						<String ID="P1_ST00120" HPOS="1741" VPOS="2292" WIDTH="338" HEIGHT="60" CONTENT="christlicher" WC="1.00" CC="600400040900"/>
						<SP ID="P1_SP00098" HPOS="2079" VPOS="2373" WIDTH="20"/>
						<String ID="P1_ST00121" HPOS="2099" VPOS="2297" WIDTH="293" HEIGHT="77" CONTENT="Europäer" WC="0.99" CC="80000300"/>
						<SP ID="P1_SP00099" HPOS="2392" VPOS="2374" WIDTH="16"/>
						<String ID="P1_ST00122" HPOS="2408" VPOS="2307" WIDTH="137" HEIGHT="58" CONTENT="sehr" WC="0.99" CC="0400"/>
					</TextLine>
					<TextLine ID="P1_TL00018" HPOS="444" VPOS="2337" WIDTH="2094" HEIGHT="125">
						<String ID="P1_ST00123" HPOS="444" VPOS="2337" WIDTH="253" HEIGHT="125" CONTENT="Ztif" WC="0.18" CC="9786"/>
						<SP ID="P1_SP00100" HPOS="697" VPOS="2462" WIDTH="474"/>
						<String ID="P1_ST00124" HPOS="1171" VPOS="2354" WIDTH="203" HEIGHT="81" CONTENT="ffröße" WC="0.53" CC="007964"/>
						<SP ID="P1_SP00101" HPOS="1374" VPOS="2462" WIDTH="14"/>
						<String ID="P1_ST00125" HPOS="1388" VPOS="2366" WIDTH="57" HEIGHT="51" CONTENT="in" WC="0.77" CC="04"/>
						<SP ID="P1_SP00102" HPOS="1445" VPOS="2462" WIDTH="18"/>
						<String ID="P1_ST00126" HPOS="1463" VPOS="2368" WIDTH="89" HEIGHT="52" CONTENT="die" WC="0.98" CC="004"/>
						<SP ID="P1_SP00103" HPOS="1552" VPOS="2462" WIDTH="19"/>
						<String ID="P1_ST00127" HPOS="1571" VPOS="2364" WIDTH="308" HEIGHT="86" CONTENT="Rechnung" WC="0.98" CC="74604442"/>
						<SP ID="P1_SP00104" HPOS="1879" VPOS="2462" WIDTH="0"/>
						<String ID="P1_ST00128" HPOS="1879" VPOS="2374" WIDTH="334" HEIGHT="76" CONTENT="politischer" WC="0.99" CC="44070644944"/>
						<SP ID="P1_SP00105" HPOS="2213" VPOS="2462" WIDTH="12"/>
						<String ID="P1_ST00129" HPOS="2225" VPOS="2380" WIDTH="313" HEIGHT="82" CONTENT="Zukunfts*" WC="0.80" CC="040440040"/>
					</TextLine>
					<TextLine ID="P1_TL00019" HPOS="435" VPOS="2416" WIDTH="2103" HEIGHT="116">
						<String ID="P1_ST00130" HPOS="435" VPOS="2416" WIDTH="612" HEIGHT="116" CONTENT="gestaltungemsepen" WC="0.75" CC="05640060050041700"/>
						<SP ID="P1_SP00106" HPOS="1047" VPOS="2532" WIDTH="28"/>
						<String ID="P1_ST00131" HPOS="1075" VPOS="2432" WIDTH="169" HEIGHT="59" CONTENT="kann." WC="0.99" CC="05004"/>
						<SP ID="P1_SP00107" HPOS="1244" VPOS="2532" WIDTH="36"/>
						<String ID="P1_ST00132" HPOS="1280" VPOS="2435" WIDTH="131" HEIGHT="60" CONTENT="Vas" WC="1.00" CC="100"/>
						<SP ID="P1_SP00108" HPOS="1411" VPOS="2532" WIDTH="28"/>
						<String ID="P1_ST00133" HPOS="1439" VPOS="2440" WIDTH="304" HEIGHT="62" CONTENT="Material" WC="0.98" CC="93604560"/>
						<SP ID="P1_SP00109" HPOS="1743" VPOS="2532" WIDTH="9"/>
						<String ID="P1_ST00134" HPOS="1752" VPOS="2471" WIDTH="124" HEIGHT="36" CONTENT="zum" WC="0.97" CC="060"/>
						<SP ID="P1_SP00110" HPOS="1876" VPOS="2532" WIDTH="21"/>
						<String ID="P1_ST00135" HPOS="1897" VPOS="2452" WIDTH="518" HEIGHT="78" CONTENT='„PallPoerster",' WC="0.99" CC="305000520265613"/>
						<SP ID="P1_SP00111" HPOS="2415" VPOS="2532" WIDTH="23"/>
						<String ID="P1_ST00136" HPOS="2438" VPOS="2468" WIDTH="100" HEIGHT="56" CONTENT="der" WC="1.00" CC="010"/>
					</TextLine>
					<TextLine ID="P1_TL00020" HPOS="428" VPOS="2500" WIDTH="2094" HEIGHT="110">
						<String ID="P1_ST00137" HPOS="428" VPOS="2500" WIDTH="42" HEIGHT="66" CONTENT="f" WC="0.59" CC="4"/>
						<SP ID="P1_SP00112" HPOS="470" VPOS="2566" WIDTH="35"/>
						<String ID="P1_ST00138" HPOS="505" VPOS="2515" WIDTH="31" HEIGHT="34" CONTENT="r" WC="1.00" CC="0"/>
						<SP ID="P1_SP00113" HPOS="536" VPOS="2566" WIDTH="25"/>
						<String ID="P1_ST00139" HPOS="561" VPOS="2518" WIDTH="158" HEIGHT="38" CONTENT="einen" WC="0.99" CC="04001"/>
						<SP ID="P1_SP00114" HPOS="719" VPOS="2566" WIDTH="33"/>
						<String ID="P1_ST00140" HPOS="752" VPOS="2500" WIDTH="143" HEIGHT="61" CONTENT="Peil" WC="0.98" CC="2340"/>
						<SP ID="P1_SP00115" HPOS="895" VPOS="2566" WIDTH="10"/>
						<String ID="P1_ST00141" HPOS="905" VPOS="2510" WIDTH="101" HEIGHT="53" CONTENT="des" WC="0.98" CC="032"/>
						<SP ID="P1_SP00116" HPOS="1006" VPOS="2566" WIDTH="28"/>
						<String ID="P1_ST00142" HPOS="1034" VPOS="2514" WIDTH="295" HEIGHT="58" CONTENT="deutschen" WC="1.00" CC="000650000"/>
						<SP ID="P1_SP00117" HPOS="1329" VPOS="2572" WIDTH="35"/>
						<String ID="P1_ST00143" HPOS="1364" VPOS="2516" WIDTH="240" HEIGHT="74" CONTENT="Volkes," WC="0.99" CC="6000040"/>
						<SP ID="P1_SP00118" HPOS="1604" VPOS="2590" WIDTH="28"/>
						<String ID="P1_ST00144" HPOS="1632" VPOS="2528" WIDTH="203" HEIGHT="56" CONTENT="zumal" WC="1.00" CC="00030"/>
						<SP ID="P1_SP00119" HPOS="1835" VPOS="2590" WIDTH="9"/>
						<String ID="P1_ST00145" HPOS="1844" VPOS="2534" WIDTH="101" HEIGHT="53" CONTENT="der" WC="1.00" CC="000"/>
						<SP ID="P1_SP00120" HPOS="1945" VPOS="2590" WIDTH="25"/>
						<String ID="P1_ST00146" HPOS="1970" VPOS="2537" WIDTH="297" HEIGHT="61" CONTENT="deutschen" WC="0.99" CC="007644900"/>
						<SP ID="P1_SP00121" HPOS="2267" VPOS="2598" WIDTH="14"/>
						<String ID="P1_ST00147" HPOS="2281" VPOS="2540" WIDTH="241" HEIGHT="70" CONTENT="{Jugend" WC="0.99" CC="7406000"/>
					</TextLine>
					<TextLine ID="P1_TL00021" HPOS="599" VPOS="2581" WIDTH="1931" HEIGHT="116">
						<String ID="P1_ST00148" HPOS="599" VPOS="2581" WIDTH="66" HEIGHT="55" CONTENT="&amp;" WC="1.00" CC="9"/>
						<String ID="P1_ST00149" HPOS="666" VPOS="2601" WIDTH="65" HEIGHT="35" CONTENT="us" STYLE="superscript" WC="0.50" CC="72"/>
						<String ID="P1_ST00150" HPOS="732" VPOS="2603" WIDTH="41" HEIGHT="54" CONTENT="9" WC="0.53" CC="4"/>
						<String ID="P1_ST00151" HPOS="774" VPOS="2604" WIDTH="35" HEIGHT="34" CONTENT="a" STYLE="superscript" WC="0.47" CC="5"/>
						<String ID="P1_ST00152" HPOS="810" VPOS="2590" WIDTH="287" HEIGHT="72" CONTENT="ngspunkt" WC="0.44" CC="85808606"/>
						<SP ID="P1_SP00122" HPOS="1097" VPOS="2662" WIDTH="38"/>
						<String ID="P1_ST00153" HPOS="1135" VPOS="2598" WIDTH="155" HEIGHT="54" CONTENT="einer" WC="0.98" CC="06060"/>
						<SP ID="P1_SP00123" HPOS="1290" VPOS="2662" WIDTH="19"/>
						<String ID="P1_ST00154" HPOS="1309" VPOS="2609" WIDTH="578" HEIGHT="69" CONTENT="programmatischen" WC="1.00" CC="0050043455404000"/>
						<SP ID="P1_SP00124" HPOS="1887" VPOS="2678" WIDTH="28"/>
						<String ID="P1_ST00155" HPOS="1915" VPOS="2612" WIDTH="615" HEIGHT="85" CONTENT="tfuseinandersetfung" WC="0.57" CC="9906040670205207079"/>
					</TextLine>
					<TextLine ID="P1_TL00022" HPOS="439" VPOS="2660" WIDTH="1792" HEIGHT="114">
						<String ID="P1_ST00156" HPOS="439" VPOS="2674" WIDTH="187" HEIGHT="100" CONTENT="ZJ" WC="0.17" CC="97" STYLEREFS="TXT_7"/>
						<String ID="P1_ST00157" HPOS="627" VPOS="2660" WIDTH="193" HEIGHT="75" CONTENT="roj3er" STYLE="superscript" WC="0.63" CC="044750" STYLEREFS="TXT_7"/>
						<SP ID="P1_SP00125" HPOS="820" VPOS="2774" WIDTH="481"/>
						<String ID="P1_ST00158" HPOS="1301" VPOS="2662" WIDTH="319" HEIGHT="82" CONTENT="Pragweite" WC="0.99" CC="162000363" STYLEREFS="TXT_7"/>
						<SP ID="P1_SP00126" HPOS="1620" VPOS="2774" WIDTH="33"/>
						<String ID="P1_ST00159" HPOS="1653" VPOS="2683" WIDTH="296" HEIGHT="68" CONTENT="geworden" WC="1.00" CC="00000000"/>
						<SP ID="P1_SP00127" HPOS="1949" VPOS="2774" WIDTH="-397"/>
						<String ID="P1_ST00160" HPOS="1552" VPOS="2686" WIDTH="95" HEIGHT="65" CONTENT="ist," WC="0.97" CC="4073"/>
						<SP ID="P1_SP00128" HPOS="1949" VPOS="2774" WIDTH="-268"/>
						<String ID="P1_ST00161" HPOS="1681" VPOS="2685" WIDTH="191" HEIGHT="78" CONTENT="findet" WC="0.99" CC="060005"/>
						<SP ID="P1_SP00129" HPOS="1949" VPOS="2774" WIDTH="-43"/>
						<String ID="P1_ST00162" HPOS="1906" VPOS="2693" WIDTH="131" HEIGHT="67" CONTENT="sich," WC="0.98" CC="04503"/>
						<SP ID="P1_SP00130" HPOS="2037" VPOS="2774" WIDTH="49"/>
						<String ID="P1_ST00163" HPOS="2086" VPOS="2698" WIDTH="145" HEIGHT="56" CONTENT="noch" WC="0.98" CC="3050"/>
					</TextLine>
					<TextLine ID="P1_TL00023" HPOS="467" VPOS="2736" WIDTH="2061" HEIGHT="107">
						<String ID="P1_ST00164" HPOS="467" VPOS="2736" WIDTH="192" HEIGHT="66" CONTENT="sicher," WC="0.99" CC="3600003"/>
						<SP ID="P1_SP00131" HPOS="659" VPOS="2802" WIDTH="21"/>
						<String ID="P1_ST00165" HPOS="680" VPOS="2760" WIDTH="106" HEIGHT="36" CONTENT="von" WC="0.98" CC="040"/>
						<SP ID="P1_SP00132" HPOS="786" VPOS="2802" WIDTH="21"/>
						<String ID="P1_ST00166" HPOS="807" VPOS="2745" WIDTH="140" HEIGHT="56" CONTENT="noch" WC="0.99" CC="0301"/>
						<SP ID="P1_SP00133" HPOS="947" VPOS="2802" WIDTH="18"/>
						<String ID="P1_ST00167" HPOS="965" VPOS="2747" WIDTH="157" HEIGHT="58" CONTENT="mehr" WC="0.99" CC="3000"/>
						<SP ID="P1_SP00134" HPOS="1122" VPOS="2805" WIDTH="21"/>
						<String ID="P1_ST00168" HPOS="1143" VPOS="2747" WIDTH="501" HEIGHT="86" CONTENT="Gesichtspunkten" WC="1.00" CC="100400600500500"/>
						<SP ID="P1_SP00135" HPOS="1644" VPOS="2833" WIDTH="21"/>
						<String ID="P1_ST00169" HPOS="1665" VPOS="2786" WIDTH="108" HEIGHT="35" CONTENT="aus" WC="0.98" CC="500"/>
						<SP ID="P1_SP00136" HPOS="1773" VPOS="2833" WIDTH="21"/>
						<String ID="P1_ST00170" HPOS="1794" VPOS="2768" WIDTH="324" HEIGHT="73" CONTENT="beleuchtet," WC="0.99" CC="44700106662"/>
						<SP ID="P1_SP00137" HPOS="2118" VPOS="2841" WIDTH="28"/>
						<String ID="P1_ST00171" HPOS="2146" VPOS="2782" WIDTH="57" HEIGHT="51" CONTENT="in" WC="0.60" CC="43"/>
						<SP ID="P1_SP00138" HPOS="2203" VPOS="2841" WIDTH="29"/>
						<String ID="P1_ST00172" HPOS="2232" VPOS="2778" WIDTH="296" HEIGHT="65" CONTENT="Poersters" WC="0.87" CC="000056000"/>
					</TextLine>
					<TextLine ID="P1_TL00024" HPOS="433" VPOS="2815" WIDTH="2093" HEIGHT="117">
						<String ID="P1_ST00173" HPOS="433" VPOS="2833" WIDTH="193" HEIGHT="36" CONTENT="neuem" WC="0.97" CC="94045"/>
						<SP ID="P1_SP00139" HPOS="626" VPOS="2869" WIDTH="20"/>
						<String ID="P1_ST00174" HPOS="646" VPOS="2815" WIDTH="159" HEIGHT="59" CONTENT="Buch" WC="0.98" CC="7030"/>
						<SP ID="P1_SP00140" HPOS="805" VPOS="2874" WIDTH="19"/>
						<String ID="P1_ST00175" HPOS="824" VPOS="2820" WIDTH="156" HEIGHT="68" CONTENT="„Vre" WC="0.98" CC="0172"/>
						<SP ID="P1_SP00141" HPOS="980" VPOS="2888" WIDTH="19"/>
						<String ID="P1_ST00176" HPOS="999" VPOS="2830" WIDTH="258" HEIGHT="58" CONTENT="deutsche" WC="0.99" CC="00763300"/>
						<SP ID="P1_SP00142" HPOS="1257" VPOS="2888" WIDTH="17"/>
						<String ID="P1_ST00177" HPOS="1274" VPOS="2833" WIDTH="237" HEIGHT="81" CONTENT="{Jugend" WC="0.99" CC="0503100"/>
						<SP ID="P1_SP00143" HPOS="1511" VPOS="2914" WIDTH="19"/>
						<String ID="P1_ST00178" HPOS="1530" VPOS="2846" WIDTH="119" HEIGHT="53" CONTENT="und" WC="1.00" CC="000"/>
						<SP ID="P1_SP00144" HPOS="1649" VPOS="2914" WIDTH="21"/>
						<String ID="P1_ST00179" HPOS="1670" VPOS="2846" WIDTH="98" HEIGHT="54" CONTENT="der" WC="1.00" CC="000"/>
						<SP ID="P1_SP00145" HPOS="1768" VPOS="2914" WIDTH="24"/>
						<String ID="P1_ST00180" HPOS="1792" VPOS="2845" WIDTH="372" HEIGHT="87" CONTENT="Weltkrieg“," WC="1.00" CC="00700040004"/>
						<SP ID="P1_SP00146" HPOS="2164" VPOS="2932" WIDTH="28"/>
						<String ID="P1_ST00181" HPOS="2192" VPOS="2862" WIDTH="108" HEIGHT="56" CONTENT="das" WC="0.97" CC="051"/>
						<SP ID="P1_SP00147" HPOS="2300" VPOS="2932" WIDTH="17"/>
						<String ID="P1_ST00182" HPOS="2317" VPOS="2867" WIDTH="209" HEIGHT="56" CONTENT="soeben" WC="0.99" CC="000076"/>
					</TextLine>
					<TextLine ID="P1_TL00025" HPOS="432" VPOS="2899" WIDTH="2131" HEIGHT="104">
						<String ID="P1_ST00183" HPOS="432" VPOS="2911" WIDTH="71" HEIGHT="33" CONTENT="im" WC="0.56" CC="70"/>
						<SP ID="P1_SP00148" HPOS="503" VPOS="2944" WIDTH="42"/>
						<String ID="P1_ST00184" HPOS="545" VPOS="2899" WIDTH="298" HEIGHT="76" CONTENT="Leipziger" WC="0.99" CC="700075000"/>
						<SP ID="P1_SP00149" HPOS="843" VPOS="2975" WIDTH="30"/>
						<String ID="P1_ST00185" HPOS="873" VPOS="2901" WIDTH="224" HEIGHT="83" CONTENT="Verlag" WC="0.98" CC="900090"/>
						<SP ID="P1_SP00150" HPOS="1097" VPOS="2984" WIDTH="735"/>
						<String ID="P1_ST00186" HPOS="1832" VPOS="2909" WIDTH="283" HEIGHT="94" CONTENT="„Naturwissenschaften“" WC="1.00" CC="787000942000000600190" STYLEREFS="TXT_7"/>
						<SP ID="P1_SP00151" HPOS="2115" VPOS="3003" WIDTH="1"/>
						<String ID="P1_ST00187" HPOS="2116" VPOS="2933" WIDTH="210" HEIGHT="60" CONTENT="erschienen" WC="0.99" CC="0003040810"/>
						<SP ID="P1_SP00152" HPOS="2326" VPOS="3003" WIDTH="1"/>
						<String ID="P1_ST00188" HPOS="2327" VPOS="2944" WIDTH="236" HEIGHT="54" CONTENT="ist." WC="0.98" CC="0073"/>
					</TextLine>
				</TextBlock>
				<TextBlock ID="P1_TB00006" HPOS="225" VPOS="3009" WIDTH="2293" HEIGHT="1052" STYLEREFS="TXT_8 PAR_LEFT">
					<TextLine ID="P1_TL00026" HPOS="287" VPOS="3010" WIDTH="2231" HEIGHT="150">
						<String ID="P1_ST00189" HPOS="287" VPOS="3107" WIDTH="11" HEIGHT="11" CONTENT="•" WC="0.58" CC="4"/>
						<SP ID="P1_SP00153" HPOS="298" VPOS="3118" WIDTH="48"/>
						<String ID="P1_ST00190" HPOS="346" VPOS="3010" WIDTH="82" HEIGHT="73" CONTENT="Im" STYLE="superscript" WC="0.56" CC="71"/>
						<String ID="P1_ST00191" HPOS="429" VPOS="3013" WIDTH="123" HEIGHT="147" CONTENT="Al^" WC="0.24" CC="778"/>
						<String ID="P1_ST00192" HPOS="552" VPOS="3046" WIDTH="37" HEIGHT="39" CONTENT="a" STYLE="superscript" WC="0.47" CC="5"/>
						<String ID="P1_ST00193" HPOS="592" VPOS="3045" WIDTH="64" HEIGHT="115" CONTENT="p" WC="0.23" CC="7"/>
						<SP ID="P1_SP00154" HPOS="656" VPOS="3160" WIDTH="41"/>
						<String ID="P1_ST00194" HPOS="697" VPOS="3020" WIDTH="39" HEIGHT="140" CONTENT="j" WC="0.24" CC="7"/>
						<String ID="P1_ST00195" HPOS="753" VPOS="3023" WIDTH="75" HEIGHT="71" CONTENT="9l" STYLE="superscript" WC="0.24" CC="77" STYLEREFS="TXT_9"/>
						<SP ID="P1_SP00155" HPOS="828" VPOS="3160" WIDTH="21"/>
						<String ID="P1_ST00196" HPOS="849" VPOS="3121" WIDTH="38" HEIGHT="39" CONTENT="j" WC="0.42" CC="5"/>
						<SP ID="P1_SP00156" HPOS="887" VPOS="3160" WIDTH="93"/>
						<String ID="P1_ST00197" HPOS="980" VPOS="3029" WIDTH="109" HEIGHT="74" CONTENT="ielt" STYLE="superscript" WC="0.43" CC="7175"/>
						<SP ID="P1_SP00157" HPOS="1089" VPOS="3160" WIDTH="27"/>
						<String ID="P1_ST00198" HPOS="1116" VPOS="3065" WIDTH="42" HEIGHT="95" CONTENT="l-" WC="0.10" CC="98" STYLEREFS="TXT_10"/>
						<String ID="P1_ST00199" HPOS="1159" VPOS="3065" WIDTH="35" HEIGHT="39" CONTENT="C" STYLE="superscript" WC="0.24" CC="7" STYLEREFS="TXT_10"/>
						<String ID="P1_ST00200" HPOS="1199" VPOS="3037" WIDTH="105" HEIGHT="123" CONTENT="\j" WC="0.10" CC="98" STYLEREFS="TXT_10"/>
						<String ID="P1_ST00201" HPOS="1305" VPOS="3132" WIDTH="10" HEIGHT="28" CONTENT="T" STYLE="subscript" WC="0.25" CC="7" STYLEREFS="TXT_10"/>
						<String ID="P1_ST00202" HPOS="1314" VPOS="3071" WIDTH="42" HEIGHT="40" CONTENT="n" STYLE="superscript" WC="0.25" CC="7" STYLEREFS="TXT_10"/>
						<SP ID="P1_SP00158" HPOS="1356" VPOS="3160" WIDTH="36"/>
						<String ID="P1_ST00203" HPOS="1392" VPOS="3043" WIDTH="116" HEIGHT="73" CONTENT="der" STYLE="superscript" WC="0.40" CC="745"/>
						<SP ID="P1_SP00159" HPOS="1508" VPOS="3160" WIDTH="28"/>
						<String ID="P1_ST00204" HPOS="1536" VPOS="3045" WIDTH="169" HEIGHT="75" CONTENT="Aula" STYLE="superscript" WC="0.27" CC="7777"/>
						<SP ID="P1_SP00160" HPOS="1705" VPOS="3160" WIDTH="36"/>
						<String ID="P1_ST00205" HPOS="1741" VPOS="3052" WIDTH="117" HEIGHT="70" CONTENT="der" STYLE="superscript" WC="0.27" CC="776"/>
						<SP ID="P1_SP00161" HPOS="1858" VPOS="3160" WIDTH="37"/>
						<String ID="P1_ST00206" HPOS="1895" VPOS="3052" WIDTH="397" HEIGHT="84" CONTENT="Universität" WC="0.99" CC="44702607044"/>
						<SP ID="P1_SP00162" HPOS="2292" VPOS="3160" WIDTH="33"/>
						<String ID="P1_ST00207" HPOS="2325" VPOS="3066" WIDTH="193" HEIGHT="76" CONTENT="Wien" WC="0.96" CC="5706"/>
					</TextLine>
					<TextLine ID="P1_TL00027" HPOS="246" VPOS="3108" WIDTH="2268" HEIGHT="128">
						<String ID="P1_ST00208" HPOS="246" VPOS="3137" WIDTH="137" HEIGHT="40" CONTENT="eine" WC="0.98" CC="0620"/>
						<SP ID="P1_SP00163" HPOS="383" VPOS="3177" WIDTH="29"/>
						<String ID="P1_ST00209" HPOS="412" VPOS="3108" WIDTH="516" HEIGHT="84" CONTENT="Abschiedsrede" WC="0.99" CC="0700740701090"/>
						<SP ID="P1_SP00164" HPOS="928" VPOS="3192" WIDTH="45"/>
						<String ID="P1_ST00210" HPOS="973" VPOS="3155" WIDTH="83" HEIGHT="42" CONTENT="an" WC="0.80" CC="40"/>
						<SP ID="P1_SP00165" HPOS="1056" VPOS="3197" WIDTH="36"/>
						<String ID="P1_ST00211" HPOS="1092" VPOS="3130" WIDTH="107" HEIGHT="71" CONTENT="die" WC="0.98" CC="040"/>
						<SP ID="P1_SP00166" HPOS="1199" VPOS="3201" WIDTH="34"/>
						<String ID="P1_ST00212" HPOS="1233" VPOS="3131" WIDTH="259" HEIGHT="79" CONTENT="Wiener" WC="0.98" CC="910403"/>
						<SP ID="P1_SP00167" HPOS="1492" VPOS="3210" WIDTH="36"/>
						<String ID="P1_ST00213" HPOS="1528" VPOS="3140" WIDTH="600" HEIGHT="96" CONTENT="Studentenschaft," WC="1.00" CC="0030000000070602"/>
						<SP ID="P1_SP00168" HPOS="2128" VPOS="3236" WIDTH="37"/>
						<String ID="P1_ST00214" HPOS="2165" VPOS="3163" WIDTH="201" HEIGHT="70" CONTENT="worin" WC="0.98" CC="30070"/>
						<SP ID="P1_SP00169" HPOS="2366" VPOS="3236" WIDTH="44"/>
						<String ID="P1_ST00215" HPOS="2410" VPOS="3164" WIDTH="104" HEIGHT="72" CONTENT="ich" WC="0.95" CC="607"/>
					</TextLine>
					<TextLine ID="P1_TL00028" HPOS="245" VPOS="3203" WIDTH="2268" HEIGHT="140">
						<String ID="P1_ST00216" HPOS="245" VPOS="3203" WIDTH="109" HEIGHT="69" CONTENT="der" WC="1.00" CC="000"/>
						<SP ID="P1_SP00170" HPOS="354" VPOS="3272" WIDTH="29"/>
						<String ID="P1_ST00217" HPOS="383" VPOS="3203" WIDTH="355" HEIGHT="79" CONTENT="deutschen" WC="0.99" CC="017046004"/>
						<SP ID="P1_SP00171" HPOS="738" VPOS="3282" WIDTH="33"/>
						<String ID="P1_ST00218" HPOS="771" VPOS="3212" WIDTH="256" HEIGHT="89" CONTENT="Jugend" WC="0.99" CC="027040"/>
						<SP ID="P1_SP00172" HPOS="1027" VPOS="3301" WIDTH="34"/>
						<String ID="P1_ST00219" HPOS="1061" VPOS="3253" WIDTH="68" HEIGHT="42" CONTENT="in" WC="0.78" CC="04"/>
						<SP ID="P1_SP00173" HPOS="1129" VPOS="3301" WIDTH="37"/>
						<String ID="P1_ST00220" HPOS="1166" VPOS="3217" WIDTH="370" HEIGHT="88" CONTENT="Österreich" WC="1.00" CC="5300000700"/>
						<SP ID="P1_SP00174" HPOS="1536" VPOS="3305" WIDTH="36"/>
						<String ID="P1_ST00221" HPOS="1572" VPOS="3239" WIDTH="309" HEIGHT="86" CONTENT="empfahl," WC="1.00" CC="00060002"/>
						<SP ID="P1_SP00175" HPOS="1881" VPOS="3325" WIDTH="29"/>
						<String ID="P1_ST00222" HPOS="1910" VPOS="3248" WIDTH="67" HEIGHT="70" CONTENT="in" WC="0.42" CC="64"/>
						<SP ID="P1_SP00176" HPOS="1977" VPOS="3325" WIDTH="41"/>
						<String ID="P1_ST00223" HPOS="2018" VPOS="3248" WIDTH="82" HEIGHT="72" CONTENT="all" WC="0.98" CC="006"/>
						<SP ID="P1_SP00177" HPOS="2100" VPOS="3325" WIDTH="27"/>
						<String ID="P1_ST00224" HPOS="2127" VPOS="3252" WIDTH="185" HEIGHT="76" CONTENT="ihren" WC="0.98" CC="60304"/>
						<SP ID="P1_SP00178" HPOS="2312" VPOS="3328" WIDTH="36"/>
						<String ID="P1_ST00225" HPOS="2348" VPOS="3258" WIDTH="132" HEIGHT="85" CONTENT="poli" SUBS_TYPE="HypPart1" SUBS_CONTENT="politischen" WC="0.97" CC="0267"/>
						<HYP HPOS="2480" VPOS="3258" WIDTH="33" CONTENT="-"/>
					</TextLine>
					<TextLine ID="P1_TL00029" HPOS="242" VPOS="3301" WIDTH="2269" HEIGHT="136">
						<String ID="P1_ST00226" HPOS="242" VPOS="3301" WIDTH="239" HEIGHT="66" CONTENT="tischen" SUBS_TYPE="HypPart2" SUBS_CONTENT="politischen" WC="0.99" CC="0500006"/>
						<SP ID="P1_SP00179" HPOS="481" VPOS="3367" WIDTH="37"/>
						<String ID="P1_ST00227" HPOS="518" VPOS="3301" WIDTH="358" HEIGHT="78" CONTENT="Gedanken" WC="0.99" CC="60064601"/>
						<SP ID="P1_SP00180" HPOS="876" VPOS="3379" WIDTH="37"/>
						<String ID="P1_ST00228" HPOS="913" VPOS="3316" WIDTH="138" HEIGHT="70" CONTENT="und" WC="0.96" CC="550"/>
						<SP ID="P1_SP00181" HPOS="1051" VPOS="3386" WIDTH="36"/>
						<String ID="P1_ST00229" HPOS="1087" VPOS="3319" WIDTH="386" HEIGHT="82" CONTENT="politischen" WC="1.00" CC="02560500000"/>
						<SP ID="P1_SP00182" HPOS="1473" VPOS="3401" WIDTH="35"/>
						<String ID="P1_ST00230" HPOS="1508" VPOS="3328" WIDTH="215" HEIGHT="77" CONTENT="Sitten" WC="0.99" CC="070000"/>
						<SP ID="P1_SP00183" HPOS="1723" VPOS="3405" WIDTH="28"/>
						<String ID="P1_ST00231" HPOS="1751" VPOS="3356" WIDTH="146" HEIGHT="54" CONTENT="treu" WC="0.99" CC="0006"/>
						<SP ID="P1_SP00184" HPOS="1897" VPOS="3410" WIDTH="33"/>
						<String ID="P1_ST00232" HPOS="1930" VPOS="3344" WIDTH="141" HEIGHT="71" CONTENT="und" WC="0.99" CC="010"/>
						<SP ID="P1_SP00185" HPOS="2071" VPOS="3415" WIDTH="34"/>
						<String ID="P1_ST00233" HPOS="2105" VPOS="3344" WIDTH="406" HEIGHT="93" CONTENT="konsequent" WC="1.00" CC="5000024000"/>
					</TextLine>
					<TextLine ID="P1_TL00030" HPOS="242" VPOS="3386" WIDTH="2267" HEIGHT="137">
						<String ID="P1_ST00234" HPOS="242" VPOS="3422" WIDTH="35" HEIGHT="39" CONTENT="z" STYLE="superscript" WC="0.87" CC="1"/>
						<String ID="P1_ST00235" HPOS="279" VPOS="3421" WIDTH="38" HEIGHT="39" CONTENT="u" WC="0.83" CC="1"/>
						<SP ID="P1_SP00186" HPOS="317" VPOS="3461" WIDTH="27"/>
						<String ID="P1_ST00236" HPOS="344" VPOS="3386" WIDTH="363" HEIGHT="83" CONTENT="österrdch" WC="0.73" CC="600026800"/>
						<SP ID="P1_SP00187" HPOS="707" VPOS="3469" WIDTH="26"/>
						<String ID="P1_ST00237" HPOS="733" VPOS="3431" WIDTH="81" HEIGHT="42" CONTENT="zu" WC="0.86" CC="02"/>
						<SP ID="P1_SP00188" HPOS="814" VPOS="3473" WIDTH="26"/>
						<String ID="P1_ST00238" HPOS="840" VPOS="3403" WIDTH="214" HEIGHT="78" CONTENT="halten" WC="0.98" CC="726006"/>
						<SP ID="P1_SP00189" HPOS="1054" VPOS="3481" WIDTH="29"/>
						<String ID="P1_ST00239" HPOS="1083" VPOS="3418" WIDTH="140" HEIGHT="70" CONTENT="und" WC="0.98" CC="600"/>
						<SP ID="P1_SP00190" HPOS="1223" VPOS="3488" WIDTH="28"/>
						<String ID="P1_ST00240" HPOS="1251" VPOS="3419" WIDTH="106" HEIGHT="71" CONTENT="die" WC="0.99" CC="030"/>
						<SP ID="P1_SP00191" HPOS="1357" VPOS="3490" WIDTH="24"/>
						<String ID="P1_ST00241" HPOS="1381" VPOS="3423" WIDTH="200" HEIGHT="85" CONTENT="große" WC="0.99" CC="63000"/>
						<SP ID="P1_SP00192" HPOS="1581" VPOS="3508" WIDTH="33"/>
						<String ID="P1_ST00242" HPOS="1614" VPOS="3426" WIDTH="522" HEIGHT="97" CONTENT="Kulturaufgabe" WC="0.99" CC="3600500570070"/>
						<SP ID="P1_SP00193" HPOS="2136" VPOS="3523" WIDTH="25"/>
						<String ID="P1_ST00243" HPOS="2161" VPOS="3443" WIDTH="118" HEIGHT="74" CONTENT="der" WC="1.00" CC="000"/>
						<SP ID="P1_SP00194" HPOS="2279" VPOS="3523" WIDTH="25"/>
						<String ID="P1_ST00244" HPOS="2304" VPOS="3461" WIDTH="171" HEIGHT="59" CONTENT="öster" SUBS_TYPE="HypPart1" SUBS_CONTENT="österreic" WC="0.87" CC="00300" STYLEREFS="TXT_11"/>
						<HYP HPOS="2475" VPOS="3461" WIDTH="34" CONTENT="-"/>
					</TextLine>
					<TextLine ID="P1_TL00031" HPOS="240" VPOS="3502" WIDTH="2267" HEIGHT="112">
						<String ID="P1_ST00245" HPOS="240" VPOS="3515" WIDTH="122" HEIGHT="41" CONTENT="reic" SUBS_TYPE="HypPart2" SUBS_CONTENT="österreic" WC="0.75" CC="5040"/>
						<SP ID="P1_SP00195" HPOS="362" VPOS="3556" WIDTH="47"/>
						<String ID="P1_ST00246" HPOS="409" VPOS="3516" WIDTH="87" HEIGHT="40" CONTENT="isc" WC="0.78" CC="600"/>
						<SP ID="P1_SP00196" HPOS="496" VPOS="3556" WIDTH="50"/>
						<String ID="P1_ST00247" HPOS="546" VPOS="3518" WIDTH="79" HEIGHT="41" CONTENT="en" WC="0.83" CC="03"/>
						<SP ID="P1_SP00197" HPOS="625" VPOS="3559" WIDTH="97"/>
						<String ID="P1_ST00248" HPOS="722" VPOS="3502" WIDTH="331" HEIGHT="85" CONTENT="eutschen," WC="0.87" CC="050000023"/>
						<SP ID="P1_SP00198" HPOS="1053" VPOS="3587" WIDTH="30"/>
						<String ID="P1_ST00249" HPOS="1083" VPOS="3513" WIDTH="281" HEIGHT="74" CONTENT="nämlich" WC="0.99" CC="4008800"/>
						<SP ID="P1_SP00199" HPOS="1364" VPOS="3587" WIDTH="34"/>
						<String ID="P1_ST00250" HPOS="1398" VPOS="3517" WIDTH="105" HEIGHT="72" CONTENT="die" WC="0.97" CC="070"/>
						<SP ID="P1_SP00200" HPOS="1503" VPOS="3589" WIDTH="36"/>
						<String ID="P1_ST00251" HPOS="1539" VPOS="3530" WIDTH="771" HEIGHT="81" CONTENT="germanisch-slawische" WC="1.00" CC="60300560004070370000"/>
						<SP ID="P1_SP00201" HPOS="2310" VPOS="3611" WIDTH="33"/>
						<String ID="P1_ST00252" HPOS="2343" VPOS="3540" WIDTH="123" HEIGHT="74" CONTENT="Ver" SUBS_TYPE="HypPart1" SUBS_CONTENT="Verfönenden" WC="0.72" CC="304"/>
						<HYP HPOS="2466" VPOS="3540" WIDTH="41" CONTENT="-"/>
					</TextLine>
					<TextLine ID="P1_TL00032" HPOS="239" VPOS="3609" WIDTH="2263" HEIGHT="153">
						<String ID="P1_ST00253" HPOS="239" VPOS="3609" WIDTH="333" HEIGHT="153" CONTENT="fönenden" SUBS_TYPE="HypPart2" SUBS_CONTENT="Verfönenden" WC="0.98" CC="30850750"/>
						<SP ID="P1_SP00202" HPOS="572" VPOS="3762" WIDTH="35"/>
						<String ID="P1_ST00254" HPOS="607" VPOS="3678" WIDTH="94" HEIGHT="73" CONTENT="Ra" WC="0.85" CC="11"/>
						<SP ID="P1_SP00203" HPOS="701" VPOS="3762" WIDTH="26"/>
						<String ID="P1_ST00255" HPOS="727" VPOS="3619" WIDTH="66" HEIGHT="43" CONTENT="“" WC="0.20" CC="8" STYLEREFS="TXT_9"/>
						<String ID="P1_ST00256" HPOS="798" VPOS="3609" WIDTH="25" HEIGHT="53" CONTENT="1" STYLE="superscript" WC="0.69" CC="3" STYLEREFS="TXT_9"/>
						<SP ID="P1_SP00204" HPOS="823" VPOS="3762" WIDTH="56"/>
						<String ID="P1_ST00257" HPOS="879" VPOS="3624" WIDTH="18" HEIGHT="41" CONTENT="'" WC="0.20" CC="8"/>
						<String ID="P1_ST00258" HPOS="902" VPOS="3627" WIDTH="76" HEIGHT="41" CONTENT="nS" STYLE="superscript" WC="0.35" CC="57"/>
						<SP ID="P1_SP00205" HPOS="978" VPOS="3762" WIDTH="432"/>
						<String ID="P1_ST00259" HPOS="1410" VPOS="3612" WIDTH="236" HEIGHT="78" CONTENT="faSSen&gt;" STYLE="superscript" WC="0.44" CC="7476606"/>
						<SP ID="P1_SP00206" HPOS="1646" VPOS="3762" WIDTH="71"/>
						<String ID="P1_ST00260" HPOS="1717" VPOS="3622" WIDTH="209" HEIGHT="76" CONTENT="Dabei" STYLE="superscript" WC="0.53" CC="03756"/>
						<SP ID="P1_SP00207" HPOS="1926" VPOS="3762" WIDTH="63"/>
						<String ID="P1_ST00261" HPOS="1989" VPOS="3627" WIDTH="127" HEIGHT="86" CONTENT="gab" STYLE="superscript" WC="0.55" CC="607"/>
						<SP ID="P1_SP00208" HPOS="2116" VPOS="3762" WIDTH="59"/>
						<String ID="P1_ST00262" HPOS="2175" VPOS="3632" WIDTH="104" HEIGHT="74" CONTENT="kh" STYLE="superscript" WC="0.13" CC="97"/>
						<SP ID="P1_SP00209" HPOS="2279" VPOS="3762" WIDTH="58"/>
						<String ID="P1_ST00263" HPOS="2337" VPOS="3637" WIDTH="165" HEIGHT="71" CONTENT="aUch" STYLE="superscript" WC="0.54" CC="0277"/>
					</TextLine>
					<TextLine ID="P1_TL00033" HPOS="229" VPOS="3784" WIDTH="2271" HEIGHT="132">
						<String ID="P1_ST00264" HPOS="229" VPOS="3784" WIDTH="488" HEIGHT="132" CONTENT="natdfjSlfV" WC="0.18" CC="7879794699" STYLEREFS="TXT_12"/>
						<String ID="P1_ST00265" HPOS="717" VPOS="3792" WIDTH="28" HEIGHT="58" CONTENT="h" STYLE="superscript" WC="0.24" CC="7" STYLEREFS="TXT_12"/>
						<String ID="P1_ST00266" HPOS="750" VPOS="3817" WIDTH="15" HEIGHT="36" CONTENT="‘" WC="0.20" CC="8" STYLEREFS="TXT_12"/>
						<String ID="P1_ST00267" HPOS="767" VPOS="3820" WIDTH="59" HEIGHT="36" CONTENT="er" STYLE="superscript" WC="0.32" CC="76" STYLEREFS="TXT_12"/>
						<SP ID="P1_SP00210" HPOS="826" VPOS="3916" WIDTH="25"/>
						<String ID="P1_ST00268" HPOS="851" VPOS="3822" WIDTH="28" HEIGHT="36" CONTENT="e" STYLE="superscript" WC="0.24" CC="7" STYLEREFS="TXT_12"/>
						<String ID="P1_ST00269" HPOS="884" VPOS="3825" WIDTH="64" HEIGHT="91" CONTENT="‘r" WC="0.22" CC="87" STYLEREFS="TXT_12"/>
						<String ID="P1_ST00270" HPOS="963" VPOS="3828" WIDTH="33" HEIGHT="33" CONTENT="°" WC="0.84" CC="1" STYLEREFS="TXT_12"/>
						<String ID="P1_ST00271" HPOS="999" VPOS="3805" WIDTH="144" HEIGHT="63" CONTENT="ffene" STYLE="superscript" WC="0.40" CC="71767" STYLEREFS="TXT_12"/>
						<String ID="P1_ST00272" HPOS="1143" VPOS="3891" WIDTH="18" HEIGHT="25" CONTENT="." WC="0.55" CC="4" STYLEREFS="TXT_12"/>
						<String ID="P1_ST00273" HPOS="1148" VPOS="3835" WIDTH="23" HEIGHT="33" CONTENT="S" STYLE="superscript" WC="0.26" CC="7" STYLEREFS="TXT_12"/>
						<SP ID="P1_SP00211" HPOS="1171" VPOS="3916" WIDTH="135"/>
						<String ID="P1_ST00274" HPOS="1306" VPOS="3833" WIDTH="46" HEIGHT="43" CONTENT="rt" STYLE="superscript" WC="0.28" CC="76" STYLEREFS="TXT_12"/>
						<SP ID="P1_SP00212" HPOS="1352" VPOS="3916" WIDTH="28"/>
						<String ID="P1_ST00275" HPOS="1380" VPOS="3843" WIDTH="177" HEIGHT="48" CONTENT="Sagen&gt;" STYLE="superscript" WC="0.28" CC="777766" STYLEREFS="TXT_12"/>
						<SP ID="P1_SP00213" HPOS="1557" VPOS="3916" WIDTH="28"/>
						<String ID="P1_ST00276" HPOS="1585" VPOS="3825" WIDTH="94" HEIGHT="58" CONTENT="auf" STYLE="superscript" WC="0.31" CC="767" STYLEREFS="TXT_12"/>
						<SP ID="P1_SP00214" HPOS="1679" VPOS="3916" WIDTH="26"/>
						<String ID="P1_ST00277" HPOS="1705" VPOS="3828" WIDTH="89" HEIGHT="58" CONTENT="die" STYLE="superscript" WC="0.37" CC="647" STYLEREFS="TXT_12"/>
						<SP ID="P1_SP00215" HPOS="1794" VPOS="3916" WIDTH="28"/>
						<String ID="P1_ST00278" HPOS="1822" VPOS="3830" WIDTH="205" HEIGHT="61" CONTENT="Gefahr" STYLE="superscript" WC="0.34" CC="476776" STYLEREFS="TXT_12"/>
						<SP ID="P1_SP00216" HPOS="2027" VPOS="3916" WIDTH="165"/>
						<String ID="P1_ST00279" HPOS="2192" VPOS="3838" WIDTH="122" HEIGHT="61" CONTENT="Ihre" WC="0.96" CC="7470" STYLEREFS="TXT_12"/>
						<SP ID="P1_SP00217" HPOS="2314" VPOS="3916" WIDTH="26"/>
						<String ID="P1_ST00280" HPOS="2340" VPOS="3840" WIDTH="160" HEIGHT="74" CONTENT="Sym-" WC="0.84" CC="0500" STYLEREFS="TXT_12"/>
					</TextLine>
					<TextLine ID="P1_TL00034" HPOS="1194" VPOS="3901" WIDTH="1303" HEIGHT="107">
						<String ID="P1_ST00281" HPOS="1194" VPOS="3970" WIDTH="31" HEIGHT="38" CONTENT="L" WC="0.26" CC="7" STYLEREFS="TXT_13"/>
						<SP ID="P1_SP00218" HPOS="1225" VPOS="4008" WIDTH="30"/>
						<String ID="P1_ST00282" HPOS="1255" VPOS="3919" WIDTH="125" HEIGHT="48" CONTENT="S3ge" STYLE="superscript" WC="0.21" CC="7796" STYLEREFS="TXT_14"/>
						<SP ID="P1_SP00219" HPOS="1380" VPOS="4008" WIDTH="20"/>
						<String ID="P1_ST00283" HPOS="1400" VPOS="3922" WIDTH="58" HEIGHT="35" CONTENT="“" WC="0.20" CC="8" STYLEREFS="TXT_14"/>
						<SP ID="P1_SP00220" HPOS="1458" VPOS="4008" WIDTH="23"/>
						<String ID="P1_ST00284" HPOS="1481" VPOS="3901" WIDTH="76" HEIGHT="59" CONTENT="aU" STYLE="superscript" WC="0.23" CC="77" STYLEREFS="TXT_14"/>
						<SP ID="P1_SP00221" HPOS="1557" VPOS="4008" WIDTH="23"/>
						<String ID="P1_ST00285" HPOS="1580" VPOS="3904" WIDTH="285" HEIGHT="61" CONTENT="deUtScher" STYLE="superscript" WC="0.30" CC="765677777" STYLEREFS="TXT_14"/>
						<SP ID="P1_SP00222" HPOS="1865" VPOS="4008" WIDTH="25"/>
						<String ID="P1_ST00286" HPOS="1890" VPOS="3909" WIDTH="170" HEIGHT="61" CONTENT="Mann" STYLE="superscript" WC="0.33" CC="6766" STYLEREFS="TXT_14"/>
						<SP ID="P1_SP00223" HPOS="2060" VPOS="4008" WIDTH="26"/>
						<String ID="P1_ST00287" HPOS="2086" VPOS="3937" WIDTH="96" HEIGHT="35" CONTENT="zur" STYLE="superscript" WC="0.31" CC="767" STYLEREFS="TXT_14"/>
						<SP ID="P1_SP00224" HPOS="2182" VPOS="4008" WIDTH="23"/>
						<String ID="P1_ST00288" HPOS="2205" VPOS="3919" WIDTH="292" HEIGHT="64" CONTENT="deutsche,," WC="0.99" CC="8755707200" STYLEREFS="TXT_14"/>
					</TextLine>
					<TextLine ID="P1_TL00035" HPOS="226" VPOS="3959" WIDTH="2271" HEIGHT="102">
						<String ID="P1_ST00289" HPOS="226" VPOS="3959" WIDTH="227" HEIGHT="55" CONTENT="Jugend." WC="0.98" CC="7565044" STYLEREFS="TXT_14"/>
						<SP ID="P1_SP00225" HPOS="453" VPOS="4014" WIDTH="33"/>
						<String ID="P1_ST00290" HPOS="486" VPOS="3959" WIDTH="88" HEIGHT="43" CONTENT="Ich" WC="0.95" CC="326" STYLEREFS="TXT_12"/>
						<SP ID="P1_SP00226" HPOS="574" VPOS="4014" WIDTH="32"/>
						<String ID="P1_ST00291" HPOS="606" VPOS="3959" WIDTH="162" HEIGHT="60" CONTENT="hotte," WC="0.98" CC="617701" STYLEREFS="TXT_12"/>
						<SP ID="P1_SP00227" HPOS="768" VPOS="4019" WIDTH="31"/>
						<String ID="P1_ST00292" HPOS="799" VPOS="3959" WIDTH="104" HEIGHT="56" CONTENT="daß" WC="0.95" CC="760" STYLEREFS="TXT_12"/>
						<SP ID="P1_SP00228" HPOS="903" VPOS="4019" WIDTH="29"/>
						<String ID="P1_ST00293" HPOS="932" VPOS="3963" WIDTH="85" HEIGHT="58" CONTENT="die" WC="0.94" CC="771" STYLEREFS="TXT_12"/>
						<SP ID="P1_SP00229" HPOS="1017" VPOS="4021" WIDTH="29"/>
						<String ID="P1_ST00294" HPOS="1046" VPOS="3967" WIDTH="118" HEIGHT="61" CONTENT="Zeit" WC="0.98" CC="0072" STYLEREFS="TXT_12"/>
						<SP ID="P1_SP00230" HPOS="1164" VPOS="4028" WIDTH="28"/>
						<String ID="P1_ST00295" HPOS="1192" VPOS="3972" WIDTH="249" HEIGHT="63" CONTENT="kommen" WC="0.98" CC="663301" STYLEREFS="TXT_12"/>
						<SP ID="P1_SP00231" HPOS="1441" VPOS="4035" WIDTH="32"/>
						<String ID="P1_ST00296" HPOS="1473" VPOS="3984" WIDTH="192" HEIGHT="65" CONTENT="werde," WC="0.99" CC="600003" STYLEREFS="TXT_12"/>
						<SP ID="P1_SP00232" HPOS="1665" VPOS="4049" WIDTH="31"/>
						<String ID="P1_ST00297" HPOS="1696" VPOS="4010" WIDTH="80" HEIGHT="33" CONTENT="wo" WC="0.57" CC="62" STYLEREFS="TXT_12"/>
						<SP ID="P1_SP00233" HPOS="1776" VPOS="4049" WIDTH="28"/>
						<String ID="P1_ST00298" HPOS="1804" VPOS="3987" WIDTH="92" HEIGHT="60" CONTENT="Sie" WC="0.95" CC="076" STYLEREFS="TXT_12"/>
						<SP ID="P1_SP00234" HPOS="1896" VPOS="4049" WIDTH="25"/>
						<String ID="P1_ST00299" HPOS="1921" VPOS="4005" WIDTH="137" HEIGHT="44" CONTENT="trotz" WC="0.98" CC="20436" STYLEREFS="TXT_12"/>
						<SP ID="P1_SP00235" HPOS="2058" VPOS="4049" WIDTH="27"/>
						<String ID="P1_ST00300" HPOS="2085" VPOS="3996" WIDTH="206" HEIGHT="60" CONTENT="tiefster" WC="0.98" CC="07473601" STYLEREFS="TXT_12"/>
						<SP ID="P1_SP00236" HPOS="2291" VPOS="4056" WIDTH="26"/>
						<String ID="P1_ST00301" HPOS="2317" VPOS="4000" WIDTH="180" HEIGHT="61" CONTENT="Treue" WC="0.99" CC="00360" STYLEREFS="TXT_12"/>
					</TextLine>
				</TextBlock>
			</PrintSpace>
		</Page>
	</Layout>
</alto>
