3351 4572
1498 387 191 69 Alfred
1715 387 74 52 H.
1819 384 168 54 Fried
2026 401 22 23 ♦
2086 382 108 53 Die
2222 378 225 56 Cholera

854 393 76 59 58

855 598 127 70 den
1007 594 359 74 Schrecken
1393 588 400 75 Sterbenden
1817 586 112 70 das
1957 584 162 71 Leid
2141 583 339 77 abkürzen,
2508 608 65 41 es
2598 576 134 71 ihm
2756 574 202 71 durch
2983 573 81 69 Be-

856 686 527 87 täubungsmittel
1412 682 333 85 erträglich
1771 678 291 75 machen.
2113 677 159 71 Hier
2299 675 165 70 kann
2492 673 113 70 der
2631 668 275 71 Mensch
2932 696 173 42 seine

858 782 532 74 Menschlichkeit
1425 780 239 82 zeigen,
1700 777 135 69 sein
1871 773 176 71 edles
2084 772 170 70 Herz
2290 766 360 78 bekunden,
2686 763 112 70 das
2833 762 111 70 ihn
2979 790 123 39 von

861 879 113 69 der
1007 874 305 73 Tierwelt
1361 867 493 75 unterscheidet.
1888 861 604 76 Vermenschlichen
2526 860 114 69 wir
2673 857 104 69 die
2812 853 292 79 Cholera,

860 971 137 71 und
1029 973 114 68 wir
1175 966 255 73 werden
1464 967 103 69 ein
1601 961 249 88 großes,
1884 987 262 44 unserer
2179 956 141 71 Zeit
2351 952 312 84 würdiges
2701 946 407 74 Kulturwerk

861 1065 419 83 vollbringen.
1340 1060 176 71 Aber
1552 1060 172 69 seien
1763 1058 115 68 wir
1915 1074 154 51 stets
2108 1049 371 87 eingedenk,
2518 1045 126 72 daß
2682 1045 112 69 der
2833 1040 271 71 Mensch

862 1159 167 70 doch
1065 1157 178 72 nicht
1280 1182 122 42 nur
1439 1182 148 43 zum
1624 1150 384 84 Vergnügen
2045 1145 110 73 auf
2188 1145 113 70 der
2335 1141 169 73 Welt
2540 1143 101 67 ist.
2702 1135 159 71 Eine
2897 1136 213 83 gütige

865 1253 208 70 Natur
1107 1252 108 72 hat
1248 1249 135 73 ihm
1417 1247 305 71 Schmerz
1755 1243 138 71 und
1926 1242 167 82 Qual
2127 1242 118 68 mit
2277 1237 109 71 auf
2418 1235 124 70 den
2578 1232 391 81 Lebensweg
3002 1258 72 55 ge-

863 1347 225 84 geben,
1112 1345 201 70 damit
1335 1370 67 42 er
1421 1371 113 40 aus
1556 1340 149 72 dem
1726 1337 362 84 Widerpart
2108 1335 113 69 der
2241 1328 524 87 Empfindungen
2787 1341 126 52 erst
2935 1321 176 71 recht

863 1442 105 69 die
992 1440 294 70 Wonnen
1312 1436 111 70 des
1451 1434 256 71 Lebens
1732 1430 286 87 genieße.
2066 1427 85 70 Er
2173 1425 160 72 wird
2356 1423 110 70 das
2492 1422 213 85 gütige
2727 1417 247 72 Walten
3000 1415 113 69 der

866 1535 208 70 Natur
1102 1531 164 71 auch
1295 1531 195 70 daran
1520 1528 340 77 erkennen,
1891 1522 127 73 daß
2047 1522 112 70 der
2189 1516 385 74 Choleratod
2602 1516 102 69 ein
2733 1511 249 71 rascher
3010 1511 101 67 ist.

868 1628 144 70 Nur
1042 1623 409 73 Unverstand
1479 1620 366 74 vermochte
1872 1618 104 70 die
2004 1615 208 71 Natur
2239 1613 87 70 als
2357 1638 288 58 grausam
2674 1602 437 74 hinzustellen.

867 1722 109 70 Sie
1003 1721 117 69 übt
1145 1722 68 67 in
1239 1716 435 73 Wirklichkeit
1699 1709 555 84 Barmherzigkeit.
2304 1704 177 84 Ewig
2506 1703 166 70 kann
2700 1700 113 69 der
2840 1695 275 73 Mensch

870 1815 176 71 nicht
1082 1813 207 79 leben,
1328 1813 65 69 in
1431 1811 113 68 der
1581 1807 193 85 Regel
1811 1808 81 68 ist
1928 1804 132 72 ihm
2098 1803 211 81 langes
2347 1797 329 72 Siechtum
2713 1790 400 107 beschicken.

871 1910 156 70 Nun
1051 1909 245 72 kommt
1318 1906 104 69 die
1445 1903 291 78 Cholera,
1760 1901 103 69 die
1884 1898 134 73 ihm
2041 1896 124 70 den
2187 1893 170 79 Tod,
2380 1892 148 72 dem
2550 1917 66 42 er
2639 1887 278 70 ohnehin
2941 1884 175 69 nicht

871 2023 356 65 entgangen
1260 2013 185 64 wäre,
1482 2028 65 39 in
1581 1995 409 85 abgekürzter
2025 1990 191 68 Form
2250 1989 234 81 bringt.
2541 1982 83 70 Es
2659 2000 80 52 ist
2772 1978 167 72 doch
2977 1977 92 70 Un-

871 2100 166 75 sinn,
1078 2122 227 47 immer
1343 2119 122 44 nur
1502 2091 112 70 das
1653 2088 163 71 Leid
1851 2084 136 72 und
2025 2084 102 68 die
2166 2080 164 83 Qual
2370 2079 193 71 sehen
2601 2107 80 38 zu
2718 2072 224 72 wollen
2982 2070 136 70 und

872 2191 178 69 nicht
1076 2220 80 39 zu
1181 2187 339 77 erkennen,
1545 2182 270 72 welcher
1840 2178 274 71 Gewinn
2140 2175 184 69 dabei
2349 2191 162 50 trotz
2536 2168 268 72 alledem
2828 2196 161 41 aucn
3016 2164 103 70 für

874 2283 110 71 das
1026 2279 425 74 Einzelwesen
1493 2274 491 77 herauskommt,
2036 2298 155 55 ganz
2231 2265 355 86 abgesehen
2626 2292 125 41 von
2791 2259 125 70 den
2956 2258 122 68 Vor-

872 2377 212 79 teilen,
1130 2375 104 70 die
1277 2373 113 69 der
1435 2368 399 73 Gesamtheit
1876 2363 189 73 zuteil
2108 2361 278 71 werden.
2453 2356 282 71 Erkennt
2779 2384 148 43 man
2970 2352 150 68 aber

875 2471 217 70 diesen
1136 2467 296 79 Gewinn,
1474 2494 73 41 so
1586 2462 159 71 wird
1785 2490 146 41 man
1975 2456 284 85 zugeben
2300 2466 279 64 müssen,
2622 2448 126 70 daß
2789 2478 63 39 es
2894 2446 225 70 keinen

875 2565 349 71 schöneren
1260 2559 150 71 Tod
1444 2558 203 86 geben
1683 2556 189 79 kann,
1907 2552 91 72 als
2033 2551 125 70 den
2196 2545 386 73 Choieratod
2615 2540 301 72 während
2950 2566 171 44 einer

876 2659 111 70 das
1018 2657 165 71 Volk
1215 2652 436 73 erneuernden
1684 2648 270 72 Seuche.
2010 2644 83 71 Es
2127 2663 80 51 ist
2238 2672 102 40 ein
2372 2639 150 70 Tod
2554 2638 103 69 für
2688 2636 105 70 die
2824 2634 255 71 Gesamt-

877 2753 152 79 heit,
1064 2751 105 69 die
1203 2747 346 87 opfervolle
1584 2743 295 84 Hingabe
1912 2740 112 70 des
2060 2737 326 71 einzelnen
2419 2734 104 70 für
2556 2733 104 68 die
2693 2728 427 77 Menschheit,

877 2848 118 69 wie
1016 2846 104 68 die
1142 2843 268 70 Dichter
1430 2841 150 70 aller
1600 2837 221 70 Zeiten
1843 2834 135 70 und
2000 2831 253 71 Länder
2273 2828 111 72 ihn
2406 2828 270 85 preisen.
2706 2823 174 81 „Das
2903 2820 220 70 Leben

881 2942 79 68 ist
994 2939 116 68 der
1145 2936 211 70 Güter
1390 2933 295 73 höchstes
1719 2928 177 71 nicht
1914 2926 58 71 !“

964 3033 112 68 Bei
1112 3031 162 70 allen
1310 3027 346 79 Vorteilen,
1694 3025 104 68 die
1832 3053 121 39 uns
1991 3020 104 68 die
2132 3017 271 70 Cholera
2438 3015 195 70 bietet
2667 3010 136 71 und
2840 3008 100 70 bei
2975 3007 150 70 aller

880 3124 288 72 Einsicht
1200 3124 169 69 ihrer
1398 3118 406 83 Wichtigkeit
1835 3114 104 71 für
1970 3114 102 68 die
2103 3107 443 82 Entwicklung
2575 3106 113 69 der
2719 3101 408 72 Menschheit

881 3222 254 70 können
1159 3219 116 69 wir
1298 3213 313 74 natürlich
1636 3212 175 69 nicht
1834 3207 365 78 wünschen,
2226 3203 126 71 daß
2375 3203 103 70 die
2502 3200 292 70 Seuchen
2817 3214 269 52 ununter-

882 3313 281 73 brochen
1186 3311 347 71 andauern.
1576 3307 137 70 Wir
1733 3302 322 72 brauchen
2078 3298 557 76 Zwischenzeiten,
2657 3290 301 73 während
2978 3288 111 71 wel-

881 3410 163 70 chen
1073 3407 116 70 wir
1215 3435 123 41 uns
1366 3402 80 70 all
1476 3402 114 70 der
1617 3398 203 71 durch
1849 3396 103 70 die
1981 3393 292 71 Seuchen
2304 3417 392 56 errungenen
2724 3383 279 72 Vorteile
3030 3410 65 42 er-

882 3502 221 72 freuen
1149 3500 277 70 können.
1492 3495 137 71 Wir
1671 3491 319 71 erstreben
2033 3491 59 81 ja
2133 3487 103 69 die
2279 3483 271 73 Cholera
2591 3481 176 71 nicht
2808 3509 110 39 um
2963 3477 166 71 ihrer

885 3594 358 72 Schrecken
1277 3590 233 79 willen,
1547 3586 274 71 sondern
1855 3614 113 42 um
2001 3581 113 70 der
2149 3580 341 71 heilsamen
2527 3575 258 84 Folgen,
2822 3572 103 69 die
2958 3568 171 72 diese

885 3689 358 71 Schrecken
1272 3688 117 67 mit
1417 3683 133 70 sich
1580 3681 287 83 bringen.
1919 3676 87 70 So
2032 3678 81 67 ist
2138 3704 120 40 uns
2286 3671 162 73 auch
2475 3670 104 70 die
2606 3666 248 71 Seuche
2879 3692 122 42 nur
3026 3665 102 67 ein

888 3784 344 84 Übergang
1252 3808 113 44 zur
1385 3774 477 74 seuchenfreien
1884 3770 161 70 Zeit.
2086 3769 136 70 Wir
2241 3767 239 71 sehnen
2502 3764 103 70 die
2624 3761 250 72 Seuche
2893 3758 235 77 herbei,

886 3910 112 39 um
1029 3881 91 67 sie
1148 3877 93 70 los
1272 3906 80 40 zu
1380 3871 277 73 werden.
1716 3868 69 70 In
1816 3867 239 70 diesem
2084 3864 239 82 ewigen
2352 3857 288 73 Wechsel
2671 3857 148 85 liegt
2848 3854 135 70 ihre
3011 3852 80 68 Be-
