3193 4572
679 486 68 58 14

1346 489 95 56 Fr.
1477 489 76 52 W.
1584 489 240 51 Foerster
1878 510 20 17 *
1954 488 111 52 Der
2092 489 125 68 Weg

996 747 435 60 ANSPRACHE
1470 747 102 58 AN
1615 748 124 59 DIE
1781 737 797 71 UNIVERSITÄTSHÖRER

755 873 263 80 „Meine
1045 873 249 70 Damen
1322 874 134 69 und
1485 873 279 70 Herren!
1813 873 107 71 Sie
1945 873 252 71 werden
2225 873 119 68 mir
2371 869 203 86 gewiß
2600 869 293 84 glauben,

671 965 127 70 daß
838 997 63 40 es
943 965 174 70 nicht
1158 965 225 84 gerade
1422 967 100 68 ein
1563 964 380 86 Vergnügen
1983 968 101 76 ist,
2125 968 65 67 in
2231 964 235 86 großen
2512 962 229 69 Krisen
2783 963 111 68 des

673 1058 353 70 nationalen
1061 1058 349 70 Schicksals
1445 1089 157 54 ganz
1635 1058 235 70 isoliert
1903 1058 403 79 dazustehen,
2340 1056 160 69 auch
2533 1085 125 40 von
2692 1054 202 70 vielen

673 1152 529 83 hochgeachteten
1231 1151 306 84 Kollegen
1563 1151 211 71 scharf
1794 1170 290 66 getrennt
2106 1181 79 41 zu
2209 1153 155 68 sein.
2414 1150 81 69 Es
2520 1151 80 67 ist
2625 1147 237 71 zweifel-

671 1245 113 80 los,
830 1244 125 69 daß
996 1263 186 49 unter
1225 1244 125 69 den
1394 1244 714 86 Bismarck-Gläubigen
2151 1244 157 69 viele
2350 1244 112 69 der
2503 1241 391 70 Allerbesten

670 1364 255 43 unseres
966 1336 229 70 Volkes
1234 1338 164 78 sind,
1437 1338 137 69 und
1611 1368 64 39 es
1715 1340 80 67 ist
1833 1339 120 67 mir
1992 1339 99 67 ein
2129 1335 403 84 aufrichtiger
2569 1332 324 79 Schmerz,

670 1429 126 70 daß
824 1429 100 70 ich
955 1429 171 71 diese
1153 1429 503 85 Volksgenossen
1685 1431 65 68 in
1779 1430 166 79 dem,
1976 1458 123 42 was
2127 1429 190 70 ihnen
2346 1428 191 83 heilig
2562 1429 101 77 ist,
2692 1425 202 70 durch

671 1524 207 68 meine
919 1522 208 70 Kritik
1164 1523 239 69 schwer
1440 1523 310 70 verletzen
1786 1522 178 70 muß.
2025 1522 131 68 Das
2197 1523 80 67 ist
2311 1522 148 68 aber
2496 1550 132 39 nun
2667 1517 227 71 einmal

671 1616 101 67 ein
803 1616 287 82 geistiges
1122 1614 341 79 Schicksal,
1494 1616 145 68 dem
1670 1614 100 70 ich
1800 1614 174 69 nicht
2004 1614 330 69 entrinnen
2364 1613 184 79 kann,
2579 1612 170 68 denn
2778 1612 118 67 seit

671 1706 243 85 Beginn
948 1710 239 67 meiner
1221 1706 719 71 Universitätslaufbahn
1974 1705 162 69 habe
2166 1706 100 68 ich
2299 1706 169 68 mich
2500 1707 117 67 mit
2649 1703 244 69 keinem

671 1800 292 70 Problem
985 1802 339 69 intensiver
1343 1799 394 85 beschäftigt,
1758 1800 88 68 als
1866 1801 117 66 mit
2002 1799 145 69 dem
2169 1799 322 69 Problem:
2512 1797 224 70 Politik
2754 1826 86 39 un
2853 1796 43 70 d

673 1891 241 80 Moral;
937 1892 185 70 dabei
1146 1894 110 68 bin
1280 1891 100 71 ich
1404 1892 159 70 eben
1586 1892 200 72 durch
1809 1891 299 71 Studium
2129 1891 135 69 und
2286 1889 610 82 Weltbeobachtung

671 1986 89 68 im
801 1984 284 72 Ausland
1126 1985 135 70 und
1305 1984 220 70 Inland
1565 2014 146 41 zum
1753 1984 318 71 radikalen
2115 1981 257 84 Gegner
2411 1983 113 68 der
2564 1980 330 70 Tradition

673 2074 725 72 Bismarck-Treitschke
1417 2078 353 81 geworden,
1793 2077 100 68 bei
1915 2075 150 69 aller
2084 2074 396 84 Würdigung
2500 2074 113 69 der
2632 2086 225 71 persön-

674 2169 206 70 lichen
916 2168 221 71 Größe
1168 2169 135 69 und
1334 2164 234 89 Tragik
1601 2172 63 66 in
1700 2169 202 69 dieser
1934 2167 353 71 Tradition.
2346 2167 108 70 Ich
2487 2166 229 83 glaube
2749 2164 144 80 fest,

674 2262 126 71 daß
826 2265 115 67 wir
967 2291 269 42 unseren
1268 2262 419 74 kommenden
1717 2260 651 85 mitteleuropäischen
2396 2260 335 83 Aufgaben
2760 2260 135 68 und

673 2384 270 41 unseren
966 2355 475 85 Weltaufgaben
1464 2383 120 40 nur
1604 2357 64 68 in
1691 2354 147 73 dem
1860 2354 198 69 Maße
2077 2352 366 84 gewachsen
2466 2355 132 66 sein
2620 2351 274 80 werden,

673 2447 87 70 als
789 2450 113 67 wir
928 2450 145 67 weit
1101 2447 156 70 über
1283 2447 172 70 diese
1480 2446 331 71 Tradition
1841 2445 558 80 hinausschreiten,
2429 2475 202 54 genau
2659 2475 91 50 so,
2778 2446 118 66 wie

673 2539 161 72 auch
861 2540 102 70 die
986 2540 272 71 anderen
1283 2540 230 70 Völker
1537 2540 134 70 sich
1696 2569 122 41 von
1844 2540 177 70 ihren
2048 2538 584 85 machtpolitischen
2658 2536 197 70 Tradi-

673 2635 213 68 tionen
910 2633 172 70 lösen
1104 2644 277 69 müssen,
1405 2663 183 40 wenn
1612 2632 253 83 Europa
1888 2632 174 68 nicht
2087 2633 64 66 in
2174 2630 152 69 Wut
2348 2630 136 69 und
2506 2630 149 69 Blut
2678 2648 180 52 unter-

673 2724 199 85 gehen
916 2726 136 69 soll.
1118 2726 148 69 Daß
1308 2756 132 39 nun
1482 2724 232 71 andere
1752 2723 202 71 durch
1996 2721 216 71 solche
2247 2722 348 71 Absichten
2639 2722 256 71 verletzt

673 2817 273 80 werden,
970 2818 110 69 das
1103 2817 140 71 darf
1261 2818 165 70 wohl
1449 2848 77 39 an
1550 2818 173 69 einer
1744 2816 221 79 Stätte,
1990 2816 102 68 die
2113 2815 112 69 der
2245 2815 610 72 Wahrheitserkennt-

674 2912 98 66 nis
801 2910 333 82 gewidmet
1163 2912 133 68 sein
1328 2910 135 79 soll,
1494 2908 143 70 kein
1668 2908 233 70 Grund
1930 2907 110 70 des
2072 2906 399 85 Schweigens
2503 2910 155 68 sein.
2708 2907 185 71 Auch

673 3004 87 67 im
791 3000 250 85 Kriege,
1069 3001 169 70 denn
1262 3004 113 67 wir
1398 3014 255 57 müssen
1680 3000 312 70 durchaus
2018 3000 191 71 heute
2231 2999 195 70 schon
2453 3001 117 71 mit
2594 3000 113 70 der
2730 3000 123 70 Vor-

674 3094 329 84 bereitung
1029 3094 111 70 auf
1165 3095 110 69 das
1308 3094 401 70 Kommende
1737 3094 336 84 beginnen,
2103 3095 116 67 mit
2246 3093 146 69 dem
2421 3093 472 69 Durchdenken

671 3187 80 69 all
774 3187 112 71 der
906 3217 203 38 neuen
1132 3187 372 83 politischen
1526 3185 347 82 Probleme,
1896 3185 104 70 die
2018 3216 118 39 uns
2157 3185 168 70 dann
2346 3185 244 84 gestellt
2609 3185 284 79 werden;

673 3310 210 54 genau
918 3310 91 49 so,
1043 3281 119 67 wie
1193 3282 57 81 ja
1283 3281 160 67 auch
1478 3279 104 69 die
1614 3279 374 69 Diskussion
2024 3279 156 69 über
2214 3278 449 85 Mitteleuropa
2698 3279 195 70 schon

669 3375 152 82 jetzt
845 3372 390 70 entbrennen
1257 3371 251 79 mußte;
1531 3373 114 68 wir
1666 3371 250 68 können
1939 3371 109 70 das
2070 3371 147 70 alles
2241 3372 173 69 nicht
2438 3372 94 70 bis
2557 3372 160 70 nach
2747 3371 147 71 dem

675 3465 235 85 Kriege
939 3484 315 63 vertagen.
1306 3463 135 70 Aus
1474 3463 204 70 dieser
1710 3463 349 84 Erwägung
2091 3465 220 68 heraus
2345 3484 308 51 stammen
2686 3467 209 68 meine

670 3557 203 87 gewiß
899 3557 144 70 sehr
1064 3555 310 71 radikalen
1395 3557 283 83 Beiträge
1696 3584 113 41 zur
1830 3556 194 83 Frage
2045 3585 257 41 unserer
2322 3557 370 84 politischen
2715 3557 132 69 Neu-

670 3654 445 80 orientierung,
1143 3677 113 42 zur
1281 3649 293 71 Revision
1601 3651 288 82 gewisser
1915 3649 296 84 Dogmen
2236 3679 255 41 unseres
2519 3649 372 86 politischen

673 3745 229 70 Credo.
960 3742 251 72 Gerade
1245 3744 64 67 in
1342 3743 204 68 dieser
1574 3771 257 40 unserer
1861 3742 140 69 Zeit
2033 3744 242 70 scheint
2308 3775 64 39 es
2404 3747 123 67 mir
2559 3743 331 84 dringend,

671 3837 125 70 daß
822 3839 100 68 ein
949 3837 287 68 Element
1262 3838 65 67 in
1356 3836 112 68 der
1493 3836 344 69 deutschen
1866 3834 197 80 Seele,
2092 3837 110 68 das
2230 3839 63 66 in
2321 3837 123 68 den
2472 3836 418 83 Jahrzehnten

673 3928 108 70 des
819 3928 233 85 großen
1089 3928 273 70 äußeren
1402 3927 279 84 Erfolges
1719 3930 62 66 in
1819 3928 124 69 den
1979 3928 436 84 Hintergrund
2452 3930 303 82 gedrängt
2790 3930 99 77 ist,
