3290 4572
1416 432 155 51 Hans
1600 430 308 53 Gathmann
1945 449 20 21 *
2007 427 105 52 Die
2140 425 312 66 Niederlage

824 434 76 59 38

828 635 376 74 Schimmels
1227 633 196 85 Kopf,
1442 633 152 70 oder
1613 633 100 68 ein
1731 628 266 71 blonder
2017 628 200 84 Junge
2243 621 351 74 streichelte
2612 620 112 70 ihn
2749 619 300 71 während

828 732 109 68 des
975 729 297 70 Fahrens.

928 825 84 68 Er
1056 821 215 71 wußte
1317 817 260 72 wieder:
1627 817 116 68 wie
1788 814 241 70 abends
2079 814 104 69 die
2234 812 368 81 Lampions,
2653 807 103 68 die
2804 805 246 69 bunten

834 916 337 70 lieblichen
1213 912 284 73 Wunder
1538 911 103 68 für
1688 910 104 68 die
1837 907 270 79 Kinder,
2159 924 96 50 rot
2290 905 133 68 und
2465 913 159 73 grün
2658 898 391 85 aufglühten,

834 1011 113 69 der
1013 1009 220 70 Flitter
1291 1005 352 85 glimmerte
1708 1002 136 70 und
1906 1000 251 85 gleißte,
2222 997 134 70 und
2401 996 103 69 die
2547 992 193 84 Orgel
2784 1010 269 65 mutiger

837 1104 274 69 brauste.
1162 1100 247 69 Mütter
1451 1098 270 68 standen
1771 1094 135 70 und
1939 1093 192 71 sahen
2165 1122 99 39 zu.
2312 1090 191 70 Väter
2536 1086 270 69 drohten
2845 1082 167 71 über-

835 1208 308 70 mütigen.
1187 1193 134 68 Der
1370 1189 199 71 weiße
1619 1188 347 70 Schimmel
1999 1216 148 54 ging
2178 1214 89 39 im
2304 1183 241 76 Kreise,
2580 1179 136 70 und
2749 1208 137 38 sein
2923 1175 130 71 Fell

837 1315 125 44 war
1009 1319 117 39 wie
1177 1284 187 71 Seide
1407 1302 187 52 unter
1632 1284 147 69 dem
1812 1279 227 70 Glanz.
2084 1279 133 70 Der
2250 1273 346 72 Schimmel
2629 1272 217 71 wurde
2881 1270 174 69 nicht

838 1381 213 77 müde,
1087 1380 104 68 die
1228 1377 246 70 Freude
1507 1374 217 73 wurde
1757 1373 178 71 nicht
1968 1373 212 76 müde,
2217 1371 102 68 die
2356 1366 245 71 Freude
2634 1366 280 68 flammte
2947 1360 111 72 auf

842 1476 118 67 wie
994 1474 103 69 die
1134 1471 349 83 Lampions
1509 1470 137 68 und
1672 1466 258 71 strahlte
1957 1485 95 49 rot
2079 1466 134 67 und
2237 1475 183 72 grün.
2569 1457 156 71 Und
2752 1456 166 70 dann
2945 1454 112 69 das

839 1565 403 71 Feuerwerk:
1293 1564 279 70 Raketen
1608 1564 261 82 stiegen,
1924 1556 472 84 Leuchtkugeln
2432 1554 367 69 schwirrten
2832 1552 66 68 in
2931 1550 126 68 den

839 1659 407 71 sternblauen
1280 1656 306 72 Himmel.

934 1753 190 70 Doch
1157 1782 118 39 wie
1308 1778 67 42 er
1409 1750 133 70 sich
1577 1749 126 69 den
1736 1747 171 69 Platz
1939 1743 337 77 vorstellte,
2311 1772 88 38 im
2432 1735 476 85 Hintergründe
2933 1735 125 69 den

840 1846 282 71 dunklen
1157 1843 204 80 Wald,
1413 1844 112 69 der
1573 1841 97 69 oft
1710 1860 186 49 unter
1939 1838 122 69 den
2113 1834 314 71 fallenden
2475 1830 255 84 Kugeln
2763 1833 66 66 in
2862 1825 200 73 weiße

843 1938 187 70 Helle
1079 1940 295 82 getaucht
1422 1964 147 49 war,
1615 1935 112 69 sah
1768 1961 66 40 er
1987 1929 233 72 wieder
2262 1946 157 63 stieg
2452 1955 140 40 eine
2629 1921 430 82 Leuchtkugel

843 2032 136 69 und
1012 2030 297 71 blendete
1345 2028 235 70 fallend
1618 2054 106 39 —:
1759 2026 124 69 den
1911 2022 246 70 Feind..
2202 2021 232 68 Dichte
2462 2016 388 70 Kolonnen..
2897 2012 132 70 Offi-

844 2128 165 67 ziere
1042 2150 313 59 sprangen
1389 2152 126 39 von
1549 2117 400 84 erschöpften
1985 2114 317 71 Pferden..
2352 2107 451 73 Gewehrfeuer
2828 2106 196 70 durch-

846 2216 221 84 schlug
1093 2218 103 68 die
1224 2214 224 71 Stille..
1483 2211 253 71 Wieder
1760 2210 312 70 wuchtete
2099 2204 257 71 Dunkel
2377 2222 145 52 weit
2546 2201 136 69 und
2707 2199 355 85 angstvoll..

847 2309 255 71 Wieder
1162 2310 103 68 ein
1323 2305 221 85 greller
1591 2302 523 71 Fiammenbhtz..
2173 2298 165 70 Fern
2387 2294 265 86 grollten
2702 2294 361 69 Kanonen..

851 2403 165 70 Fern
1063 2402 189 70 liefen
1302 2398 346 71 Bataillone
1691 2397 266 70 Sturm..
2006 2394 160 69 Fern
2215 2418 127 44 war
2375 2385 523 88 Bajonettangriff
2931 2387 135 67 und

849 2496 379 68 Nahmord.,
1304 2492 149 70 maß
1515 2491 132 68 sich
1705 2484 436 74 Manneskraft
2187 2502 114 51 mit
2367 2479 484 73 Manneskraft..
2922 2509 97 38 um-

849 2589 338 83 schlangen
1230 2586 135 70 sich
1412 2583 249 79 Leiber,
1724 2580 290 86 ringend,
2058 2580 134 68 und
2235 2576 229 71 fielen..
2526 2575 261 68 Wieder
2829 2573 238 80 stiegen

851 2680 528 84 Leuchtkugeln..
1431 2677 217 70 Näher
1681 2676 144 70 kam
1858 2674 101 70 die
1992 2672 153 70 Wut
2180 2671 112 67 der
2326 2669 407 69 Geschütze..

942 2777 103 68 Da
1070 2774 322 71 schreckte
1417 2771 112 69 ihn
1556 2771 101 69 die
1684 2769 268 70 Stimme
1970 2765 111 70 des
2103 2763 321 69 Fräuleins
2451 2760 128 70 auf.
2618 2755 446 84 „Stimmt’s?“

851 2867 199 85 fragte
1083 2897 89 38 sie
1205 2867 171 76 leise,
1411 2863 110 70 auf
1554 2864 107 67 das
1698 2860 198 70 schon
1930 2859 202 83 längst
2166 2854 361 85 abgezählte
2563 2851 167 70 Geld
2765 2849 302 70 deutend.

853 2959 84 70 Er
980 2990 216 53 zwang
1234 2959 172 69 seine
1451 2956 417 69 abwesenden
1919 2952 232 76 Blicke,
2197 2947 555 71 zurückzukehren
2794 2944 134 67 und
2963 2940 109 71 auf

856 3055 148 68 dem
1037 3052 292 78 blanken,
1365 3050 246 69 flachen
1644 3044 214 72 Teiler
1892 3074 109 42 vor
2036 3044 133 69 ihm
2203 3072 78 39 zu
2315 3042 227 69 ruhen.

943 3147 195 69 Dann
1173 3146 150 81 ging
1356 3169 86 51 er,
1478 3141 104 70 die
1616 3140 230 70 beiden
1872 3164 278 57 sorgsam
2177 3132 445 85 eingepackten
2652 3128 378 71 Lebkuchen-

853 3253 266 56 männer
1153 3240 65 66 in
1253 3238 112 68 der
1399 3234 211 77 Hand,
1647 3231 108 70 auf
1788 3232 103 70 die
1923 3229 262 69 tosende
2221 3227 244 70 Strasse
2498 3225 254 68 zurück.

948 3333 126 68 Die
1124 3329 357 71 Menschen
1521 3326 424 70 schwammen
1994 3351 110 41 vor
2136 3351 239 40 seinem
2409 3319 174 71 Blick
2613 3348 116 41 wie
2763 3319 66 67 in
2864 3316 208 69 einem

854 3424 233 70 Nebel.
1147 3422 257 84 Signale
1453 3420 113 68 der
1618 3418 359 82 Fahrzeuge
2025 3413 204 71 trafen
2278 3414 113 69 ihn
2442 3412 159 72 hart.
2664 3409 84 70 Er
2796 3408 97 71 riß
2942 3405 131 71 sich

856 3517 305 85 plötzlich
1206 3542 389 42 zusammen.
1656 3511 415 69 Schleuderte
2121 3509 170 68 seine
2340 3506 193 69 Hand
2579 3535 78 38 an
2692 3503 102 69 die
2828 3500 245 70 Mütze.

857 3611 119 70 Ein
1028 3608 286 71 Offizier.
1368 3607 153 70 Sein
1567 3605 251 82 Körper
1869 3601 219 70 zuckte
2136 3602 63 67 in
2251 3602 205 67 einem
2507 3597 178 70 Ruck
2728 3626 110 38 aus
2874 3596 199 67 seiner

858 3704 308 72 schlaffen
1218 3701 285 83 Haltung
1547 3697 175 71 straff
1752 3696 154 70 auf.,
1957 3696 134 69 und
2132 3693 161 70 trieb
2328 3695 212 68 weiter
2573 3693 63 68 in
2678 3692 148 68 dem
2862 3687 213 70 Strom

856 3798 111 68 der
1002 3798 359 69 Passanten.

952 3888 417 72 Mechanisch
1418 3917 116 52 zog
1583 3912 66 42 er
1683 3885 104 69 die
1822 3883 160 70 Uhr.
2033 3879 536 71 Wahrscheinlich
2605 3876 144 70 kam
2784 3876 147 82 jetzt
2965 3874 110 68 da-
