3092 4572
980 405 95 53 Fr.
1108 404 83 52 W.
1472 405 53 52 Foerster
1526 424 70 24 *
1597 406 113 52 Der
1711 406 118 69 Weg

2471 404 59 59 31

268 616 327 72 Schadens
619 613 179 85 (statt
821 611 173 72 eines
1019 606 309 73 endlosen
1352 607 266 73 Streites
1642 640 114 40 um
1780 609 107 71 die
1910 609 631 89 Entschädigungen,

266 712 106 69 die
403 710 176 86 jeder
611 708 149 72 dem
795 705 243 72 andern
1073 701 366 87 auferlegen
1473 703 284 87 möchte)
1793 705 251 72 scheint
2077 725 193 52 etwas
2307 705 197 87 Utopi-

268 806 180 71 sches
481 837 80 39 zu
594 805 135 68 sein
762 801 138 71 und
931 800 222 71 würde
1183 797 170 71 doch
1384 799 189 72 allein
1606 801 320 71 imstande
1955 802 159 80 sein,
2150 801 127 71 den
2310 832 195 57 gegen-

268 901 262 84 seitigen
564 917 194 68 guten
792 894 254 80 Willen,
1082 895 62 84 ja
1176 893 364 87 überhaupt
1572 894 105 72 die
1708 895 415 86 europäische
2159 894 387 89 Gesinnung

268 1026 78 38 zu
373 1023 330 56 erzeugen,
731 990 169 70 ohne
924 989 106 71 die
1054 990 142 69 eine
1219 987 374 72 dauerhafte
1616 989 423 88 Beendigung
2061 989 211 74 dieser
2293 989 215 74 furcht-

268 1089 193 72 baren
496 1087 422 82 Entzweiung
951 1115 161 54 ganz
1144 1082 411 72 aussichtslos
1591 1086 102 69 ist.

353 1185 71 68 In
466 1181 115 71 der
624 1180 276 82 „Neuen
945 1178 288 71 Zürcher
1275 1176 318 87 Zeitung“
1639 1178 208 73 haben
1892 1180 209 71 neben
2145 1181 151 71 dem
2340 1180 203 73 schon

266 1280 286 70 zitierten
585 1274 310 73 Aufsatze
927 1276 65 69 in
1026 1274 127 71 den
1188 1274 233 69 letzten
1453 1272 289 73 Wochen
1778 1276 141 70 eine
1950 1305 200 56 ganze
2181 1275 202 73 Reihe
2416 1308 127 40 von

264 1374 288 68 Autoren
577 1369 622 72 übereinstimmend
1223 1369 105 70 die
1353 1366 482 88 Überzeugung
1855 1371 535 87 ausgesprochen,
2416 1370 130 74 daß

266 1498 149 40 man
440 1465 104 71 bei
569 1467 114 69 der
707 1464 281 72 Debatte
1012 1463 160 72 über
1196 1464 105 71 die
1326 1463 299 72 Technik
1647 1464 113 71 des
1788 1465 625 74 Friedensschlusses
2439 1468 108 70 die

266 1558 571 88 psychologischen
870 1559 138 71 und
1042 1557 424 73 moralischen
1502 1558 591 88 Vorbedingungen
2128 1559 121 73 viel
2283 1591 81 41 zu
2399 1561 147 71 sehr

264 1655 199 72 außer
491 1656 150 71 acht
666 1655 185 72 lasse.
905 1653 92 71 So
1025 1672 139 68 sagt
1193 1657 103 69 ein
1329 1653 384 88 ehemaliger
1743 1655 337 86 Diplomat
2109 1656 146 71 dort
2284 1656 89 85 (8.
2405 1656 141 72 Mai

278 1749 216 86 1916):

355 1903 55 21 ~.
437 1902 49 14 ..
509 1856 124 60 Wer
655 1856 161 60 heute
837 1856 255 59 ernstlich
1113 1856 107 59 den
1246 1856 228 59 Frieden
1497 1856 264 67 wünscht,
1783 1858 96 58 der
1902 1856 132 60 muß
2054 1856 115 60 sich
2190 1858 165 58 daher
2376 1859 136 58 unbe-

265 1938 154 70 dingt
454 1936 125 59 dem
616 1935 141 60 Rufe
792 1936 363 67 anschließen,
1192 1935 107 59 daß
1334 1935 261 60 zunächst
1629 1936 197 59 einmal
1860 1938 97 57 der
1992 1936 315 60 moralische
2345 1936 205 72 Kampf

265 2014 264 58 zwischen
562 2016 104 56 den
702 2015 372 73 Regierungen
1108 2015 115 59 und
1254 2016 106 58 den
1393 2014 235 60 Völkern
1660 2015 301 73 eingestellt
1992 2016 196 58 werde.
2239 2016 123 59 Erst
2392 2041 155 35 wenn

265 2095 174 57 dieser
461 2094 204 70 Kampf
683 2094 283 71 aufgehört
986 2095 110 65 hat,
1119 2095 133 57 wird
1271 2095 309 59 allmählich
1600 2097 273 71 dasjenige
1896 2095 373 59 Mindestmaß
2288 2121 106 34 von
2415 2097 99 58 Ver-

264 2188 188 42 trauen
482 2171 394 59 wiederkehren
908 2173 232 66 können,
1171 2174 94 56 das
1295 2174 88 57 die
1412 2173 176 61 wahre
1619 2174 480 71 „psychologische
2127 2174 423 74 Vorbedingung

265 2253 94 56 des
383 2250 413 59 Weltfriedens“
824 2251 188 59 bildet.
1054 2251 161 59 Denn
1239 2277 123 34 man
1385 2253 121 58 darf
1526 2253 114 58 sich
1663 2253 252 58 keinerlei
1940 2254 291 58 Illusionen
2255 2254 296 72 hingeben:

265 2329 74 58 So
359 2330 99 56 wie
476 2330 95 57 der
593 2329 165 72 Krieg
777 2331 145 58 seine
941 2330 339 71 Entstehung
1298 2331 127 58 dem
1442 2333 397 71 gegenseitigen
1860 2331 315 60 Mißtrauen
2197 2333 275 67 verdankt,
2491 2358 61 33 so

266 2408 139 57 kann
434 2408 96 57 der
558 2408 177 58 wahre
765 2409 190 57 Friede
984 2432 103 34 nur
1113 2409 94 58 auf
1233 2411 416 70 gegenseitigem
1679 2410 297 60 Vertrauen
2008 2411 261 60 beruhen.
2316 2411 234 74 Solange

268 2511 123 34 man
411 2486 112 58 also
542 2486 95 58 das
659 2486 312 59 Mißtrauen
994 2503 130 42 stets
1144 2489 197 57 wieder
1380 2512 106 34 von
1506 2514 197 33 neuem
1723 2490 203 66 schürt,
1948 2491 70 58 ist
2035 2491 139 58 auch
2194 2490 122 59 kein
2357 2491 193 60 Friede

268 2564 252 71 möglich.
557 2564 135 58 Man
710 2565 130 59 muß
856 2565 256 73 Achtung
1127 2566 139 59 auch
1282 2589 96 35 vor
1393 2568 126 57 dem
1538 2568 218 71 Gegner
1773 2570 114 57 und
1903 2570 185 57 seinen
2104 2570 445 71 Beweggründen

266 2643 285 59 bekunden
558 2691 14 18 ,
589 2669 154 33 wenn
762 2669 122 35 man
899 2646 198 58 wieder
1112 2648 98 56 mit
1224 2646 114 58 ihm
1352 2648 55 56 in
1422 2646 243 59 Verkehr
1676 2663 175 43 treten
1868 2649 119 58 soll.
2023 2649 193 58 Dieses
2230 2649 319 69 Vertrauen,

264 2723 147 57 diese
431 2721 256 74 Achtung
708 2723 127 58 aber
857 2725 133 56 wird
1014 2749 122 33 man
1160 2725 225 59 niemals
1407 2726 302 70 gewinnen,
1732 2751 156 34 wenn
1911 2752 124 34 man
2057 2729 108 57 den
2185 2729 226 71 eigenen
2432 2729 78 58 An-

264 2801 93 56 teil
382 2825 68 34 an
475 2801 96 59 der
597 2801 335 60 Weltschuld
957 2804 193 57 immer
1174 2805 199 57 wieder
1398 2829 66 35 zu
1491 2805 320 59 vertuschen
1837 2808 115 57 und
1977 2808 105 57 den
2110 2806 220 74 Gegner
2354 2809 196 58 immer

265 2880 196 56 wieder
485 2880 240 59 schlecht
751 2905 68 34 zu
847 2881 225 59 machen
1099 2883 177 58 sucht.
1322 2883 298 58 Vertrauen
1647 2885 218 57 erwirbt
1892 2885 114 59 sich
2033 2885 94 59 auf
2152 2886 97 59 der
2277 2886 142 59 Welt
2446 2909 104 37 nur

266 2959 112 63 der,
407 2959 97 57 der
529 2959 137 58 auch
696 2959 167 60 bereit
890 2963 86 64 ist,
1004 2961 496 60 Selbsterkenntnis
1526 2988 67 34 zu
1621 2964 145 58 üben
1794 2966 114 58 und
1936 2966 97 58 der
2058 2966 148 59 diese
2234 2966 316 60 moralische

264 3036 348 60 Bereitschaft
637 3039 137 58 auch
802 3039 267 71 praktisch
1099 3041 275 72 betätigt.“

346 3161 135 71 Auf
517 3163 105 71 die
660 3163 415 90 Herstellung
1112 3170 175 70 einer
1324 3168 263 73 solchen
1627 3171 427 74 moralischen
2091 3172 454 89 Atmosphäre,

266 3253 171 73 ohne
457 3256 105 71 die
586 3288 66 40 es
678 3259 103 71 bei
805 3262 174 70 einer
1003 3262 358 88 derartigen
1386 3264 453 89 Verwicklung
1861 3266 116 74 der
1997 3267 389 88 Ansprüche
2408 3269 139 72 und

269 3349 353 73 Interessen
644 3353 363 90 überhaupt
1028 3356 228 73 keinen
1281 3358 274 73 Frieden
1577 3361 207 87 geben
1807 3361 192 83 kann,
2025 3364 148 71 sind
2194 3364 121 72 alle
2334 3367 213 69 meine

269 3444 63 69 in
368 3444 241 71 diesem
646 3445 257 88 Kapitel
937 3453 289 70 zitierten
1262 3454 155 71 oder
1447 3454 478 88 abgedruckten
1959 3454 441 92 Äußerungen
2434 3490 74 56 ge-

268 3537 228 72 richtet
527 3568 287 56 gewesen
958 3575 117 40 vor
1106 3547 188 71 allem
1327 3548 165 73 auch
1525 3549 107 73 die
1660 3551 377 87 Anregung,
2072 3553 107 71 die
2211 3552 332 72 Ursachen

266 3631 115 71 der
406 3631 639 94 Völkerkatastrophe
1070 3641 181 71 nicht
1276 3673 231 41 immer
1533 3673 125 41 nur
1684 3645 104 72 bei
1814 3647 127 71 den
1968 3647 266 81 andern,
2264 3647 279 71 sondern

265 3726 164 71 auch
450 3728 232 72 einmal
704 3730 65 71 in
791 3730 114 72 der
925 3735 266 85 eigenen
1212 3736 516 90 Vergangenheit
1748 3744 139 70 und
1910 3745 87 69 im
2020 3745 267 84 eigenen
2307 3742 236 73 Wesen

265 3821 137 71 und
433 3821 340 74 Auftreten
806 3855 80 41 zu
919 3828 266 73 suchen.
1242 3830 136 72 Das
1411 3854 424 54 unerwartete
1865 3836 200 83 Echo,
2099 3838 113 71 das
2244 3840 146 84 jene
2420 3838 84 72 Be-

268 3915 420 89 trachtungen
730 3918 324 87 gefunden
1098 3921 231 86 haben,
1373 3925 133 74 läßt
1545 3929 173 71 mich
1762 3929 247 83 hoffen,
2052 3930 128 73 daß
2221 3932 103 71 ich
2366 3932 180 72 nicht
