3089 4572
2524 392 74 61 23

1018 401 89 52 Fr.
1145 400 83 53 W.
1263 401 247 51 Foerster
1561 419 21 23 ♦
1639 396 111 56 Der
1783 399 129 68 Weg

330 614 106 56 heit
463 611 113 57 und
600 611 94 57 das
722 606 220 60 Leben“
972 606 113 56 und
1113 604 162 64 „Was
1300 614 152 45 nützt
1478 626 54 32 es
1558 602 126 57 dem
1710 600 323 66 Menschen,
2060 624 154 34 wenn
2242 623 56 34 er
2322 600 86 57 die
2433 624 171 46 ganze

330 691 138 57 Welt
497 690 254 70 gewinnt,
781 687 128 58 aber
938 684 249 58 Schaden
1219 681 162 56 leidet
1411 705 64 33 an
1506 682 175 56 seiner
1709 679 227 59 Seele?“

419 770 124 57 Wer
570 770 113 56 sich
711 767 148 58 nicht
886 764 211 68 einfügt
1122 764 54 54 in
1206 762 103 56 den
1337 761 112 57 Bau
1477 785 91 33 um
1595 761 103 56 den
1726 760 251 58 Eckstein
2006 757 220 66 Christi,
2255 760 131 56 wird
2416 759 188 57 keinen

332 849 121 58 Teil
485 849 172 57 haben
687 872 86 31 am
805 845 233 57 höheren
1073 842 184 56 Leben
1289 841 111 56 und
1431 841 277 69 zugrunde
1736 840 194 71 gehen.

421 929 70 56 Es
519 929 69 56 ist
614 950 134 46 ganz
774 922 188 64 falsch,
994 921 121 57 Ihre
1141 919 444 69 Stellungnahme
1612 943 124 33 zum
1766 919 167 69 Krieg
1959 917 112 57 und
2100 939 95 35 zur
2221 916 385 70 europäischen

332 1006 192 59 Politik
547 1006 74 57 als
645 1000 348 62 antinational
1018 1025 65 32 zu
1110 999 354 63 bezeichnen;
1488 1000 319 68 diejenigen,
1832 1000 88 56 die
1943 997 94 57 das
2060 1011 118 50 tun,
2204 996 172 57 lassen
2401 1019 103 35 nur
2524 1018 56 35 er-

331 1086 229 62 kennen,
580 1084 104 58 daß
702 1084 162 54 ihnen
887 1081 120 56 Ihre
1023 1079 436 68 Anschauungen
1478 1077 241 70 gänzlich
1738 1076 310 58 unbekannt
2067 1076 140 57 sind.
2244 1076 191 57 Einem
2451 1075 157 70 jeden

335 1165 300 57 Menschen
660 1164 185 67 dräng?
876 1159 113 58 sich
1012 1160 128 67 jetzt
1165 1157 139 59 wohl
1328 1156 302 71 angesichts
1654 1157 96 56 der
1774 1155 202 59 Greuel
2000 1156 95 57 der
2120 1155 262 58 Gedanke
2406 1154 117 59 auf:
2550 1155 61 57 In

334 1244 227 58 welcher
583 1240 307 68 Beziehung
913 1239 143 57 steht
1079 1240 94 56 das
1195 1236 129 60 alles
1346 1260 124 33 zum
1493 1235 413 59 Christentum?
1950 1235 130 57 Und
2101 1235 66 57 da
2190 1236 68 56 ist
2279 1259 55 33 es
2357 1234 252 59 wahrlich

334 1322 120 58 kein
481 1320 362 65 Verbrechen,
870 1341 153 35 wenn
1049 1316 195 58 einmal
1270 1316 175 57 dieser
1472 1314 259 59 Gedanke
1755 1340 103 32 von
1886 1314 284 59 berufener
2193 1314 168 58 Stelle
2385 1315 53 56 in
2465 1314 147 57 seine

339 1402 433 68 Konsequenzen
796 1397 227 71 verfolgt
1047 1399 158 56 wird.
1262 1396 174 59 Wenn
1459 1395 86 58 ich
1569 1397 97 56 mit
1685 1396 216 67 jemand
1924 1395 166 57 Streit
2112 1394 153 66 habe,
2288 1418 59 34 so
2371 1394 132 57 muß
2524 1392 88 59 ich

336 1505 92 33 um
452 1504 124 34 zum
602 1479 227 58 Frieden
853 1503 67 33 zu
943 1477 273 65 kommen,
1262 1477 98 55 mit
1383 1476 96 56 der
1503 1472 181 60 Kritik
1708 1474 84 57 bei
1817 1476 102 56 mir
1939 1472 166 59 selbst
2129 1474 266 69 beginnen
2419 1472 194 70 (wobei

335 1561 98 56 der
457 1560 197 56 andere
679 1557 123 59 sehr
829 1556 141 59 wohl
997 1557 53 56 in
1079 1556 103 57 viel
1207 1555 284 71 größerem
1519 1552 245 60 Unrecht
1788 1554 214 58 stecken
2029 1552 138 57 kann
2195 1552 77 57 als
2297 1551 130 69 ich).
2470 1552 146 57 Aber

337 1640 157 56 beide
522 1636 213 60 können
763 1636 114 59 sich
905 1660 95 33 aus
1027 1636 97 57 der
1151 1634 392 71 Befangenheit
1569 1635 55 56 in
1653 1632 172 59 ihrem
1856 1632 92 59 Ich
1977 1655 104 34 nur
2109 1631 210 58 erlösen
2347 1656 94 33 um
2467 1634 148 54 eines

335 1717 396 70 gemeinsamen
753 1715 254 58 Höheren
1028 1714 196 58 willen.
1284 1714 69 57 Es
1374 1715 68 56 ist
1460 1738 60 31 so
1540 1711 122 58 kein
1682 1711 188 58 Verrat
1888 1736 66 33 an
1977 1711 102 57 mir
2096 1710 167 58 selbst
2282 1711 113 57 und
2415 1711 203 57 meiner

339 1796 190 65 Sache,
553 1820 153 33 wenn
730 1795 85 58 ich
839 1794 260 59 zunächst
1120 1792 278 71 sorgfältig
1421 1794 142 55 mein
1590 1791 278 58 Gewissen
1891 1789 289 59 erforsche.
2225 1790 130 57 Und
2376 1789 105 59 daß
2504 1789 114 58 sich

337 1876 56 56 in
421 1898 250 34 unserem
698 1875 288 57 Vaterland
1013 1874 174 57 dieses
1216 1872 278 59 Gewissen
1522 1885 181 44 zuerst
1727 1871 218 61 meldet,
1972 1871 99 56 wie
2096 1894 56 32 es
2178 1871 128 67 jetzt
2330 1867 171 59 durch
2529 1869 91 57 Sie

339 1955 294 70 geschieht,
651 1969 139 43 trotz
807 1978 61 33 so
884 1954 194 71 großer
1094 1951 496 72 Schwierigkeiten,
1609 1952 94 57 das
1720 1951 234 57 rechnen
1974 1951 96 56 wir
2086 1973 102 35 uns
2206 1971 94 36 zur
2316 1949 304 59 nationalen

341 2034 141 56 Ehre
510 2058 88 33 an.
1629 2030 108 58 Mit
1765 2029 368 71 vorzüglicher
2162 2027 392 70 Hochachtung

1738 2109 139 71 (gez.
1930 2107 99 59 Dr.
2054 2107 79 66 S.,
2162 2107 293 59 Stabsarzt.

2319 2281 236 59 Westen.

439 2443 11 11 .
478 2441 12 13 .
516 2443 13 11 .
552 2396 119 58 Ihre
689 2396 332 71 Auffassung
1038 2420 103 34 von
1162 2396 400 57 Deutschlands
1581 2393 251 67 Mission,
1851 2418 103 35 von
1972 2393 430 60 Bismarckscher
2419 2392 209 66 Politik,

345 2477 94 56 das
464 2477 69 53 ist
557 2477 50 66 ja
631 2498 59 33 so
717 2476 177 57 meine
918 2476 101 55 seit
1042 2473 358 69 Jahrzehnten
1427 2472 168 58 selbst
1618 2473 316 70 geschöpfte
1960 2468 422 76 Überzeugung,
2406 2471 107 59 daß
2537 2472 88 57 ich

346 2576 103 34 nur
477 2553 136 57 Gott
640 2553 152 66 bitte,
819 2576 57 34 er
901 2553 155 57 wolle
1083 2553 142 57 mich
1253 2554 105 56 den
1389 2553 166 69 Krieg
1581 2552 293 58 überleben
1902 2552 192 66 lassen,
2122 2553 169 56 damit
2316 2551 88 59 ich
2430 2551 198 58 einmal

346 2633 93 57 das
467 2632 179 58 Glück
670 2632 154 67 habe,
850 2633 97 57 mit
974 2632 167 57 Ihnen
1168 2632 136 57 über
1325 2632 148 57 diese
1497 2631 207 57 Punkte
1728 2656 66 33 zu
1820 2631 262 69 sprechen
2110 2678 12 11 .
2148 2676 50 12 ..

1375 2783 56 20 »...
1452 2742 219 60 .Oberst
1700 2744 112 57 und
1844 2742 718 71 Regimentskommandeur.

1475 2918 41 40 »

435 3060 134 72 Das
609 3093 159 54 ganz
809 3061 401 88 Eigenartige
1249 3064 137 69 und
1427 3062 418 87 Ergreifende
1886 3065 64 68 in
1993 3062 79 71 all
2115 3064 220 69 diesen
2377 3061 257 72 Briefen

353 3154 150 85 liegt
523 3155 339 71 zweifellos
884 3156 204 82 darin,
1113 3155 129 72 daß
1262 3187 113 40 aus
1398 3158 195 69 ihnen
1619 3156 300 73 keinerlei
1944 3156 404 87 persönliche
2373 3155 225 88 Kriegs-

354 3249 353 85 müdigkeit
746 3252 139 71 und
924 3250 352 74 Schwäche
1315 3253 266 85 spricht,
1625 3254 88 69 im
1757 3252 362 87 Gegenteil,
2162 3253 106 71 die
2307 3252 328 71 Verfasser

354 3342 278 85 gehören
673 3347 119 68 mit
833 3375 231 56 ganzer
1104 3346 185 72 Seele
1331 3348 114 70 der
1487 3347 236 71 Pflicht
1764 3379 102 49 an,
1911 3348 105 71 die
2060 3348 195 72 ihnen
2298 3346 338 72 innerhalb

354 3436 207 70 dieser
595 3437 455 88 Welttragödie
1083 3441 311 86 auferlegt
1430 3443 101 79 ist,
1569 3445 92 67 sie
1695 3442 315 86 sprechen
2047 3441 166 72 auch
2249 3441 385 85 keineswegs

356 3530 106 70 die
483 3530 285 86 Sprache
791 3532 112 71 des
928 3555 438 66 sogenannten
1395 3536 502 81 „Pazifismus“;
1925 3537 107 71 die
2058 3535 579 87 Kriegseindrücke

358 3624 208 71 haben
594 3625 168 71 wohl
790 3627 163 72 allzu
984 3629 230 72 bittere
1242 3629 261 73 Zweifel
1534 3662 80 40 an
1644 3631 115 71 der
1788 3633 553 69 Menschennatur
2369 3633 66 68 in
2466 3630 171 71 ihrer

360 3718 182 71 Seele
581 3739 206 66 erregt
947 3721 333 86 jedenfalls
1322 3725 303 71 kommen
1667 3727 140 71 ihre
1846 3727 221 71 Worte
2107 3756 113 42 aus
2261 3727 174 68 einer
2476 3754 161 56 ganz

360 3814 277 71 anderen
674 3814 189 83 Welt,
901 3817 90 70 als
1030 3847 66 41 es
1135 3819 316 87 diejenige
1489 3821 212 71 hinter
1738 3821 116 71 der
1892 3821 199 71 Front
2131 3822 111 70 ist:
2282 3818 82 72 Es
2405 3822 102 79 ist,
2546 3819 91 71 als

360 3939 188 40 wenn
577 3911 91 68 sie
694 3940 121 39 uns
847 3930 251 66 sagten:
1132 3912 182 81 „Wir
1343 3914 224 72 stehen
1597 3918 153 81 jetzt
1781 3917 89 70 im
1903 3914 271 72 Dienste
2204 3914 115 72 der
2349 3914 288 72 militäri-
