3175 4572
907 428 188 53 Andre
1123 429 206 55 Suares
1385 448 22 24 *
1460 425 142 61 Über
1631 436 223 54 Charles
1879 439 190 70 Peguy

2554 441 65 61 51

352 634 369 70 Pharisäern
741 631 137 73 und
899 631 514 75 Duckmäusern.
1459 635 138 72 Der
1617 639 228 85 größte
1866 641 139 71 und
2025 645 328 85 geistigste
2376 645 207 75 Katho-

352 728 103 81 lik,
500 728 123 71 den
665 726 101 72 ich
808 744 188 54 unter
1036 725 125 71 den
1205 726 302 88 heutigen
1547 732 229 83 kenne,
1819 756 177 66 sagte
2035 739 126 70 mir
2202 742 174 70 eines
2419 740 205 89 Tags:

354 822 188 80 „Was
575 823 80 69 ist
685 822 111 70 das
826 822 133 70 also
990 822 118 68 mit
1137 819 264 88 Peguy?
1455 823 148 74 Was
1635 828 127 71 will
1795 837 114 63 er?
1963 831 195 72 Seine
2191 832 256 74 Kinder
2475 839 148 70 sind

350 916 175 70 nicht
571 914 228 72 einmal
848 914 263 85 getauft,
1159 917 138 70 und
1344 945 69 43 er
1457 921 338 85 empfiehlt
1841 928 91 68 sie
1979 927 150 71 dem
2177 927 285 75 Schutze
2506 933 117 70 der

349 1010 268 85 heiligen
639 1008 333 85 Jungfrau.
1009 1008 136 71 Das
1169 1012 81 69 ist
1273 1013 125 69 mir
1418 1020 591 72 unverständlich.“
2048 1022 221 87 Peguy
2289 1054 130 43 war
2442 1029 179 71 nicht

346 1134 70 39 so
445 1105 145 68 sehr
615 1134 113 39 aus
759 1104 187 80 Rom,
977 1104 89 71 als
1095 1135 113 41 aus
1241 1104 270 76 Orleans
1540 1111 138 71 und
1706 1143 115 42 aus
1850 1113 195 76 Paris.
2100 1118 88 71 Er
2217 1120 176 71 hatte
2426 1142 192 53 etwas

345 1228 122 39 von
502 1200 186 83 jenen
725 1198 166 69 alten
932 1198 381 83 Franzosen,
1353 1203 107 71 die
1494 1206 158 81 sich,
1692 1237 115 42 vor
1842 1210 116 71 der
1995 1212 444 75 Reformation
2478 1220 139 70 und

341 1292 146 68 dem
514 1292 524 72 tridentinischen
1067 1293 258 84 Konzil,
1353 1298 126 70 den
1507 1299 288 74 direkten
1826 1303 289 75 Kontakt
2139 1312 120 68 mit
2287 1309 165 74 Gott
2476 1316 140 70 und

337 1383 181 83 Jesus
545 1383 294 74 Christus
864 1388 306 72 wahrten.
1221 1389 326 88 Nirgends
1574 1398 167 84 zeigt
1766 1397 136 72 sich
1928 1400 208 73 dieses
2162 1402 234 74 Wesen
2423 1407 152 73 deut-

336 1477 197 70 licher
559 1478 89 70 als
679 1481 89 68 im
799 1481 135 71 Fall
966 1482 113 70 der
1108 1482 241 84 Jeanne
1379 1485 219 75 d’Arc.
1653 1490 110 72 Sie
1794 1497 371 84 verweigert
2194 1499 127 71 den
2355 1500 213 75 Gehor-

335 1600 155 41 sam.
556 1571 195 72 Hätte
791 1577 91 69 sie
923 1577 329 84 gehorcht,
1296 1610 71 41 so
1410 1581 178 73 hätte
1628 1587 93 69 sie
1761 1589 211 71 nichts
2015 1591 376 77 vollbracht.
2458 1596 151 73 Den

332 1668 285 83 einzigen
639 1665 159 90 Tag,
822 1702 99 40 wo
940 1703 93 39 sie
1051 1673 183 72 ihren
1258 1674 362 76 Gehorsam
1644 1680 318 75 beweisen
1978 1687 204 81 sollte,
2202 1693 408 84 verweigerte

331 1789 90 40 sie
454 1760 133 71 ihn.
650 1761 155 73 Und
839 1796 91 40 sie
963 1768 174 71 starb
1172 1769 124 71 den
1335 1770 343 85 Feuertod,
1715 1778 221 71 indem
1972 1811 92 39 sie
2096 1783 137 71 sich
2269 1784 199 73 selbst
2504 1789 106 70 die

330 1850 209 74 Strafe
558 1857 169 70 ihrer
749 1857 294 75 Ketzerei
1066 1864 263 83 erteilte,
1352 1867 206 74 dieses
1581 1871 149 71 sehr
1748 1873 280 73 sublime
2040 1877 198 86 junge
2251 1878 354 78 Mädchen.

407 1946 161 72 Man
599 1949 173 72 bilde
798 1955 135 69 sich
963 1957 179 71 nicht
1170 1960 125 80 ein,
1323 1960 245 83 Jeanne
1596 1963 199 74 d’Arc
1826 1970 91 68 sei
1948 1968 106 72 für
2081 1968 222 91 Peguy
2330 1976 104 70 ein
2464 1977 113 72 lite-

327 2042 304 71 rarisches
667 2043 202 87 Sujet.
929 2049 240 83 Jeanne
1205 2055 43 68 d
1271 2055 132 71 Are
1438 2076 83 53 ist
1556 2090 136 41 sein
1732 2061 456 88 Lebenswerk,
2227 2071 176 69 seine
2436 2073 126 71 Auf-

324 2134 178 82 gabe,
540 2167 177 40 seine
750 2140 300 76 Mission.
1112 2148 88 69 Er
1236 2149 393 76 betrachtete
1664 2158 136 71 sich
1837 2162 273 81 gesandt
2146 2165 138 70 und
2320 2167 282 82 geboren

324 2240 88 55 iüi
460 2229 238 82 Jeanne
731 2234 43 70 d
797 2234 150 84 Are,
981 2268 122 41 wie
1133 2242 299 81 Joinville
1466 2247 106 71 für
1605 2250 128 70 den
1770 2253 277 84 heiligen
2085 2256 301 81 Ludwig.
2445 2262 155 72 Sein

322 2341 192 52 erstes
548 2324 207 84 Buch,
793 2333 118 67 mit
944 2333 79 69 25
1060 2334 255 84 Jahren,
1356 2342 82 70 ist
1473 2346 141 68 eine
1648 2347 245 83 Jeanne
1926 2349 222 75 d’Arc.
2209 2353 88 71 Er
2325 2291 277 150 gestand

319 2443 141 53 mir,
496 2419 127 70 daß
656 2449 67 41 er
752 2427 136 67 sein
921 2457 229 54 ganzes
1186 2431 222 75 Leben
1442 2437 163 71 über
1635 2441 244 82 Jeanne
1911 2443 199 74 d’Arc
2142 2479 82 41 zu
2259 2451 340 75 schreiben

316 2512 303 80 gedenke,
647 2513 182 74 sollte
853 2546 67 41 er
946 2520 279 75 hundert
1247 2525 191 84 Jahre
1461 2531 88 71 alt
1573 2536 281 71 werden.
1903 2536 307 92 Zwanzig
2233 2546 140 70 und
2397 2548 203 73 selbst

314 2610 247 80 dreißig
598 2610 234 71 andere
871 2612 221 74 Bände
1131 2620 376 76 schreckten
1550 2629 112 70 ihn
1705 2631 202 73 nicht.
1972 2634 87 72 Er
2099 2640 304 73 widmete
2443 2644 152 74 alles

411 2791 13 11 *
854 2802 13 11 •

979 2709 44 70 d
1045 2710 151 74 Are.
1259 2714 87 72 Er
1384 2719 362 76 übersetzte
1782 2725 154 73 alles
1977 2730 66 70 in
2085 2733 245 84 Jeanne
2369 2736 221 86 d’Arc,

311 2808 290 67 steigerte
628 2826 65 40 es
718 2828 66 41 m
813 2831 140 40 eine
980 2804 239 74 höhere
1245 2809 292 78 Realität.
1587 2818 246 84 Jeanne
1856 2822 203 75 d’Arc
2085 2859 129 42 war
2241 2830 107 73 für
2374 2833 221 89 Peguy

308 2893 232 62 zuletzt
578 2893 111 66 das
730 2918 415 59 passionierte
1184 2902 386 79 Frankreich
1611 2913 66 70 in
1718 2918 212 69 seiner
1968 2920 317 76 höchsten
2329 2926 220 86 Gegen-

308 2997 173 51 wart.
537 2983 137 70 Der
704 2988 212 71 wahre
949 2991 219 75 Christ
1200 2997 133 73 lebt
1365 3005 456 77 unaufhörlich
1855 3015 66 69 in
1955 3016 116 71 der
2104 3019 264 76 Passion
2402 3025 151 85 Jesu-

309 3082 257 63 vJinsti.
614 3082 218 83 Peguy
853 3087 174 70 ward
1051 3091 179 71 nicht
1254 3098 198 69 müde
1475 3131 83 39 zu
1582 3101 189 75 leben
1798 3109 67 70 in
1892 3109 115 72 der
2030 3111 266 79 Passion
2321 3150 268 43 unserer

307 3178 205 57 lieben
545 3178 376 71 streitbaren
957 3180 168 74 Frau
1160 3216 125 43 von
1321 3188 295 80 Orleans.

514 3352 51 54 t?
563 3292 33 38 e
600 3294 100 112 !T
744 3272 214 71 anden
958 3305 64 101 T
1220 3280 77 72 ke
1302 3341 14 23 ’
1363 3288 178 71 seine
1583 3291 399 90 Pamphlete,
2029 3302 550 95 Abhandlungen,

307 3438 160 63 Käm
761 3446 28 55 f
655 3386 189 40 66
694 3453 33 37 j
750 3453 44 48 q
810 3393 40 40 ll
836 3458 14 13 ,
890 3369 134 70 Slck
1065 3373 136 128 se^
1206 3396 58 51 st
1301 3382 139 70 und
1480 3385 163 71 über
1681 3391 136 71 sich
1859 3395 221 84 selbst,
2122 3402 148 71 sind
2309 3434 126 42 nur
2473 3409 106 71 die

379 3533 64 8 _
474 3444 108 84 pfe
598 3453 133 69 und
747 3453 437 84 Scharmützel
1202 3470 114 71 der
1332 3473 276 91 heiligen
1626 3481 244 84 Jeanne
1885 3490 90 71 im
1992 3491 104 74 20.
2113 3494 459 84 Jahrhundert.

319 3552 246 132 .rV
649 3574 81 110 'f
735 3577 38 38 °
779 3577 26 41 S
806 3579 150 105 bT
961 3582 28 41 r
1020 3587 68 41 Cr
1116 3559 44 71 d
1160 3590 71 94 £r
1261 3595 41 56 §
1304 3567 82 71 et,
1388 3597 196 49 orene
1614 3574 361 82 Häretiker.
2031 3585 129 73 Die
2191 3590 269 76 Häresie
2490 3597 84 71 ist

291 3719 73 71 in
382 3727 219 63 e,W
603 3668 41 38 n
645 3640 67 150 /
715 3673 53 39 el
768 3734 56 56 p
801 3643 56 71 R
865 3740 41 50 r
921 3679 81 78 ,?I
1005 3681 165 109 °"'i
1171 3656 128 73 Der
1317 3661 86 129 P
1408 3668 168 74 aube
1596 3673 84 72 ist
1701 3704 88 53 es,
1812 3679 117 71 der
1947 3681 107 74 die
2069 3681 241 79 Ketzer
2328 3691 239 74 macht.

768 3734 287 92 Rehgion
1076 3750 137 83 gibt
1231 3783 66 43 es
1314 3755 188 76 keine
1518 3762 340 82 Häretiker
1881 3775 206 74 mehr.
2122 3778 71 73 In
2214 3780 353 89 Wahrheit,

286 3907 236 76 Ketzer
545 3917 157 66 ders
1114 3874 38 41 “
1190 3938 66 45 n
1299 3882 216 101 feiner
1548 3859 401 91 Religionen,
1985 3902 124 41 nur
2142 3877 176 73 einer
2353 3882 214 73 nicht:

354 3930 168 53 etzer
545 3920 114 68 der
674 3925 493 84 sozialistischen
1187 3938 313 94 Doktrin;
1528 3950 239 79 Ketzer
1789 3960 117 72 der
1922 3963 375 90 Sorbonne;
2325 3971 239 78 Ketzer
