3233 4572
1103 403 94 54 Fr.
1230 404 83 53 W.
1356 407 248 54 Foerster
1658 424 22 27 *
1731 410 114 55 Der
1877 412 128 72 Weg

2658 422 34 59 3

406 602 244 72 Bindung
672 605 95 57 mit
787 605 106 57 den
913 629 66 33 an
1003 604 333 61 Hochverrat
1355 612 336 66 grenzenden
1713 612 431 75 Extravaganzen
2164 622 95 58 der
2279 623 409 76 Schönerianer)

401 680 94 59 auf
522 682 86 58 die
637 682 309 60 Deutschen
976 674 333 70 Österreichs
1328 685 93 59 fiel
1571 694 108 57 das
1702 694 153 60 Hann
1884 698 152 58 doch
2050 723 109 35 nur
2169 708 239 66 jemand
2427 707 260 80 leugnen,

401 765 103 56 der
519 768 73 53 im
612 762 231 62 Kausch
862 769 103 54 des
984 769 232 74 eigenen
1236 765 358 83 Empfindens
1604 773 120 57 sich
1736 797 90 36 um
1836 773 226 81 fremde
2081 779 372 84 Wlißgefühle
2470 793 118 52 und
2597 812 90 36 um

438 838 807 84 fataleKüchwirhungen
1246 850 97 55 seines
1344 847 142 61 <Cuns
1502 852 320 72 überhaupt
1838 859 151 57 nicht
2005 859 282 61 hämmern
2304 864 128 61 will.
2516 866 167 59 Darin

399 920 137 57 weiß
559 920 86 59 ich
665 920 295 59 zahlreiche
978 937 124 54 gute
1117 922 275 63 Deutsche
1408 914 352 84 Österreichs,
1788 933 288 62 besonders
2102 939 94 59 der
2217 942 200 70 jungen
2446 943 205 62 Genera-

396 1000 133 64 tion,
540 1023 102 33 von
661 999 196 58 Grund
871 1024 95 33 aus
982 1000 92 59 auf
1091 1004 203 57 meiner
1308 1005 164 59 Seite.
1495 1005 123 60 Was
1634 1010 137 59 wohl
1788 1013 88 58 die
1883 1014 384 64 Alldeutschen
2283 1040 182 54 gesagt
2481 1024 201 68 hätten,

397 1102 153 33 wenn
570 1079 88 56 die
679 1078 388 61 Serbokroaten
1089 1083 192 60 immer
1298 1087 87 57 die
1406 1085 268 63 serbische
1691 1089 453 78 Nationalhymne
2158 1125 271 48 gesungen
2462 1104 181 59 hätten
2657 1111 25 52 ?

396 1157 61 57 In
479 1179 144 35 einer
642 1157 541 71 hochkomphzierten
1208 1163 315 70 politischen
1543 1167 284 71 Situation,
1851 1197 98 36 wie
1970 1200 55 33 es
2043 1178 88 57 die
2144 1183 435 60 österreichische
2593 1200 87 52 ist,

395 1258 81 33 wo
494 1234 127 57 alles
639 1235 175 57 davon
833 1237 254 72 abhängt,
1107 1242 107 57 daß
1234 1267 122 36 man
1376 1245 135 58 über
1528 1247 105 58 den
1653 1247 577 78 Völkerzwistigkeiten
2248 1285 67 33 an
2333 1262 87 57 ein
2439 1266 205 67 gemein-

391 1336 173 34 sames
607 1313 202 59 Staats-
852 1318 113 57 und
1008 1318 501 76 Vaterlandsgefühl
1549 1328 325 69 appellieren
1916 1332 159 70 kann,
2118 1337 69 58 da
2229 1339 130 59 muß
2401 1343 139 57 auch
2582 1343 96 59 der

390 1390 282 70 politische
706 1394 216 72 Gesang
955 1397 136 69 (und
1126 1399 289 62 besonders
1451 1404 84 59 bei
1568 1407 196 68 denen,
1798 1412 89 57 die
1919 1413 113 58 sich
2066 1416 75 58 als
2174 1417 265 62 führende
2473 1422 200 60 Nation

388 1469 188 60 fühlen
607 1474 113 57 und
749 1474 75 57 als
856 1474 362 75 Hauptträger
1247 1482 94 58 des
1371 1483 380 62 Staatswesens
1782 1491 175 68 gelten
1989 1494 241 71 wollen!)
2258 1499 54 56 ln
2343 1501 103 58 den
2479 1502 195 58 Dienst

387 1548 94 58 des
521 1549 317 70 politischen
879 1553 199 61 Taktes
1116 1560 113 56 und
1270 1562 95 57 der
1402 1564 455 62 staatsbildenden
1898 1571 256 60 Weisheit
2191 1590 190 54 treten,
2422 1595 125 44 statt
2584 1583 85 57 ein

386 1626 255 72 Ärgernis
673 1633 114 57 und
816 1658 87 33 ein
937 1633 220 62 Mißton
1190 1638 87 60 für
1305 1642 159 67 jeden
1495 1668 67 33 zu
1592 1647 135 66 sein,
1759 1648 125 58 dem
1915 1675 88 34 am
2033 1652 313 63 Wachstum
2376 1659 94 58 des
2503 1672 139 46 öster-

385 1710 329 59 reichischen
743 1712 479 73 Staatsgedankens
1249 1720 219 73 gelegen
1496 1723 124 58 ist.“

467 1835 156 84 Das,
667 1869 125 42 was
835 1842 103 70 ich
980 1844 137 71 hier
1158 1847 114 72 der
1313 1852 570 75 österreichischen
1925 1858 255 87 Jugend
2221 1885 218 67 gesagt
2480 1868 187 84 habe,

383 1930 112 70 das
538 1952 82 50 tst
661 1966 206 53 genau
910 1938 115 71 der
1065 1941 245 85 gleiche
1354 1944 142 82 Rat,
1542 1948 127 72 den
1714 1949 329 76 Bismarck
2084 1987 82 41 zu
2208 1960 459 77 wiederholten

382 2026 221 72 malen
637 2034 304 70 warnend
974 2034 124 72 den
1134 2035 817 85 Deutsch-Österreichern
1984 2057 514 82 ausgesprochen
2532 2059 132 73 hat.

378 2118 178 72 Aber
587 2124 143 83 jene
762 2128 212 70 meine
1004 2128 378 88 Ansprache
1415 2137 66 71 in
1516 2138 116 71 der
1670 2139 397 78 Universität
2100 2146 187 75 Wien
2321 2153 139 70 und
2494 2155 169 71 noch

378 2214 184 70 mehr
606 2217 114 71 der
769 2220 343 86 Umstand,
1161 2227 127 71 daß
1335 2233 171 69 mein
1552 2233 237 88 Appell
1839 2269 126 42 von
2013 2241 115 72 der
2173 2250 489 72 versammelten

376 2311 252 82 Jugend
664 2333 118 52 mit
819 2331 382 74 einmütiger
1237 2321 460 94 Zustimmung
1731 2333 501 86 aufgenommen
2271 2344 242 81 wurde,
2553 2345 109 73 hat

374 2405 106 66 die
523 2409 565 75 österreichischen
1131 2415 464 78 Alldeutschen
1641 2456 66 39 m
1755 2458 145 42 eine
1942 2461 73 40 so
2058 2433 602 79 außerordentliche

373 2494 417 94 Erbitterung
825 2534 202 58 gegen
1065 2510 174 71 mich
1279 2514 324 84 gebracht,
1644 2518 130 74 daß
1811 2524 94 70 sie
1943 2527 124 68 mir
2104 2532 121 67 seit
2262 2533 177 83 jener
2479 2533 179 74 Rede

372 2594 366 88 unablässig
771 2598 114 71 auf
917 2601 124 71 den
1082 2603 235 75 Fersen
1354 2611 147 71 sind
1516 2644 17 49 ;
1568 2644 177 42 einer
1779 2617 172 72 ihrer
1985 2620 527 80 Parlamentarier
2546 2631 111 71 hat

419 2773 57 27 2—'S
683 2787 13 13 .
1284 2800 12 11 .
1421 2800 14 20 i

1445 2738 28 39 s
1524 2707 212 89 (Jena)
1784 2715 457 76 erschienenen
2292 2721 363 76 Broschüre

371 2788 410 72 „Österreich
809 2791 162 71 nach
999 2794 149 71 dem
1178 2795 281 90 Kriege“
1488 2802 106 72 die
1623 2804 490 94 Unterstellung
2136 2821 516 83 ausgesprochen

364 2882 346 82 (natürlich
733 2913 280 57 anonym
1032 2888 65 85 I),
1121 2891 104 71 ich
1248 2895 89 69 sei
1361 2896 169 72 wohl
1556 2929 125 42 von
1705 2901 168 73 oben
1901 2904 438 83 „bestochen“
2365 2917 284 72 worden.

364 2974 198 67 Diese
589 2974 229 74 Kreise
842 2978 208 75 haben
1078 2983 171 73 denn
1275 2990 166 72 auch
1468 2995 258 72 meinen
1751 2997 247 75 Artikel
2028 3002 403 81 „Bismarcks
2459 3009 190 74 Werk

363 3092 89 42 im
486 3072 231 70 Lichte
749 3073 114 71 der
895 3077 517 84 großdeutschen
1451 3084 258 77 Kritik“
1746 3095 89 69 im
1869 3095 377 85 Januarheft
2279 3102 221 89 (1916)
2535 3109 113 69 der

418 3167 445 72 nedenswarte
893 3194 212 50 zuerst
1134 3177 425 89 aufgegriffen
1594 3189 137 69 und
1760 3191 422 86 angegriffen,
2216 3200 137 70 und
2382 3230 168 42 zwar
2578 3205 65 69 in

359 3249 115 72 der
519 3255 192 74 Form
757 3294 174 41 eines
979 3266 329 83 „Offenen
1352 3275 290 75 Briefes“
1690 3284 66 68 in
1803 3285 116 71 der
1963 3288 258 73 Wiener
2265 3293 375 76 Deutschen

358 3350 639 95 Hochschulzeitung
1020 3363 189 83 (Heft
1234 3368 148 76 9/10
1413 3371 204 88 1916),
1644 3380 201 70 worin
1873 3383 288 73 einzelne
2184 3385 189 75 Sätze
2396 3393 243 70 meines

353 3456 278 60 Artikels
673 3456 178 65 nicht
893 3484 124 41 nur
1055 3488 114 42 aus
1211 3463 150 72 dem
1403 3464 569 99 Zusammenhang
2011 3483 303 83 gerissen,
2358 3487 277 71 sondern

400 3564 44 79 V
448 3564 20 41 1
484 3599 76 10 ™
590 3570 77 97 p
669 3572 67 41 sc
739 3549 212 70 hickte
979 3549 648 102 Zusammenfügung
1656 3570 322 73 einzelner
2008 3572 426 93 Wendungen
2465 3581 169 72 ihres

352 3639 367 68 wirklichen
743 3639 232 75 Sinnes
999 3677 66 40 in
1089 3650 232 76 höchst
1342 3656 285 88 illoyaler
1651 3661 212 76 Weise
1886 3666 272 76 beraubt
2179 3675 260 71 worden
2462 3679 169 71 sind.

357 3735 138 61 Von
523 3735 137 64 hier
684 3761 112 42 aus
823 3765 153 59 ging
999 3741 116 71 der
1142 3741 170 77 Text
1336 3751 67 69 in
1431 3754 103 70 ein
1564 3755 331 89 Flugblatt
1920 3763 112 71 des
2060 3768 120 68 mit
2205 3768 125 71 den
2358 3770 239 73 alldeut-

350 3832 196 60 schen
588 3832 584 77 Wodansanbetern
1209 3872 66 40 m
1312 3839 369 84 Österreich
1718 3854 206 72 durch
1959 3858 106 71 die
2100 3860 291 75 Los-von
2429 3865 151 74 Rom-

405 3947 307 59 ewegung
738 3954 124 56 eng
886 3928 307 75 alliierten
1222 3936 504 90 Evangelischen
1757 3949 261 75 Bundes
2048 3955 189 83 über;
2267 3990 65 40 es
2360 3963 266 72 wurden
