3341 4572
1349 376 226 56 Glossen

2563 382 68 59 75

302 597 123 59 Fest
480 592 145 58 steht
679 593 311 68 immerhin,
1045 595 108 58 daß
1210 620 55 33 es
1319 597 126 60 dem

299 677 196 59 Poeten
542 671 250 67 beliebte,
838 672 231 60 überaus
1114 676 332 71 eigensinnig

298 780 68 34 zu
387 751 305 61 verfahren.
735 751 221 61 Warum
975 769 78 43 tat
1072 776 59 37 er
1150 753 135 60 das?
1307 753 138 63 Hm!

367 833 174 59 Wenn
567 831 117 60 sich
712 831 398 61 bewahrheiten
1138 833 174 68 sollte,
1338 859 107 35 was

296 915 175 68 einige
489 911 172 60 Leute
675 911 296 72 behauptet
985 913 176 59 haben
1177 915 113 58 und
1304 915 141 59 noch

296 996 194 57 immer
515 991 328 71 behaupten,
870 993 255 68 nämlich,
1152 992 106 60 daß
1284 1018 161 35 unser

297 1071 145 61 Held
479 1071 114 58 und
627 1071 374 70 jugendlicher
1039 1072 304 60 Liebhaber
1379 1098 67 35 zu

294 1155 149 57 einer
463 1150 139 67 Zeit,
623 1175 85 34 wo
725 1174 58 35 er
801 1151 76 60 als
898 1151 179 61 flotter
1095 1155 114 57 und
1228 1152 190 73 pflicht-

296 1232 212 70 eifriger
576 1230 466 62 Hilfsbuchhalter
1108 1232 94 60 auf
1269 1235 176 58 einem

294 1311 300 70 Transport
608 1310 666 72 -Versicherungsinstitut
1351 1312 62 59 be-

293 1390 253 71 schäftigt
579 1414 124 44 war,
738 1391 94 58 auf
863 1391 179 60 Fließ-
1074 1393 132 59 oder
1238 1392 172 60 Lösch-

296 1471 202 71 papier,
518 1471 100 57 wie
636 1495 125 33 man
780 1495 57 34 es
854 1470 91 59 für
960 1471 156 62 dicke
1136 1471 278 60 Folianten-

296 1548 203 60 bücher
536 1550 114 58 und
688 1550 395 72 Hauptbücher
1120 1553 322 66 verwendet,

292 1631 89 58 die
447 1627 183 73 Köpfe
698 1632 177 57 seiner
931 1631 208 60 Herren
1204 1632 206 59 Bureau-

293 1708 241 70 kollegen
560 1708 489 73 beziehungsweise
1073 1711 208 60 Herren
1305 1711 105 60 Vor-

292 1804 269 56 gesetzten
598 1788 364 69 abzeichnete,
998 1791 291 71 gleichsam
1323 1793 121 58 eine

294 1868 489 60 hochinteressante
824 1871 376 71 Bildergalerie
1241 1873 168 70 produ-

293 1950 235 66 zierend,
564 1974 61 33 so
658 1975 122 46 mag
811 1952 94 57 das
938 1954 51 67 ja
1021 1978 67 33 an
1121 1952 116 59 sich
1267 1954 175 69 gewiß

291 2053 134 47 ganz
442 2042 115 45 nett
574 2030 114 58 und
705 2030 252 71 spaßhaft
973 2034 135 57 sein.
1147 2031 110 60 Für
1272 2032 135 60 kenn-

293 2107 297 61 zeichnend
631 2108 215 61 können
889 2114 96 57 wir
1025 2114 250 58 indessen
1317 2114 93 58 der-

504 2176 11 10 •
526 2176 10 11 •

288 2188 168 69 artige
493 2187 275 71 Übungen
802 2190 160 59 kaum
998 2191 201 60 halten.
1253 2191 149 61 Höch-

292 2284 145 42 stens
457 2267 141 60 kann
617 2270 95 57 das
734 2271 284 66 beweisen,
1039 2271 105 58 daß
1164 2272 96 59 der
1275 2274 164 69 junge

293 2347 172 59 Mann
494 2348 91 58 hin
612 2351 114 57 und
752 2351 196 58 wieder
973 2352 149 57 nicht
1148 2351 291 60 besonders

289 2426 144 60 stark
467 2428 174 59 durch
678 2431 146 57 seine
860 2430 447 71 Obliegenheiten
1345 2432 63 59 be-

287 2508 297 70 ansprucht
632 2533 123 43 war,
806 2535 104 33 was
959 2536 123 33 man
1130 2512 48 69 ja
1230 2512 212 70 geneigt

288 2589 116 57 sein
430 2587 140 60 kann
606 2614 66 34 zu
707 2590 294 61 bedauern.
1046 2591 70 58 Es
1143 2594 133 57 wird
1317 2594 93 57 mit-

287 2667 203 69 geteilt,
531 2669 108 58 daß
677 2671 148 56 einer
865 2671 96 57 der
1008 2670 227 67 Herren,
1277 2671 163 58 deren

289 2746 270 60 Bildnisse
607 2750 98 57 der
755 2750 130 58 Poet
934 2750 303 71 anfertigte,
1289 2752 114 57 dem-

288 2827 184 59 selben
515 2829 85 58 bei
644 2829 359 72 Gelegenheit
1041 2848 182 54 gesagt
1265 2831 175 60 haben

291 2906 124 60 soll:
443 2907 102 68 „Ei
570 2910 67 66 ei.
665 2909 92 59 Sie
782 2910 175 60 haben
985 2910 215 62 Talent.
1248 2911 192 60 Gehen

288 2985 92 58 Sie
411 2987 142 59 doch
587 2989 203 58 zwecks
824 2991 243 57 weiterer
1097 2990 344 71 Ausbildung

289 3065 136 59 nach
457 3066 305 61 München.
813 3069 134 59 Hier
975 3071 76 57 im
1079 3070 212 60 Bureau
1319 3072 122 58 sind

287 3145 166 59 derlei
543 3147 485 73 Kunstleistungen
1116 3152 325 69 unpassend.

288 3222 412 64 Zeichnerische
736 3229 296 71 Begabung
1070 3230 134 60 muß
1242 3231 114 59 hier
1390 3232 51 70 ja

289 3305 378 62 verkümmern
698 3310 116 58 und
843 3310 89 58 die
964 3310 176 60 Taten
1169 3312 148 58 eines
1346 3337 63 34 zu-

289 3382 284 74 künftigen
612 3387 203 61 Genies
852 3391 124 57 sind
1017 3390 114 60 hier
1168 3391 150 59 nicht
1352 3417 89 33 am

288 3462 201 61 Platz.“
534 3466 113 60 Auf
691 3469 147 58 diese
861 3469 273 59 satirische
1157 3471 114 57 und
1293 3483 120 58 spöt-

287 3544 170 59 tische
476 3546 343 74 Bemerkung
838 3549 99 58 soll
956 3549 112 59 laut
1087 3550 241 71 Aussage
1345 3551 97 59 der

288 3620 114 62 hier
416 3624 393 62 Beschriebene
823 3629 249 59 erwidert
1088 3629 203 59 haben;
1308 3630 132 67 „Ich

288 3702 140 59 kann
460 3706 313 70 unmöglich
804 3707 254 70 glauben,
1089 3709 107 58 daß
1225 3709 88 59 ich
1343 3710 98 58 der

287 3782 269 68 geborene
590 3785 177 61 Maler
801 3787 113 66 bin,
948 3791 100 56 wie
1081 3789 92 58 Sie
1206 3791 235 59 meinen.

289 3857 69 60 Es
380 3862 209 61 scheint
609 3867 106 58 mir
734 3866 146 67 eher,
900 3866 108 60 daß
1026 3869 88 58 ich
1133 3869 174 58 starke
1324 3869 77 59 An-

287 3937 155 74 lagen
461 3946 114 57 und
592 3949 120 56 eine
731 3972 135 45 ganz
881 3947 254 71 gehörige
1152 3947 146 60 Ader
1314 3974 126 34 zum

1498 597 381 62 Schriftsteller
1916 603 154 59 habe.
2127 603 91 60 Ich
2255 605 172 59 danke
2465 606 167 60 Ihnen

1496 677 231 62 herzlich
1766 680 89 59 für
1896 682 159 60 Ihren
2095 708 60 34 so
2193 682 288 74 aufrichtig
2521 689 111 57 und

1492 757 202 61 ehrlich
1733 761 403 71 empfundenen
2177 765 114 58 und
2330 767 301 68 gemeinten

1497 836 175 70 Wink,
1703 841 136 58 nach
1870 840 281 62 München
2182 868 67 34 zu
2278 845 192 68 gehen.
2521 846 111 58 Ehe

1493 916 87 58 ich
1608 918 191 69 jedoch
1829 921 137 58 nach
1995 921 281 61 München
2304 925 177 70 ginge,
2509 949 91 46 spa-

1495 997 162 59 zierte
1679 1000 113 58 und
1815 1001 158 70 ginge
1996 1002 88 57 ich
2111 1004 121 57 weit
2254 1002 169 60 lieber
2445 1006 55 57 in
2525 1006 105 57 den

1497 1075 297 70 Kaukasus,
1844 1104 82 34 wo
1975 1081 86 60 ich
2111 1081 308 61 Abenteuer
2466 1109 132 34 anzu-

1492 1156 194 60 treffen
1719 1157 185 60 hoffen
1937 1158 217 70 könnte,
2187 1164 99 57 wie
2315 1162 141 60 doch
2490 1164 139 59 wohl

1493 1251 150 43 sonst
1670 1237 308 71 nirgends.“

1563 1316 81 58 Im
1675 1316 254 72 Zeugnis,
1962 1320 225 59 welches
2218 1322 113 57 ihm
2363 1322 266 60 anläßlich

1492 1395 174 58 seines
1700 1395 287 62 Austrittes
2022 1424 94 34 aus
2151 1401 126 58 dem
2314 1400 285 62 Hilfsbuch-

1493 1472 360 73 halterposten
1873 1479 401 71 ausgehändigt,
2301 1482 199 68 wurde,
2525 1499 79 42 ste-

1493 1552 104 60 hen
1638 1579 219 35 unseres
1892 1557 234 60 Wissens
2159 1560 87 58 die
2281 1560 318 73 beziehungs-

1492 1633 213 60 reichen
1785 1637 113 57 und
1976 1637 655 74 anspielungsgesättigten

1495 1713 209 60 Worte:
1726 1715 109 67 „Er
1855 1716 90 58 hat
1963 1717 114 59 sich
2095 1717 76 60 als
2193 1719 189 58 höchst
2401 1720 197 60 brauch-

1493 1792 113 69 bar,
1652 1795 222 67 ehrlich,
1920 1796 199 71 fleißig,
2165 1797 306 71 pflichttreu
2517 1802 112 58 und

1491 1873 277 60 talentvoll
1792 1879 273 64 erwiesen,
2090 1879 114 58 und
2227 1901 59 35 er
2310 1879 183 71 begibt
2517 1881 113 59 sich

1491 1952 94 60 auf
1601 1954 271 60 durchaus
1892 1957 222 69 eigenen
2138 1956 238 61 Wunsch
2395 1960 56 56 in
2470 1984 128 46 ange-

1491 2058 242 35 messene
1755 2035 359 72 Entfernung.
2154 2036 127 61 Sein
2305 2037 214 61 Wirken
2540 2039 92 59 auf

1491 2114 368 71 Löschpapier
1897 2117 134 57 wird
2069 2141 101 35 uns
2208 2119 192 57 immer
2437 2143 162 34 unver-

1488 2194 212 69 geßlich
1733 2195 234 59 bleiben.
2019 2196 160 60 Seine
2211 2197 419 61 künstlerischen

1491 2272 330 74 Leistungen
1860 2276 174 59 haben
2074 2301 100 35 uns
2211 2277 269 69 entzückt,
2519 2280 112 57 und

1488 2354 95 58 wir
1604 2354 272 59 bedauern
1897 2355 168 60 daher
2083 2357 181 59 seinen
2286 2356 343 71 schleunigen

1486 2432 252 60 Austritt.
1778 2434 113 59 Wir
1907 2435 211 60 fühlten
2138 2462 101 33 uns
2258 2439 256 68 genötigt,
2535 2437 92 59 ihn

1492 2511 309 62 flehentlich
1840 2540 67 35 zu
1945 2516 280 67 ersuchen,
2267 2543 99 33 uns
2406 2543 66 33 zu
2513 2542 87 34 ver-

1491 2594 192 67 lassen,
1712 2595 169 61 damit
1910 2619 56 34 er
1994 2597 146 58 seine
2168 2596 161 69 feine,
2358 2613 141 43 zarte
2527 2599 68 57 Be-

1489 2672 218 73 gabung
1724 2674 150 59 nicht
1893 2675 242 70 gänzlich
2155 2677 250 58 ruiniere.
2441 2676 189 60 Indem

1492 2755 95 57 wir
1632 2754 95 58 ihn
1777 2755 180 66 baten,
2004 2756 273 71 spazieren
2324 2782 67 34 zu
2437 2757 192 72 gehen,

1491 2834 316 59 wünschten
1837 2836 96 57 wir
1961 2835 114 58 ihm
2104 2835 93 60 auf
2225 2837 146 58 seine
2400 2835 198 60 zukünf-

1491 2914 108 68 tige
1630 2912 413 61 beschwerliche
2076 2914 283 61 Laufbahn
2390 2915 127 60 alles
2549 2938 54 35 er-

1492 2991 285 61 denkliche
1816 2992 195 69 Glück,
2050 2996 114 57 und
2201 2996 185 59 indem
2422 3019 57 36 er
2514 2996 115 57 sich

1491 3072 341 69 entschließt,
1857 3075 274 58 Abschied
2155 3099 104 36 von
2283 3100 102 35 uns
2409 3100 67 36 zu
2499 3076 99 59 neh-

1493 3177 144 43 men,
1672 3154 124 58 sind
1830 3155 96 57 wir
1962 3155 98 58 mit
2093 3154 115 59 ihm
2240 3179 60 34 so
2335 3154 294 67 zufrieden,

1492 3234 99 57 wie
1610 3234 97 57 wir
1723 3257 57 34 es
1799 3257 93 47 gar
1909 3235 149 58 nicht
2076 3259 160 46 sagen
2255 3235 235 58 können.
2527 3234 104 59 Die

1492 3312 380 72 Buchhaltung
1915 3315 90 58 hat
2047 3338 58 35 er
2144 3316 252 69 jederzeit
2438 3339 60 34 so
2540 3339 60 47 ge-

1491 3392 170 68 führt,
1691 3394 101 57 wie
1821 3395 95 57 wir
1944 3410 278 43 vermuten
2253 3394 241 68 mußten,
2525 3394 105 59 daß

1491 3494 58 36 er
1564 3472 78 58 sie
1658 3471 197 60 führen
1874 3474 196 58 werde.
2105 3474 129 58 Sein
2251 3475 260 70 Betragen
2527 3474 103 70 gab

1491 3552 76 58 im
1582 3551 353 71 allgemeinen
1953 3578 67 34 zu
2037 3555 180 57 weiter
2231 3552 191 61 keinen
2436 3552 76 60 als
2528 3577 103 35 nur

1491 3657 67 34 zu
1600 3634 213 70 einigen
1858 3635 192 70 winzig
2093 3634 208 58 kleinen
2344 3632 286 60 Bedenken

1489 3710 235 60 Anlaß.“

1562 3790 118 61 Uns
1707 3792 228 67 scheint,
1962 3791 107 60 daß
2094 3794 55 57 in
2174 3794 204 57 diesem
2404 3792 195 59 Poeten-

1489 3869 158 61 leben
1675 3872 86 58 ein
1788 3871 411 71 ungewöhnlich
2226 3870 241 72 häufiger
2492 3871 114 60 Stel-

1489 3950 115 60 len-
1643 3951 203 60 sowohl
1884 3952 100 59 wie
2020 3951 357 60 Ortswechsel
2415 3968 193 53 stattge-
