3464 4442
1651 130 91 55 199

202 276 125 52 Aber
373 278 113 50 auch
533 279 71 49 die
637 278 256 64 Erhaltung
938 274 80 51 des
1064 274 84 51 seit
1192 273 80 50 der
1300 273 333 50 Mozart'schen

77 363 252 51 Kaiserzeit
362 364 329 51 traditionellen
724 363 139 49 Rufes
898 361 142 64 Prags
1086 358 63 49 als
1180 358 271 49 Musikstadt
1494 358 112 49 höhe-

78 466 82 33 ren
177 448 185 66 Ranges
392 447 259 50 verdanken
684 445 82 50 wir
799 462 101 32 zum
927 459 190 50 grossen
1135 442 158 48 Theile
1315 442 146 49 dieser
1482 442 122 49 Hoch-

78 533 155 49 schule
265 534 79 48 der
374 533 272 52 Tonkunst;
678 529 117 50 denn
830 527 198 66 mächtig
1054 527 57 49 ist
1141 527 79 48 der
1239 527 195 48 Einfluss
1465 527 145 48 dersel-

81 617 88 49 ben
202 617 91 48 und
325 617 119 47 ihrer
481 613 248 67 jährlichen
760 610 290 50 öffentlichen
1086 610 334 50 Productionen
1450 609 81 50 auf
1555 609 80 50 das

76 709 250 45 gesammle
359 698 282 50 Musikleben
674 696 80 49 der
783 694 149 56 Stadt,
966 696 90 48 und
1089 694 149 50 dieser
1270 693 219 49 Umstand
1521 693 113 49 wird

78 784 257 51 hoffentlich
371 798 251 51 genugsam
656 779 250 56 motiviren,
948 796 132 33 wenn
1125 779 81 49 wir
1244 796 80 33 aus
1357 778 82 50 der
1468 778 169 66 gerade

80 869 139 49 heuer
245 867 316 65 übermächtig
584 863 232 50 Hütenden
839 863 159 50 Saison
1031 863 94 48 hier
1154 862 165 68 speciel
1351 878 86 33 nur
1468 862 72 49 die
1571 862 43 49 öf-

77 952 210 50 fentliche
322 948 329 52 Wirksamkeit
680 948 79 48 des
790 948 207 48 Instituts
1030 947 377 57 herausnehmen,
1441 963 75 32 um
1552 962 85 33 von

77 1037 153 48 seinen
261 1033 258 50 Concerten
552 1050 52 29 zu
636 1031 154 49 reden.

203 1120 82 48 Die
334 1115 317 66 statutmässig
701 1116 81 48 auf
830 1132 85 33 nur
962 1113 94 51 drei
1101 1113 303 50 beschränkte
1460 1112 175 50 Anzahl

78 1204 80 49 der
189 1202 227 50 Concerte
457 1198 190 50 enthebt
692 1217 84 32 uns
818 1198 219 51 natürlich
1077 1197 130 66 jeder
1248 1197 353 67 Programm-Be-

80 1287 258 64 trachtung.
481 1282 201 51 Obwohl
725 1284 98 49 eine
856 1282 291 65 Aufzählung
1191 1281 81 50 der
1315 1281 317 66 aufgeführten

77 1367 409 51 Ensemblestücke
519 1366 154 66 zeigen
707 1367 128 57 wird,
868 1366 102 50 dass
1003 1365 69 49 die
1096 1365 137 51 Wahl
1266 1383 85 31 nur
1384 1365 77 49 auf
1486 1365 108 49 Wür-

77 1452 127 68 diges
237 1451 89 50 und
358 1452 330 47 Interessantes
732 1450 88 56 fiel,
866 1468 49 33 so
964 1450 172 49 kommt
1182 1466 46 31 es
1275 1450 92 48 hier
1414 1447 219 50 zunächst

80 1536 115 51 doch
223 1536 128 49 mehr
385 1536 81 49 auf
489 1535 78 50 das
603 1535 105 50 Wie
741 1534 63 49 als
834 1535 80 47 auf
939 1534 78 49 das
1051 1534 116 49 Was
1199 1550 69 32 an.
1304 1534 105 49 Wir
1440 1532 192 49 wenden

82 1638 84 32 uns
198 1637 80 33 vor
294 1619 144 49 Allem
470 1637 54 30 zu
558 1619 87 48 den
677 1625 322 42 concertanten
1031 1616 298 51 Solo-Piecen
1357 1618 82 47 der
1469 1631 134 50 vorge-

77 1705 183 48 führten
291 1703 521 49 Instrumentalschüler.
875 1703 81 48 Die
998 1701 234 65 Meinung,
1276 1700 103 50 dass
1417 1700 70 48 die
1517 1701 85 49 Pro-

77 1788 244 49 ductionen
353 1804 84 32 von
462 1786 309 55 Variationen,
800 1785 316 55 Phantasieen,
1136 1784 93 49 und
1262 1784 84 48 wie
1378 1783 137 48 derlei
1548 1784 55 47 Sa-

78 1874 113 48 chen
237 1872 370 48 instrumentaler
651 1870 201 49 Technik
900 1869 177 50 heissen
1121 1872 182 62 mögen,
1347 1884 100 32 vom
1493 1865 137 50 Uebel

80 1957 139 55 seien,
263 1957 55 47 ist
350 1972 122 30 zwar
503 1955 39 47 in
575 1972 51 32 so
659 1954 96 48 fern
790 1953 141 57 wahr,
975 1953 65 49 als
1072 1952 62 49 sie
1163 1952 116 48 allen
1323 1952 187 48 tieferen
1541 1949 91 50 und

82 2039 182 50 edleren
297 2038 373 67 Compositionen
713 2037 86 49 den
832 2037 214 49 ohnedies
1078 2035 112 66 karg
1220 2052 155 48 genug
1406 2034 198 48 bemesse-

81 2141 86 33 nen
200 2124 148 49 Raum
379 2122 116 49 noch
528 2123 128 48 mehr
697 2120 328 50 beschränken.
1087 2119 84 48 Die
1201 2118 290 51 öffentlichen
1521 2119 84 48 Pro-

81 2206 88 49 ben
200 2206 80 49 der
310 2204 223 66 Zöglinge
564 2204 57 49 im
654 2203 366 67 Solo-Vortrage
1064 2202 98 51 sind
1206 2200 111 51 aber
1361 2202 97 49 eine
1488 2200 108 51 Not-

85 2288 275 67 wendigkeit
391 2289 80 49 der
500 2286 479 58 Instituts-Concerte,
1023 2286 93 50 und
1148 2286 142 58 dalür,
1322 2284 101 51 dass
1455 2284 69 50 die
1554 2283 52 51 be-

78 2373 253 51 treffenden
350 2371 372 68 Compositionen
745 2371 121 49 eines
895 2371 183 49 edleren
1100 2369 198 51 Inhaltes
1326 2368 80 50 bar
1430 2368 113 59 sind,
1577 2368 56 50 ist

80 2456 218 52 Niemand
330 2456 63 49 als
424 2454 70 50 die
513 2454 348 68 Compositeure
877 2453 141 51 selbst
1033 2452 379 51 verantwortlich.
1442 2453 93 48 Das
1554 2452 80 66 gilt

82 2541 209 49 überdies
317 2540 217 49 zunächst
570 2556 85 32 von
682 2538 86 50 den
791 2538 491 56 Blas-Instrumenten;
1315 2536 117 49 denn
1464 2536 69 48 für
1563 2536 69 49 die

80 2625 514 50 Streich-Instrumente
639 2623 76 49 hat
759 2622 70 50 die
873 2622 265 66 bezügliche
1168 2622 230 48 Literatur
1442 2620 191 49 manche

82 2708 130 50 theils
236 2708 145 49 höher
405 2707 234 56 stehende,
672 2706 129 49 theils
832 2707 298 50 interessante
1157 2705 125 49 Gabe
1312 2703 321 51 aufzuweisen.

82 2795 52 47 In
177 2794 86 49 den
308 2791 215 66 heurigen
557 2791 257 48 Concerten
857 2808 154 31 waren
1042 2790 70 48 die
1141 2790 150 54 Flöte,
1337 2788 77 49 das
1446 2788 183 65 Fagott,

84 2877 69 49 die
186 2876 150 56 Oboe,
367 2876 77 47 das
477 2875 259 51 Waldhorn
769 2874 89 49 und
886 2874 70 50 die
989 2874 246 49 Clarinette
1266 2879 242 43 vertreten.
1550 2871 85 48 Die

85 2959 161 49 beiden
306 2966 152 41 ersten
504 2959 310 48 Instrumente
868 2956 204 50 betrafen
1117 2955 374 68 Compositionen
1549 2971 85 31 von

87 3044 177 48 Drouet
296 3041 92 50 und
421 3041 248 50 Kalliwoda
712 3041 90 48 und
846 3040 160 49 fanden
1047 3040 42 49 in
1121 3041 86 48 den
1234 3039 172 66 jungen
1439 3037 168 50 Concer-

86 3126 135 49 tisten
252 3125 204 65 tüchtige
487 3125 192 48 Schüler
724 3124 81 49 der
848 3124 267 49 rühmlichst
1160 3122 256 51 bekannten
1461 3121 176 50 Lehrer

85 3210 200 50 Eisert
331 3209 92 48 und
467 3208 203 49 Gross.
732 3209 93 48 Für
863 3209 69 48 die
962 3208 136 50 Oboe
1144 3208 89 49 und
1267 3206 79 50 das
1379 3205 256 51 Waldhorn

86 3293 108 64 griff
231 3310 101 32 man
379 3308 55 33 zu
484 3290 425 67 manuscriptlichen
943 3291 370 66 Compositionen
1359 3289 279 65 ehemaliger

87 3375 220 68 Zöglinge
340 3375 79 48 der
451 3374 195 51 Anstalt.
679 3375 188 48 Sowohl
899 3376 123 47 Herr
1054 3374 209 66 Ludwig,
1289 3373 113 66 jetzt
1434 3371 203 66 Mitglied

87 3462 82 49 der
200 3460 278 49 münchener
501 3456 277 69 Hofcapelle,
811 3458 80 48 der
915 3459 314 50 Introduction
1263 3456 91 51 und
1378 3456 161 50 Rondo
1571 3455 68 48 für

90 3543 108 49 zwei
231 3542 181 54 Oboen,
458 3542 62 48 als
555 3543 122 47 Herr
708 3540 54 50 V.
795 3542 245 55 Schubert,
1065 3542 116 64 jetzt
1207 3540 199 64 Mitglied
1441 3539 79 48 des
1548 3539 68 48 hie-

89 3629 124 65 sigen
255 3627 518 54 Thealer-Orchesters,
818 3624 80 50 der
945 3625 69 49 ein
1059 3624 331 51 Concertstück
1436 3625 69 46 für
1549 3622 92 49 vier

92 3712 313 51 Waldhörner
449 3709 186 55 lieferte,
694 3707 244 49 bemühten
983 3708 106 57 sich,
1150 3708 87 49 den
1296 3705 345 68 gewöhnlichen

90 3794 293 50 Schlendrian
414 3792 76 49 des
514 3792 174 49 Genres
715 3808 53 32 zu
800 3790 272 56 vermeiden,
1103 3792 234 65 geriethen
1370 3790 109 50 aber
1511 3789 128 50 beide

90 3879 41 49 in
165 3878 86 50 den
285 3877 162 49 Fehler
477 3876 111 48 allzu
618 3874 168 50 breiter
815 3874 325 68 Ausspinnung
1164 3874 92 49 und
1284 3873 357 67 unpraktischer,

91 3962 100 48 dem
227 3962 238 67 speciellen
496 3958 195 50 Zwecke
722 3957 116 51 eben
871 3958 121 50 nicht
1022 3958 257 48 conformer
1310 3958 182 47 Factur.
1522 3957 119 48 Dass

91 4044 108 50 aber
231 4047 71 48 die
327 4044 177 69 Spieler
527 4043 259 65 Tüchtiges,
819 4042 100 49 dem
948 4043 117 48 Rufe
1091 4042 119 48 ihrer
1242 4041 172 48 Lehrer
1442 4041 199 48 Bauer

92 4128 89 49 und
214 4128 258 50 Janatka
504 4125 397 69 Entsprechendes
934 4125 221 59 leisteten,
1197 4123 170 51 könnte
1408 4122 122 52 kühn
1562 4122 52 49 be-

1728 271 191 69 hauptet
1950 269 202 58 werden,
2197 285 132 33 wenn
2376 268 113 50 auch
2537 268 80 50 der
2662 268 134 49 ihnen
2825 265 279 69 gewordene
3135 265 157 52 Beifall

1728 355 177 50 minder
1948 353 255 52 rauschend
2250 370 213 47 gewesen
2509 356 140 54 wäre,
2693 353 65 49 als
2819 369 50 32 er
2926 349 200 51 wirklich
3179 367 111 36 war.

1729 439 206 51 Gleiches
1980 439 116 48 kann
2141 454 85 32 von
2267 436 103 50 dem
2409 435 190 50 Schüler
2640 438 79 48 des
2751 438 152 48 Herrn
2937 434 353 51 Pisarowitz

1732 532 156 57 gesagt
1924 523 200 56 werden,
2168 520 81 49 der
2291 519 91 50 sich
2425 519 42 48 in
2503 519 288 50 Variationen
2823 537 85 32 von
2938 520 121 49 Beer
3088 516 66 51 als
3185 520 79 47 äus-

1729 615 116 41 serst
1878 604 394 66 hoffnungsvollen
2305 603 338 49 Clarinettisten
2673 602 250 49 bewährte.
2984 603 123 48 Herr
3156 602 100 50 Gol-

1731 699 285 47 termann,
2049 689 122 50 einer
2196 688 80 49 der
2307 685 364 51 bedeutendsten
2696 703 84 32 von
2808 685 83 50 den
2919 704 83 32 uns
3029 685 260 51 bekannten

1731 773 414 56 Cello-Virtuosen,
2190 772 168 49 bewies
2405 770 79 50 mit
2528 770 83 49 der
2649 768 296 66 Vorführung
2983 769 121 51 eines
3139 770 150 50 seiner

1731 857 207 59 Schüler,
1983 857 83 49 der
2109 857 99 49 eine
2256 872 161 51 grosse
2447 853 240 51 Phantasie
2730 869 85 34 von
2847 853 221 48 Rummer
3112 853 176 69 spielte,

1731 942 103 49 dass
1879 958 50 33 er
1972 942 57 48 im
2074 939 186 60 Stande,
2307 939 70 50 die
2410 941 216 64 Vorzüge
2667 937 146 49 seines
2844 937 183 65 Bogens
3068 937 113 49 auch
3212 938 81 50 auf

1732 1026 185 51 Andere
1957 1043 53 31 zu
2058 1024 291 66 übertragen.
2408 1023 87 50 Die
2527 1022 174 49 Violine
2735 1038 96 32 war
2862 1019 41 50 in
2936 1021 103 48 dem
3071 1018 217 69 heurigen

1731 1110 167 68 Cyklus
1939 1127 88 32 nur
2067 1110 142 49 durch
2254 1108 110 50 zwei
2397 1110 163 47 Piecen
2594 1115 245 47 vertreten,
2885 1103 112 51 aber
3041 1121 47 32 es
3134 1121 154 33 waren

1731 1193 249 68 glänzende
2004 1195 228 64 Vorträge
2258 1211 84 32 von
2375 1190 67 52 13
2471 1191 224 51 Schülern
2729 1191 77 49 des
2836 1191 153 48 Herrn
3020 1187 269 51 Mildner.

1727 1278 96 47 Der
1854 1285 95 42 erst
1980 1277 83 50 seit
2093 1276 268 49 anderthalb
2390 1275 112 50 Jahr
2532 1275 57 49 im
2621 1275 187 49 Institut
2838 1272 272 51 befindliche
3142 1271 147 51 kleine

1726 1361 247 50 Hrimali
2002 1361 262 67 producirte
2282 1360 93 49 sich
2405 1360 43 49 in
2474 1360 123 49 einer
2626 1358 293 50 Ernst'schen
2946 1356 241 51 Phantasie
3205 1356 81 51 mit

1724 1444 487 49 ausserordentlichem
2245 1444 197 66 Erfolge.
2488 1444 95 48 Der
2615 1442 162 50 höchst
2810 1441 258 50 talentvolle
3100 1438 176 61 Knabe,

1724 1530 163 48 dessen
1907 1529 282 67 Acquisition
2221 1527 70 49 lür
2317 1527 79 49 das
2425 1527 187 49 Institut
2644 1527 89 49 und
2767 1527 86 49 den
2879 1526 174 48 Lehrer
3081 1524 63 49 als
3176 1524 105 50 sehr

1726 1611 183 66 günstig
1933 1611 265 50 bezeichnet
2222 1610 183 49 werden
2429 1628 139 39 muss,
2592 1611 175 47 leistete
2791 1609 111 49 aber
2923 1609 115 49 auch
3064 1607 221 50 wahrhaft

1729 1695 426 50 Ueberraschendes
2188 1695 90 50 und
2312 1694 69 49 für
2411 1694 124 51 seine
2564 1695 140 48 Jahre
2734 1691 427 69 Ungewöhnliches.
3203 1690 83 49 Die

1729 1780 49 48 2.
1798 1779 315 51 violinistische
2131 1778 277 50 Production
2424 1778 188 49 bestand
2637 1794 82 33 aus
2737 1776 101 50 dem
2858 1775 428 65 Unisono-Vortrag

1727 1864 79 49 des
1837 1863 178 66 Adagio
2061 1864 91 48 und
2672 1864 160 48 Rondo
3048 1879 127 33 russe
2552 1879 84 32 von
2676 1860 55 50 de
2960 1859 144 49 durch
3151 1858 130 49 zwölf

1726 1946 223 66 Zöglinge
1981 1946 80 49 der
2090 1945 182 50 Schule.
2333 1945 84 48 Die
2453 1944 442 51 ausserordentliche
2925 1940 332 51 Uebereinstim-

1727 2048 143 48 mung
1915 2030 40 49 in
1997 2030 275 56 Intonation,
2302 2030 365 65 Bogenführung
2711 2028 92 49 und
2846 2026 297 67 Nuancirung
3186 2042 97 33 war

1728 2132 88 33 von
1859 2114 392 50 überraschender
2298 2113 233 66 Wirkung
2584 2113 90 48 und
2715 2112 102 49 liess
2866 2112 136 48 kaum
3043 2118 142 42 etwas
3225 2127 56 32 zu

1728 2198 248 49 wünschen
2019 2197 145 67 übrig.
2225 2197 247 49 Aeusserst
2517 2195 222 51 effectvoll
2785 2194 242 69 gestaltete
3078 2193 92 49 sich
3210 2192 73 50 die

1728 2282 87 49 den
1844 2280 225 68 Einklang
2110 2280 285 50 verlassende
2427 2279 395 51 Schluss-Cadenz
2869 2279 77 50 des
2989 2277 73 50 bei
3104 2275 180 51 solcher

1727 2364 359 69 exceptionellen
2114 2366 262 64 Besetzung
2406 2363 92 50 und
2531 2381 51 32 so
2604 2363 246 50 virtuosem
2870 2363 230 64 Vortrage
3133 2359 120 51 wahr-

1727 2448 93 50 haft
1850 2448 282 67 glänzenden
2165 2447 398 51 Concertstiickes.

2925 2557 5 7 <
3285 2548 6 14 *

1855 2617 114 48 Dass
2001 2616 79 49 das
2112 2632 165 51 prager
2309 2613 398 51 Conservatorium
2754 2613 80 50 mit
2876 2613 88 48 den
2998 2612 170 49 Eleven
3199 2609 66 51 sei-

1727 2716 82 34 ner
1840 2700 342 66 Gesangschule
2211 2697 123 51 nicht
2366 2715 51 32 so
2448 2696 220 67 glücklich
2701 2697 70 56 ist,
2800 2696 86 49 wie
2918 2696 80 48 mit
3029 2694 152 50 seinen
3212 2694 48 49 In-

1729 2783 404 55 strumentalisten,
2165 2783 56 47 ist
2251 2781 97 49 eine
2373 2781 140 48 schon
2535 2780 302 66 mehrjährige
2858 2780 280 57 Thatsache;
3168 2777 116 50 doch

1729 2867 108 65 liegt
1868 2867 68 48 die
1969 2866 168 49 Schuld
2176 2865 238 50 derselben
2450 2865 118 48 wohl
2615 2863 243 49 theilweise
2890 2863 113 49 auch
3035 2880 55 32 an
3126 2861 154 66 jenem

1731 2951 307 65 ungünstigen
2071 2950 187 56 Zufalle,
2305 2950 81 47 der
2427 2947 113 48 über
2582 2947 68 48 die
2682 2946 361 49 Beschaffenheit
3081 2945 80 49 der
3191 2945 62 48 Or-

1728 3053 114 45 gane
1875 3035 93 48 und
2000 3035 94 48 ihre
2121 3031 577 66 Ausdauerungslähigkeit
2728 3031 238 48 souverain
2992 3027 293 52 entscheidet.

1731 3119 108 49 Wir
1882 3117 162 50 hörten
2091 3116 183 50 diesmal
2312 3114 93 49 drei
2438 3114 530 67 Opern-Schülerinnen,
3010 3130 85 32 von
3135 3111 150 51 denen

1729 3201 70 50 die
1830 3200 98 49 eine
1961 3200 68 48 für
2057 3201 78 47 das
2166 3218 50 30 so
2241 3206 226 59 genannte
2488 3197 280 59 Coloratur-,
2804 3197 70 49 die
2903 3196 166 50 andere
3100 3195 70 49 für
3201 3195 82 49 das

1731 3285 298 50 dramatische
2076 3284 118 49 Fach
2236 3282 240 69 qualiticirt
2522 3282 187 51 scheint.
2772 3281 80 48 Die
2904 3280 135 48 dritte
3097 3279 59 50 ist
3214 3279 74 50 ein

1731 3369 377 66 Mezzo-Sopran.
2168 3366 83 49 Die
2296 3383 100 32 zum
2429 3366 230 64 Vortrage
2701 3364 255 66 gewählten
2989 3363 174 49 Stücke
3194 3379 64 33 wa-

1732 3470 109 32 ren:
1884 3453 70 48 die
1989 3453 109 47 Arie
2140 3451 81 49 der
2254 3449 251 51 Prinzessin
2547 3467 85 31 von
2663 3449 195 48 Navarra
2904 3464 81 32 aus
3017 3446 273 51 Boieldieu's

1732 3536 179 49 Johann
1944 3554 83 29 von
2062 3535 140 56 Paris,
2245 3534 69 48 die
2347 3534 80 48 der
2456 3533 174 49 Vitellia
2663 3548 79 32 aus
2773 3530 218 51 Mozr.rt's
3022 3531 131 49 Titus
3196 3529 97 51 und

1735 3619 97 65 jene
1879 3619 80 50 der
2009 3619 117 48 Julia
2170 3636 80 30 aus
2290 3617 242 67 Spontini's
2578 3614 213 49 Vestalin.
2853 3615 87 48 Die
2973 3614 321 67 Sängerinnen

1736 3703 176 66 zeigten
1944 3704 180 65 Spuren
2156 3702 122 48 eines
2310 3700 199 65 emsigen
2540 3698 216 57 Fleisses;
2795 3697 61 50 ob
2899 3698 133 49 ihnen
3065 3699 70 48 die
3163 3698 131 66 jeder

1736 3785 261 50 Künstlerin
2027 3785 186 65 nöthige
2244 3782 315 52 theatralische
2601 3782 90 49 und
2735 3782 305 49 dramatische
3072 3782 131 49 Gabe
3233 3782 42 49 ei-

1735 3887 101 48 gen,
1883 3868 60 49 ob
1985 3868 70 48 die
2085 3868 189 48 Stimme
2312 3865 134 65 fähig,
2491 3865 113 49 auch
2654 3869 213 61 grössere
2898 3867 178 48 Räume
3120 3864 64 51 als
3224 3864 71 51 die

1736 3954 79 50 des
1848 3952 344 51 Concertsaales
2234 3968 50 31 zu
2319 3949 150 55 füllen,
2510 3949 69 49 die
2610 3949 445 51 Bühnen-Situation
3088 3968 51 31 zu
3172 3948 97 50 bele-

1778 4013 9 15 /

1737 4036 85 50 ben
1966 4036 54 48 ist
2052 4036 121 48 nicht
2202 4051 51 33 so
2284 4033 134 48 leicht
2450 4032 233 49 bestimmt
2714 4052 54 29 zu
2799 4033 343 57 beantworten;
3173 4032 116 48 denn

1737 4119 142 54 selbst
1911 4119 67 50 die
2010 4117 330 51 bedeutendste
2359 4117 200 49 Routine
2584 4117 41 48 in
2658 4117 148 49 dieser
2825 4117 260 64 Beziehung
3114 4113 179 52 täuscht
