3464 4442
1726 132 94 53 200

160 271 92 53 sich
295 271 170 68 gerade
504 270 71 51 bei
608 270 145 51 dieser
784 273 87 48 Art
913 271 493 69 Analogie-Schlüssen
1448 274 176 52 sowohl
1666 275 58 50 im

160 355 224 69 positiven
414 355 62 51 als
508 355 56 50 im
596 354 237 67 negativen
866 355 154 52 Sinne.

292 439 264 51 Besondere
593 438 319 70 Glanzpunkte
944 440 81 51 der
1049 442 681 50 Conservatoriums-Concerte

165 523 151 52 bilden
374 524 71 48 die
499 520 357 71 Aufführungen
911 543 185 50 grosser
1141 527 440 51 Orchestralwerke.
1640 528 96 50 Auf

167 609 171 50 diesem
372 607 140 49 Felde
544 607 150 51 leistet
725 608 82 51 der
833 609 289 68 jugendliche
1146 612 165 48 Verein
1344 611 77 50 das
1454 612 151 57 Beste,
1640 630 92 31 was

164 708 104 33 man
300 691 95 49 hier
429 692 145 48 hören
610 692 145 59 kann;
794 693 61 67 ja,
903 711 50 32 er
998 694 116 50 kann
1147 694 119 51 kühn
1299 696 80 49 mit
1411 694 85 51 den
1529 696 174 49 Produc-

164 774 156 51 tionen
353 776 117 48 auch
503 777 319 67 auswärtiger,
875 778 79 48 mit
986 778 100 50 dem
1124 778 400 67 journalistischen
1556 779 179 50 Lorher

164 858 201 69 einziger
396 861 374 66 Vorzüglichkeit
817 861 302 51 beschenkter
1151 863 110 50 Hof-
1294 863 92 49 und
1420 863 192 50 anderer
1644 863 56 50 Ca-

164 942 152 70 pellen
347 943 43 50 in
423 945 70 49 die
520 946 262 48 Schranken
809 953 163 42 treten.
1005 946 181 67 Spricht
1208 947 70 50 die
1303 951 305 46 Accuratesse
1641 948 90 49 und

168 1027 291 51 Correctheit
512 1028 129 66 jeder
696 1030 231 49 einzelnen
982 1031 507 49 Instrumentalstimme
1547 1032 71 48 für
1665 1032 70 51 die

169 1112 352 69 systematische
553 1113 194 65 Bildung
780 1113 240 50 derselben
1063 1115 90 49 lind
1188 1115 120 49 ihrer
1340 1116 188 57 Lehrer,
1572 1134 51 32 so
1655 1134 52 49 ge-

167 1196 146 50 reicht
357 1196 69 50 die
470 1196 231 66 poetische
734 1197 296 66 Nuancirung
1061 1199 77 48 des
1169 1197 271 52 Ensembles
1472 1199 113 49 nach
1617 1200 117 49 allen

169 1280 356 66 Schattirungen
558 1280 42 48 in
636 1280 315 67 dynamischer
984 1281 88 50 und
1108 1282 331 68 rhythmischer
1472 1284 263 67 Beziehung

169 1364 102 50 dem
305 1364 281 66 Dirigenten,
633 1365 62 48 als
728 1365 232 49 Vorstand
1007 1365 93 51 und
1142 1367 151 49 Leiter
1337 1367 82 50 der
1458 1367 249 50 Orchester-

168 1447 170 56 schule,
379 1465 81 31 zur
489 1447 196 51 vollsten
719 1449 135 49 Ehre.
917 1451 299 50 Beethoven's
1249 1451 143 50 fünfte
1423 1451 199 51 Sinfonie
1655 1453 80 48 mit

168 1530 143 51 ihrem
371 1530 177 51 heiklen
591 1531 404 69 kurzrhythmigen
1048 1543 154 40 ersten
1242 1536 150 55 Salze,
1438 1535 79 50 mit
1560 1536 170 49 seinem

165 1614 273 60 herrlichen,
469 1615 110 50 aber
611 1616 81 50 der
716 1616 282 68 Auffassung
1030 1619 89 49 und
1149 1619 144 49 feinen
1326 1620 377 65 Vortrags-Nuan-

170 1700 162 66 cirung
375 1718 51 32 so
468 1700 149 50 Vieles
663 1699 354 52 überlassenden
1053 1703 225 54 Andante,
1326 1704 88 48 und
1448 1703 173 49 endlich
1655 1705 77 49 mit

172 1784 87 50 den
307 1784 403 67 Schwierigkeiten
758 1785 78 50 des
883 1803 80 33 aus
1017 1788 108 48 zwei
1167 1788 355 49 verschiedenen
1562 1789 167 48 Sätzen

170 1868 350 67 eigentümlich
564 1869 90 48 und
699 1869 113 50 doch
847 1869 238 65 organisch
1116 1878 505 60 zusammengesetzten
1655 1873 48 47 Fi-

170 1953 102 49 nale
320 1953 200 49 erfreute
568 1953 90 49 sich
705 1953 124 49 einer
873 1953 337 51 überraschend
1255 1955 298 68 glänzenden,
1602 1955 129 50 theils

174 2035 220 50 delicaten
428 2035 327 68 Ausführung;
798 2037 205 49 dasselbe
1043 2038 79 67 gilt
1152 2038 116 51 auch
1303 2057 83 32 von
1419 2039 214 50 Mozart's
1670 2041 32 49 G-

183 2119 335 51 moll-Sinfonie.
578 2121 63 47 Im
686 2129 154 41 ersten
871 2121 226 49 Concerte
1141 2122 188 49 brachte
1374 2124 120 47 Herr
1527 2123 209 50 Director

168 2204 42 49 K
226 2203 10 48 i
253 2203 76 50 111
370 2204 99 49 eine
512 2203 197 59 Novität,
762 2204 71 50 die
879 2204 160 50 Arbeit
1095 2207 146 49 seines
1292 2207 438 67 Lieblingsschülers

172 2286 205 59 Abert,
401 2287 115 67 jetzt
550 2288 39 48 in
616 2289 231 67 Stuttgart
878 2289 398 51 Contrabassisten
1311 2291 68 49 bei
1412 2292 80 48 der
1523 2292 209 62 dortigen

169 2371 279 67 Hofcapelle.
512 2371 81 49 Die
633 2372 137 48 dritte
803 2372 214 55 Sinfonie,
1278 2375 237 49 desselben
1548 2375 55 49 ist
1633 2376 98 48 eine

173 2455 70 49 für
272 2455 77 50 das
379 2455 252 50 Orchester
662 2460 203 45 äusserst
897 2457 266 67 schwierige
1196 2458 89 49 und
1321 2460 145 48 heikle
1499 2458 228 68 Aufgabe.

175 2540 84 48 Die
290 2543 207 46 äusserst
535 2540 279 67 complicirte
855 2542 296 48 thematische
1189 2542 174 54 Arbeit,
1412 2543 78 50 das
1537 2542 193 51 Streben

174 2622 114 51 nach
333 2622 244 66 allseitiger
607 2623 278 68 Polvphonie
929 2626 87 48 und
1061 2626 69 50 die
1165 2627 456 64 Eigenthümlichkeit
1652 2626 80 50 der

173 2706 306 50 Abert'schen
530 2709 418 57 Instrumentation,
1007 2710 85 49 den
1143 2712 106 47 Beiz
1302 2711 80 48 der
1429 2711 302 50 melodischen

174 2791 173 48 Phrase
379 2790 142 49 durch
553 2791 275 69 Zutheilurig
862 2792 119 50 ihrer
1010 2794 334 66 rhythmischen
1373 2795 272 48 Abschnitte
1677 2813 53 30 an

173 2875 325 49 verschiedene
542 2875 225 51 Stimmen
814 2876 81 50 der
940 2879 396 48 verschiedensten
1383 2880 346 47 Instrumental-

173 2959 222 67 Gruppen
428 2975 53 32 zu
514 2959 220 57 erhöhen,
780 2960 268 51 vermehren
1091 2961 69 49 die
1191 2961 346 68 Schwierigkeit
1579 2969 126 42 natür-

174 3043 85 49 lich
292 3044 432 49 ausserordentlich.
760 3045 153 48 Wenn
934 3063 101 32 man
1061 3045 86 50 den
1175 3063 52 32 an
1261 3046 90 49 sich
1384 3064 50 32 so
1468 3046 238 50 beneidens-

172 3126 208 51 werthen
401 3126 266 51 Ueberfluss
691 3145 55 32 an
766 3129 329 66 Wendungen,
1123 3129 338 69 Seitengängen
1495 3131 89 49 und
1612 3131 90 49 Ana-

173 3210 175 68 logieen
381 3210 126 51 einer
544 3210 197 69 üppigen
774 3213 340 49 musicalischen
1147 3214 448 50 Ideen-Association
1642 3215 90 49 und

174 3294 126 50 ihren
323 3295 288 55 Besultaten,
647 3295 174 49 welche
852 3295 78 50 der
963 3298 199 48 Partitur
1194 3297 94 48 hier
1320 3298 90 48 und
1443 3298 52 48 da
1530 3298 69 48 die
1632 3298 100 49 dem

173 3379 156 48 Hörer
377 3396 49 31 so
462 3378 300 66 wohlthätige
808 3380 235 64 Prägnanz
1094 3380 77 50 des
1218 3382 268 48 Ausdrucks
1529 3382 90 48 und
1666 3382 69 48 die

1323 3450 7 10 f

175 3463 342 57 künstlerische,
550 3464 255 65 gedrängte
835 3464 137 48 Form
1007 3463 268 58 benehmen,
1306 3467 258 53 ausnimmt,
1598 3483 48 31 so
1679 3465 56 50 ist

177 3545 77 50 das
288 3545 148 50 Werk
480 3547 66 48 ein
581 3547 257 56 treffliches,
884 3547 57 49 im
988 3547 222 51 höchsten
1242 3549 151 49 Grade
1433 3548 294 51 talentvolles.

175 3629 115 49 Eine
319 3629 121 50 nicht
471 3631 327 66 gewöhnliche,
832 3650 88 31 nur
946 3629 230 52 bisweilen
1203 3632 142 49 durch
1379 3633 69 47 die
1481 3633 140 50 schon
1655 3651 52 30 an-

175 3713 246 66 gedeutete
479 3714 330 51 Individualität
864 3716 78 48 des
992 3716 326 67 Componisten
1379 3716 355 50 überwucherte

173 3796 439 57 Productionskraft,
645 3799 97 47 eine
766 3799 83 49 fast
869 3799 124 50 Alles
1024 3799 329 68 erschöpfende
1369 3798 336 51 Combinations-

172 3880 116 64 gabe
337 3880 90 49 und
473 3881 67 48 ein
574 3882 108 48 Sinn
730 3882 89 50 und
866 3883 98 49 eine
996 3883 198 50 Boutine
1240 3885 67 48 für
1349 3883 70 50 die
1452 3883 156 50 Poesie
1654 3885 81 48 der

167 3963 314 66 Klangfarben
516 3966 153 65 zeigen
702 3966 89 48 sich
838 3966 42 49 in
913 3967 165 50 diesem
1113 3967 114 50 eben
1263 3986 49 31 so
1346 3967 84 48 wie
1462 3967 41 50 in
1536 3968 86 49 den
1656 3986 50 31 an-

165 4048 141 51 deren
344 4048 207 50 Werken
587 4047 198 59 Abert's,
817 4050 100 49 dem
950 4051 98 48 eine
1078 4051 106 49 sehr
1218 4051 290 49 bedeutende
1529 4051 201 49 Zukunft

163 4131 268 52 bevorsteht
450 4140 134 40 unter
603 4132 242 68 günstigen
873 4132 185 51 inneren
1092 4135 89 48 und
1216 4139 218 45 äusseren
1466 4134 232 67 Bedingun-

1826 293 88 50 gen
1947 275 359 52 künstlerischen
2339 277 249 50 Schaffens.
2703 275 103 51 Von
2839 275 85 51 den
2959 277 92 50 vier
3082 297 80 30 zur
3194 279 168 51 Auffüh-

1825 378 120 50 rung
1988 359 242 69 gelangten
2265 363 295 50 Ouvertüren
2602 377 98 33 war
2748 360 70 49 die
2860 360 65 50 als
2968 364 305 49 romantische
3306 364 52 50 be-

1826 444 233 50 zeichnete
2082 446 97 49 eine
2204 447 395 68 manuscriptliche
2614 446 195 49 Novität.
2846 446 93 49 Der
2961 446 283 68 Componist,
3269 449 121 50 Herr

1826 546 40 30 v.
1891 527 353 70 Adelsburg,
2277 529 631 68 einKonstantinopolitaner,
2941 529 126 50 Sohn
3093 531 122 48 eines
3242 534 124 46 öster-

1840 612 280 51 reichischen
2140 614 636 58 Gesandtschafts-Beamten,
2803 614 56 50 ist
2873 614 391 50 Violinvirtuose
3298 616 91 48 und

1830 697 149 48 weilte
2019 698 188 65 längere
2248 700 100 48 Zeit
2392 700 41 49 in
2478 701 133 65 Prag.
2675 700 81 48 Die
2788 700 264 49 Ouvertüre
3095 700 297 49 überraschle

1829 781 143 49 durch
2014 782 111 48 viele
2172 782 169 50 schöne
2370 783 334 59 Einzelheiten,
2751 783 249 68 glänzende
3033 785 234 48 Momente
3298 785 92 48 uud

1826 865 202 49 Früchte
2060 866 125 48 einer
2215 866 202 65 feurigen
2450 867 251 50 Phantasie.
2734 867 94 50 Das
2861 868 238 67 geistreich
3133 867 258 68 angelegte,

1830 949 205 67 originel,
2091 968 133 31 wenn
2277 949 115 50 auch
2454 950 120 49 nicht
2620 951 267 58 erfundene,
2957 952 113 50 doch
3119 951 273 51 combinirte

1829 1035 213 48 Andante
2074 1042 183 59 erregte
2289 1034 80 50 das
2402 1034 188 50 höchste
2623 1036 242 52 Interesse.
2902 1039 66 48 Im
2996 1037 121 58 weit,
3148 1037 83 50 fast
3259 1037 111 50 sinfo-

1829 1117 192 68 nieartig
2051 1135 413 50 ausgesponnenen
2498 1117 315 68 Allegrosatze
2846 1120 109 49 aber
2987 1121 174 50 kommt
3193 1139 47 30 es
3273 1130 118 39 trotz

1830 1201 80 48 der
1941 1219 51 32 so
2023 1210 258 57 genannten
2318 1201 300 51 Talentblitze
2658 1203 115 49 doch
2818 1223 52 30 zu
2906 1204 152 49 keiner
3090 1205 301 50 künstlerisch

1831 1285 346 51 harmonischen
2211 1288 252 66 Wirkung,
2506 1286 53 50 da
2604 1288 122 49 diese
2759 1288 142 49 durch
2935 1290 191 50 manche
3157 1290 208 50 insbeson-

1830 1369 109 48 dere
1985 1369 280 51 orchestrale
2305 1370 375 66 Extravaganzen
2728 1371 89 49 und
2867 1371 334 60 übertriebene,
3246 1392 51 31 so
3339 1392 52 31 zu

1828 1470 139 49 sagen
2002 1453 290 50 barbarische
2324 1454 174 49 Effecte
2530 1454 236 67 paralysirt
2802 1455 125 48 wird.
2991 1457 109 49 Wie
3132 1457 146 50 dieses
3312 1458 52 48 be-

1829 1537 189 49 sonders
2152 1538 71 51 die
2253 1538 159 49 Bläser
2445 1538 385 65 überschwierige
2865 1540 146 49 Werk
3048 1542 189 48 wurden
3270 1543 115 48 auch

1828 1622 70 49 die
1942 1622 96 50 drei
2083 1623 198 49 anderen
2343 1623 297 49 Ouvertüren
2698 1623 80 49 der
2823 1624 536 51 Conservatoriums-Pro-

1828 1722 205 48 gramme
2064 1705 273 52 vortrefflich
2367 1707 272 65 aufgeführt.

1990 1900 248 54 Tages-
2279 1900 138 43 und
2451 1900 769 54 Unterhaltungs-Blatt.

1908 1985 180 37 3'lolbi«
2149 1985 73 36 Der
2263 1986 186 36 kölner
2487 1986 641 48 Männergesang-Verein
3171 1990 52 35 ist
3260 2002 62 24 am
3355 1995 34 32 8.

1826 2048 99 34 Juni
1953 2060 77 24 von
2058 2048 202 36 London
2288 2048 326 47 zurückgekehrt.
2646 2049 73 34 Die
2748 2049 115 35 dritte
2882 2049 256 47 Sängerfahrt
3167 2053 100 35 nach
3286 2053 78 47 Eng-

1826 2110 92 35 land
1947 2124 79 23 war
2054 2111 94 36 eben
2178 2123 41 24 so
2244 2110 230 47 erfolgreich
2519 2110 125 37 durch
2688 2110 260 37 ehrenvollste
2977 2113 294 49 Anerkennung
3310 2116 80 35 und

1828 2173 217 36 zahlreiche
2074 2173 304 36 Zuhörerschaft
2400 2175 40 33 in
2470 2173 100 36 allen
2592 2173 226 45 Concerten,
2848 2174 59 35 als
2938 2175 61 35 die
3027 2175 137 37 beiden
3194 2178 195 44 früheren,

1821 2237 57 45 ja,
1910 2237 40 35 in
1977 2237 178 36 letzterer
2183 2236 228 47 Beziehung
2440 2235 178 37 übertraf
2653 2236 55 34 sie
2748 2236 95 35 alles
2872 2237 132 36 bisher
3030 2239 169 45 Erlebte,
3248 2241 49 36 da
3326 2241 66 35 der

1827 2300 138 35 Verein
1992 2300 39 35 in
2061 2299 87 36 dem
2177 2298 186 37 Concerte
2390 2299 53 34 im
2472 2297 357 47 Krystall-Palaste
2874 2310 61 23 am
2966 2301 31 35 G.
3029 2300 97 36 Juni
3166 2303 61 35 ein
3256 2302 112 36 Publi-

1826 2373 88 24 cum
1943 2375 75 23 von
2047 2362 215 47 I*£,ooo
2291 2364 193 33 Personen
2526 2373 222 35 angezogen
2786 2362 119 38 hatte.
2961 2364 83 35 Den
3073 2364 136 37 Abend
3252 2366 140 36 vorher

1826 2425 108 35 hatte
1976 2437 40 24 er
2058 2425 61 35 die
2160 2424 99 36 hohe
2295 2424 116 43 Ehre,
2454 2436 70 23 vor
2553 2423 111 35 Ihrer
2692 2423 186 46 Majestät
2924 2425 68 36 der
3035 2426 225 48 Königin
3302 2440 88 23 von

1825 2486 243 48 England,
2101 2487 85 36 dem
2214 2488 165 34 Prinzen
2407 2485 136 36 Albert
2571 2485 79 35 und
2680 2484 65 36 der
2773 2486 178 35 Prinzess
2981 2488 124 47 Royal
3135 2489 256 37 K.Hoheiten

1826 2549 80 35 und
1936 2550 103 35 einer
2067 2561 71 22 aus
2168 2549 85 35 dem
2281 2549 313 47 begünstigtsten
2623 2547 78 36 und
2731 2552 285 32 vertrautesten
3048 2550 137 36 Kreise
3216 2551 66 36 des
3310 2552 54 34 Hö-

1827 2613 56 34 fas
1912 2611 219 47 gewählten
2162 2611 259 35 Gesellschaft
2464 2623 74 23 von
2580 2623 74 24 nur
2684 2614 49 32 24
2762 2612 193 34 Personen
2994 2624 47 23 zu
3085 2613 148 46 singen.
3291 2613 100 35 Kein

1828 2675 84 34 Ton
1955 2674 65 35 der
2059 2674 273 35 italiänischen
2362 2673 287 48 Opernsänger,
2692 2674 112 35 keine
2833 2674 383 48 Virtuosenleistung
3255 2674 135 48 irgend

1827 2739 105 33 einer
1959 2737 72 34 Art
2071 2736 90 35 fand
2204 2736 62 35 bei
2303 2735 143 37 diesem
2478 2736 186 36 Concerte
2706 2737 51 34 im
2787 2737 448 47 Buckingham-Palaste
3267 2737 123 43 Statt;

1828 2799 89 35 Ihre
1936 2799 183 45 Majestät
2148 2798 129 35 wollte
2306 2797 140 45 nichts,
2478 2799 57 34 als
2565 2811 88 22 zum
2680 2798 141 36 dritten
2842 2798 105 35 Male
2977 2798 62 36 die
3068 2798 214 36 deutschen
3306 2799 64 35 Lie-

1829 2861 66 36 der
1922 2860 134 38 hören.
2167 2863 76 33 Ter
2272 2860 140 35 Verein
2440 2860 67 34 hat
2535 2860 39 34 in
2602 2860 172 44 London,
2816 2872 110 23 wenn
2954 2860 71 36 wir
3053 2862 84 33 eine
3166 2860 129 36 Soiree
3324 2862 68 34 auf

1826 2924 150 47 Apsley
2003 2924 135 35 House
2166 2923 63 36 bei
2254 2923 87 34 dem
2372 2923 154 46 Herzog
2553 2934 77 23 von
2659 2923 241 47 Wellington
2928 2923 248 45 mitnehmen,
3211 2924 40 35 in
3281 2925 88 34 zwei-

1827 2987 78 35 mal
1936 2986 111 36 sechs
2078 2987 133 45 Tagen
2241 2985 248 36 fünfzehn
2519 2985 187 36 Concerte
2734 2986 185 46 gegeben,
2949 2998 75 23 von
3054 2985 121 36 denen
3205 2985 58 36 die
3293 2985 78 36 drei-

1831 3050 96 34 zehn
1957 3048 248 35 öffentlichen
2233 3048 74 35 alle
2334 3049 70 34 mit
2432 3048 182 35 einander
2642 3051 94 32 stets
2766 3060 69 23 vor
2863 3049 122 34 einem
3015 3059 98 35 ganz
3133 3048 80 35 voll
3242 3048 127 36 besetz-

2417 3110 8 8 <
2959 3103 8 15 j

1828 3116 63 31 ten
1922 3111 113 36 Saale
2066 3110 102 35 Statt
2197 3109 152 45 fanden,
2394 3111 83 36 eine
2506 3111 234 44 Thatsache,
2787 3111 70 43 die,
2898 3110 87 35 weil
3013 3111 38 33 in
3082 3111 202 45 täglich
3314 3110 83 46 (mit

1828 3172 324 46 Unterbrechung
2180 3171 121 36 durch
2330 3173 110 34 einen
2468 3172 186 46 Sonntag,
2688 3172 64 35 der
2780 3170 251 38 bekanntlich
3060 3172 38 34 in
3115 3172 181 46 England
3324 3184 50 23 we-

1829 3236 67 36 der
1924 3234 182 36 Concert-
2144 3233 100 36 noch
2274 3234 272 46 Theater-Tag
2584 3235 69 44 ist)
2704 3234 93 35 auf
2837 3233 245 36 einander
3124 3234 274 47 folgenden

1828 3297 286 36 Productionen
2143 3296 57 34 als
2231 3296 360 46 Künstlerleistung
2617 3296 42 34 in
2689 3297 103 34 einer
2820 3296 78 35 und
2929 3295 199 36 derselben
3154 3296 113 35 Stadt
3294 3297 103 34 auch

1828 3361 63 35 bei
1919 3359 73 35 den
2020 3359 292 36 berühmtesten
2340 3359 222 41 Virtuosen,
2609 3359 71 35 wie
2709 3359 191 46 Paganini
2927 3358 81 36 und
3037 3359 118 44 Liszt,
3199 3359 98 36 noch
3336 3361 63 34 nie

1828 3423 300 46 vorgekommen
2155 3422 61 36 ist.
2251 3422 123 35 Einen
2404 3421 266 46 eingehenden
2699 3422 155 35 Bericht
2882 3422 180 36 behalten
3091 3423 70 35 wir
3188 3434 73 24 uns
3289 3436 80 24 vor.

1913 3485 130 34 Kaum
2071 3495 76 23 von
2176 3483 160 35 London
2365 3483 321 47 zurückgekehrt,
2731 3483 181 36 wohnten
2940 3485 71 34 wir
3041 3485 40 34 in
3110 3484 285 35 Mannheim

1832 3538 88 35 dem
1950 3538 210 34 zweiten
2203 3537 166 35 mittel
2384 3537 333 35 rheinischen
2755 3537 171 35 Musik
2939 3537 132 35 feste
3114 3537 73 43 bei,
3231 3537 165 36 welches

1833 3591 63 36 die
1960 3588 303 36 musicalischen
2307 3589 137 36 Kräfte
2499 3589 65 36 des
2614 3590 419 36 Vierstädte-Bundes:
3086 3590 311 42 Darmstadt,

1833 3643 299 42 Mannheim,
2162 3643 165 34 Mainz
2356 3642 79 36 und
2465 3643 319 40 Wiesbaden,
2816 3645 113 33 unter
2956 3642 295 37 Ferdinand
3292 3642 77 35 Hil-

1830 3698 44 34 le
1887 3695 12 47 r
1911 3695 13 47 1
1936 3695 12 47 s
1979 3697 170 44 Leitung
2179 3695 209 47 vereinigte
2417 3697 79 34 und
2524 3697 104 34 eines
2660 3695 66 35 der
2754 3695 277 47 gelungensten
3060 3707 93 33 war,
3183 3695 145 36 sowohl
3356 3696 39 34 in

1828 3748 381 36 tonkünstlerischer
2238 3748 56 36 als
2324 3750 207 46 geselliger
2559 3748 194 45 Hinsicht,
2792 3749 68 34 das
2889 3749 70 35 wir
2981 3750 40 44 je
3050 3747 251 47 mitgemacht
3331 3747 43 37 ha-

1830 3803 85 36 ben.
1964 3801 457 49 Haupt-Aufführungen
2451 3814 128 24 waren
2621 3802 66 34 der
2729 3801 139 35 Elias
2911 3814 73 22 von
3030 3801 365 35 Mendelssohn

1829 3855 81 35 und
1939 3854 336 36 Beethoven's
2303 3859 195 32 neunte
2528 3855 252 36 Sinfonie.
2818 3855 113 35 Auch
2961 3855 95 35 über
3084 3854 124 34 dieses
3235 3855 140 35 interes-

1828 3911 109 34 sante
1965 3908 94 35 Fest
2087 3908 151 36 werden
2278 3909 69 35 wir
2376 3920 165 24 unseren
2569 3908 144 34 Lesern
2755 3908 110 34 einen
2906 3906 293 36 ausführlichen
3239 3906 156 36 Bericht

1828 3961 233 37 mittheilen.
2063 3960 1 38 -
2063 3960 1 38 •
2063 3960 1 38 .

3174 3960 42 37 L.
3246 3960 30 34 B

1943 4052 378 40 Verantwortlicher
2350 4051 304 51 Herausgeber:
2689 4050 109 39 Prof.
2826 4050 43 38 L.
2898 4049 181 39 Bisclioff
3100 4050 40 38 in
3171 4050 120 40 Köln.

1896 4106 210 50 Verleger:
2136 4106 54 38 M.
2223 4104 543 50 DuMont-Schauberg'schc
2795 4102 324 52 Buchhandlung
3148 4102 44 40 in
3224 4104 118 38 Köln.

1866 4158 197 40 Oruclfer:
2094 4159 55 39 M.
2167 4157 444 51 DuMont-Schauberg
2643 4158 38 37 in
2713 4156 124 41 Köln,
2868 4154 259 40 Breilstrassc
3161 4157 47 37 7f>
3241 4167 34 30 u.
3310 4160 29 36 7«
3340 4159 14 21 w
3363 4184 10 11 .
