3464 4442
1719 190 91 56 196

149 326 231 52 welchem
426 327 81 51 der
551 335 125 43 erste
723 327 203 60 Einsatz,
982 330 165 57 „Denn
1180 331 113 51 Gott
1333 331 78 51 der
1677 334 43 51 in

150 411 334 68 langsamerem
516 411 175 68 Tempo
741 429 277 50 genommen
1062 416 175 57 wurde,
1277 416 63 50 als
1372 415 70 51 die
1472 418 220 66 vorherge-

154 496 194 59 henden,
394 495 90 50 und
529 495 68 48 die
640 496 243 65 folgenden
932 499 108 51 zwei
1073 500 140 50 Tacte
1630 503 91 49 und

153 597 73 33 wo
290 578 208 49 derselbe
558 579 429 68 Tempo-Wechsel
1048 583 117 49 beim
1230 593 223 42 erneuten
1513 587 212 49 Eintritte

158 664 79 50 des
291 661 212 50 Thema's
568 663 42 51 in
666 665 80 50 der
788 665 444 52 Unter-Dommarite
1278 669 179 56 eintrat,
1515 688 51 31 so
1622 672 103 49 dass

150 744 238 69 jedwedes
437 744 282 55 Ebenmaass
767 752 80 47 der
891 750 312 51 Verhältnisse
1247 753 143 49 durch
1435 754 124 50 diese
1593 755 105 51 Will-

157 828 328 52 kürlichkeiten
534 833 208 49 verloren
788 834 119 66 ging.
969 835 145 50 Unter
1155 837 86 48 den
1284 835 200 60 Chören,
1528 838 69 50 die
1640 858 85 31 von

154 914 391 69 Schwankungen
577 918 79 48 frei
689 917 193 58 blieben,
913 918 149 51 heben
1094 919 80 50 wir
1194 921 69 49 die
1282 923 279 66 grossartige
1583 924 143 51 Reihe

154 998 61 51 im
235 997 211 68 Anfange
479 1001 78 48 des
590 1002 190 49 zweiten
799 1002 180 49 Theiles
1010 1003 176 56 hervor,
1221 1003 70 50 die
1322 1004 41 49 in
1396 1004 121 51 ihrer
1548 1023 174 50 ganzen

158 1082 311 51 Erhabenheit
501 1084 160 50 wirkte
708 1086 90 49 und
831 1086 80 49 das
946 1087 237 49 Publicum
1216 1106 54 32 zu
1306 1087 84 51 der
1420 1088 302 54 lebhaftesten

158 1169 306 65 Aeusserung
508 1168 79 50 des
633 1168 179 50 Beifalls
858 1169 185 59 hinriss;
1100 1171 80 49 der
1225 1172 304 52 Schlüsschor
1578 1175 148 50 dieser

160 1251 216 67 Gruppe:
418 1252 126 56 „Der
574 1251 158 51 Herde
991 1253 67 50 litt
1085 1272 54 32 an
1167 1253 310 70 Uebereilung
1503 1257 78 51 des
1603 1258 96 50 Zeit-

165 1351 214 33 maasses.
412 1336 91 48 Der
531 1335 123 50 Chor
686 1336 75 49 hat
792 1337 73 50 ihn
901 1337 205 51 dennoch
1141 1338 79 51 mit
1251 1341 333 51 meisterhafter
1613 1343 84 49 Prä-

168 1417 137 51 cision
337 1416 344 68 durchgeführt.
741 1420 132 50 Eben
919 1439 50 33 so
1015 1422 244 51 verdienen
1301 1423 70 50 die
1402 1426 214 50 Eintritte
1646 1426 80 50 des

168 1501 147 49 Chors
347 1501 44 49 in
433 1503 127 58 „Der
578 1503 123 50 Herr
732 1503 89 68 gab
849 1505 78 51 das
1160 1507 94 51 und
1296 1509 106 57 „Ihr
1420 1510 146 49 Schall
1589 1510 137 67 gehet

323 1583 251 54 besonders
605 1587 63 50 als
698 1589 231 67 gelungen
959 1591 210 50 erwähnt
1199 1610 54 32 zu
1287 1592 199 52 werden.

295 1670 108 49 Wir
436 1671 154 50 hatten
621 1672 140 50 schon
793 1672 40 50 in
866 1674 79 49 der
973 1675 149 49 Probe
1153 1676 214 65 gesehen,
1399 1677 105 50 dass
1536 1677 77 51 das
1636 1680 59 47 Ac-

165 1763 384 59 compagnement
593 1756 80 50 der
717 1757 91 49 Soli
851 1757 93 50 sich
962 1759 177 49 Seitens
1167 1760 78 50 des
1272 1761 266 66 Dirigenten
1570 1763 155 49 keiner

169 1837 286 51 besonderen
489 1840 304 50 Accuratesse
825 1859 53 31 zu
910 1843 212 49 erfreuen
1155 1844 146 57 halte;
1345 1845 41 48 in
1418 1845 81 50 der
1528 1845 166 50 Auffüh-

170 1939 121 46 rung
323 1940 95 31 war
449 1940 45 32 es
529 1924 120 49 nicht
676 1925 80 48 viel
792 1925 168 50 besser.
996 1926 81 50 Die
1108 1928 209 49 Eintritte
1349 1929 80 49 der
1460 1930 264 55 Recilalive,

173 2008 70 47 die
259 2005 290 50 Schlussfälle
568 2008 311 58 schwankten,
911 2010 334 51 dießilornelle
1264 2014 348 48 unterschieden
1634 2014 90 48 sich

167 2091 57 47 im
244 2090 177 68 Tempo
437 2109 85 31 von
541 2091 127 50 ihren
685 2093 152 57 Arien,
870 2094 80 48 der
966 2095 271 68 Begleitung
1269 2097 136 49 fehlte
1437 2099 63 48 oft
1532 2098 69 49 die
1625 2098 75 49 Dis-

167 2173 189 59 cretion,
376 2174 148 50 wobei
551 2175 73 50 die
642 2177 341 67 Entscheidung
1018 2179 168 50 freilich
1211 2180 179 50 schwer
1413 2182 130 49 fallen
1562 2182 164 58 dürfte,

169 2255 59 51 ob
270 2274 81 33 aus
393 2258 258 67 gefälligem
681 2259 277 69 Nachgeben
990 2278 148 51 gegen
1165 2263 70 49 die
1266 2264 192 67 Sänger,
1504 2264 112 51 oder
1645 2282 81 33 aus

170 2340 375 69 ursprünglicher
577 2342 335 62 Unsicherheit,
943 2345 111 50 oder
1080 2365 81 31 aus
1194 2347 413 68 Gleichgültigkeit.
1664 2349 61 50 Es

169 2424 104 50 thut
308 2443 83 31 uns
422 2424 202 51 wirklich
649 2427 103 58 leid,
799 2446 147 49 gegen
974 2429 129 51 einen
1129 2432 153 54 Mann,
1313 2432 86 49 den
1432 2450 102 33 man
1566 2433 42 50 in
1639 2432 67 49 vie-

169 2511 65 48 ler
267 2508 210 51 Hinsicht
522 2511 160 49 Grund
727 2512 91 58 hat,
868 2513 64 51 als
963 2514 220 51 Künstler
1213 2533 52 33 so
1297 2517 116 49 hoch
1457 2536 52 30 zu
1554 2517 175 58 stellen,

172 2593 98 50 eine
301 2593 226 67 derartige
563 2594 207 69 Anklage
813 2598 394 68 auszusprechen;
1253 2599 116 51 doch
1404 2601 221 49 verbietet
1655 2601 70 49 die

176 2677 388 51 Wahrheitsliebe
595 2679 128 50 einen
756 2682 197 50 anderen
973 2683 260 50 Ausdruck.
1266 2683 107 51 Wir
1390 2683 146 52 haben
1564 2704 48 31 es
1636 2702 60 32 we-

1151 2740 6 9 /

170 2761 209 66 nigstens
412 2761 122 49 nicht
564 2763 208 51 erklären
805 2763 197 60 können,
1034 2766 84 49 wie
1141 2768 123 49 Herr
1292 2768 80 51 Dr.
1393 2770 124 49 Liszt
1547 2768 41 50 in
1626 2770 102 49 dem

172 2845 236 49 Pastorale
440 2845 78 49 mit
550 2847 476 69 Handbewegungen,
1059 2850 172 49 welche
1261 2851 113 49 über
1404 2852 87 50 den
1515 2852 184 50 Tonwel-

172 2927 71 50 len
276 2927 136 67 ruhig
441 2946 53 32 zu
527 2928 245 52 schweben
813 2931 227 60 schienen,
1086 2933 98 50 eine
1214 2936 304 66 Ausführung
1562 2935 144 67 beglei-

170 3019 112 53 tete,
327 3011 115 49 über
489 3012 139 50 deren
658 3015 248 49 Zeilmaass
952 3016 91 50 sich
1086 3017 79 50 das
1208 3019 252 48 Orchester
1503 3020 226 49 durchaus

176 3095 119 51 nicht
327 3113 148 49 genau
507 3099 319 66 verständigen
863 3101 184 56 konnte,
1100 3101 217 50 wodurch
1352 3102 146 51 dieses
1532 3104 85 48 fein
1650 3121 52 47 ge-

170 3179 195 50 wobene
381 3180 237 49 Tonstück
652 3181 39 48 in
723 3182 71 49 ein
826 3182 401 66 eigenthümliches
1254 3186 264 68 mystisches
1547 3187 179 50 Dunkel

172 3262 171 66 gehüllt
362 3264 173 49 wurde.
572 3265 105 49 Wir
709 3265 143 49 haben
887 3285 47 29 es
959 3267 121 50 nicht
1108 3269 226 66 begreifen
1357 3271 195 56 können,
1584 3271 142 50 durch

172 3364 92 32 was
310 3346 89 48 sich
444 3347 80 49 der
557 3349 207 65 Dirigent
804 3350 41 48 in
888 3350 79 48 der
999 3353 130 49 Arie:
1181 3354 143 54 „Wie
1354 3354 175 49 lieblich
1561 3354 56 49 ist
1649 3355 80 48 der

167 3430 146 50 Boten
573 3450 51 30 zu
647 3450 51 31 so
718 3435 423 50 unverständlichen
1166 3436 432 56 Tactbewecunnen
1631 3457 95 30 ver-

1416 3480 26 22 O
1513 3486 26 18 o

167 3515 170 48 anlasst
369 3514 95 54 sah,
508 3515 102 50 dass
643 3534 47 31 es
724 3518 81 48 der
837 3518 268 49 Solo-Flöte
1147 3519 84 49 fast
1263 3521 256 65 unmöglich
1554 3521 174 58 wurde,

165 3598 89 50 den
280 3598 181 49 Einsatz
496 3617 53 30 zu
583 3600 169 59 finden,
784 3601 91 49 und
908 3603 68 48 ein
1011 3601 160 50 braver
1190 3604 217 50 Künstler
1429 3605 41 49 in
1501 3605 70 49 die
1604 3607 98 66 pein-

164 3682 113 49 liche
310 3682 328 66 Verlegenheit
670 3683 116 57 kam,
828 3684 93 50 sich
952 3684 170 51 seinem
1156 3687 345 50 harmonischen
1533 3690 189 47 Instinct

163 3765 82 50 auf
270 3773 85 58 gut
385 3765 144 50 Glück
562 3775 374 42 anzuvertrauen.
995 3769 119 50 Dass
1145 3770 219 50 natürlich
1396 3772 215 49 Manches
1642 3781 84 58 gut

160 3850 125 66 ging,
331 3849 204 51 verstellt
577 3850 90 50 sich
710 3869 85 32 von
837 3852 167 59 selbst;
1051 3872 85 32 von
1169 3854 101 50 dem
1303 3855 266 65 Dirigenten
1603 3857 119 49 eines

158 3933 297 51 Musikfestes
489 3934 203 66 verlangt
727 3953 101 31 man
861 3934 107 52 aber
1001 3937 78 49 mit
1109 3938 147 51 Recht
1288 3939 136 56 nicht,
1467 3939 102 50 dass
1602 3941 96 49 Eini-

212 4009 7 7 f
953 4000 5 10 »

155 4036 82 48 ges
270 4026 85 57 gut
386 4017 79 57 sei,
496 4018 199 50 sondern
731 4019 269 50 zuvörderst
1019 4021 124 50 Alles
1162 4022 229 49 technisch
1415 4022 183 66 richtig;
1628 4032 96 41 erst,

157 4104 118 49 dann
305 4103 118 50 kann
459 4120 85 33 von
577 4102 250 67 Schwung,
868 4103 115 51 kann
1018 4122 82 32 von
1131 4106 279 66 Auflassung
1440 4107 89 49 und
1559 4108 135 50 Genia-

155 4187 97 49 lität
286 4206 42 30 u.
358 4206 36 30 s.
422 4203 56 33 vv.
512 4187 69 49 die
618 4187 125 49 Rede
775 4188 107 48 sein.

1942 334 139 52 Jeder
2112 336 235 59 Künstler,
2394 335 79 52 der
2515 335 93 51 sich
2653 335 41 50 in
2738 335 80 48 der
2853 335 277 53 Production
3178 343 211 50 versucht

1818 419 90 58 hat,
1942 437 127 31 rauss
2102 421 263 55 wünschen,
2398 420 69 51 ein
2498 419 207 51 Musiker
2737 421 83 47 der
2857 420 203 50 Zukunft
3091 439 54 33 zu
3188 425 201 59 werden,

1819 504 41 48 d.
1895 504 40 48 h.
1969 504 153 49 solche
2153 505 325 68 Schöpfungen
2514 503 438 68 hervorzubringen,
2999 523 53 30 an
3086 507 150 49 denen
3274 510 113 50 auch

1819 589 70 48 die
1921 589 232 66 künftigen
2185 589 325 51 Geschlechter
2535 588 182 51 Freude
2746 589 89 50 und
2865 590 181 50 Genuss
3081 590 154 51 haben
3257 612 10 39 ;
3297 595 92 49 und

1820 691 51 31 so
1917 674 245 48 wünschen
2208 675 81 47 wir
2318 674 149 47 Herrn
2503 674 78 48 Dr.
2617 673 147 49 Franz
2798 674 121 50 Liszt
2961 692 86 32 von
3093 675 181 51 Herzen
3318 678 68 49 die

1820 755 297 68 vollständige
2136 757 284 66 Erreichung
2453 758 122 48 eines
2608 757 161 52 Zieles,
2802 758 79 49 das
2915 776 49 31 er
2995 759 79 48 mit
3107 777 49 32 so
3189 761 198 50 seltener

1821 841 243 49 Ausdauer
2096 842 217 63 verfolgt;
2356 841 81 49 wir
2470 842 248 49 wünschen
2749 843 88 50 ihm
2873 842 108 52 aber
3014 844 156 50 mehr:
3205 846 102 49 dass
3339 865 50 31 er

1819 926 43 49 in
1895 924 80 51 der
2002 926 202 49 Zukunft
2247 926 203 49 Musiker
2490 926 152 49 finden
2686 931 153 63 möge,
2884 927 69 49 die
3000 929 381 66 gewissenhafter

1820 1009 93 50 und
1960 1009 240 68 gerechter
2247 1009 41 50 in
2338 1011 80 48 der
2470 1009 301 68 Behandlung
2827 1012 191 51 seiner
3058 1013 327 69 Schöpfungen

1821 1093 114 59 sind,
1965 1093 63 50 als
2060 1111 50 32 er
2139 1111 50 32 es
2220 1095 56 48 ist
2308 1092 265 67 gegenüber
2604 1093 101 51 dem
2738 1112 192 49 grossen
2964 1098 196 59 Todten,
3194 1097 80 51 der
3302 1100 85 49 seit

1821 1176 129 49 mehr
1980 1176 65 49 als
2077 1176 143 51 einem
2252 1178 314 49 Jahrhundert
2610 1178 122 50 seine
2764 1180 147 49 Musik
2958 1199 84 31 von
3075 1182 79 50 der
3184 1182 203 51 Zukunft

1821 1260 138 49 feiern
1992 1260 129 50 sieht.

1945 1345 103 48 Nun
2082 1345 68 48 die
2182 1345 214 49 Solisten.
2458 1346 122 50 Herr
2617 1346 248 51 Schneider
2906 1366 81 32 aus
3031 1350 186 67 Leipzig
3263 1352 122 50 steht

1820 1427 141 50 durch
1983 1427 120 50 seine
2122 1429 224 66 Leistung
2369 1430 79 48 auf
2473 1430 86 51 den
2592 1430 159 51 beiden
2780 1434 184 64 vorigen
2991 1435 167 49 Festen
3191 1435 41 51 in
3267 1439 87 48 Düs-

1820 1511 173 51 seldorf
2031 1511 41 50 in
2119 1511 174 50 bestem
2343 1514 252 50 Andenken
2638 1515 59 49 im
2740 1516 307 60 Rheinlande;
3104 1519 114 49 auch
3265 1521 94 51 dies-

1821 1596 84 48 mal
1940 1596 55 48 ist
2026 1614 48 30 er
2105 1596 122 50 nicht
2251 1596 147 48 hinter
2423 1597 169 51 seinem
2611 1599 117 51 Rufe
2755 1600 63 48 als
2843 1601 401 65 ausgezeichneter
3263 1605 89 51 Ora-

1820 1680 319 66 toriensänger
2155 1680 425 66 zurückgeblieben,
2597 1700 131 32 wenn
2747 1683 113 49 auch
2877 1684 67 48 die
2957 1685 329 51 Tenor-Partie
3302 1689 78 49 des

1820 1764 188 49 Messias
2041 1764 169 49 seinem
2241 1764 188 49 Naturel
2463 1765 200 67 weniger
2693 1777 175 55 zusagt,
2915 1768 62 48 als
3011 1769 70 48 die
3116 1770 127 48 mehr
3274 1773 82 57 lyri-

1820 1848 106 48 sche
1971 1849 56 47 im
2063 1848 115 48 Elias
2213 1849 89 47 und
2336 1848 80 49 der
2448 1849 279 66 Schöpfung.
2778 1851 272 65 Vorzüglich
3091 1853 164 67 gelang
3287 1857 90 48 ihm

1820 1931 70 49 die
1932 1949 159 48 grosse
2124 1931 108 50 Arie
2262 1933 76 48 Nr.
2380 1931 46 56 1,
2478 1934 69 57 ,T
2553 1938 144 44 röstet
2959 1937 51 48 In
3053 1937 87 49 den
3188 1938 191 67 übrigen

1820 2017 249 47 Nummern
2114 2015 175 50 leistete
2319 2033 50 32 er
2401 2017 161 48 höchst
2594 2017 556 60 Anerkennenswerthes,
3192 2022 184 50 obwohl

1819 2098 70 49 die
1922 2099 108 48 Arie
2072 2100 104 58 „Du
2209 2100 279 65 zerschlägst
2669 2102 86 49 den
2788 2102 185 49 Timbre
3019 2104 122 50 eines
3174 2105 202 53 Helden-

1819 2183 176 49 Tenors
2027 2184 225 50 erfordert
2291 2184 91 50 und
2415 2184 69 50 die
2515 2184 169 51 andere
2724 2185 101 50 dem
2860 2188 154 50 Tenor
3046 2188 331 70 übertragene:

1829 2267 241 57 „Erwach'
2097 2286 52 29 zu
2176 2267 190 49 Liedern
2392 2267 80 49 der
2774 2271 98 49 eine
2888 2271 205 50 Bravour
3125 2276 90 47 und
3248 2276 133 50 einen

1820 2351 140 49 Glanz
1993 2349 79 51 des
2098 2351 184 66 Organs
2307 2361 299 49 voraussetzt,
2638 2353 212 57 welcher,
2884 2354 265 51 verbunden
3183 2358 77 50 mit
3293 2359 86 50 den

1820 2433 191 67 übrigen
2045 2436 69 48 lür
2144 2436 79 48 das
2256 2436 264 49 Oratorium
2554 2437 216 66 nöthigen
2801 2438 365 67 Eigenschaften,
3210 2460 81 33 uns
3325 2462 54 31 an

1821 2518 176 50 keinem
2028 2518 271 51 Tenoristen
2332 2519 80 50 der
2443 2519 166 51 letzten
2642 2521 98 49 Zeit
2771 2523 356 65 vorgekommen
3163 2526 68 49 ist.
3292 2530 84 47 Die

1820 2602 344 67 Vielseitigkeit,
2196 2603 70 50 die
2290 2603 93 50 sich
2404 2603 425 69 widersprechende
2845 2608 147 49 Natur
3020 2608 82 49 der
3121 2611 259 66 Aufgaben,

1824 2686 69 49 die
1922 2685 350 50 übertriebenen
2299 2687 406 67 Anstrengungen,
2738 2690 172 49 welche
2940 2691 85 49 den
3056 2693 218 66 Organen
3309 2695 70 49 bei

1824 2770 80 49 der
1936 2770 250 49 modernen
2206 2770 259 67 Stimmung
2498 2772 92 48 und
2619 2773 262 66 Besetzung
2904 2775 77 48 des
3000 2776 276 52 Orchesters
3302 2798 52 31 zu-

1824 2855 239 63 gemuthet
2096 2853 198 59 werden,
2321 2855 269 51 verhindern
2609 2856 107 66 jene
2740 2857 136 51 letzte
2892 2859 155 67 Pflege
3071 2862 92 49 und
3182 2864 199 67 Bildung

1823 2940 81 47 der
1935 2937 389 66 Gesangeskunst,
2357 2937 171 50 welche
2559 2940 182 49 frühere
2769 2941 222 51 Perioden
3024 2944 80 48 der
3121 2945 147 51 Musik
3301 2965 52 46 ge-

1823 3021 139 48 kannt
1995 3020 159 51 haben.
2204 3022 120 47 Herr
2355 3022 249 50 Schneider
2634 3024 56 49 ist
2721 3024 124 49 einer
2876 3025 81 51 der
2990 3029 204 64 wenigen
3226 3030 125 51 streb-

1821 3123 155 30 samen
1994 3105 286 56 Tenoristen,
2313 3105 170 49 welche
2514 3106 67 50 ein
2614 3107 164 50 ideales
2799 3109 92 49 Ziel
2925 3110 80 50 des
3033 3111 235 69 Gesanges
3295 3116 81 50 mit

1821 3187 158 67 Erfolg
2009 3189 56 48 im
2086 3189 132 65 Auge
2249 3189 167 54 halten,
2449 3190 171 50 welche
2643 3191 56 49 im
2730 3191 191 69 Kampfe
2952 3194 80 49 mit
3064 3195 101 51 dem
3201 3203 150 45 zerstö-

1820 3273 170 49 renden
2025 3273 233 49 Elemente
2302 3274 242 49 moderner
2589 3275 342 52 Theatermusik
2980 3279 98 49 eine
3121 3281 99 50 edle
3252 3284 91 50 Ton-

1819 3355 203 67 bildung,
2070 3356 202 50 Feinheit
2314 3358 90 48 und
2436 3358 116 48 Adel
2600 3359 76 49 des
2710 3360 249 68 Vortrages
3005 3363 244 53 bewahren
3282 3368 91 49 und

1820 3440 202 66 pflegen;
2069 3458 48 32 er
2163 3440 117 66 zeigt
2326 3440 119 50 diese
2479 3441 345 67 Eigenschaften
2859 3445 187 59 überall,
3093 3466 72 31 wo
3197 3468 49 31 er
3277 3453 72 48 auf-

1816 3524 124 55 tritt;
1973 3523 115 49 beim
2125 3523 296 67 diesjährigen
2455 3525 134 50 Feste
2618 3544 151 33 waren
2802 3529 61 48 sie
2895 3547 69 30 am
2999 3529 372 55 bedeutsamsten

1818 3608 40 48 in
1903 3609 80 47 der
2013 3608 300 66 Ausführung
2359 3609 80 48 der
2482 3610 296 68 schwierigen
2811 3612 108 49 Arie
2967 3613 81 49 der
3094 3617 278 51 Bach'schen

1818 3690 217 51 Cantate:
2078 3693 123 55 „Des
2236 3692 161 49 Vaters
2430 3693 190 49 Stimme
2651 3695 103 49 liess
2785 3694 92 51 sich

1943 3775 82 47 Die
2053 3774 254 51 Alt-Partie
2332 3774 164 51 befand
2530 3777 90 49 sich
2655 3777 39 48 in
2730 3778 85 48 den
2848 3779 193 50 Händen
3072 3781 125 49 einer
3230 3781 119 49 Dilet-

1816 3859 143 49 tanlin
1993 3861 53 47 A.
2065 3859 50 50 T.
2150 3877 79 32 aus
2261 3861 307 49 Amsterdam.
2603 3862 60 48 Es
2698 3862 145 49 freute
2876 3881 97 38 uns,
3006 3864 41 49 in
3079 3864 147 49 dieser
3257 3867 86 47 Sän-

1815 3942 123 62 gerin
1969 3943 123 50 einer
2124 3943 219 50 wahrhaft
2361 3943 342 51 musicalischen
2723 3947 144 48 Natur
2888 3966 52 29 zu
2962 3946 254 66 begecnen,
3249 3949 124 50 einer

1818 4026 275 57 Künstlerin,
2143 4027 170 49 welche
2363 4027 320 51 Verständniss
2731 4029 76 49 mit
2853 4029 156 49 echter
3039 4031 336 68 Begeisterung

1813 4109 69 47 für
1914 4109 68 49 die
2015 4109 148 50 Musik
2197 4109 234 50 verbindet
2478 4111 89 48 und
2596 4112 149 50 dieser
2778 4112 157 48 Göttin
2968 4130 74 32 um
3078 4115 123 48 ihrer
3230 4115 145 50 selbst

1815 4193 145 50 willen
2008 4195 78 48 mit
2131 4195 138 49 voller
2302 4193 276 68 Hingebung
2625 4196 79 48 der
2745 4196 132 49 Seele
2920 4196 136 58 dient,
3103 4198 118 50 ohne
3253 4201 123 66 Spur
