2616 3334
261 427 93 27 mußte
368 428 53 26 sich
435 428 64 26 auch
515 428 34 25 im
562 427 162 26 sechzehnten
734 423 166 36 Jahrhundert
913 422 40 25 die
964 419 104 27 Freiheit
1078 418 41 25 des

262 467 120 26 Verkehrs
398 474 71 19 unter
483 467 65 26 allen
562 466 156 26 Umständen
732 465 109 29 sichern,
861 463 41 26 das
918 458 96 29 Schloß
1032 459 25 26 in
1078 457 43 25 der

262 507 70 25 Stadt
346 507 69 26 hätte
430 507 43 25 ihn
488 516 59 16 vom
561 505 181 27 Wohlwollen
757 504 41 25 der
809 499 173 39 Bürgerschaft
997 497 124 35 abhängig

262 546 123 35 gemacht.
408 546 60 25 Eine
479 546 121 25 herrliche
612 544 191 35 Gartenanlage,
814 543 43 25 der
867 541 102 35 heutige
980 537 140 36 Hofgarten

264 585 94 35 (gleich
372 584 58 26 dem
444 585 119 35 Zwinger
577 584 26 26 in
618 584 122 29 Dresden,
760 583 57 25 dem
832 584 146 33 Lustgarten
991 579 26 25 in
1032 576 88 29 Berlin,

262 624 58 26 dem
349 623 163 36 Königsplatz
543 623 24 27 in
595 623 133 36 Stuttgart)
756 629 86 28 zeugte
873 630 60 16 vom
961 618 159 37 gesteigerten

262 663 106 26 Lebens-
383 663 52 26 und
450 662 214 27 Luxusbedürfnis
680 662 40 26 des
734 664 100 24 Fürsten
848 660 42 26 der
904 659 170 26 Renaissance.

322 705 29 23 Es
378 712 55 16 war
457 700 41 28 für
522 702 40 26 die
588 700 183 36 Entwicklung
796 700 42 26 der
861 698 70 27 Stadt
957 698 39 25 ein
1021 695 87 26 bestim-

263 742 99 25 mendes
375 742 123 35 Ereignis,
510 740 54 27 dafs
578 740 43 26 das
634 740 114 26 absolute
755 742 156 24 Fürstentum
920 738 39 25 des
968 735 155 27 siebzehnten

263 781 52 25 und
331 780 163 26 achtzehnten
505 779 186 34 Jahrhunderts,
707 780 34 25 als
759 789 24 16 es
799 779 52 26 sich
868 779 34 25 im
913 775 94 29 Gefühl
1019 773 104 35 völliger

263 820 136 25 Sicherheit
420 820 66 25 seine
504 818 172 37 weitläufigen
697 817 183 37 unbefestigten
894 819 171 24 Sommersitze
1079 822 30 16 an-

263 859 78 35 legte,
363 859 66 25 diese
450 859 70 25 nicht
541 859 46 25 mit
608 858 57 26 dem
679 856 198 28 Winterschlofs
896 856 42 26 der
957 853 119 28 Residenz
1097 851 26 26 in

264 899 164 34 organischen
440 898 219 34 Zusammenhang
670 897 109 30 brachte,
791 898 50 24 wie
853 896 41 26 das
906 896 26 25 in
943 894 65 27 Paris
1019 893 46 25 mit
1076 891 47 25 den

262 938 128 25 Tuilerien
401 937 87 26 bereits
508 938 35 24 im
558 937 162 25 sechzehnten
727 936 167 34 Jahrhundert
909 933 136 38 geschehen
1060 939 63 18 war.

264 977 89 26 Gleich
363 976 130 26 Versailles
505 977 81 34 liegen
597 975 173 26 Schleifsheim
785 976 51 25 und
849 972 202 38 Nymphenburg
1062 976 61 20 weit

264 1015 129 32 draufsen,
414 1026 47 15 nur
480 1015 63 26 nach
561 1015 203 36 Nymphenburg
783 1015 31 25 ist
833 1009 130 31 München
981 1010 48 27 fast
1046 1010 77 25 schon

263 1054 250 37 hinausgewachsen.
536 1054 65 26 Aber
612 1054 42 26 der
669 1054 95 26 direkte
775 1053 218 34 Zusammenhang
1008 1050 46 26 mit
1068 1048 56 26 dem

265 1096 119 24 Zentrum
399 1092 70 28 fehlt.
505 1096 63 23 Man
585 1092 67 27 muß
670 1094 54 25 sich
738 1092 48 27 auf
797 1093 56 26 dem
868 1090 128 37 Stadtplan
1011 1095 46 20 erst
1072 1086 52 29 klar

265 1134 115 29 machen,
395 1132 54 27 dafs
465 1133 39 26 die
518 1131 215 32 Briennerstrafse,
753 1132 40 26 die
808 1131 78 27 durch
907 1131 40 26 das
967 1127 100 29 Rondel
1085 1127 39 25 des

265 1172 228 36 Karolinenplatzes
512 1171 183 26 unterbrochen
715 1171 51 26 und
786 1172 67 25 noch
873 1170 91 26 einmal
986 1168 77 26 durch
1086 1166 39 25 die

262 1212 138 35 Propyläen
414 1211 41 25 des
471 1211 188 36 Königsplatzes
679 1211 141 36 abgesperrt
837 1210 74 29 wird,
931 1206 133 38 eigentlich
1084 1204 39 26 die

261 1250 84 36 grofse
359 1250 211 26 Verkehrsstrafse
585 1251 69 24 hätte
669 1251 51 24 sein
734 1250 87 30 sollen,
842 1249 38 26 die
896 1249 34 25 im
944 1244 133 30 Anschluß
1093 1253 30 16 an

264 1291 52 25 ihre
329 1291 168 33 Fortsetzung,
511 1290 41 25 die
566 1289 231 36 Nymphenbürger
816 1287 105 31 Straße,
936 1296 60 17 vom
1010 1286 97 25 Winter-

263 1328 93 27 schlofs
377 1330 64 24 nach
456 1329 59 25 dem
529 1328 209 26 Sommerschloß
753 1327 78 26 führt.
868 1327 85 25 Durch
969 1325 38 26 die
1022 1325 45 25 Art
1081 1322 42 25 der

262 1369 97 35 Anlage
378 1368 53 25 und
449 1368 135 35 Bebauung
602 1368 31 25 ist
651 1369 34 24 sie
705 1369 54 24 eine
778 1368 57 25 dem
849 1369 82 23 Strom
946 1365 40 26 des
1002 1361 121 28 Verkehrs

262 1407 133 26 entrückte
410 1407 178 26 Gartenstrafse
603 1407 146 35 geworden.

321 1446 65 27 Aber
405 1456 76 16 wenn
496 1446 64 26 auch
579 1446 39 25 die
636 1446 100 35 grofsen
750 1445 200 35 Gartenanlagen
969 1443 63 25 eines
1047 1440 64 25 fürst-

262 1486 83 26 lichen
363 1485 182 26 Sommersitzes
571 1485 58 26 kein
648 1485 149 26 Bestandteil
821 1485 43 25 der
886 1493 80 16 neuen
989 1480 68 27 Stadt
1081 1487 28 26 ge-

263 1525 106 26 worden
384 1524 64 31 sind,
464 1525 39 26 ein
517 1524 165 37 Aequivalent
701 1523 41 27 für
756 1524 47 26 den
818 1524 142 35 Tiergarten
975 1519 90 28 Berlins
1081 1518 42 24 hat

263 1564 130 25 München
409 1564 78 25 durch
505 1564 39 25 die
563 1566 118 34 Fürsorge
700 1564 78 25 seiner
794 1565 102 24 Fürsten
914 1559 116 29 dennoch
1045 1558 64 26 erhal-

263 1611 49 23 ten,
328 1604 46 25 den
394 1603 142 36 englischen
554 1606 94 23 Garten
666 1603 83 25 hinter
770 1602 43 26 der
830 1601 120 27 Residenz
971 1598 52 27 und
1044 1599 79 34 später

262 1641 48 27 auf
321 1643 56 25 dem
391 1643 101 25 rechten
506 1641 108 26 Isarufer
628 1642 40 25 die
681 1641 285 36 Maximiliansanlagen.

322 1683 48 24 Der
388 1682 124 35 englische
527 1684 93 24 Garten
640 1682 60 35 liegt
719 1691 62 25 ganz
801 1680 140 26 außerhalb
962 1678 41 26 der
1023 1674 98 38 grofsen

261 1720 180 35 Straßenzüge.
477 1721 77 25 Keine
566 1721 71 25 Allee
657 1720 72 26 führt
749 1721 137 29 hindurch,
908 1719 49 25 wie
978 1716 77 27 durch
1076 1712 45 27 den

262 1761 106 25 Berliner
382 1761 145 34 Tiergarten
543 1760 39 25 die
597 1760 239 35 Charlottenburger
852 1759 135 27 Chaussee,
1007 1765 24 15 er
1046 1753 76 25 bildet

261 1799 54 26 eine
330 1799 104 26 Enclave
450 1799 44 25 mit
509 1799 113 25 ziemlich
637 1799 175 35 schwierigem
833 1798 53 25 und
905 1794 152 29 versteckten
1072 1794 34 22 Zu-

261 1849 77 25 gang,
358 1838 53 26 und
429 1838 39 26 die
488 1838 111 26 schönen
615 1840 83 33 Wege
716 1838 52 26 und
790 1836 162 27 Fahrstraßen
972 1833 90 27 führen
1079 1838 44 17 aur

263 1877 58 26 kein
336 1877 93 36 großes
445 1877 61 27 Ziel.
539 1877 72 26 Diese
631 1877 249 36 Abgeschlossenheit
903 1875 49 26 und
971 1870 151 29 Einsamkeit

262 1917 85 26 macht
372 1917 84 26 seinen
481 1915 137 28 Charakter
642 1926 51 17 aus.
729 1918 31 24 Er
783 1916 31 25 ist
839 1915 39 26 ein
902 1912 78 28 Stück
1003 1916 120 21 einsamer

263 1957 84 24 Natur
361 1957 89 24 mitten
466 1956 25 25 in
506 1956 43 25 der
562 1955 100 36 grofsen
677 1955 77 26 Stadt.

322 1995 111 36 Ludwig
447 1995 28 31 1.,
489 1994 42 26 der
545 1995 142 36 Begründer
704 2004 51 17 von
773 1993 198 27 Neumünchen,
988 1988 84 27 führte
1085 1987 40 24 die

265 2035 65 25 nach
349 2035 54 25 ihm
422 2034 123 25 benannte
564 2034 175 36 Hauptstraße
759 2044 40 16 am
820 2032 61 27 Park
901 2030 100 34 entlang
1020 2027 49 26 und
1089 2034 24 16 er-

263 2074 104 25 richtete
381 2074 39 25 die
435 2074 147 25 Palastreihe
597 2075 51 24 wie
667 2075 54 24 eine
739 2073 112 35 hegende
861 2075 89 22 Mauer
969 2069 84 25 davor.
1076 2066 49 24 Das

263 2112 148 36 großartige
426 2112 172 31 Straßennetz,
613 2113 41 25 das
670 2123 24 16 er
708 2113 116 36 angelegt
838 2111 52 26 und
905 2110 45 26 mit
965 2106 159 28 öffentlichen

265 2153 97 25 Plätzen
381 2152 52 25 und
453 2152 272 26 Monumentalbauten
742 2157 159 30 ausgestattet
921 2150 56 27 hat,
996 2155 50 17 wie
1067 2152 57 17 man

265 2191 80 26 durch
364 2191 169 26 Schrittsteine
554 2191 47 26 den
620 2193 70 35 Weg
709 2191 60 26 über
785 2191 53 26 eine
853 2189 74 27 Fürth
946 2185 129 28 markiert,
1095 2187 30 20 ist

265 2230 74 27 heute
353 2230 49 26 fast
416 2241 63 25 ganz
494 2230 99 27 bebaut.
621 2230 66 27 Aber
701 2241 23 15 es
739 2231 32 25 ist
785 2240 46 16 nur
845 2230 53 25 eine
913 2223 156 30 Wohnstadt
1084 2230 28 26 ge-

265 2269 113 27 worden.
408 2272 49 24 Das
476 2270 80 26 Leben
577 2270 43 26 hat
637 2269 67 27 noch
724 2270 70 26 nicht
808 2267 92 28 einmal
918 2266 39 25 die
970 2272 76 28 ganze
1059 2261 50 25 Lud-

265 2308 140 37 wigstrafse
419 2307 93 28 erfüllt.
535 2312 49 23 Der
599 2310 141 25 Münchner
753 2307 90 28 schafft
859 2307 50 26 und
923 2302 104 38 genießt
1038 2307 87 19 immer

267 2349 67 25 noch
349 2358 31 16 an
395 2348 47 26 den
457 2351 95 23 Stätten
566 2349 41 25 des
622 2349 65 25 alten
703 2347 150 27 Stadtkerns.

324 2390 79 24 Unter
422 2388 161 25 Maximilian
604 2387 90 26 wurde
715 2388 39 25 ein
775 2396 73 16 neuer
869 2381 113 30 Stadtteil
1003 2377 121 37 angelegt,

266 2426 84 27 dessen
373 2426 173 37 Hauptstraße
572 2427 90 26 ebenso
690 2428 50 25 wie
767 2427 38 24 die
833 2418 207 39 Ludwigsstraße
1065 2423 59 19 vom

265 2466 240 36 Residenzkomplex
530 2466 102 36 abgeht,
656 2466 39 26 die
719 2460 244 31 Maximilianstraße
992 2458 46 26 mit
1068 2454 56 26 dem

265 2506 218 26 Maximilianeum
512 2506 34 26 als
575 2505 134 27 Abschluß
739 2506 65 25 einer
831 2501 100 38 grofsen
963 2493 160 38 Perspektive.

265 2545 62 26 Hier
351 2545 31 26 ist
405 2545 43 25 der
472 2547 55 28 Ort,
549 2555 44 16 wo
618 2545 41 26 das
683 2551 79 20 ernste
786 2542 155 36 Experiment
961 2537 63 25 eines
1046 2540 77 18 neuen

265 2583 56 27 Stils
347 2585 115 25 versucht
488 2584 89 26 wurde
599 2583 49 27 und
676 2582 168 37 mißglückte.
886 2578 72 27 Doch
983 2572 81 28 dürfte
1085 2570 39 24 die

265 2623 139 27 Nachwelt
426 2622 59 27 über
505 2623 62 27 viele
589 2623 77 27 dieser
687 2625 94 24 Bauten
803 2620 71 26 nicht
897 2617 45 26 mit
970 2614 56 25 dem
1053 2611 58 23 über-

265 2662 102 36 legenen
382 2662 108 26 Lächeln
505 2662 113 31 urteilen,
633 2663 67 25 ohne
714 2662 42 26 das
771 2661 48 26 wir
833 2659 69 26 nicht
917 2653 170 28 auskommen.

323 2701 122 37 Ludwigs
460 2704 29 23 IL
508 2701 83 37 grofse
605 2702 74 25 Pläne
693 2717 38 4 —
745 2700 42 27 der
802 2694 156 39 Sempersche
971 2688 152 29 Theaterbau

265 2743 69 24 wäre
348 2741 66 25 ohne
428 2740 83 37 grofse
523 2741 197 35 Straßenanlage
735 2739 34 27 als
781 2737 105 28 Zufahrt
900 2732 69 28 nicht
983 2739 30 17 zu
1028 2727 95 26 denken

1198 423 112 27 gewesen
1335 428 32 3 —
1388 411 105 27 wurden
1521 410 161 26 bekanntlich
1707 411 120 30 vereitelt,
1856 412 51 26 und
1929 412 39 26 die
1989 414 50 24 Bau-

1198 452 149 36 freudigkeit
1370 450 74 26 dieses
1462 450 96 34 Königs
1577 449 30 25 ist
1624 449 71 25 nicht
1712 449 43 26 der
1773 450 153 35 Hauptstadt
1946 461 29 16 zu
1996 458 59 29 gute

1199 492 156 36 gekommen.
1390 491 63 24 Was
1475 488 80 36 gäben
1574 488 47 25 wir
1638 487 100 30 darum,
1757 492 67 22 wäre
1843 489 41 25 der
1900 490 154 26 Theaterbau

1199 529 143 37 ausgeführt
1356 528 112 26 worden.

1257 571 82 24 Heute
1353 568 43 25 hat
1410 566 40 26 der
1464 566 152 34 Prinzregent
1635 565 25 25 in
1680 564 60 26 aller
1754 565 69 26 Stille
1837 565 39 26 die
1889 566 164 26 Traditionen

1199 610 76 27 seiner
1294 610 143 33 Vorgänger
1456 604 92 27 wieder
1569 603 200 35 aufgenommen.
1797 604 102 26 Freilich
1918 605 70 26 nicht
2006 605 47 26 den

1199 649 59 27 Plan
1275 647 120 34 Ludwigs
1409 647 38 28 IL,
1467 644 53 26 eine
1538 641 207 36 Triumphstraße
1763 643 24 24 in
1806 642 43 26 der
1868 643 186 35 Verlängerung

1199 689 42 26 der
1254 684 170 37 Liebigstraße
1438 682 59 27 über
1511 681 38 27 die
1563 682 49 24 Isar
1629 681 63 25 nach
1707 681 57 25 dem
1782 681 130 35 geplanten
1928 682 113 35 Festspiel-

1199 730 61 24 haus
1275 724 46 28 auf
1329 726 56 24 dem
1395 723 85 26 hohen
1491 720 98 27 rechten
1600 718 103 27 Isarufer
1717 729 28 15 zu
1760 718 99 27 führen.
1880 721 31 24 Er
1925 720 30 25 ist
1966 720 87 26 weiter

1199 768 216 32 hinausgegangen
1433 760 51 27 und
1504 761 43 25 hat
1565 759 41 26 das
1624 758 102 25 Terrain
1745 758 40 25 des
1806 758 65 25 alten
1889 757 163 36 Triftgartens

1199 808 27 25 in
1243 805 42 26 der
1304 803 144 33 Niederung
1466 809 44 16 vor
1528 798 55 27 dem
1602 797 140 35 englischen
1757 798 92 24 Garten
1863 797 108 26 benutzt.
1999 797 57 26 Auf

1200 846 39 25 die
1254 843 122 28 Initiative
1390 842 40 25 des
1445 840 182 33 Prinzregenten
1642 836 51 24 und
1707 842 71 18 unter
1791 834 142 26 namhafter
1946 835 105 26 Beihilfe

1201 895 42 17 aus
1257 884 77 25 seiner
1348 877 199 30 Privatschatulle
1561 876 43 26 hat
1618 875 42 25 der
1673 875 130 34 Magistrat
1817 874 39 25 die
1871 874 165 34 Straßenregu-

1201 925 97 32 lierung
1312 921 184 25 übernommen.
1522 919 47 22 Der
1580 914 153 35 Prinzregent
1747 913 94 25 bestritt
1856 913 39 25 die
1903 915 93 23 Kosten
2011 913 41 26 der

1201 962 94 28 Brücke
1320 960 58 25 über
1401 958 40 26 die
1460 958 48 25 Isar
1533 954 48 26 und
1606 953 42 26 der
1671 952 142 35 mächtigen
1834 953 139 24 Terrassen-
1998 952 51 25 und

1201 1000 197 39 Treppenanlage
1419 1007 40 16 am
1478 994 142 37 jenseitigen
1641 990 68 30 Ufer,
1730 991 38 25 die
1790 1000 49 17 von
1863 990 86 26 beiden
1971 991 79 25 Seiten

1203 1042 76 26 durch
1297 1040 39 25 die
1351 1035 104 28 Schleife
1474 1035 41 26 der
1528 1031 119 28 Auffahrt
1662 1029 194 36 eingeschlossen
1873 1029 73 26 wird.
1973 1030 77 25 Noch

1203 1081 62 26 fehlt
1293 1079 40 26 das
1366 1073 154 29 bekrönende
1547 1068 286 36 Monumentalgebäude
1861 1068 117 26 oberhalb
2011 1068 40 25 der

1202 1123 123 28 Terrasse,
1343 1117 56 26 aber
1413 1119 67 21 sonst
1497 1111 54 27 sind
1570 1110 46 26 alle
1630 1108 113 35 Anlagen
1757 1107 82 35 fertig,
1856 1107 66 26 auch
1937 1107 41 26 das
1994 1107 43 26 Blu-

1204 1164 170 31 menparterre,
1388 1155 43 25 das
1444 1162 30 16 zu
1489 1151 85 26 beiden
1589 1149 79 25 Seiten
1683 1146 41 26 der
1738 1156 90 26 grauen
1837 1147 213 25 Terrassenmauer

1203 1200 51 25 sich
1265 1195 122 28 erstreckt.
1410 1194 44 24 Ein
1468 1188 199 40 Springbrunnen
1679 1185 138 26 bezeichnet
1828 1184 46 26 den
1885 1184 165 37 Mittelpunkt

1201 1239 91 28 davor,
1312 1236 38 25 die
1364 1231 94 29 Brücke
1471 1231 30 25 ist
1519 1228 66 27 reich
1599 1227 46 25 mit
1666 1223 206 28 Bildhauerarbeit
1887 1230 163 29 ausgestattet.

1260 1278 56 23 Von
1337 1274 41 26 der
1392 1270 170 36 Bogenhauser
1575 1268 109 24 Terrasse
1702 1262 105 38 genießt
1825 1272 58 17 man
1902 1262 53 26 eine
1969 1261 65 36 groß-

1202 1316 76 35 artige
1292 1312 114 28 Aussicht
1420 1310 58 25 über
1491 1309 42 25 das
1551 1303 227 35 breithingelagerte
1791 1302 137 25 München.
1963 1303 86 24 Wenn

1202 1362 46 20 erst
1272 1354 38 26 die
1335 1350 112 35 würdige
1468 1345 160 34 Verbindung
1652 1343 42 25 der
1717 1342 196 35 Prinzregenten-
1938 1340 46 26 mit
2009 1339 41 27 der

1202 1389 192 39 Ludwigstraße
1409 1385 138 38 hergestellt
1561 1384 39 30 ist,
1615 1391 74 17 wenn
1703 1379 186 27 monumentale
1904 1381 93 24 Bauten
2011 1379 38 26 die

1202 1432 87 28 Straße
1304 1428 119 28 einfassen
1436 1417 44 43 —■
1488 1426 41 26 das
1542 1421 237 28 Nationalmuseum
1794 1417 84 27 erhebt
1897 1418 53 25 sich
1964 1417 86 26 bereits

1202 1483 31 16 an
1254 1472 40 25 der
1314 1468 130 27 Nordseite
1455 1457 11 42 ■
1466 1481 34 4 —
1518 1464 65 25 dann
1602 1460 65 27 wird
1690 1460 76 24 dieser
1787 1468 61 15 neue
1870 1457 121 30 Stadtteil,
2012 1457 39 25 die

1201 1506 261 38 Prinzregentenstadt,
1485 1504 45 26 den
1556 1500 173 27 vornehmsten
1749 1497 77 26 Trakt
1850 1497 39 25 des
1916 1496 133 25 modernen

1201 1549 140 27 Münchens
1356 1546 91 26 bilden.

1259 1590 27 23 In
1301 1587 47 26 den
1363 1586 87 25 letzten
1460 1583 87 35 Jahren
1561 1580 42 26 hat
1618 1578 41 26 der
1673 1577 152 34 Prinzregent
1839 1575 64 25 auch
1918 1575 56 25 dem
1984 1575 51 24 Hof-

1200 1635 85 29 garten
1299 1625 132 27 besondere
1447 1623 77 35 Pflege
1539 1617 151 37 angedeihen
1705 1615 85 27 lassen.
1816 1614 45 25 Die
1876 1614 122 35 Anlagen,
2013 1613 38 25 die

1201 1667 86 26 zuletzt
1298 1675 46 16 nur
1353 1664 66 26 noch
1430 1673 43 16 aus
1484 1663 79 24 einem
1572 1655 135 37 Kiesgrund
1719 1654 46 26 mit
1773 1656 109 24 Bäumen
1893 1653 50 25 und
1955 1653 97 35 einigen

1201 1703 149 38 verstopften
1369 1702 196 37 Springbrunnen
1579 1694 144 30 bestanden,
1737 1693 53 26 sind
1805 1692 46 27 mit
1866 1691 186 36 regelmäßigen

1200 1743 176 29 Rasenflächen
1396 1742 127 26 versehen,
1545 1736 39 26 die
1604 1736 114 24 Brunnen
1740 1732 138 37 plätschern
1899 1731 92 26 wieder
2005 1731 47 26 mit

1200 1783 106 27 starkem
1323 1780 80 27 Strahl
1421 1779 52 26 und
1491 1778 42 25 der
1552 1772 166 29 entzückende
1738 1771 112 26 Pavillon
1869 1770 26 25 in
1913 1769 42 26 der
1969 1770 83 29 Mitte,

1200 1824 49 25 eins
1269 1822 41 25 der
1327 1817 245 35 liebenswürdigsten
1591 1810 164 28 Kunstwerke
1775 1810 140 25 Münchens
1935 1808 52 27 und
2008 1819 46 16 vor

1200 1862 115 34 wenigen
1328 1859 86 33 Jahren
1429 1865 61 27 ganz
1504 1852 129 29 verfallen,
1654 1852 30 24 ist
1698 1850 92 26 wieder
1804 1850 25 24 in
1844 1848 59 27 alter
1917 1848 136 26 Schönheit

1199 1898 146 37 hergestellt.
1367 1896 73 27 Auch
1453 1895 39 24 die
1507 1892 165 27 verwitterten
1682 1889 116 26 Arkaden
1812 1889 45 24 mit
1872 1888 69 25 ihren
1951 1887 101 26 Fresken

1199 1939 100 27 werden
1326 1935 145 27 restauriert.
1509 1932 43 26 Als
1580 1930 39 26 ich
1649 1935 76 19 zuerst
1752 1927 93 27 wieder
1869 1926 78 26 durch
1972 1926 79 26 diesen

1203 1980 107 26 schönen
1331 1973 204 34 wohlumhegten
1550 1973 144 31 Lustgarten
1712 1968 137 29 wanderte,
1869 1965 59 26 kam
1946 1966 48 25 mir
2012 1966 42 26 der

1203 2016 127 29 Wunsch,
1351 2023 25 16 er
1396 2012 99 27 möchte
1515 2010 65 26 nach
1600 2008 59 26 alter
1673 2007 84 26 Weise
1772 2006 92 27 wieder
1885 2005 34 26 als
1937 2005 100 26 Blumen-

1203 2064 84 27 garten
1301 2053 113 36 angelegt
1428 2050 108 27 werden.
1558 2051 49 23 Das
1618 2046 61 37 gäbe
1694 2046 38 26 ein
1744 2046 95 27 wahres
1848 2044 107 28 Kleinod
1966 2045 88 25 mitten

1204 2098 22 26 in
1243 2096 40 26 der
1298 2090 139 30 Großstadt
1455 2089 49 26 und
1523 2090 67 24 wäre
1607 2085 102 38 nirgend
1726 2086 26 25 in
1768 2084 166 27 Deutschland
1950 2084 90 26 wieder-

1203 2134 120 28 zufinden.
1357 2131 46 25 Die
1424 2129 65 26 alten
1509 2128 87 28 Pläne,
1622 2126 41 25 die
1683 2135 29 15 zu
1732 2124 101 26 Grunde
1853 2123 80 37 gelegt
1954 2123 100 26 werden

1204 2175 119 26 könnten,
1335 2170 125 26 existieren
1470 2170 24 32 ja
1505 2167 74 26 noch.
1601 2167 62 24 Was
1678 2165 67 25 hätte
1757 2164 38 25 die
1808 2163 142 26 Münchner
1960 2163 94 36 Jugend

1204 2214 29 25 da
1248 2222 28 17 zu
1292 2210 78 27 malen
1377 2209 6 30 I

1260 2330 87 26 Wenn
1366 2326 53 26 sich
1444 2326 74 25 heute
1543 2323 38 26 die
1606 2322 141 26 Münchner
1776 2320 227 38 Stadtverwaltung
2026 2331 29 17 zu

1203 2370 46 26 den
1260 2366 194 28 künstlerischen
1464 2363 134 35 Prinzipien
1608 2361 115 30 bekennt,
1739 2360 39 26 die
1792 2361 39 25 die
1842 2361 98 36 Könige
1951 2363 104 33 Bayerns

1202 2410 26 24 in
1243 2416 96 17 unsenn
1348 2403 165 36 Jahrhundert
1524 2402 120 35 bethätigt
1657 2400 89 32 haben,
1762 2411 27 16 so
1801 2400 68 26 rührt
1884 2400 49 27 dies
1944 2400 98 27 zweifel-

1203 2449 36 25 los
1258 2455 50 17 von
1326 2445 42 26 der
1387 2442 165 35 Einwirkung
1570 2441 75 25 dieses
1660 2439 129 27 Vorbildes
1804 2440 49 26 her.
1884 2441 114 36 Nirgend
2012 2442 44 26 hat

1203 2487 51 26 sich
1268 2495 26 16 so
1309 2484 54 26 klar
1377 2483 49 26 wie
1441 2483 24 25 in
1480 2481 129 27 München
1623 2478 129 33 offenbart,
1772 2490 53 16 was
1840 2480 77 27 durch
1933 2481 123 27 bewußte

1204 2523 157 37 Kunstpflege
1375 2523 51 25 sich
1442 2521 121 27 erreichen
1579 2519 64 27 läfst.

1260 2565 62 24 Was
1333 2562 129 26 München
1470 2560 34 27 als
1515 2560 195 35 Stadtgemeinde
1723 2560 75 36 plant,
1813 2560 65 26 wird
1890 2571 45 16 uns
1947 2560 97 27 hoffent-

1202 2604 50 26 lich
1267 2613 31 16 an
1309 2602 77 25 dieser
1397 2601 72 25 Stelle
1480 2599 90 27 einmal
1581 2609 50 16 von
1642 2599 127 26 berufener
1780 2600 63 26 Seite
1856 2599 125 38 dargelegt
1993 2611 48 16 wer-

1203 2643 54 27 den.
1283 2643 30 25 Es
1324 2643 30 24 ist
1366 2640 115 30 bekannt,
1497 2639 52 27 dafs
1564 2639 38 26 bei
1614 2638 42 27 der
1664 2639 148 37 Gestaltung
1823 2640 40 26 des
1875 2641 168 27 Stadterweite-

1203 2681 156 37 rungsplanes
1376 2680 176 26 künstlerische
1567 2678 168 27 Rücksichten
1753 2681 53 25 sehr
1821 2680 66 27 stark
1901 2681 157 36 mitgewirkt

1203 2722 88 26 haben.
1747 2720 42 26 der
1800 2730 23 17 u.
1832 2731 20 16 a.
1865 2720 65 27 Prof.
1939 2721 117 27 Thiersch

1242 2919 0 0 255
