2616 3334
655 428 113 25 NIKIAS

750 477 78 28 Wer
849 475 84 29 sollte
954 472 113 31 fehlen?

677 533 71 24 LAIS

282 582 158 40 Diogenes.
481 583 39 29 Er
543 600 35 5 —
601 582 52 29 der
674 582 211 28 Berühmteste.

657 636 114 25 NIKIAS

282 687 80 29 Beim
383 688 86 39 Styx!
490 688 49 28 Du
560 686 191 29 wiederholst
771 685 58 29 den
852 684 76 29 alten
950 682 116 30 Scherz.

281 732 73 30 Wie
375 742 95 32 passte
492 743 39 25 er,
552 732 53 29 der
626 732 102 34 Hund,
749 731 52 28 der
821 729 183 30 Würdelose

282 787 38 20 zu
341 789 64 25 uns,
425 779 32 29 in
477 778 80 29 diese
578 776 176 31 leuchtende
775 775 243 37 Versammlung?

679 838 71 25 LAIS

283 888 51 31 Ich
354 891 120 28 scherze
496 889 90 30 nicht.
627 888 66 28 Sein
713 888 97 28 Name
830 886 37 29 ist
889 886 145 33 berühmt,

283 933 172 31 berühmter
475 935 56 28 fast
551 935 38 28 als
611 943 69 20 eure
703 934 117 28 Namen
840 931 77 29 sind:

283 990 56 19 vor
359 981 76 29 allen
454 980 126 30 Ändern
602 980 74 29 sieht
696 979 53 29 auf
764 979 52 29 ihn
837 978 50 29 das
908 976 87 30 Volk.

660 1041 114 24 NIKIAS

285 1091 36 30 Es
343 1092 75 29 sieht
438 1091 52 30 auf
504 1091 59 36 ihn,
585 1090 66 29 weil
673 1100 45 19 ers
739 1099 68 19 zum
828 1089 111 29 Hohne
960 1087 85 34 reizt;

285 1147 31 19 er
337 1138 94 29 selber
453 1138 78 38 giebt
552 1137 62 29 sich
635 1136 95 37 jedem
751 1135 103 39 Spotte
875 1134 86 40 preis.

284 1183 75 29 Von
379 1184 67 28 aller
466 1183 86 29 Welt
573 1182 130 29 verlacht
724 1181 62 28 sein
806 1197 37 4 —
864 1179 37 29 ist
922 1179 50 28 das
993 1178 112 29 Ruhm?

681 1244 70 23 LAIS

284 1295 35 28 In
338 1295 59 29 viel
417 1294 215 30 verschiednen
654 1293 111 28 Farben
786 1290 101 30 strahlt
909 1290 52 28 der
982 1289 105 29 Ruhm.

285 1341 151 38 Diogenes
456 1339 89 30 wirbt
565 1339 82 28 nicht
668 1348 49 19 um
740 1337 111 29 Volkes
873 1336 100 29 Gunst

285 1387 80 29 noch
385 1396 51 19 um
457 1386 46 29 die
525 1385 100 29 Gunst
646 1384 52 28 der
719 1382 170 38 Mächtigen
910 1381 40 29 im
971 1380 76 29 Staat
1066 1396 39 4 —

286 1432 80 29 doch
376 1449 39 4 —
426 1432 83 28 wollt
523 1431 46 29 ich
584 1430 167 33 herrschen,
766 1427 55 29 wie
834 1426 119 40 Aspasia
967 1424 134 30 herrscht
1111 1441 39 4 —

286 1487 50 19 um
357 1477 110 30 meine
490 1477 100 29 Gunst
616 1475 91 30 müfst
729 1484 31 19 er
781 1474 54 29 mir
856 1471 139 30 dennoch
1016 1470 134 29 werben!

622 1536 195 26 ALKIBIADES

286 1589 95 29 Nicht
400 1589 75 28 über
495 1587 111 30 Hunde
627 1587 58 28 will
707 1584 120 42 Aspasia
847 1582 161 32 herrschen
1031 1599 32 4 —

287 1634 47 30 die
355 1633 186 39 Niedrigkeit
563 1633 52 29 der
637 1632 115 29 Gassen
773 1632 36 27 ist
829 1631 45 28 ihr
895 1628 105 30 fremd.

653 1687 134 26 ASPASIA

631 1723 176 25 nachdenklich:

287 1771 69 30 Viel
376 1771 94 30 reden
490 1771 68 29 hört
578 1770 48 30 ich
646 1780 62 18 von
729 1769 149 38 Diogenes
900 1788 7 6 .
928 1788 8 7 .
957 1787 7 7 .

287 1817 42 30 Ist
349 1818 82 28 Alles
453 1817 88 35 wahr,
562 1826 57 20 was
641 1825 69 19 man
730 1824 62 19 von
812 1814 61 29 ihm
894 1812 127 29 erzählt?

662 1876 115 26 NIKIAS

288 1928 40 29 Er
348 1930 37 27 ist
405 1929 48 28 ein
473 1929 80 28 Narr
573 1926 62 30 und
657 1926 80 38 jeder
758 1924 141 30 Narrheit
918 1923 90 38 fähig:

288 1985 60 18 was
370 1974 39 29 du
431 1974 73 28 auch
525 1973 104 29 Tolles
651 1973 25 37 je
697 1981 62 20 von
779 1971 59 29 ihm
861 1978 205 25 vernommen,

290 2029 36 20 an
347 2020 94 30 seiner
462 2018 135 30 Tollheit
617 2018 141 28 Grenzen
779 2016 94 30 reicht
893 2025 30 19 es
944 2014 94 29 nicht!

656 2073 134 25 ASPASIA

290 2123 56 30 Ein
366 2125 80 29 Narr
464 2141 40 4 —
525 2123 52 28 der
598 2123 87 28 einen
707 2121 170 37 Mächtigen
897 2129 33 19 so
952 2119 117 37 erregt?

293 2169 29 29 O
344 2170 50 29 das
414 2170 38 29 ist
472 2168 185 30 wunderlich
679 2185 34 4 —
736 2167 110 28 erzählt
867 2164 54 30 mir
941 2164 91 29 mehr.

638 2222 171 26 EURIPIDES

292 2273 40 30 Er
351 2275 38 29 ist
409 2276 48 27 ein
478 2274 73 29 Tier
571 2272 62 30 und
654 2272 81 38 jeder
757 2268 157 32 Schönheit
934 2267 103 29 Feind:

293 2319 52 30 des
366 2321 116 28 Lebens
503 2318 171 31 wechselnd
694 2317 109 39 üppige
827 2314 115 30 Gestalt

293 2366 186 29 verschmäht
500 2374 31 20 er
552 2365 53 28 mit
625 2364 67 29 dem
714 2362 109 29 bittren
844 2360 78 28 Blick
944 2359 50 29 des
1016 2359 117 35 Hasses,

293 2412 62 28 und
375 2412 53 29 alle
450 2411 112 29 Grösse
583 2409 129 30 wandelt
733 2418 30 19 er
784 2408 31 28 in
835 2405 115 29 Schutt!

658 2470 134 26 ASPASIA

295 2521 53 30 Ein
369 2523 74 29 Tier
463 2540 38 4 —
522 2522 49 29 das
592 2521 81 29 eines
693 2519 137 29 Dichters
852 2516 83 30 Ruhe
957 2517 91 27 stört?

294 2567 57 30 Ein
371 2569 108 29 seltnes
499 2568 74 29 Tier
586 2589 6 7 .
608 2588 6 8 .

621 2613 206 27 ALKAMENES

729 2664 52 28 Ein
803 2662 114 30 frecher
939 2659 110 30 Bettler
1068 2659 39 29 ist

297 2710 150 41 Diogenes
470 2729 35 4 —
527 2711 191 36 Verachtung
739 2708 80 39 jeder
840 2708 71 28 Sitte

297 2755 37 30 ist
355 2758 80 28 seine
456 2757 109 29 Lehre:
587 2766 55 19 nur
663 2755 49 29 das
734 2754 101 29 niedre
856 2752 89 35 Volk,

1221 412 48 30 die
1289 411 99 32 Rotte,
1409 406 47 30 die
1476 403 52 30 der
1548 410 81 29 ewge
1650 398 81 30 Neid
1752 398 93 38 gebar,

1221 459 107 31 horcht
1348 454 100 31 seinen
1467 450 140 30 Worten.

1551 506 192 30 ALKIBIADES

1491 550 40 23 der
1547 546 94 32 Aspasia
1658 541 145 25 beobachtet:

1685 588 133 32 Thoren,
1839 583 47 30 die
1906 581 54 30 wir
1980 580 78 29 sind!

1220 650 34 38 Je
1274 648 82 31 mehr
1375 645 53 30 wir
1448 643 51 29 ihn
1519 650 37 20 zu
1576 635 154 32 schmähen
1751 641 52 20 uns
1824 629 130 29 beraühn
1973 643 38 4 —

1223 698 28 39 je
1271 695 89 31 heller
1381 691 52 31 seh
1452 689 47 29 ich
1519 685 84 31 deine
1624 684 106 35 Augen
1749 675 150 32 leuchten!

1614 743 70 26 LAIS

1224 809 39 29 Er
1283 807 37 29 ist
1341 806 47 28 ein
1408 804 78 29 Narr
1507 822 6 7 .
1528 819 6 9 .
1555 796 47 30 ein
1622 793 71 30 Tier
1713 813 6 6 .
1734 812 6 6 .
1762 787 47 30 ein
1828 784 108 31 Bettler
1958 800 33 5 -
2013 782 36 38 ja!

1221 852 116 40 Jedoch
1357 851 46 29 ein
1423 846 109 32 Bettler
1554 860 34 6 -
1611 839 72 31 stolz
1704 835 55 31 wie
1780 843 48 19 ein
1850 830 141 33 Archont,

1226 900 48 30 ein
1288 900 79 28 Narr
1383 914 33 4 -
1432 893 79 30 doch
1524 889 53 31 frei
1590 885 61 31 und
1664 884 97 29 keines
1775 876 163 34 Menschen
1951 873 122 34 Knecht,

1226 946 49 29 ein
1294 945 75 29 Tier
1391 960 33 4 —
1513 965 81 23 abbrec
1596 959 65 27 hend,
1679 954 111 26 lächelnd:

1431 1006 51 30 Ich
1501 1005 75 28 kann
1596 1000 45 29 die
1661 995 90 31 Tiere
1772 991 79 30 nicht
1871 986 165 32 verachten,

1226 1059 56 29 seit
1301 1056 47 30 ich
1364 1072 34 5 -
1413 1051 80 32 wohl
1513 1060 36 19 zu
1570 1046 56 31 viel
1646 1044 125 29 Männer
1790 1038 116 29 kennen
1925 1033 93 29 lernte
2040 1046 33 4 -

1227 1104 79 29 doch
1325 1103 82 39 jener
1427 1099 37 29 ist
1485 1097 47 30 ein
1552 1092 126 33 Weiser,
1698 1088 36 29 ist
1754 1085 47 30 ein
1821 1082 127 30 Dichter.

1590 1150 131 31 ASPASIA

1607 1189 95 26 lebhaft:

1227 1248 54 28 Ich
1301 1247 111 29 brenne
1433 1252 55 21 vor
1508 1238 176 38 Verlangen,
1703 1233 50 29 ihn
1773 1239 37 20 zu
1829 1226 86 31 sehn!

1622 1298 68 27 LAIS

1228 1359 60 28 Das
1308 1357 38 29 ist
1365 1356 66 30 sehr
1452 1354 112 30 schwer
1587 1373 5 5 .
1608 1370 6 9 .
1629 1370 6 6 •

1561 1407 192 31 ALKIBIADES

1656 1458 125 30 Warum
1801 1464 32 19 so
1855 1447 122 36 boshaft,
1998 1444 82 31 Lais?

1623 1522 70 26 LAIS

1618 1561 82 23 heiter:

1230 1613 126 27 Warum
1378 1621 33 19 so
1433 1609 140 34 neidisch,
1594 1602 183 34 Alkibiades?

1230 1657 75 29 Was
1327 1662 94 33 gönnt
1440 1657 45 29 ihr
1506 1657 96 37 jenem
1624 1653 156 27 Aermsten
1801 1643 81 30 nicht
1902 1640 48 29 das
1972 1640 106 29 Gluck,

1232 1703 49 31 ein
1302 1702 151 40 einzigmal
1474 1700 118 41 Aspasia
1613 1707 37 20 zu
1671 1692 164 33 zerstreun?

1596 1756 132 29 ASPASIA

1591 1795 138 25 versunken:

1232 1847 37 29 Es
1290 1856 61 20 war
1372 1846 48 29 ein
1441 1845 61 29 Ziel
1523 1867 6 5 .
1544 1865 7 7 .
1573 1852 29 20 es
1624 1845 77 24 wäre
1723 1846 56 21 neu
1799 1833 61 31 und
1880 1829 101 32 schön,

1232 1893 96 29 könnt
1348 1892 48 30 ich
1416 1901 48 20 aus
1486 1890 108 29 diesem
1616 1882 263 34 Tiefverbitterten

1234 1938 48 29 ein
1304 1938 143 39 glücklich
1467 1937 117 29 Wesen
1604 1932 89 29 frisch
1713 1925 158 33 erschaffen
1885 1946 6 6 .
1907 1945 6 6 .

1629 1993 69 26 LAIS

1233 2038 59 27 Das
1312 2036 37 29 ist
1369 2033 179 40 unmöglich.

1596 2079 133 28 ASPASIA

1665 2152 6 6 .
1687 2151 6 7 .
1708 2127 103 29 Wenn
1830 2121 48 30 ich
1896 2117 118 32 wollte?

1630 2190 69 27 LAIS

1921 2216 89 29 Nein.

1236 2281 37 29 Es
1293 2281 38 29 ist
1350 2278 178 40 unmöglich,
1550 2285 48 29 sag
1617 2273 48 29 ich
1685 2270 52 29 dir.

1597 2331 132 30 ASPASIA

1812 2361 176 36 Unmöglich
2002 2379 7 7 .
2024 2378 6 7 .

1236 2424 167 31 Hässliches
1424 2422 105 30 Wort!

1567 2463 191 32 ALKIBIADES

1665 2513 71 34 Lais,
1757 2510 40 30 du
1816 2507 105 31 reizest
1940 2505 54 30 sie!

1596 2574 133 30 ASPASIA

1237 2638 69 38 Sagt
1326 2635 66 30 mir:
1412 2634 38 28 ist
1470 2641 32 20 er
1522 2629 93 31 schon
1635 2625 52 30 alt?

1568 2684 192 31 ALKIBIADES

1781 2731 51 30 Ich
1852 2727 81 32 weifs
1954 2736 29 19 es
2004 2724 86 30 nicht.

1282 2922 0 0 225
