2616 3334
292 406 33 26 sie
342 409 120 37 losgelöst
475 422 55 16 war
545 421 50 17 von
616 411 41 26 der
671 410 86 31 Welt,
777 420 51 16 von
847 409 48 27 den
909 410 107 25 Werten
1035 408 52 26 und
1106 409 31 25 Be-

292 447 144 39 ziehungen,
452 451 39 26 die
507 452 25 24 in
546 452 39 24 ihr
600 451 89 35 gelten.

349 489 104 26 Wußte
468 491 40 25 ich
523 491 65 25 doch
604 500 27 16 so
645 489 87 36 wenig
746 489 50 25 wie
811 497 42 17 am
866 493 79 21 ersten
960 489 76 34 Tage,
1051 497 53 16 wer
1119 486 33 26 sie

292 525 32 25 sei
335 528 51 26 und
399 530 88 25 woher
497 530 34 25 sie
543 529 162 36 gekommen.
723 529 38 24 Sie
772 528 69 25 hatte
852 527 47 25 mir
910 526 103 32 erlaubt,
1027 526 34 26 sie
1072 526 80 35 Lydia

292 571 29 19 zu
338 576 107 19 nennen.
472 569 45 26 Ich
535 569 72 25 hörte
628 569 33 24 sie
679 567 48 26 alle
745 567 123 35 Sprachen
886 567 46 24 mit
952 564 201 38 gleichmäßiger

292 603 71 28 Ruhe
374 608 51 25 und
438 608 180 36 Sorglosigkeit
629 608 124 35 sprechen.
775 607 41 24 Ihr
828 605 110 26 Deutsch
949 606 69 25 hatte
1029 600 124 31 zuweilen

292 642 69 29 einen
369 646 146 32 slavischen,
524 647 44 26 leis
580 646 140 36 klagenden
726 647 102 29 Accent,
835 644 68 26 doch
912 644 91 26 kamen
1013 644 67 26 dann
1088 645 65 24 auch

292 683 161 30 süddeutsche
464 689 79 23 Laute
557 685 166 27 dazwischen.
745 685 49 25 Mit
809 684 46 26 den
871 684 89 25 beiden
974 684 65 25 alten
1050 685 102 29 Leuten,

292 720 56 29 dem
365 726 92 25 Diener
474 725 52 26 und
546 725 78 26 seiner
639 726 75 29 Frau,
735 723 166 35 verständigte
916 723 33 25 sie
964 723 52 25 sich
1031 723 25 25 in
1072 723 81 25 einem

292 762 47 25 mir
353 762 114 28 fremden
480 764 92 26 Idiom.

349 804 53 25 Aus
421 804 48 26 alle
490 803 57 26 dem
565 803 145 26 vermochte
729 802 42 26 ich
789 801 82 26 nichts
890 811 31 16 zu
935 801 150 25 entnehmen
1099 801 54 26 und

292 839 102 29 niemals
409 844 68 25 hätte
493 843 39 25 ich
546 843 55 25 eine
614 844 75 33 Frage
704 842 63 25 thun
783 845 106 31 mögen,
905 850 27 16 so
947 840 86 35 wenig
1047 840 50 26 wie
1112 840 41 26 ich

292 878 20 33 je
325 880 53 26 ihre
392 883 95 35 Lippen
502 881 53 26 sich
569 891 29 16 zu
613 881 67 25 einer
690 882 74 35 Frage
779 879 59 27 über
852 879 69 26 mich
935 878 53 27 und
1003 879 81 26 meine
1093 880 45 24 Ver-

292 922 149 33 gangenheit
457 919 87 28 öffnen
559 921 113 34 gesehen.

353 961 28 25 In
395 961 40 26 ein
449 970 86 26 vages,
553 959 59 27 halb
628 958 222 36 ausgesprochenes
865 956 142 27 Verhältnis
1021 967 31 16 zu
1066 962 87 26 etwas,

292 994 42 28 das
348 999 40 26 ich
402 1000 81 26 schon
496 999 85 26 früher
596 999 119 35 geschaut
728 997 53 26 und
796 996 90 30 erlebt,
907 997 143 25 vermochte
1065 996 40 26 ich
1120 997 34 25 sie

292 1043 46 19 nur
352 1038 39 26 bei
406 1039 65 26 einer
485 1033 163 41 Gelegenheit
662 1047 31 16 zu
707 1044 88 18 setzen.

349 1079 87 26 Wenn
451 1078 49 26 wir
514 1088 32 16 an
560 1077 118 26 feuchten
685 1077 86 34 Tagen
786 1074 47 27 auf
841 1075 41 25 der
889 1076 113 24 Terrasse
1012 1072 92 28 saßen:
1117 1089 34 4 —

292 1121 22 17 es
334 1124 99 29 regnete
454 1117 82 31 nicht,
557 1116 67 27 doch
645 1116 39 25 die
701 1114 61 27 Luft
783 1114 94 26 rieselte
891 1113 73 27 weiß
983 1113 52 25 und
1050 1113 103 35 flockig.

292 1153 59 28 Wie
366 1157 54 25 eine
435 1166 62 26 ganz
511 1155 90 27 leichte
616 1157 89 24 Watte
719 1154 81 26 hüllte
814 1154 40 25 die
868 1162 95 16 warme
981 1151 172 36 Feuchtigkeit

292 1192 66 34 alles,
373 1196 43 25 das
427 1194 108 32 Seeufer,
550 1195 40 26 die
601 1193 94 28 Büsche
710 1193 52 26 und
773 1194 193 27 Baumstämme,
982 1192 47 24 den
1039 1193 114 23 Marmor

292 1232 50 26 und
357 1244 45 16 uns
418 1234 74 26 selbst
507 1235 47 25 ein.
582 1233 81 26 Ueber
678 1233 55 26 dem
747 1232 84 26 hohen
845 1233 99 33 Kragen
959 1231 64 25 ihres
1037 1231 116 24 weichen

292 1271 140 33 gelblichen
442 1272 228 27 Kachemirkleides
682 1272 77 26 nahm
771 1271 66 26 dann
853 1270 39 26 die
903 1271 71 25 Haut
988 1270 63 25 ihres
1065 1269 88 25 Halses

291 1311 51 25 und
353 1314 127 24 Gesichtes
491 1313 72 25 einen
574 1318 95 19 matten
678 1313 56 23 Ton
745 1320 50 16 von
807 1309 131 27 Elfenbein
949 1318 40 17 an.
1018 1310 58 24 Von
1087 1308 66 25 oben

292 1348 119 34 sickerte,
434 1352 31 25 da
484 1362 23 15 es
526 1361 80 26 gegen
620 1351 94 35 Mittag
728 1350 74 36 ging,
824 1349 40 26 ein
883 1348 119 35 trauriges
1016 1347 137 35 glanzloses

291 1387 84 35 Licht,
397 1391 113 36 langsam
531 1390 147 26 liebkosend
700 1389 61 26 über
781 1389 39 25 ihr
834 1389 76 25 Haar.
938 1386 59 26 Und
1018 1386 40 26 ihr
1079 1396 60 25 grau-

292 1425 110 37 blondes,
415 1430 48 26 fast
474 1430 120 26 farbloses
602 1431 77 28 Haar,
695 1428 56 26 dem
761 1428 54 25 eine
826 1426 135 37 glänzende
969 1428 82 24 Sonne
1062 1425 91 26 keinen

292 1466 176 30 Widerschein
483 1469 136 29 entlockte,
634 1468 135 35 vereinigte
783 1467 67 25 diese
864 1466 179 25 schüchternen
1059 1470 94 20 matten

291 1506 111 29 Strahlen
417 1519 29 16 zu
462 1509 81 26 einem
557 1508 75 26 leisen
646 1508 151 28 Schimmer,
817 1506 43 25 der
879 1515 54 16 nun
948 1513 51 17 von
1013 1504 39 26 ihr
1065 1513 74 17 auszu-

291 1543 93 30 fließen
397 1549 84 25 schien
497 1547 59 27 über
570 1547 68 30 alles,
652 1556 54 17 was
720 1546 33 25 sie
768 1545 100 35 umgab.
883 1561 33 3 —
927 1546 83 24 Wenn
1023 1543 42 25 ich
1079 1543 35 25 sie
1124 1552 29 16 so

292 1584 55 32 sah,
369 1586 59 27 kam
449 1588 47 25 mir
510 1586 58 27 halb
583 1585 147 28 unbewußt
745 1585 39 25 die
799 1585 156 34 Erinnerung
971 1593 30 16 an
1015 1585 65 33 jenes
1095 1584 39 23 Ma-

292 1622 153 30 donnenbild
466 1636 30 16 zu
511 1627 112 30 Florenz,
644 1625 27 26 in
691 1624 86 26 dessen
798 1623 130 27 leidenden
942 1623 60 25 Reiz
1023 1622 42 25 ich
1085 1620 68 26 mich

292 1671 62 19 einst
369 1665 122 26 versenkt.

349 1706 75 25 Doch
441 1715 28 16 so
484 1705 87 35 wenig
584 1704 52 27 wie
650 1712 50 17 von
720 1705 66 33 jener
800 1701 117 36 Heiligen
932 1700 96 27 wußte
1048 1700 39 25 ich
1102 1708 51 17 von

291 1739 38 28 ihr
343 1759 27 3 —
386 1744 127 26 vielleicht
530 1744 68 26 noch
617 1743 122 35 weniger.
772 1742 58 25 Nur
844 1741 66 26 eines
925 1739 95 28 wußte
1039 1740 54 25 ich:
1119 1739 34 25 sie

291 1781 73 27 starb.

347 1822 77 27 Nach
441 1822 103 26 solchen
561 1820 137 26 bedeckten
712 1822 87 34 Tagen
816 1817 61 28 fand
893 1818 40 26 ich
948 1818 34 26 sie
997 1816 107 27 kränker
1118 1816 35 26 als

290 1861 99 27 vorher.
417 1863 28 24 In
464 1861 81 26 ihrem
562 1860 172 34 durchsichtig
749 1859 95 25 blassen
860 1857 102 26 Gesicht
977 1856 121 26 brannten
1113 1856 40 25 die

290 1905 30 18 zu
342 1907 71 20 roten
434 1901 102 36 Lippen.
562 1900 40 25 Ihr
623 1908 88 27 ganzes
724 1900 96 24 Wesen
841 1906 54 16 war
912 1896 51 26 wie
984 1895 167 36 ausgelöscht,

291 1935 52 30 dafs
368 1939 40 27 die
432 1939 110 27 Umrisse
565 1939 64 26 ihrer
653 1937 97 27 Gestalt
774 1937 48 26 mir
845 1945 46 17 vor
916 1935 48 25 den
983 1936 91 35 Augen
1098 1944 41 16 ver-

291 1977 179 28 schwammen.

349 2020 75 24 Dann
442 2016 99 27 erfaßte
560 2017 69 26 mich
647 2016 54 27 eine
720 2015 157 27 entsetzliche
891 2015 92 34 Angst,
1003 2013 34 25 sie
1051 2012 101 26 möchte

291 2062 28 18 so
341 2057 203 30 entschwinden,
566 2057 46 29 sie,
634 2056 39 26 die
693 2055 79 26 schon
789 2057 58 32 jetzt
865 2062 51 17 von
935 2053 42 25 der
990 2052 73 26 Welt
1081 2052 72 25 nicht

292 2095 69 26 mehr
375 2097 107 35 gesehen
492 2095 80 31 ward,
587 2095 101 26 möchte
701 2094 103 26 dorthin
819 2093 88 35 gehen,
922 2101 45 16 wo
982 2092 66 25 auch
1062 2091 42 26 ich
1118 2091 34 25 sie

291 2132 70 28 nicht
381 2137 71 24 mehr
473 2135 83 26 finden
578 2134 96 26 würde.
703 2134 40 25 Sie
763 2133 69 26 hatte
852 2131 53 27 sich
926 2131 98 25 hierher
1048 2130 90 26 zurück-

292 2180 121 30 gezogen,
433 2176 26 24 in
479 2175 72 25 einen
571 2173 159 26 künstlichen
750 2170 182 28 unweltlichen
947 2170 82 29 Kreis,
1049 2169 41 26 für
1104 2169 49 25 den

291 2209 39 28 die
345 2214 168 26 Verhältnisse
534 2214 40 25 des
596 2213 93 26 Lebens
710 2212 42 25 der
767 2211 101 26 Ändern
889 2209 71 26 nicht
980 2209 71 26 mehr
1069 2209 84 35 galten

292 2251 50 26 und
358 2253 85 26 dessen
455 2256 112 24 Grenzen
579 2252 88 26 bereits
683 2252 24 24 in
719 2251 40 25 die
771 2251 80 35 ewige
862 2251 73 24 Leere
946 2248 206 26 hinüberflossen.

292 2288 39 27 Ihr
347 2293 90 25 Dasein
452 2292 116 26 berührte
582 2292 53 25 sich
649 2292 79 25 schon
743 2290 61 30 hier,
818 2298 45 17 wo
875 2297 58 17 man
945 2287 137 36 langsamer
1094 2287 59 25 oder

292 2329 133 34 schneller,
441 2331 66 26 ohne
522 2330 43 27 das
579 2329 165 28 Bewußtsein
761 2330 41 25 der
816 2327 54 27 Zeit
884 2327 76 31 lebte,
982 2327 46 25 mit
1043 2326 42 26 der
1098 2328 37 24 Un-

294 2369 161 28 endlichkeit.
483 2370 63 27 Wie
562 2380 67 19 nun,
646 2379 77 17 wenn
745 2369 33 25 sie
796 2367 120 35 verklang
930 2366 50 25 wie
1000 2366 39 25 ein
1061 2365 92 26 einmal

294 2415 187 20 vernommener
495 2411 57 24 Ton
571 2419 52 16 von
642 2408 95 26 drüben
756 2407 53 27 und
823 2406 69 26 mich
905 2403 150 28 zurückließ
1070 2405 27 25 in
1110 2405 43 25 der

294 2445 173 34 Endlichkeit,
492 2458 43 16 aus
560 2448 42 26 der
623 2448 42 26 ich
686 2447 67 27 ohne
773 2447 34 26 sie
827 2445 91 26 keinen
937 2446 113 33 Ausweg
1070 2443 83 26 finden

294 2488 95 26 würde.
418 2490 42 24 Ich
480 2489 75 25 ahnte
573 2497 56 16 zum
643 2489 97 24 Voraus
755 2486 81 26 meine
855 2483 143 27 namenlose
1013 2483 126 25 Verlassen-

293 2522 60 30 heit.
381 2527 43 26 Ich
439 2527 91 26 mußte
545 2527 38 25 ihr
596 2525 96 37 folgen,
708 2535 23 16 es
746 2535 54 16 war
815 2523 156 35 unmöglich,
987 2522 39 25 ihr
1038 2522 70 25 nicht
1124 2532 29 15 zu

294 2561 94 40 folgen.
416 2568 43 25 Ich
474 2577 54 16 war
543 2565 79 27 krank
638 2565 51 26 und
703 2564 110 26 sterbend
828 2562 82 37 gleich
925 2562 46 25 ihr.
989 2561 43 25 Ich
1046 2561 108 26 wollte

294 2609 23 18 es
331 2605 58 26 sein.

350 2645 68 33 Jeder
431 2644 120 27 Wechsel
570 2645 64 25 ihres
655 2642 135 27 Zustandes
810 2640 70 28 warf
896 2640 68 26 mich
982 2639 27 26 in
1028 2639 39 26 die
1081 2640 58 35 qual-

294 2681 87 28 vollste
395 2685 117 30 Unruhe,
528 2684 25 25 in
568 2682 208 28 widerstreitende
790 2679 167 37 Hoffnungen
971 2678 51 27 und
1037 2680 116 34 Aengste.

293 2718 43 28 Ich
347 2722 92 28 kannte
449 2722 47 27 den
507 2722 185 27 schrecklichen
700 2720 166 37 Augenblick,
877 2728 77 18 wenn
964 2718 33 26 sie
1008 2718 52 27 sich
1072 2718 68 37 plötz-

1230 404 51 27 lieh
1301 403 36 25 im
1351 401 73 27 Sessel
1444 398 68 28 hoch
1534 395 158 29 aufrichtete,
1716 402 74 18 wenn
1813 391 53 26 ihre
1885 389 194 28 zerbrechlichen

1231 443 129 27 Schultern
1379 441 51 26 sich
1451 449 30 17 an
1501 438 48 26 den
1562 434 84 28 steilen
1660 434 98 26 Lehnen
1772 440 177 27 emporrangen
1963 428 51 27 und
2028 428 52 26 ihre

1232 482 87 28 Hände
1330 481 39 26 die
1380 478 153 38 Armpolster
1543 472 193 37 umkrampften.
1756 472 54 25 Ihre
1816 472 88 33 Augen
1915 478 83 17 waren
2010 467 56 26 über-

1231 522 92 35 mäßig
1336 521 61 26 weit
1416 516 109 39 geöffnet
1544 513 51 28 und
1613 509 221 30 durchscheinend,
1856 511 101 33 Augen,
1976 507 39 26 die
2029 516 51 17 von

1232 562 42 27 der
1288 561 72 26 Welt
1374 560 79 25 nichts
1468 556 69 27 mehr
1551 554 82 26 sahen.

1290 601 43 26 Ich
1347 599 89 30 fühlte,
1452 595 53 27 daß
1519 594 41 27 ich
1573 593 70 26 nicht
1656 590 70 26 mehr
1740 588 30 26 da
1781 596 54 18 war
1849 585 42 26 für
1904 595 42 21 sie,
1961 585 119 26 während

1232 642 33 25 sie
1279 640 53 26 sich
1343 637 77 28 erhob
1430 636 52 27 und
1494 632 102 31 tastend,
1611 630 45 27 mit
1667 629 56 26 dem
1731 627 89 26 Schritt
1831 626 66 25 einer
1905 623 158 27 Nachtwand-

1231 681 61 26 lerin
1316 678 120 35 fortging.
1451 674 57 28 Und
1523 672 66 27 doch
1596 680 55 17 war
1659 678 23 16 es
1689 666 123 28 vielleicht
1823 665 39 25 die
1872 663 73 31 feine,
1959 662 121 27 rührende

1231 718 145 28 Koketterie
1396 717 62 26 ihres
1472 713 115 30 Leidens,
1608 710 38 26 die
1666 706 66 27 mich
1750 705 83 27 solche
1848 701 100 28 Anfälle
1966 702 52 25 und
2038 701 41 26 das

1231 758 77 27 Elend
1330 757 51 26 und
1402 756 39 26 die
1456 750 166 31 Häßlichkeit
1641 748 40 26 des
1695 744 109 28 Sterbens
1825 743 68 25 nicht
1910 742 72 25 sehen
2004 741 76 25 lassen

1231 798 99 27 wollte.
1357 797 46 25 Die
1418 793 134 28 Schönheit
1566 789 71 27 sollte
1651 787 64 27 auch
1728 783 66 27 noch
1808 782 41 27 das
1864 783 80 24 Letzte
1959 779 117 36 besiegen.

1290 837 73 26 Mich
1383 835 57 26 aber
1460 832 75 30 trieb,
1556 826 118 31 während
1695 826 39 25 ich
1755 824 33 25 sie
1808 832 28 16 so
1855 821 53 26 sich
1921 826 87 20 weiter
2028 819 50 25 und

1231 877 89 26 weiter
1340 874 128 27 entfernen
1486 870 93 31 fühlte,
1601 868 54 26 eine
1668 861 165 31 verzweifelte
1847 859 146 30 Sehnsucht,
2012 858 68 25 mich

1232 915 48 27 auf
1290 915 42 27 der
1346 914 84 31 Stelle,
1445 922 44 17 wo
1504 912 34 25 sie
1551 909 66 27 noch
1632 906 58 26 eben
1706 901 143 39 gestanden,
1864 898 217 28 niederzuwerfen,

1232 955 36 27 als
1288 953 144 28 vermöchte
1452 952 40 26 ich
1512 960 40 21 so,
1571 949 69 26 ihren
1653 943 55 29 Tod
1726 940 145 29 einzuholen
1889 937 49 27 und
1953 936 67 28 mich
2034 942 47 20 mit

1233 995 54 25 ihm
1302 1003 28 16 zu
1346 993 146 34 vereinigen.
2022 1012 48 5 ...

1291 1033 58 26 Und
1361 1031 116 27 dennoch
1489 1034 126 22 erwartete
1625 1025 42 27 ich
1677 1024 45 26 mit
1733 1021 64 26 einer
1807 1016 203 40 phantastischen,
2022 1015 59 24 halb

1232 1073 149 34 unsinnigen
1400 1069 135 36 Hoffnung
1556 1068 51 26 ihre
1622 1061 165 30 Wiederkehr
1807 1058 51 28 und
1877 1062 92 21 zitterte
1989 1063 24 17 in
2034 1053 47 25 den

1232 1113 126 24 Schauern
1370 1112 65 24 einer
1446 1109 132 34 Erlösung,
1589 1114 75 19 wenn
1675 1102 40 28 ich
1726 1102 32 25 sie
1770 1099 99 26 endlich
1881 1095 138 27 erscheinen
2030 1095 50 27 sah,

1232 1152 48 24 den
1291 1152 74 33 Gang
1379 1150 68 25 noch
1462 1146 147 38 schleppend
1623 1143 51 27 und
1689 1141 122 28 mühsam,
1826 1137 64 26 doch
1904 1141 45 21 mit
1960 1134 104 35 gewohn-

1231 1190 93 26 lichem
1341 1187 148 31 Ausdruck,
1509 1197 47 16 nur
1573 1184 46 28 auf
1635 1184 48 25 den
1701 1180 94 27 blassen
1809 1179 118 33 Wangen
1940 1182 62 18 zwei
2016 1173 66 25 hohe

1231 1229 149 26 dunkelrote
1393 1227 112 27 Flecken.

1291 1270 29 24 Es
1336 1267 97 35 folgten
1447 1267 66 26 dann
1533 1262 39 28 oft
1586 1262 61 28 viele
1661 1263 79 33 Tage,
1760 1258 26 26 in
1804 1256 76 26 denen
1899 1253 40 26 ich
1953 1261 33 17 sie
1998 1257 85 27 wenig

1231 1306 52 28 sah.
1312 1307 100 26 Einsam
1430 1306 57 26 irrte
1505 1305 42 26 ich
1564 1302 80 27 durch
1657 1302 69 25 Haus
1740 1296 51 27 und
1804 1294 77 30 Thal,
1900 1299 45 19 mit
1959 1300 63 17 einer
2036 1297 32 17 un-

1231 1345 191 37 ergründlichen
1435 1347 74 25 Leere
1529 1345 35 24 im
1584 1344 100 28 Innern,
1706 1339 38 26 die
1765 1336 68 27 mich
1854 1332 122 37 angstvoll
1997 1336 85 19 immer

1231 1389 124 22 vorwärts
1369 1384 70 27 trieb.
1468 1385 56 25 Nur
1544 1390 62 28 ganz
1624 1381 35 25 im
1673 1377 116 30 Grunde,
1807 1384 43 17 wo
1866 1373 41 26 das
1921 1371 162 27 Bewußtsein

1231 1423 87 33 fehlte,
1330 1423 82 27 fühlte
1425 1423 42 27 ich
1481 1430 87 22 etwas,
1579 1421 42 26 das
1632 1419 31 26 da
1673 1428 55 17 war
1741 1416 52 26 und
1805 1418 108 22 wartete.
1932 1412 29 25 Es
1972 1413 110 23 wartete,

1232 1462 54 27 dafs
1300 1463 67 26 Alles
1382 1461 86 28 erfüllt
1483 1463 32 26 sei
1530 1460 51 27 und
1595 1457 90 28 mußte
1700 1456 64 27 mir's
1779 1453 92 28 alsbald
1886 1460 79 27 sagen.
1987 1450 28 23 Es
2030 1455 53 17 war

1231 1502 71 25 nicht
1315 1502 121 36 möglich,
1452 1501 53 26 daß
1519 1501 41 26 ich
1574 1500 34 26 sie
1622 1498 63 26 auch
1696 1505 48 17 nur
1754 1505 43 16 um
1808 1494 53 24 eine
1871 1492 91 33 einzige
1970 1488 113 26 Sekunde

1231 1541 135 26 überlebte.
1385 1541 74 26 Lebte
1474 1541 40 26 ich
1529 1538 66 28 doch
1606 1548 47 16 nur
1663 1546 50 17 von
1725 1535 64 25 ihrer
1797 1532 64 26 Seele
1872 1528 51 28 und
1933 1537 60 27 ganz
2004 1536 26 15 in
2037 1527 47 24 den

1231 1580 102 26 Rätseln
1341 1580 63 26 ihres
1412 1583 106 24 Wesens
1528 1577 201 37 eingeschlossen,
1745 1573 38 26 die
1789 1571 41 27 für
1838 1571 66 26 mich
1912 1568 71 26 keine
1992 1573 89 19 waren.

1230 1619 44 25 Ich
1288 1618 95 28 kannte
1397 1621 34 25 sie
1445 1629 71 26 ganz,
1530 1618 60 26 weil
1604 1616 41 27 ich
1659 1615 47 26 mit
1720 1614 38 24 ihr
1772 1612 50 26 eins
1837 1619 61 17 war.
1926 1609 60 24 Wie
1999 1605 84 26 hatten

1231 1658 40 26 die
1282 1665 145 29 getrennten
1435 1661 96 34 Körper
1541 1659 26 24 in
1578 1656 41 26 der
1628 1655 88 26 letzten
1723 1650 93 28 Stunde
1827 1657 83 18 unsere
1918 1648 166 31 Vereinigung

1231 1698 70 26 lösen
1315 1698 112 27 können.

1291 1816 39 23 An
1346 1815 82 25 einem
1441 1812 247 39 gewitterschwülen
1698 1812 67 33 Tage
1777 1816 53 18 war
1844 1804 39 27 ich
1894 1803 72 35 lange
1977 1810 40 17 am
2028 1801 42 23 See-

1231 1852 55 27 ufer
1306 1853 189 36 hingegangen,
1513 1860 71 19 unter
1602 1851 48 26 den
1669 1848 49 28 tief
1732 1857 31 17 an
1781 1845 46 27 den
1841 1846 91 32 Bergen
1946 1839 123 28 hernieder-

1231 1893 149 35 hangenden
1394 1892 124 27 Wolken.
1546 1894 87 33 Gegen
1645 1888 88 28 Abend
1744 1892 47 20 erst
1805 1884 85 26 kehrte
1904 1881 40 25 ich
1960 1889 24 17 in
1993 1889 10 15 s
2015 1878 66 26 Haus

1231 1931 107 31 zurück,
1360 1942 44 16 um
1424 1933 65 25 auch
1506 1932 53 26 hier
1577 1930 71 25 keine
1667 1928 73 26 Ruhe
1758 1934 30 18 zu
1806 1922 89 27 finden.
1922 1922 61 23 Eine
2002 1924 81 18 innere

1231 1972 88 25 Macht
1335 1972 61 25 trieb
1410 1972 69 26 mich
1493 1970 57 30 auf,
1568 1968 87 27 sobald
1669 1967 42 26 ich
1723 1965 68 27 mich
1805 1959 204 36 niedergelassen,
2031 1957 51 23 und

1231 2010 54 27 ließ
1299 2011 68 26 mich
1382 2011 59 25 über
1455 2010 40 26 die
1506 2008 133 38 Teppiche,
1654 2006 39 27 die
1707 2005 98 26 meinen
1818 2000 92 27 müden
1923 1997 89 26 Schritt
2026 1996 43 24 hin-

1232 2050 98 30 derten,
1346 2060 43 16 aus
1403 2050 82 26 einem
1499 2049 109 26 Zimmer
1623 2047 37 26 ins
1673 2044 88 27 andere
1774 2043 71 24 irren.
1872 2039 66 25 Vom
1953 2036 130 35 Speisesaal

1231 2089 116 37 gelangte
1365 2089 43 26 ich
1424 2089 27 26 in
1469 2089 71 26 einen
1554 2086 100 37 großen
1667 2084 176 26 Wohnraum,
1863 2087 26 16 in
1904 2076 82 25 dessen
1999 2075 83 25 Mitte,

1231 2138 51 17 von
1296 2127 48 27 den
1358 2130 101 24 Statuen
1473 2127 42 27 der
1529 2127 101 26 Meister
1644 2123 122 35 umringt,
1786 2120 41 25 der
1841 2115 82 36 Flügel
1937 2114 82 27 stand,
2038 2114 44 22 auf

1231 2168 57 26 dem
1307 2168 42 25 ich
1368 2174 57 19 stets
1445 2167 69 26 einen
1534 2166 64 26 ihrer
1612 2165 111 33 Gesänge
1738 2155 189 39 aufgeschlagen
1941 2154 59 23 fand
2032 2158 51 17 von

1231 2208 80 26 denen
1325 2207 33 25 sie
1372 2206 91 27 keinen
1475 2215 67 27 sang.
1572 2204 74 26 Ohne
1661 2199 103 29 Absicht
1777 2197 99 26 näherte
1889 2193 41 25 ich
1944 2193 67 23 mich
2025 2194 46 20 seit-

1231 2249 77 25 wärts
1319 2246 81 26 einem
1411 2245 112 26 dunklen
1530 2243 141 34 Vorhange,
1682 2239 47 26 den
1739 2237 41 27 ich
1791 2235 79 26 bisher
1877 2232 77 25 kaum
1962 2232 118 22 beachtet.

1231 2286 44 26 Als
1290 2286 41 25 ich
1346 2287 45 24 ihn
1404 2282 252 38 zurückgeschlagen,
1678 2276 89 29 blickte
1785 2274 41 26 ich
1844 2270 77 27 durch
1939 2277 54 17 eine
2006 2269 75 23 leicht

1232 2325 160 34 angelehnte,
1413 2325 110 34 niedrige
1536 2322 70 25 Thür
1625 2320 26 27 in
1672 2318 39 25 ein
1731 2315 92 26 kleines
1838 2310 117 28 Kabinet,
1977 2309 41 23 das
2039 2314 42 17 zur

1232 2364 168 34 Hauskapelle
1415 2362 160 36 eingerichtet
1589 2368 61 18 war.
1678 2358 29 24 Es
1727 2355 40 34 lag
1781 2353 24 25 in
1821 2348 70 28 tiefer
1904 2350 177 29 Dämmerung.

1232 2405 41 25 An
1292 2403 39 26 die
1345 2402 140 36 Bergwand
1502 2397 132 40 grenzend,
1655 2406 31 17 an
1704 2394 38 26 die
1760 2392 51 26 sich
1829 2389 41 26 das
1883 2389 70 25 Haus
1974 2386 47 25 fast
2035 2393 32 16 un-

1232 2441 126 28 mittelbar
1368 2442 92 29 lehnte,
1472 2440 86 27 erhielt
1569 2439 42 25 der
1621 2439 80 24 Raum
1713 2442 49 17 von
1774 2430 55 26 dem
1839 2436 108 26 einzigen
1967 2426 115 34 gothisch

1232 2482 93 34 spitzen
1339 2483 96 24 Fenster
1448 2480 49 27 fast
1511 2479 57 26 kein
1579 2473 147 38 Tageslicht.
1745 2470 46 27 Die
1805 2475 99 29 geringe
1915 2463 167 34 Beleuchtung

1232 2521 60 25 kam
1307 2530 60 16 vom
1381 2519 133 35 getäfelten
1525 2515 113 30 Plafond,
1653 2522 43 17 wo
1711 2509 77 26 durch
1799 2508 53 25 eine
1863 2505 80 26 kleine
1954 2502 128 34 Oefrnung

1233 2561 39 25 ein
1287 2557 237 37 grünlicherSchein
1536 2553 87 28 einfiel.
1645 2554 39 24 An
1696 2551 66 25 einer
1768 2545 96 30 Wand,
1878 2544 39 25 die
1929 2550 45 18 mit
1984 2540 98 28 weißer

1233 2600 69 25 Seide
1312 2599 119 35 bespannt
1438 2607 63 19 war,
1511 2594 68 27 stand
1589 2593 39 25 ein
1636 2590 59 28 altes
1703 2587 159 37 geschnitztes
1871 2581 210 36 Kirchengestuhl.

1232 2639 71 26 Mein
1314 2637 71 27 Blick
1395 2635 70 28 ward
1476 2632 161 37 festgehalten
1646 2639 50 18 von
1707 2627 41 26 der
1758 2623 189 37 lebensgroßen,
1962 2631 25 15 in
1998 2623 70 23 Elfen-

1233 2679 56 25 bein
1303 2676 141 35 gebildeten
1452 2673 94 28 Gestalt
1553 2672 40 25 des
1601 2668 174 38 gekreuzigten
1783 2665 120 28 Christus,
1919 2662 39 25 die
1968 2664 113 21 inmitten

1232 2717 89 27 zweier
1341 2716 120 25 silbernen
1482 2710 154 29 Kandelaber
1656 2706 48 28 auf
1721 2706 40 25 der
1775 2704 75 26 Höhe
1871 2710 64 18 eines
1956 2700 124 25 schmalen

1273 2908 0 0 201
