2343 3919
423 1246 692 112 NOTES
1217 1246 652 111 D'ART

244 1922 358 58 Exposition
642 1920 292 47 d'œuvres
986 1921 280 45 récentes
1303 1922 71 44 de
1409 1920 244 47 Camille
1694 1920 302 48 Pissarro.
2053 1920 56 60 -

752 1991 271 49 GALERIES
1061 1990 442 49 DURAND-RUEL.

248 2128 81 47 Au
364 2127 205 48 visiteur
608 2126 353 48 enthousiaste
1023 2124 265 58 alléguant
1328 2137 97 47 que
1460 2124 48 47 le
1546 2124 198 60 peintre
1785 2126 62 48 de
1875 2126 152 48 toiles
2065 2123 45 48 si

180 2199 166 49 belles
393 2199 51 47 et
493 2199 61 45 de
601 2198 43 46 si
686 2197 195 48 fraîche
921 2197 114 47 date
1168 2196 213 47 environ
1427 2199 260 56 quarante,
1731 2196 271 49 exécutées
2045 2207 64 36 en

177 2272 164 47 douze
384 2270 150 59 mois,
610 2296 14 8 -
652 2282 63 34 ne
765 2269 108 46 doit
915 2268 220 61 prendre
1179 2268 216 47 souvent
1443 2268 48 46 le
1526 2269 167 60 temps
1734 2268 61 47 de
1839 2268 266 58 s'amuser,

180 2342 72 49 M.
268 2342 232 48 Pissarro
522 2339 298 58 répondrait
850 2338 151 62 qu'en
1030 2337 176 48 réalité
1227 2338 37 47 il
1288 2350 65 35 ne
1368 2338 93 47 fait
1490 2340 147 47 autre
1669 2339 158 47 chose
1857 2352 98 47 que
1977 2338 133 49 cela.

242 2413 226 61 Préparé
493 2425 98 35 aux
630 2411 187 49 heures
853 2409 114 49 d'un
995 2410 180 47 travail
1207 2409 268 62 profitable
1499 2423 91 48 par
1630 2424 100 34 une
1756 2410 80 50 vie
1869 2411 102 61 qui,
2003 2411 109 47 tant

180 2498 66 34 au
289 2484 186 60 village
516 2483 116 61 qu'à
666 2483 49 47 la
752 2483 122 47 ville
914 2484 80 46 est
1033 2483 150 45 d'une
1225 2481 272 60 simplicité
1536 2483 187 58 rurale,
1754 2481 74 50 M.
1870 2483 240 47 Pissarro

180 2575 29 24 «
230 2556 220 47 s'amuse
473 2573 23 25 »
515 2558 29 44 à
563 2555 213 60 peindre
794 2555 126 47 trois
947 2554 189 48 heures
1161 2555 198 58 chaque
1377 2554 122 61 jour
1510 2566 202 37 comme
1734 2554 37 48 il
1795 2570 27 28 «
1843 2554 220 48 s'amuse
2087 2571 27 30 »

177 2627 51 49 te
257 2630 141 44 reste
428 2627 68 46 du
516 2629 170 56 temps
717 2639 62 34 en
809 2629 248 56 songeant
1088 2627 26 45 à
1145 2625 49 47 la
1217 2625 255 61 peinture.

243 2698 155 46 Alors
430 2710 97 47 que
557 2698 109 46 tant
695 2697 257 47 d'artistes
989 2696 175 62 paient
1193 2696 305 48 chèrement
1517 2697 48 48 le
1596 2696 257 49 bien-être
1872 2709 92 49 par
1991 2696 99 49 l'ac-

177 2770 260 61 ceptation
479 2770 64 45 de
583 2772 212 43 travaux
835 2768 131 47 d'art
1000 2770 86 61 qui
1122 2771 222 47 souvent
1370 2770 118 48 sont
1513 2770 61 47 de
1602 2768 329 50 fastidieuses
1954 2770 125 48 beso-

180 2853 132 46 gnes
348 2839 51 47 et
436 2852 90 48 par
576 2839 77 47 les
691 2839 159 47 rudes
896 2839 307 60 obligations
1240 2839 305 49 mondaines
1585 2842 82 61 qui
1707 2839 78 49 les
1824 2839 291 63 confèrent,

180 2911 74 49 M.
287 2911 238 48 Pissarro
567 2913 77 45 est
679 2911 162 48 arrivé
878 2925 97 34 aux
1009 2912 195 47 mêmes
1243 2912 96 47 fins
1380 2925 62 34 en
1485 2912 202 47 suivant
1716 2925 98 35 une
1846 2912 114 49 voie
1993 2911 125 63 qu'il

174 2984 129 47 s'est
332 2984 312 48 sciemment
677 2984 169 47 tracée
881 2984 114 60 plus
1032 2984 189 57 longue
1264 2984 130 47 mais
1423 2985 114 59 plus
1568 2984 158 59 belle,
1751 2997 153 48 parce
1936 2996 99 49 que
2067 2984 51 48 la

178 3055 113 63 joie
327 3054 259 51 d'exercer
621 3068 64 34 en
726 3057 141 47 toute
905 3054 180 50 liberté
1122 3069 84 35 ses
1230 3054 217 50 facultés
1475 3057 63 47 de
1563 3055 218 60 peintre,
1813 3055 75 49 fut
1914 3057 49 47 le
1993 3055 119 50 luxe

185 3126 63 49 de
280 3142 58 33 sa
379 3126 96 49 vie.

244 3198 144 48 Cette
418 3198 108 59 joie
558 3199 315 60 supérieure,
906 3199 309 60 esthétique,
1246 3198 73 50 M.
1345 3198 243 48 Pissarro
1618 3212 134 34 nous
1782 3198 51 48 la
1865 3200 251 48 transmet

185 3281 63 35 en
267 3269 109 59 joie
398 3270 157 44 artisti
567 3283 96 45 que
680 3284 90 46 par
790 3267 418 51 l'intermédiaire
1231 3271 62 46 de
1314 3273 113 44 tout
1441 3270 183 61 poème
1650 3269 339 62 polychrome
2010 3270 106 61 pris

183 3337 276 49 isolément
498 3341 127 46 dans
666 3355 67 32 un
774 3341 264 48 ensemble
1084 3344 193 58 groupé
1312 3355 91 47 par
1443 3355 83 34 ses
1575 3341 162 59 soins,
1768 3355 85 34 car
1889 3341 74 48 M.
1996 3341 93 48 Pis-

187 3424 144 34 sarro
361 3422 65 35 ne
465 3424 54 33 se
559 3415 202 44 montre
799 3413 188 60 jamais
1027 3415 236 47 différent
1301 3415 62 45 de
1403 3412 289 59 soi-même,
1724 3413 129 47 mais
1894 3412 118 47 bien
2050 3410 70 49 tel

183 3481 162 62 qu'on
365 3482 323 58 imaginerait
708 3497 95 35 une
834 3499 95 33 eau
957 3488 249 57 pensante
1237 3486 51 48 et
1310 3486 222 57 sereine,
1565 3497 56 36 se
1651 3483 228 50 refusant
1909 3486 28 46 à
1966 3481 153 51 reflé-
