2343 3919
1238 368 0 0 295

277 471 52 60 Il
372 485 66 44 se
480 463 273 81 rappela
787 466 147 74 trop
978 461 462 62 l'étonnement
1484 460 108 61 des
1641 460 233 58 heures
1916 456 192 78 volup-

193 568 268 56 tueuses
489 558 285 76 lorsque,
809 554 195 77 ayant
1042 554 259 60 assouvi
1345 553 91 59 les
1469 567 333 63 perverses
1840 546 273 79 imagina-

195 653 173 61 tions
411 650 76 60 de
519 666 99 42 ses
647 644 209 61 désirs
887 661 110 42 sur
1028 643 64 60 la
1125 644 181 60 chair
1334 644 65 60 la
1427 643 145 79 plus
1610 639 358 70 souhaitée,
2002 637 49 58 il
2082 654 65 42 se

198 738 372 84 surprenait
625 741 38 54 à
691 734 209 61 croire
931 752 121 60 que
1088 751 70 42 ce
1196 733 224 61 n'était
1444 732 188 77 point
1665 748 77 42 en
1771 747 98 41 ses
1903 728 149 62 bras
2082 727 65 59 la

199 833 344 80 pâmoison
569 827 76 60 de
669 826 65 59 la
758 824 235 59 beauté
1023 821 374 80 poursuivie
1432 823 139 56 tant
1602 818 120 61 elle
1755 817 58 61 le
1864 817 248 61 satisfai-

198 925 126 59 sait
376 920 132 61 mal
538 917 245 78 malgré
815 915 145 58 l'art
984 913 108 59 des
1127 911 533 79 complaisances.

283 1012 152 61 Cela
475 1009 256 61 surtout
771 1002 217 61 l'avait
1031 1002 226 59 averti.
1295 1002 90 56 En
1418 998 309 60 évidence
1759 996 64 60 la
1874 995 238 61 réalisa-

200 1104 140 58 tion
395 1096 280 82 parfaite
732 1092 110 61 des
887 1090 206 62 émois
1133 1087 205 71 rêvés,
1375 1105 165 61 pour
1581 1104 124 41 une
1751 1086 140 59 âme
1924 1084 219 72 haute,

197 1191 154 63 était
382 1185 297 61 moindre
706 1199 122 61 que
865 1181 74 59 de
965 1178 335 62 nouvelles
1332 1179 406 76 espérances.

269 1280 52 61 11
372 1277 95 59 dit
510 1280 38 55 à
590 1272 377 60 Saint-Jean
1017 1268 66 59 la
1131 1266 132 79 joie
1314 1284 123 61 que
1492 1265 93 60 lui
1637 1263 195 61 valait
1887 1260 60 61 le
2006 1260 130 60 bon

193 1368 204 64 réveil
430 1367 76 59 de
541 1382 118 43 son
691 1360 223 79 esprit.

275 1481 33 34 €
355 1457 144 72 Oui,
539 1449 306 83 répondit
877 1448 59 61 le
965 1447 190 73 frère,
1192 1445 153 61 c'est
1378 1444 282 60 maxime
1682 1445 309 58 courante
2027 1459 122 59 que

197 1551 60 60 le
292 1546 338 79 désespoir
666 1542 87 60 du
795 1538 406 71 réalisateur,
1238 1538 60 59 et
1340 1538 307 76 pourtant
1679 1533 142 60 rien
1858 1529 293 63 n'ébahit

197 1639 146 80 plus
376 1655 122 61 que
552 1635 67 58 la
649 1631 306 81 petitesse
989 1628 76 60 de
1098 1631 184 56 notre
1341 1626 298 60 bonheur
1686 1623 267 76 lorsque
1985 1637 162 43 nous

194 1746 164 44 nous
411 1724 339 81 penchons
792 1738 112 42 sur
956 1717 66 60 la
1065 1734 243 43 cornue
1357 1721 83 53 où
1487 1715 307 58 l'essence
1839 1711 176 60 vient
2066 1710 77 59 de

193 1818 174 62 luire
390 1834 109 42 sur
527 1815 66 58 la
631 1814 236 58 femme
908 1815 82 52 où
1014 1807 275 60 l'amour
1341 1804 315 78 sanglote,
1689 1800 305 62 l'ennemi
2019 1806 93 54 ter-

199 1909 180 61 rassé
415 1907 150 58 d'où
599 1903 67 58 la
696 1900 209 79 prière
939 1896 290 77 s'expire,
1265 1895 122 60 l'or
1418 1893 352 60 étincelant
1811 1891 160 60 dans
2024 1908 117 42 nos

200 1997 253 72 coffres,
510 1995 65 59 la
635 1989 179 62 foule
889 1985 269 62 tendant
1221 1985 110 60 des
1418 1984 245 79 palmes
1736 1998 146 42 vers
1952 1985 183 54 notre

202 2087 308 77 gloire....
547 2086 50 55 A
630 2080 191 79 peine
881 2074 528 62 l'enthousiasme
1442 2073 54 60 si
1525 2074 272 76 préparé
1830 2069 158 60 dans
2025 2087 120 42 nos

197 2195 212 42 cœurs
494 2168 325 64 vibre-t-il
903 2186 87 41 un
1073 2182 291 60 soupçon
1447 2162 77 59 de
1596 2168 299 69 temps...
1969 2161 173 57 Nous

195 2267 336 60 dénouons
586 2261 130 60 vite
777 2256 317 61 l'étreinte
1174 2271 153 43 avec
1392 2252 59 60 le
1521 2253 217 75 regret
1811 2249 76 59 de
1959 2252 184 55 notre

189 2359 267 66 attente,
490 2351 65 60 la
586 2346 326 63 sensation
953 2345 78 59 de
1072 2342 168 61 tenir
1280 2359 124 43 une
1447 2340 209 61 forme
1703 2337 439 80 insignifiante

204 2449 57 57 et
296 2450 232 56 morte.

928 2571 93 52 Le
1075 2568 331 55 Sonneur.

277 2736 82 56 Le
388 2729 203 61 délire
622 2726 152 61 d'un
807 2722 234 80 peuple
1072 2722 109 80 qui
1210 2738 163 42 nous
1398 2717 286 62 attribue
1715 2717 66 58 la
1802 2715 241 61 félicité
2065 2717 76 58 de

195 2841 117 46 son
329 2820 242 68 avenir,
594 2835 103 43 ces
712 2813 180 63 mille
906 2812 163 61 têtes
1083 2815 257 57 trouées
1359 2827 118 61 par
1498 2808 357 60 l'émission
1872 2806 151 61 d'un
2055 2807 87 60 cri

191 2910 281 65 laudatif
500 2910 252 58 cessent
806 2903 75 61 de
937 2920 162 43 nous
1143 2898 337 63 émouvoir
1512 2901 188 75 après
1732 2896 65 60 la
1823 2896 319 79 première

189 3004 363 58 rencontre.
613 2999 75 56 Et
734 2992 371 80 cependant
1168 2989 155 78 quoi
1362 2989 77 59 de
1491 2990 143 76 plus
1698 2985 390 61 immatériel
2117 2987 29 57 ?

191 3093 253 61 Bientôt
500 3089 60 60 le
609 3086 409 78 phénomène
1080 3081 181 61 divin
1317 3079 152 59 d'un
1538 3077 257 79 rythme
1874 3075 272 61 unifiant

191 3180 182 61 mille
419 3180 174 57 âmes
656 3194 78 42 en
774 3192 124 42 une
960 3170 176 64 seule
1197 3169 243 61 courbe
1493 3166 211 79 jaillie
1757 3184 149 42 vers
1959 3170 184 55 notre

195 3288 196 54 cœur,
423 3267 141 61 cela
595 3264 262 61 devient
889 3263 76 60 de
992 3262 64 59 la
1084 3258 456 68 vocifération,
1578 3273 276 61 presque
1883 3254 58 61 le
1971 3253 141 61 bêle-

197 3361 177 57 ment
404 3356 236 59 suscité
673 3372 117 60 par
821 3371 88 40 un
939 3350 185 78 doigt
1153 3347 213 80 puéril
1399 3347 111 77 qui
1540 3350 221 56 écrase
1792 3344 57 61 le
1888 3343 254 61 soufflet

197 3444 152 61 d'un
382 3448 270 55 mouton
698 3442 78 60 de
818 3443 214 57 bazar.
1060 3439 173 59 Nous
1286 3453 306 61 pressons
1641 3452 113 42 sur
1802 3434 65 59 la
1910 3432 235 59 touche

202 3558 34 38 «
280 3532 235 84 égalité
564 3552 58 52 »,
660 3550 109 42 sur
798 3531 67 58 la
899 3530 235 59 touche
1190 3546 35 42 «
1268 3527 238 60 liberté
1553 3547 60 49 »,
1649 3542 111 41 sur
1792 3523 64 60 la
1910 3519 235 63 touche
