2343 3919
1128 309 117 57 306

190 468 104 60 vie
325 482 164 45 nous
523 463 357 62 entendons
910 463 234 71 même,
1182 480 250 45 comme
1465 482 165 43 nous
1656 464 249 63 l'avons
1939 466 116 73 dit,
2093 466 63 61 la

190 555 442 62 résurrection
665 571 79 43 en
776 552 284 61 certains
1088 570 128 44 cas.

273 666 35 41 «
355 649 89 58 La
476 645 145 80 plus
655 644 278 80 parfaite
969 646 228 76 pureté
1242 642 387 64 d'intention
1680 647 94 60 est
1812 645 303 81 indispen-

186 736 186 61 sable
401 754 83 42 au
515 736 482 76 thaumaturge,
1021 732 150 79 puis
1191 732 50 60 il
1272 732 93 61 lui
1388 734 141 61 faut
1552 754 86 42 un
1667 739 275 58 courant
1970 736 148 61 favo-

190 826 183 61 rable
410 829 60 57 et
501 843 124 42 une
668 824 334 61 confiance
1035 821 326 63 illimitée.

275 937 35 35 «
357 914 332 62 L'homme
724 913 110 80 qui
868 915 93 59 est
985 931 287 62 parvenu
1304 920 38 54 à
1373 932 78 43 ne
1492 914 142 61 rien
1667 915 337 63 convoiter
2033 918 58 61 et
2118 923 38 56 à

190 1026 82 43 ne
305 1007 142 61 rien
477 1004 300 64 craindre
828 1007 94 58 est
956 1004 61 61 le
1047 1007 229 58 maître
1309 1004 76 61 de
1418 1009 167 57 tout.
1622 1007 162 61 C'est
1815 1025 71 43 ce
1916 1008 111 79 qui
2061 1012 94 57 est

192 1098 292 79 exprimé
508 1116 118 60 par
660 1099 161 58 cette
857 1096 165 61 belle
1058 1094 315 80 allégorie
1406 1096 76 59 de
1516 1096 354 80 l'Evangile
1905 1106 82 52 où
2020 1099 132 61 l'on

192 1190 137 59 voit
355 1188 61 60 le
470 1187 101 61 fils
623 1187 78 61 de
754 1186 159 61 Dieu
960 1186 160 61 trois
1164 1186 129 61 fois
1351 1186 362 61 victorieux
1765 1187 76 60 de
1902 1188 252 80 l'esprit

185 1280 247 76 impur,
463 1279 134 59 être
621 1277 167 60 servi
814 1276 160 60 dans
997 1276 59 60 le
1089 1275 214 61 désert
1324 1294 121 61 par
1465 1275 93 62 les
1589 1280 233 75 Anges.

273 1392 34 35 «
353 1367 160 61 Rien
545 1385 78 42 ne
655 1367 231 59 résiste
920 1384 111 42 sur
1061 1365 63 61 la
1150 1371 173 55 terre
1356 1371 37 55 à
1439 1384 124 42 une
1604 1366 260 61 volonté
1895 1367 218 60 raison-

189 1459 194 61 nable
419 1460 60 57 et
503 1458 191 59 libre.
730 1458 229 69 Quand
992 1455 58 61 le
1083 1474 150 60 sage
1274 1456 95 59 dit
1406 1474 11 42 :
1453 1456 63 78 je
1554 1474 187 57 veux,
1799 1456 150 61 c'est
1992 1458 159 61 Dieu

190 1549 210 60 même
440 1548 111 78 qui
583 1550 174 66 veut,
790 1550 59 56 et
877 1549 145 56 tout
1050 1564 70 42 ce
1145 1545 158 78 qu'il
1336 1546 291 60 ordonne
1660 1546 423 80 s'accomplit.
2116 1566 36 41 »

272 1640 179 58 Donc
486 1656 160 58 pour
677 1635 409 73 l'ésotériste,
1121 1634 48 59 il
1195 1634 103 78 n'y
1335 1653 38 42 a
1406 1653 116 61 pas
1557 1635 77 60 de
1680 1637 270 59 miracle
1987 1639 162 59 dans

190 1728 60 61 le
293 1743 147 45 sens
486 1724 409 79 catholique;
933 1724 160 61 Dieu
1144 1724 422 63 n'intervient
1618 1743 115 60 pas
1783 1726 367 73 lui-même,

190 1818 164 61 mais
378 1817 51 60 il
461 1835 66 43 se
562 1820 131 57 sert
716 1816 77 59 de
820 1833 98 42 ses
942 1831 199 63 anges
1171 1816 59 59 et
1256 1814 109 60 des
1393 1814 298 61 hommes
1716 1833 166 61 pour
1903 1833 211 44 accom-

185 1908 134 79 plir
350 1926 102 42 ses
485 1906 312 60 desseins.
852 1906 166 62 C'est
1069 1922 117 60 par
1224 1922 100 42 ses
1360 1903 149 75 lois,
1547 1903 92 63 les
1676 1906 365 61 ordinaires
2070 1925 84 42 ou

188 2000 94 58 les
313 1997 216 61 moins
557 2014 311 52 connues,
908 2013 122 61 que
1056 1995 159 59 Dieu
1234 1995 137 79 agit
1404 1995 159 59 dans
1596 1995 334 62 l'univers.
1970 1997 184 60 Voici

188 2087 369 81 l'équilibre
604 2085 201 61 établi
866 2086 179 59 entre
1107 2084 520 78 l'agnosticisme
1684 2086 109 60 des
1846 2085 270 62 matéria-

188 2178 209 73 listes,
429 2178 110 59 des
573 2176 373 78 sceptiques
974 2179 63 57 et
1067 2175 109 60 des
1208 2175 402 78 positivistes
1652 2178 60 57 et
1733 2175 65 60 la
1844 2178 263 58 thauma-

190 2269 211 76 turgie
430 2267 216 61 divine
679 2270 145 71 trop
851 2264 353 60 arbitraire
1230 2264 110 60 des
1368 2264 434 77 théologiens.

274 2358 333 60 Comment
666 2354 309 60 l'homme
1026 2354 300 60 aura-t-il
1366 2357 162 57 cette
1583 2353 370 80 délégation
2004 2355 146 61 d'en

190 2448 162 60 haut
369 2446 93 59 lui
494 2447 391 76 permettant
913 2443 213 60 d'user
1149 2444 109 59 des
1282 2443 380 78 puissances
1693 2444 458 79 supérieures?

272 2537 86 70 Si,
395 2554 118 61 par
546 2552 70 42 sa
645 2533 169 60 libre
835 2532 284 72 volonté,
1155 2532 50 58 il
1238 2532 193 61 s'unit
1462 2538 38 54 à
1528 2533 180 60 Dieu.

273 2627 198 62 Selon
493 2626 92 60 les
617 2626 220 58 Livres
867 2623 252 73 Sacrés,
1143 2625 219 67 Moïse,
1380 2622 60 61 le
1463 2625 145 77 plus
1639 2627 386 78 surprenant
2044 2626 111 61 des

189 2719 521 76 thaumaturges,
745 2715 197 60 serait
974 2733 77 42 en
1086 2716 208 57 même
1328 2720 214 71 temps
1566 2714 334 81 l'exemple
1926 2716 60 61 le
2008 2716 146 80 plus

192 2806 243 82 parfait
484 2806 77 60 de
611 2808 161 57 cette
821 2809 169 56 sorte
1054 2804 76 61 de
1161 2805 421 60 communion
1624 2805 76 61 de
1735 2806 307 63 l'homme
2076 2825 79 42 en

190 2899 191 60 Dieu:
415 2913 194 61 parce
645 2912 122 61 que
792 2894 305 61 l'homme
1130 2894 60 61 le
1221 2899 150 56 veut
1406 2898 61 58 et
1497 2914 123 60 que
1655 2895 163 62 Dieu
1856 2917 163 58 pour
2053 2916 98 41 ses

189 2988 295 61 desseins
517 2984 471 79 providentiels
1011 2983 58 61 le
1102 2989 276 74 permet.

272 3079 50 60 Il
350 3079 92 59 est
482 3076 96 59 dit
612 3074 159 61 dans
796 3073 37 61 Y
839 3073 226 60 Exode
1098 3095 12 42 :

373 3171 76 56 Et
480 3164 301 61 l'Eternel
815 3164 232 79 parlait
1072 3170 36 54 à
1131 3166 196 59 Moïse
1354 3164 141 60 face
1524 3170 37 54 à
1590 3164 162 74 face,
1784 3182 249 46 comme
2066 3186 88 42 un

190 3261 262 61 homme
487 3256 183 80 parle
702 3258 38 56 à
772 3272 115 41 son
927 3255 228 59 intime
1188 3255 129 59 ami
1351 3252 222 83 (Chap.
1613 3272 213 55 XXXIII,
1864 3257 178 81 §11).

272 3354 171 58 Dans
475 3349 94 59 les
599 3344 302 62 Nombres
932 3365 11 41 :

395 3441 58 61 6.
517 3441 76 57 Et
651 3436 304 61 l'Eternel
1020 3435 96 61 dit
1148 3453 13 42 :
1227 3436 275 60 Ecoutez
1561 3435 410 65 maintenant
2023 3459 136 43 mes

188 3531 263 82 paroles
487 3548 13 43 :
537 3528 114 62 S'il
680 3549 40 59 y
754 3547 37 42 a
838 3526 279 80 quelque
1159 3526 320 80 prophète
1519 3526 214 80 parmi
1789 3547 184 59 vous,
2028 3533 132 62 moi
