<?xml version="1.0" encoding="UTF-8"?>
<alto xmlns:xsi="http://www.w3.org/2001/XMLSchema-instance" xmlns="http://www.loc.gov/standards/alto/ns-v2#" xsi:schemaLocation="http://www.loc.gov/standards/alto/ns-v2# http://www.loc.gov/standards/alto/alto-v2.0.xsd" xmlns:xlink="http://www.w3.org/1999/xlink">
	<Description>
		<MeasurementUnit>mm10</MeasurementUnit>
		<sourceImageInformation>
			<fileName>//fileserver7/IN2-2/Princeton/Batch7/bmtnaas/1893/04/10_01/00000369.tif</fileName>
		</sourceImageInformation>
		<OCRProcessing ID="OCRPROCESSING_1">
			<preProcessingStep>
				<processingSoftware>
					<softwareCreator>CCS Content Conversion Specialists GmbH, Germany</softwareCreator>
					<softwareName>CCS docWorks</softwareName>
					<softwareVersion>6.7-1.24</softwareVersion>
				</processingSoftware>
			</preProcessingStep>
			<ocrProcessingStep>
				<processingSoftware>
					<softwareCreator>ABBYY (BIT Software), Russia</softwareCreator>
					<softwareName>FineReader</softwareName>
					<softwareVersion>10.0</softwareVersion>
				</processingSoftware>
			</ocrProcessingStep>
		</OCRProcessing>
		<OCRProcessing ID="OCRPROCESSING_2">
			<preProcessingStep>
				<processingSoftware>
					<softwareCreator>CCS Content Conversion Specialists GmbH, Germany</softwareCreator>
					<softwareName>CCS docWorks</softwareName>
					<softwareVersion>6.7-1.24</softwareVersion>
				</processingSoftware>
			</preProcessingStep>
			<ocrProcessingStep>
				<processingSoftware>
					<softwareCreator>ABBYY (BIT Software), Russia</softwareCreator>
					<softwareName>NA</softwareName>
				</processingSoftware>
			</ocrProcessingStep>
		</OCRProcessing>
	</Description>
	<Styles>
		<TextStyle ID="TXT_0" FONTSIZE="119" FONTFAMILY="Times New Roman"/>
		<TextStyle ID="TXT_1" FONTSIZE="19" FONTFAMILY="Times New Roman"/>
		<TextStyle ID="TXT_2" FONTSIZE="16" FONTFAMILY="Times New Roman"/>
		<TextStyle ID="TXT_3" FONTSIZE="18" FONTFAMILY="Times New Roman"/>
		<TextStyle ID="TXT_4" FONTSIZE="18" FONTFAMILY="Times New Roman" FONTSTYLE="italics"/>
		<ParagraphStyle ID="PAR_CENTER" ALIGN="Center"/>
		<ParagraphStyle ID="PAR_BLOCK" ALIGN="Block"/>
		<ParagraphStyle ID="PAR_LEFT" ALIGN="Left"/>
		<ParagraphStyle ID="PAR_RIGHT" ALIGN="Right"/>
	</Styles>
	<Layout>
		<Page ID="P47" PHYSICAL_IMG_NR="47" HEIGHT="3919" WIDTH="2343" PRINTED_IMG_NR="333" PC="0.921">
			<TopMargin ID="P47_TM00001" HPOS="0" VPOS="0" WIDTH="2343" HEIGHT="403">
				<TextBlock ID="P47_TB00001" HPOS="1092" VPOS="343" WIDTH="131" HEIGHT="58" STYLEREFS="TXT_0 PAR_CENTER">
					<TextLine ID="P47_TL00001" HPOS="1092" VPOS="343" WIDTH="131" HEIGHT="58">
						<String ID="P47_ST00001" HPOS="1092" VPOS="343" WIDTH="131" HEIGHT="58" CONTENT="333" WC="1.00" CC="000"/>
					</TextLine>
				</TextBlock>
			</TopMargin>
			<LeftMargin ID="P47_LM00001" HPOS="0" VPOS="403" WIDTH="176" HEIGHT="3252"/>
			<RightMargin ID="P47_RM00001" HPOS="2128" VPOS="403" WIDTH="215" HEIGHT="3252"/>
			<BottomMargin ID="P47_BM00001" HPOS="0" VPOS="3655" WIDTH="2343" HEIGHT="264"/>
			<PrintSpace ID="P47_PS00001" HPOS="176" VPOS="403" WIDTH="1952" HEIGHT="3252">
				<TextBlock ID="P47_TB00002" HPOS="176" VPOS="463" WIDTH="1932" HEIGHT="349" STYLEREFS="TXT_1 PAR_BLOCK">
					<TextLine ID="P47_TL00002" HPOS="177" VPOS="463" WIDTH="1931" HEIGHT="66">
						<String ID="P47_ST00002" HPOS="177" VPOS="473" WIDTH="92" HEIGHT="51" CONTENT="par" WC="0.95" CC="706"/>
						<SP ID="P47_SP00001" HPOS="269" VPOS="524" WIDTH="32"/>
						<String ID="P47_ST00003" HPOS="301" VPOS="474" WIDTH="85" HEIGHT="36" CONTENT="ces" WC="0.98" CC="022"/>
						<SP ID="P47_SP00002" HPOS="386" VPOS="524" WIDTH="31"/>
						<String ID="P47_ST00004" HPOS="417" VPOS="463" WIDTH="169" HEIGHT="60" CONTENT="temps" WC="0.97" CC="50853"/>
						<SP ID="P47_SP00003" HPOS="586" VPOS="524" WIDTH="35"/>
						<String ID="P47_ST00005" HPOS="621" VPOS="463" WIDTH="64" HEIGHT="47" CONTENT="où" WC="0.77" CC="04"/>
						<SP ID="P47_SP00004" HPOS="685" VPOS="524" WIDTH="36"/>
						<String ID="P47_ST00006" HPOS="721" VPOS="464" WIDTH="113" HEIGHT="47" CONTENT="tout" WC="0.98" CC="5230"/>
						<SP ID="P47_SP00005" HPOS="834" VPOS="524" WIDTH="28"/>
						<String ID="P47_ST00007" HPOS="862" VPOS="464" WIDTH="208" HEIGHT="51" CONTENT="homme" WC="0.98" CC="53002"/>
						<SP ID="P47_SP00006" HPOS="1070" VPOS="524" WIDTH="45"/>
						<String ID="P47_ST00008" HPOS="1115" VPOS="468" WIDTH="85" HEIGHT="61" CONTENT="qui" WC="0.95" CC="660"/>
						<SP ID="P47_SP00007" HPOS="1200" VPOS="529" WIDTH="37"/>
						<String ID="P47_ST00009" HPOS="1237" VPOS="467" WIDTH="128" HEIGHT="48" CONTENT="livre" WC="0.97" CC="06093"/>
						<SP ID="P47_SP00008" HPOS="1365" VPOS="529" WIDTH="37"/>
						<String ID="P47_ST00010" HPOS="1402" VPOS="481" WIDTH="94" HEIGHT="35" CONTENT="son" WC="0.95" CC="452"/>
						<SP ID="P47_SP00009" HPOS="1496" VPOS="529" WIDTH="31"/>
						<String ID="P47_ST00011" HPOS="1527" VPOS="481" WIDTH="124" HEIGHT="34" CONTENT="nom" WC="0.99" CC="030"/>
						<SP ID="P47_SP00010" HPOS="1651" VPOS="529" WIDTH="42"/>
						<String ID="P47_ST00012" HPOS="1693" VPOS="468" WIDTH="49" HEIGHT="47" CONTENT="et" WC="0.70" CC="05"/>
						<SP ID="P47_SP00011" HPOS="1742" VPOS="529" WIDTH="41"/>
						<String ID="P47_ST00013" HPOS="1783" VPOS="481" WIDTH="95" HEIGHT="35" CONTENT="son" WC="0.95" CC="660"/>
						<SP ID="P47_SP00012" HPOS="1878" VPOS="529" WIDTH="46"/>
						<String ID="P47_ST00014" HPOS="1924" VPOS="469" WIDTH="77" HEIGHT="46" CONTENT="art" WC="0.98" CC="040"/>
						<SP ID="P47_SP00013" HPOS="2001" VPOS="529" WIDTH="45"/>
						<String ID="P47_ST00015" HPOS="2046" VPOS="482" WIDTH="62" HEIGHT="33" CONTENT="au" WC="0.69" CC="06"/>
					</TextLine>
					<TextLine ID="P47_TL00003" HPOS="176" VPOS="533" WIDTH="1931" HEIGHT="67">
						<String ID="P47_ST00016" HPOS="176" VPOS="533" WIDTH="187" HEIGHT="62" CONTENT="public," WC="0.98" CC="0784706"/>
						<SP ID="P47_SP00014" HPOS="363" VPOS="595" WIDTH="25"/>
						<String ID="P47_ST00017" HPOS="388" VPOS="537" WIDTH="79" HEIGHT="44" CONTENT="est" WC="0.96" CC="064"/>
						<SP ID="P47_SP00015" HPOS="467" VPOS="595" WIDTH="24"/>
						<String ID="P47_ST00018" HPOS="491" VPOS="534" WIDTH="42" HEIGHT="46" CONTENT="si" WC="0.61" CC="51"/>
						<SP ID="P47_SP00016" HPOS="533" VPOS="595" WIDTH="32"/>
						<String ID="P47_ST00019" HPOS="565" VPOS="533" WIDTH="381" HEIGHT="62" CONTENT="fréquemment" WC="0.99" CC="80090109060"/>
						<SP ID="P47_SP00017" HPOS="946" VPOS="595" WIDTH="23"/>
						<String ID="P47_ST00020" HPOS="969" VPOS="538" WIDTH="190" HEIGHT="47" CONTENT="doublé" WC="0.98" CC="204806"/>
						<SP ID="P47_SP00018" HPOS="1159" VPOS="595" WIDTH="28"/>
						<String ID="P47_ST00021" HPOS="1187" VPOS="538" WIDTH="114" HEIGHT="48" CONTENT="d'un" WC="0.97" CC="1076"/>
						<SP ID="P47_SP00019" HPOS="1301" VPOS="595" WIDTH="36"/>
						<String ID="P47_ST00022" HPOS="1337" VPOS="539" WIDTH="222" HEIGHT="49" CONTENT="cabotin." WC="1.00" CC="50200000"/>
						<SP ID="P47_SP00020" HPOS="1559" VPOS="595" WIDTH="36"/>
						<String ID="P47_ST00023" HPOS="1595" VPOS="538" WIDTH="65" HEIGHT="50" CONTENT="Et" WC="1.00" CC="00"/>
						<SP ID="P47_SP00021" HPOS="1660" VPOS="595" WIDTH="36"/>
						<String ID="P47_ST00024" HPOS="1696" VPOS="538" WIDTH="101" HEIGHT="50" CONTENT="l'on" WC="0.99" CC="0202"/>
						<SP ID="P47_SP00022" HPOS="1797" VPOS="595" WIDTH="33"/>
						<String ID="P47_ST00025" HPOS="1830" VPOS="553" WIDTH="54" HEIGHT="33" CONTENT="se" WC="1.00" CC="00"/>
						<SP ID="P47_SP00023" HPOS="1884" VPOS="595" WIDTH="22"/>
						<String ID="P47_ST00026" HPOS="1906" VPOS="539" WIDTH="201" HEIGHT="61" CONTENT="plairait" WC="0.99" CC="91005020"/>
					</TextLine>
					<TextLine ID="P47_TL00004" HPOS="179" VPOS="604" WIDTH="1929" HEIGHT="67">
						<String ID="P47_ST00027" HPOS="179" VPOS="607" WIDTH="29" HEIGHT="44" CONTENT="à" WC="0.58" CC="4"/>
						<SP ID="P47_SP00024" HPOS="208" VPOS="651" WIDTH="32"/>
						<String ID="P47_ST00028" HPOS="240" VPOS="605" WIDTH="125" HEIGHT="47" CONTENT="citer" WC="1.00" CC="00300"/>
						<SP ID="P47_SP00025" HPOS="365" VPOS="652" WIDTH="32"/>
						<String ID="P47_ST00029" HPOS="397" VPOS="604" WIDTH="250" HEIGHT="61" CONTENT="quelques" WC="0.99" CC="07050500"/>
						<SP ID="P47_SP00026" HPOS="647" VPOS="665" WIDTH="37"/>
						<String ID="P47_ST00030" HPOS="684" VPOS="605" WIDTH="114" HEIGHT="49" CONTENT="faits" WC="0.99" CC="10004"/>
						<SP ID="P47_SP00027" HPOS="798" VPOS="665" WIDTH="27"/>
						<String ID="P47_ST00031" HPOS="825" VPOS="609" WIDTH="235" HEIGHT="60" CONTENT="typiques" WC="0.99" CC="05650005"/>
						<SP ID="P47_SP00028" HPOS="1060" VPOS="669" WIDTH="28"/>
						<String ID="P47_ST00032" HPOS="1088" VPOS="610" WIDTH="62" HEIGHT="47" CONTENT="de" WC="0.88" CC="02"/>
						<SP ID="P47_SP00029" HPOS="1150" VPOS="669" WIDTH="32"/>
						<String ID="P47_ST00033" HPOS="1182" VPOS="612" WIDTH="133" HEIGHT="45" CONTENT="cette" WC="1.00" CC="00001"/>
						<SP ID="P47_SP00030" HPOS="1315" VPOS="669" WIDTH="27"/>
						<String ID="P47_ST00034" HPOS="1342" VPOS="610" WIDTH="81" HEIGHT="49" CONTENT="vie" WC="0.99" CC="002"/>
						<SP ID="P47_SP00031" HPOS="1423" VPOS="669" WIDTH="37"/>
						<String ID="P47_ST00035" HPOS="1460" VPOS="612" WIDTH="328" HEIGHT="59" CONTENT="exemplaire," WC="1.00" CC="25200007003"/>
						<SP ID="P47_SP00032" HPOS="1788" VPOS="671" WIDTH="33"/>
						<String ID="P47_ST00036" HPOS="1821" VPOS="612" WIDTH="43" HEIGHT="45" CONTENT="si" WC="0.39" CC="65"/>
						<SP ID="P47_SP00033" HPOS="1864" VPOS="671" WIDTH="30"/>
						<String ID="P47_ST00037" HPOS="1894" VPOS="610" WIDTH="214" HEIGHT="51" CONTENT="Camille" WC="0.99" CC="5400305"/>
					</TextLine>
					<TextLine ID="P47_TL00005" HPOS="179" VPOS="674" WIDTH="1929" HEIGHT="70">
						<String ID="P47_ST00038" HPOS="179" VPOS="674" WIDTH="238" HEIGHT="49" CONTENT="Pissarro" WC="0.99" CC="00056904"/>
						<SP ID="P47_SP00034" HPOS="417" VPOS="723" WIDTH="31"/>
						<String ID="P47_ST00039" HPOS="448" VPOS="690" WIDTH="65" HEIGHT="33" CONTENT="ne" WC="0.85" CC="20"/>
						<SP ID="P47_SP00035" HPOS="513" VPOS="723" WIDTH="29"/>
						<String ID="P47_ST00040" HPOS="542" VPOS="676" WIDTH="160" HEIGHT="49" CONTENT="tenait" WC="0.99" CC="600001"/>
						<SP ID="P47_SP00036" HPOS="702" VPOS="725" WIDTH="34"/>
						<String ID="P47_ST00041" HPOS="736" VPOS="682" WIDTH="201" HEIGHT="45" CONTENT="surtout" WC="0.98" CC="2661062"/>
						<SP ID="P47_SP00037" HPOS="937" VPOS="727" WIDTH="35"/>
						<String ID="P47_ST00042" HPOS="972" VPOS="682" WIDTH="27" HEIGHT="46" CONTENT="à" WC="0.35" CC="6"/>
						<SP ID="P47_SP00038" HPOS="999" VPOS="728" WIDTH="32"/>
						<String ID="P47_ST00043" HPOS="1031" VPOS="682" WIDTH="140" HEIGHT="46" CONTENT="vivre" WC="0.98" CC="03090"/>
						<SP ID="P47_SP00039" HPOS="1171" VPOS="728" WIDTH="24"/>
						<String ID="P47_ST00044" HPOS="1195" VPOS="680" WIDTH="204" HEIGHT="59" CONTENT="obscur," WC="0.99" CC="0511070"/>
						<SP ID="P47_SP00040" HPOS="1399" VPOS="739" WIDTH="34"/>
						<String ID="P47_ST00045" HPOS="1433" VPOS="695" WIDTH="202" HEIGHT="35" CONTENT="comme" WC="0.98" CC="30057"/>
						<SP ID="P47_SP00041" HPOS="1635" VPOS="739" WIDTH="27"/>
						<String ID="P47_ST00046" HPOS="1662" VPOS="697" WIDTH="64" HEIGHT="33" CONTENT="au" WC="1.00" CC="00"/>
						<SP ID="P47_SP00042" HPOS="1726" VPOS="739" WIDTH="35"/>
						<String ID="P47_ST00047" HPOS="1761" VPOS="685" WIDTH="161" HEIGHT="59" CONTENT="temps" WC="0.99" CC="20006"/>
						<SP ID="P47_SP00043" HPOS="1922" VPOS="744" WIDTH="27"/>
						<String ID="P47_ST00048" HPOS="1949" VPOS="684" WIDTH="65" HEIGHT="47" CONTENT="où" WC="0.75" CC="31"/>
						<SP ID="P47_SP00044" HPOS="2014" VPOS="744" WIDTH="21"/>
						<String ID="P47_ST00049" HPOS="2035" VPOS="683" WIDTH="73" HEIGHT="47" CONTENT="les" WC="0.98" CC="006"/>
					</TextLine>
					<TextLine ID="P47_TL00006" HPOS="180" VPOS="746" WIDTH="1679" HEIGHT="66">
						<String ID="P47_ST00050" HPOS="180" VPOS="746" WIDTH="230" HEIGHT="61" CONTENT="peintres" WC="0.99" CC="00015054"/>
						<SP ID="P47_SP00045" HPOS="410" VPOS="807" WIDTH="29"/>
						<String ID="P47_ST00051" HPOS="439" VPOS="748" WIDTH="253" HEIGHT="50" CONTENT="n'avaient" WC="0.99" CC="000907064"/>
						<SP ID="P47_SP00046" HPOS="692" VPOS="807" WIDTH="28"/>
						<String ID="P47_ST00052" HPOS="720" VPOS="765" WIDTH="91" HEIGHT="47" CONTENT="pas" WC="0.96" CC="054"/>
						<SP ID="P47_SP00047" HPOS="811" VPOS="812" WIDTH="33"/>
						<String ID="P47_ST00053" HPOS="844" VPOS="750" WIDTH="261" HEIGHT="51" CONTENT="d'histoire" WC="0.99" CC="0043503290"/>
						<SP ID="P47_SP00048" HPOS="1105" VPOS="812" WIDTH="30"/>
						<String ID="P47_ST00054" HPOS="1135" VPOS="754" WIDTH="51" HEIGHT="47" CONTENT="et" WC="0.85" CC="20"/>
						<SP ID="P47_SP00049" HPOS="1186" VPOS="812" WIDTH="29"/>
						<String ID="P47_ST00055" HPOS="1215" VPOS="753" WIDTH="267" HEIGHT="49" CONTENT="laissaient" WC="1.00" CC="0000400461"/>
						<SP ID="P47_SP00050" HPOS="1482" VPOS="812" WIDTH="30"/>
						<String ID="P47_ST00056" HPOS="1512" VPOS="754" WIDTH="92" HEIGHT="48" CONTENT="des" WC="0.98" CC="004"/>
						<SP ID="P47_SP00051" HPOS="1604" VPOS="812" WIDTH="31"/>
						<String ID="P47_ST00057" HPOS="1635" VPOS="768" WIDTH="224" HEIGHT="37" CONTENT="œuvres." WC="0.98" CC="0604137"/>
					</TextLine>
				</TextBlock>
				<TextBlock ID="P47_TB00003" HPOS="249" VPOS="1085" WIDTH="1865" HEIGHT="116" STYLEREFS="TXT_1 PAR_LEFT">
					<TextLine ID="P47_TL00007" HPOS="249" VPOS="1085" WIDTH="1865" HEIGHT="55">
						<String ID="P47_ST00058" HPOS="249" VPOS="1085" WIDTH="360" HEIGHT="55" CONTENT="Exposition" WC="0.99" CC="7960345402"/>
						<SP ID="P47_SP00052" HPOS="609" VPOS="1140" WIDTH="26"/>
						<String ID="P47_ST00059" HPOS="635" VPOS="1089" WIDTH="299" HEIGHT="42" CONTENT="d'œuvres" WC="1.00" CC="10075320"/>
						<SP ID="P47_SP00053" HPOS="934" VPOS="1140" WIDTH="35"/>
						<String ID="P47_ST00060" HPOS="969" VPOS="1089" WIDTH="70" HEIGHT="42" CONTENT="de" WC="0.72" CC="50"/>
						<SP ID="P47_SP00054" HPOS="1039" VPOS="1140" WIDTH="39"/>
						<String ID="P47_ST00061" HPOS="1078" VPOS="1089" WIDTH="79" HEIGHT="42" CONTENT="M." WC="0.64" CC="33"/>
						<SP ID="P47_SP00055" HPOS="1157" VPOS="1140" WIDTH="43"/>
						<String ID="P47_ST00062" HPOS="1200" VPOS="1086" WIDTH="258" HEIGHT="45" CONTENT="Antonio" WC="0.99" CC="5640102"/>
						<SP ID="P47_SP00056" HPOS="1458" VPOS="1140" WIDTH="50"/>
						<String ID="P47_ST00063" HPOS="1508" VPOS="1089" WIDTH="70" HEIGHT="43" CONTENT="de" WC="0.81" CC="03"/>
						<SP ID="P47_SP00057" HPOS="1578" VPOS="1140" WIDTH="40"/>
						<String ID="P47_ST00064" HPOS="1618" VPOS="1090" WIDTH="64" HEIGHT="43" CONTENT="la" WC="1.00" CC="00"/>
						<SP ID="P47_SP00058" HPOS="1682" VPOS="1140" WIDTH="34"/>
						<String ID="P47_ST00065" HPOS="1716" VPOS="1089" WIDTH="301" HEIGHT="44" CONTENT="Gandara." WC="0.80" CC="53000700"/>
						<SP ID="P47_SP00059" HPOS="2017" VPOS="1140" WIDTH="49"/>
						<String ID="P47_ST00066" HPOS="2066" VPOS="1085" WIDTH="48" HEIGHT="55" CONTENT="-" WC="0.98" CC="0"/>
					</TextLine>
					<TextLine ID="P47_TL00008" HPOS="785" VPOS="1153" WIDTH="727" HEIGHT="48">
						<String ID="P47_ST00067" HPOS="785" VPOS="1155" WIDTH="267" HEIGHT="46" CONTENT="GALERIES" WC="0.98" CC="67606652" STYLEREFS="TXT_2"/>
						<SP ID="P47_SP00060" HPOS="1052" VPOS="1201" WIDTH="28"/>
						<String ID="P47_ST00068" HPOS="1080" VPOS="1153" WIDTH="432" HEIGHT="48" CONTENT="DURAND-RUEL." WC="0.62" CC="007893170050" STYLEREFS="TXT_2"/>
					</TextLine>
				</TextBlock>
				<TextBlock ID="P47_TB00004" HPOS="179" VPOS="1276" WIDTH="1949" HEIGHT="1418" STYLEREFS="TXT_3 PAR_BLOCK">
					<TextLine ID="P47_TL00009" HPOS="246" VPOS="1276" WIDTH="1872" HEIGHT="61">
						<String ID="P47_ST00069" HPOS="246" VPOS="1277" WIDTH="93" HEIGHT="49" CONTENT="Cet" WC="0.97" CC="015"/>
						<SP ID="P47_SP00061" HPOS="339" VPOS="1326" WIDTH="29"/>
						<String ID="P47_ST00070" HPOS="368" VPOS="1277" WIDTH="295" HEIGHT="60" CONTENT="aphorisme" WC="0.99" CC="054075400"/>
						<SP ID="P47_SP00062" HPOS="663" VPOS="1337" WIDTH="114"/>
						<String ID="P47_ST00071" HPOS="777" VPOS="1277" WIDTH="75" HEIGHT="47" CONTENT="les" WC="0.98" CC="050"/>
						<SP ID="P47_SP00063" HPOS="852" VPOS="1337" WIDTH="24"/>
						<String ID="P47_ST00072" HPOS="876" VPOS="1277" WIDTH="227" HEIGHT="60" CONTENT="peintres" WC="0.98" CC="60463702"/>
						<SP ID="P47_SP00064" HPOS="1103" VPOS="1337" WIDTH="31"/>
						<String ID="P47_ST00073" HPOS="1134" VPOS="1279" WIDTH="124" HEIGHT="45" CONTENT="dont" WC="0.98" CC="5500"/>
						<SP ID="P47_SP00065" HPOS="1258" VPOS="1337" WIDTH="27"/>
						<String ID="P47_ST00074" HPOS="1285" VPOS="1276" WIDTH="112" HEIGHT="48" CONTENT="l'art" WC="0.99" CC="00030"/>
						<SP ID="P47_SP00066" HPOS="1397" VPOS="1337" WIDTH="28"/>
						<String ID="P47_ST00075" HPOS="1425" VPOS="1291" WIDTH="54" HEIGHT="33" CONTENT="se" WC="1.00" CC="00"/>
						<SP ID="P47_SP00067" HPOS="1479" VPOS="1337" WIDTH="33"/>
						<String ID="P47_ST00076" HPOS="1512" VPOS="1277" WIDTH="158" HEIGHT="60" CONTENT="greffe" WC="0.97" CC="780650"/>
						<SP ID="P47_SP00068" HPOS="1670" VPOS="1337" WIDTH="39"/>
						<String ID="P47_ST00077" HPOS="1709" VPOS="1294" WIDTH="88" HEIGHT="32" CONTENT="sur" WC="0.95" CC="064"/>
						<SP ID="P47_SP00069" HPOS="1797" VPOS="1337" WIDTH="28"/>
						<String ID="P47_ST00078" HPOS="1825" VPOS="1279" WIDTH="137" HEIGHT="47" CONTENT="celui" WC="0.98" CC="81005"/>
						<SP ID="P47_SP00070" HPOS="1962" VPOS="1337" WIDTH="41"/>
						<String ID="P47_ST00079" HPOS="2003" VPOS="1279" WIDTH="115" HEIGHT="47" CONTENT="d'un" WC="0.96" CC="5057"/>
					</TextLine>
					<TextLine ID="P47_TL00010" HPOS="185" VPOS="1347" WIDTH="1934" HEIGHT="61">
						<String ID="P47_ST00080" HPOS="185" VPOS="1349" WIDTH="202" HEIGHT="58" CONTENT="maître," WC="0.99" CC="0064007"/>
						<SP ID="P47_SP00071" HPOS="387" VPOS="1407" WIDTH="33"/>
						<String ID="P47_ST00081" HPOS="420" VPOS="1347" WIDTH="361" HEIGHT="50" CONTENT="n'intéressent" WC="0.99" CC="6218060101003"/>
						<SP ID="P47_SP00072" HPOS="781" VPOS="1407" WIDTH="33"/>
						<String ID="P47_ST00082" HPOS="814" VPOS="1363" WIDTH="98" HEIGHT="45" CONTENT="que" WC="0.94" CC="950"/>
						<SP ID="P47_SP00073" HPOS="912" VPOS="1408" WIDTH="30"/>
						<String ID="P47_ST00083" HPOS="942" VPOS="1350" WIDTH="126" HEIGHT="46" CONTENT="dans" WC="0.99" CC="0022"/>
						<SP ID="P47_SP00074" HPOS="1068" VPOS="1408" WIDTH="23"/>
						<String ID="P47_ST00084" HPOS="1091" VPOS="1351" WIDTH="48" HEIGHT="46" CONTENT="la" WC="0.69" CC="60"/>
						<SP ID="P47_SP00075" HPOS="1139" VPOS="1408" WIDTH="34"/>
						<String ID="P47_ST00085" HPOS="1173" VPOS="1363" WIDTH="206" HEIGHT="34" CONTENT="mesure" WC="0.99" CC="004700"/>
						<SP ID="P47_SP00076" HPOS="1379" VPOS="1408" WIDTH="31"/>
						<String ID="P47_ST00086" HPOS="1410" VPOS="1352" WIDTH="67" HEIGHT="45" CONTENT="où" WC="0.61" CC="61"/>
						<SP ID="P47_SP00077" HPOS="1477" VPOS="1408" WIDTH="20"/>
						<String ID="P47_ST00087" HPOS="1497" VPOS="1350" WIDTH="64" HEIGHT="46" CONTENT="ils" WC="0.95" CC="265"/>
						<SP ID="P47_SP00078" HPOS="1561" VPOS="1408" WIDTH="21"/>
						<String ID="P47_ST00088" HPOS="1582" VPOS="1351" WIDTH="240" HEIGHT="46" CONTENT="trouvent" WC="0.99" CC="03065100"/>
						<SP ID="P47_SP00079" HPOS="1822" VPOS="1408" WIDTH="35"/>
						<String ID="P47_ST00089" HPOS="1857" VPOS="1352" WIDTH="26" HEIGHT="45" CONTENT="à" WC="1.00" CC="9"/>
						<SP ID="P47_SP00080" HPOS="1883" VPOS="1408" WIDTH="28"/>
						<String ID="P47_ST00090" HPOS="1911" VPOS="1350" WIDTH="109" HEIGHT="47" CONTENT="dire" WC="0.96" CC="0690"/>
						<SP ID="P47_SP00081" HPOS="2020" VPOS="1408" WIDTH="41"/>
						<String ID="P47_ST00091" HPOS="2061" VPOS="1364" WIDTH="58" HEIGHT="33" CONTENT="ce" WC="0.76" CC="04"/>
					</TextLine>
					<TextLine ID="P47_TL00011" HPOS="190" VPOS="1418" WIDTH="1933" HEIGHT="63">
						<String ID="P47_ST00092" HPOS="190" VPOS="1432" WIDTH="98" HEIGHT="47" CONTENT="que" WC="0.93" CC="764"/>
						<SP ID="P47_SP00082" HPOS="288" VPOS="1479" WIDTH="27"/>
						<String ID="P47_ST00093" HPOS="315" VPOS="1418" WIDTH="112" HEIGHT="49" CONTENT="leur" WC="0.96" CC="6605"/>
						<SP ID="P47_SP00083" HPOS="427" VPOS="1479" WIDTH="30"/>
						<String ID="P47_ST00094" HPOS="457" VPOS="1420" WIDTH="300" HEIGHT="61" CONTENT="inspirateur" WC="0.99" CC="30007004005"/>
						<SP ID="P47_SP00084" HPOS="757" VPOS="1481" WIDTH="24"/>
						<String ID="P47_ST00095" HPOS="781" VPOS="1420" WIDTH="184" HEIGHT="47" CONTENT="n'avait" WC="0.99" CC="5201000"/>
						<SP ID="P47_SP00085" HPOS="965" VPOS="1481" WIDTH="28"/>
						<String ID="P47_ST00096" HPOS="993" VPOS="1435" WIDTH="88" HEIGHT="46" CONTENT="pas" WC="1.00" CC="001"/>
						<SP ID="P47_SP00086" HPOS="1081" VPOS="1481" WIDTH="33"/>
						<String ID="P47_ST00097" HPOS="1114" VPOS="1434" WIDTH="144" HEIGHT="33" CONTENT="assez" WC="0.99" CC="00305"/>
						<SP ID="P47_SP00087" HPOS="1258" VPOS="1481" WIDTH="36"/>
						<String ID="P47_ST00098" HPOS="1294" VPOS="1420" WIDTH="86" HEIGHT="59" CONTENT="dit," WC="1.00" CC="0000"/>
						<SP ID="P47_SP00088" HPOS="1380" VPOS="1481" WIDTH="126"/>
						<String ID="P47_ST00099" HPOS="1506" VPOS="1432" WIDTH="65" HEIGHT="35" CONTENT="on" WC="0.96" CC="00"/>
						<SP ID="P47_SP00089" HPOS="1571" VPOS="1481" WIDTH="26"/>
						<String ID="P47_ST00100" HPOS="1597" VPOS="1421" WIDTH="47" HEIGHT="46" CONTENT="le" WC="0.76" CC="30"/>
						<SP ID="P47_SP00090" HPOS="1644" VPOS="1481" WIDTH="27"/>
						<String ID="P47_ST00101" HPOS="1671" VPOS="1421" WIDTH="241" HEIGHT="58" CONTENT="prêterait" WC="0.99" CC="070002060"/>
						<SP ID="P47_SP00091" HPOS="1912" VPOS="1481" WIDTH="35"/>
						<String ID="P47_ST00102" HPOS="1947" VPOS="1421" WIDTH="147" HEIGHT="47" CONTENT="volon" SUBS_TYPE="HypPart1" SUBS_CONTENT="volontiers" WC="0.98" CC="75530"/>
						<HYP HPOS="2094" VPOS="1421" WIDTH="29" CONTENT="-"/>
					</TextLine>
					<TextLine ID="P47_TL00012" HPOS="190" VPOS="1490" WIDTH="1928" HEIGHT="63">
						<String ID="P47_ST00103" HPOS="190" VPOS="1492" WIDTH="121" HEIGHT="47" CONTENT="tiers" SUBS_TYPE="HypPart2" SUBS_CONTENT="volontiers" WC="0.97" CC="03556"/>
						<SP ID="P47_SP00092" HPOS="311" VPOS="1539" WIDTH="25"/>
						<String ID="P47_ST00104" HPOS="336" VPOS="1493" WIDTH="28" HEIGHT="45" CONTENT="à" WC="0.40" CC="5"/>
						<SP ID="P47_SP00093" HPOS="364" VPOS="1539" WIDTH="27"/>
						<String ID="P47_ST00105" HPOS="391" VPOS="1490" WIDTH="71" HEIGHT="49" CONTENT="M." WC="1.00" CC="00"/>
						<SP ID="P47_SP00094" HPOS="462" VPOS="1539" WIDTH="36"/>
						<String ID="P47_ST00106" HPOS="498" VPOS="1492" WIDTH="227" HEIGHT="47" CONTENT="Antonio" WC="0.98" CC="7002653"/>
						<SP ID="P47_SP00095" HPOS="725" VPOS="1539" WIDTH="30"/>
						<String ID="P47_ST00107" HPOS="755" VPOS="1492" WIDTH="64" HEIGHT="47" CONTENT="de" WC="1.00" CC="00"/>
						<SP ID="P47_SP00096" HPOS="819" VPOS="1539" WIDTH="36"/>
						<String ID="P47_ST00108" HPOS="855" VPOS="1492" WIDTH="48" HEIGHT="46" CONTENT="la" WC="0.82" CC="30"/>
						<SP ID="P47_SP00097" HPOS="903" VPOS="1539" WIDTH="34"/>
						<String ID="P47_ST00109" HPOS="937" VPOS="1491" WIDTH="257" HEIGHT="59" CONTENT="Gandara," WC="0.76" CC="20006603"/>
						<SP ID="P47_SP00098" HPOS="1194" VPOS="1550" WIDTH="28"/>
						<String ID="P47_ST00110" HPOS="1222" VPOS="1506" WIDTH="129" HEIGHT="47" CONTENT="pour" WC="0.97" CC="0057"/>
						<SP ID="P47_SP00099" HPOS="1351" VPOS="1553" WIDTH="28"/>
						<String ID="P47_ST00111" HPOS="1379" VPOS="1492" WIDTH="109" HEIGHT="47" CONTENT="nier" WC="0.96" CC="6306"/>
						<SP ID="P47_SP00100" HPOS="1488" VPOS="1553" WIDTH="31"/>
						<String ID="P47_ST00112" HPOS="1519" VPOS="1492" WIDTH="199" HEIGHT="47" CONTENT="ensuite" WC="1.00" CC="0200000"/>
						<SP ID="P47_SP00101" HPOS="1718" VPOS="1553" WIDTH="32"/>
						<String ID="P47_ST00113" HPOS="1750" VPOS="1492" WIDTH="123" HEIGHT="61" CONTENT="qu'il" WC="0.99" CC="90000"/>
						<SP ID="P47_SP00102" HPOS="1873" VPOS="1553" WIDTH="42"/>
						<String ID="P47_ST00114" HPOS="1915" VPOS="1491" WIDTH="178" HEIGHT="62" CONTENT="l'appli" SUBS_TYPE="HypPart1" SUBS_CONTENT="l'applique." WC="1.00" CC="0000003"/>
						<HYP HPOS="2093" VPOS="1491" WIDTH="25" CONTENT="-"/>
					</TextLine>
					<TextLine ID="P47_TL00013" HPOS="192" VPOS="1575" WIDTH="118" HEIGHT="48">
						<String ID="P47_ST00115" HPOS="192" VPOS="1575" WIDTH="118" HEIGHT="48" CONTENT="que." SUBS_TYPE="HypPart2" SUBS_CONTENT="l'applique." WC="0.97" CC="9004"/>
					</TextLine>
					<TextLine ID="P47_TL00014" HPOS="254" VPOS="1634" WIDTH="1871" HEIGHT="64">
						<String ID="P47_ST00116" HPOS="254" VPOS="1634" WIDTH="73" HEIGHT="49" CONTENT="M." WC="0.84" CC="03"/>
						<SP ID="P47_SP00103" HPOS="327" VPOS="1683" WIDTH="31"/>
						<String ID="P47_ST00117" HPOS="358" VPOS="1636" WIDTH="62" HEIGHT="47" CONTENT="de" WC="0.82" CC="03"/>
						<SP ID="P47_SP00104" HPOS="420" VPOS="1683" WIDTH="28"/>
						<String ID="P47_ST00118" HPOS="448" VPOS="1636" WIDTH="48" HEIGHT="45" CONTENT="la" WC="0.69" CC="60"/>
						<SP ID="P47_SP00105" HPOS="496" VPOS="1683" WIDTH="19"/>
						<String ID="P47_ST00119" HPOS="515" VPOS="1636" WIDTH="243" HEIGHT="47" CONTENT="Gandara" WC="0.62" CC="9430080"/>
						<SP ID="P47_SP00106" HPOS="758" VPOS="1683" WIDTH="23"/>
						<String ID="P47_ST00120" HPOS="781" VPOS="1636" WIDTH="221" HEIGHT="61" CONTENT="reprend" WC="0.98" CC="0096250"/>
						<SP ID="P47_SP00107" HPOS="1002" VPOS="1697" WIDTH="25"/>
						<String ID="P47_ST00121" HPOS="1027" VPOS="1636" WIDTH="49" HEIGHT="47" CONTENT="la" WC="0.44" CC="46"/>
						<SP ID="P47_SP00108" HPOS="1076" VPOS="1697" WIDTH="27"/>
						<String ID="P47_ST00122" HPOS="1103" VPOS="1636" WIDTH="220" HEIGHT="48" CONTENT="formule" WC="0.98" CC="5470554"/>
						<SP ID="P47_SP00109" HPOS="1323" VPOS="1697" WIDTH="41"/>
						<String ID="P47_ST00123" HPOS="1364" VPOS="1634" WIDTH="386" HEIGHT="50" CONTENT="whistlérienne" WC="0.64" CC="6503700641713"/>
						<SP ID="P47_SP00110" HPOS="1750" VPOS="1697" WIDTH="49"/>
						<String ID="P47_ST00124" HPOS="1799" VPOS="1637" WIDTH="50" HEIGHT="47" CONTENT="et" WC="1.00" CC="00"/>
						<SP ID="P47_SP00111" HPOS="1849" VPOS="1697" WIDTH="43"/>
						<String ID="P47_ST00125" HPOS="1892" VPOS="1636" WIDTH="109" HEIGHT="49" CONTENT="loin" WC="0.98" CC="5500"/>
						<SP ID="P47_SP00112" HPOS="2001" VPOS="1697" WIDTH="45"/>
						<String ID="P47_ST00126" HPOS="2046" VPOS="1636" WIDTH="79" HEIGHT="62" CONTENT="d'y" WC="0.97" CC="025"/>
					</TextLine>
					<TextLine ID="P47_TL00015" HPOS="193" VPOS="1705" WIDTH="1932" HEIGHT="63">
						<String ID="P47_ST00127" HPOS="193" VPOS="1707" WIDTH="221" HEIGHT="61" CONTENT="ajouter," WC="0.98" CC="66078004"/>
						<SP ID="P47_SP00113" HPOS="414" VPOS="1768" WIDTH="32"/>
						<String ID="P47_ST00128" HPOS="446" VPOS="1705" WIDTH="309" HEIGHT="50" CONTENT="l'amoindrit" WC="0.99" CC="20096060744"/>
						<SP ID="P47_SP00114" HPOS="755" VPOS="1768" WIDTH="31"/>
						<String ID="P47_ST00129" HPOS="786" VPOS="1719" WIDTH="61" HEIGHT="35" CONTENT="en" WC="0.75" CC="50"/>
						<SP ID="P47_SP00115" HPOS="847" VPOS="1768" WIDTH="28"/>
						<String ID="P47_ST00130" HPOS="875" VPOS="1707" WIDTH="49" HEIGHT="47" CONTENT="la" WC="0.64" CC="70"/>
						<SP ID="P47_SP00116" HPOS="924" VPOS="1768" WIDTH="30"/>
						<String ID="P47_ST00131" HPOS="954" VPOS="1708" WIDTH="240" HEIGHT="46" CONTENT="dévêtant" WC="0.99" CC="01025030"/>
						<SP ID="P47_SP00117" HPOS="1194" VPOS="1768" WIDTH="29"/>
						<String ID="P47_ST00132" HPOS="1223" VPOS="1708" WIDTH="62" HEIGHT="46" CONTENT="de" WC="1.00" CC="00"/>
						<SP ID="P47_SP00118" HPOS="1285" VPOS="1768" WIDTH="33"/>
						<String ID="P47_ST00133" HPOS="1318" VPOS="1721" WIDTH="57" HEIGHT="33" CONTENT="sa" WC="0.26" CC="67"/>
						<SP ID="P47_SP00119" HPOS="1375" VPOS="1768" WIDTH="28"/>
						<String ID="P47_ST00134" HPOS="1403" VPOS="1707" WIDTH="333" HEIGHT="59" CONTENT="mystérieuse" WC="0.99" CC="04508432600"/>
						<SP ID="P47_SP00120" HPOS="1736" VPOS="1768" WIDTH="19"/>
						<String ID="P47_ST00135" HPOS="1755" VPOS="1708" WIDTH="203" HEIGHT="46" CONTENT="beauté." WC="0.99" CC="4005013"/>
						<SP ID="P47_SP00121" HPOS="1958" VPOS="1768" WIDTH="31"/>
						<String ID="P47_ST00136" HPOS="1989" VPOS="1707" WIDTH="136" HEIGHT="48" CONTENT="C'est" WC="0.97" CC="70047"/>
					</TextLine>
					<TextLine ID="P47_TL00016" HPOS="190" VPOS="1777" WIDTH="1933" HEIGHT="62">
						<String ID="P47_ST00137" HPOS="190" VPOS="1778" WIDTH="298" HEIGHT="47" CONTENT="vainement" WC="0.99" CC="602600067"/>
						<SP ID="P47_SP00122" HPOS="488" VPOS="1825" WIDTH="29"/>
						<String ID="P47_ST00138" HPOS="517" VPOS="1778" WIDTH="123" HEIGHT="60" CONTENT="qu'il" WC="0.98" CC="07310"/>
						<SP ID="P47_SP00123" HPOS="640" VPOS="1838" WIDTH="33"/>
						<String ID="P47_ST00139" HPOS="673" VPOS="1778" WIDTH="89" HEIGHT="47" CONTENT="fait" WC="0.96" CC="4860"/>
						<SP ID="P47_SP00124" HPOS="762" VPOS="1838" WIDTH="24"/>
						<String ID="P47_ST00140" HPOS="786" VPOS="1777" WIDTH="155" HEIGHT="48" CONTENT="choix" WC="0.98" CC="07104"/>
						<SP ID="P47_SP00125" HPOS="941" VPOS="1838" WIDTH="34"/>
						<String ID="P47_ST00141" HPOS="975" VPOS="1777" WIDTH="280" HEIGHT="59" CONTENT="d'élégants" WC="0.99" CC="0371790404"/>
						<SP ID="P47_SP00126" HPOS="1255" VPOS="1838" WIDTH="35"/>
						<String ID="P47_ST00142" HPOS="1290" VPOS="1777" WIDTH="230" HEIGHT="48" CONTENT="modèles" WC="0.99" CC="1000475"/>
						<SP ID="P47_SP00127" HPOS="1520" VPOS="1838" WIDTH="27"/>
						<String ID="P47_ST00143" HPOS="1547" VPOS="1792" WIDTH="99" HEIGHT="33" CONTENT="aux" WC="0.97" CC="070"/>
						<SP ID="P47_SP00128" HPOS="1646" VPOS="1838" WIDTH="30"/>
						<String ID="P47_ST00144" HPOS="1676" VPOS="1792" WIDTH="313" HEIGHT="47" CONTENT="apparences" WC="0.99" CC="0795700000"/>
						<SP ID="P47_SP00129" HPOS="1989" VPOS="1839" WIDTH="35"/>
						<String ID="P47_ST00145" HPOS="2024" VPOS="1778" WIDTH="75" HEIGHT="48" CONTENT="bri" SUBS_TYPE="HypPart1" SUBS_CONTENT="britanniques," WC="0.97" CC="650"/>
						<HYP HPOS="2099" VPOS="1778" WIDTH="24" CONTENT="-"/>
					</TextLine>
					<TextLine ID="P47_TL00017" HPOS="189" VPOS="1848" WIDTH="1934" HEIGHT="62">
						<String ID="P47_ST00146" HPOS="189" VPOS="1849" WIDTH="296" HEIGHT="58" CONTENT="tanniques," SUBS_TYPE="HypPart2" SUBS_CONTENT="britanniques," WC="1.00" CC="0000807020"/>
						<SP ID="P47_SP00130" HPOS="485" VPOS="1907" WIDTH="29"/>
						<String ID="P47_ST00147" HPOS="514" VPOS="1848" WIDTH="117" HEIGHT="62" CONTENT="qu'il" WC="0.99" CC="00007"/>
						<SP ID="P47_SP00131" HPOS="631" VPOS="1910" WIDTH="38"/>
						<String ID="P47_ST00148" HPOS="669" VPOS="1851" WIDTH="118" HEIGHT="45" CONTENT="veut" WC="0.97" CC="9200"/>
						<SP ID="P47_SP00132" HPOS="787" VPOS="1910" WIDTH="27"/>
						<String ID="P47_ST00149" HPOS="814" VPOS="1864" WIDTH="131" HEIGHT="32" CONTENT="nous" WC="0.99" CC="5000"/>
						<SP ID="P47_SP00133" HPOS="945" VPOS="1910" WIDTH="26"/>
						<String ID="P47_ST00150" HPOS="971" VPOS="1850" WIDTH="281" HEIGHT="59" CONTENT="persuader" WC="0.99" CC="059000005"/>
						<SP ID="P47_SP00134" HPOS="1252" VPOS="1910" WIDTH="25"/>
						<String ID="P47_ST00151" HPOS="1277" VPOS="1862" WIDTH="98" HEIGHT="47" CONTENT="que" WC="1.00" CC="000"/>
						<SP ID="P47_SP00135" HPOS="1375" VPOS="1910" WIDTH="35"/>
						<String ID="P47_ST00152" HPOS="1410" VPOS="1850" WIDTH="208" HEIGHT="46" CONTENT="trouser" WC="0.83" CC="6030000" STYLEREFS="TXT_4"/>
						<SP ID="P47_SP00136" HPOS="1618" VPOS="1910" WIDTH="24"/>
						<String ID="P47_ST00153" HPOS="1642" VPOS="1851" WIDTH="51" HEIGHT="45" CONTENT="et" WC="1.00" CC="00"/>
						<SP ID="P47_SP00137" HPOS="1693" VPOS="1910" WIDTH="42"/>
						<String ID="P47_ST00154" HPOS="1735" VPOS="1850" WIDTH="237" HEIGHT="60" CONTENT="pantalon" WC="0.98" CC="97750021"/>
						<SP ID="P47_SP00138" HPOS="1972" VPOS="1910" WIDTH="41"/>
						<String ID="P47_ST00155" HPOS="2013" VPOS="1849" WIDTH="110" HEIGHT="51" CONTENT="font" WC="0.98" CC="5050"/>
					</TextLine>
					<TextLine ID="P47_TL00018" HPOS="194" VPOS="1919" WIDTH="1929" HEIGHT="61">
						<String ID="P47_ST00156" HPOS="194" VPOS="1920" WIDTH="160" HEIGHT="57" CONTENT="deux;" WC="0.97" CC="00575"/>
						<SP ID="P47_SP00139" HPOS="354" VPOS="1977" WIDTH="26"/>
						<String ID="P47_ST00157" HPOS="380" VPOS="1933" WIDTH="82" HEIGHT="33" CONTENT="ses" WC="0.98" CC="600"/>
						<SP ID="P47_SP00140" HPOS="462" VPOS="1977" WIDTH="32"/>
						<String ID="P47_ST00158" HPOS="494" VPOS="1919" WIDTH="180" HEIGHT="48" CONTENT="études" WC="0.98" CC="057036"/>
						<SP ID="P47_SP00141" HPOS="674" VPOS="1977" WIDTH="32"/>
						<String ID="P47_ST00159" HPOS="706" VPOS="1934" WIDTH="63" HEIGHT="32" CONTENT="ne" WC="1.00" CC="00"/>
						<SP ID="P47_SP00142" HPOS="769" VPOS="1977" WIDTH="32"/>
						<String ID="P47_ST00160" HPOS="801" VPOS="1920" WIDTH="248" HEIGHT="47" CONTENT="dénotent" WC="1.00" CC="05020003"/>
						<SP ID="P47_SP00143" HPOS="1049" VPOS="1977" WIDTH="32"/>
						<String ID="P47_ST00161" HPOS="1081" VPOS="1919" WIDTH="188" HEIGHT="61" CONTENT="qu'une" WC="0.98" CC="050730"/>
						<SP ID="P47_SP00144" HPOS="1269" VPOS="1980" WIDTH="25"/>
						<String ID="P47_ST00162" HPOS="1294" VPOS="1919" WIDTH="264" HEIGHT="48" CONTENT="virtuosité" WC="0.99" CC="0847700200"/>
						<SP ID="P47_SP00145" HPOS="1558" VPOS="1980" WIDTH="32"/>
						<String ID="P47_ST00163" HPOS="1590" VPOS="1921" WIDTH="256" HEIGHT="47" CONTENT="contenue" WC="1.00" CC="00000000"/>
						<SP ID="P47_SP00146" HPOS="1846" VPOS="1980" WIDTH="45"/>
						<String ID="P47_ST00164" HPOS="1891" VPOS="1921" WIDTH="127" HEIGHT="46" CONTENT="dans" WC="0.99" CC="0041"/>
						<SP ID="P47_SP00147" HPOS="2018" VPOS="1980" WIDTH="30"/>
						<String ID="P47_ST00165" HPOS="2048" VPOS="1920" WIDTH="75" HEIGHT="47" CONTENT="les" WC="0.94" CC="464"/>
					</TextLine>
					<TextLine ID="P47_TL00019" HPOS="194" VPOS="1989" WIDTH="1928" HEIGHT="64">
						<String ID="P47_ST00166" HPOS="194" VPOS="1989" WIDTH="188" HEIGHT="49" CONTENT="limites" WC="0.99" CC="0402004"/>
						<SP ID="P47_SP00148" HPOS="382" VPOS="2038" WIDTH="27"/>
						<String ID="P47_ST00167" HPOS="409" VPOS="1990" WIDTH="114" HEIGHT="47" CONTENT="d'un" WC="1.00" CC="0200"/>
						<SP ID="P47_SP00149" HPOS="523" VPOS="2038" WIDTH="39"/>
						<String ID="P47_ST00168" HPOS="562" VPOS="1992" WIDTH="126" HEIGHT="59" CONTENT="parti" WC="0.98" CC="00708"/>
						<SP ID="P47_SP00150" HPOS="688" VPOS="2051" WIDTH="48"/>
						<String ID="P47_ST00169" HPOS="736" VPOS="1992" WIDTH="186" HEIGHT="60" CONTENT="adopté" WC="0.99" CC="005013"/>
						<SP ID="P47_SP00151" HPOS="922" VPOS="2052" WIDTH="51"/>
						<String ID="P47_ST00170" HPOS="973" VPOS="2005" WIDTH="63" HEIGHT="33" CONTENT="en" WC="1.00" CC="00"/>
						<SP ID="P47_SP00152" HPOS="1036" VPOS="2052" WIDTH="51"/>
						<String ID="P47_ST00171" HPOS="1087" VPOS="1992" WIDTH="137" HEIGHT="61" CONTENT="dépit" WC="0.99" CC="03060"/>
						<SP ID="P47_SP00153" HPOS="1224" VPOS="2053" WIDTH="48"/>
						<String ID="P47_ST00172" HPOS="1272" VPOS="1992" WIDTH="68" HEIGHT="46" CONTENT="du" WC="0.78" CC="04"/>
						<SP ID="P47_SP00154" HPOS="1340" VPOS="2053" WIDTH="45"/>
						<String ID="P47_ST00173" HPOS="1385" VPOS="1991" WIDTH="493" HEIGHT="47" CONTENT="désenchantement" WC="1.00" CC="064003100400510"/>
						<SP ID="P47_SP00155" HPOS="1878" VPOS="2053" WIDTH="56"/>
						<String ID="P47_ST00174" HPOS="1934" VPOS="1990" WIDTH="188" HEIGHT="62" CONTENT="qu'une" WC="0.98" CC="953002"/>
					</TextLine>
					<TextLine ID="P47_TL00020" HPOS="195" VPOS="2060" WIDTH="1927" HEIGHT="62">
						<String ID="P47_ST00175" HPOS="195" VPOS="2061" WIDTH="304" HEIGHT="47" CONTENT="monotonie" WC="1.00" CC="004020010"/>
						<SP ID="P47_SP00156" HPOS="499" VPOS="2108" WIDTH="32"/>
						<String ID="P47_ST00176" HPOS="531" VPOS="2060" WIDTH="166" HEIGHT="48" CONTENT="d'effet" WC="0.98" CC="0306714"/>
						<SP ID="P47_SP00157" HPOS="697" VPOS="2108" WIDTH="33"/>
						<String ID="P47_ST00177" HPOS="730" VPOS="2062" WIDTH="50" HEIGHT="46" CONTENT="et" WC="1.00" CC="00"/>
						<SP ID="P47_SP00158" HPOS="780" VPOS="2108" WIDTH="35"/>
						<String ID="P47_ST00178" HPOS="815" VPOS="2075" WIDTH="97" HEIGHT="33" CONTENT="une" WC="0.95" CC="740"/>
						<SP ID="P47_SP00159" HPOS="912" VPOS="2108" WIDTH="26"/>
						<String ID="P47_ST00179" HPOS="938" VPOS="2060" WIDTH="182" HEIGHT="59" CONTENT="égalité" WC="0.99" CC="0006200"/>
						<SP ID="P47_SP00160" HPOS="1120" VPOS="2119" WIDTH="41"/>
						<String ID="P47_ST00180" HPOS="1161" VPOS="2062" WIDTH="62" HEIGHT="46" CONTENT="de" WC="0.94" CC="01"/>
						<SP ID="P47_SP00161" HPOS="1223" VPOS="2119" WIDTH="43"/>
						<String ID="P47_ST00181" HPOS="1266" VPOS="2061" WIDTH="197" HEIGHT="47" CONTENT="facture" WC="0.98" CC="0066073"/>
						<SP ID="P47_SP00162" HPOS="1463" VPOS="2119" WIDTH="37"/>
						<String ID="P47_ST00182" HPOS="1500" VPOS="2061" WIDTH="108" HEIGHT="47" CONTENT="font" WC="0.97" CC="3640"/>
						<SP ID="P47_SP00163" HPOS="1608" VPOS="2119" WIDTH="42"/>
						<String ID="P47_ST00183" HPOS="1650" VPOS="2061" WIDTH="205" HEIGHT="60" CONTENT="prévoir" WC="0.98" CC="0900247"/>
						<SP ID="P47_SP00164" HPOS="1855" VPOS="2121" WIDTH="55"/>
						<String ID="P47_ST00184" HPOS="1910" VPOS="2061" WIDTH="49" HEIGHT="48" CONTENT="et" WC="0.90" CC="20"/>
						<SP ID="P47_SP00165" HPOS="1959" VPOS="2121" WIDTH="37"/>
						<String ID="P47_ST00185" HPOS="1996" VPOS="2075" WIDTH="95" HEIGHT="47" CONTENT="pro" SUBS_TYPE="HypPart1" SUBS_CONTENT="produisent" WC="0.99" CC="000"/>
						<HYP HPOS="2091" VPOS="2075" WIDTH="31" CONTENT="-"/>
					</TextLine>
					<TextLine ID="P47_TL00021" HPOS="195" VPOS="2131" WIDTH="1574" HEIGHT="62">
						<String ID="P47_ST00186" HPOS="195" VPOS="2132" WIDTH="205" HEIGHT="47" CONTENT="duisent" SUBS_TYPE="HypPart2" SUBS_CONTENT="produisent" WC="0.99" CC="0200060"/>
						<SP ID="P47_SP00166" HPOS="400" VPOS="2179" WIDTH="29"/>
						<String ID="P47_ST00187" HPOS="429" VPOS="2132" WIDTH="212" HEIGHT="60" CONTENT="lorsque" WC="0.99" CC="5040070"/>
						<SP ID="P47_SP00167" HPOS="641" VPOS="2192" WIDTH="28"/>
						<String ID="P47_ST00188" HPOS="669" VPOS="2131" WIDTH="249" HEIGHT="48" CONTENT="l'aubaine" WC="0.99" CC="030060350"/>
						<SP ID="P47_SP00168" HPOS="918" VPOS="2192" WIDTH="28"/>
						<String ID="P47_ST00189" HPOS="946" VPOS="2132" WIDTH="114" HEIGHT="47" CONTENT="d'un" WC="0.97" CC="0416"/>
						<SP ID="P47_SP00169" HPOS="1060" VPOS="2192" WIDTH="33"/>
						<String ID="P47_ST00190" HPOS="1093" VPOS="2147" WIDTH="99" HEIGHT="46" CONTENT="peu" WC="0.98" CC="006"/>
						<SP ID="P47_SP00170" HPOS="1192" VPOS="2193" WIDTH="28"/>
						<String ID="P47_ST00191" HPOS="1220" VPOS="2132" WIDTH="125" HEIGHT="47" CONTENT="d'art" WC="1.00" CC="00004"/>
						<SP ID="P47_SP00171" HPOS="1345" VPOS="2193" WIDTH="28"/>
						<String ID="P47_ST00192" HPOS="1373" VPOS="2131" WIDTH="82" HEIGHT="62" CONTENT="n'y" WC="0.98" CC="600"/>
						<SP ID="P47_SP00172" HPOS="1455" VPOS="2193" WIDTH="22"/>
						<String ID="P47_ST00193" HPOS="1477" VPOS="2132" WIDTH="292" HEIGHT="47" CONTENT="intervient." WC="0.99" CC="34005060004"/>
					</TextLine>
					<TextLine ID="P47_TL00022" HPOS="254" VPOS="2202" WIDTH="1865" HEIGHT="62">
						<String ID="P47_ST00194" HPOS="254" VPOS="2202" WIDTH="79" HEIGHT="47" CONTENT="M." WC="0.79" CC="04"/>
						<SP ID="P47_SP00173" HPOS="333" VPOS="2249" WIDTH="34"/>
						<String ID="P47_ST00195" HPOS="367" VPOS="2203" WIDTH="241" HEIGHT="47" CONTENT="Gandara" WC="0.88" CC="0040030"/>
						<SP ID="P47_SP00174" HPOS="608" VPOS="2250" WIDTH="31"/>
						<String ID="P47_ST00196" HPOS="639" VPOS="2219" WIDTH="26" HEIGHT="31" CONTENT="a" WC="0.10" CC="8"/>
						<SP ID="P47_SP00175" HPOS="665" VPOS="2250" WIDTH="26"/>
						<String ID="P47_ST00197" HPOS="691" VPOS="2205" WIDTH="47" HEIGHT="45" CONTENT="le" WC="0.64" CC="70"/>
						<SP ID="P47_SP00176" HPOS="738" VPOS="2250" WIDTH="31"/>
						<String ID="P47_ST00198" HPOS="769" VPOS="2203" WIDTH="422" HEIGHT="49" CONTENT="malencontreux" WC="1.00" CC="0032006500060"/>
						<SP ID="P47_SP00177" HPOS="1191" VPOS="2252" WIDTH="24"/>
						<String ID="P47_ST00199" HPOS="1215" VPOS="2203" WIDTH="159" HEIGHT="61" CONTENT="esprit" WC="0.98" CC="060056"/>
						<SP ID="P47_SP00178" HPOS="1374" VPOS="2264" WIDTH="37"/>
						<String ID="P47_ST00200" HPOS="1411" VPOS="2202" WIDTH="273" HEIGHT="62" CONTENT="d'appuyer" WC="1.00" CC="010000005"/>
						<SP ID="P47_SP00179" HPOS="1684" VPOS="2264" WIDTH="33"/>
						<String ID="P47_ST00201" HPOS="1717" VPOS="2202" WIDTH="47" HEIGHT="47" CONTENT="là" WC="0.72" CC="05"/>
						<SP ID="P47_SP00180" HPOS="1764" VPOS="2264" WIDTH="53"/>
						<String ID="P47_ST00202" HPOS="1817" VPOS="2203" WIDTH="65" HEIGHT="47" CONTENT="où" WC="0.83" CC="03"/>
						<SP ID="P47_SP00181" HPOS="1882" VPOS="2264" WIDTH="41"/>
						<String ID="P47_ST00203" HPOS="1923" VPOS="2203" WIDTH="35" HEIGHT="47" CONTENT="il" WC="1.00" CC="00"/>
						<SP ID="P47_SP00182" HPOS="1958" VPOS="2264" WIDTH="50"/>
						<String ID="P47_ST00204" HPOS="2008" VPOS="2203" WIDTH="84" HEIGHT="49" CONTENT="fau" SUBS_TYPE="HypPart1" SUBS_CONTENT="faudrait" WC="0.98" CC="400"/>
						<HYP HPOS="2092" VPOS="2203" WIDTH="27" CONTENT="-"/>
					</TextLine>
					<TextLine ID="P47_TL00023" HPOS="194" VPOS="2274" WIDTH="1934" HEIGHT="61">
						<String ID="P47_ST00205" HPOS="194" VPOS="2274" WIDTH="131" HEIGHT="47" CONTENT="drait" SUBS_TYPE="HypPart2" SUBS_CONTENT="faudrait" WC="0.99" CC="05030"/>
						<SP ID="P47_SP00183" HPOS="325" VPOS="2321" WIDTH="28"/>
						<String ID="P47_ST00206" HPOS="353" VPOS="2274" WIDTH="198" HEIGHT="59" CONTENT="glisser," WC="0.98" CC="94665052"/>
						<SP ID="P47_SP00184" HPOS="551" VPOS="2333" WIDTH="37"/>
						<String ID="P47_ST00207" HPOS="588" VPOS="2276" WIDTH="49" HEIGHT="47" CONTENT="et" WC="0.85" CC="20"/>
						<SP ID="P47_SP00185" HPOS="637" VPOS="2333" WIDTH="30"/>
						<String ID="P47_ST00208" HPOS="667" VPOS="2276" WIDTH="33" HEIGHT="47" CONTENT="il" WC="0.55" CC="35"/>
						<SP ID="P47_SP00186" HPOS="700" VPOS="2333" WIDTH="36"/>
						<String ID="P47_ST00209" HPOS="736" VPOS="2277" WIDTH="78" HEIGHT="46" CONTENT="est" WC="0.96" CC="530"/>
						<SP ID="P47_SP00187" HPOS="814" VPOS="2333" WIDTH="27"/>
						<String ID="P47_ST00210" HPOS="841" VPOS="2276" WIDTH="139" HEIGHT="59" CONTENT="juste" WC="0.98" CC="60065"/>
						<SP ID="P47_SP00188" HPOS="980" VPOS="2335" WIDTH="32"/>
						<String ID="P47_ST00211" HPOS="1012" VPOS="2276" WIDTH="62" HEIGHT="45" CONTENT="de" WC="1.00" CC="00"/>
						<SP ID="P47_SP00189" HPOS="1074" VPOS="2335" WIDTH="33"/>
						<String ID="P47_ST00212" HPOS="1107" VPOS="2276" WIDTH="108" HEIGHT="45" CONTENT="dire" WC="0.99" CC="0201"/>
						<SP ID="P47_SP00190" HPOS="1215" VPOS="2335" WIDTH="41"/>
						<String ID="P47_ST00213" HPOS="1256" VPOS="2288" WIDTH="119" HEIGHT="33" CONTENT="sans" WC="0.98" CC="0065"/>
						<SP ID="P47_SP00191" HPOS="1375" VPOS="2335" WIDTH="40"/>
						<String ID="P47_ST00214" HPOS="1415" VPOS="2274" WIDTH="321" HEIGHT="61" CONTENT="réciprocité," WC="1.00" CC="501105030312"/>
						<SP ID="P47_SP00192" HPOS="1736" VPOS="2335" WIDTH="35"/>
						<String ID="P47_ST00215" HPOS="1771" VPOS="2288" WIDTH="84" HEIGHT="33" CONTENT="car" WC="0.96" CC="307"/>
						<SP ID="P47_SP00193" HPOS="1855" VPOS="2335" WIDTH="32"/>
						<String ID="P47_ST00216" HPOS="1887" VPOS="2288" WIDTH="58" HEIGHT="35" CONTENT="ce" WC="0.97" CC="00"/>
						<SP ID="P47_SP00194" HPOS="1945" VPOS="2335" WIDTH="39"/>
						<String ID="P47_ST00217" HPOS="1984" VPOS="2276" WIDTH="116" HEIGHT="58" CONTENT="pein" SUBS_TYPE="HypPart1" SUBS_CONTENT="peintre" WC="0.99" CC="0040"/>
						<HYP HPOS="2100" VPOS="2276" WIDTH="28" CONTENT="-"/>
					</TextLine>
					<TextLine ID="P47_TL00024" HPOS="185" VPOS="2344" WIDTH="1940" HEIGHT="62">
						<String ID="P47_ST00218" HPOS="185" VPOS="2348" WIDTH="82" HEIGHT="46" CONTENT="tre" SUBS_TYPE="HypPart2" SUBS_CONTENT="peintre" WC="0.97" CC="700"/>
						<SP ID="P47_SP00195" HPOS="267" VPOS="2394" WIDTH="26"/>
						<String ID="P47_ST00219" HPOS="293" VPOS="2346" WIDTH="184" HEIGHT="59" CONTENT="appuie" WC="0.99" CC="000630"/>
						<SP ID="P47_SP00196" HPOS="477" VPOS="2405" WIDTH="26"/>
						<String ID="P47_ST00220" HPOS="503" VPOS="2348" WIDTH="221" HEIGHT="58" CONTENT="partout." WC="0.99" CC="00604003"/>
						<SP ID="P47_SP00197" HPOS="724" VPOS="2406" WIDTH="38"/>
						<String ID="P47_ST00221" HPOS="762" VPOS="2344" WIDTH="214" HEIGHT="50" CONTENT="Gomme" WC="0.98" CC="54600"/>
						<SP ID="P47_SP00198" HPOS="976" VPOS="2406" WIDTH="26"/>
						<String ID="P47_ST00222" HPOS="1002" VPOS="2361" WIDTH="94" HEIGHT="33" CONTENT="son" WC="0.94" CC="654"/>
						<SP ID="P47_SP00199" HPOS="1096" VPOS="2406" WIDTH="30"/>
						<String ID="P47_ST00223" HPOS="1126" VPOS="2346" WIDTH="184" HEIGHT="46" CONTENT="maître" WC="1.00" CC="000040"/>
						<SP ID="P47_SP00200" HPOS="1310" VPOS="2406" WIDTH="32"/>
						<String ID="P47_ST00224" HPOS="1342" VPOS="2346" WIDTH="271" HEIGHT="55" CONTENT="Whistler," WC="0.64" CC="546005043"/>
						<SP ID="P47_SP00201" HPOS="1613" VPOS="2406" WIDTH="26"/>
						<String ID="P47_ST00225" HPOS="1639" VPOS="2346" WIDTH="37" HEIGHT="46" CONTENT="il" WC="1.00" CC="00"/>
						<SP ID="P47_SP00202" HPOS="1676" VPOS="2406" WIDTH="26"/>
						<String ID="P47_ST00226" HPOS="1702" VPOS="2348" WIDTH="119" HEIGHT="44" CONTENT="veut" WC="0.95" CC="9065"/>
						<SP ID="P47_SP00203" HPOS="1821" VPOS="2406" WIDTH="25"/>
						<String ID="P47_ST00227" HPOS="1846" VPOS="2346" WIDTH="199" HEIGHT="46" CONTENT="baisser" WC="0.98" CC="0060457"/>
						<SP ID="P47_SP00204" HPOS="2045" VPOS="2406" WIDTH="30"/>
						<String ID="P47_ST00228" HPOS="2075" VPOS="2346" WIDTH="50" HEIGHT="48" CONTENT="la" WC="0.56" CC="35"/>
					</TextLine>
					<TextLine ID="P47_TL00025" HPOS="187" VPOS="2415" WIDTH="1935" HEIGHT="61">
						<String ID="P47_ST00229" HPOS="187" VPOS="2415" WIDTH="137" HEIGHT="61" CONTENT="voix," WC="0.97" CC="92503"/>
						<SP ID="P47_SP00205" HPOS="324" VPOS="2476" WIDTH="33"/>
						<String ID="P47_ST00230" HPOS="357" VPOS="2418" WIDTH="50" HEIGHT="46" CONTENT="et" WC="0.85" CC="20"/>
						<SP ID="P47_SP00206" HPOS="407" VPOS="2476" WIDTH="28"/>
						<String ID="P47_ST00231" HPOS="435" VPOS="2417" WIDTH="127" HEIGHT="48" CONTENT="faire" WC="1.00" CC="00000"/>
						<SP ID="P47_SP00207" HPOS="562" VPOS="2476" WIDTH="28"/>
						<String ID="P47_ST00232" HPOS="590" VPOS="2417" WIDTH="251" HEIGHT="47" CONTENT="entendre" WC="0.99" CC="02506070"/>
						<SP ID="P47_SP00208" HPOS="841" VPOS="2476" WIDTH="31"/>
						<String ID="P47_ST00233" HPOS="872" VPOS="2417" WIDTH="74" HEIGHT="48" CONTENT="les" WC="0.95" CC="363"/>
						<SP ID="P47_SP00209" HPOS="946" VPOS="2476" WIDTH="41"/>
						<String ID="P47_ST00234" HPOS="987" VPOS="2417" WIDTH="271" HEIGHT="48" CONTENT="inflexions" WC="0.99" CC="5670491300"/>
						<SP ID="P47_SP00210" HPOS="1258" VPOS="2476" WIDTH="33"/>
						<String ID="P47_ST00235" HPOS="1291" VPOS="2415" WIDTH="149" HEIGHT="49" CONTENT="d'une" WC="0.97" CC="03767"/>
						<SP ID="P47_SP00211" HPOS="1440" VPOS="2476" WIDTH="34"/>
						<String ID="P47_ST00236" HPOS="1474" VPOS="2415" WIDTH="187" HEIGHT="59" CONTENT="langue" WC="0.99" CC="100050"/>
						<SP ID="P47_SP00212" HPOS="1661" VPOS="2476" WIDTH="42"/>
						<String ID="P47_ST00237" HPOS="1703" VPOS="2415" WIDTH="203" HEIGHT="59" CONTENT="subtile," WC="0.99" CC="00004272"/>
						<SP ID="P47_SP00213" HPOS="1906" VPOS="2476" WIDTH="45"/>
						<String ID="P47_ST00238" HPOS="1951" VPOS="2415" WIDTH="171" HEIGHT="52" CONTENT="chanr" WC="0.56" CC="25039"/>
					</TextLine>
					<TextLine ID="P47_TL00026" HPOS="184" VPOS="2486" WIDTH="1923" HEIGHT="64">
						<String ID="P47_ST00239" HPOS="184" VPOS="2489" WIDTH="160" HEIGHT="55" CONTENT="tante," WC="0.99" CC="002003"/>
						<SP ID="P47_SP00214" HPOS="344" VPOS="2544" WIDTH="25"/>
						<String ID="P47_ST00240" HPOS="369" VPOS="2489" WIDTH="251" HEIGHT="48" CONTENT="lointaine" WC="0.99" CC="050030570"/>
						<SP ID="P47_SP00215" HPOS="620" VPOS="2544" WIDTH="24"/>
						<String ID="P47_ST00241" HPOS="644" VPOS="2490" WIDTH="49" HEIGHT="46" CONTENT="et" WC="1.00" CC="00"/>
						<SP ID="P47_SP00216" HPOS="693" VPOS="2544" WIDTH="26"/>
						<String ID="P47_ST00242" HPOS="719" VPOS="2503" WIDTH="203" HEIGHT="34" CONTENT="comme" WC="0.99" CC="00080"/>
						<SP ID="P47_SP00217" HPOS="922" VPOS="2544" WIDTH="27"/>
						<String ID="P47_ST00243" HPOS="949" VPOS="2492" WIDTH="27" HEIGHT="45" CONTENT="à" WC="0.44" CC="5"/>
						<SP ID="P47_SP00218" HPOS="976" VPOS="2544" WIDTH="41"/>
						<String ID="P47_ST00244" HPOS="1017" VPOS="2488" WIDTH="375" HEIGHT="49" CONTENT="demi-étouffée" WC="0.69" CC="0076406066002"/>
						<SP ID="P47_SP00219" HPOS="1392" VPOS="2544" WIDTH="38"/>
						<String ID="P47_ST00245" HPOS="1430" VPOS="2502" WIDTH="90" HEIGHT="48" CONTENT="par" WC="0.98" CC="006"/>
						<SP ID="P47_SP00220" HPOS="1520" VPOS="2550" WIDTH="36"/>
						<String ID="P47_ST00246" HPOS="1556" VPOS="2486" WIDTH="274" HEIGHT="63" CONTENT="d'épaisses" WC="0.99" CC="0309870000"/>
						<SP ID="P47_SP00221" HPOS="1830" VPOS="2550" WIDTH="25"/>
						<String ID="P47_ST00247" HPOS="1855" VPOS="2490" WIDTH="252" HEIGHT="57" CONTENT="tentures," WC="0.99" CC="300070062"/>
					</TextLine>
					<TextLine ID="P47_TL00027" HPOS="184" VPOS="2549" WIDTH="1921" HEIGHT="72">
						<String ID="P47_ST00248" HPOS="184" VPOS="2559" WIDTH="127" HEIGHT="47" CONTENT="mais" WC="0.97" CC="0074"/>
						<SP ID="P47_SP00222" HPOS="311" VPOS="2606" WIDTH="33"/>
						<String ID="P47_ST00249" HPOS="344" VPOS="2560" WIDTH="108" HEIGHT="47" CONTENT="rien" WC="0.97" CC="5402"/>
						<SP ID="P47_SP00223" HPOS="452" VPOS="2607" WIDTH="33"/>
						<String ID="P47_ST00250" HPOS="485" VPOS="2574" WIDTH="63" HEIGHT="33" CONTENT="ne" WC="1.00" CC="00"/>
						<SP ID="P47_SP00224" HPOS="548" VPOS="2607" WIDTH="27"/>
						<String ID="P47_ST00251" HPOS="575" VPOS="2563" WIDTH="123" HEIGHT="58" CONTENT="peut" WC="0.99" CC="0050"/>
						<SP ID="P47_SP00225" HPOS="698" VPOS="2621" WIDTH="24"/>
						<String ID="P47_ST00252" HPOS="722" VPOS="2560" WIDTH="209" HEIGHT="47" CONTENT="amortir" WC="0.98" CC="0636014"/>
						<SP ID="P47_SP00226" HPOS="931" VPOS="2621" WIDTH="31"/>
						<String ID="P47_ST00253" HPOS="962" VPOS="2574" WIDTH="94" HEIGHT="36" CONTENT="son" WC="0.96" CC="054"/>
						<SP ID="P47_SP00227" HPOS="1056" VPOS="2621" WIDTH="45"/>
						<String ID="P47_ST00254" HPOS="1101" VPOS="2549" WIDTH="96" HEIGHT="58" CONTENT="idur" WC="0.50" CC="7705"/>
						<SP ID="P47_SP00228" HPOS="1197" VPOS="2621" WIDTH="31"/>
						<String ID="P47_ST00255" HPOS="1228" VPOS="2561" WIDTH="179" HEIGHT="46" CONTENT="accent" WC="0.99" CC="000080"/>
						<SP ID="P47_SP00229" HPOS="1407" VPOS="2621" WIDTH="30"/>
						<String ID="P47_ST00256" HPOS="1437" VPOS="2558" WIDTH="251" HEIGHT="62" CONTENT="espagnol" WC="1.00" CC="00900001"/>
						<SP ID="P47_SP00230" HPOS="1688" VPOS="2621" WIDTH="16"/>
						<String ID="P47_ST00257" HPOS="1704" VPOS="2561" WIDTH="66" HEIGHT="44" CONTENT="où" WC="0.99" CC="00"/>
						<SP ID="P47_SP00231" HPOS="1770" VPOS="2621" WIDTH="28"/>
						<String ID="P47_ST00258" HPOS="1798" VPOS="2558" WIDTH="74" HEIGHT="48" CONTENT="les" WC="0.94" CC="356"/>
						<SP ID="P47_SP00232" HPOS="1872" VPOS="2621" WIDTH="23"/>
						<String ID="P47_ST00259" HPOS="1895" VPOS="2559" WIDTH="210" HEIGHT="48" CONTENT="labiales" WC="0.98" CC="06073526"/>
					</TextLine>
					<TextLine ID="P47_TL00028" HPOS="184" VPOS="2630" WIDTH="1664" HEIGHT="64">
						<String ID="P47_ST00260" HPOS="184" VPOS="2631" WIDTH="52" HEIGHT="47" CONTENT="et" WC="0.80" CC="40"/>
						<SP ID="P47_SP00233" HPOS="236" VPOS="2678" WIDTH="28"/>
						<String ID="P47_ST00261" HPOS="264" VPOS="2631" WIDTH="74" HEIGHT="49" CONTENT="les" WC="0.96" CC="243"/>
						<SP ID="P47_SP00234" HPOS="338" VPOS="2680" WIDTH="26"/>
						<String ID="P47_ST00262" HPOS="364" VPOS="2631" WIDTH="220" HEIGHT="63" CONTENT="liquides" WC="0.99" CC="01961004"/>
						<SP ID="P47_SP00235" HPOS="584" VPOS="2694" WIDTH="29"/>
						<String ID="P47_ST00263" HPOS="613" VPOS="2646" WIDTH="55" HEIGHT="34" CONTENT="se" WC="0.66" CC="41"/>
						<SP ID="P47_SP00236" HPOS="668" VPOS="2694" WIDTH="33"/>
						<String ID="P47_ST00264" HPOS="701" VPOS="2635" WIDTH="206" HEIGHT="46" CONTENT="corsent" WC="0.99" CC="0265004"/>
						<SP ID="P47_SP00237" HPOS="907" VPOS="2694" WIDTH="25"/>
						<String ID="P47_ST00265" HPOS="932" VPOS="2633" WIDTH="62" HEIGHT="47" CONTENT="de" WC="0.92" CC="01"/>
						<SP ID="P47_SP00238" HPOS="994" VPOS="2694" WIDTH="31"/>
						<String ID="P47_ST00266" HPOS="1025" VPOS="2635" WIDTH="117" HEIGHT="59" CONTENT="trop" WC="0.98" CC="0550"/>
						<SP ID="P47_SP00239" HPOS="1142" VPOS="2694" WIDTH="31"/>
						<String ID="P47_ST00267" HPOS="1173" VPOS="2633" WIDTH="63" HEIGHT="48" CONTENT="de" WC="0.71" CC="05"/>
						<SP ID="P47_SP00240" HPOS="1236" VPOS="2694" WIDTH="31"/>
						<String ID="P47_ST00268" HPOS="1267" VPOS="2633" WIDTH="245" HEIGHT="47" CONTENT="rudesses" WC="0.98" CC="76026006"/>
						<SP ID="P47_SP00241" HPOS="1512" VPOS="2694" WIDTH="33"/>
						<String ID="P47_ST00269" HPOS="1545" VPOS="2630" WIDTH="303" HEIGHT="60" CONTENT="gutturales." WC="0.99" CC="00560003443"/>
					</TextLine>
				</TextBlock>
				<TextBlock ID="P47_TB00005" HPOS="1367" VPOS="2772" WIDTH="617" HEIGHT="56" STYLEREFS="TXT_2 PAR_RIGHT">
					<TextLine ID="P47_TL00029" HPOS="1367" VPOS="2773" WIDTH="617" HEIGHT="52">
						<String ID="P47_ST00270" HPOS="1367" VPOS="2774" WIDTH="227" HEIGHT="50" CONTENT="EDMOND" WC="0.99" CC="040460"/>
						<SP ID="P47_SP00242" HPOS="1594" VPOS="2824" WIDTH="28"/>
						<String ID="P47_ST00271" HPOS="1622" VPOS="2773" WIDTH="362" HEIGHT="52" CONTENT="COUSTURIER." WC="0.51" CC="87470165614"/>
					</TextLine>
				</TextBlock>
			</PrintSpace>
		</Page>
	</Layout>
</alto>
