2343 3919
1091 332 116 57 307

171 484 329 70 l'Eternel,
533 484 64 79 je
628 502 99 42 me
760 483 159 61 ferai
955 484 329 61 connaître
1317 488 37 55 à
1381 480 93 61 lui
1498 498 78 43 en
1606 479 214 62 vision
1849 483 57 60 et
1936 482 63 78 je
2030 482 92 59 lai

176 574 285 82 parlerai
494 593 77 41 en
604 592 219 60 songe.

369 666 31 57 7
411 713 13 15 e
456 666 45 61 11
536 666 147 58 n'en
711 670 91 54 est
834 682 116 60 pas
978 663 161 61 ainsi
1160 665 75 59 dé
1254 681 153 42 mon
1428 662 312 61 serviteur
1771 665 215 75 Moïse,
2011 662 110 79 qui

179 760 94 58 est
303 755 188 61 fidèle
525 756 159 58 dans
715 760 175 54 toute
914 771 104 42 ma
1044 753 252 60 maison
1317 774 12 56 ;

363 847 58 60 B.
457 847 72 59 Je
562 845 179 79 parle
772 863 150 42 avec
952 845 92 58 lui
1075 844 254 61 bouche
1352 850 36 55 à
1416 847 275 74 bouche,
1718 849 57 57 et
1794 845 47 58 il
1863 861 100 44 me
1987 842 131 61 voit

183 955 73 42 en
293 936 169 69 effet,
499 953 129 39 non
663 934 183 76 point
871 933 480 76 obscurément,
1385 935 66 59 ni
1483 954 118 61 par
1635 953 247 43 aucune
1903 934 185 77 repré-

181 1030 323 56 sentation
538 1024 75 57 de
644 1021 318 59 l'Eternel.
995 1039 35 40 »
1064 1020 220 79 (Ghap.
1319 1023 135 80 XII.)

261 1113 323 60 L'Eternel
618 1112 164 58 donc
815 1113 264 75 pénètre
1112 1110 503 64 incessamment
1651 1117 233 66 Moïse;
1934 1112 48 58 il
2024 1112 89 58 lui

179 1204 204 78 parle,
424 1203 48 57 il
520 1201 271 59 l'habite
967 1201 60 57 et
1079 1198 148 60 c'est
1276 1201 165 60 ainsi
1496 1204 189 78 qu'un
1745 1204 260 59 homme
2049 1218 68 42 se

178 1301 226 53 trouve
439 1291 299 77 disposer
771 1288 113 60 des
915 1288 144 79 plus
1087 1287 430 65 formidables
1553 1293 331 79 pouvoirs.

258 1382 157 60 Mais
449 1399 103 42 ces
585 1378 305 79 pouvoirs
923 1377 375 61 demeurent
1328 1385 314 58 naturels.

258 1471 299 70 L'Arche,
576 1489 117 58 par
724 1467 307 79 exemple,
1050 1468 110 78 qui
1191 1471 93 57 est
1304 1468 58 61 le
1389 1471 133 61 lieu
1553 1475 60 58 et
1643 1471 347 62 l'occasion
2006 1472 112 60 des

178 1562 233 78 grands
470 1559 299 59 miracles
824 1557 348 61 ressemble
1241 1562 36 56 à
1350 1579 86 41 un
1495 1562 312 60 immense
1874 1560 244 61 aimant

180 1650 283 62 attractif
498 1654 58 56 et
585 1649 292 77 répulsif.
919 1648 368 61 Construite
1333 1669 165 59 pour
1528 1653 290 59 recevoir
1874 1670 70 41 ce
1996 1668 122 61 que

183 1745 191 58 Moïse
397 1739 252 80 appelle
673 1739 58 58 le
755 1739 492 77 Feu-principe,
1275 1739 237 62 l'arche
1536 1742 342 61 ressemble
1909 1761 116 59 par
2047 1759 71 42 sa

183 1836 323 55 structure
546 1846 123 40 aux
692 1824 396 62 sanctuaires
1117 1829 364 75 égyptiens.
1516 1832 175 57 Pour
1724 1830 130 60 s'en
1884 1832 230 59 rendre

184 1924 254 73 compte
503 1918 48 58 il
606 1917 175 59 suffit
830 1917 76 58 de
964 1933 337 60 comparer
1354 1918 270 61 VExode
1657 1938 80 41 au
1775 1919 184 60 Livre
2008 1921 102 59 des

179 2011 216 59 Morts.
432 2011 158 56 Tout
621 2029 39 57 y
688 2010 91 55 est
807 2006 403 76 scientifique
1241 2006 259 78 jusqu'à
1531 2008 375 61 l'armature
1950 2011 164 71 d'or,

180 2119 127 40 aux
332 2112 460 54 anneaux,aux
847 2095 376 59 brancards.
1253 2096 460 62 L'orientation
1768 2098 74 59 de
1876 2100 237 59 l'arche

179 2194 92 56 est
301 2186 379 62 révélatrice
720 2185 75 57 de
829 2203 116 40 son
974 2185 166 72 rôle;
1180 2204 77 40 en
1301 2192 271 74 rapport
1601 2206 150 42 avec
1782 2189 92 59 les
1905 2189 211 61 forces

176 2277 349 79 physiques
561 2277 58 56 et
675 2272 591 78 hyperphysiques,
1303 2275 119 60 elle
1458 2279 298 75 apparaît
1793 2277 58 60 le
1884 2283 191 72 récep-

174 2369 166 58 tacle
373 2365 75 60 de
480 2364 65 58 la
566 2363 253 59 foudre.

258 2460 81 56 Le
371 2458 170 56 texte
575 2457 95 54 est
702 2451 175 78 plein
905 2451 76 59 de
1025 2454 436 76 précautions.

256 2568 35 36 «
326 2545 50 59 Il
409 2544 119 60 mit
557 2543 65 58 la
649 2543 171 58 table
854 2542 157 59 dans
1042 2542 59 59 le
1133 2544 372 60 tabernacle
1548 2545 86 60 du
1676 2547 433 80 témoignage,

179 2638 84 59 du
297 2637 140 58 côté
468 2633 87 59 du
586 2632 422 76 septentrion,
1045 2633 151 59 hors
1230 2633 85 60 du
1351 2633 193 62 voile.

260 2747 33 35 «
338 2726 50 57 Il
424 2723 121 60 mit
576 2722 174 58 aussi
787 2741 13 39 :
838 2722 57 58 le
931 2722 376 62 chandelier
1340 2725 85 59 du
1453 2727 138 58 côté
1624 2726 85 59 du
1735 2727 160 60 midi
1919 2730 160 59 vis-à-

175 2815 99 59 --vis
307 2813 75 60 de
414 2813 65 58 la
508 2811 273 60 table—
829 2830 34 39 »

259 2906 73 59 Et
373 2904 142 75 plus
548 2901 162 61 loin.

258 3013 34 40 «
340 2996 84 56 La
445 2995 172 56 Nuée
650 2992 84 59 du
758 2991 316 76 Seigneur
1098 3010 64 42 se
1194 2995 284 76 reposait
1503 3013 108 42 sur
1642 2995 60 61 le
1737 2998 376 62 tabernacle

180 3085 235 59 durant
453 3083 59 58 le
542 3081 171 78 jour,
748 3084 58 57 et
853 3081 65 60 la
960 3083 255 61 flamme
1249 3104 41 57 y
1334 3084 350 79 paraissait
1729 3089 279 75 pendant
2046 3089 64 58 la

179 3175 141 58 nuit
348 3175 80 73 et,
456 3172 90 59 les
576 3172 207 58 tribus
819 3172 267 61 d'lsraël
1106 3172 66 59 la
1197 3173 301 77 voyaient
1528 3175 74 60 de
1630 3178 148 57 tous
1808 3175 93 61 les
1933 3177 179 61 lieux

180 3263 76 60 de
282 3262 139 59 leur
453 3264 427 75 campement.
918 3283 33 36 »

260 3352 354 72 Comment,
641 3368 149 42 sans
824 3352 265 77 danger,
1116 3353 192 60 Moïse
1336 3352 236 79 peut-il
1592 3353 417 80 s'approcher
2033 3356 77 59 de

179 3438 233 60 l'arche
430 3442 27 56 ?

260 3530 50 56 Il
344 3528 152 59 était
519 3530 155 57 écrit
710 3551 12 36 :
