2343 3919
488 1327 278 107 LE
842 1319 1014 114 MIRACLE

1896 1322 21 43 (1)

285 2084 178 61 Nous
496 2079 322 61 touchons
850 2077 84 61 ici
977 2084 37 53 à
1053 2077 546 79 l'interprétation
1641 2079 366 78 ésotérique
2051 2081 84 60 du

201 2168 288 62 miracle.

284 2258 445 59 L'ésotérisme
781 2255 162 61 n'est
991 2274 115 59 pas
1146 2262 179 53 autre
1369 2257 193 59 chose
1614 2274 122 61 que
1781 2257 66 59 la
1891 2259 243 74 grande

204 2347 278 78 religion
516 2345 386 73 orthodoxe,
936 2349 187 56 tronc
1156 2345 396 79 mystérieux
1585 2348 82 58 du
1701 2347 199 76 grand
1946 2348 185 60 arbre

201 2438 110 60 des
361 2455 375 61 croyances,
775 2436 150 61 d'où
968 2436 180 61 mille
1192 2436 325 61 branches
1560 2437 286 60 diverses
1888 2455 64 43 se
1990 2442 146 56 sont

200 2527 317 61 élancées.

280 2618 54 59 A
365 2617 401 70 l'ésotériste,
802 2615 250 80 l'esprit
1082 2615 319 78 religieux
1448 2621 61 55 et
1547 2615 66 61 la
1655 2616 253 61 science
1952 2617 146 80 n'ap-

204 2705 361 79 paraissent
596 2706 145 78 plus
767 2705 560 62 irréconciliables
1354 2725 12 55 ;
1399 2706 49 59 il
1479 2705 92 61 les
1601 2705 138 62 voit
1772 2725 248 42 comme
2039 2707 92 61 les

206 2795 164 60 deux
394 2814 272 61 moyens
703 2795 396 61 nécessaires
1150 2814 165 60 pour
1348 2795 362 79 s'enquérir
1736 2796 78 60 de
1847 2796 287 80 l'unique

202 2886 225 61 vérité.
468 2885 160 61 L'un
661 2889 92 57 est
783 2885 217 73 l'élan,
1025 2885 230 62 l'autre
1301 2889 93 58 est
1433 2886 58 61 le
1536 2886 315 61 contrôle.
1884 2886 160 64 Mais
2087 2886 48 64 il

202 2993 79 43 ne
310 2975 140 61 faut
480 2996 116 61 pas
634 2978 211 60 briser
882 2977 133 61 l'un
1058 2996 167 59 pour
1277 2977 293 80 glorifier
1608 2978 252 61 l'autre.
1898 2979 123 60 Sur
2068 2978 65 60 la

201 3065 194 60 corde
441 3068 179 60 roide
654 3068 87 61 du
783 3072 304 74 mystère,
1112 3068 48 58 il
1192 3068 139 60 faut
1367 3085 82 43 au
1477 3068 284 60 danseur
1788 3067 341 80 héroïque,

197 3173 88 41 un
318 3156 331 62 balancier
681 3157 161 61 dont
868 3157 94 61 les
993 3157 174 61 deux
1203 3158 373 61 extrémités
1609 3157 425 79 s'équivalent
2073 3161 61 57 et

202 3246 521 62 s'harmonisent.

284 3337 97 57 Un
411 3355 243 61 groupe
681 3337 434 61 d'occultistes
1138 3358 38 42 a
1197 3337 331 79 proclamé
1552 3340 395 60 récemment
1978 3354 152 43 avec

268 3533 41 48 1.
343 3534 130 50 Voir
497 3538 48 48 le
572 3539 217 51 numéro
827 3543 67 47 du
924 3543 63 49 25
1021 3557 159 35 mars.
