2832 4198
765 479 0 0 160

1123 440 78 40 LA
1233 440 383 52 CHRONIQUE
1649 444 316 41 MUSICALE

675 589 23 35 à
714 583 184 53 Vienne,
923 590 23 35 à
969 598 59 27 un
1050 584 215 42 musicien
1283 584 150 42 italien
1456 587 75 53 qui
1554 588 134 41 savait
1708 589 39 40 le
1765 589 182 58 français
1968 598 40 32 et
2030 590 76 53 qui
2119 591 115 41 avait
2255 593 40 40 la
2315 594 98 53 plus

675 657 160 53 grande
851 657 123 40 envie
995 658 212 53 d'essayer
1228 671 63 27 ses
1313 659 154 41 talents
1490 673 74 28 sur
1588 668 105 34 cette
1715 663 173 53 langue.
1914 663 121 41 Cette
2058 664 136 40 fausse
2218 667 197 39 nouvelle

675 739 155 31 courut
850 737 119 33 toute
990 730 39 40 la
1048 730 99 40 ville
1163 740 40 31 et
1224 730 30 41 il
1278 732 147 42 n'était
1440 734 97 53 plus
1551 734 199 54 question
1767 750 84 39 que
1870 737 50 40 de
1939 736 102 41 faire
2058 736 103 41 faire
2184 751 84 26 une
2289 739 101 52 répé-

675 802 130 41 tition
827 803 52 39 de
898 802 40 41 la
965 802 176 54 pièce...
1171 804 94 40 Elle
1285 818 42 27 se
1349 804 48 41 fit
1420 820 73 27 sur
1515 820 61 27 un
1599 808 105 53 petit
1721 809 163 40 théâtre
1905 823 84 41 que
2012 809 147 55 j'avais
2180 810 99 40 chez
2308 810 106 54 moi,

672 888 77 41 par
769 875 59 40 les
855 883 170 34 acteurs
1046 877 50 40 de
1117 891 103 27 mon
1247 880 223 53 spectacle,
1500 894 52 26 en
1580 883 199 52 présence
1800 883 51 40 de
1873 883 216 54 plusieurs
2116 883 169 42 artistes
2308 883 86 40 célè-

675 948 106 49 bres,
800 948 77 54 qui
899 962 112 41 pour
1030 951 41 40 la
1090 951 176 54 plupart
1285 953 174 42 avaient
1489 956 164 53 voyagé
1675 969 52 26 en
1748 956 147 51 Italie;
1919 957 50 40 ils
1991 959 307 38 m'assurèrent
2319 965 96 32 tous

672 1032 84 41 que
776 1021 40 41 la
834 1022 118 54 pièce
973 1024 143 42 aurait
1145 1025 40 40 le
1221 1025 99 53 plus
1352 1027 136 53 grand
1512 1031 162 37 succès.
1709 1029 93 40 Elle
1823 1030 66 40 fut
1917 1030 110 40 donc
2050 1031 284 53 représentée,
2359 1038 56 46 et,

673 1094 197 55 quoique
884 1095 122 54 jouée
1028 1105 41 32 et
1087 1097 180 41 chantée
1284 1112 76 40 par
1378 1099 71 40 des
1467 1107 164 33 acteurs
1653 1101 77 54 qui
1754 1115 52 27 ne
1829 1103 197 40 savaient
2039 1117 75 41 pas
2129 1104 41 40 la
2192 1104 222 54 musique,

670 1167 79 41 elle
768 1168 67 41 fut
854 1171 321 52 généralement
1188 1172 241 54 applaudie.

728 1257 18 20 «
763 1241 80 41 Les
858 1242 328 50 bouffonnistes,
1199 1245 228 53 persuadés
1445 1259 84 40 que
1544 1255 108 34 cette
1669 1249 203 54 musique
1891 1249 117 42 avait
2023 1251 64 40 été
2101 1250 101 42 faite
2215 1255 22 36 à
2247 1251 168 41 Vienne

671 1327 77 40 par
781 1328 61 28 un
870 1314 165 53 italien,
1068 1317 175 41 vinrent
1270 1331 69 27 me
1369 1319 337 54 complimenter
1736 1335 75 27 sur
1832 1322 295 54 l'acquisition
2151 1337 85 40 que
2264 1323 149 54 j'avais

672 1387 99 42 laite
791 1388 51 41 de
861 1402 47 26 ce
929 1389 85 41 bon
1036 1397 170 45 auteur,
1227 1399 41 33 et
1282 1405 43 27 se
1347 1392 307 43 confirmèrent
1669 1408 153 29 encore
1841 1396 39 41 la
1901 1397 162 53 grande
2082 1397 258 54 supériorité
2361 1397 54 40 de

670 1459 41 40 la
732 1460 204 55 musique
957 1460 207 43 italienne
1186 1476 72 28 sur
1277 1463 42 41 la
1340 1465 137 43 nôtre.
1503 1466 132 40 Aussi
1662 1467 172 41 charmé
1854 1470 51 38 de
1932 1470 96 40 leur
2071 1470 144 40 bonne
2244 1468 57 41 foi
2327 1483 87 40 que

668 1531 52 40 de
753 1532 241 42 l'heureuse
1032 1536 234 53 tromperie
1304 1550 85 40 que
1422 1536 39 54 je
1487 1537 148 41 venais
1672 1539 51 40 de
1748 1539 95 42 leur
1874 1540 118 52 faire,
2016 1540 38 54 je
2073 1540 92 41 leur
2192 1541 219 55 présentai

670 1606 62 40 M.
757 1605 291 54 d'Auvergne,
1073 1621 167 28 comme
1259 1609 35 40 le
1319 1609 207 42 véritable
1549 1611 172 54 Orphée
1742 1612 52 41 de
1816 1612 183 42 Vienne.

725 1694 18 22 «
780 1679 59 40 Le
858 1679 74 54 joli
951 1680 149 42 drame
1128 1682 72 40 des
1230 1682 257 54 Troqueurs
1510 1693 73 32 eut
1611 1685 106 40 dans
1745 1699 43 27 sa
1812 1688 246 39 nouveauté
2088 1688 39 40 le
2157 1687 98 54 plus
2276 1686 137 55 grand

668 1752 160 38 succès.
856 1767 19 21 »

721 1822 122 43 Cette
863 1824 204 41 anecdote
1083 1826 189 54 rappelle
1293 1826 40 41 la
1355 1829 274 54 supercherie
1650 1830 107 42 dont
1779 1830 154 43 Méhul
1956 1846 42 26 se
2020 1832 132 41 servit
2169 1846 110 41 pour
2300 1846 79 27 con-

666 1897 134 40 vertir
834 1896 228 56 Napoléon
1094 1904 23 36 à
1148 1913 44 27 sa
1224 1901 221 55 musique,
1484 1916 54 27 en
1563 1903 159 43 faisant
1754 1918 144 41 passer
1929 1919 78 28 son
2039 1905 128 42 Irato
2190 1918 113 42 pour
2325 1920 88 27 une

666 1969 212 54 partition
905 1970 222 44 italienne.

719 2042 113 42 C'est
872 2058 74 27 sur
983 2047 85 39 Les
1106 2046 258 56 Troqueurs
1405 2049 51 41 de
1495 2049 133 53 Vadé,
1672 2064 60 41 qu
1737 2051 9 19 ?
1752 2052 169 41 Hérold
1953 2053 151 41 écrivit
2125 2066 78 28 son
2224 2053 188 54 premier

667 2117 107 40 essai
795 2117 400 59 d'opéra-comique
1218 2135 110 41 pour
1348 2122 40 42 la
1407 2126 124 38 scène
1553 2137 57 27 ou
1628 2124 193 43 il'devait
1845 2126 170 41 bientôt
2034 2126 167 41 donner
2216 2128 176 52 Zampa
2399 2156 10 23 )

668 2201 78 28 son
766 2188 306 45 chef-d'œuvre
1090 2196 8 37 !

1680 2306 100 44 CH.
1824 2297 447 54 BARTHÉLEMY.

900 2383 72 46 (La
995 2384 95 36 suite
1112 2386 328 48 prochainement.)
