2832 4198
688 465 77 54 178

1143 464 75 39 LA
1250 463 384 51 CHRONIQUE
1665 465 318 41 MUSICALE

679 608 58 41 les
756 617 247 46 trompettes
1016 611 294 53 apparaissent
1328 610 52 40 de
1402 623 218 30 nouveau.
1640 610 59 41 Le
1719 618 77 33 ton
1818 611 50 40 de
1887 613 83 52 sol,
1994 613 310 39 extrêmement
2327 612 82 41 bril-

678 681 94 40 lant
793 695 110 40 pour
924 689 65 32 cet
1011 682 284 49 instrument,
1319 681 109 41 mais
1450 685 85 37 très
1552 682 178 41 difficile
1750 687 23 35 à
1796 696 126 28 cause
1944 682 50 42 de
2019 697 44 27 sa
2086 683 202 52 hauteur,
2320 697 79 27 con-

677 753 120 41 vient
817 754 396 54 particulièrement
1234 771 87 26 aux
1342 770 196 41 passages
1561 756 165 41 d'éclat.
1749 756 125 42 Tout
1896 757 38 40 le
1956 757 158 40 monde
2135 757 180 40 connaît
2337 755 72 40 l'ef-

676 825 58 42 fet
755 827 175 52 produit
952 842 77 40 par
1048 829 39 40 le
1107 830 87 40 duo
1215 830 50 40 de
1283 837 250 48 trompettes
1555 830 106 40 dans
1684 831 38 39 le
1745 830 156 40 chœur
1930 830 52 40 de
1998 829 143 41 Judas
2164 829 260 49 Machabée,

678 913 18 22 «
719 897 225 43 Chantons
966 900 190 56 victoire,
1182 917 19 26 »
1226 903 198 54 lorsqu'il
1446 913 61 33 est
1528 904 176 40 exécuté
1730 916 75 41 par
1832 903 72 40 des
1928 903 169 40 artistes
2130 902 78 54 qui
2231 915 54 27 ne
2306 902 38 40 le
2366 915 42 27 re-

674 969 184 43 doutent
878 986 90 41 pas.
996 974 262 43 Résumons.
1281 976 60 40 Le
1359 980 146 37 succès
1525 977 50 40 de
1598 976 63 41 M.
1683 976 97 41 Ten
1805 976 138 42 Brink
1965 990 24 27 a
2010 977 65 40 été
2096 978 83 38 très
2201 975 151 55 grand.

1826 1067 166 52 Henry
2017 1066 161 41 Cohen.

735 1334 217 40 CONCERT
995 1334 249 42 NATIONAL.
1357 1333 206 41 L'Odéon
1595 1348 23 26 a
1640 1334 258 54 représenté,
1919 1334 169 41 l'année
2123 1333 215 52 dernière,
2363 1347 61 27 un

674 1407 150 42 drame
860 1408 182 55 antique
1081 1409 50 38 de
1173 1407 61 42 M.
1282 1408 190 41 Leconte
1511 1407 52 40 de
1594 1406 132 54 Lisle,
1768 1409 61 38 les
1851 1407 230 54 Erinnyes
2087 1440 9 18 ,
2132 1421 113 40 pour
2282 1407 142 53 lequel

675 1481 63 40 M.
765 1482 221 40 Massenet
1015 1480 115 41 avait
1149 1482 200 52 composé
1370 1480 217 54 plusieurs
1611 1480 138 54 pièces
1770 1480 52 40 de
1843 1481 206 54 musique
2071 1480 351 40 instrumentale.

677 1554 211 42 L'auteur
909 1569 23 27 a
956 1554 126 41 réuni
1100 1562 153 46 quatre
1274 1553 52 41 de
1342 1567 66 27 ces
1430 1557 138 50 pièces
1587 1567 11 40 ;
1624 1553 29 40 il
1672 1567 29 40 y
1722 1567 22 26 a
1762 1553 142 55 ajouté
1928 1567 61 26 un
2012 1553 250 54 cinquième
2299 1567 89 26 mor-

674 1640 106 28 ceau
806 1642 10 27 ;
843 1628 43 40 la
907 1628 151 40 Danse
1079 1626 77 42 des
1176 1626 273 41 Saturnales
1455 1658 9 21 ,
1488 1639 112 41 pour
1621 1640 53 26 en
1690 1626 158 40 former
1871 1640 43 26 sa
1942 1626 20 40 3
1969 1632 13 17 e
2005 1626 112 40 suite
2138 1626 259 40 d'orchestre
2412 1642 8 24 :

672 1700 209 54 Musique
891 1714 124 39 pour
1044 1713 82 27 une
1138 1700 130 53 pièce
1290 1700 177 53 antique
1481 1731 10 21 ,
1510 1700 107 40 dont
1638 1713 110 27 nous
1765 1700 138 40 allons
1925 1701 217 52 présenter
2164 1713 85 27 une
2269 1699 149 54 rapide

676 1773 193 54 analyse.
889 1773 61 40 Le
968 1773 185 54 premier
1169 1785 220 40 morceau,
1411 1772 168 40 Entrée
1599 1772 78 41 des
1705 1773 251 50 vieillards,
1983 1780 62 33 est
2074 1773 107 40 d'un
2213 1773 210 40 caractère

670 1859 129 39 grave
822 1856 40 30 et
883 1845 119 41 triste
1019 1861 9 32 ;
1051 1845 32 40 il
1105 1858 192 40 manque
1319 1844 50 40 de
1390 1844 123 41 relief
1534 1852 40 33 et
1594 1858 54 26 ne
1669 1846 182 53 produit
1879 1859 77 41 pas
1985 1844 138 54 grand
2156 1844 112 51 effet,
2302 1858 122 40 parce

669 1932 85 41 que
775 1918 38 41 le
839 1919 217 40 musicien
1079 1920 70 38 n'a
1175 1933 71 40 pas
1269 1932 49 26 su
1340 1918 167 41 donner
1528 1922 23 36 à
1575 1931 76 27 son
1674 1918 91 40 idée
1787 1917 248 55 mélodique
2058 1931 61 28 un
2142 1926 187 32 contour
2351 1932 46 26 as-

670 2006 67 26 sez
764 1990 132 42 ferme
917 2000 40 32 et
983 2005 115 27 assez
1120 1992 151 41 arrêté.
1298 1991 225 54 L'épisode
1545 1991 51 40 de
1617 1991 25 40 Y
1647 1991 259 54 apparition
1928 1992 77 40 des
2025 1991 234 53 Erynnies
2267 2023 8 18 ,
2301 1992 121 50 placé

670 2079 56 26 au
747 2065 155 40 milieu
925 2065 50 40 de
992 2072 108 33 cette
1123 2067 138 50 scène,
1285 2072 62 32 est
1368 2064 386 52 vigoureusement
1773 2065 136 40 rendu
1929 2077 9 40 ;
1963 2064 29 40 il
2015 2063 143 42 aurait
2174 2063 248 41 facilement

669 2139 118 53 prêté
807 2142 102 36 àun
930 2137 102 54 long
1048 2138 372 54 développement,
1444 2145 41 33 et
1521 2136 143 42 Gluck
1704 2137 54 41 l'a
1799 2138 127 40 traité
1965 2136 52 42 de
2048 2137 120 40 main
2191 2137 50 39 de
2269 2140 153 37 maître

668 2211 108 41 dans
798 2211 40 40 la
864 2213 125 37 scène
1011 2211 71 39 des
1101 2209 137 40 enfers
1260 2211 26 38 d
1290 2210 190 53 'Orphée
1495 2223 16 38 ;
1535 2210 63 40 M.
1630 2210 219 40 Massenet
1870 2224 23 26 a
1915 2210 60 40 dû
1999 2223 43 27 se
2063 2210 234 40 renfermer
2313 2211 110 38 dans

668 2284 73 40 des
762 2284 161 40 limites
941 2283 97 54 plus
1056 2283 189 53 étroites,
1269 2282 176 41 d'abord
1467 2286 23 36 à
1514 2296 129 27 cause
1664 2283 70 40 des
1754 2282 221 54 exigences
1996 2283 226 54 scéniques
2245 2292 40 32 et
2303 2283 119 40 aussi

668 2369 113 40 pour
801 2355 208 41 certaines
1033 2354 164 41 raisons
1217 2354 297 55 particulières
1538 2369 84 40 que
1649 2355 247 55 j'exposerai
1917 2356 98 55 plus
2045 2354 106 42 loin.
2177 2355 132 42 Vient
2342 2369 54 26 en-

668 2429 113 41 suite
799 2428 25 40 l'
832 2428 258 41 lnvocation
1110 2428 229 41 d'Electre
1364 2427 44 55 (n
1412 2434 13 16 0
1450 2441 22 26 2
1497 2428 50 40 de
1572 2428 40 41 la
1646 2428 148 55 suite),
1829 2430 106 40 dont
1965 2442 111 27 nous
2099 2442 135 27 avons
2255 2428 92 54 déjà
2368 2442 53 27 eu

665 2502 202 40 occasion
884 2502 51 39 de
952 2500 141 54 parler
1114 2500 107 40 dans
1236 2501 94 40 l'un
1352 2500 51 41 de
1425 2514 77 27 nos
1524 2502 247 53 précédents
1795 2510 193 46 comptes
2006 2503 158 39 rendus
2184 2517 10 35 ;
2216 2503 100 39 c'est
2338 2515 86 28 une

666 2575 72 40 des
752 2573 244 42 meilleures
1014 2573 423 54 inspirationsdeM.
1464 2573 233 42 Massenet.
1717 2575 60 40 La
1795 2575 251 54 Chronique
2057 2576 211 39 musicale
2281 2583 139 32 atenu

666 2651 23 36 à
712 2646 172 55 publier
898 2654 111 32 cette
1036 2660 104 40 page
1160 2646 319 54 remarquable,
1495 2655 40 33 et
1556 2661 111 27 nous
1684 2648 161 40 devons
1867 2653 23 35 à
1907 2648 42 40 la
1971 2648 180 54 parfaite
2166 2648 253 54 obligeance

665 2721 71 40 des
757 2721 206 50 éditeurs,
983 2719 115 40 MM.
1121 2719 188 42 Girodet
1327 2720 271 53 Hartmann,
1620 2721 51 40 de
1694 2721 187 54 pouvoir
1902 2722 40 40 la
1964 2730 154 33 mettre
2139 2721 279 54 aujourd'hui

665 2808 99 26 sous
783 2794 59 39 les
864 2806 114 41 yeux
1002 2792 51 40 de
1078 2806 79 26 nos
1181 2792 197 41 lecteurs.
1402 2793 126 41 Nous
1549 2807 29 39 y
1608 2806 134 28 avons
1762 2793 110 53 joint
1892 2793 112 41 deux
2022 2802 146 32 autres
2186 2808 233 26 morceaux

664 2868 77 53 qui
763 2877 74 32 ont
858 2869 163 40 obtenu
1037 2881 61 26 un
1118 2867 85 40 très
1223 2867 65 40 vif
1305 2870 145 37 succès
1471 2881 55 26 au
1560 2867 187 41 Concert
1759 2867 196 42 national
1979 2881 9 28 :
2015 2869 44 40 la
2079 2868 249 41 Sicilienne
2335 2903 6 13 ,
2368 2869 52 40 de

665 2940 274 50 Boccherini,
961 2950 40 32 et
1034 2939 278 42 l'andantino
1333 2940 60 40 du
1430 2941 368 41 Divertissement
1802 2973 9 18 ,
1848 2942 51 38 de
1921 2940 61 42 M.
2010 2940 120 42 Lalo.
2174 2941 35 40 Il
2235 2951 63 31 est
2333 2942 87 40 bon

665 3027 85 40 que
771 3014 72 39 des
862 3027 172 27 œuvres
1060 3013 52 41 de
1134 3022 108 32 cette
1263 3014 174 54 valeur,
1462 3013 35 40 si
1520 3027 83 41 peu
1626 3027 195 28 connues
1843 3016 140 38 même
2002 3018 23 36 à
2054 3014 121 40 Paris
2196 3020 57 36 où
2274 3027 59 27 on
2361 3015 60 40 les

665 3088 195 50 exécute,
882 3101 42 26 se
943 3087 239 55 répandent
1201 3087 106 41 dans
1324 3088 38 39 le
1377 3087 150 55 public
1544 3095 40 33 et
1599 3088 226 54 pénètrent
1840 3101 52 27 en
1917 3086 209 56 province
2147 3094 41 34 et
2203 3091 23 37 à
2246 3087 152 41 l'étran-

662 3173 72 40 ger
764 3157 77 57 (1).
882 3159 100 42 Ceci
1011 3162 117 52 posé,
1152 3161 191 40 fermons
1373 3160 40 41 la
1439 3161 251 53 parenthèse
1728 3169 40 33 et
1789 3160 296 54 poursuivons
2120 3161 213 41 l'examen
2368 3160 52 40 de

702 3307 49 40 (i)
778 3306 49 32 La
845 3306 17 33 3
870 3315 13 15 e
901 3306 92 33 suite
1013 3307 219 33 d'orchestre
1250 3308 43 31 de
1309 3308 45 31 M.
1375 3307 182 32 Massenet
1579 3312 34 27 et
1634 3306 33 33 le
1686 3307 303 33 Divertissement
2015 3307 44 32 de
2081 3306 53 35 M.
2155 3306 99 43 Lalo,
2274 3306 148 40 réduits,

659 3371 93 33 pour
768 3361 31 32 le
815 3360 121 44 piano,
957 3367 64 26 ont
1035 3362 55 31 été
1105 3362 143 42 publiés
1264 3372 64 32 par
1345 3362 49 33 M.
1411 3362 44 32 G.
1472 3362 223 32 Hartmann.
1719 3362 256 33 Vlnvocation
1993 3362 185 33 d'Electre
2191 3368 54 26 est
2261 3361 153 33 extraite

656 3417 89 32 d'un
766 3415 132 33 recueil
921 3416 44 32 de
985 3415 61 32 dix
1065 3415 117 44 pièces
1196 3417 44 32 de
1258 3428 110 32 genre
1390 3427 91 34 pour
1498 3416 32 33 le
1546 3415 110 44 piano
1674 3417 86 42 (Op.
1785 3419 56 40 10)
1863 3417 44 33 de
1935 3416 48 33 M.
2003 3417 194 42 Massenet,
2213 3417 96 32 édité
2331 3426 82 24 vers

675 3468 84 43 868,
787 3481 66 30 par
875 3471 51 32 M.
947 3469 132 33 Girod,
