2832 4198
885 1288 366 71 REVUE
1340 1288 193 71 DES
1619 1288 619 74 CONCERTS

682 1790 187 33 CONCERTS
892 1802 45 21 DU
969 1791 309 34 CONSERVATOIRE.
1372 1792 186 33 CONCERTS
1590 1802 236 23 POPULAIRES.
1939 1793 104 32 Suite
2072 1793 43 33 de
2143 1793 209 33 Vorchestre
2384 1794 44 32 de

723 1844 49 40 M,
802 1846 80 31 Ten
913 1845 127 33 Brink.
1136 1846 168 33 CONCERT
1327 1857 190 23 NATIONAL.
1605 1847 70 32 Les
1703 1846 203 42 Erynnies,
1936 1847 160 42 musique
2116 1857 97 32 pour
2241 1857 67 22 une
2331 1847 99 39 pièce

723 1898 148 44 antique
908 1900 113 42 (Jules
1042 1900 208 43 Massenet).
1334 1900 104 33 Suite
1462 1901 34 32 d'
1504 1901 185 33 orchestre
1720 1901 89 42 (Th.
1833 1900 172 42 Dubois).

723 1954 275 43 symphonique
1021 1954 137 43 (Listz.)
1231 1955 187 32 CONCERTS
1438 1955 139 35 DANBÈ.
1657 1954 218 43 Christophe
1892 1955 161 41 Colomb,
2071 1956 42 32 de
2131 1955 156 33 Félicien
2301 1955 126 33 David.

788 2008 175 34 FESTIVAL
991 2009 182 34 LACOMBE.
1261 2009 169 34 CONCERT
1452 2020 47 22 DU
1520 2020 188 22 CAPITAINE
1726 2011 135 31 BOYER.

1122 2201 196 31 ONCERTS
1348 2202 63 29 DU
1447 2192 390 42 CONSERVATOIRE.
1854 2214 53 6 —
1938 2191 61 41 La
2023 2192 165 40 Société
2205 2190 70 41 des
2309 2191 88 43 Con-

1120 2271 107 32 certs
1246 2264 58 40 du
1328 2264 333 41 Conservatoire
1681 2267 106 40 chez
1806 2267 77 55 qui
1912 2280 42 27 se
1978 2267 259 53 perpétuent
2264 2273 95 32 tant
2376 2265 51 40 de

1119 2336 150 40 nobles
1291 2344 40 32 et
1350 2337 139 40 saines
1504 2338 246 52 traditions,
1772 2341 97 41 s'est
1891 2339 196 53 toujours
2106 2338 161 40 refusée
2284 2342 21 36 à
2327 2351 76 40 pro-

1118 2421 166 41 voquer
1301 2408 59 41 les
1374 2410 202 40 réclames
1595 2411 59 40 du
1667 2411 282 54 journalisme
1964 2411 31 40 si
2016 2410 262 55 loyalement
2293 2424 114 26 acces-

1119 2480 125 51 sible,
1262 2495 169 28 comme
1452 2496 57 27 on
1532 2483 94 50 sait,
1650 2489 23 36 à
1689 2498 108 30 ceux
1817 2486 77 54 qui
1917 2498 42 27 se
1976 2485 247 53 présentent
2247 2486 23 36 à
2294 2483 64 40 lui
2374 2497 55 26 au

1125 2567 103 27 nom
1270 2554 50 41 de
1348 2555 109 42 l'art.
1499 2556 60 41 La
1593 2558 157 41 société
1790 2558 109 41 tient
1931 2557 155 54 depuis
2114 2571 43 26 sa
2178 2556 250 53 fondation,

683 2624 77 55 qui
781 2625 96 40 date
916 2627 51 40 de
988 2634 329 47 quarante-sept
1343 2642 93 37 ans,
1475 2629 115 41 deux
1625 2631 117 53 loges
1775 2631 235 54 complètes
2040 2634 24 37 à
2090 2631 41 40 la
2169 2630 260 54 disposition

685 2698 51 40 de
766 2698 40 39 la
835 2698 188 55 critique
1055 2699 225 54 musicale,
1313 2715 54 26 en
1387 2709 147 34 retour
1553 2704 51 39 de
1626 2704 103 53 quoi
1764 2704 79 40 elle
1879 2718 53 26 ne
1959 2704 211 40 demande
2192 2705 140 38 même
2354 2716 76 41 pas

683 2770 73 39 des
778 2772 392 53 comptes-rendus,
1193 2772 77 54 qui
1292 2773 219 41 d'ailleurs
1534 2788 52 27 ne
1607 2775 252 41 serviraient
1880 2776 45 40 ni
1952 2789 53 26 ne
2025 2775 333 41 desserviraient
2380 2789 43 27 sa

685 2842 151 53 gloire.
862 2843 114 41 C'est
997 2858 87 27 une
1114 2845 309 53 magnificence
1445 2846 201 42 d'autant
1675 2848 97 54 plus
1811 2848 316 54 remarquable,
2157 2861 85 41 que
2262 2848 40 40 la
2325 2848 103 40 salle

684 2924 64 32 est
770 2916 155 41 étroite
947 2924 40 32 et
1009 2917 59 40 les
1096 2917 138 54 places
1256 2918 189 40 réduites
1470 2932 55 27 au
1560 2921 183 39 nombre
1764 2920 50 40 de
1837 2920 108 41 neuf
1960 2928 119 32 cents
2105 2933 111 40 pour
2247 2928 122 33 toute
2389 2920 41 41 la

683 2989 115 42 salle.
828 2991 81 40 Par
933 3004 86 27 une
1039 2991 239 53 générosité
1294 2992 273 54 exemplaire,
1591 2993 245 55 —laquelle
1853 3007 24 26 a
1899 2994 65 40 été
1982 2993 147 40 imitée
2150 3007 77 40 par
2242 2994 64 42 M.
2329 2994 75 40 Pas-

684 3064 178 54 deloup,
887 3064 61 40 M.
977 3064 296 54 Lamoureux,
1297 3072 40 34 et
1358 3065 65 41 M.
1447 3065 200 42 Colonne
1669 3080 55 27 au
1747 3066 187 41 Concert
1971 3067 193 40 national
2186 3067 58 40 du
2267 3067 164 41 théâtre

689 3137 60 41 du
783 3137 213 53 Châtelet,
1094 3137 73 41 des
1187 3138 143 55 places
1365 3147 98 32 sont
1496 3140 242 52 également
1762 3141 212 39 réservées
1993 3144 24 36 à
2045 3140 286 42 l'institution
2359 3141 72 39 des

687 3210 148 54 jeunes
856 3211 199 53 aveugles
1076 3210 77 54 qui
1169 3224 28 41 y
1216 3212 152 40 envoie
1386 3226 110 40 pour
1515 3212 166 54 chaque
1699 3221 170 32 concert
1886 3227 62 26 ses
1968 3212 71 41 dix
2058 3213 137 42 élèves
2215 3213 51 40 de
2288 3213 142 54 choix,

687 3290 41 33 et
749 3296 45 26 ce
816 3290 113 42 sont,
951 3296 113 27 nous
1087 3297 198 41 pouvons
1306 3284 215 53 l'assurer,
1544 3285 59 41 les
1623 3285 71 40 dix
1709 3286 137 54 paires
1870 3286 212 41 d'oreilles
2103 3287 59 40 les
2184 3286 96 54 plus
2303 3287 100 40 méri-

687 3354 130 41 toires
835 3354 51 40 de
909 3363 120 33 toute
1058 3356 278 42 l'assistance.
1364 3358 36 40 11
1422 3371 53 27 ne
1496 3371 191 41 manque
1724 3372 55 26 au
1813 3359 219 54 triomphe
2059 3360 50 39 de
2136 3372 66 27 ces
2237 3369 193 30 concerts

685 3441 85 41 que
803 3428 129 40 d'être
970 3429 461 42 hebdomadairement
1478 3431 271 52 régularisés.
1802 3431 188 41 L'année
2031 3431 211 52 dernière,
2266 3431 164 54 chaque

685 3515 274 43 programme
979 3515 41 27 se
1040 3502 193 54 répétait,
1264 3512 42 32 et
1327 3507 121 51 après
1476 3504 58 40 les
1555 3504 112 41 deux
1689 3513 194 33 concerts
1916 3505 180 41 arrivait
2117 3519 57 26 un
2199 3504 232 40 dimanche
