3965 3800
426 88 368 50 POESIA

557 271 180 89 LA
849 256 942 111 CONQUISTA

816 448 203 55 Canto
1061 445 98 56 de'
1189 442 346 73 pleniluni.

1156 631 37 41 I.

605 747 38 40 E
677 745 101 42 fino
812 757 27 28 a
871 744 214 53 quando,
1118 741 190 53 pallida
1341 738 191 52 Gitana,

491 818 100 41 riso
626 815 292 45 dell'ombra
950 827 25 28 e
1007 809 241 57 gioventù
1281 808 72 43 de'
1387 808 128 52 cieli,

492 898 101 30 non
624 884 89 56 più
744 884 215 43 maestra
992 882 39 42 a'
1064 880 276 55 naviganti,
1374 891 25 28 e
1433 887 179 32 ancora

493 968 279 42 compagna
804 957 53 39 in
889 954 271 41 solitudine
1193 949 38 43 a'
1264 949 233 42 notturni

493 1027 242 41 navarchi
768 1026 79 41 del
879 1025 227 52 pensiero
1125 1035 8 41 ;
1167 1034 26 29 e
1222 1020 102 42 fino
1358 1031 27 29 a
1418 1017 212 55 quando,

493 1109 89 42 per
612 1097 242 41 vicendar
887 1091 408 45 d'occultamenti
1325 1090 143 41 brevi

495 1179 26 29 e
554 1164 323 44 d'infecondi
908 1163 284 52 maritaggi,
1227 1159 218 42 all'erma

494 1236 142 53 figlia
668 1248 25 29 e
726 1246 143 42 sposa
902 1234 79 40 del
1015 1233 80 41 Sol
1128 1232 132 40 terra
1293 1231 152 50 reina,

495 1308 82 39 cui
608 1318 96 41 pur
737 1305 179 41 disveli
948 1304 36 40 il
1017 1301 259 43 rimutabil
1308 1301 122 48 viso,

494 1375 139 42 l'alto
667 1375 275 42 custodirai
974 1373 168 41 lucido
1176 1381 180 31 arcano

496 1447 131 41 della
659 1446 88 41 tua
777 1445 139 41 vita?

954 1540 237 52 Angusta,
1224 1538 185 51 umida,
1442 1535 129 42 tetra

495 1614 202 52 prigion
730 1613 200 40 diviene
963 1610 177 53 questa
1172 1620 129 30 cuna
1334 1607 168 41 antica

497 1683 129 40 delle
659 1681 266 54 Lusinghe,
960 1681 88 39 che
1081 1690 102 30 non
1213 1679 102 40 han
1349 1674 264 53 tramonto,

497 1751 312 54 all'inquieto
843 1751 176 52 spirito
1052 1749 226 42 cercante

498 1820 72 43 de'
605 1822 230 41 Noemiti.
867 1820 163 41 Ancor
1061 1820 48 40 lo
1143 1829 228 42 ammaga
1396 1817 38 40 il
1454 1815 181 43 bianco

497 1890 277 43 dell'artica
808 1890 227 46 Chimera
1067 1900 142 42 aspro
1242 1886 212 55 segreto,

497 1963 118 52 qual
648 1963 51 39 di
731 1960 218 53 perfetta
980 1961 206 52 vergine
1219 1960 49 39 la
1299 1969 125 29 zona

497 2033 319 50 intaminata;
852 2043 24 28 e
909 2041 163 41 ancor,
1104 2028 231 53 pronuba
1372 2026 167 53 l'Orsa,

497 2103 47 39 la
575 2113 126 41 prua
734 2102 160 52 dirige
925 2100 98 40 alla
1054 2099 199 41 novella
1287 2098 168 52 Thule,

497 2184 94 28 con
622 2172 48 39 la
702 2182 235 41 speranza
969 2170 231 51 argolica,
1234 2180 69 28 un
1335 2168 179 40 villoso

497 2241 195 41 fulvido
726 2252 124 40 eroe,
883 2239 315 53 proseguitor
1230 2236 72 42 de'
1335 2237 188 53 prischi

496 2311 99 41 ben
628 2311 240 40 chiomati
899 2309 211 53 vikingi,
1145 2320 26 29 o
1204 2320 69 28 un
1306 2307 263 41 temerario

496 2382 227 52 principe
754 2380 175 52 bruno,
963 2380 91 39 che
1087 2376 175 56 fuggìa
1294 2375 269 55 gl'incanti

497 2452 133 40 della
662 2463 89 29 sua
782 2450 133 41 terra
948 2449 168 52 d'ogni
1147 2448 93 41 fior
1271 2447 197 52 vestita,

497 2521 49 40 la
576 2520 236 41 trionfale
845 2520 286 52 giovinezza
1163 2518 225 40 offrendo

497 2591 99 40 alla
627 2591 141 40 muta
800 2602 26 29 e
858 2589 169 41 crudel
1059 2589 175 40 Donna
1268 2588 80 41 del
1379 2588 129 52 polo.

613 2687 99 40 Che
748 2685 175 54 giova?
960 2685 139 42 Ornai
1134 2685 46 40 le
1217 2684 177 52 troppo
1435 2694 146 31 avare
1616 2682 162 42 bende

499 2757 212 41 caddero
744 2756 47 40 al
824 2755 138 53 petto
996 2753 314 42 dell'esausta
1341 2755 181 40 Madre.

500 2827 170 41 Simile
702 2826 97 40 alla
830 2826 137 52 regal
1000 2826 165 40 donna
1198 2822 210 54 d'Atreo,

499 2897 97 40 ella
628 2896 45 40 al
706 2895 200 41 bramor
937 2895 241 51 sacrilego
1212 2892 70 42 de'
1315 2893 110 53 figli

499 2965 321 52 moltiplicati
854 2965 118 40 cede
1005 2965 53 40 in
1091 2963 301 42 abbandono

499 3033 179 43 l'uberi
709 3034 223 41 membra
950 3046 8 28 :
991 3033 188 41 nuziali
1210 3033 124 52 tede,

501 3106 156 40 ardon
688 3105 45 40 le
764 3104 186 42 violate
983 3103 170 41 orfane
1186 3103 148 52 selve,

501 3186 25 29 e
557 3175 163 40 roride
754 3184 179 30 corone
966 3173 162 41 offron
1160 3173 45 39 le
1236 3173 148 40 lande

501 3245 46 40 al
579 3256 198 29 vomere
811 3254 242 38 concesse,
1087 3254 24 29 e
1145 3242 128 41 delle
1310 3244 134 39 mine

500 3313 145 42 l'urlo
677 3313 228 52 possente
938 3325 24 28 e
994 3313 47 40 lo
1074 3312 185 41 stridor
1291 3311 71 42 de'
1396 3313 155 52 magli

501 3384 37 40 il
571 3383 241 53 frugifero
846 3383 186 40 incesto
1066 3382 100 41 alto
1199 3383 175 40 saluta.

617 3477 291 53 Nell'ampia
940 3475 188 44 maestà
1160 3478 130 40 della
1323 3477 182 41 canuta

502 3550 115 41 Asia
648 3550 209 52 nutrice,
891 3548 347 41 ultimamente
1271 3548 175 53 ignoto

2321 252 28 30 a
2379 235 253 57 giapetico
2666 230 153 53 ciglio
2853 235 124 32 anco
3010 222 200 42 restava

2318 308 175 44 l'arido
2528 316 99 41 sen,
2661 302 83 41 cui
2775 296 249 53 l'Imalaja
3056 299 203 35 enorme

2319 381 180 52 cingea
2529 377 53 42 di
2613 374 101 55 geli
2746 366 296 56 sempiterni
3074 361 220 52 usbergo

2322 465 27 30 e
2378 451 131 42 tiara
2540 447 51 42 di
2623 442 206 46 simboli
2858 437 90 57 più
2981 436 130 44 saldi

2322 521 178 43 Budda
2530 518 76 41 tre
2637 513 138 45 volte
2807 512 140 41 divo:
2977 518 83 31 ma
3090 506 37 40 il
3164 498 212 47 tonante

2322 593 188 42 bronzo
2544 589 52 42 di
2626 584 180 45 biondi
2836 578 261 46 invaditor
3118 575 203 44 dirocca

2325 662 205 56 l'algido
2562 658 152 53 cinto,
2747 668 25 29 e
2805 653 100 43 alla
2935 648 282 56 sanguinea
3249 643 152 43 Croce

2322 734 48 42 le
2401 730 226 45 tibetane
2659 724 222 55 acropoli
2913 720 191 55 stupite

2325 803 228 54 s'aprono
2589 800 54 41 in
2679 799 124 53 giro,
2840 808 27 29 e
2902 794 50 41 la
2987 786 307 60 grand'Alpe
3327 783 210 44 assente.

2439 898 70 42 La
2539 907 103 32 non
2672 896 157 40 invan
2859 898 257 47 promessa
3149 885 48 42 al
3230 883 257 42 Genovese

2325 969 147 43 India
2501 965 279 54 vermiglia,
2813 959 84 57 già
2928 958 221 56 palestra
3180 953 204 44 occulta

2326 1042 103 53 agli
2460 1049 139 32 amor
2631 1035 130 43 delle
2792 1033 173 56 piante
2998 1043 25 29 e
3056 1029 131 42 delle
3219 1025 135 51 fiere,

2325 1124 92 31 ove
2449 1123 69 29 un
2551 1108 198 54 dipinto
2780 1104 185 56 popolo
2996 1099 247 44 fanciullo

2325 1193 209 38 crescea,
2566 1176 269 45 cacciando
2868 1175 37 41 il
2935 1171 215 43 nomade
3182 1166 218 53 bisonte,

2326 1265 56 31 or
2412 1251 170 55 d'ogni
2613 1249 150 55 gente
2797 1259 25 29 e
2854 1244 172 54 d'ogni
3056 1242 113 42 fede
3203 1238 205 55 ospizio,

2322 1324 132 40 della
2486 1330 270 33 sommersa
2787 1315 261 43 Atlantide
3079 1311 192 42 fastosa

2325 1395 36 40 il
2393 1405 125 42 gran
2549 1401 157 43 sogno
2737 1388 206 42 rindora
2960 1397 8 40 ;
3003 1384 62 41 ed
3097 1392 115 32 ecco
3245 1381 49 42 al
3324 1388 135 33 novo

2325 1462 187 55 èmpito
2544 1461 181 53 l'aspra
2756 1453 290 47 immensità
3076 1452 300 54 scarseggia,

2326 1534 193 42 mentre
2552 1532 48 42 al
2631 1531 170 53 fragor
2833 1529 52 41 di
2916 1525 272 44 mostruosi
3220 1522 199 53 acciari,

2323 1605 158 42 Roma
2510 1602 91 56 più
2631 1602 143 43 vasta
2806 1613 25 28 e
2863 1597 89 55 più
2982 1597 150 43 venal
3165 1595 229 54 Oartago,

2321 1675 97 41 ella
2449 1672 246 53 s'accinge
2727 1682 27 29 a
2784 1669 188 42 liberar
3003 1668 49 40 la
3081 1665 102 42 vile

2326 1745 198 52 Europa
2554 1741 77 44 da'
2661 1741 194 42 tiranni
2886 1739 184 51 ultimi,
3103 1749 27 29 o
3163 1735 132 42 forse

2328 1828 28 30 a
2387 1815 269 53 stringerla
2686 1814 54 39 in
2770 1811 214 54 peggior
3013 1809 134 42 nodo
3180 1804 235 44 ermeteo.

2440 1912 70 40 La
2539 1908 306 57 grand'isola
2876 1906 203 54 austral,
3100 1917 98 42 pur
3229 1904 94 41 ieri
3349 1903 181 53 ignara

2330 1980 255 43 d'occidue
2617 1980 110 42 vele
2760 1992 26 27 e
2819 1980 52 41 di
2901 1978 220 53 pudiche
3151 1975 153 53 leggi,

2330 2051 81 42 dal
2443 2050 252 43 mercante
2723 2049 240 42 britanno
2994 2044 335 57 primamente

2328 2122 130 52 data,
2488 2122 153 42 verde
2672 2121 243 52 custodia,
2948 2117 39 42 a'
3022 2116 265 42 maledetti

2326 2191 112 53 figli
2468 2190 259 53 dell'Onta,
2761 2191 63 41 da
2854 2186 182 56 poiché
3066 2187 217 53 permise

2327 2262 252 42 l'aurifere
2609 2260 193 43 làtèbre
2835 2261 62 40 ad
2929 2260 118 40 altri
3078 2257 195 53 infami,

2328 2332 126 43 vede
2483 2331 141 42 fiorir
2651 2332 79 41 tra
2763 2332 72 53 gli
2868 2328 241 53 eucalipti
3142 2327 195 42 aulenti

2328 2414 101 30 una
2460 2402 214 42 seconda
2706 2399 187 56 civiltà,
2926 2398 197 43 d'altari

2327 2473 123 42 lieta
2482 2484 24 30 e
2539 2473 51 41 di
2622 2473 132 41 scole
2787 2484 25 30 e
2844 2473 53 41 di
2926 2470 167 52 teatri,
3126 2468 199 43 amante

2328 2543 275 42 inanellata
2636 2540 317 52 all'Avvenir,
2986 2540 90 41 che
3108 2541 108 40 ride

2326 2614 47 40 al
2403 2613 277 41 bellissimo
2712 2624 108 29 mar
2852 2611 129 42 delle
3013 2611 220 52 meduse,

2328 2694 92 30 ove
2452 2684 48 39 la
2532 2682 153 54 stirpe
2718 2680 74 43 de'
2826 2681 175 42 coralli
3032 2680 231 42 industre

2328 2754 191 41 Cicladi
2549 2764 129 31 nove
2708 2764 89 42 per
2829 2762 138 31 amor
2999 2762 256 42 compone.

2440 2850 37 41 E
2507 2860 103 31 non
2639 2849 73 54 tu,
2745 2848 160 54 Libia,
2937 2859 216 43 pauroso
3184 2859 150 30 nome

2332 2920 269 42 suscitator
2632 2920 52 42 di
2714 2920 179 42 mostri
2924 2931 24 30 e
2982 2920 52 41 di
3065 2930 254 43 morgane,

2328 2991 92 41 che
2450 3002 89 42 per
2568 2990 144 42 tanto
2746 2991 52 41 di
2831 2988 136 44 etadi
2999 2990 147 40 ordin
3177 2988 189 42 tenesti

2331 3061 81 42 del
2444 3061 194 42 deserto
2671 3061 97 41 alle
2801 3061 157 54 soglie
2991 3061 165 41 orride
3189 3061 18 39 i
3238 3061 141 41 mille

2332 3132 175 42 disiosi
2539 3133 52 40 di
2622 3132 89 41 tua
2741 3131 222 43 bellezza
2995 3132 180 53 atroce,

2331 3213 128 41 vaga
2492 3202 52 40 di
2573 3202 130 40 lucri
2735 3213 26 29 o
2796 3202 52 40 di
2880 3202 189 52 ripulse
3102 3202 186 53 stanca,

2326 3272 198 40 schiudi
2558 3272 47 40 le
2646 3272 236 42 braccia?
2915 3283 25 29 e
2975 3272 90 40 tua
3100 3274 232 52 maggior
3361 3270 202 56 foresta,

2326 3352 139 30 sacra
2497 3342 47 40 al
2576 3343 83 39 dio
2697 3343 132 39 della
2864 3340 172 55 Eebre,
3075 3353 55 30 or
3164 3353 104 30 non
3305 3343 245 54 echeggia

2328 3411 82 42 del
2441 3410 200 43 sàssone
2671 3413 175 53 tallon,
2880 3410 43 45 sì
2954 3413 92 42 che
3078 3411 238 45 l'intonso

2328 3483 346 52 quadrumane
2706 3483 175 54 fuggir
2913 3483 124 41 deve
3069 3485 37 39 il
3137 3485 197 53 nepote,

2328 3550 228 43 dell'atra
2586 3551 221 43 vincitor
2836 3552 165 42 Iside?
3034 3565 26 28 e
3093 3554 35 40 il
3161 3565 140 31 sacro

1948 3720 138 33 6
