3965 3800
763 1152 271 55 GALE

872 1265 50 52 LE
961 1264 394 60 FANFARE

762 1502 23 24 a
814 1494 142 32 nostra
983 1491 166 37 illustre
1180 1491 155 37 collabo-

807 1542 153 35 ratrice
1000 1541 113 37 M.tne
1152 1542 42 35 la
1239 1542 89 36 Com-

807 1593 112 33 tesse
938 1590 49 37 de
1002 1591 187 38 Noailles
1205 1595 65 32 sta
1285 1603 72 36 per

807 1640 244 41 pubblicare
1079 1653 58 24 un
1159 1654 196 25 romanzo

218 1684 177 38 l'azione
423 1687 66 36 del
517 1687 123 47 quale
659 1689 38 35 si
711 1702 25 20 ce
750 1689 122 48 volge
892 1693 121 44 quasi
1031 1695 113 33 tutta
1162 1693 45 34 in
1226 1692 127 37 Italia

219 1746 21 25 e
270 1735 76 36 che
375 1738 194 35 contiene
596 1738 98 47 pagi
698 1737 27 22 n
729 1749 21 25 e
776 1744 242 33 veramente
1049 1742 295 47 meravigliose

216 1796 52 25 su
296 1785 193 37 Venezia.

426 1860 187 38 Gustave
648 1862 139 49 Kahn,
828 1864 32 35 il
900 1869 185 33 creatore
1126 1865 66 38 del
1223 1878 125 26 verso

216 1909 144 49 libero,
390 1910 54 35 ha
471 1912 209 46 compiuto
720 1925 59 24 un
818 1914 158 47 grande
1002 1927 148 36 poema
1177 1918 167 36 sociale.

215 1961 83 35 Les
328 1959 246 47 carrefours
602 1962 48 36 de
679 1963 41 35 la
746 1965 149 36 misere
899 1993 7 18 ,
927 1965 68 36 nel
1015 1966 122 46 quale
1155 1965 192 38 fremono

218 2020 21 25 e
271 2010 36 35 si
348 2012 169 45 agitano
556 2011 39 36 le
623 2010 99 38 folle
751 2012 108 38 delle
886 2015 150 47 grandi
1063 2017 171 47 capitali
1262 2029 58 24 mo-

216 2058 140 38 derne.

416 2133 37 38 Il
470 2135 196 37 Mercure
681 2137 48 36 de
748 2139 168 36 France
918 2167 8 18 ,
939 2139 21 36 è
974 2139 199 38 divenuto
1188 2140 141 39 bimen
1339 2162 13 7 -

217 2183 89 48 sile,
340 2184 271 47 acquistando
639 2187 341 49 un'importanza
1010 2196 242 31 veramente
1281 2204 44 24 ec-

218 2234 221 37 cezionale.
468 2257 47 3 —
551 2235 138 37 Mercè
727 2237 41 35 la
808 2237 211 39 direzione
1054 2241 241 37 illuminata
1327 2254 21 24 e

216 2285 191 46 sapiente
443 2283 41 36 di
515 2284 149 37 Alfred
701 2286 168 38 Valette
898 2300 20 25 e
946 2289 42 36 la
1014 2290 330 38 collaborazione

216 2333 170 36 assidua
406 2333 41 36 di
466 2334 218 46 Hachilde,
705 2336 136 50 Henry
868 2338 50 36 de
938 2339 242 48 G-ourmont,
1209 2341 137 37 Pierre

218 2382 191 44 Quillard
449 2396 21 24 e
509 2384 135 36 Henri
687 2385 49 37 de
777 2387 194 50 Régnier,
1002 2390 291 46 quest'audace
1329 2403 22 25 e

215 2434 166 46 geniale
396 2434 161 48 rivista,
575 2434 144 51 dirige,
740 2439 142 46 ormai,
902 2442 111 33 tutto
1032 2440 31 36 il
1082 2442 256 35 movimento

214 2482 217 37 letterario
459 2483 42 36 di
529 2485 188 37 Francia.

314 2558 78 48 £*£
420 2558 60 36 La
517 2558 106 38 Casa
658 2560 186 38 Editrice
879 2562 228 39 Nazionale
1146 2565 126 39 Roux
1319 2578 21 25 e

214 2606 211 49 Viarengo
445 2608 55 36 ha
517 2609 242 47 pubblicato
778 2613 43 34 in
840 2615 140 44 questi
998 2615 138 47 giorni
1150 2615 31 35 il
1196 2627 147 35 poema

219 2658 62 35 Un
306 2658 115 48 figlio
449 2659 65 36 dei
543 2661 141 46 tempi,
713 2660 42 37 di
783 2661 95 37 Sem
906 2662 176 38 Benelli.

433 2732 45 37 F.
521 2733 44 36 T.
608 2733 218 39 Marinetti
870 2736 53 37 ha
967 2737 108 37 testò
1116 2741 228 48 compiuta,

216 2783 232 35 attraverso
476 2782 41 36 la
543 2783 188 50 Francia,
758 2797 85 24 una
862 2798 76 24 sua
956 2789 252 46 importante
1230 2793 91 34 tour-

213 2828 55 39 né
292 2831 65 36 edi
385 2831 245 38 conferenze
672 2846 21 24 e
735 2834 298 39 declamazioni
1061 2840 204 45 poetiche.
1297 2862 46 5 —

215 2880 63 36 Fu
317 2881 298 47 specialmente
660 2885 242 47 applaudito
946 2888 67 35 nei
1049 2889 150 36 Jeudis
1235 2888 89 39 litté-

214 2931 138 36 raires
380 2931 66 37 del
474 2931 144 37 Grand
646 2933 179 38 Théàtre
854 2935 56 37 du
936 2935 223 52 Grymnase,
1181 2951 23 23 a
1232 2940 82 35 Mar-

216 2980 135 49 siglia,
372 2981 270 38 declamando
661 2983 124 48 (oltre
814 2997 23 24 a
864 2986 128 36 molte
1016 2990 140 44 poesie
1181 2988 66 36 dei
1267 2988 75 48 più.

217 3031 210 35 ammirati
454 3033 113 46 poeti
593 3031 200 50 francesi)
812 3036 194 46 parecchi
1025 3037 118 36 brani
1171 3038 62 36 de'
1249 3041 92 35 suoi

214 3081 139 45 poemi
368 3091 9 25 :
405 3082 65 35 La
498 3081 198 49 conquète
723 3085 71 35 des
822 3083 140 39 étoiles
999 3098 20 25 e
1054 3088 286 38 Destruction.

316 3129 149 38 Diamo
481 3133 71 45 qui
569 3134 139 34 alcuni
727 3134 159 47 giudizi
914 3135 111 37 della
1042 3141 162 44 stampa
1230 3137 89 38 fran-

216 3189 93 25 cese
327 3190 8 25 :

317 3230 77 45 CLe
416 3232 110 44 petit
552 3232 279 47 Marseillais)
842 3247 13 24 :

318 3292 19 21 u
365 3279 71 37 Un
463 3283 120 34 autre
609 3282 120 46 poète
757 3283 174 37 viendra
967 3287 114 35 aussi
1119 3286 224 37 rehausser

214 3327 132 38 réclat
373 3328 49 37 de
445 3333 109 34 cette
572 3332 314 50 inauguration,
908 3334 52 36 M.
980 3335 44 37 F.
1045 3335 44 36 T.
1110 3335 229 52 Marinetti,

214 3389 60 25 un
301 3379 209 37 excellent
538 3382 158 49 artiste,
716 3382 102 37 dont
845 3383 61 37 les
934 3383 111 38 deux
1072 3385 190 38 volumes
1289 3386 51 38 de

215 3427 138 51 début,
382 3429 42 36 la
453 3430 204 49 Conquète
685 3433 70 36 des
781 3435 157 36 Etoiles
978 3439 42 32 et
1056 3436 282 49 Destruction,

215 3481 74 33 ont
327 3491 54 25 eu
407 3492 59 23 un
494 3480 108 38 beau
628 3482 145 36 succès
801 3482 116 50 d'art,
944 3484 176 37 viendra
1148 3485 87 38 dire
1267 3487 73 37 des

212 3528 170 48 poèmes
409 3530 72 36 des
509 3530 154 49 grands
692 3531 126 50 aìnés,
847 3532 49 37 de
923 3534 138 49 Hugo,
1091 3535 49 37 de
1180 3536 133 38 Baude-

212 3577 117 39 laire.
372 3579 157 49 Depuis
570 3581 110 38 deux
717 3593 85 36 ans,
842 3582 218 39 Marinetti
1096 3596 23 25 a
1153 3584 80 38 fait
1265 3600 76 35 par

211 3632 118 35 toute
355 3629 157 38 l'Italie
539 3631 73 37 des
639 3630 267 39 conférences
933 3645 54 25 ou
1013 3634 31 36 il
1078 3647 24 24 a
1139 3634 80 39 fait
1246 3649 71 24 con-

1475 1070 137 39 naìtre
1659 1081 83 27 aux
1778 1070 122 39 èlites
1945 1070 72 39 des
2062 1070 180 50 grandes
2285 1072 137 50 villes,
2467 1072 144 49 Milan,

1474 1122 145 48 Rome,
1649 1121 200 37 Florence
1877 1126 42 33 et
1945 1122 167 47 Naples,
2141 1123 62 36 les
2229 1123 97 46 plus
2354 1123 137 36 beaux
2518 1123 71 48 poè-

1474 1184 90 24 mes
1591 1171 185 37 francais
1804 1172 49 36 de
1884 1175 118 33 notre
2022 1175 148 46 temps.
2199 1173 38 36 Il
2265 1185 106 24 nous
2399 1175 138 35 arrivo
2558 1185 54 25 au

1474 1221 102 37 bout
1608 1222 121 36 d'une
1766 1223 106 35 serie
1901 1222 49 36 de
1980 1222 155 49 succès,
2164 1223 32 36 il
2223 1235 108 24 nous
2361 1223 184 37 donnera
2571 1223 40 37 le

1473 1272 149 47 plaisir
1649 1271 240 37 d'entendre
1919 1272 73 37 des
2018 1284 96 25 vers
2142 1272 85 37 dits
2264 1285 158 24 comme
2450 1274 61 36 les
2548 1285 42 25 sa-

1473 1324 102 33 vent
1618 1321 89 36 dire
1745 1322 62 36 les
1851 1321 143 49 poètes
2035 1323 140 47 quand
2220 1323 40 36 la
2300 1324 247 36 natureleur
2587 1336 24 23 a

1474 1371 134 37 donné
1637 1383 51 25 en
1716 1383 72 25 sus
1827 1372 62 36 les
1931 1372 138 36 beaux
2106 1373 104 36 dons
2251 1373 49 37 de
2335 1373 273 47 Pinterprète.

1472 1421 160 47 Depuis
1669 1422 110 36 Jean
1816 1422 220 50 Richepin,
2073 1425 136 44 parmi
2244 1423 63 37 les
2334 1423 154 48 poètes,
2517 1436 69 34 per-

1472 1483 130 25 sonne
1622 1472 67 35 n'a
1710 1470 62 37 dit
1793 1473 113 35 aussi
1925 1472 98 37 bien
2041 1472 160 37 lesvers
2220 1485 80 35 que
2321 1474 230 36 Marinetti.
2573 1487 19 21 »

1572 1535 79 45 (Le
1677 1534 183 37 Radicai
1863 1564 8 18 ,
1901 1533 50 37 de
1978 1534 247 48 Marseille):

1574 1598 18 19 u
1625 1583 61 36 La
1726 1587 94 43 part
1860 1583 56 37 du
1942 1584 145 48 poème
2115 1584 118 37 étant
2260 1596 148 26 encore
2438 1585 168 37 assurée

1472 1632 23 37 à
1535 1637 109 32 cette
1671 1632 257 49 magnifìque
1964 1634 148 37 séance
2139 1646 75 35 par
2241 1634 53 37 M.
2331 1636 44 36 F.
2406 1635 45 37 T.
2481 1636 100 36 Mari-

1470 1684 119 45 netti,
1617 1683 122 47 poète
1767 1684 49 35 de
1845 1684 134 47 grand
2006 1685 135 36 talent
2169 1688 42 33 et
2238 1686 71 45 qui
2338 1685 62 36 dit
2427 1685 153 37 admira-

1470 1732 186 37 blement
1694 1733 39 36 le
1774 1745 107 25 vers.
1909 1733 38 35 Il
1989 1746 23 24 a
2044 1735 216 36 murmurè
2288 1747 52 24 en
2377 1737 152 35 maitre
2564 1737 40 36 le

1468 1785 162 35 Balconi
1633 1811 8 18 ,
1670 1782 49 37 de
1752 1783 172 37 Charles
1950 1784 262 50 Baudelaire,
2233 1788 43 33 et
2305 1785 209 47 remporté
2544 1798 60 25 un

1468 1832 209 48 triomphe
1698 1833 102 37 dans
1828 1833 42 36 la
1899 1834 242 38 Conscience
2166 1835 49 36 de
2243 1835 138 49 Hugo,
2406 1835 198 37 vivifiant

1469 1894 106 36 pour
1606 1883 109 36 ainsi
1744 1883 98 48 dire,
1872 1895 45 24 ce
1945 1883 109 38 beau
2092 1884 157 49 poème,
2280 1888 42 39 et
2360 1886 40 35 le
2432 1890 172 43 portant

1470 1931 24 36 à
1526 1944 58 24 un
1612 1944 166 25 enorme
1806 1931 98 38 effet
1940 1933 50 37 de
2025 1938 166 33 terreur
2222 1934 249 48 esthétique,
2508 1939 94 33 tout

1470 1993 51 24 en
1548 1982 39 36 le
1616 1983 224 48 sculptant,
1868 1996 105 35 pour
2001 1985 109 35 ainsi
2146 1984 98 47 dire,
2276 1984 49 37 de
2366 1997 45 24 sa
2439 1985 162 37 chaude

1467 2032 142 47 parole
1637 2044 159 25 sonore.
1825 2032 64 37 On
1913 2045 107 25 nous
2039 2034 63 36 dit
2121 2046 78 36 que
2219 2046 107 25 nous
2345 2036 256 37 entendrons

1469 2092 147 26 encore
1642 2082 55 37 M.
1725 2083 218 36 Marinetti
1971 2096 54 24 au
2044 2084 226 49 Gymnase,
2291 2088 42 33 et
2359 2097 107 25 nous
2493 2098 107 25 nous

1468 2142 53 24 en
1546 2130 159 38 faisons
1733 2132 83 37 lete
1845 2147 34 23 r>.

1568 2195 78 45 (Le
1672 2196 195 45 Radicai,
1897 2194 49 37 de
1975 2194 233 51 Marseille)
2224 2209 9 25 :

1569 2258 19 20 tt
1617 2245 53 35 M.
1700 2243 43 38 F.
1775 2245 43 37 T.
1856 2246 231 49 Marinetti,
2127 2247 90 36 l'un
2253 2246 72 38 des
2359 2247 145 49 poètes
2536 2249 63 37 les

1465 2292 96 47 plus
1601 2293 127 38 doués
1759 2294 50 36 de
1848 2295 41 35 la
1925 2295 130 47 jeune
2094 2295 123 51 école,
2260 2297 101 36 dont
2401 2310 55 24 on
2484 2301 115 34 avait

1467 2342 94 49 déjà
1588 2344 196 48 applaudi
1811 2344 39 36 le
1879 2346 134 47 grand
2041 2349 64 33 art
2133 2347 263 37 d'évocateur
2426 2348 50 36 de
2504 2349 69 47 poè-

1465 2405 99 36 mes,
1606 2406 23 23 a
1665 2394 208 48 triomphe
1914 2396 103 35 dans
2056 2396 62 36 les
2156 2398 127 36 Deux
2317 2396 188 50 Evèques
2509 2427 7 18 ,
2546 2399 50 37 de

1467 2442 165 37 Catulle
1651 2445 183 36 Mendès.
1856 2445 37 35 Il
1920 2457 23 24 a
1963 2445 63 36 dit
2044 2446 351 38 admirablement
2413 2460 58 24 un
2488 2447 88 50 frag-

1464 2496 118 32 ment
1616 2493 49 37 de
1702 2506 75 24 son
1806 2494 165 38 dernier
2002 2497 146 46 poème
2192 2498 274 37 Destruction
2470 2526 7 8 .
2524 2499 47 36 Vi-

1464 2546 170 33 vement.
1660 2544 167 48 rappelé
1867 2556 75 35 par
1966 2545 40 37 le
2034 2546 144 47 public
2206 2547 300 49 enthousiaste,
2536 2550 56 36 M.

1463 2592 216 37 Marinetti
1710 2606 23 24 a
1759 2594 63 37 dit
1848 2595 99 36 hors
1982 2608 265 35 programmo
2283 2599 66 35 Au
2377 2600 108 45 jour
2510 2598 64 47 fer-

1461 2645 130 43 mante
1633 2643 284 38 éblouissante
1954 2647 250 47 symphonie
2239 2648 166 48 lyrique
2446 2660 73 25 sur
2554 2650 41 36 la

1461 2693 69 35 vie
1559 2693 71 36 des
1659 2695 154 46 grands
1830 2697 128 44 ports.
1979 2695 111 37 C'est
2107 2696 42 37 là
2175 2710 99 23 sans
2302 2698 208 37 contredit
2535 2713 60 24 un

1460 2753 80 36 pur
1568 2742 306 38 chef-d'oeuvre
1902 2745 57 36 du
1984 2758 96 24 vers
2106 2746 107 38 libre
2240 2747 196 49 fran9ais.
2464 2749 38 37 Il
2530 2754 65 32 est

1460 2793 154 36 inutile
1654 2793 208 48 d'ajouter
1902 2807 79 35 que
2022 2808 44 24 ce
2107 2798 144 45 poème
2287 2798 67 37 fut
2396 2800 196 47 applaudi

1461 2841 354 39 d'enthousiasme
1846 2858 31 22 ».

1513 2983 216 56 Prima
1769 2987 323 54 inchiesta
2134 2989 67 54 di
2242 2989 297 58 POESIA

1557 3116 158 37 Poesia
1741 3117 161 48 rivolge
1932 3119 39 36 al
1997 3119 197 47 pubblico
2227 3121 68 37 dei
2324 3125 94 35 suoi
2445 3124 146 38 lettori

1455 3177 41 36 le
1522 3181 195 43 seguenti
1745 3178 204 38 domande
1964 3192 9 25 :

1555 3254 34 34 J.
1619 3252 149 44 Qual'è
1796 3256 30 34 il
1852 3257 140 35 vostro
2025 3258 186 46 giudizio
2246 3261 70 35 sul
2346 3262 123 37 modo
2512 3275 78 26 con

1455 3315 69 35 cui
1568 3315 31 35 il
1636 3318 194 36 ministro
1874 3318 184 38 Orlando
2100 3322 54 34 ha
2186 3323 175 37 creduto
2406 3336 180 27 onorare

1458 3374 153 39 Giosuè
1641 3377 205 39 Carducci
1856 3379 20 37 f

1554 3452 57 36 IL
1639 3454 54 36 In
1719 3457 122 45 quale
1868 3457 121 37 modo
2017 3459 192 47 migliore
2238 3461 43 36 vi
2310 3473 110 35 pare
2457 3464 71 36 che
2556 3466 33 35 il

1448 3513 156 45 popolo
1623 3514 176 40 italiano
1811 3528 132 36 possa
1963 3520 255 38 dimostrare
2246 3525 44 34 al
2319 3536 77 25 suo
2423 3527 163 45 grande

1447 3576 129 45 poeta
1614 3579 217 37 nazionale
1867 3581 42 35 la
1942 3580 170 47 fervida
2150 3586 303 38 ammirazione
2495 3599 19 25 e
2555 3590 32 35 il

1454 3637 176 46 rispetto
1657 3642 71 36 che
1755 3644 55 35 ha
1830 3653 83 36 per
1938 3645 90 37 lui?

2833 1072 159 38 Poesia
3027 1071 278 50 pubblicherà
3340 1073 40 36 le
3417 1072 188 49 migliori
3641 1074 182 47 risposte
3850 1083 23 26 e

2728 1136 186 37 sosterrà
2941 1148 79 24 con
3047 1138 115 34 tutto
3189 1135 33 36 il
3259 1147 76 25 suo
3372 1136 210 47 appoggio
3608 1135 40 36 le
3676 1139 196 45 proposte

2728 1197 76 39 che
2831 1198 40 36 le
2899 1209 209 36 parranno
3137 1198 157 48 meglio
3323 1198 219 49 adeguate.

2787 1328 219 55 Primo
3050 1345 304 38 concorso
3398 1331 68 52 di
3511 1330 297 55 POESIA

2723 1450 161 37 Poesia
2911 1449 198 37 bandisce
3137 1462 59 24 un
3225 1448 209 38 Concorso
3464 1450 181 36 annuale
3680 1451 185 49 italiano,

2723 1498 66 37 fra
2817 1500 13 34 i
2859 1501 93 34 suoi
2982 1500 80 36 soli
3095 1500 212 48 abbonati,
3339 1513 74 35 per
3449 1500 42 36 la
3518 1501 170 47 miglior
3720 1502 145 47 poesia

2723 1551 150 35 scritta
2914 1551 45 34 in
2994 1550 150 47 lingua
3178 1550 180 37 italiana
3368 1550 3 49 :
3399 1550 40 36 di
3478 1552 240 47 qualunque
3748 1563 95 36 argo-

2723 1603 154 45 mento,
2907 1612 153 35 genere
3090 1613 21 23 e
3139 1605 149 32 metro.

2824 1650 38 35 Il
2888 1653 125 44 poeta
3039 1650 208 47 prescelto
3275 1651 191 37 riceverà
3493 1651 46 35 in
3565 1653 161 46 premio

3124 1732 146 53 Lire
3312 1732 128 53 500
3459 1750 10 47 ;

2718 1824 52 38 ed
2796 1837 86 25 una
2901 1829 122 44 targa
3042 1828 339 47 appositamente
3401 1829 135 34 incisa
3564 1839 21 25 e
3613 1827 180 49 scolpita
3819 1829 45 35 in

2717 1879 189 44 argento.

2818 1939 159 36 Poesia
3018 1938 101 37 darà
3153 1942 115 34 tutto
3296 1940 32 35 il
3356 1951 76 25 suo
3465 1942 211 46 appoggio
3706 1940 40 37 al
3775 1942 67 35 vin-

2717 1989 131 35 citore
2863 2001 8 24 :
2900 1989 278 46 pubblicherà
3205 1989 32 35 il
3265 2001 77 25 suo
3369 1992 182 45 ritratto,
3581 1992 42 34 la
3664 2003 78 24 sua
3777 1991 67 36 bio-

2716 2036 132 49 grafìa
2885 2051 33 36 e,
2961 2039 39 35 al
3040 2043 122 43 posto
3204 2039 166 37 d'onore
3400 2042 45 34 in
3471 2042 139 46 prima
3648 2043 169 46 pagina,
3846 2043 14 33 i

2715 2089 113 36 versi
2855 2090 210 45 premiati.

2817 2138 20 35 I
2857 2140 268 35 manoscritti
3152 2139 163 37 devono
3337 2152 138 25 essere
3499 2141 153 36 inviati
3676 2140 85 37 alla
3789 2141 48 37 Di-

2714 2189 166 35 rezione
2900 2190 70 35 via
2989 2189 165 49 Senato,
3183 2192 37 46 2,
3248 2191 165 36 Milano
3417 2221 8 17 ,
3453 2203 86 24 non
3559 2190 74 48 più.
3661 2191 111 35 tardi
3793 2191 66 38 del

2713 2237 50 36 80
2792 2238 131 48 aprile
2953 2239 110 37 1905.

2816 2288 110 47 Ogni
2970 2290 276 36 manoscritto
3278 2290 105 36 deve
3420 2302 153 35 recare,
3622 2303 116 23 come
3784 2302 76 36 per

2712 2336 131 50 firma,
2872 2351 59 23 un
2958 2343 133 32 motto
3118 2340 76 35 che
3220 2340 96 35 sarà
3343 2342 187 46 ripetuto
3551 2353 51 24 su
3621 2353 85 24 una
3735 2341 126 36 busta

2711 2399 86 25 non
2835 2390 269 45 trasparente
3145 2401 18 25 e
3204 2391 77 35 ben
3319 2393 252 45 suggellata,
3602 2396 255 32 contenente

2711 2438 32 35 il
2782 2439 223 36 nome-del
3040 2443 126 43 poeta
3201 2451 21 23 e
3263 2439 42 36 la
3345 2445 193 32 ricevuta
3577 2441 68 36 del
3687 2443 171 46 proprio

2712 2486 318 39 abbonamento.

2768 2537 3 50 ■
2811 2537 21 35 I
2873 2540 113 37 versi
3031 2551 179 24 saranno
3255 2540 207 47 giudicati
3491 2541 65 36 dai
3589 2540 193 38 direttori
3812 2541 43 36 di

2711 2586 152 38 Poesia
2878 2599 9 25 :

2822 2664 66 45 SEM
2905 2664 151 53 BENELLT,
3077 2666 31 44 F.
3128 2666 33 45 T.
3180 2666 207 53 MARINETTI,
3408 2668 187 46 VITALIANO
3615 2669 117 44 PJNTI.

2811 2737 82 37 Per
2919 2739 225 37 abbonarsi
3173 2751 23 25 a
3224 2741 160 37 Poesia
3415 2742 121 36 basta
3566 2744 166 35 inviare
3763 2752 87 26 una

2708 2788 206 38 cartolina
2954 2789 144 48 vaglia
3138 2789 42 37 di
3220 2791 89 37 lire
3356 2793 115 36 dieci
3516 2792 85 36 alla
3648 2793 174 35 Ammini-

2708 2840 221 47 strazione,
2958 2841 71 35 via
3057 2840 165 49 Senato,
3250 2842 35 48 2,
3316 2864 45 4 —
3389 2842 171 36 Milano.

2809 3029 361 40 Prossimamente
3198 3033 159 37 Poesia
3384 3033 177 36 bandirà
3593 3046 57 24 un
3688 3033 160 48 grande

2707 3091 198 26 concorso
2932 3083 347 37 internazionale.

2806 3279 21 36 I
2854 3280 195 38 direttori
3068 3282 43 36 di
3132 3284 158 37 Poesia
3316 3286 198 36 ricevono
3542 3285 60 48 gli
3630 3285 123 35 amici
3782 3295 21 25 e
3830 3284 15 34 i

2703 3341 213 42 visitatori
2944 3345 33 36 il
3005 3344 180 38 Griovedì
3213 3358 21 24 e
3262 3346 43 36 la
3326 3348 232 36 Domenica
3577 3347 110 37 dalle
3708 3358 69 25 ore
3798 3346 50 36 10

2704 3404 83 38 alle
2817 3406 59 37 12.

2803 3468 432 41 L'Amministratore
3276 3471 111 38 dalle
3433 3475 46 35 11
3526 3474 80 36 alle
3645 3473 56 47 12,
3740 3472 100 47 ogni

2702 3530 164 47 giorno.

2802 3593 70 37 G-li
2898 3594 120 39 uffici
3047 3596 42 37 di
3129 3597 225 39 Direzione
3382 3612 22 24 e
3436 3598 406 38 Amministrazione

2700 3664 103 28 sono
2829 3657 45 36 in
2904 3659 70 37 via
3001 3659 165 49 Senato,
3194 3661 24 36 2
3246 3687 47 6 —
3323 3663 169 37 Milano.
