3965 3800
3281 46 372 48 POESIA

608 206 424 94 L'AUBE
1101 209 693 103 JAPONAISE

1429 475 34 37 A
1494 474 221 42 Giovanni
1744 479 196 41 Pascoli.

420 625 208 46 L'Aube
660 625 282 43 artifìcielle
974 637 100 30 aux
1102 637 137 42 yeux
1271 628 61 40 de
1362 629 299 56 porcelaine,

418 695 185 44 l'Aube
636 706 99 31 aux
768 698 146 53 joues
946 692 194 45 fardées
1173 696 60 41 de
1265 708 217 42 pourpre
1514 699 50 40 et
1596 700 60 42 de
1686 704 179 53 yemis,

421 766 239 56 épanouit
691 779 90 29 son
815 767 130 41 beau
976 766 193 41 sourire
1201 778 99 29 aux
1329 767 277 55 pierreries,

420 839 51 43 et
500 837 217 45 l'Ombre
750 836 231 56 disparut
1013 849 85 30 sur
1130 849 75 30 ses
1239 837 221 43 chariots
1492 837 217 46 d'ébène.

421 959 196 45 L'Aube
652 960 139 42 avait
824 972 98 29 une
952 958 122 43 robe
1105 960 179 42 fleurie
1317 962 61 40 de
1409 960 282 55 Japonaise,

416 1030 66 45 où
523 1030 113 43 sont
666 1028 181 44 brodés
877 1030 71 41 les
981 1029 223 53 dragons
1235 1032 139 39 noirs
1406 1032 50 40 et
1487 1032 71 40 les
1590 1032 167 55 foréts,

423 1114 97 31 une
551 1100 119 43 robe
702 1098 202 57 poivrée
934 1100 144 41 toute
1108 1100 229 42 alourdie
1369 1100 252 57 d'aromes,

423 1173 50 43 et
504 1184 74 30 ses
609 1173 90 40 oils
731 1167 219 47 dessinés
981 1183 92 40 par
1103 1171 85 42 des
1220 1173 249 52 pinceaux
1498 1174 150 42 fluets

421 1244 266 42 mettaient
717 1255 64 29 au
812 1241 139 42 front
983 1242 70 41 du
1084 1242 96 41 oiel
1213 1241 309 45 d'aeriennes
1555 1245 242 43 cimaises.

418 1366 95 43 Des
543 1364 196 43 nimbes
771 1364 59 41 de
863 1363 134 43 satin
1028 1376 101 30 aux
1159 1363 259 56 filigranes
1449 1366 174 41 bleues

420 1435 384 44 chatouillaient
834 1435 47 41 le
912 1435 174 54 visage
1119 1435 241 42 immense
1394 1437 85 40 des
1510 1435 180 44 Idoles.

421 1556 98 43 Des
551 1556 208 42 sentiers
791 1554 189 55 puérils
1012 1556 344 42 arabessaient
1387 1557 71 42 les
1489 1557 178 54 monts,

420 1626 207 56 là-haut,
661 1626 65 43 où
757 1628 72 41 les
861 1640 190 42 nuages
1084 1640 99 30 aux
1214 1626 162 44 lèvres
1407 1628 350 55 polychromes

421 1697 290 44 mordillent
740 1698 47 41 le
820 1698 142 42 soleil
994 1708 192 32 comme
1218 1711 99 29 une
1347 1697 131 43 nèfle
1511 1698 189 42 acerbe.

425 1822 93 41 Les
547 1822 220 53 pagodes
797 1820 240 55 superbes
1068 1822 332 53 paraissaient
1432 1823 309 51 suspendues

421 1904 97 29 aux
550 1891 175 42 claires
757 1891 303 55 majoliques
1093 1890 120 43 d'un
1243 1891 211 54 plafond
1486 1889 158 54 irréel,

426 1974 188 30 comme
645 1974 68 29 un
746 1961 206 43 Chinois
983 1962 170 54 pendu
1185 1974 92 42 par
1307 1962 47 41 le
1385 1961 129 42 bout
1547 1962 85 41 des
1666 1962 237 42 cheveux.

424 2032 91 42 Sur
545 2034 72 40 les
647 2032 121 42 toits
800 2030 275 44 retroussés
1106 2034 51 40 et
1187 2031 182 45 brodés
1402 2045 62 29 en
1494 2032 301 55 babouches,

419 2102 72 42 les
522 2102 100 43 ibis
654 2103 59 41 de
744 2102 110 42 bois
886 2114 108 31 rose
1026 2101 123 57 fìgés
1181 2115 86 30 sur
1299 2116 98 28 une
1427 2102 153 55 patte,

423 2173 254 54 portaient
708 2175 83 40 des
823 2186 124 30 nues
980 2186 65 30 au
1075 2173 93 43 beo
1200 2176 131 40 ainsi
1364 2186 96 42 que
1493 2175 88 40 des
1616 2173 238 43 consoles.

418 2294 95 43 Des
543 2295 304 43 tourbillons
880 2296 61 42 de
973 2296 238 42 mouches
1251 2309 63 29 au
1347 2296 211 42 corselet
1590 2295 242 55 d'agathe,

416 2366 87 41 des
532 2366 193 42 nimbes
758 2368 60 40 de
851 2366 133 44 satin
1016 2379 99 31 aux
1145 2368 258 54 filigranes
1434 2368 186 53 bleues,

419 2435 385 43 chatouillaient
834 2437 48 42 le
912 2439 172 52 visage
1116 2439 243 40 immense
1393 2439 85 40 des
1510 2436 179 43 Idoles.

418 2557 91 42 Les
541 2570 158 43 gongs
735 2559 173 42 lourds
941 2558 329 45 resonnèrent
1301 2571 192 30 comme
1530 2571 99 29 une
1662 2558 169 42 cloche
1862 2570 60 29 en
1953 2557 85 43 feu

418 2629 86 52 qui
534 2629 169 42 tombe
735 2642 86 29 sur
852 2630 72 41 les
956 2632 157 40 dalles
1148 2629 148 43 d'une
1328 2630 188 41 citerne
1548 2630 129 41 vide.

415 2697 91 43 Les
537 2711 160 43 gongs
727 2700 173 42 lourds
932 2699 328 45 resonnèrent
1281 2713 64 29 au
1367 2700 124 42 fond
1524 2702 85 39 des
1642 2711 142 29 cours
1806 2698 229 42 humides

415 2780 119 31 avec
564 2782 66 30 un
664 2770 342 43 bruissement
1036 2770 206 43 d'astres
1273 2771 355 53 multicolores,

416 2839 51 42 et
498 2840 85 42 des
613 2840 208 43 frissons
853 2853 203 30 sonores
1088 2839 226 44 d'étoiles
1346 2836 319 56 submergées

414 2910 51 42 et
492 2911 47 42 le
570 2912 378 42 hennissement
981 2914 87 40 des
1098 2912 343 53 Yppocampes
1473 2911 157 41 bleus.

414 3032 129 44 L'air
574 3034 138 44 avait
741 3036 51 42 la
824 3036 207 42 couleur
1063 3036 68 40 du
1163 3033 170 43 safran
1365 3034 51 41 et
1447 3034 84 41 des
1563 3032 177 53 perles.

418 3155 68 43 La
517 3170 275 43 campagne
825 3159 217 53 rampait
1074 3159 123 40 dans
1229 3158 50 40 la
1309 3156 206 52 torpeur
1547 3155 58 41 de
1637 3152 178 54 l'aube,

415 3238 122 33 avec
567 3229 47 40 le
646 3230 293 42 crissement
971 3231 87 40 des
1083 3229 220 53 jonques
1336 3239 84 29 sur
1450 3227 50 40 la
1530 3225 159 53 plage,

415 3296 50 43 et
495 3299 72 41 les
598 3297 201 45 hàleurs
825 3301 172 53 jaunis
1030 3310 114 30 sous
1176 3299 45 40 le
1254 3297 201 54 serpent
1487 3296 61 41 de
1581 3293 225 44 càbles....

412 3366 72 43 La
514 3381 274 43 campagne
820 3370 219 54 rampait
1068 3381 113 32 vers
1213 3370 72 40 les
1317 3366 166 43 monts
1519 3362 311 44 d'émeraude

414 3448 118 33 avec
562 3439 46 41 le
640 3439 141 42 bruit
811 3442 61 42 de
904 3439 102 45 tòle
1039 3439 49 42 et
1120 3441 60 40 de
1210 3438 260 43 marteaux
1502 3433 141 45 dorés

414 3519 96 44 que
542 3511 112 43 font
684 3513 73 41 les
787 3514 142 52 pieds
962 3508 162 46 carrés
1157 3512 85 42 des
1275 3504 247 49 mousmés
1557 3519 85 30 sur
1671 3507 46 40 le
1748 3504 195 43 sable....

2182 221 156 43 Vétue
2372 224 58 40 de
2462 235 181 42 rayons
2672 225 147 42 neufs
2849 226 50 41 et
2926 225 147 43 d'une
3103 224 202 43 senteur
3337 224 204 53 chaude,

2177 292 48 42 la
2264 302 270 45 campagne
2568 291 169 44 étirait
2765 295 73 40 les
3009 296 60 41 de
3099 306 75 31 ses
3203 291 233 56 rivières;

2185 363 93 41 elle
2311 362 254 55 enfon<jait
2595 375 62 29 au
2688 363 120 42 fond
2841 366 84 41 des
2953 366 100 41 lacs
3085 376 62 29 au
3177 363 122 42 fond
3330 365 87 40 des
3447 375 142 40 mers,

2178 432 70 42 les
2280 433 165 52 doigts
2478 435 59 39 de
2568 445 77 30 ses
2675 435 257 40 ruisseaux
2957 435 112 40 tout
3098 431 188 56 bagués
3319 433 60 41 de
3409 431 208 56 yipères,

2185 513 189 31 corame
2405 515 60 29 en
2499 504 83 40 des
2614 503 320 42 coffres-forts
2963 501 177 57 gorgés
3169 504 60 41 de
3258 503 274 52 pierreries.

2184 620 118 43 Puis
2333 622 94 41 elle
2459 622 211 42 trottina
2699 635 111 31 vers
2838 624 48 40 la
2914 624 159 53 grand
3100 622 277 54 baldaquin

2180 689 151 55 juché
2363 704 83 29 sur
2477 694 84 40 des
2594 694 204 40 collines
2829 694 59 40 de
2918 692 125 42 fines
3073 694 250 50 sucreries,

2185 760 63 43 où
2278 762 45 40 le
2358 762 148 41 Soleil
2538 763 121 40 assis
2690 774 188 30 comme
2906 775 70 29 un
3005 763 151 41 vieux
3186 762 261 41 mandarin

2181 832 196 41 veillait
2407 843 98 30 aux
2534 833 281 52 pamoisons
2841 832 369 42 monstrueuses
3243 832 86 41 des
3358 832 165 41 fleurs.

2185 950 94 43 Des
2309 951 195 42 nimbes
2535 954 60 41 de
2626 954 196 42 velours
2852 950 254 57 filigranés
3134 951 104 44 d'or
3267 953 71 42 fin

2182 1021 381 42 chatouillaient
2592 1024 46 40 le
2669 1024 169 53 visage
2867 1024 237 40 immense
3136 1024 60 40 de
3226 1023 179 41 Idoles.

2180 1142 62 42 Et
2270 1144 156 51 parmi
2462 1143 45 41 le
2539 1144 187 41 sourire
2756 1141 204 57 argenté
2990 1144 66 41 du
3087 1143 171 54 matin,

2181 1213 60 41 de
2272 1213 49 41 la
2350 1223 151 42 pansé
2533 1213 208 42 feuillue
2773 1214 84 41 des
2886 1214 216 52 pagodes
3132 1224 216 42 opaques

2184 1294 68 30 un
2284 1280 28 44 à
2344 1294 80 42 un,
2457 1280 351 56 s'égouttaient
2839 1294 84 31 sur
2948 1284 48 41 la
3024 1283 144 41 route
3200 1282 218 54 d'ivoire,

2192 1353 70 40 les
2293 1351 184 42 bonzes
2507 1354 149 53 noirs,
2686 1354 182 52 pareils
2897 1351 28 42 à
2954 1354 86 41 des
3067 1353 200 53 gouttes
3299 1354 59 39 de
3388 1353 161 53 laque.

3052 1463 76 43 F.
3289 1463 67 42 T.
3486 1461 175 44 Marinetti.

2437 1713 503 76 PAYSAGE
2994 1713 471 73 D'OUEST

2183 1913 65 41 Le
2281 1910 131 45 désir
2442 1913 61 41 de
2533 1913 199 52 pleurer
2760 1909 107 43 naìt
2897 1912 60 40 de
2985 1909 203 43 l'ombre
3221 1910 84 41 des
3336 1909 169 42 arbres

2180 1994 91 51 Qui
2301 1994 230 42 meurent
2562 1996 123 39 dans
2714 1992 175 43 l'oubli
2919 1992 115 42 d'un
3063 1993 141 41 soleil
3237 1989 268 56 déclinant,

2181 2079 180 41 Tandis
2394 2077 84 54 qu'
2502 2090 64 29 au
2596 2078 107 52 ciel,
2735 2077 157 52 parlili
2924 2076 71 40 les
3023 2074 197 42 feuilles
3250 2087 50 29 se
3330 2074 245 54 mourant,

2180 2162 64 41 Le
2279 2159 226 55 bouquet
2535 2158 118 43 d'un
2682 2171 163 42 nuage
2877 2171 26 28 a
2934 2158 85 41 des
3047 2156 196 54 pàleurs
3276 2158 59 39 de
3366 2156 209 43 marbré.

2181 2281 161 43 L'àme
2374 2283 155 40 fluide
2561 2279 167 56 éparse
2760 2293 62 28 au
2853 2279 170 42 soufflé
3055 2280 58 39 de
3143 2279 50 40 la
3222 2277 113 41 nuit

2176 2366 70 42 Va
2277 2366 207 41 devenir
2512 2361 223 45 fantóme
2765 2363 50 40 et
2841 2361 139 42 boire
3010 2361 46 41 le
3088 2361 181 40 silence

2177 2449 182 41 Tandis
2390 2459 96 42 que
2515 2458 127 42 pour
2671 2445 124 53 figer
2825 2457 52 29 sa
2905 2444 133 40 lente
3070 2443 312 41 somnolence

2176 2531 67 41 La
2272 2531 120 41 lune
2423 2529 206 53 coagulo
2660 2540 69 30 un
2760 2528 187 40 sourire
2977 2525 206 42 affaibli.

2176 2651 111 40 Mon
2319 2648 120 55 àme,
2470 2660 126 42 pour
2628 2647 212 42 sembler
2868 2647 157 41 morte
3056 2657 188 31 comme
3274 2646 49 39 la
3353 2644 131 54 lune,

2174 2733 153 52 Neige
2360 2744 61 29 en
2451 2742 117 31 mon
2599 2741 158 42 coeur,
2790 2741 148 29 encor
2964 2726 205 43 brùlant
3199 2738 188 30 comme
3418 2738 68 30 un
3518 2726 141 42 soleil
3677 2738 9 42 ;

2173 2817 78 41 Un
2282 2816 136 41 fanal
2450 2811 168 44 oublió
2649 2826 83 29 sur
2761 2813 46 41 le
2836 2813 128 41 mole
2995 2808 227 56 s'óveille,

2177 2900 79 42 Un
2286 2900 234 40 souvenir
2550 2898 60 40 de
2642 2893 76 45 fée
2748 2907 106 30 erre
2886 2907 63 30 au
2978 2893 135 42 sable
3146 2895 85 40 des
3263 2893 216 41 dunes....

2180 3019 71 43 On
2281 3017 238 44 n'entend
2550 3015 80 57 qu'
2652 3029 70 30 un
2751 3017 91 40 flot
2870 3027 117 30 mou
3016 3015 87 52 qui
3133 3012 167 43 s'étale
3333 3014 48 41 et
3411 3025 51 30 se
3493 3013 162 53 plaint

2177 3103 76 42 Au
2284 3114 160 30 ressac
2475 3099 235 43 invisible
2743 3098 63 43 où
2839 3111 87 29 son
2954 3098 121 41 trait
3105 3109 49 28 se
3187 3097 127 40 delie
3331 3109 9 41 ;

2174 3184 139 42 Ainsi
2345 3194 116 31 mon
2491 3182 129 42 beau
2652 3179 131 43 désir
2812 3179 202 43 mourut
3043 3180 121 41 dans
3194 3178 206 52 l'ironie,

2173 3268 62 41 Et
2265 3278 116 31 mon
2412 3278 173 29 amour
2613 3263 125 44 n'est
2769 3263 80 55 qu'
2868 3276 68 29 un
2968 3264 165 41 dessin
3164 3262 178 54 fragile
3375 3262 48 40 et
3453 3263 131 52 vain,

2176 3390 66 41 Le
2273 3389 168 40 dessin
2473 3387 58 41 de
2562 3387 49 41 la
2642 3382 347 58 désespérance
3019 3384 216 42 infinie...

2965 3492 293 45 Camille
3612 3492 45 44 Mauclair.

1986 3670 173 30 9
