2984 4409
624 219 566 87 THÉÂTRES
1254 237 134 69 ET
1454 237 549 71 CONCERTS

2503 264 101 72 79

188 384 70 48 Le
285 383 366 48 Conservatoire
678 384 194 47 observe
899 395 251 52 sagement
1176 383 44 48 la
1247 383 130 48 trêve
1406 385 80 46 des
1512 383 271 50 confiseurs.
1806 384 41 48 Il
1870 384 85 66 n'y
1980 398 83 35 eut
2089 386 125 49 donc
2242 388 148 62 qu'un
2418 405 196 35 concert

73 479 43 32 en
139 455 284 61 Décembre,
454 454 265 64 éclectique
738 466 48 35 et
814 454 296 48 intéressant.
1128 455 187 56 Quatre
1338 473 62 29 ou
1420 456 111 62 cinq
1552 455 202 48 illustres
1773 470 169 34 morts:
1966 456 150 62 Lotti,
2140 457 242 68 Costeley,
2401 461 213 66 Mozart,

73 526 338 62 Mendelssohn,
440 525 282 49 Schumann
750 537 48 36 et
827 544 65 30 un
920 529 178 59 vivant,
1118 527 93 47 très
1231 527 178 61 vivant,
1429 527 79 49 M.
1529 527 116 49 Paul
1668 527 170 49 Dukas
1856 546 112 30 avec
1989 546 84 31 son
2096 530 261 48 éxubérant
2378 534 236 62 Apprenti

73 601 167 53 Sorcier.
271 597 72 48 Le
371 597 248 48 Concerto
648 598 56 47 de
731 597 161 48 violon
920 616 59 29 en
1009 598 64 61 ré,
1104 598 56 47 de
1189 598 215 61 Mozart,
1433 611 82 36 eut
1542 616 66 31 un
1639 598 255 64 interprète
1922 601 142 63 digne
2092 602 57 46 de
2176 601 65 48 lui
2269 621 58 30 en
2359 604 76 49 M.
2460 606 154 50 Henri

74 676 198 51 Marteau
299 672 99 61 qui,
426 670 132 63 après
586 671 56 46 de
670 671 171 63 grands
866 671 163 47 succès
1056 687 58 31 en
1143 671 305 65 Allemagne,
1476 690 46 29 se
1566 673 221 46 souvient
1827 671 118 65 qu'il
1990 672 99 48 doit
2130 691 66 29 un
2224 692 92 45 peu
2342 676 26 47 à
2392 694 85 30 son
2505 696 113 47 pays

71 764 63 34 son
159 744 116 46 beau
301 753 49 35 et
376 758 88 46 pur
492 742 165 48 talent.
701 741 253 64 Quelques
967 743 129 64 jours
1122 742 147 62 après,
1292 742 30 47 il
1345 743 198 47 donnait
1565 743 121 48 Salle
1705 742 216 63 Gaveau,
1938 762 115 29 avec
2074 743 300 51 l'Orchestre
2393 747 222 65 Sechiari,

73 821 29 47 le
125 818 109 46 beau
262 813 245 48 Concerto
534 814 57 47 de
619 813 263 47 Théodore
910 813 205 50 Dubois.
1137 813 39 48 Il
1204 813 84 66 n'y
1313 832 27 29 a
1364 832 94 46 que
1486 816 79 47 des
1592 817 189 46 chœurs
1808 816 62 47 du
1898 816 362 49 Conservatoire
2281 836 118 44 pour
2421 822 197 48 chanter

71 887 273 52 absolument
372 885 107 46 bien
507 884 28 47 à
562 884 230 62 Cappella
817 896 47 35 et
891 902 122 32 nous
1039 885 113 46 faire
1186 902 219 30 savourer
1432 885 64 49 les
1522 888 214 62 exquises
1762 888 169 61 petites
1956 888 163 47 choses
2145 888 57 47 de
2230 888 44 48 la
2300 889 318 52 Renaissance

71 958 221 60 Française
320 974 64 30 ou
409 955 68 49 les
503 974 139 46 pages
666 957 207 47 austères
899 957 58 47 de
985 955 182 50 l'Ecole
1197 957 390 49 Palestrinienne.
1617 958 70 48 Le
1714 976 144 47 songe
1886 959 144 47 d'une
2056 960 108 46 nuit
2191 959 125 48 d'été
2354 979 59 30 ne
2453 964 165 48 vieillit

71 1049 72 47 pas.
182 1028 381 49 Dussions-nous
604 1029 200 61 paraître
849 1029 141 47 vieux
1030 1029 134 65 jeux,
1190 1045 214 32 avouons
1440 1047 93 45 que
1571 1029 351 48 Mendelssohn
1959 1048 26 29 a
2021 1029 115 48 écrit
2175 1032 228 63 quelques
2431 1052 187 33 œuvres

71 1100 266 65 acceptables
375 1112 47 35 et
459 1118 91 46 que
588 1100 188 47 celle-ci
816 1113 68 34 est
916 1101 65 47 du
1007 1103 219 45 nombre.
1255 1101 137 47 Avec
1419 1113 107 37 tout
1551 1101 267 49 l'auditoire
1847 1119 121 31 nous
1994 1101 181 50 l'avons
2200 1105 417 64 vigoureusement

71 1172 234 67 applaudie.
337 1171 131 48 Mais
494 1189 93 46 que
615 1171 315 47 deviendront
957 1189 77 30 ces
1061 1171 292 48 délicatesses
1392 1172 115 47 dans
1532 1171 43 48 la
1602 1174 159 47 future
1787 1174 126 61 salle,
1942 1174 128 47 hélas
2096 1174 15 47 ?

188 1244 76 48 M.
296 1244 229 64 Siegfried
551 1244 221 63 Wagner
799 1254 48 37 et
874 1244 79 48 M.
985 1244 142 47 Vidal
1155 1255 85 36 ont
1267 1244 193 62 suppléé
1498 1244 77 49 M.
1607 1244 277 48 Chevillard
1929 1246 116 47 dans
2088 1246 126 47 deux
2256 1247 54 47 de
2350 1265 76 32 ces
2451 1263 167 49 quatre

73 1316 202 51 matinées
303 1316 64 47 du
394 1317 135 47 mois.
560 1315 72 48 Le
659 1316 205 62 premier
891 1334 26 29 a
944 1334 60 29 eu
1032 1334 67 29 un
1126 1316 162 47 succès
1315 1316 146 62 prévu
1490 1317 56 46 de
1573 1319 254 59 snobisme,
1852 1319 109 45 bien
1988 1317 117 64 qu'il
2134 1317 113 49 n'en
2276 1320 73 47 fût
2376 1339 79 43 pas
2481 1321 25 47 à
2531 1340 84 31 son

73 1390 122 48 début
221 1388 59 47 ici
308 1399 62 49 et,
400 1405 80 44 par
508 1399 182 49 contre,
719 1405 66 29 un
813 1387 182 47 accueil
1024 1387 93 47 très
1137 1387 121 47 froid
1367 1386 147 63 prévu
1541 1390 119 45 aussi
1771 1388 56 46 de
1856 1387 42 48 la
1924 1390 218 62 critique.
2168 1388 136 58 Qu'il
2335 1404 67 34 est
2429 1393 189 49 difficile

73 1463 40 46 de
157 1461 106 47 faire
308 1458 242 64 apprécier
595 1471 307 35 exactement
944 1460 80 46 des
1066 1477 188 29 œuvres
1298 1472 226 50 pourtant
1567 1460 281 60 estimables,
1879 1460 329 49 intéressantes
2247 1463 157 47 même
2434 1477 45 35 et
2509 1467 108 46 bien

73 1532 155 60 écrites,
256 1548 191 31 comme
475 1548 54 30 ce
557 1548 91 45 que
675 1547 122 31 nous
822 1531 301 47 entendîmes
1150 1532 56 46 de
1235 1531 348 63 Sternengebot
1618 1543 49 35 et
1712 1532 64 46 du
1823 1532 92 47 duc
1943 1532 271 65 Wildfang,
2242 1536 157 59 quand
2445 1553 64 30 on
2553 1537 66 48 les

70 1607 107 61 signe
204 1603 116 48 d'un
348 1603 64 47 tel
442 1621 113 29 nom
587 1600 9 50 !
628 1603 209 48 Comme
877 1603 438 62 chef-d'orchestre,
1363 1621 64 29 on
1471 1622 27 28 a
1540 1603 167 48 trouvé
1750 1603 27 48 à
1815 1603 79 48 M.
1940 1603 227 65 Siegfried
2210 1606 220 63 Wagner
2474 1609 56 46 de
2576 1609 43 47 la

71 1675 204 47 mollesse.
306 1673 134 49 C'est
468 1674 213 64 possible,
710 1675 118 46 mais
874 1674 29 47 il
949 1674 65 47 lui
1059 1674 84 47 eût
1188 1673 117 48 fallu
1349 1686 158 35 toutes
1546 1674 65 48 les
1649 1675 284 61 perfections
1962 1693 116 43 pour
2106 1674 145 64 qu'on
2289 1677 65 47 lui
2383 1682 235 45 reconnût

71 1748 202 63 quelques
299 1747 212 63 qualités,
541 1764 51 30 or
634 1747 29 47 il
708 1745 122 49 n'est
870 1764 80 45 pas
995 1748 181 61 parfait.
1220 1747 148 48 Deux
1407 1747 152 63 lignes
1592 1764 94 30 aux
1720 1759 155 36 autres
1913 1748 293 47 nouveautés
2243 1749 64 46 du
2342 1752 134 47 mois.
2519 1752 101 48 Des

73 1820 233 62 fragments
332 1819 374 65 symphoniques
733 1818 79 48 des
850 1818 142 47 frères
1032 1816 330 50 Hillemacher
1404 1819 193 46 extraits
1635 1818 56 47 de
1728 1818 101 47 leur
1867 1819 162 47 drame
2064 1818 184 66 lyrique
2290 1819 216 65 Claudie,
2537 1835 85 36 ont

73 1891 63 63 plu
169 1909 78 45 par
273 1890 103 47 leur
398 1890 183 65 joliesse
610 1890 216 48 délicate.
856 1889 79 48 En
964 1890 234 62 Bohême,
1227 1891 56 46 de
1313 1890 284 61 Balakirew,
1626 1889 209 66 n'ajoute
1863 1893 101 44 rien
1992 1891 26 47 à
2042 1908 47 30 sa
2128 1891 160 64 gloire.
2319 1893 143 48 Voilà
2502 1913 118 44 pour

73 1962 48 47 les
153 1962 302 49 nouveautés.
485 1961 41 47 Il
565 1962 139 46 serait
736 1962 124 64 juste
899 1961 268 62 cependant
1195 1961 80 65 d'y
1303 1961 331 62 comprendre,
1663 1961 180 65 malgré
1868 1961 67 48 les
1961 1962 125 47 deux
2115 1975 110 34 cent
2252 1965 259 62 cinquante
2539 1984 83 30 ans

71 2036 61 61 qui
167 2053 117 29 nous
320 2034 219 63 séparent
577 2034 63 47 du
681 2034 116 48 Père
825 2034 57 47 de
908 2034 45 47 la
979 2035 219 62 musique
1226 2034 305 61 Allemande,
1561 2034 65 47 les
1651 2034 126 47 deux
1806 2034 228 48 Cantates
2060 2035 57 46 de
2145 2034 182 48 Schûtz
2352 2039 80 59 qui
2462 2039 160 47 furent

74 2106 182 47 données
281 2105 43 48 le
353 2105 59 48 18
442 2105 270 61 décembre,
741 2121 77 32 car
845 2105 57 47 de
929 2117 77 35 cet
1032 2105 259 47 admirable
1319 2106 232 46 musicien
1589 2106 34 46 si
1653 2106 209 61 puissant
1889 2116 48 34 et
1956 2106 34 46 si
2015 2106 229 61 expressif
2257 2124 121 30 nous
2398 2108 224 64 ignorons

73 2195 169 46 presque
281 2190 121 35 tout.
433 2177 61 48 M
499 2181 51 19 mc
578 2177 207 65 Raunay
825 2177 63 47 les
926 2178 175 46 chanta
1138 2195 115 30 avec
1292 2177 132 64 goût.
1454 2176 89 49 On
1584 2194 58 29 ne
1682 2177 66 47 lui
1787 2178 282 61 reprochera
2103 2195 79 44 pas
2208 2177 148 48 d'être
2384 2180 238 49 exclusive

75 2248 243 64 d'opinions
344 2267 77 29 car
442 2248 89 48 elle
551 2249 126 46 avait
696 2248 176 47 chanté
897 2248 229 64 quelques
1141 2249 131 64 jours
1297 2260 290 52 auparavant
1612 2247 44 47 la
1684 2247 118 48 Fille
1832 2248 56 47 de
1914 2247 192 63 Jephté,
2135 2248 57 47 de
2222 2248 256 65 Carissimi,
2509 2252 114 47 dans

74 2338 74 31 une
179 2322 146 47 soirée
357 2322 27 47 à
418 2321 203 63 laquelle
659 2321 362 47 contribuèrent
1059 2321 65 47 les
1164 2321 208 48 Chœurs
1413 2321 55 47 de
1512 2319 43 49 la
1581 2319 205 49 Cœcilia
1811 2333 49 33 et
1886 2319 297 50 l'Orchestre
2211 2321 324 64 Lamoureux,
2558 2337 62 48 et,

73 2393 199 63 quelques
306 2395 131 64 jours
474 2393 147 62 après,
652 2392 43 48 la
733 2392 133 48 Belle
905 2392 205 62 Hélène,
1140 2390 346 63 d'Offenbach,
1514 2409 61 30 au
1618 2390 143 64 profit
1802 2392 56 47 de
1898 2392 200 47 l'œuvre
2134 2393 79 47 des
2239 2394 191 47 Trente
2456 2412 83 30 ans
2566 2397 57 45 de

73 2462 204 52 Théâtre.

131 2536 205 49 Comme
362 2548 158 35 autres
545 2535 194 62 solistes,
770 2553 119 30 nous
908 2553 164 30 eûmes
1093 2535 78 48 M.
1192 2536 111 47 Van
1324 2534 163 66 Dyck,
1508 2535 115 47 dans
1639 2535 235 64 Wagner,
1898 2535 108 47 bien
2029 2535 227 62 entendu,
2280 2549 46 34 et
2349 2535 76 50 M.
2443 2538 180 48 Harold

80 2604 150 65 Bauer,
259 2608 149 64 grand
435 2609 161 46 artiste
623 2620 47 33 et
696 2608 148 63 grand
873 2608 216 62 pianiste,
1118 2608 115 45 dans
1259 2606 65 47 les
1352 2606 271 49 Variations
1650 2605 384 65 Symphoniques
2059 2606 56 47 de
2143 2606 204 50 Franck.

198 2679 96 49 Les
322 2696 325 47 programmes
666 2680 63 46 du
751 2679 227 48 Chatelet
996 2691 108 36 sont
1122 2680 214 63 toujours
1364 2679 93 47 très
1484 2677 190 49 touflus.
1705 2677 39 49 Il
1772 2695 29 47 y
1830 2677 144 65 règne
2002 2695 65 31 un
2096 2696 91 45 peu
2215 2680 62 47 du
2305 2679 218 48 désordre
2549 2684 79 59 qui

78 2765 35 31 se
139 2765 167 34 mettra
336 2751 185 48 bientôt
550 2752 117 46 dans
694 2750 302 51 l'Orchestre
1015 2752 36 46 si
1080 2750 79 48 M.
1190 2750 172 48 Pierné
1390 2768 59 29 ne
1477 2752 121 45 tient
1639 2768 80 45 pas
1759 2749 144 48 d'une
1948 2752 130 45 main
2124 2751 148 47 ferme
2314 2750 65 48 les
2404 2751 135 48 rênes
2566 2754 63 47 du

82 2835 374 48 gouvernement.
488 2822 262 48 Toutefois
776 2821 313 65 n'exagérons
1114 2823 119 60 rien,
1273 2822 42 46 le
1358 2823 121 46 mois
1523 2822 71 47 fut
1636 2821 279 47 intéressant
1960 2822 220 62 puisqu'il
2222 2840 119 30 nous
2382 2823 130 47 valut
2553 2825 79 48 des

84 2909 168 34 oeuvres
292 2911 192 32 comme
526 2895 43 47 le
616 2893 287 63 Ménétrier,
950 2895 57 47 de
1051 2893 78 50 M.
1160 2892 235 51 d'Ollone
1438 2905 49 35 et
1526 2905 188 37 surtout
1739 2892 43 47 le
1810 2895 203 61 premier
2039 2906 104 34 acte
2171 2895 56 45 de
2256 2892 289 66 Guercœur,
2575 2897 55 46 de

84 2961 61 50 M.
172 2966 195 48 Albéric
395 2966 259 64 Magnard.
684 2964 72 50 Le
784 2964 270 49 Ménétrier
1081 2977 69 36 est
1175 2982 67 29 un
1272 2964 168 63 poème
1466 2966 352 63 symphonique
1844 2981 120 46 pour
1989 2963 180 50 Violon
2196 2966 229 62 principal
2446 2978 47 35 et
2514 2984 118 44 pour

78 3033 236 53 Orchestre
342 3061 11 37 ;
384 3038 42 47 le
452 3039 122 64 sujet
601 3056 60 29 en
689 3050 68 35 est
784 3039 237 46 vraiment
1048 3037 198 48 musical
1273 3050 47 34 et
1345 3056 28 29 a
1399 3037 75 48 été
1510 3036 364 48 musicalement
1912 3036 138 48 traité
2089 3053 115 31 avec
2242 3055 96 29 une
2376 3038 166 61 pureté
2581 3051 46 34 et

77 3122 73 33 une
177 3111 274 46 distinction
479 3109 384 61 incontestables,
893 3109 114 47 dans
1035 3126 93 30 une
1156 3109 149 46 teinte
1331 3127 66 28 un
1427 3127 91 43 peu
1545 3121 104 49 trop
1688 3108 240 47 uniforme
1969 3108 57 47 de
2065 3108 298 48 mélancolie.
2394 3108 73 48 Ce
2505 3109 120 47 n'est

77 3194 60 44 pas
162 3183 177 61 parfait,
367 3182 115 47 c'est
508 3182 93 47 très
647 3183 124 46 bien.
802 3180 78 49 M.
910 3179 189 50 Enesco
1145 3182 94 45 tint
1282 3197 61 30 en
1378 3180 149 64 grand
1567 3180 161 47 artiste
1772 3191 47 35 et
1860 3197 61 29 en
1965 3179 149 64 grand
2149 3179 248 48 violoniste
2435 3198 189 29 comme

77 3251 201 64 toujours,
308 3253 43 47 le
378 3251 99 49 rôle
505 3253 64 47 du
596 3251 160 49 violon
779 3250 247 64 principal.
1057 3251 47 46 A
1131 3269 55 29 ce
1226 3250 157 48 même
1424 3263 197 34 concert
1659 3250 30 47 il
1729 3250 72 47 fut
1839 3251 155 46 moins
2029 3251 213 46 heureux
2269 3268 114 29 avec
2423 3268 47 30 sa
2496 3268 96 48 sym-

78 3321 152 59 phonie
268 3337 309 35 concertante
729 3321 168 68 j'allais
939 3323 145 47 écrire
1131 3321 369 49 déconcertante
1644 3339 118 46 pour
1802 3320 281 48 violoncelle
2109 3334 47 33 et
2182 3323 253 59 orchestre,
2463 3339 161 31 œuvre

78 3391 286 52 incohérente
390 3408 48 35 et
464 3395 321 48 sincèrement
812 3411 292 49 ennuyeuse,
1132 3413 95 44 que
1255 3394 79 49 M.
1364 3394 193 48 Salmon
1588 3411 58 28 ne
1675 3405 84 50 put
1785 3410 180 43 sauver,
1994 3392 179 64 malgré
2200 3405 104 36 tout
2337 3410 84 31 son
2462 3394 162 48 talent.

137 3464 64 49 Le
235 3467 76 61 18,
339 3467 132 63 après
498 3485 94 29 une
623 3467 199 64 Hymne
850 3484 118 44 pour
996 3467 109 46 voix
1133 3466 282 61 d'hommes,
1465 3466 57 47 de
1569 3464 145 49 César
1759 3465 203 60 Franck,
2012 3465 175 46 inédite
2229 3481 60 30 en
2332 3464 198 62 France,
2571 3466 56 46 de

88 3533 103 50 belle
238 3551 160 50 tenue,
427 3540 118 45 mais
588 3555 93 46 peu
725 3549 280 50 marquante
1049 3554 61 30 en
1155 3554 200 43 somme,
1385 3554 120 29 nous
1547 3552 164 31 eûmes
1761 3535 43 47 le
1848 3537 201 61 premier
2092 3546 103 36 acte
2241 3535 57 48 de
2342 3533 290 51 Guercœur.

89 3602 181 56 Louons
296 3610 193 47 d'abord
518 3610 309 58 l'exécution,
855 3620 189 35 surtout
1071 3608 43 47 la
1140 3610 146 61 partie
1313 3607 177 61 vocale,
1513 3620 47 34 et
1585 3624 173 48 soyons
1783 3607 122 46 brefs
1938 3624 77 30 sur
2042 3606 199 47 l'œuvre
2269 3607 116 46 dont
2423 3607 45 48 S.
2492 3606 38 48 I.
2554 3606 78 49 M.

87 3678 161 59 parlera
273 3699 107 30 sans
407 3682 144 47 doute
579 3699 113 30 avec
722 3679 179 49 détails.
931 3679 73 50 Ce
1032 3681 203 61 premier
1260 3692 103 34 acte
1391 3692 113 36 vaut
1531 3696 80 46 par
1651 3678 43 48 la
1733 3679 233 61 musique,
1995 3695 93 43 car,
2116 3678 450 62 dramatiquement,
2603 3678 32 47 il
