2984 4409
266 247 519 71 CAUSERIE
851 250 195 71 SUR
1112 250 122 71 LE
1300 250 280 71 CHEF
1643 252 732 71 D'ORCHESTRE

2505 275 97 72 77

73 401 192 54 tendance
292 396 25 47 à
344 408 145 36 rester
524 397 114 48 dans
676 416 67 28 un
779 409 284 51 permanent
1100 399 338 63 mezzoforte);
1480 412 251 36 comment
1769 419 64 29 on
1872 402 84 46 fait
1995 402 144 61 partir
2178 414 46 34 et
2263 414 247 34 comment
2549 418 62 29 on

70 474 114 53 arrête
208 486 111 30 avec
346 468 176 60 sûreté;
552 469 64 47 les
644 481 151 52 gestes
832 470 140 47 utiles
999 482 46 35 et
1077 469 64 48 les
1177 482 151 52 gestes
1362 471 225 48 nuisibles
1632 472 25 47 à
1699 472 279 48 l'ensemble
2002 495 12 36 ;
2059 473 42 47 la
2142 473 210 47 manière
2398 474 55 45 de
2498 474 112 45 faire

71 541 193 56 travailler
292 558 66 29 un
387 558 188 46 passage
613 543 252 57 scabreux;
906 543 233 62 pourquoi
1179 544 203 46 certains
1409 545 129 46 traits
1581 543 222 48 exécutés
1840 562 80 44 par
1959 544 86 48 tels
2081 563 62 29 ou
2182 545 86 47 tels
2303 547 310 45 instruments

70 624 227 53 manquent
339 610 205 62 d'unité;
598 612 267 64 l'avantage
917 613 55 47 de
1027 615 149 45 battre
1225 614 64 48 les
1343 626 155 51 temps
1549 615 25 46 à
1626 616 201 47 certains
1887 628 256 49 moments,
2197 616 44 47 la
2286 617 197 46 division
2535 616 78 46 des

70 703 118 46 temps
230 683 25 47 à
299 685 204 46 certains
537 696 177 47 autres;
752 686 232 62 pourquoi
1018 684 63 47 tel
1120 703 62 29 ou
1223 685 61 48 tel
1326 688 290 45 instrument
1657 705 58 28 ne
1738 688 112 63 joue
1878 705 78 44 pas
1988 689 124 63 juste
2140 688 114 47 dans
2293 689 200 46 certains
2520 705 90 42 cas,

68 773 31 37 et
118 768 235 38 comment
379 773 63 29 on
479 768 114 50 peut
620 757 205 63 corriger
852 774 77 30 ces
965 756 197 48 défauts.
1210 757 259 63 (Combien
1499 777 30 46 y
1564 759 129 47 a-t-il
1721 760 57 45 de
1804 759 130 47 chefs
1975 759 309 47 d'orchestres
2310 761 79 61 qui
2417 760 196 46 sachent

68 849 64 47 que
172 828 110 46 dans
317 827 43 47 la
412 845 190 29 nuance
680 829 274 61 pianissimo
1049 829 44 47 la
1133 829 131 61 flûte,
1308 830 56 46 de
1409 848 80 44 par
1527 848 49 29 sa
1609 842 185 49 nature,
1821 831 114 64 joue
1968 843 104 50 trop
2109 832 93 60 bas,
2235 830 153 48 tandis
2432 849 92 44 que
2569 830 44 46 la

67 902 211 51 clarinette
313 917 60 28 au
411 901 236 45 contraire
683 901 112 63 joue
821 912 106 50 trop
955 901 151 63 haut.)

175 971 71 48 La
266 972 338 46 connaissance
632 971 56 46 de
710 983 106 35 tous
844 990 75 29 ces
946 971 165 48 détails
1136 971 252 64 s'acquiert
1417 990 80 44 par
1524 973 44 47 la
1594 975 217 62 pratique
1837 985 47 35 et
1910 991 98 30 non
2037 992 80 44 par
2144 973 65 47 les
2235 972 230 50 manuels.

176 1043 74 47 En
273 1042 203 62 résumé,
514 1055 106 35 tout
653 1044 232 46 musicien
924 1055 128 50 peut,
1086 1062 113 29 avec
1226 1044 206 63 quelque
1453 1044 166 62 talent,
1649 1046 193 46 devenir
1870 1063 66 29 un
1966 1047 185 46 batteur
2179 1046 56 46 de
2263 1063 202 42 mesure,
2494 1045 117 46 mais

65 1133 91 33 rares
178 1128 105 34 sont
321 1133 123 28 ceux
484 1116 81 62 qui
605 1115 249 62 possèdent
893 1115 66 48 les
998 1115 199 63 qualités
1236 1116 64 46 du
1338 1118 95 45 vrai
1462 1117 125 61 chef,
1616 1117 294 47 c'est-à-dire
1939 1118 56 46 de
2023 1117 122 47 celui
2173 1119 81 61 qui
2282 1118 185 46 obtient
2495 1115 113 48 d'un

64 1189 202 49 orchestre
296 1197 106 37 tout
430 1205 54 29 ce
511 1185 117 65 qu'il
657 1199 114 50 peut
798 1188 185 47 donner
1020 1205 119 45 pour
1185 1187 42 47 le
1256 1189 109 46 bien
1394 1189 56 47 de
1478 1187 105 49 l'art
1611 1188 211 49 musical.

1708 1311 681 48 Emile
2389 1311 1 48 Stiévenard
