<?xml version="1.0" encoding="UTF-8"?>
<alto xmlns:xsi="http://www.w3.org/2001/XMLSchema-instance" xmlns="http://www.loc.gov/standards/alto/ns-v2#" xsi:schemaLocation="http://www.loc.gov/standards/alto/ns-v2# http://www.loc.gov/standards/alto/alto-v2.0.xsd" xmlns:xlink="http://www.w3.org/1999/xlink">
	<Description>
		<MeasurementUnit>mm10</MeasurementUnit>
		<sourceImageInformation>
			<fileName>//fileserver7/IN2/Princeton/Batch3/bmtnabh/1911/01/15_01/00000013.tif</fileName>
		</sourceImageInformation>
		<OCRProcessing ID="OCRPROCESSING_1">
			<preProcessingStep>
				<processingSoftware>
					<softwareCreator>CCS Content Conversion Specialists GmbH, Germany</softwareCreator>
					<softwareName>CCS docWORKS</softwareName>
					<softwareVersion>6.6-1.18</softwareVersion>
				</processingSoftware>
			</preProcessingStep>
			<ocrProcessingStep>
				<processingSoftware>
					<softwareCreator>ABBYY (BIT Software), Russia</softwareCreator>
					<softwareName>FineReader</softwareName>
					<softwareVersion>10.0</softwareVersion>
				</processingSoftware>
			</ocrProcessingStep>
		</OCRProcessing>
	</Description>
	<Styles>
		<TextStyle ID="TXT_0" FONTSIZE="13" FONTFAMILY="Times New Roman"/>
		<TextStyle ID="TXT_1" FONTSIZE="52" FONTFAMILY="Times New Roman" FONTSTYLE="bold italics"/>
		<TextStyle ID="TXT_2" FONTSIZE="76" FONTFAMILY="Times New Roman" FONTSTYLE="bold italics"/>
		<TextStyle ID="TXT_3" FONTSIZE="29" FONTFAMILY="Times New Roman" FONTSTYLE="italics"/>
		<TextStyle ID="TXT_4" FONTSIZE="30" FONTFAMILY="Times New Roman" FONTSTYLE="italics"/>
		<TextStyle ID="TXT_5" FONTSIZE="29" FONTFAMILY="Times New Roman" FONTSTYLE="bold italics"/>
		<TextStyle ID="TXT_6" FONTSIZE="50" FONTFAMILY="Times New Roman" FONTSTYLE="bold italics"/>
		<TextStyle ID="TXT_7" FONTSIZE="22" FONTFAMILY="Times New Roman" FONTSTYLE="bold italics"/>
		<TextStyle ID="TXT_8" FONTSIZE="9" FONTFAMILY="Times New Roman" FONTSTYLE="italics"/>
		<TextStyle ID="TXT_9" FONTSIZE="7" FONTFAMILY="Times New Roman"/>
		<TextStyle ID="TXT_10" FONTSIZE="17" FONTFAMILY="Times New Roman"/>
		<ParagraphStyle ID="PAR_LEFT" ALIGN="Left"/>
	</Styles>
	<Layout>
		<Page ID="P9" PHYSICAL_IMG_NR="9" HEIGHT="4409" WIDTH="2984" PC="0.877">
			<TopMargin ID="P9_TM00001" HPOS="0" VPOS="0" WIDTH="2984" HEIGHT="230"/>
			<LeftMargin ID="P9_LM00001" HPOS="0" VPOS="230" WIDTH="37" HEIGHT="3649"/>
			<RightMargin ID="P9_RM00001" HPOS="2617" VPOS="230" WIDTH="367" HEIGHT="3649"/>
			<BottomMargin ID="P9_BM00001" HPOS="0" VPOS="3879" WIDTH="2984" HEIGHT="530"/>
			<PrintSpace ID="P9_PS00001" HPOS="37" VPOS="230" WIDTH="2580" HEIGHT="3649">
				<ComposedBlock ID="P9_CB00001" HPOS="134" VPOS="370" WIDTH="2373" HEIGHT="3415" TYPE="Advertisement">
					<TextBlock ID="P9_TB00001" HPOS="134" VPOS="370" WIDTH="2373" HEIGHT="3415" STYLEREFS="TXT_0 PAR_LEFT">
						<TextLine ID="P9_TL00001" HPOS="241" VPOS="468" WIDTH="1229" HEIGHT="132">
							<String ID="P9_ST00001" HPOS="241" VPOS="468" WIDTH="386" HEIGHT="127" CONTENT="LES" WC="1.00" CC="000" STYLEREFS="TXT_1"/>
							<SP ID="P9_SP00001" HPOS="627" VPOS="595" WIDTH="96"/>
							<String ID="P9_ST00002" HPOS="723" VPOS="468" WIDTH="747" HEIGHT="132" CONTENT="PIANOS" WC="0.98" CC="701056" STYLEREFS="TXT_1"/>
						</TextLine>
						<TextLine ID="P9_TL00002" HPOS="734" VPOS="706" WIDTH="1661" HEIGHT="199">
							<String ID="P9_ST00003" HPOS="734" VPOS="706" WIDTH="1432" HEIGHT="199" CONTENT="STEINWA" WC="0.70" CC="6502013" STYLEREFS="TXT_2"/>
							<SP ID="P9_SP00002" HPOS="2166" VPOS="905" WIDTH="41"/>
							<String ID="P9_ST00004" HPOS="2207" VPOS="727" WIDTH="188" HEIGHT="178" CONTENT="Y" WC="1.00" CC="0" STYLEREFS="TXT_2"/>
						</TextLine>
						<TextLine ID="P9_TL00003" HPOS="472" VPOS="1002" WIDTH="1794" HEIGHT="89">
							<String ID="P9_ST00005" HPOS="472" VPOS="1002" WIDTH="508" HEIGHT="73" CONTENT="Prodamés" WC="0.98" CC="75684016" STYLEREFS="TXT_3"/>
							<SP ID="P9_SP00003" HPOS="980" VPOS="1075" WIDTH="641"/>
							<String ID="P9_ST00006" HPOS="1621" VPOS="1028" WIDTH="176" HEIGHT="63" CONTENT="par" WC="0.96" CC="650" STYLEREFS="TXT_4"/>
							<SP ID="P9_SP00004" HPOS="1797" VPOS="1091" WIDTH="336"/>
							<String ID="P9_ST00007" HPOS="2133" VPOS="1007" WIDTH="133" HEIGHT="73" CONTENT="les" WC="0.96" CC="350" STYLEREFS="TXT_5"/>
						</TextLine>
						<TextLine ID="P9_TL00004" HPOS="276" VPOS="1160" WIDTH="2071" HEIGHT="90">
							<String ID="P9_ST00008" HPOS="276" VPOS="1180" WIDTH="331" HEIGHT="50" CONTENT="comme" WC="0.98" CC="56005" STYLEREFS="TXT_5"/>
							<SP ID="P9_SP00005" HPOS="607" VPOS="1230" WIDTH="85"/>
							<String ID="P9_ST00009" HPOS="692" VPOS="1160" WIDTH="129" HEIGHT="71" CONTENT="les" WC="0.97" CC="600" STYLEREFS="TXT_5"/>
							<SP ID="P9_SP00006" HPOS="821" VPOS="1231" WIDTH="69"/>
							<String ID="P9_ST00010" HPOS="890" VPOS="1162" WIDTH="456" HEIGHT="75" CONTENT="meilleurs" WC="0.99" CC="050560520" STYLEREFS="TXT_5"/>
							<SP ID="P9_SP00007" HPOS="1346" VPOS="1237" WIDTH="84"/>
							<String ID="P9_ST00011" HPOS="1430" VPOS="1169" WIDTH="118" HEIGHT="71" CONTENT="du" WC="0.76" CC="13" STYLEREFS="TXT_5"/>
							<SP ID="P9_SP00008" HPOS="1548" VPOS="1240" WIDTH="90"/>
							<String ID="P9_ST00012" HPOS="1638" VPOS="1175" WIDTH="316" HEIGHT="70" CONTENT="monde" WC="0.98" CC="07070" STYLEREFS="TXT_5"/>
							<SP ID="P9_SP00009" HPOS="1954" VPOS="1245" WIDTH="84"/>
							<String ID="P9_ST00013" HPOS="2038" VPOS="1178" WIDTH="309" HEIGHT="72" CONTENT="entier." WC="1.00" CC="0000004" STYLEREFS="TXT_5"/>
						</TextLine>
						<TextLine ID="P9_TL00005" HPOS="713" VPOS="1479" WIDTH="1194" HEIGHT="147">
							<String ID="P9_ST00014" HPOS="713" VPOS="1489" WIDTH="183" HEIGHT="127" CONTENT="E." WC="1.00" CC="00" STYLEREFS="TXT_6"/>
							<SP ID="P9_SP00010" HPOS="896" VPOS="1616" WIDTH="112"/>
							<String ID="P9_ST00015" HPOS="1008" VPOS="1479" WIDTH="899" HEIGHT="147" CONTENT="MOULLÊ" WC="0.65" CC="050535" STYLEREFS="TXT_6"/>
						</TextLine>
						<TextLine ID="P9_TL00006" HPOS="950" VPOS="1712" WIDTH="746" HEIGHT="71">
							<String ID="P9_ST00016" HPOS="950" VPOS="1720" WIDTH="299" HEIGHT="56" CONTENT="AGENT" WC="0.98" CC="50414" STYLEREFS="TXT_7"/>
							<SP ID="P9_SP00011" HPOS="1249" VPOS="1776" WIDTH="38"/>
							<String ID="P9_ST00017" HPOS="1287" VPOS="1712" WIDTH="409" HEIGHT="71" CONTENT="GÉNÉRAL" WC="0.98" CC="1515045" STYLEREFS="TXT_7"/>
						</TextLine>
						<TextLine ID="P9_TL00007" HPOS="426" VPOS="1875" WIDTH="1773" HEIGHT="94">
							<String ID="P9_ST00018" HPOS="426" VPOS="1875" WIDTH="87" HEIGHT="81" CONTENT="1," WC="0.90" CC="02" STYLEREFS="TXT_3"/>
							<SP ID="P9_SP00012" HPOS="513" VPOS="1956" WIDTH="249"/>
							<String ID="P9_ST00019" HPOS="762" VPOS="1877" WIDTH="279" HEIGHT="77" CONTENT="RUE" WC="1.00" CC="000" STYLEREFS="TXT_3"/>
							<SP ID="P9_SP00013" HPOS="1041" VPOS="1956" WIDTH="434"/>
							<String ID="P9_ST00020" HPOS="1475" VPOS="1880" WIDTH="724" HEIGHT="89" CONTENT='"BLANCHE,' WC="0.99" CC="665310002" STYLEREFS="TXT_3"/>
						</TextLine>
						<TextLine ID="P9_TL00008" HPOS="689" VPOS="2505" WIDTH="82" HEIGHT="35">
							<String ID="P9_ST00021" HPOS="689" VPOS="2505" WIDTH="82" HEIGHT="35" CONTENT="*B^" WC="0.20" CC="788"/>
						</TextLine>
						<TextLine ID="P9_TL00009" HPOS="1012" VPOS="2920" WIDTH="44" HEIGHT="24">
							<String ID="P9_ST00022" HPOS="1012" VPOS="2920" WIDTH="30" HEIGHT="20" CONTENT="SV" WC="0.09" CC="89"/>
							<SP ID="P9_SP00014" HPOS="1042" VPOS="2940" WIDTH="10"/>
							<String ID="P9_ST00023" HPOS="1052" VPOS="2920" WIDTH="4" HEIGHT="24" CONTENT="l" WC="0.19" CC="8" STYLEREFS="TXT_8"/>
						</TextLine>
						<TextLine ID="P9_TL00010" HPOS="791" VPOS="3079" WIDTH="145" HEIGHT="23">
							<String ID="P9_ST00024" HPOS="791" VPOS="3081" WIDTH="51" HEIGHT="21" CONTENT="te»" WC="0.95" CC="444" STYLEREFS="TXT_9"/>
							<SP ID="P9_SP00015" HPOS="842" VPOS="3102" WIDTH="17"/>
							<String ID="P9_ST00025" HPOS="859" VPOS="3079" WIDTH="42" HEIGHT="23" CONTENT="?.&gt;V" WC="0.09" CC="9699" STYLEREFS="TXT_9"/>
							<SP ID="P9_SP00016" HPOS="901" VPOS="3102" WIDTH="18"/>
							<String ID="P9_ST00026" HPOS="919" VPOS="3079" WIDTH="4" HEIGHT="23" CONTENT="&lt;" WC="0.19" CC="8" STYLEREFS="TXT_9"/>
							<SP ID="P9_SP00017" HPOS="923" VPOS="3102" WIDTH="9"/>
							<String ID="P9_ST00027" HPOS="932" VPOS="3079" WIDTH="4" HEIGHT="23" CONTENT="S" WC="0.24" CC="7" STYLEREFS="TXT_9"/>
						</TextLine>
						<TextLine ID="P9_TL00011" HPOS="449" VPOS="3138" WIDTH="106" HEIGHT="17">
							<String ID="P9_ST00028" HPOS="449" VPOS="3140" WIDTH="20" HEIGHT="14" CONTENT=".v" WC="0.68" CC="06" STYLEREFS="TXT_9"/>
							<SP ID="P9_SP00018" HPOS="469" VPOS="3154" WIDTH="14"/>
							<String ID="P9_ST00029" HPOS="483" VPOS="3138" WIDTH="4" HEIGHT="17" CONTENT=":," STYLE="superscript" WC="0.60" CC="43" STYLEREFS="TXT_9"/>
							<String ID="P9_ST00030" HPOS="493" VPOS="3140" WIDTH="6" HEIGHT="14" CONTENT="y" WC="0.24" CC="7" STYLEREFS="TXT_9"/>
							<SP ID="P9_SP00019" HPOS="499" VPOS="3155" WIDTH="8"/>
							<String ID="P9_ST00031" HPOS="507" VPOS="3138" WIDTH="13" HEIGHT="8" CONTENT="V" STYLE="superscript" WC="1.00" CC="9" STYLEREFS="TXT_9"/>
							<String ID="P9_ST00032" HPOS="521" VPOS="3138" WIDTH="34" HEIGHT="17" CONTENT="V;'." WC="0.48" CC="9630" STYLEREFS="TXT_9"/>
						</TextLine>
						<TextLine ID="P9_TL00012" HPOS="1669" VPOS="2105" WIDTH="11" HEIGHT="9">
							<String ID="P9_ST00033" HPOS="1669" VPOS="2105" WIDTH="11" HEIGHT="9" CONTENT="V" WC="1.00" CC="9" STYLEREFS="TXT_9"/>
						</TextLine>
						<TextLine ID="P9_TL00013" HPOS="1440" VPOS="2486" WIDTH="865" HEIGHT="51">
							<String ID="P9_ST00034" HPOS="1440" VPOS="2486" WIDTH="170" HEIGHT="44" CONTENT="Lettre" WC="1.00" CC="001010" STYLEREFS="TXT_10"/>
							<SP ID="P9_SP00020" HPOS="1610" VPOS="2530" WIDTH="34"/>
							<String ID="P9_ST00035" HPOS="1644" VPOS="2486" WIDTH="332" HEIGHT="47" CONTENT="d'HECTOR" WC="0.90" CC="03000400" STYLEREFS="TXT_10"/>
							<SP ID="P9_SP00021" HPOS="1976" VPOS="2533" WIDTH="36"/>
							<String ID="P9_ST00036" HPOS="2012" VPOS="2491" WIDTH="293" HEIGHT="46" CONTENT="BERLIOZ" WC="1.00" CC="0000010" STYLEREFS="TXT_10"/>
						</TextLine>
						<TextLine ID="P9_TL00014" HPOS="1859" VPOS="2658" WIDTH="561" HEIGHT="52">
							<String ID="P9_ST00037" HPOS="1859" VPOS="2658" WIDTH="115" HEIGHT="45" CONTENT="Paris," WC="0.98" CC="524603"/>
							<SP ID="P9_SP00022" HPOS="1974" VPOS="2703" WIDTH="23"/>
							<String ID="P9_ST00038" HPOS="1997" VPOS="2660" WIDTH="48" HEIGHT="37" CONTENT="25" WC="0.66" CC="06"/>
							<SP ID="P9_SP00023" HPOS="2045" VPOS="2703" WIDTH="22"/>
							<String ID="P9_ST00039" HPOS="2067" VPOS="2660" WIDTH="219" HEIGHT="50" CONTENT="Septembre" WC="0.99" CC="002200642"/>
							<SP ID="P9_SP00024" HPOS="2286" VPOS="2710" WIDTH="26"/>
							<String ID="P9_ST00040" HPOS="2312" VPOS="2662" WIDTH="108" HEIGHT="40" CONTENT="1867." WC="0.70" CC="13054"/>
						</TextLine>
						<TextLine ID="P9_TL00015" HPOS="1487" VPOS="2761" WIDTH="574" HEIGHT="50">
							<String ID="P9_ST00041" HPOS="1487" VPOS="2761" WIDTH="204" HEIGHT="38" CONTENT="Messieurs" WC="1.00" CC="000080400"/>
							<SP ID="P9_SP00025" HPOS="1691" VPOS="2799" WIDTH="21"/>
							<String ID="P9_ST00042" HPOS="1712" VPOS="2762" WIDTH="186" HEIGHT="49" CONTENT="Steinway" WC="0.80" CC="03061102"/>
							<SP ID="P9_SP00026" HPOS="1898" VPOS="2811" WIDTH="21"/>
							<String ID="P9_ST00043" HPOS="1919" VPOS="2774" WIDTH="35" HEIGHT="27" CONTENT="et" WC="1.00" CC="00"/>
							<SP ID="P9_SP00027" HPOS="1954" VPOS="2811" WIDTH="22"/>
							<String ID="P9_ST00044" HPOS="1976" VPOS="2763" WIDTH="85" HEIGHT="47" CONTENT="Fils," WC="0.98" CC="42502"/>
						</TextLine>
						<TextLine ID="P9_TL00016" HPOS="1379" VPOS="2850" WIDTH="1040" HEIGHT="55">
							<String ID="P9_ST00045" HPOS="1379" VPOS="2850" WIDTH="70" HEIGHT="48" CONTENT="J'ai" WC="0.97" CC="5430"/>
							<SP ID="P9_SP00028" HPOS="1449" VPOS="2898" WIDTH="19"/>
							<String ID="P9_ST00046" HPOS="1468" VPOS="2851" WIDTH="161" HEIGHT="39" CONTENT="entendu" WC="1.00" CC="0000170"/>
							<SP ID="P9_SP00029" HPOS="1629" VPOS="2898" WIDTH="20"/>
							<String ID="P9_ST00047" HPOS="1649" VPOS="2850" WIDTH="50" HEIGHT="40" CONTENT="les" WC="0.98" CC="600"/>
							<SP ID="P9_SP00030" HPOS="1699" VPOS="2898" WIDTH="22"/>
							<String ID="P9_ST00048" HPOS="1721" VPOS="2852" WIDTH="240" HEIGHT="50" CONTENT="magnifiques" WC="0.99" CC="00502475000"/>
							<SP ID="P9_SP00031" HPOS="1961" VPOS="2902" WIDTH="21"/>
							<String ID="P9_ST00049" HPOS="1982" VPOS="2855" WIDTH="126" HEIGHT="48" CONTENT="pianos" WC="0.99" CC="070310"/>
							<SP ID="P9_SP00032" HPOS="2108" VPOS="2903" WIDTH="21"/>
							<String ID="P9_ST00050" HPOS="2129" VPOS="2857" WIDTH="63" HEIGHT="48" CONTENT="qui" WC="0.96" CC="406"/>
							<SP ID="P9_SP00033" HPOS="2192" VPOS="2905" WIDTH="26"/>
							<String ID="P9_ST00051" HPOS="2218" VPOS="2867" WIDTH="134" HEIGHT="29" CONTENT="sortent" WC="1.00" CC="0420010"/>
							<SP ID="P9_SP00034" HPOS="2352" VPOS="2905" WIDTH="19"/>
							<String ID="P9_ST00052" HPOS="2371" VPOS="2858" WIDTH="48" HEIGHT="39" CONTENT="de" WC="0.63" CC="70"/>
						</TextLine>
						<TextLine ID="P9_TL00017" HPOS="1327" VPOS="2902" WIDTH="1091" HEIGHT="50">
							<String ID="P9_ST00053" HPOS="1327" VPOS="2913" WIDTH="101" HEIGHT="28" CONTENT="votre" WC="0.99" CC="00600"/>
							<SP ID="P9_SP00035" HPOS="1428" VPOS="2941" WIDTH="33"/>
							<String ID="P9_ST00054" HPOS="1461" VPOS="2902" WIDTH="181" HEIGHT="50" CONTENT="fabrique." WC="0.99" CC="406020004"/>
							<SP ID="P9_SP00036" HPOS="1642" VPOS="2952" WIDTH="45"/>
							<String ID="P9_ST00055" HPOS="1687" VPOS="2904" WIDTH="301" HEIGHT="40" CONTENT="Permettez-moi" WC="1.00" CC="5000000003000"/>
							<SP ID="P9_SP00037" HPOS="1988" VPOS="2952" WIDTH="34"/>
							<String ID="P9_ST00056" HPOS="2022" VPOS="2907" WIDTH="48" HEIGHT="38" CONTENT="de" WC="1.00" CC="00"/>
							<SP ID="P9_SP00038" HPOS="2070" VPOS="2952" WIDTH="32"/>
							<String ID="P9_ST00057" HPOS="2102" VPOS="2924" WIDTH="90" HEIGHT="22" CONTENT="vous" WC="1.00" CC="0000"/>
							<SP ID="P9_SP00039" HPOS="2192" VPOS="2952" WIDTH="29"/>
							<String ID="P9_ST00058" HPOS="2221" VPOS="2908" WIDTH="91" HEIGHT="40" CONTENT="faire" WC="0.99" CC="40300"/>
							<SP ID="P9_SP00040" HPOS="2312" VPOS="2952" WIDTH="31"/>
							<String ID="P9_ST00059" HPOS="2343" VPOS="2926" WIDTH="75" HEIGHT="23" CONTENT="mes" WC="1.00" CC="000"/>
						</TextLine>
						<TextLine ID="P9_TL00018" HPOS="1327" VPOS="2954" WIDTH="1090" HEIGHT="56">
							<String ID="P9_ST00060" HPOS="1327" VPOS="2954" WIDTH="251" HEIGHT="50" CONTENT="compliments" WC="1.00" CC="01005500400"/>
							<SP ID="P9_SP00041" HPOS="1578" VPOS="3004" WIDTH="20"/>
							<String ID="P9_ST00061" HPOS="1598" VPOS="2970" WIDTH="61" HEIGHT="24" CONTENT="sur" WC="1.00" CC="000"/>
							<SP ID="P9_SP00042" HPOS="1659" VPOS="3004" WIDTH="19"/>
							<String ID="P9_ST00062" HPOS="1678" VPOS="2955" WIDTH="79" HEIGHT="40" CONTENT="leur" WC="0.99" CC="3000"/>
							<SP ID="P9_SP00043" HPOS="1757" VPOS="3004" WIDTH="19"/>
							<String ID="P9_ST00063" HPOS="1776" VPOS="2956" WIDTH="207" HEIGHT="41" CONTENT="excellence" WC="1.00" CC="0030220200"/>
							<SP ID="P9_SP00044" HPOS="1983" VPOS="3004" WIDTH="19"/>
							<String ID="P9_ST00064" HPOS="2002" VPOS="2969" WIDTH="36" HEIGHT="28" CONTENT="et" WC="0.92" CC="10"/>
							<SP ID="P9_SP00045" HPOS="2038" VPOS="3004" WIDTH="25"/>
							<String ID="P9_ST00065" HPOS="2063" VPOS="2958" WIDTH="52" HEIGHT="40" CONTENT="les" WC="0.98" CC="400"/>
							<SP ID="P9_SP00046" HPOS="2115" VPOS="3004" WIDTH="29"/>
							<String ID="P9_ST00066" HPOS="2144" VPOS="2973" WIDTH="98" HEIGHT="27" CONTENT="rares" WC="1.00" CC="00010"/>
							<SP ID="P9_SP00047" HPOS="2242" VPOS="3004" WIDTH="23"/>
							<String ID="P9_ST00067" HPOS="2265" VPOS="2961" WIDTH="152" HEIGHT="49" CONTENT="qualités" WC="0.99" CC="03046060"/>
						</TextLine>
						<TextLine ID="P9_TL00019" HPOS="1327" VPOS="3006" WIDTH="336" HEIGHT="50">
							<String ID="P9_ST00068" HPOS="1327" VPOS="3006" WIDTH="105" HEIGHT="49" CONTENT="qu'ils" WC="0.99" CC="004340"/>
							<SP ID="P9_SP00048" HPOS="1432" VPOS="3055" WIDTH="20"/>
							<String ID="P9_ST00069" HPOS="1452" VPOS="3008" WIDTH="211" HEIGHT="48" CONTENT="possèdent." WC="0.99" CC="0000790004"/>
						</TextLine>
						<TextLine ID="P9_TL00020" HPOS="1381" VPOS="3073" WIDTH="1036" HEIGHT="50">
							<String ID="P9_ST00070" HPOS="1381" VPOS="3073" WIDTH="99" HEIGHT="38" CONTENT="Leur" WC="1.00" CC="0020"/>
							<SP ID="P9_SP00049" HPOS="1480" VPOS="3111" WIDTH="37"/>
							<String ID="P9_ST00071" HPOS="1517" VPOS="3074" WIDTH="156" HEIGHT="38" CONTENT="sonorité" WC="0.99" CC="00620008"/>
							<SP ID="P9_SP00050" HPOS="1673" VPOS="3112" WIDTH="38"/>
							<String ID="P9_ST00072" HPOS="1711" VPOS="3085" WIDTH="53" HEIGHT="27" CONTENT="est" WC="1.00" CC="000"/>
							<SP ID="P9_SP00051" HPOS="1764" VPOS="3112" WIDTH="37"/>
							<String ID="P9_ST00073" HPOS="1801" VPOS="3074" WIDTH="194" HEIGHT="49" CONTENT="splendide" WC="0.87" CC="004000700"/>
							<SP ID="P9_SP00052" HPOS="1995" VPOS="3123" WIDTH="39"/>
							<String ID="P9_ST00074" HPOS="2034" VPOS="3086" WIDTH="35" HEIGHT="28" CONTENT="et" WC="1.00" CC="00"/>
							<SP ID="P9_SP00053" HPOS="2069" VPOS="3123" WIDTH="44"/>
							<String ID="P9_ST00075" HPOS="2113" VPOS="3076" WIDTH="304" HEIGHT="42" CONTENT="essentiellement" WC="1.00" CC="000000702600001"/>
						</TextLine>
						<TextLine ID="P9_TL00021" HPOS="1325" VPOS="3125" WIDTH="1091" HEIGHT="50">
							<String ID="P9_ST00076" HPOS="1325" VPOS="3125" WIDTH="108" HEIGHT="38" CONTENT="noble" WC="0.99" CC="00050"/>
							<SP ID="P9_SP00054" HPOS="1433" VPOS="3163" WIDTH="16"/>
							<String ID="P9_ST00077" HPOS="1449" VPOS="3142" WIDTH="8" HEIGHT="27" CONTENT=";" WC="0.59" CC="4"/>
							<SP ID="P9_SP00055" HPOS="1457" VPOS="3169" WIDTH="42"/>
							<String ID="P9_ST00078" HPOS="1499" VPOS="3142" WIDTH="44" HEIGHT="21" CONTENT="en" WC="0.63" CC="07"/>
							<SP ID="P9_SP00056" HPOS="1543" VPOS="3169" WIDTH="36"/>
							<String ID="P9_ST00079" HPOS="1579" VPOS="3125" WIDTH="81" HEIGHT="50" CONTENT="plus" WC="0.99" CC="0501"/>
							<SP ID="P9_SP00057" HPOS="1660" VPOS="3175" WIDTH="29"/>
							<String ID="P9_ST00080" HPOS="1689" VPOS="3142" WIDTH="89" HEIGHT="23" CONTENT="vous" WC="0.99" CC="0300"/>
							<SP ID="P9_SP00058" HPOS="1778" VPOS="3175" WIDTH="28"/>
							<String ID="P9_ST00081" HPOS="1806" VPOS="3143" WIDTH="88" HEIGHT="22" CONTENT="avez" WC="1.00" CC="0000"/>
							<SP ID="P9_SP00059" HPOS="1894" VPOS="3175" WIDTH="39"/>
							<String ID="P9_ST00082" HPOS="1933" VPOS="3127" WIDTH="200" HEIGHT="39" CONTENT="découvert" WC="1.00" CC="000000000"/>
							<SP ID="P9_SP00060" HPOS="2133" VPOS="3175" WIDTH="28"/>
							<String ID="P9_ST00083" HPOS="2161" VPOS="3128" WIDTH="34" HEIGHT="40" CONTENT="le" WC="0.73" CC="50"/>
							<SP ID="P9_SP00061" HPOS="2195" VPOS="3175" WIDTH="29"/>
							<String ID="P9_ST00084" HPOS="2224" VPOS="3140" WIDTH="116" HEIGHT="29" CONTENT="secret" WC="1.00" CC="000000"/>
							<SP ID="P9_SP00062" HPOS="2340" VPOS="3175" WIDTH="27"/>
							<String ID="P9_ST00085" HPOS="2367" VPOS="3130" WIDTH="49" HEIGHT="40" CONTENT="de" WC="1.00" CC="00"/>
						</TextLine>
						<TextLine ID="P9_TL00022" HPOS="1325" VPOS="3177" WIDTH="1091" HEIGHT="52">
							<String ID="P9_ST00086" HPOS="1325" VPOS="3177" WIDTH="181" HEIGHT="38" CONTENT="diminuer" WC="1.00" CC="00002004"/>
							<SP ID="P9_SP00063" HPOS="1506" VPOS="3215" WIDTH="26"/>
							<String ID="P9_ST00087" HPOS="1532" VPOS="3177" WIDTH="145" HEIGHT="49" CONTENT="jusqu'à" WC="0.99" CC="6000243"/>
							<SP ID="P9_SP00064" HPOS="1677" VPOS="3226" WIDTH="27"/>
							<String ID="P9_ST00088" HPOS="1704" VPOS="3194" WIDTH="48" HEIGHT="22" CONTENT="un" WC="0.80" CC="03"/>
							<SP ID="P9_SP00065" HPOS="1752" VPOS="3226" WIDTH="28"/>
							<String ID="P9_ST00089" HPOS="1780" VPOS="3180" WIDTH="100" HEIGHT="47" CONTENT="point" WC="0.99" CC="00610"/>
							<SP ID="P9_SP00066" HPOS="1880" VPOS="3227" WIDTH="28"/>
							<String ID="P9_ST00090" HPOS="1908" VPOS="3179" WIDTH="275" HEIGHT="50" CONTENT="imperceptible" WC="1.00" CC="3000000002030"/>
							<SP ID="P9_SP00067" HPOS="2183" VPOS="3229" WIDTH="17"/>
							<String ID="P9_ST00091" HPOS="2200" VPOS="3180" WIDTH="216" HEIGHT="42" CONTENT="l'harmonie" WC="0.99" CC="3470000060"/>
						</TextLine>
						<TextLine ID="P9_TL00023" HPOS="1325" VPOS="3228" WIDTH="1089" HEIGHT="55">
							<String ID="P9_ST00092" HPOS="1325" VPOS="3228" WIDTH="226" HEIGHT="50" CONTENT="déplaisante" WC="1.00" CC="00050700200"/>
							<SP ID="P9_SP00068" HPOS="1551" VPOS="3278" WIDTH="28"/>
							<String ID="P9_ST00093" HPOS="1579" VPOS="3229" WIDTH="48" HEIGHT="39" CONTENT="de" WC="1.00" CC="00"/>
							<SP ID="P9_SP00069" HPOS="1627" VPOS="3278" WIDTH="38"/>
							<String ID="P9_ST00094" HPOS="1665" VPOS="3229" WIDTH="34" HEIGHT="40" CONTENT="la" WC="0.87" CC="20"/>
							<SP ID="P9_SP00070" HPOS="1699" VPOS="3278" WIDTH="39"/>
							<String ID="P9_ST00095" HPOS="1738" VPOS="3231" WIDTH="175" HEIGHT="48" CONTENT="septième" WC="1.00" CC="00002700"/>
							<SP ID="P9_SP00071" HPOS="1913" VPOS="3279" WIDTH="42"/>
							<String ID="P9_ST00096" HPOS="1955" VPOS="3232" WIDTH="172" HEIGHT="44" CONTENT="mineure," WC="1.00" CC="06000003"/>
							<SP ID="P9_SP00072" HPOS="2127" VPOS="3279" WIDTH="44"/>
							<String ID="P9_ST00097" HPOS="2171" VPOS="3234" WIDTH="62" HEIGHT="48" CONTENT="qui" WC="0.99" CC="003"/>
							<SP ID="P9_SP00073" HPOS="2233" VPOS="3282" WIDTH="38"/>
							<String ID="P9_ST00098" HPOS="2271" VPOS="3234" WIDTH="143" HEIGHT="49" CONTENT="jusqu'à" WC="0.99" CC="5000045"/>
						</TextLine>
						<TextLine ID="P9_TL00024" HPOS="1325" VPOS="3281" WIDTH="1088" HEIGHT="50">
							<String ID="P9_ST00099" HPOS="1325" VPOS="3286" WIDTH="145" HEIGHT="45" CONTENT="présent" WC="1.00" CC="0060000"/>
							<SP ID="P9_SP00074" HPOS="1470" VPOS="3331" WIDTH="29"/>
							<String ID="P9_ST00100" HPOS="1499" VPOS="3297" WIDTH="38" HEIGHT="23" CONTENT="se" WC="1.00" CC="00"/>
							<SP ID="P9_SP00075" HPOS="1537" VPOS="3331" WIDTH="27"/>
							<String ID="P9_ST00101" HPOS="1564" VPOS="3281" WIDTH="118" HEIGHT="39" CONTENT="faisait" WC="0.99" CC="3040034"/>
							<SP ID="P9_SP00076" HPOS="1682" VPOS="3331" WIDTH="28"/>
							<String ID="P9_ST00102" HPOS="1710" VPOS="3282" WIDTH="176" HEIGHT="39" CONTENT="entendre" WC="1.00" CC="00011000"/>
							<SP ID="P9_SP00077" HPOS="1886" VPOS="3331" WIDTH="29"/>
							<String ID="P9_ST00103" HPOS="1915" VPOS="3287" WIDTH="19" HEIGHT="34" CONTENT="à" WC="1.00" CC="0"/>
							<SP ID="P9_SP00078" HPOS="1934" VPOS="3331" WIDTH="36"/>
							<String ID="P9_ST00104" HPOS="1970" VPOS="3282" WIDTH="34" HEIGHT="40" CONTENT="la" WC="0.87" CC="20"/>
							<SP ID="P9_SP00079" HPOS="2004" VPOS="3331" WIDTH="41"/>
							<String ID="P9_ST00105" HPOS="2045" VPOS="3283" WIDTH="175" HEIGHT="41" CONTENT="huitième" WC="0.99" CC="70207600"/>
							<SP ID="P9_SP00080" HPOS="2220" VPOS="3331" WIDTH="40"/>
							<String ID="P9_ST00106" HPOS="2260" VPOS="3295" WIDTH="36" HEIGHT="29" CONTENT="et" WC="1.00" CC="00"/>
							<SP ID="P9_SP00081" HPOS="2296" VPOS="3331" WIDTH="28"/>
							<String ID="P9_ST00107" HPOS="2324" VPOS="3302" WIDTH="89" HEIGHT="23" CONTENT="neu-" WC="0.80" CC="5002"/>
						</TextLine>
						<TextLine ID="P9_TL00025" HPOS="264" VPOS="3333" WIDTH="2149" HEIGHT="51">
							<String ID="P9_ST00108" HPOS="264" VPOS="3370" WIDTH="8" HEIGHT="7" CONTENT="." WC="0.76" CC="2"/>
							<SP ID="P9_SP00082" HPOS="272" VPOS="3377" WIDTH="1052"/>
							<String ID="P9_ST00109" HPOS="1324" VPOS="3334" WIDTH="118" HEIGHT="38" CONTENT="vième" WC="0.79" CC="04600"/>
							<SP ID="P9_SP00083" HPOS="1442" VPOS="3377" WIDTH="19"/>
							<String ID="P9_ST00110" HPOS="1461" VPOS="3333" WIDTH="177" HEIGHT="39" CONTENT="vibration" WC="0.99" CC="037000410"/>
							<SP ID="P9_SP00084" HPOS="1638" VPOS="3377" WIDTH="29"/>
							<String ID="P9_ST00111" HPOS="1667" VPOS="3333" WIDTH="65" HEIGHT="39" CONTENT="des" WC="1.00" CC="000"/>
							<SP ID="P9_SP00085" HPOS="1732" VPOS="3377" WIDTH="35"/>
							<String ID="P9_ST00112" HPOS="1767" VPOS="3333" WIDTH="81" HEIGHT="51" CONTENT="plus" WC="0.99" CC="0500"/>
							<SP ID="P9_SP00086" HPOS="1848" VPOS="3384" WIDTH="39"/>
							<String ID="P9_ST00113" HPOS="1887" VPOS="3334" WIDTH="150" HEIGHT="49" CONTENT="longues" WC="0.99" CC="5315000"/>
							<SP ID="P9_SP00087" HPOS="2037" VPOS="3384" WIDTH="39"/>
							<String ID="P9_ST00114" HPOS="2076" VPOS="3335" WIDTH="142" HEIGHT="45" CONTENT="cordes," WC="1.00" CC="0000000"/>
							<SP ID="P9_SP00088" HPOS="2218" VPOS="3384" WIDTH="41"/>
							<String ID="P9_ST00115" HPOS="2259" VPOS="3337" WIDTH="154" HEIGHT="39" CONTENT="rendant" WC="1.00" CC="0020010"/>
						</TextLine>
						<TextLine ID="P9_TL00026" HPOS="241" VPOS="3377" WIDTH="2171" HEIGHT="68">
							<String ID="P9_ST00116" HPOS="241" VPOS="3386" WIDTH="20" HEIGHT="59" CONTENT="f" WC="0.24" CC="7"/>
							<SP ID="P9_SP00089" HPOS="261" VPOS="3445" WIDTH="2"/>
							<String ID="P9_ST00117" HPOS="263" VPOS="3386" WIDTH="51" HEIGHT="59" CONTENT="1^" STYLE="superscript" WC="0.24" CC="08"/>
							<String ID="P9_ST00118" HPOS="317" VPOS="3387" WIDTH="10" HEIGHT="22" CONTENT="1" STYLE="superscript" WC="0.45" CC="5"/>
							<String ID="P9_ST00119" HPOS="338" VPOS="3423" WIDTH="7" HEIGHT="15" CONTENT="," WC="0.55" CC="4"/>
							<SP ID="P9_SP00090" HPOS="345" VPOS="3445" WIDTH="37"/>
							<String ID="P9_ST00120" HPOS="382" VPOS="3425" WIDTH="7" HEIGHT="6" CONTENT="." WC="0.61" CC="3"/>
							<SP ID="P9_SP00091" HPOS="389" VPOS="3445" WIDTH="44"/>
							<String ID="P9_ST00121" HPOS="433" VPOS="3390" WIDTH="15" HEIGHT="22" CONTENT="s" STYLE="superscript" WC="0.36" CC="6"/>
							<String ID="P9_ST00122" HPOS="452" VPOS="3391" WIDTH="21" HEIGHT="42" CONTENT="?" WC="0.49" CC="5"/>
							<String ID="P9_ST00123" HPOS="475" VPOS="3391" WIDTH="38" HEIGHT="22" CONTENT="ns" STYLE="superscript" WC="1.00" CC="00"/>
							<SP ID="P9_SP00092" HPOS="513" VPOS="3445" WIDTH="29"/>
							<String ID="P9_ST00124" HPOS="542" VPOS="3393" WIDTH="87" HEIGHT="22" CONTENT="caco" STYLE="superscript" WC="0.56" CC="4804"/>
							<String ID="P9_ST00125" HPOS="631" VPOS="3377" WIDTH="35" HEIGHT="59" CONTENT="p}" WC="0.52" CC="27"/>
							<String ID="P9_ST00126" HPOS="666" VPOS="3394" WIDTH="63" HEIGHT="22" CONTENT="lon" STYLE="superscript" WC="0.56" CC="444"/>
							<String ID="P9_ST00127" HPOS="732" VPOS="3379" WIDTH="10" HEIGHT="37" CONTENT="i" WC="0.14" CC="8"/>
							<String ID="P9_ST00128" HPOS="746" VPOS="3395" WIDTH="11" HEIGHT="22" CONTENT="c" STYLE="superscript" WC="0.24" CC="7"/>
							<String ID="P9_ST00129" HPOS="757" VPOS="3395" WIDTH="89" HEIGHT="32" CONTENT="j|ues." WC="0.69" CC="764000"/>
							<SP ID="P9_SP00093" HPOS="846" VPOS="3445" WIDTH="32"/>
							<String ID="P9_ST00130" HPOS="878" VPOS="3382" WIDTH="155" HEIGHT="40" CONTENT="Comme" WC="1.00" CC="10000"/>
							<SP ID="P9_SP00094" HPOS="1033" VPOS="3445" WIDTH="29"/>
							<String ID="P9_ST00131" HPOS="1062" VPOS="3394" WIDTH="74" HEIGHT="28" CONTENT="tant" WC="0.99" CC="0040"/>
							<SP ID="P9_SP00095" HPOS="1136" VPOS="3445" WIDTH="27"/>
							<String ID="P9_ST00132" HPOS="1163" VPOS="3384" WIDTH="161" HEIGHT="40" CONTENT="d'autres" WC="1.00" CC="04000000"/>
							<SP ID="P9_SP00096" HPOS="1324" VPOS="3445" WIDTH="28"/>
							<String ID="P9_ST00133" HPOS="1352" VPOS="3384" WIDTH="276" HEIGHT="46" CONTENT="améliorations," WC="1.00" CC="00640000941301"/>
							<SP ID="P9_SP00097" HPOS="1628" VPOS="3445" WIDTH="32"/>
							<String ID="P9_ST00134" HPOS="1660" VPOS="3385" WIDTH="143" HEIGHT="40" CONTENT="celle-ci" WC="0.99" CC="00330302"/>
							<SP ID="P9_SP00098" HPOS="1803" VPOS="3445" WIDTH="27"/>
							<String ID="P9_ST00135" HPOS="1830" VPOS="3397" WIDTH="54" HEIGHT="28" CONTENT="est" WC="1.00" CC="000"/>
							<SP ID="P9_SP00099" HPOS="1884" VPOS="3445" WIDTH="28"/>
							<String ID="P9_ST00136" HPOS="1912" VPOS="3403" WIDTH="48" HEIGHT="22" CONTENT="un" WC="0.81" CC="03"/>
							<SP ID="P9_SP00100" HPOS="1960" VPOS="3445" WIDTH="39"/>
							<String ID="P9_ST00137" HPOS="1999" VPOS="3387" WIDTH="113" HEIGHT="48" CONTENT="grand" WC="0.99" CC="70000"/>
							<SP ID="P9_SP00101" HPOS="2112" VPOS="3445" WIDTH="34"/>
							<String ID="P9_ST00138" HPOS="2146" VPOS="3392" WIDTH="147" HEIGHT="45" CONTENT="progrès" WC="0.99" CC="0007260"/>
							<SP ID="P9_SP00102" HPOS="2293" VPOS="3445" WIDTH="28"/>
							<String ID="P9_ST00139" HPOS="2321" VPOS="3389" WIDTH="91" HEIGHT="39" CONTENT="dans" WC="1.00" CC="0000"/>
						</TextLine>
						<TextLine ID="P9_TL00027" HPOS="241" VPOS="3424" WIDTH="2171" HEIGHT="66">
							<String ID="P9_ST00140" HPOS="241" VPOS="3424" WIDTH="33" HEIGHT="36" CONTENT="la" WC="0.79" CC="40"/>
							<SP ID="P9_SP00103" HPOS="274" VPOS="3460" WIDTH="27"/>
							<String ID="P9_ST00141" HPOS="301" VPOS="3424" WIDTH="208" HEIGHT="42" CONTENT="fabrication" WC="0.99" CC="60603002632"/>
							<SP ID="P9_SP00104" HPOS="509" VPOS="3466" WIDTH="28"/>
							<String ID="P9_ST00142" HPOS="537" VPOS="3428" WIDTH="65" HEIGHT="39" CONTENT="des" WC="1.00" CC="000"/>
							<SP ID="P9_SP00105" HPOS="602" VPOS="3467" WIDTH="29"/>
							<String ID="P9_ST00143" HPOS="631" VPOS="3430" WIDTH="126" HEIGHT="48" CONTENT="pianos" WC="0.99" CC="030300"/>
							<SP ID="P9_SP00106" HPOS="757" VPOS="3478" WIDTH="29"/>
							<String ID="P9_ST00144" HPOS="786" VPOS="3441" WIDTH="35" HEIGHT="28" CONTENT="et" WC="1.00" CC="00"/>
							<SP ID="P9_SP00107" HPOS="821" VPOS="3478" WIDTH="29"/>
							<String ID="P9_ST00145" HPOS="850" VPOS="3448" WIDTH="47" HEIGHT="23" CONTENT="un" WC="0.92" CC="01"/>
							<SP ID="P9_SP00108" HPOS="897" VPOS="3478" WIDTH="28"/>
							<String ID="P9_ST00146" HPOS="925" VPOS="3439" WIDTH="148" HEIGHT="44" CONTENT="progrès" WC="0.99" CC="0030060"/>
							<SP ID="P9_SP00109" HPOS="1073" VPOS="3483" WIDTH="28"/>
							<String ID="P9_ST00147" HPOS="1101" VPOS="3451" WIDTH="94" HEIGHT="34" CONTENT="pour" WC="1.00" CC="0100"/>
							<SP ID="P9_SP00110" HPOS="1195" VPOS="3485" WIDTH="26"/>
							<String ID="P9_ST00148" HPOS="1221" VPOS="3436" WIDTH="123" HEIGHT="50" CONTENT="lequel" WC="1.00" CC="000004"/>
							<SP ID="P9_SP00111" HPOS="1344" VPOS="3486" WIDTH="28"/>
							<String ID="P9_ST00149" HPOS="1372" VPOS="3448" WIDTH="81" HEIGHT="28" CONTENT="tous" WC="1.00" CC="0000"/>
							<SP ID="P9_SP00112" HPOS="1453" VPOS="3486" WIDTH="29"/>
							<String ID="P9_ST00150" HPOS="1482" VPOS="3436" WIDTH="52" HEIGHT="40" CONTENT="les" WC="0.98" CC="400"/>
							<SP ID="P9_SP00113" HPOS="1534" VPOS="3486" WIDTH="38"/>
							<String ID="P9_ST00151" HPOS="1572" VPOS="3438" WIDTH="141" HEIGHT="39" CONTENT="artistes" WC="1.00" CC="00060010"/>
							<SP ID="P9_SP00114" HPOS="1713" VPOS="3486" WIDTH="42"/>
							<String ID="P9_ST00152" HPOS="1755" VPOS="3449" WIDTH="36" HEIGHT="27" CONTENT="et" WC="1.00" CC="00"/>
							<SP ID="P9_SP00115" HPOS="1791" VPOS="3486" WIDTH="37"/>
							<String ID="P9_ST00153" HPOS="1828" VPOS="3449" WIDTH="181" HEIGHT="29" CONTENT="amateurs" WC="1.00" CC="00000008"/>
							<SP ID="P9_SP00116" HPOS="2009" VPOS="3486" WIDTH="39"/>
							<String ID="P9_ST00154" HPOS="2048" VPOS="3439" WIDTH="116" HEIGHT="39" CONTENT="doués" WC="0.99" CC="01160"/>
							<SP ID="P9_SP00117" HPOS="2164" VPOS="3486" WIDTH="29"/>
							<String ID="P9_ST00155" HPOS="2193" VPOS="3440" WIDTH="89" HEIGHT="39" CONTENT="d'un" WC="0.99" CC="0302"/>
							<SP ID="P9_SP00118" HPOS="2282" VPOS="3486" WIDTH="42"/>
							<String ID="P9_ST00156" HPOS="2324" VPOS="3452" WIDTH="88" HEIGHT="38" CONTENT="gout" WC="0.64" CC="4080"/>
						</TextLine>
						<TextLine ID="P9_TL00028" HPOS="241" VPOS="3476" WIDTH="896" HEIGHT="51">
							<String ID="P9_ST00157" HPOS="241" VPOS="3476" WIDTH="130" HEIGHT="38" CONTENT="délicat" WC="0.99" CC="9604000"/>
							<SP ID="P9_SP00119" HPOS="371" VPOS="3514" WIDTH="27"/>
							<String ID="P9_ST00158" HPOS="398" VPOS="3492" WIDTH="87" HEIGHT="24" CONTENT="vous" WC="1.00" CC="0000"/>
							<SP ID="P9_SP00120" HPOS="485" VPOS="3516" WIDTH="28"/>
							<String ID="P9_ST00159" HPOS="513" VPOS="3478" WIDTH="153" HEIGHT="41" CONTENT="devront" WC="0.99" CC="0006320"/>
							<SP ID="P9_SP00121" HPOS="666" VPOS="3519" WIDTH="26"/>
							<String ID="P9_ST00160" HPOS="692" VPOS="3481" WIDTH="49" HEIGHT="40" CONTENT="de" WC="1.00" CC="00"/>
							<SP ID="P9_SP00122" HPOS="741" VPOS="3521" WIDTH="28"/>
							<String ID="P9_ST00161" HPOS="769" VPOS="3481" WIDTH="33" HEIGHT="40" CONTENT="la" WC="0.75" CC="50"/>
							<SP ID="P9_SP00123" HPOS="802" VPOS="3521" WIDTH="27"/>
							<String ID="P9_ST00162" HPOS="829" VPOS="3498" WIDTH="308" HEIGHT="29" CONTENT="reconnaissance." WC="1.00" CC="710135030004000"/>
						</TextLine>
						<TextLine ID="P9_TL00029" HPOS="342" VPOS="3539" WIDTH="1745" HEIGHT="67">
							<String ID="P9_ST00163" HPOS="342" VPOS="3539" WIDTH="170" HEIGHT="43" CONTENT="Veuillez" WC="0.99" CC="00062210"/>
							<SP ID="P9_SP00124" HPOS="512" VPOS="3582" WIDTH="28"/>
							<String ID="P9_ST00164" HPOS="540" VPOS="3556" WIDTH="177" HEIGHT="39" CONTENT="accepter," WC="1.00" CC="000000000"/>
							<SP ID="P9_SP00125" HPOS="717" VPOS="3595" WIDTH="34"/>
							<String ID="P9_ST00165" HPOS="751" VPOS="3547" WIDTH="218" HEIGHT="47" CONTENT="Messieurs," WC="1.00" CC="0000700020"/>
							<SP ID="P9_SP00126" HPOS="969" VPOS="3595" WIDTH="28"/>
							<String ID="P9_ST00166" HPOS="997" VPOS="3568" WIDTH="88" HEIGHT="23" CONTENT="avec" WC="1.00" CC="0000"/>
							<SP ID="P9_SP00127" HPOS="1085" VPOS="3595" WIDTH="28"/>
							<String ID="P9_ST00167" HPOS="1113" VPOS="3570" WIDTH="75" HEIGHT="23" CONTENT="mes" WC="1.00" CC="000"/>
							<SP ID="P9_SP00128" HPOS="1188" VPOS="3595" WIDTH="29"/>
							<String ID="P9_ST00168" HPOS="1217" VPOS="3554" WIDTH="252" HEIGHT="50" CONTENT="compliments" WC="1.00" CC="00005200200"/>
							<SP ID="P9_SP00129" HPOS="1469" VPOS="3604" WIDTH="28"/>
							<String ID="P9_ST00169" HPOS="1497" VPOS="3554" WIDTH="220" HEIGHT="40" CONTENT="l'assurance" WC="1.00" CC="34000000400"/>
							<SP ID="P9_SP00130" HPOS="1717" VPOS="3604" WIDTH="27"/>
							<String ID="P9_ST00170" HPOS="1744" VPOS="3554" WIDTH="49" HEIGHT="40" CONTENT="de" WC="1.00" CC="00"/>
							<SP ID="P9_SP00131" HPOS="1793" VPOS="3604" WIDTH="28"/>
							<String ID="P9_ST00171" HPOS="1821" VPOS="3572" WIDTH="84" HEIGHT="22" CONTENT="mon" WC="1.00" CC="000"/>
							<SP ID="P9_SP00132" HPOS="1905" VPOS="3604" WIDTH="28"/>
							<String ID="P9_ST00172" HPOS="1933" VPOS="3568" WIDTH="154" HEIGHT="38" CONTENT="respect." WC="1.00" CC="40000103"/>
						</TextLine>
						<TextLine ID="P9_TL00030" HPOS="1741" VPOS="3646" WIDTH="539" HEIGHT="43">
							<String ID="P9_ST00173" HPOS="1741" VPOS="3646" WIDTH="244" HEIGHT="40" CONTENT="HECTOR" WC="0.99" CC="040410"/>
							<SP ID="P9_SP00133" HPOS="1985" VPOS="3686" WIDTH="32"/>
							<String ID="P9_ST00174" HPOS="2017" VPOS="3648" WIDTH="263" HEIGHT="41" CONTENT="BERLIOZ." WC="0.99" CC="06011004"/>
						</TextLine>
					</TextBlock>
				</ComposedBlock>
			</PrintSpace>
		</Page>
	</Layout>
</alto>
