2984 4409
237 264 508 73 CAUSERIE
811 264 197 69 SUR
1072 264 121 67 LE
1260 264 280 70 CHEF
1605 264 723 71 D'ORCHESTRE

2458 290 95 68 73

160 420 190 48 Comme
384 429 120 29 nous
539 412 42 45 le
617 429 197 47 voyons,
849 429 75 29 ces
952 412 124 46 deux
1103 412 198 63 qualités
1321 424 107 35 sont
1457 412 266 64 étrangères
1749 412 26 47 à
1800 412 106 47 l'art
1932 412 212 62 musical,
2174 415 115 45 mais
2319 414 112 47 n'en
2458 426 107 35 sont

68 523 14 44 p
85 517 27 31 as
131 492 131 49 moins
289 483 283 49 essentielles
600 483 114 47 dans
741 483 42 46 la
810 484 229 61 pratique.

160 563 75 47 Par
278 554 235 49 l'autorité
558 572 62 28 on
663 556 98 44 voit
795 567 202 34 souvent
1031 555 259 62 accomplir
1318 555 79 47 des
1434 556 230 62 prodiges.
1706 555 195 47 L'hiver
1929 556 198 60 dernier,
2168 574 116 43 pour
2315 556 113 46 faire
2455 556 82 46 exé-

66 653 83 39 cuter
179 633 38 47 la
247 645 142 30 messe
425 643 59 29 en
521 626 49 47 ré
610 626 56 46 de
707 626 277 46 Beethoven
1024 643 80 44 par
1146 639 101 47 250
1284 626 293 61 exécutants,
1618 626 117 46 dont
1773 626 43 47 la
1855 628 206 62 majeure
2100 628 146 60 partie
2278 627 177 46 étaient
2488 628 76 46 des

64 713 99 49 élèves
201 703 49 46 de
296 700 41 46 la
381 697 186 61 Schola,
610 697 255 47 Monsieur
907 697 173 65 d'lndy
1119 715 25 29 a
1190 717 58 27 eu
1275 710 165 34 autant
1470 699 158 45 besoin
1657 699 56 45 de
1739 716 84 28 son
1856 699 200 62 prestige
2085 716 91 44 que
2204 699 56 45 de
2286 716 83 28 son
2397 697 163 48 talent.

65 786 81 48 Pour
188 770 267 62 interpréter
506 786 95 29 une
645 786 165 29 oeuvre
856 770 118 46 aussi
1026 769 205 60 difficile,
1280 769 30 46 il
1364 769 112 47 était
1512 787 59 29 en
1613 769 112 47 effet
1767 769 357 62 indispensable,
2166 786 58 29 en
2266 781 123 35 cette
2423 786 114 30 occu-

65 868 106 40 rence,
207 861 85 47 que
324 842 41 46 le
401 841 115 46 chef
542 839 251 48 bénéficiât
833 840 143 47 d'une
1012 842 237 45 attention
1289 840 380 62 exceptionnelle
1711 841 56 46 de
1806 840 43 47 la
1890 852 102 50 part
2027 840 78 47 des
2139 840 290 47 exécutants.
2467 839 98 48 Tel

64 945 35 29 ou
128 918 50 49 tel
215 915 150 48 artiste
412 913 57 45 de
515 911 149 47 talent
699 913 151 45 aurait
889 931 62 42 pu
995 912 169 63 diriger
1206 912 43 46 la
1276 930 147 28 messe
1456 912 56 46 de
1552 912 276 46 Beethoven
1873 912 25 46 à
1936 911 43 47 la
2015 911 130 62 place
2185 912 56 46 de
2270 912 77 46 M.
2376 911 189 65 d'lndy,

64 995 73 49 mais
170 987 74 49 nul
287 984 202 47 n'aurait
530 984 181 46 obtenu
754 1001 66 29 un
863 983 194 47 résultat
1104 982 100 64 égal
1251 983 25 46 à
1320 983 122 47 celui
1495 983 173 62 auquel
1719 1001 120 29 nous
1887 1000 144 30 avons
2080 983 156 47 assisté
2287 1000 135 44 parce
2473 1000 93 45 que

62 1078 173 54 personne
261 1075 57 29 ne
355 1057 222 60 pourrait,
607 1055 25 46 à
659 1054 42 47 la
729 1054 184 61 Schola,
944 1054 97 46 être
1068 1054 169 47 écouté
1264 1072 190 29 comme
1481 1054 104 47 l'est
1612 1055 78 47 M.
1721 1054 189 65 d'lndy.

161 1132 105 48 Dire
294 1145 116 45 pour
437 1126 177 63 quelles
641 1127 175 46 raisons
849 1144 67 28 un
953 1126 117 46 chef
1093 1144 26 28 a
1139 1144 63 28 ou
1228 1125 79 47 n'a
1334 1144 78 44 pas
1439 1125 250 47 d'autorité
1715 1125 277 64 allongerait
2019 1143 79 44 par
2125 1137 103 50 trop
2256 1136 124 36 cette
2407 1142 133 29 cause-

63 1211 49 57 rie,
134 1205 33 46 le
191 1198 217 67 principal
436 1210 68 35 est
544 1199 56 46 de
635 1199 150 46 savoir
824 1216 91 43 que
953 1197 44 46 la
1033 1197 244 62 discipline
1317 1209 68 35 est
1420 1215 94 29 une
1546 1198 246 46 condition
1830 1196 262 48 essentielle
2131 1214 118 44 pour
2284 1197 184 46 obtenir
2510 1197 57 45 de

65 1278 94 49 belles
181 1272 280 48 exécutions.
503 1270 78 47 En
621 1268 258 61 définitive,
920 1268 273 47 l'orchestre
1233 1280 68 35 est
1338 1287 97 28 une
1477 1270 221 45 machine
1741 1268 296 64 intelligente
2081 1269 116 46 mais
2232 1269 176 61 passive
2428 1284 9 29 :
2479 1266 88 47 elle

64 1348 126 51 n'obéit
214 1342 102 65 qu'à
342 1342 121 46 celui
490 1343 79 61 qui
598 1343 86 45 sait
711 1341 43 45 la
780 1340 325 48 commander.

161 1419 40 45 A
234 1412 212 64 l'Opéra,
493 1413 157 62 quand
700 1412 77 47 M.
832 1412 246 63 Messager
1130 1412 197 46 conduit
1546 1410 247 65 Walkyrie
1896 1409 391 63 l'interprétation
2341 1420 68 36 est
2459 1410 109 45 bien

63 1490 208 63 supérieure
306 1487 24 45 à
358 1503 52 29 ce
438 1484 174 63 qu'elle
654 1484 111 46 était
800 1501 107 30 sous
946 1483 42 48 la
1033 1484 232 45 direction
1306 1482 54 47 de
1402 1482 77 47 M.
1511 1482 225 63 Mangin,
1778 1482 80 63 qui
1898 1481 113 47 était
2049 1492 238 51 pourtant,
2327 1480 65 47 lui
2432 1481 134 59 aussi,

64 1581 40 30 un
132 1560 123 49 solide
295 1558 248 46 musicien.
574 1555 238 63 Pourquoi
853 1556 124 45 donc
1016 1566 125 36 cette
1181 1553 254 48 différence
1453 1552 15 48 ?
1508 1553 144 47 Parce
1692 1571 91 45 que
1820 1553 77 47 M.
1927 1553 244 63 Messager
2197 1570 26 29 a
2249 1553 56 45 de
2333 1551 236 47 l'autorité

63 1646 29 35 et
109 1650 69 45 que
202 1630 72 47 M.
304 1628 208 63 Mangin
541 1627 111 47 n'en
680 1628 123 45 avait
830 1644 99 45 pas;
966 1625 304 66 aujourd'hui
1298 1636 105 36 tout
1428 1625 44 47 le
1503 1625 177 47 monde
1706 1626 84 46 fait
1814 1625 235 46 attention
2078 1635 47 35 et
2158 1624 192 62 regarde
2376 1623 42 46 le
2446 1623 123 59 chef,

64 1705 106 47 tandis
191 1720 85 45 que
301 1699 206 65 naguère
536 1699 29 46 il
594 1717 60 28 en
683 1699 114 46 était
822 1710 288 35 autrement.

162 1774 33 47 Il
219 1773 115 47 n'est
361 1789 77 45 pas
465 1770 343 63 indispensable
836 1770 224 46 toutefois
1086 1769 176 47 d'avoir
1290 1768 42 47 la
1358 1767 234 48 notoriété
1621 1768 56 46 de
1713 1767 78 47 M.
1830 1766 171 65 d'lndy
2036 1783 62 30 ou
2126 1767 55 46 de
2220 1766 76 47 M.
2328 1765 243 63 Messager

66 1864 76 45 pour
164 1845 227 61 s'imposer
429 1844 25 45 à
481 1861 66 28 un
583 1843 254 59 orchestre,
879 1859 61 30 on
981 1852 114 51 peut
1134 1840 158 47 même
1325 1840 98 46 être
1462 1839 375 62 complètement
1875 1840 214 45 inconnu
2125 1855 60 29 en
2223 1855 46 29 se
2303 1836 269 62 présentant

65 1935 79 45 pour
165 1917 37 46 la
225 1915 225 63 première
490 1915 87 46 fois
603 1932 93 28 aux
723 1913 294 60 exécutants,
1057 1924 63 49 et,
1156 1912 131 62 après
1323 1911 227 63 quelques
1591 1912 208 45 minutes
1848 1909 260 47 d'exercice
2160 1909 126 46 avoir
2337 1907 152 64 gagné
2530 1906 43 47 la

64 1987 191 49 confiance
294 1999 60 48 et,
395 2004 81 45 par
514 1985 312 63 conséquent,
867 1983 270 48 l'attention
1167 1983 255 47 nécessaire
1450 1983 80 63 qui
1572 1995 183 49 permet
1794 1981 55 46 de
1882 1992 172 35 mettre
2085 1998 60 29 en
2183 1979 159 48 valeur
2378 1991 104 34 tous
2507 1978 65 47 les

64 2060 117 47 détails
205 2058 136 47 d'une
367 2076 165 29 oeuvre
559 2056 242 48 musicale.
833 2056 115 48 Ceci
977 2067 68 35 est
1066 2053 157 49 affaire
1251 2054 346 61 d'expérience,
1626 2053 56 47 de
1710 2064 96 36 tact
1832 2064 47 35 et
1913 2053 57 45 de
1998 2050 199 48 fermeté
2228 2051 58 46 de
2320 2049 249 48 caractère.

247 2132 45 45 A
320 2148 50 29 ce
398 2131 136 63 sujet,
559 2131 47 63 je
634 2146 60 29 ne
722 2129 103 61 puis
845 2127 181 47 oublier
1054 2140 248 34 comment
1329 2126 42 47 le
1402 2125 365 62 Kapellmeister
1795 2123 320 64 Mengelberg
2140 2140 47 29 se
2214 2121 214 63 présenta
2454 2121 25 46 à
2504 2138 67 29 un

64 2204 183 45 orchestre
286 2202 196 62 parisien
500 2218 9 31 :
551 2218 105 30 sans
694 2201 208 46 discours
941 2197 231 64 préalable
1211 2210 48 34 et
1299 2197 93 47 très
1441 2195 321 63 simplement,
1804 2195 30 47 il
1874 2194 234 47 demanda
2150 2212 61 28 au
2254 2204 218 35 moment
2516 2192 57 45 de

65 2291 249 30 commencer
339 2291 47 30 sa
412 2272 253 62 répétition
701 2289 92 45 que
833 2270 98 47 l'on
967 2269 233 64 changeât
1238 2268 44 47 la
1320 2268 130 63 place
1490 2267 255 47 habituelle
1785 2267 56 45 de
1879 2265 222 63 quelques
2141 2265 395 47 instrumentistes
2558 2284 13 37 ;

66 2345 79 60 puis,
167 2362 93 30 sans
297 2346 240 61 partition,
573 2345 197 45 sachant
809 2341 226 48 d'avance
1074 2359 53 29 ce
1162 2340 115 63 qu'il
1304 2340 193 61 voulait,
1536 2350 49 36 et
1623 2357 54 29 ce
1703 2356 92 45 que
1834 2339 182 61 chaque
2054 2338 286 45 instrument
2381 2334 192 63 pouvait

67 2415 40 46 lui
142 2416 177 61 donner,
371 2416 31 47 il
453 2416 93 46 tint
596 2414 275 47 l'orchestre
915 2413 174 48 durant
1134 2413 124 46 deux
1304 2413 168 45 heures
1509 2428 77 29 sur
1621 2428 96 29 une
1761 2420 252 36 ouverture
2059 2408 57 47 de
2163 2407 277 46 Beethoven
2482 2422 91 46 que

66 2497 71 36 tout
167 2487 37 46 le
239 2488 172 47 monde
449 2488 144 46 savait
631 2486 26 47 à
696 2505 91 43 peu
825 2485 103 62 près
977 2502 80 45 par
1110 2502 148 29 cœur.
1289 2482 94 49 Les
1418 2481 293 61 exécutants,
1758 2478 315 64 interloquées
2113 2489 106 36 tout
2264 2477 190 48 d'abord
2494 2493 80 44 par

66 2574 42 28 un
128 2559 121 60 pareil
276 2559 408 47 bouleversement
706 2558 114 46 dans
845 2557 124 46 leurs
996 2556 261 60 habitudes,
1277 2555 292 61 comprirent
1595 2554 93 45 vite
1710 2552 139 63 qu'ils
1868 2552 188 46 avaient
2075 2548 159 49 affaire
2260 2549 26 48 à
2312 2546 261 65 quelqu'un

67 2630 53 58 qui
152 2632 142 59 savait,
330 2632 79 61 qui
445 2631 193 61 pouvait
675 2641 48 35 et
758 2630 80 61 qui
874 2628 199 58 voulait;
1124 2627 52 47 ils
1221 2644 59 30 en
1325 2637 170 36 eurent
1534 2623 45 48 la
1619 2642 172 44 preuve
1835 2641 61 29 au
1936 2632 196 37 concert
2181 2620 62 47 où
2288 2619 286 48 l'ouverture

67 2699 79 47 ainsi
170 2702 223 47 travaillée
421 2703 72 46 fut
522 2701 143 48 bissée
694 2700 415 47 d'enthousiasme.

255 2773 69 47 La
349 2773 176 64 qualité
553 2773 63 46 du
645 2773 101 46 bras
773 2783 67 35 est
875 2788 66 29 un
981 2771 93 46 don
1103 2769 229 65 physique
1359 2769 81 62 qui
1468 2768 121 46 tient
1616 2766 25 47 à
1676 2765 133 47 l'être
1846 2766 198 45 humain
2072 2762 265 48 lui-même.
2364 2761 71 47 La
2473 2778 77 45 pra-

68 2840 92 62 tique
190 2856 104 49 peut
321 2844 279 63 développer
627 2862 53 29 ce
720 2844 94 45 don
854 2844 120 45 chez
1002 2859 122 30 ceux
1158 2841 79 62 qui
1273 2859 31 46 y
1330 2851 107 35 sont
1482 2837 304 64 prédisposés;
1832 2837 130 59 mais,
2004 2837 119 46 chez
2159 2852 120 29 ceux
2323 2833 80 63 qui
2441 2830 136 48 n'ont

68 2927 53 43 pas
153 2914 46 47 de
240 2916 353 62 prédisposition
637 2915 266 47 antérieure
939 2913 287 47 l'éducation
1267 2911 46 48 la
1356 2910 103 63 plus
1501 2909 190 64 soignée
1733 2926 60 29 ne
1835 2909 210 45 donnera
2085 2908 121 56 rien;
2254 2904 53 47 ils
2347 2914 231 36 resteront

69 2982 129 50 devant
238 3006 91 28 une
369 2987 199 47 barrière
614 2986 193 47 fermée.
856 2984 132 48 C'est
1030 2984 231 62 pourquoi
1312 2982 98 47 l'on
1458 2982 99 46 voit
1602 2981 78 46 des
1719 2980 130 47 chefs
1889 2978 285 47 d'orchestre
2211 2987 143 54 ayant
2394 2987 60 49 25
2497 2991 82 30 ans

69 3051 213 54 d'exercice
309 3060 96 46 être
434 3059 245 46 inférieurs
706 3058 24 45 à
758 3057 56 46 de
841 3056 423 63 quasi-débutants.

260 3130 284 47 L'habitude
564 3130 186 47 défaire
774 3129 56 46 de
851 3127 272 47 l'orchestre
1150 3136 184 52 permet
1355 3122 287 64 d'apprécier
1669 3121 329 62 l'importance
2027 3120 64 46 du
2119 3120 100 46 bras
2240 3117 253 58 directeur;
2517 3132 61 30 on

68 3209 30 30 se
127 3201 97 45 rend
262 3215 186 49 compte
487 3212 249 37 comment
774 3203 202 43 certains
1014 3210 148 50 gestes
1189 3196 284 47 défectueux
1513 3195 63 46 du
1602 3194 115 47 chef
1753 3204 207 51 peuvent
1981 3192 120 64 jeter
2129 3190 61 46 du
2227 3189 213 47 désordre
2468 3187 113 46 dans

69 3263 28 47 1*
125 3270 279 65 polyphonie,
445 3274 223 46 combien
707 3290 95 28 une
842 3288 184 29 mesure
1065 3268 144 47 molle
1259 3285 62 29 ou
1360 3265 245 63 imprécise
1656 3264 115 47 rend
1824 3264 64 46 les
1933 3264 278 60 interprètes
2260 3260 224 46 hésitants
2534 3268 46 36 et

70 3342 234 49 occasionne
331 3344 391 48 inévitablement
749 3344 78 45 des
853 3357 188 32 accrocs
1068 3341 113 45 dans
1209 3337 306 48 l'exécution.

179 3414 40 46 A
246 3432 49 29 ce
323 3434 166 44 propos
510 3418 46 63 je
589 3416 98 46 dois
711 3413 203 64 signaler
941 3413 58 46 ici
1026 3429 66 29 un
1128 3411 117 61 petit
1277 3411 82 44 fait
1386 3418 216 37 amusant
1629 3407 80 62 qui
1736 3424 47 29 se
1810 3405 187 62 produit
2023 3402 160 64 quand
2210 3401 13 46 1
2246 3403 233 44 orchestre
2515 3410 68 34 est

71 3476 110 67 dirigé
217 3503 74 43 par
329 3505 65 28 un
434 3488 230 46 débutant
683 3504 11 30 :
730 3485 187 62 lorsque
954 3482 192 48 celui-ci
1185 3492 112 35 veut
1324 3495 305 32 commencer
1656 3495 65 29 un
1762 3493 221 30 morceau
2025 3486 45 35 et
2096 3472 115 65 qu'il
2249 3472 83 46 fait
2376 3471 41 46 le
2451 3471 132 61 signe

71 3546 43 48 du
135 3552 145 63 départ
447 3559 227 59 Souvent,
703 3575 59 28 au
790 3556 94 46 lieu
911 3556 57 45 de
995 3554 224 61 l'attaque
1247 3551 216 64 générale
1490 3549 116 64 qu'il
1642 3549 119 46 croit
1800 3545 308 49 commander
2134 3561 112 30 avec
2273 3560 47 29 sa
2347 3544 234 60 baguette,

71 3616 19 46 il
113 3621 61 48 bat
204 3643 79 31 son
316 3631 200 59 premier
551 3641 155 49 temps
743 3627 26 47 à
803 3626 107 47 vide
937 3624 309 64 (c'est-à-dirc
1284 3639 104 30 sans
1414 3639 66 29 un
1520 3620 179 62 départ)
1726 3637 60 28 au
1813 3618 146 63 grand
1989 3625 312 38 etonnement
2329 3613 54 46 de
2412 3624 104 35 tout
2542 3612 42 46 le

71 3695 138 48 monde
235 3711 43 34 et
302 3713 185 34 surtout
513 3719 59 28 au
597 3702 116 45 sien.
