2984 4409
334 1922 79 52 Au
547 1918 274 53 lendemain
1153 1914 132 53 d'un
1517 1926 201 57 mystère
1980 1908 242 73 familial
2541 1909 71 72 qui
1937 1903 154 54 éclair
2091 1904 59 67 ci,

39 1999 150 73 public
217 2017 30 33 a
277 1997 71 53 été
373 1993 222 56 ramenée
622 2011 116 34 vers
768 2008 65 36 un
863 2008 107 34 nom
1002 1989 101 72 qui,
1134 1987 173 69 depuis
1326 1985 119 70 plus
1473 1984 61 53 de
1563 1997 108 40 cent
1695 1984 263 71 cinquante
1982 1999 109 50 ans,
2114 2000 21 35 s
2156 1994 71 40 est
2250 1978 193 72 affirmé
2469 1978 125 52 dans

39 2079 37 54 le
171 2077 219 54 domaine
661 2074 80 53 des
876 2087 137 49 arts;
1173 2072 60 71 je
1350 2087 134 37 veux
1502 2068 183 71 parler
2070 2067 82 53 des
1163 2065 254 54 BERTON.
1450 2065 53 51 A

39 2153 238 57 scandales
305 2149 327 72 interprètent,
665 2147 184 54 chacun
881 2145 29 54 à
941 2166 54 33 sa
1046 2145 239 65 maniéré,
1316 2141 82 54 des
1446 2139 242 55 accidents
1730 2138 237 73 auxquels
2008 2155 58 36 on
2108 2157 30 31 a
2180 2135 162 55 donné
2387 2133 180 72 l'appa-

39 2252 132 34 rence
197 2230 125 54 d'un
352 2230 188 65 drame,
570 2227 42 53 il
636 2246 74 33 me
734 2225 183 70 paraît
940 2221 280 70 infiniment
1246 2221 200 54 curieux
1473 2219 61 52 de
1548 2218 147 70 faire
1724 2218 209 52 revivre
1962 2234 66 34 un
2062 2216 193 52 ancêtre
2283 2214 83 52 des
2396 2213 198 66 Berton,

39 2312 42 53 le
99 2310 112 71 plus
241 2308 182 53 illustre
451 2307 29 52 à
512 2321 114 55 coup
655 2305 102 68 sûr,
801 2304 43 52 le
862 2303 118 70 plus
1025 2300 298 54 intéressant
1366 2299 151 67 aussi,
1564 2294 310 56 c'est-à-dire
1920 2295 173 52 Pierre
2141 2293 224 53 Montan
2414 2291 182 52 Berton

39 2387 372 75 (1727-1780)
442 2387 166 50 artiste
636 2384 61 52 de
739 2381 187 68 mérite,
956 2381 249 53 directeur
1229 2378 61 53 de
1331 2376 316 54 l'Académie
1677 2373 163 71 royale
1867 2374 61 52 de
1957 2371 244 74 Musique
2243 2384 48 39 et
2328 2368 243 55 collabora-

47 2479 106 41 teur
306 2465 58 52 de
489 2463 169 54 Gluck.

344 2544 74 52 Le
545 2542 191 53 hasard
971 2542 84 72 qui
1167 2540 235 71 favorise
1697 2538 66 53 les
1887 2535 305 67 chercheurs,
2559 2533 53 54 m'

39 2622 395 71 graphe.,
270 2638 90 36 une
740 2632 122 40 sorte
1037 2618 60 53 de
1215 2616 288 73 biographie
1849 2613 317 73 anecdotique
2566 2611 46 54 du

56 2717 77 34 son
240 2696 100 69 fils.

211 2776 71 51 Le
410 2789 263 40 narrateur
987 2774 83 74 qui
1205 2792 48 35 se
1356 2773 145 53 laisse
1703 2770 131 53 aller
1846 2769 201 71 parfois
2450 2787 101 34 aux

39 2854 254 69 produisit,
341 2853 69 52 lui
437 2853 147 67 aussi,
635 2849 223 75 quantité
899 2848 312 72 d'ouvrages
1248 2845 178 71 parmi
1469 2843 202 73 lesquels
1717 2843 212 52 certains
1968 2853 107 40 sont
2112 2836 160 55 d'une
2298 2836 167 71 forme
2507 2834 94 53 très

62 2930 302 74 dramatique
722 2944 47 39 et
862 2930 155 53 d'une
1230 2930 209 52 écriture
1705 2926 257 73 originale.
2281 2924 86 54 Né
2384 2924 31 52 à
2434 2924 152 53 Paris
1586 2920 142 69 1767
1737 2963 13 24 >
2438 2912 163 70 1760,

63 3008 200 69 d'après
517 3027 78 34 son
710 3024 184 56 propre
1136 3027 153 48 aveu,
1501 3006 42 52 il
1634 3005 201 70 remplit
2084 3023 95 34 une
2330 3001 216 55 carrière

68 3086 331 73 inexpliquées,
842 3100 48 38 et
1037 3084 327 71 récompensée
1797 3084 60 51 de
2025 3081 299 54 distinctions

68 3161 271 71 l'influence
664 3164 249 67 italienne,
1218 3164 42 51 il
1347 3182 49 34 se
1502 3174 191 41 montra
1970 3171 210 42 souvent
2467 3160 145 71 injust

53 3240 141 52 Mais
221 3241 119 54 doué
366 3241 156 54 d'une
551 3240 193 55 volonté
768 3237 363 69 inébranlable,
1162 3236 43 52 il
1223 3235 250 71 produisit
1496 3251 126 35 avec
1650 3234 358 52 acharnement
2031 3243 48 38 et
2103 3248 48 34 se
2164 3226 72 69 fit
2260 3227 197 52 estimer
2481 3224 126 53 dans

54 3330 96 40 tous
176 3319 63 52 les
259 3339 188 52 genres,
477 3320 169 70 depuis
674 3319 51 53 la
757 3331 193 41 cantate
979 3330 48 40 et
1051 3316 256 52 l'oratorio
1318 3312 213 74 jusqu'à
1562 3310 443 72 Vopéra-comique
2027 3321 48 38 et
2100 3307 42 52 le
2184 3306 175 52 drame
2401 3304 204 72 lyrique.

91 3395 45 51 Il
223 3396 172 52 écrivit
407 3397 116 70 plus
880 3399 58 52 de
1058 3410 242 60 quarante
1604 3414 260 53 ouvrages,
1881 3394 95 70 fut
1992 3392 285 70 professeur
2405 3380 203 73 (1795)

58 3472 235 55 directeur
317 3475 57 52 de
404 3476 48 51 la
484 3476 216 71 musique
729 3474 29 52 à
791 3472 225 70 l'Opéra
1042 3471 223 74 (1807),
1295 3469 122 71 chef
1429 3467 61 54 de
1517 3469 153 52 chant
1712 3466 125 53 dans
1882 3464 44 54 le
1971 3465 152 51 même
2170 3461 188 53 théâtre
2409 3457 201 75 (1809)

87 3563 45 38 et
222 3551 205 52 membre
688 3554 59 51 de
720 3551 389 73 l'Institut(1815).
1911 3551 52 52 Il
2064 3563 199 40 mourut
2509 3565 57 34 en
1366 3551 162 64 1844.

207 3627 94 54 Les
331 3630 309 67 Souvenirs,
672 3629 118 53 dont
834 3646 117 36 nous
988 3626 236 71 publions
1272 3626 61 52 ici
1383 3625 43 52 le
1469 3622 277 54 manuscrit
1789 3618 173 69 inédit,
2008 3638 48 34 se
2102 3627 292 60 rapportent
2436 3629 100 38 tous
2580 3632 31 32 a

62 3704 160 52 Pierre
251 3707 215 54 Montan
495 3709 201 67 Berton,
726 3707 229 52 musicien
985 3705 60 53 de
1074 3705 172 67 talent,
1276 3716 48 40 et
1349 3704 82 72 qui
1465 3720 47 36 se
1562 3714 183 39 trouva
1785 3697 153 71 placé
1970 3711 109 56 par
2123 3695 50 53 la
2210 3693 207 72 fortune
2467 3712 31 31 a
2546 3709 66 35 un
