2984 4409
1503 252 64 70 S.
1635 254 68 70 I.
1773 251 110 73 M.

423 278 104 69 94

419 404 218 60 baguette
665 400 113 47 d'un
808 399 220 50 Safonoff
1046 417 60 28 ou
1135 399 112 45 d'un
1277 397 297 61 Kaïanonce,
1604 400 116 44 mais
1746 416 58 28 en
1840 396 126 63 dépit
1994 397 80 47 des
2103 396 181 48 feuilles
2309 396 170 47 locales
2505 397 77 62 qui
2612 397 243 50 trahissent
2888 424 19 43 p
2909 429 26 30 ar

417 485 102 49 trop
549 472 41 46 la
616 472 264 46 décadence
909 472 55 45 de
992 470 332 58 l'admiration,
1356 469 28 46 il
1411 487 48 29 se
1486 468 185 47 relâche
1700 470 169 60 parfois
1895 480 46 34 et
1968 485 207 44 manque
2204 485 79 44 par
2310 470 176 45 instant
2514 468 55 45 de
2610 467 225 62 précision
2867 492 68 39 sous

417 543 40 46 la
485 544 229 45 direction
743 543 200 61 quelque
971 559 90 43 peu
1088 539 219 48 saccadée
1336 539 56 47 de
1418 557 82 30 son
1531 539 236 64 coryphée
1796 538 208 48 habituel
2034 538 77 48 M.
2142 538 52 48 P.
2225 538 37 48 I.
2293 538 371 64 Malichewsky,
2688 556 79 44 par
2792 541 145 60 ailleurs

415 615 318 60 compositeur
761 614 55 45 de
844 612 90 47 réel
965 612 182 59 mérite,
1177 609 234 48 excellent
1439 611 190 61 disciple
1658 612 55 45 de
1741 609 324 50 Glazounow.

558 684 71 47 Le
656 684 182 47 célèbre
867 684 166 45 maître
1062 682 284 46 d'orchestre
1376 682 54 45 de
1460 681 208 47 Moscou
1696 682 78 48 M.
1805 679 224 62 Safonoff,
2059 679 163 63 appelé
2249 679 25 48 à
2303 681 169 62 diriger
2500 680 64 47 les
2592 680 125 46 deux
2757 689 179 53 premiers

414 767 216 34 concerts
658 755 53 45 de
740 755 41 45 la
807 754 167 60 saison,
1004 770 118 29 nous
1147 750 53 47 fit
1227 753 166 61 goûter
1421 765 134 33 entre
1581 765 155 35 autres
1762 753 341 60 compositions
2141 752 319 59 orchestrales,
2490 751 42 47 la
2575 763 22 48 sme5
2605 753 52 21 me
2695 755 241 59 symphonie

414 826 54 44 de
509 825 376 62 Tchaïkowsky,
914 824 42 46 la
993 823 221 47 sérénade
1251 841 60 28 en
1352 822 46 47 ré
1439 825 54 45 de
1534 823 212 61 Mozart,
1775 824 43 46 la
1845 823 272 63 cinquième
2144 824 285 63 symphonie
2458 823 56 46 de
2542 822 275 47 Beethoven
2847 840 38 33 et
2913 833 24 49 le

414 895 233 46 délicieux
675 895 184 46 tableau
879 896 352 62 symphonique
1258 912 10 29 :
1299 893 71 48 Le
1400 894 287 62 Printemps,
1718 896 56 46 de
1803 894 326 49 Glazounow.

555 966 72 46 Le
654 966 237 46 troisième
918 978 194 34 concert
1139 965 147 62 dirigé
1314 982 79 44 par
1422 965 78 47 M.
1530 966 56 46 B.
1616 966 37 47 I.
1685 966 353 64 Malichewsky
2067 964 251 63 présentait
2363 981 190 30 comme
2582 963 130 63 pièce
2751 964 55 47 de
2842 967 93 69 fond,

411 1035 43 47 la
483 1051 26 33 2
516 1039 16 19 e
557 1038 281 63 symphonie
866 1037 43 47 d.
940 1035 95 49 mol
1066 1037 54 45 de
1149 1035 266 49 Balakireff.
1447 1035 78 49 De
1553 1036 130 48 l'avis
1710 1037 205 62 général,
1945 1037 43 47 le
2015 1037 260 62 quatrième
2309 1047 194 35 concert
2542 1037 71 45 fut
2651 1043 286 55 remarquable

412 1119 131 34 entre
572 1119 119 48 tous,
720 1107 42 46 le
790 1106 182 48 célèbre
1001 1109 316 60 compositeur
1344 1106 248 49 finlandais
1620 1107 51 49 P.
1703 1108 283 48 Kaïanonce
2013 1127 30 45 y
2072 1109 159 46 donna
2258 1106 43 47 la
2326 1108 285 63 symphonie
2637 1124 59 29 en
2733 1106 49 46 ré
2820 1109 116 55 bémol

412 1178 55 47 de
497 1178 143 47 César
669 1179 187 46 Franck
883 1191 46 34 et
957 1179 41 46 le
1026 1178 234 47 Carnaval
1289 1179 56 46 de
1374 1178 126 48 Paris
1527 1180 55 45 de
1611 1179 317 48 Saint-Saëns.

553 1250 134 45 Avec
715 1249 41 47 le
785 1249 270 62 cinquième
1083 1262 196 36 concert
1305 1249 200 49 exécuté
1531 1268 106 30 sous
1663 1251 190 47 l'habile
1881 1252 233 46 direction
2143 1251 54 45 de
2227 1249 78 48 M.
2335 1248 155 49 Oscar
2523 1249 140 46 Frida
2703 1249 56 47 de
2797 1249 138 69 Berlin,

410 1319 42 47 la
492 1319 183 48 Société
715 1320 248 61 Impériale
1004 1322 56 46 de
1099 1322 228 63 Musique
1369 1322 221 47 célébrait
1628 1321 43 48 le
1714 1334 62 48 50
1781 1325 16 20 e
1834 1324 316 45 anniversaire
2190 1321 56 46 de
2285 1338 47 29 sa
2372 1321 263 47 fondation.
2676 1319 69 48 Le
2783 1338 154 38 concert

408 1392 185 45 suivant
620 1392 145 63 dirigé
793 1410 80 43 par
901 1393 78 47 M.
1008 1392 37 48 I.
1076 1393 354 65 Malichewsky
1458 1393 214 63 présente
1700 1395 92 46 fort
1818 1413 91 43 peu
1936 1392 239 48 d'intérêt.
2206 1392 141 47 Tout
2381 1404 133 35 autre
2540 1392 73 46 fut
2639 1392 43 46 le
2712 1405 23 50 7
2743 1393 16 21 e
2786 1409 152 38 concert

409 1479 105 29 sous
540 1462 43 46 la
610 1463 228 47 direction
868 1464 63 46 du
958 1463 184 49 célèbre
1169 1467 319 60 compositeur
1520 1465 258 64 norvégien
1807 1465 66 48 X.
1903 1465 201 64 Sinding
2142 1465 78 63 qui
2249 1463 54 47 fit
2330 1463 282 62 interpréter
2638 1475 163 50 quatre
2826 1465 48 46 de
2895 1486 42 32 ses

409 1533 266 48 meilleures
700 1552 185 29 œuvres
913 1552 11 31 :
1037 1539 17 20 e
1079 1538 284 63 symphonie
1389 1555 60 28 en
1477 1536 48 47 rè
1550 1536 136 47 bémol
1706 1555 75 44 op.
1825 1552 58 33 21
1992 1538 31 24 u
2044 1536 512 63 Fortepiano-concert
2594 1552 59 29 en
2693 1534 49 46 ré
2780 1538 155 63 majeur,

407 1621 75 44 op.
694 1606 175 46 Fatum
959 1607 162 47 thème
1142 1620 46 34 et
1210 1609 251 46 variations
1482 1626 117 44 pour
1619 1609 119 46 forte
1761 1609 156 61 piano,
1930 1625 165 29 œuvre
2122 1606 437 64 particulièrement
2585 1607 312 61 remarquable
2910 1627 27 33 et

459 1675 174 47 Rondo
684 1676 189 48 infinito
973 1696 117 44 pour
1140 1680 147 61 grand
1339 1681 237 46 orchestre
1626 1691 46 35 et
1723 1681 279 60 fortepiano.
2052 1679 79 49 M.
2175 1680 64 46 K.
2283 1677 213 47 Riccène
2535 1679 149 45 tenait
2733 1695 108 29 avec
2874 1699 62 30 une

407 1749 367 46 extraordinaire
802 1748 204 48 maîtrise
1034 1750 43 46 la
1103 1752 147 59 partie
1278 1762 323 35 concertante.
1630 1751 96 48 Son
1745 1753 82 62 jeu
1856 1751 145 46 d'une
2031 1752 262 46 étonnante
2331 1748 233 63 précision
2604 1748 332 66 mathématique

407 1828 105 35 tout
553 1837 59 28 en
653 1821 227 46 suscitant
923 1838 94 29 une
1063 1823 181 45 chaude
1283 1823 298 59 admiration,
1622 1840 60 30 ne
1721 1823 131 47 laissa
1891 1840 78 44 pas
2008 1823 267 62 cependant
2315 1821 56 46 de
2410 1821 200 62 paraître
2646 1820 199 63 quelque
2877 1841 58 44 peu

408 1890 277 61 vigoureuse
713 1890 25 47 à
765 1890 277 48 l'ensemble
1070 1893 78 46 des
1174 1893 240 47 auditeurs
1442 1911 159 30 russes.

549 1961 136 47 Dans
722 1961 42 47 le
807 1961 26 47 8
839 1968 15 19 e
893 1975 45 33 et
977 1963 184 47 dernier
1188 1977 195 34 concert
1420 1966 365 63 symphonique,
1816 1965 78 48 M.
1924 1965 38 48 I.
1993 1964 357 65 Malichewsky
2378 1982 119 29 nous
2523 1962 54 48 fit
2606 1963 229 47 entendre
2858 1983 76 32 avec

404 2030 205 64 quelque
637 2032 171 48 intérêt
834 2051 95 28 une
959 2034 55 47 de
1040 2053 68 28 ses
1134 2037 339 61 compositions
1500 2055 97 29 non
1625 2037 44 46 la
1694 2035 246 48 meilleure
1966 2055 104 29 sans
2098 2038 159 59 doute,
2295 2035 219 48 intitulée
2555 2037 38 45 u
2593 2037 39 45 2
2637 2041 17 19 e
2691 2037 242 63 symphonie

403 2103 211 61 nuptiale
709 2122 95 28 une
895 2107 119 45 suite
1105 2124 116 43 pour
1259 2108 147 61 grand
1446 2110 238 45 orchestre
1724 2107 112 47 d'A.
1878 2108 414 65 Vichnégradsky,
2385 2107 164 48 Poésie
2739 2105 142 66 Grieg
2907 2125 26 32 et

908 2176 184 47 tableau
1131 2180 348 61 symphonique
1520 2178 199 49 oriental
1759 2179 113 48 d'A.
1905 2179 338 63 Cpendiarow.
2272 2180 122 46 Bien
2422 2197 92 45 que
2542 2177 391 64 personnellement

397 2244 109 65 j'aie
547 2246 92 46 fort
677 2246 145 63 goûté
860 2258 125 35 cette
1025 2249 211 46 dernière
1276 2250 146 60 pièce,
1452 2250 88 48 elle
1567 2250 96 47 m'a
1690 2250 160 48 donné
1877 2250 94 49 lieu
1999 2251 268 47 d'observer
2293 2269 97 29 une
2416 2251 87 47 fois
2538 2251 58 45 de
2623 2249 103 63 plus
2753 2252 179 47 combien

402 2316 209 62 l'emploi
633 2318 244 64 judicieux
905 2319 57 46 de
988 2319 343 64 quelques-uns
1359 2322 78 47 des
1464 2324 211 62 rythmes
1701 2324 249 61 originaux
1978 2322 141 48 usités
2146 2324 114 47 dans
2288 2322 41 48 la
2359 2324 216 61 musique
2601 2322 80 46 des
2707 2321 179 62 peuples
2900 2324 31 45 de

402 2387 230 63 l'Orient,
659 2390 138 46 serait
823 2402 270 35 autrement
1120 2392 376 64 caractéristique
1523 2412 81 44 par
1631 2394 267 61 lui-même,
1928 2396 55 45 de
2011 2394 43 47 la
2082 2395 199 48 douleur
2307 2394 165 62 locale,
2500 2411 92 45 que
2618 2392 44 48 le
2692 2393 163 62 simple
2883 2395 48 63 jeu

402 2458 214 48 renforcé
656 2460 78 47 des
773 2462 309 47 instruments
1109 2463 55 46 de
1205 2465 269 60 percussion
1504 2482 11 31 :
1558 2463 175 52 Grosse
1766 2467 156 61 caisse,
1952 2467 223 47 tambour
2202 2467 56 47 de
2289 2467 186 63 basque,
2505 2464 233 66 tymbales
2766 2477 45 33 et
2836 2482 71 48 cym-

405 2530 138 48 bales.

545 2602 114 47 Sans
699 2604 128 46 avoir
869 2603 43 47 la
955 2604 158 47 même
1160 2607 310 63 importance,
1513 2607 65 49 les
1617 2622 217 35 concerts
1874 2610 55 47 de
1969 2611 216 62 musique
2225 2611 57 46 de
2321 2610 227 47 chambre
2586 2607 180 48 donnés
2805 2625 70 44 par
2907 2607 22 46 la

402 2672 184 48 Société
612 2672 251 63 Impériale
890 2676 55 46 de
974 2675 246 65 Musique,
1249 2677 111 48 n'en
1390 2679 325 63 présentèrent
1743 2698 78 44 pas
1848 2683 155 45 moins
2023 2681 43 47 le
2093 2681 103 63 plus
2222 2682 73 46 vif
2314 2681 188 47 intérêt.
2534 2679 88 50 On
2650 2698 31 47 y
2719 2678 211 63 interpréta

402 2745 55 45 de
501 2745 270 60 préférence
811 2747 78 46 des
925 2765 187 31 œuvres
1165 2750 56 46 de
1253 2749 295 63 Beethoven,
1589 2752 248 63 Schubert,
1897 2752 167 65 Grieg,
2107 2754 62 47 R.
2208 2754 194 60 Strauss,
2443 2752 380 63 Tchaïkowsky,
2851 2749 58 50 Gla-

400 2832 226 46 zounow,
656 2817 501 65 Rimsky-Korsakow
1185 2834 45 33 et
1258 2821 255 50 Borodine.

545 2886 70 48 Le
644 2888 102 61 plus
775 2890 118 47 beau
919 2890 161 48 succès
1106 2892 57 46 de
1190 2898 43 40 la
1259 2894 150 46 saison
1436 2896 156 46 revint
1618 2894 26 48 à
1670 2894 214 48 l'illustre
1912 2895 137 49 ténor
2081 2896 59 49 L.
2171 2896 56 49 B.
2269 2895 224 50 SobinofF
2522 2897 114 47 dans
2672 2912 68 30 un
2779 2904 149 38 concert

400 2959 270 59 particulier
697 2958 116 64 qu'il
843 2961 157 47 donna
1028 2962 113 48 dans
1167 2963 42 47 la
1235 2966 176 61 grande
1439 2965 110 48 salle
1576 2966 56 47 de
1659 2966 44 47 la
1729 2966 179 49 Bourse
1936 2967 235 50 d'Odessa
2197 2968 63 48 où
2287 2987 46 29 se
2360 2970 254 61 pressaient
2641 2967 102 63 près
2769 2967 54 46 de
2855 2964 73 47 trois

400 3029 130 47 mille
558 3048 267 43 personnes.

544 3101 222 48 SobinofF
797 3121 25 28 a
869 3102 44 48 la
959 3106 106 45 voix
1110 3105 123 47 ultra
1275 3110 332 62 sympathique
1654 3128 54 29 ce
1752 3112 80 61 qui
1879 3122 69 36 est
1992 3113 59 46 ici
2098 3111 42 48 le
2184 3112 218 63 suprême
2448 3111 332 63 compliment.
2825 3109 101 48 Cette

398 3174 266 61 sympathie
705 3175 130 45 vient
875 3175 56 46 de
971 3194 54 29 ce
1063 3194 92 46 que
1195 3190 124 34 cette
1362 3181 106 45 voix
1494 3192 68 36 est
1589 3182 466 48 merveilleusement
2076 3184 124 64 juste
2227 3185 116 46 dans
2373 3196 134 36 toute
2533 3184 242 47 l'étendue
2802 3182 52 46 de
2874 3194 51 33 son

398 3245 207 60 registre,
653 3246 27 44 d
703 3264 94 28 une
840 3247 233 62 souplesse
1111 3250 209 61 parfaite,
1367 3250 145 49 d'une
1563 3253 166 61 pureté
1779 3255 58 47 de
1888 3255 172 47 timbre
2112 3255 149 47 idéale
2306 3258 80 62 qui
2437 3274 61 30 en
2549 3256 116 46 rend
2716 3254 43 46 la
2809 3248 117 67 portée

399 3315 308 63 prodigieuse.
736 3316 73 48 La
837 3318 178 47 diction
1045 3320 62 46 du
1134 3324 203 58 premier
1364 3321 137 49 ténor
1528 3325 56 45 de
1613 3325 41 46 la
1682 3325 167 48 Russie
1877 3338 69 35 est
1974 3327 307 62 impeccable,
2309 3327 143 48 noble
2478 3340 48 35 et
2551 3326 168 64 simple
2747 3325 25 47 à
2798 3325 39 47 la
2860 3322 64 58 fois,

397 3402 85 30 son
505 3387 360 62 interprétation
893 3391 225 47 musicale
1146 3405 68 34 est
1240 3393 225 64 classique
1494 3396 114 47 dans
1635 3408 132 35 toute
1794 3396 284 64 l'acception
2106 3410 47 36 et
2179 3399 44 47 la
2251 3399 169 48 beauté
2446 3401 63 46 du
2537 3412 166 35 terme.

541 3457 271 49 L'éclatant
855 3462 175 60 succès,
1076 3481 62 28 ou
1178 3481 118 45 pour
1340 3467 162 46 mieux
1548 3467 112 63 dire,
1704 3468 42 48 le
1788 3471 236 61 triomphe
2065 3471 240 62 remporté
2345 3490 60 29 en
2450 3485 126 36 cette
2620 3472 213 49 occasion
2876 3481 49 48 par

401 3526 213 49 SobinofF
651 3531 83 46 dut
774 3531 64 47 lui
880 3532 98 48 être
1017 3533 215 49 d'autant
1270 3536 104 62 plus
1411 3538 199 48 sensible
1648 3539 117 64 qu'il
1804 3543 123 45 avait
1965 3541 26 47 à
2027 3559 69 30 ses
2135 3542 184 63 débuts,
2352 3543 124 48 voilà
2513 3544 227 64 quelques
2776 3539 147 56 années,

400 3597 204 63 éprouvé
645 3619 59 29 en
747 3605 282 62 compagnie
1074 3606 57 47 de
1173 3606 297 65 Chaliapine,
1519 3610 64 47 les
1627 3612 254 61 premières
1915 3614 118 64 joies
2074 3614 63 46 du
2180 3615 163 48 succès
2380 3633 78 30 sur
2496 3615 42 48 le
2581 3617 182 47 théâtre
2807 3612 116 48 même

400 3669 250 51 d'Odessa.
1420 3669 4 51 •
1864 3702 227 7 ....
