2984 4409
1542 260 76 70 S.
1697 263 66 70 I.
1843 263 122 72 M.

479 276 108 64 44

475 414 196 42 senter
703 421 86 39 ses
840 423 161 49 vues,
1052 402 30 59 à
1132 405 55 56 la
1235 402 208 61 séance
1479 406 73 59 de
1597 409 53 57 la
1696 411 395 59 commission
2129 414 107 79 qui
2281 435 60 37 se
2388 416 119 58 tint
2557 415 32 60 à
2629 419 265 66 Munich
2925 460 11 36 ç-

472 491 340 78 septembre
869 491 236 60 dernier
1154 509 58 43 et
1263 494 142 61 dans
1455 498 257 80 laquelle
1762 501 80 58 les
1891 518 256 56 savants,
2198 524 188 40 venus
2436 507 73 57 de
2559 522 135 46 tous
2749 510 81 60 les
2876 540 66 58 pa\

473 578 308 83 d'Europe
834 581 452 61 manifestèrent
1335 608 107 57 par
1477 608 117 37 une
1631 589 333 60 touchante
1998 594 372 80 sympathie,
2406 597 159 59 leurs

470 667 225 82 l'égard
731 670 71 59 de
837 673 130 56 leur
1001 673 399 60 malheureux
1434 675 296 82 collègue.

653 761 98 57 On
790 782 72 36 ne
896 764 221 56 saurait
1151 786 72 36 en
1260 767 190 57 vérité
1485 769 217 58 établir
1737 769 72 60 de
1842 771 279 81 périodes
2159 773 145 61 dans
2341 799 118 35 une
2495 780 96 57 vie
2628 780 46 57 si
2717 800 193 46 courte
2932 822 8 22 F

468 868 143 59 poui
630 865 126 43 tant
815 852 44 56 si
921 853 272 79 remplie.
1246 855 239 82 Aubry,
1546 858 218 60 maître
1822 861 72 58 de
1951 884 59 37 sa
2067 863 269 61 destinée
2394 870 159 57 avait
2612 871 285 65 embrassé
2933 890 13 55 1,

468 938 402 80 musicologie
906 941 183 57 d'une
1123 964 117 38 vue
1276 945 163 80 large
1475 961 58 45 et
1569 950 310 79 qu'aucun
1918 951 266 62 obstacle
2236 957 331 61 n'arrêtait.
2626 960 118 58 Les
2789 961 153 73 charte

465 1042 57 41 et
559 1029 131 55 leur
723 1030 436 82 paléographie
1194 1035 87 57 lui
1316 1037 227 59 étaient
1579 1037 210 64 cheres
1823 1058 58 43 et
1918 1045 240 57 avaient
2209 1045 95 60 été
2358 1069 104 37 son
2515 1051 269 79 premier
2833 1070 109 54 souci

465 1116 88 59 Le
581 1139 223 58 moyen
840 1142 109 58 âge
985 1124 146 57 était
1168 1138 151 45 reste
1354 1147 106 38 son
1495 1126 130 61 fait.
1660 1131 50 58 Il
1747 1153 71 37 en
1856 1135 161 57 avait
2051 1133 111 61 fait
2200 1138 53 57 le
2293 1152 138 44 tour
2464 1161 144 38 avec
2638 1139 273 69 méthode
2930 1180 16 34 e

461 1208 300 78 patience.
793 1210 234 60 Tantôt
1063 1214 182 58 allant
1281 1238 122 37 aux
1438 1220 264 79 origines
1738 1223 322 61 lointaines
2096 1225 81 59 du
2214 1227 188 59 chant
2438 1230 362 82 liturgique,
2829 1251 51 44 et
2906 1244 38 60 de

463 1318 250 39 neumes
748 1299 373 81 grégoriens,
1159 1308 197 58 tantôt
1394 1324 261 46 mettant
1691 1333 75 38 au
1803 1314 133 70 jour
1984 1317 83 58 les
2115 1319 137 79 plus
2303 1319 183 61 belles
2537 1321 402 75 manifestation

461 1387 73 58 de
568 1388 156 58 Pars
756 1393 386 60 mensurabilis
1178 1411 58 44 et
1272 1397 81 60 du
1390 1415 195 45 motet
1630 1406 261 78 parisien
1944 1406 81 58 du
2076 1408 356 62 XII-XIIP
2472 1411 198 62 siècle.
2727 1415 103 58 Ou
2877 1418 67 66 hier

461 1498 389 61 provoquant
897 1483 79 59 les
1011 1501 304 46 amateurs
1350 1488 80 59 du
1469 1491 156 58 XIV
1630 1506 16 20 e
1683 1515 104 58 par
1822 1516 86 38 ses
1942 1495 328 63 facsimilés
2305 1500 82 59 du
2425 1502 220 59 Roman
2679 1503 65 59 de
2777 1507 162 68 Fau%

461 1567 102 58 Ou
618 1590 240 54 encore,
910 1594 23 38 s
957 1589 315 67 attaquant
1331 1601 121 38 aux
1503 1582 456 76 chansonniers,
2012 1589 313 62 trouvères
2378 1606 60 45 et
2486 1594 411 78 troubadours,
2928 1629 16 38 e:

455 1655 269 63 formant
774 1683 159 59 pour
981 1685 58 38 se
1089 1666 424 78 documenter,
1555 1695 118 38 une
1719 1675 336 61 admirable
2109 1679 431 86 bibliothèque
2599 1685 74 59 de
2726 1684 217 72 folk-lon

455 1747 324 82 européen.
834 1752 306 63 C'étaient
1190 1780 86 38 ses
1325 1775 257 47 travaux
1626 1765 394 83 d'approche,
2069 1773 154 77 qu'il
2264 1773 364 82 complétait
2664 1792 59 44 et
2758 1777 185 69 vérifiai:

453 1859 106 59 par
595 1840 99 60 des
728 1846 476 82 monographies
1254 1867 60 43 et
1366 1851 100 61 des
1516 1855 195 74 livres,
1763 1879 109 60 par
1922 1860 102 59 des
2074 1862 393 63 conférences
2516 1882 59 44 et
2628 1868 100 60 des
2778 1873 165 65 article:

451 1945 253 58 savants,
761 1931 222 80 parfois
1037 1958 446 65 accompagnes
1547 1945 181 60 d'une
1794 1948 264 84 brusque
2124 1951 316 85 échappée
2506 1977 100 40 sur
2670 1959 83 60 les
2819 1976 118 48 temi

450 2019 319 61 modernes
818 2038 59 45 et
928 2025 182 61 d'une
1159 2032 312 62 incursion
1521 2057 132 40 vers
1693 2041 54 57 le
1782 2042 229 58 XVIII
2017 2048 17 21 e
2067 2043 73 59 de
2576 2071 132 40 vers
2741 2052 83 60 les
2855 2056 87 62 Idk

468 2108 66 58 de
668 2112 106 57 Pie
935 2114 81 69 X,
801 2136 132 39 vers
966 2118 82 60 les
1757 2119 232 63 Ombres
2288 2146 66 37 en
2486 2128 253 60 couleurs
1740 2130 74 59 de
1871 2133 258 60 Dorival
2178 2150 60 44 et
2288 2138 56 59 le
2392 2140 181 59 livret
2624 2141 38 60 d

449 2198 49 57 Il
557 2216 158 44 avait
769 2203 141 60 rêvé
963 2207 144 61 d'un
1168 2212 208 84 Grétry
1427 2238 158 58 pour
1644 2220 54 58 la
1756 2222 331 61 collection
2140 2226 223 75 Alcan,
2416 2244 58 44 et
2533 2229 307 85 préparait
2887 2259 55 38 une

464 2295 378 80 iconographie
1283 2297 66 59 de
1479 2299 61 59 la
1665 2301 174 83 harpe
1251 2326 74 37 en
1362 2307 439 65 collaboration
1839 2335 143 38 avec
2039 2316 274 61 Gustave
2372 2321 181 82 Lyon
2590 2323 10 61 î
2653 2325 171 60 Tout
2857 2325 82 64 était

444 2401 157 59 pour
648 2385 87 57 lui
793 2387 18 58 1
835 2409 282 41 occasion
1171 2394 37 58 d
1231 2398 286 78 agrandir
1568 2401 54 59 le
1676 2406 194 58 cercle
1924 2405 73 60 de
2048 2428 87 39 ses
2170 2408 519 86 préoccupations
2737 2420 174 59 musico-

444 2471 298 83 logiques.

624 2565 89 59 Ce
747 2584 300 46 caractère
1082 2573 36 58 d
1147 2577 410 77 universalité,
1593 2605 72 36 au
1704 2587 215 59 milieu
1956 2591 71 59 de
2063 2591 55 58 la
2152 2591 475 82 spécialisation,
2665 2613 160 46 cette
2872 2616 50 44 ten-

444 2652 186 61 dance
689 2678 72 37 au
822 2667 38 23 '<
884 2660 179 61 Nihil
1102 2687 36 36 a
1185 2688 83 37 me
1310 2669 241 63 alienum
1592 2687 139 69 puto
1867 2700 69 38 ce
1989 2683 170 57 souci
2214 2683 75 60 de
2339 2685 368 63 rechercher
2753 2692 54 57 le
2853 2692 85 59 beat

440 2740 143 61 dans
633 2746 53 57 k
735 2749 193 59 vérité
978 2752 82 60 du
1112 2754 335 65 document
1498 2762 299 64 médiéval
1833 2768 347 64 donneront
2231 2796 72 37 en
2358 2776 235 62 France
2633 2779 32 59 à
2703 2782 199 82 Aubry
2920 2784 18 58 la

439 2834 171 79 place
646 2836 35 58 d
707 2860 80 37 un
835 2859 315 48 novateur.
1187 2850 219 84 Aubry
1441 2856 161 57 avait
1637 2878 100 39 sur
1771 2880 86 40 ses
1894 2861 349 64 devanciers
2278 2867 82 60 les
2410 2867 186 77 Fétis,
2637 2874 83 58 les
2749 2875 162 59 Cousse-

439 2925 231 73 maker,
715 2928 83 60 les
832 2931 240 62 Lavoix
1107 2953 160 45 cette
1301 2941 362 83 supériorité
1715 2949 187 61 d'être
1949 2974 82 37 un
2073 2955 418 85 paléographe
2526 2961 74 59 de
2636 2963 153 81 goût
2824 2981 52 43 et
2910 2964 27 58 dt

439 3014 219 60 métier
693 3034 134 46 tout
877 3021 30 60 à
961 3026 53 57 la
1063 3025 135 65 fois.
1239 3033 217 82 Aubry
1490 3034 147 63 était
1681 3041 443 64 suffisamment
2176 3052 208 57 artiste
2438 3073 158 60 pour
2647 3058 187 57 sentir
2864 3072 73 43 tout

481 3119 205 47 attrait
722 3110 72 58 de
846 3113 54 58 la
950 3137 305 63 musique,
1293 3125 151 59 mais
1494 3128 443 65 suffisamment
1988 3134 298 64 historien
2326 3163 159 60 pour
2518 3142 309 84 échapper
2867 3146 24 59 à
2918 3146 17 58 li

435 3199 279 79 tyrannie
762 3201 74 61 de
889 3224 107 41 son
1047 3229 223 64 propre
1324 3217 173 78 goût.
1555 3219 165 61 C'est
1778 3222 54 61 là
1880 3247 81 38 un
2015 3224 304 87 équilibre
2373 3255 150 53 rare,
2584 3260 81 35 un
2721 3237 216 84 exemplt

432 3306 107 61 qui
577 3308 74 38 ne
701 3308 221 46 saurait
978 3311 138 68 trop
1166 3301 127 61 être
1342 3306 259 81 proposé
1654 3308 30 61 à
1738 3326 137 48 tous
1911 3336 160 41 ceux
2119 3321 109 81 qui
2279 3321 429 86 s'engageront
2759 3328 132 61 dans
2916 3326 18 58 II

430 3395 137 40 voie
602 3382 72 53 de
709 3382 53 56 la
798 3387 422 84 musicologie.
1278 3395 86 58 Le
1415 3395 249 66 chemin
1702 3417 84 46 est
1824 3422 216 44 ouvert
2076 3425 58 43 et
2159 3410 272 81 jalonné.
2472 3417 74 59 Se
2581 3417 353 61 trouvera-t-ii

430 3489 195 58 parmi
681 3494 107 38 nos
821 3499 203 56 jeunes
1032 3529 12 23 ,
1080 3481 104 61 des
1232 3486 155 58 Chai
1408 3504 83 45 tes
1542 3514 79 38 ou
1657 3494 73 58 de
1784 3496 53 61 la
1890 3499 338 78 Sorbonne,
2281 3529 82 36 un
2413 3509 343 63 audacieux
2805 3527 55 45 et
2899 3529 33 38 an

427 3572 236 64 patient
699 3565 104 78 qui
841 3580 231 48 tentera
1108 3572 330 64 l'aventure
1474 3600 119 61 que
1631 3598 173 48 notre
1839 3588 282 83 collègue
2172 3595 99 59 n'a
2304 3618 84 58 pu
2426 3621 211 38 mener
2670 3600 33 61 à
2741 3603 147 71 bien,
2911 3613 21 43 J

427 3666 130 61 qui,
592 3669 277 46 résistant
922 3679 122 41 aux
1095 3664 427 66 sollicitations
1555 3671 81 61 du
1674 3676 216 61 XVII'
1923 3702 79 38 ou
2040 3684 254 61 XVIII'
2340 3687 200 76 siècle,
2594 3692 261 83 dirigera
2894 3709 38 41 se
