2984 4409
1521 248 66 69 S.
1656 246 56 71 I.
1780 243 108 71 M.

449 258 94 66 88

440 405 218 58 attitude,
682 414 132 35 toute
840 397 407 64 d'indépendance
1272 410 50 33 et
1348 395 56 47 de
1432 393 335 60 dévouement,
1795 392 83 46 fait
1905 401 134 36 notre
2065 387 302 61 admiration,
2474 401 120 32 nous
2620 384 251 68 découpons
2889 420 47 37 ces

440 476 150 63 lignes
616 472 184 50 dédiées
824 489 91 30 aux
943 470 253 47 musiciens
1225 466 155 64 belges
1406 481 11 33 :

585 544 33 28 «
638 543 134 48 C'est
821 542 124 46 donc
994 539 25 49 à
1069 538 340 59 nous-mêmes,
1460 533 29 48 ô
1539 532 237 49 confrères
1825 530 355 63 compositeurs,
2230 544 92 46 que
2373 543 120 31 nous
2541 525 175 49 devons
2763 547 104 37 nous
2902 561 34 33 en

444 616 201 64 prendre
693 616 34 47 si
781 630 118 31 nous
948 610 191 64 prêtons
1187 609 43 47 le
1281 609 122 46 flanc
1454 605 25 47 à
1529 616 155 36 toutes
1733 603 66 47 les
1846 614 228 50 attaques,
2124 600 27 47 à
2201 610 156 36 toutes
2406 598 66 47 les
2522 597 193 48 vilenies
2762 602 102 52 dont
2900 632 37 34 on

444 704 120 31 nous
588 688 217 57 abreuve,
834 682 136 64 grâce
997 699 58 30 au
1083 679 143 64 règne
1253 679 57 46 de
1336 677 291 63 l'ignorance
1652 687 48 34 et
1727 674 63 46 du
1816 673 252 47 snobisme.
2099 671 140 46 Nous
2264 670 198 61 drapant
2489 668 115 47 dans
2641 680 131 37 notre
2808 674 130 66 dignité

442 773 47 34 et
515 759 115 47 forts
656 758 55 46 de
739 767 134 35 notre
900 750 276 65 supériorité
1204 746 356 61 intellectuelle,
1588 763 121 30 nous
1734 744 291 63 dédaignons
2051 743 64 48 les
2141 758 146 46 coups
2312 753 47 35 et
2386 757 119 30 nous
2533 757 117 29 nous
2684 743 253 66 renfermons,

443 831 185 46 chacun
656 828 57 45 de
741 837 134 35 notre
903 823 122 59 côté,
1054 821 115 47 dans
1195 838 66 29 un
1290 819 250 47 isolement
1577 818 81 62 qui
1698 828 68 35 est
1804 814 216 62 l'unique
2057 830 136 29 cause
2222 812 56 46 de
2306 823 136 35 notre
2470 809 208 48 faiblesse
2705 821 47 36 et
2776 814 51 47 de
2850 835 88 41 notre

444 901 183 47 inertie.
674 898 71 48 Le
791 905 217 38 moment
1049 911 58 28 ne
1152 890 194 49 serait-il
1392 906 78 46 pas
1513 906 127 30 venu
1685 887 57 47 de
1785 903 193 31 secouer
2019 882 131 50 enfin
2194 895 127 36 cette
2359 894 192 49 torpeur
2578 880 226 51 maladive
2827 885 11 48 ?
2869 891 35 57 Q
2908 914 32 33 Ue

444 969 253 62 l'exemple
724 969 55 44 de
806 984 86 30 nos
917 964 238 48 confrères
1181 962 239 63 étrangers
1463 978 119 29 nous
1623 958 171 63 inspire
1821 957 44 47 la
1891 955 247 49 confiance
2184 966 48 36 et
2273 953 44 47 la
2356 952 332 64 persévérance
2725 953 215 64 nécessaires

444 1059 118 47 pour
589 1040 184 48 aboutir
800 1055 61 32 au
887 1035 193 49 résultat
1107 1033 122 49 rêvé.
1259 1032 134 50 C'est
1420 1049 81 45 par
1525 1032 121 46 suite
1672 1028 117 49 d'un
1816 1028 142 63 appui
1987 1025 186 49 mutuel
2199 1042 90 46 que
2317 1023 65 49 les
2408 1023 340 62 compositeurs
2785 1027 153 65 français,

444 1130 164 42 russes,
650 1110 319 58 Scandinaves,
1012 1117 110 50 etc.,
1167 1117 108 36 sont
1320 1120 232 45 parvenus
1594 1101 26 48 à
1663 1099 243 50 s'affirmer
1950 1097 195 48 d'abord
2183 1097 115 46 dans
2335 1094 123 49 leurs
2498 1111 110 48 pays
2634 1099 226 58 respectifs
2880 1120 32 33 et
2930 1112 10 46 à

444 1183 207 49 franchir
678 1181 184 48 ensuite
889 1178 64 47 les
979 1176 261 48 frontières.
1284 1172 210 51 Sera-t-il
1540 1173 69 46 dit
1649 1190 91 44 que
1785 1182 136 36 notre
1963 1168 130 48 école
2133 1167 135 63 belge
2293 1167 409 61 contemporaine,
2729 1167 34 45 si
2785 1169 106 51 riche
2909 1196 31 32 en

445 1254 232 50 éléments
702 1252 56 47 de
786 1251 202 62 premier
1013 1265 133 47 rang,
1173 1265 47 30 se
1247 1257 280 37 contentera
1553 1242 363 48 éternellement
1957 1240 64 47 du
2066 1239 98 47 rôle
2192 1238 210 47 modeste
2448 1254 92 46 que
2583 1235 44 47 la
2672 1238 197 63 majorité
2889 1263 52 45 peu

444 1324 197 51 éclairée
669 1324 56 46 de
751 1332 138 37 notre
917 1318 160 65 public
1103 1319 65 46 lui
1193 1318 182 62 assigne
1400 1315 27 47 à
1453 1315 44 47 la
1521 1331 249 45 remorque
1797 1313 57 47 de
1879 1329 70 31 ses
1973 1328 149 31 sœurs
2147 1308 324 64 européennes
2491 1308 14 47 ?

588 1395 137 47 Nous
750 1393 229 48 convions
1005 1407 87 30 nos
1116 1388 236 48 confrères
1379 1388 343 61 compositeurs
1760 1384 27 48 à
1826 1385 132 45 venir
1986 1381 182 49 étudier
2194 1380 45 48 la
2263 1381 152 46 raison
2455 1379 149 48 d'être
2632 1379 56 47 de
2716 1390 126 38 notre
2864 1385 77 54 force

447 1468 207 48 d'action
680 1477 47 35 et
754 1464 25 47 à
804 1463 243 63 appliquer
1074 1460 27 47 à
1126 1460 103 48 leur
1254 1477 139 29 cause
1417 1458 333 66 sympathique
1778 1465 130 38 entre
1936 1465 172 48 toutes,
2137 1469 86 32 nos
2248 1450 227 67 systèmes
2503 1450 272 48 mûrement
2800 1451 140 56 élaboré

445 1552 47 36 et
517 1534 363 66 expérimentés.

589 1607 113 56 Que
729 1606 44 47 la
1205 1605 141 62 Ligue
1533 1604 68 47 des
1715 1602 293 64 compositeurs
2348 1600 143 62 belges,
1541 1597 131 65 après
1696 1596 140 50 s'être
1863 1593 266 51 constituée
2156 1611 78 31 sur
2260 1593 80 49 des
2369 1593 129 47 bases
2522 1591 169 48 solides
2734 1591 105 49 dans
2861 1611 80 38 notre

448 1698 112 48 pays
584 1676 213 51 s'efforce
824 1676 184 47 ensuite
1036 1675 56 45 de
1119 1673 167 47 fonder
1313 1672 199 47 l'œuvre
1539 1670 57 48 de
1623 1670 30 47 Y
1658 1668 230 64 expansion
1915 1666 233 65 artistique
2151 1704 13 24 ,
2211 1666 92 47 due
2344 1665 27 47 à
2414 1681 84 31 son
2542 1663 247 63 initiative,
2814 1677 39 35 et
2875 1685 66 35 nous

448 1750 356 50 considérerons
830 1748 43 47 la
899 1747 118 64 plaie
1044 1745 207 64 signalée
1280 1745 103 62 plus
1408 1745 117 45 haut
1550 1759 192 31 comme
1770 1738 381 49 définitivement

591 1823 139 47 Nous
755 1821 170 46 faisons
951 1817 137 48 nôtre
1113 1817 44 47 le
1195 1834 113 30 vœu
1334 1816 56 47 de
1420 1814 77 49 M.
1527 1812 207 61 Samuel,
1764 1823 47 36 et
1837 1827 121 32 nous
1995 1821 298 52 promettons
2319 1808 26 47 à
2383 1825 97 29 une

451 1906 115 35 teurs
591 1893 130 61 belges
746 1891 176 62 l'appui
950 1888 64 47 du
1041 1887 45 49 S.
1115 1886 40 50 I.
1185 1886 80 49 M.

594 2027 300 49 ANVERS.
1035 2025 204 46 Concerts
1263 2024 51 46 de
1341 2021 188 64 musique
1554 2020 151 48 sacrée.
1734 2018 239 48 Exécution
2000 2019 52 46 de
2076 2016 140 49 Josuè.
2339 2014 320 49 L'exécution
2687 2014 57 47 de
2771 2014 122 63 Josué
2916 2021 24 47 de

452 2099 208 51 Hsendel
687 2117 26 29 a
738 2098 109 47 valu
872 2114 67 29 un
967 2094 225 49 véritable
1219 2094 236 63 triomphe
1482 2109 92 31 aux
1596 2101 217 37 concerts
1840 2090 56 47 de
1924 2090 218 61 musique
2165 2086 157 50 sacrée
2348 2099 48 34 et
2422 2085 26 48 à
2472 2103 87 30 son
2585 2084 270 49 talentueux
2876 2090 64 51 chef,

451 2174 80 49 M.
560 2171 212 63 Ontrop.
812 2169 178 65 Jamais
1027 2166 32 49 il
1097 2184 60 29 ne
1185 2166 72 47 fut
1295 2165 215 47 entendu
1544 2164 25 47 à
1614 2175 174 36 travers
1814 2162 80 47 des
1920 2162 192 46 chœurs
2136 2160 119 47 aussi
2296 2159 204 62 parfaits,
2541 2175 67 29 un
2636 2157 225 47 orchestre
2880 2178 53 31 aus;

447 2244 165 63 souple
638 2253 47 36 et
712 2239 285 64 homogène.
1036 2237 95 49 Les
1155 2236 179 48 solistes
1371 2235 177 48 étaient
1573 2235 60 47 de
1658 2232 230 64 première
1915 2231 176 50 valeur.
2133 2230 62 48 M
2198 2226 61 30 elle
2287 2230 239 59 Verbena,
2568 2227 61 47 M
2634 2231 31 20 rs
2693 2226 173 66 Denys,
2886 2230 52 49 Van

452 2315 129 51 Oort
607 2325 48 37 et
680 2312 112 49 Van
832 2311 95 48 Son
953 2321 87 36 ont
1064 2307 259 64 interprété
1361 2307 64 47 les
1449 2306 85 48 soli
1560 2322 61 31 en
1661 2306 254 47 chanteurs
1940 2302 250 64 classiques
2229 2302 107 46 hors
2363 2302 114 61 pair.
2518 2300 72 48 Ce
2617 2310 208 51 concert,
2855 2317 83 45 pars:

452 2388 115 47 mise
593 2404 61 29 au
692 2385 134 62 point
853 2380 360 64 irréprochable,
1240 2392 47 36 et
1313 2378 310 64 l'impression
1652 2376 230 65 profonde
1908 2375 117 64 qu'il
2063 2392 28 31 a
2115 2373 176 61 laissée,
2331 2373 84 47 fait
2441 2388 203 47 augurer
2681 2388 118 46 pour
2824 2371 36 47 le
2880 2377 57 43 moi'

452 2456 186 51 d'Avril
665 2472 97 32 une
797 2453 257 47 exécution
1079 2452 198 61 superbe
1315 2449 56 49 de
1398 2448 44 50 la
1480 2448 160 48 Messe
1668 2466 61 29 en
1766 2449 36 46 si
1830 2448 189 46 mineur
2046 2446 58 47 de
2131 2444 147 49 Bach.
2320 2443 74 48 La
2429 2444 151 47 saison
2610 2443 246 62 prochaine
2876 2456 61 35 cette

456 2529 221 49 vaillante
702 2524 175 51 société
898 2526 92 47 fête
1018 2523 41 48 le
1082 2523 205 47 dixième
1305 2522 315 48 anniversaire
1647 2521 57 47 de
1723 2537 86 31 son
1836 2519 257 60 existence,
2119 2517 27 48 à
2170 2528 128 37 cette
2316 2517 220 47 occasion
2557 2513 89 49 elle
2668 2514 96 47 fera
2789 2515 148 49 entendre

456 2602 282 48 Franciscus
763 2598 57 46 de
847 2596 151 48 Tinel
1025 2607 48 35 et
1098 2594 45 48 la
1169 2594 190 48 Passion
1384 2592 132 49 selon
1543 2589 28 61 S
1599 2589 27 61 4
1654 2589 192 61 Mathieu
1873 2590 57 47 de
1958 2589 151 48 Bach.

599 2745 230 54 GAND.
1512 2744 205 47 Concerts
1733 2743 206 48 d'hiver.
1500 2742 142 48 Voici
1670 2740 80 47 des
1773 2738 175 49 années
1968 2756 89 45 que
2080 2736 79 51 M.
2188 2736 227 50 Edouard
2442 2735 160 65 Brahy
2627 2734 130 48 sème
2783 2734 42 48 la
2856 2735 80 47 bonne

457 2819 156 65 parole
641 2815 224 51 musicale
903 2815 26 48 à
956 2814 163 62 Gand,
1159 2814 114 48 dans
1298 2830 78 31 ces
1473 2824 217 36 concerts
1715 2810 201 61 d'hiver,
2010 2809 86 48 dus
2121 2808 26 48 à
2184 2808 265 48 l'initiative
2479 2805 197 50 éclairée
2714 2806 59 47 de
2796 2804 139 65 quelque

458 2890 245 50 véritables
727 2899 237 37 amateurs
989 2885 135 62 d'art,
1152 2898 48 35 et
1224 2886 79 63 qui
1331 2896 85 36 ont
1442 2884 298 70 rapidement
1764 2883 199 63 conquis
1988 2880 44 48 la
2057 2880 161 48 faveur
2245 2880 65 47 du
2330 2877 161 65 public
2510 2895 61 31 au
2598 2879 136 62 point
2759 2877 58 47 de
2841 2877 87 47 boni

457 2964 44 47 la
525 2961 111 50 salle
663 2961 63 47 du
753 2959 170 51 Grand
943 2957 233 50 Théâtre.
1200 2956 72 50 Ce
1298 2955 358 63 compréhensif
1674 2966 45 36 et
1746 2954 93 48 très
1864 2954 76 49 sûr
1967 2951 115 50 chef
2102 2950 289 49 d'orchestre
2418 2968 120 30 nous
2563 2968 26 29 a
2616 2947 160 50 donné
2803 2949 68 47 des
2888 2947 44 47 fête

457 3034 265 61 artistiques
748 3030 142 48 d'une
918 3031 143 46 haute
1089 3027 174 50 valeur.

602 3105 139 47 Nous
765 3102 215 48 n'avions
1005 3119 78 44 pas
1110 3117 171 31 encore
1306 3100 214 47 entendu
1547 3098 43 47 la
1605 3098 283 70 symphonie
1915 3114 60 29 en
2072 3095 306 48 d'Hermann
2400 3092 170 62 Gœtz,
2592 3092 94 48 très
2711 3091 221 63 répanduee:

461 3176 304 62 Allemagne,
811 3172 221 65 paraît-il,
1077 3184 48 35 et
1168 3189 121 30 nous
1314 3170 182 52 l'avons
1533 3168 196 49 écoutée
1773 3186 114 29 avec
1912 3185 98 30 une
2034 3167 231 47 attentive
2293 3163 236 50 curiosité.
2570 3162 136 51 C'est
2743 3180 93 30 une
2857 3177 76 32 ceirc

459 3246 251 51 d'aimable
736 3244 294 64 inspiration,
1069 3243 117 48 dont
1214 3242 237 48 l'écriture
1479 3242 144 62 probe
1661 3252 48 36 et
1734 3239 383 49 consciencieuse
2155 3248 169 37 atteste
2349 3253 98 31 une
2483 3237 187 47 science
2702 3231 228 52 consommé

461 3319 42 50 Il
529 3318 99 48 s'en
656 3317 176 65 dégage
872 3318 243 60 beaucoup
1143 3316 56 47 de
1238 3316 192 47 charme
1456 3330 104 31 sans
1597 3331 94 46 que
1718 3311 99 49 l'on
1855 3330 31 48 y
1924 3312 89 47 soit
2051 3309 161 64 frappé
2239 3326 81 47 par
2359 3309 57 47 de
2456 3326 76 30 ces
2559 3308 131 48 traits
2726 3305 202 50 absolume:

464 3391 266 63 originaux,
758 3387 209 48 révélant
994 3385 42 47 le
1063 3385 137 65 génie
1226 3384 229 50 créateur.

609 3460 71 49 Le
707 3459 192 64 prélude
925 3458 65 47 du
1014 3457 229 48 Messidor
1268 3457 56 47 de
1353 3455 225 49 Bruneau
1605 3465 69 37 est
1699 3472 94 30 une
1834 3453 120 51 belle
1982 3471 114 47 page
2124 3451 309 63 dramatique,
2467 3451 109 47 bien
2603 3467 207 44 connue,
2836 3460 92 36 cornu

464 3531 289 50 l'ouverture
779 3531 56 47 de
1334 3529 187 49 Rienzi.
1078 3530 192 47 Notons
1295 3528 43 48 le
1359 3528 161 61 début,
1548 3526 128 64 plein
1701 3528 58 45 de
1787 3543 273 47 promesses,
2088 3525 57 47 de
2161 3535 139 37 notre
2319 3524 313 62 compatriote
2658 3523 48 63 J.
2726 3523 206 63 Jongen;»

468 3603 229 48 Fantaisie
739 3620 75 28 sur
852 3603 112 45 deux
990 3600 107 47 no'ëls
1126 3600 249 64 populaires
1413 3598 214 64 (d'allure
1663 3596 93 49 très
1781 3598 211 62 profane,
2032 3613 190 32 comme
2250 3596 245 61 beaucoup
2535 3594 58 48 de
2631 3592 150 64 noëls)
2819 3601 58 38 est
2894 3586 36 48 d't

470 3674 161 49 travail
659 3672 165 65 soigné
849 3684 47 37 et
924 3671 116 48 d'un
1068 3671 169 50 coloris
1263 3670 253 49 orchestral
1545 3670 155 48 chaud
1727 3680 47 37 et
1802 3669 204 49 vibrant.
