2984 4409
618 289 135 69 LA
816 289 569 71 NOTATION
1449 292 528 72 MUSICALE

2485 324 93 70 33

75 463 236 61 prononcer,
334 442 76 66 j'ai
438 441 90 61 pris
555 455 117 46 pour
702 437 104 47 base
835 437 141 47 celles
1003 456 90 45 que
1124 438 174 65 l'usage
1337 459 27 28 a
1408 440 104 66 déjà
1552 442 288 63 consacrées,
1886 456 45 35 et
1968 444 69 66 j'y
2083 446 39 46 ai
2169 446 157 65 ajouté
2371 447 66 49 les
2479 450 110 62 cinq

73 520 201 58 nouvelles
296 515 230 48 suivantes
543 526 10 32 :

185 590 80 67 J'ai
293 582 187 52 nommé
508 586 11 23 '
533 579 4 78 ;
556 579 48 49 sé
683 581 43 47 le
754 579 43 47 la
825 580 132 46 dièze
987 598 61 30 ou
1074 583 33 45 si
1140 581 172 49 bémol.

558 653 93 46 dou
733 651 41 47 le
804 652 58 46 do
891 652 132 46 dièze
1051 671 63 28 ou
1143 653 49 46 ré
1222 654 172 49 bémol.

282 767 28 25 „
564 741 50 30 ro
696 723 40 46 le
765 724 48 45 ré
841 724 134 46 dièze
1004 742 61 29 ou
1095 726 63 45 mi
1184 725 172 49 bémol.

282 839 28 25 v
563 795 44 47 fé
689 795 42 47 le
761 796 44 46 fa
832 795 135 47 dièze
995 815 60 27 ou
1083 797 65 46 sol
1182 797 172 48 bémol.

512 872 30 23 u
566 886 94 29 nou
743 867 42 46 le
811 867 67 47 sol
907 868 133 47 dièze
1068 887 62 28 ou
1157 867 44 48 la
1230 870 172 47 bémol.

188 949 50 64 Je
262 960 185 33 nomme
473 952 46 35 et
540 939 156 66 j'écris
723 939 64 46 les
814 940 152 46 douze
997 953 150 48 notes,
1176 959 58 27 en
1264 941 64 47 les
1356 941 189 62 plaçant
1573 943 54 47 de
1656 943 42 47 la
1742 945 210 47 manière
1994 946 230 62 suivante,
2267 946 114 46 dans
2421 945 171 48 l'ordre

76 1023 62 64 qui
160 1021 88 46 leur
272 1013 269 63 correspond
573 1029 8 30 :

193 1661 51 65 Je
268 1675 266 33 commence
564 1675 80 45 par
672 1674 221 29 nommer
923 1656 39 47 le
992 1656 57 61 la,
1070 1675 138 44 parce
1234 1675 93 45 que
1356 1658 116 47 c'est
1500 1670 124 36 cette
1652 1672 113 33 note
1785 1660 78 61 qui
1891 1672 93 34 sert
2011 1660 58 47 de
2095 1660 220 62 diapason
2343 1661 256 50 universel.

194 1733 50 64 Je
269 1731 159 63 prends
456 1730 118 47 neuf
592 1729 138 47 séries
757 1729 56 46 de
835 1741 136 35 notes
992 1747 61 28 ou
1075 1729 260 47 douzaines
1355 1747 192 29 comme
1576 1729 42 47 la
1639 1729 303 63 précédente,
1972 1731 118 46 dont
2117 1730 131 50 l'une
2274 1744 69 36 est
2370 1733 229 62 centrale,

79 1816 134 52 quatre
236 1815 97 36 sont
360 1814 266 35 montantes
651 1814 47 33 et
725 1813 164 50 quatre
917 1801 340 47 descendantes
1282 1815 46 32 et
1352 1801 45 64 je
1426 1800 63 48 les
1517 1819 196 28 nomme
1749 1802 114 46 ainsi
1891 1819 10 30 :
1942 1804 379 61 sous-profonde,
2351 1805 245 61 profonde,

80 1893 126 48 grave,
244 1876 129 61 basse,
414 1874 221 61 centrale,
664 1875 161 58 haute,
856 1872 233 63 brillante,
1119 1875 137 62 aiguë
1284 1886 47 33 et
1356 1874 233 63 suraiguë.
1620 1872 144 49 Cette
1792 1874 195 48 division
2018 1889 183 48 permet
2227 1876 56 47 de
2311 1876 287 47 déterminer

81 1946 117 48 d'une
230 1946 191 47 manière
449 1945 138 48 brève
613 1957 47 35 et
688 1945 175 62 précise
893 1957 106 35 tous
1027 1943 65 49 les
1116 1961 109 31 sons
1252 1945 56 47 de
1336 1943 218 49 l'échelle
1583 1943 219 65 générale
1841 1962 64 30 ou
1943 1945 101 47 l'un
2088 1946 54 47 de
2184 1962 76 32 ces
2302 1964 108 30 sons
2447 1946 125 49 seule-

81 2031 122 48 ment,
227 2036 47 29 ce
299 2035 83 46 que
409 2018 92 47 l'on
529 2018 186 47 obtient
741 2017 304 65 aujourd'hui
1074 2017 144 62 qu'en
1246 2035 47 29 se
1319 2030 188 34 servant
1535 2017 145 47 d'une
1712 2016 176 65 longue
1916 2018 178 61 phrase.

195 2089 51 65 Je
280 2091 159 47 choisis
475 2107 58 29 au
574 2088 161 48 hasard
764 2101 49 34 et
838 2106 193 29 comme
1059 2088 235 62 exemple,
1324 2106 94 29 une
1446 2100 115 35 note
1587 2088 301 64 quelconque
1907 2105 10 31 :
1947 2089 117 47 ainsi
2103 2088 43 48 le
2171 2089 53 47 do
2250 2088 206 62 brillant,
2485 2089 114 47 dans

81 2177 93 31 mon
195 2162 200 65 système,
421 2173 68 36 est
514 2162 43 47 la
584 2175 110 34 note
722 2161 117 63 qu'il
870 2162 203 47 faudrait
1098 2161 303 64 aujourd'hui
1430 2159 291 49 déterminer
1747 2178 191 31 comme
1966 2161 30 47 il
2017 2162 92 46 suit
2132 2177 12 32 :
2217 2162 202 62 premier
2521 2178 78 31 sur

82 2229 35 50 la
137 2232 152 62 portée,
315 2232 94 49 clef
426 2233 56 48 de
507 2233 67 47 sol
600 2251 77 29 sur
705 2233 42 46 la
773 2233 205 47 seconde
1007 2232 127 63 ligne
1239 2233 115 47 Une
1382 2244 134 35 autre
1544 2244 130 49 note,
1703 2232 43 48 le
1846 2230 197 63 central,
2071 2230 225 65 équivaut
2321 2232 27 47 à
2373 2232 186 48 celle-ci
2584 2249 12 32 :

124 2304 173 60 premier
574 2304 40 47 la
387 2322 103 30 sous
514 2304 43 48 la
583 2304 178 64 portée,
788 2304 101 47 clef
909 2305 56 47 de
992 2304 67 48 sol
1087 2322 77 29 sur
1192 2303 43 48 la
1260 2304 204 47 seconde
1492 2303 128 63 ligne
1789 2304 107 47 bien
1923 2303 55 48 à:
2145 2319 79 32 sur
2260 2303 44 48 la
2329 2303 272 63 cinquième

81 2371 103 66 ligne
207 2375 49 47 de
291 2375 40 48 la
368 2376 173 64 portée,
567 2378 100 47 clef
691 2378 56 45 de
1479 2378 61 65 fa
863 2394 78 31 sur
980 2375 45 48 la
1050 2376 264 64 quatrième
1359 2375 125 65 ligne
1599 2375 39 47 Il
1677 2393 60 29 en
1779 2388 69 35 est
1886 2376 58 46 de
1982 2375 160 47 même
2180 2392 118 45 pour
2339 2388 156 35 toutes
2535 2375 68 48 les

80 2455 127 37 autres
228 2458 138 51 notes,
387 2460 45 36 et
452 2449 44 65 je
517 2467 114 29 vous
656 2449 84 47 fais
767 2449 137 62 grâce
928 2449 79 46 des
1028 2448 153 47 divers
1206 2465 140 30 noms
1373 2448 80 62 qui
1482 2446 369 63 correspondent
1877 2464 93 29 aux
1996 2446 182 47 mêmes
2203 2458 136 35 notes
2365 2445 25 48 à
2415 2463 187 30 mesure

80 2531 75 46 que
176 2516 85 48 l'on
287 2520 170 63 change
484 2520 63 48 les
573 2521 129 61 clefs,
729 2521 115 47 ainsi
874 2539 90 44 que
992 2520 43 47 la
1063 2521 203 61 position
1295 2520 57 47 de
1379 2537 76 30 ces
1482 2519 236 48 dernières
1742 2537 78 30 sur
1848 2519 66 47 les
1938 2519 151 63 lignes
2114 2519 57 47 de
2198 2517 45 49 la
2268 2517 177 64 portée.

199 2589 78 48 Par
315 2609 90 30 une
448 2592 125 65 ligne
620 2592 313 64 particulière,
974 2605 166 34 courte
1182 2609 62 30 ou
1284 2592 194 63 longue,
1506 2591 245 47 au-dessus
1777 2603 46 35 et
1849 2591 275 47 au-dessous
2151 2590 64 47 du
2240 2591 147 62 signe,
2417 2606 62 31 on
2507 2587 99 50 fixe

82 2660 350 64 graphiquement
457 2664 42 48 la
524 2665 129 62 place
680 2683 91 45 que
797 2666 184 61 chaque
1009 2677 113 33 note
1148 2681 181 46 occupe
1356 2681 78 31 sur
1463 2662 216 48 l'échelle
1707 2662 233 64 générale,
1963 2661 294 48 c'est-à-dire
2277 2661 44 47 la
2339 2660 116 48 série
2474 2679 65 29 ou
2559 2660 48 48 la

84 2727 195 52 douzaine
303 2732 24 50 à
353 2735 193 63 laquelle
573 2736 86 48 elle
686 2737 283 62 appartient.
1001 2735 43 48 Si
1073 2735 43 47 la
1143 2747 113 35 note
1284 2747 68 36 est
1379 2735 225 59 centrale,
1628 2733 88 49 elle
1745 2751 59 31 ne
1831 2732 173 50 souffre
2029 2750 188 30 aucune
2243 2730 323 49 modification
2587 2747 15 33 :

204 3276 38 48 Si
268 3279 80 49 elle
372 3286 259 61 appartient
656 3305 93 29 aux
776 3286 139 48 séries
942 3297 290 48 montantes,
1261 3302 61 30 on
1350 3285 159 64 ajoute
1548 3300 94 32 une
1681 3282 129 65 ligne
1855 3281 404 64 perpendiculaire
2300 3279 25 49 à
2368 3297 47 31 sa
2460 3279 146 64 partie

87 3343 228 61 supérieure
338 3368 11 32 :
