4041 3934
240 489 162 31 courages
427 478 139 41 fragiles
592 481 33 30 et
653 480 95 31 notre
777 478 208 39 inquiétude,
1014 487 87 23 nous
1126 487 42 23 ne
1199 476 21 33 V
1235 477 195 33 admettons
1467 488 61 30 pas
1544 480 53 32 !...
1635 478 122 35 Voulez-

238 536 89 22 vous
353 525 88 32 donc
464 533 90 22 vous
579 523 268 39 empoisonner?
872 522 236 34 Voulez-vous
1136 522 87 31 donc
1248 523 152 38 pourrir?

369 568 80 40 Que
475 570 141 37 peut-on
646 567 75 32 bien
748 569 139 31 trouver
910 567 87 31 dans
1021 576 45 22 un
1092 566 106 32 vieux
1221 567 136 31 tableau
1381 567 29 33 si
1443 577 36 23 ce
1505 567 92 33 n'est
1632 567 31 33 la
1699 578 58 22 con-

237 614 128 34 torsion
394 612 133 40 pénible
553 611 42 33 de
619 611 145 33 Partiste
790 611 209 40 s'efforgafit
1022 611 41 33 de
1088 610 106 33 briser
1226 611 49 33 les
1294 611 162 33 barrières
1474 612 303 33 infranchissables

237 659 20 33 à
280 669 63 23 son
370 657 91 32 désir
485 656 32 32 d'
536 658 170 38 exprimer
731 655 224 33 entièrement
979 664 61 24 son
1068 656 103 31 rève?

371 701 158 33 Admirer
555 711 46 22 un
627 702 105 32 vieux
757 701 135 31 tableau
922 700 28 33 e*
962 702 52 30 est
1037 710 116 22 verser
1171 701 95 31 notre
1283 699 189 33 sensibilité
1496 701 89 32 dans
1602 711 66 22 une
1693 711 83 23 urne

233 746 184 41 funéraire,
436 756 44 22 au
503 746 64 32 lieu
595 746 42 32 de
654 745 31 33 la
703 744 112 33 lancer
828 755 41 23 en
888 748 107 30 avant
1012 754 60 30 par
1086 745 68 40 jets
1169 744 150 34 violents
1337 744 41 34 de
1394 744 147 34 création
1562 748 33 30 et
1612 746 162 33 d'action.

236 791 235 35 Voulez-vous
500 790 88 33 donc
617 790 123 41 gàcher
764 790 87 33 ainsi
877 798 65 24 vos
978 788 191 35 meilleures
1202 789 110 32 forces
1348 790 87 32 dans
1471 800 67 22 une
1572 790 202 33 admiration

235 837 118 33 inutile
377 835 46 33 du
452 835 114 40 passé,
593 835 85 32 dont
701 844 90 23 vous
823 837 111 30 sortez
959 833 187 33 forcément
1181 833 149 40 épuisés,
1367 834 200 39 amoindris,
1607 835 170 39 piétinés?

369 880 43 33 Er
437 878 108 34 vérité
571 878 31 33 la
625 878 253 41 fréquentation
903 878 223 40 quotidienne
1150 878 61 32 des
1248 877 149 41 musées,
1431 878 61 34 des
1527 878 249 42 bibliothèques

235 927 33 31 et
293 925 60 33 des
378 924 195 33 académies
595 925 66 36 (ces
685 923 188 33 cimetières
899 924 32 31 d'
946 923 118 33 efforts
1089 923 138 41 perdus,
1253 932 54 23 ces
1332 924 167 31 calvaires
1523 924 41 32 de
1589 925 98 32 rèves
1703 934 54 23 cru-

237 969 100 36 rifiés,
367 979 56 23 ces
449 968 160 40 régistres
633 967 134 33 d'élans
798 967 107 33 brisés
917 969 63 37 !...)
999 970 53 30 est
1077 978 84 29 pour
1185 967 48 32 les
1258 967 137 33 artistes
1420 978 36 22 ce
1480 967 115 41 qu'est
1613 969 31 33 la
1658 971 117 31 tutelle

237 1013 180 41 prolongée
442 1013 60 33 des
528 1015 140 37 parents
692 1022 85 30 pour
800 1012 42 33 de
865 1013 122 40 jeunes
1011 1021 86 31 gens
1127 1012 223 40 intelligents,
1377 1012 91 33 ivres
1501 1012 43 33 de
1568 1014 71 31 leur
1667 1015 108 32 talent

235 1061 33 30 et
291 1058 43 33 de
358 1059 72 32 leur
453 1057 140 33 volonté
622 1057 216 33 ambitieuse.

370 1103 89 31 Pour
484 1102 59 32 des
570 1101 211 42 moribonds,
809 1101 61 33 des
895 1099 169 34 invalides
1088 1102 34 31 et
1157 1100 61 33 des
1242 1100 223 42 prisonniers,
1503 1111 101 30 passe
1640 1112 131 22 encore.

235 1146 105 35 C'est
365 1147 169 40 peut-étre
558 1156 46 22 un
631 1146 124 33 baume
779 1145 21 33 à
824 1146 89 32 leurs
939 1145 183 40 blessures,
1148 1154 67 30 que
1239 1145 212 33 l'admirable
1484 1145 113 41 passé,
1623 1146 45 32 du
1705 1157 46 22 mo-

236 1195 94 30 ment
353 1202 66 30 que
445 1191 149 33 l'avenir
618 1190 71 34 leur
713 1193 54 31 est
791 1190 180 33 interdit...
1004 1190 88 33 Mais
1119 1199 87 24 nous
1244 1189 34 32 n'
1294 1200 42 22 en
1373 1190 149 33 voulons
1559 1200 74 31 pas,
1672 1200 98 32 nous,

235 1237 47 33 les
306 1237 135 41 jeunes,
469 1236 49 32 les
542 1236 86 32 forts
654 1238 33 30 et
711 1235 49 33 les
785 1236 144 32 vivants
945 1233 223 40 futuristes!

369 1280 177 35 Viennent
569 1280 87 33 donc
688 1279 51 34 les
772 1279 87 33 bons
896 1279 223 33 incendiaires
1154 1288 69 23 aux
1259 1278 114 41 doigts
1408 1279 196 33 carbonisés
1616 1280 52 32 !...
1708 1279 65 33 Les

234 1326 153 33 voici!...
415 1324 64 33 Les
503 1325 87 32 voici
605 1326 52 32 !...
685 1325 42 32 Et
752 1324 122 33 boutez
899 1324 86 32 donc
1010 1324 29 32 le
1063 1324 59 32 feu
1145 1333 68 22 aux
1241 1333 128 31 rayons
1406 1324 60 33 des
1503 1324 266 40 bibliothèques!

236 1369 197 34 Détournez
459 1370 29 32 le
512 1379 99 23 cours
635 1369 61 32 des
720 1379 134 23 canaux
880 1378 84 30 pour
988 1368 143 33 inonder
1154 1368 48 32 les
1230 1377 155 23 caveaux
1409 1368 62 33 des
1496 1369 135 32 musées
1645 1371 6 30 !
1691 1369 59 33 Oh
1763 1371 6 31 !

233 1414 145 41 qu'elles
404 1416 128 38 nagent
556 1413 20 33 à
601 1414 32 32 la
657 1413 129 41 dérive,
813 1413 48 33 les
885 1413 98 33 toiles
1012 1413 187 40 glorieuses
1211 1413 53 32 !...
1303 1413 29 32 A
1357 1423 89 23 vous
1483 1412 50 34 les
1569 1414 136 39 pioches
1740 1417 33 30 et

233 1460 49 33 les
308 1460 243 32 marteaux!...
579 1468 102 29 sapez
707 1459 29 32 le
758 1458 221 33 fondements
1004 1457 60 33 des
1089 1458 99 31 villes
1219 1456 223 34 vénérables!

370 1503 64 33 Les
460 1503 77 40 plus
564 1503 82 40 àgés
671 1502 141 33 d'entre
838 1513 87 21 nous
951 1501 101 33 n'ont
1076 1512 62 29 pas
1162 1511 120 23 encore
1305 1504 111 30 trente
1440 1511 82 31 ans;
1550 1512 87 22 nous
1661 1512 110 22 avons

233 1548 88 33 donc
345 1558 42 23 au
414 1548 111 32 moins
551 1547 58 33 dix
633 1557 65 23 ans
722 1557 84 30 pour
829 1547 180 38 accomplir
1033 1549 95 30 notre
1144 1546 110 33 tàche.
1282 1546 131 41 Quand
1443 1556 87 23 nous
1547 1556 127 23 aurons
1691 1557 59 29 qua-

234 1595 95 30 rante
346 1602 78 31 ans,
442 1602 66 30 que
532 1592 41 33 de
598 1592 77 40 plus
698 1592 122 40 jeunes
846 1593 32 31 et
904 1592 76 39 plus
1004 1592 164 31 vaillants
1192 1601 66 30 que
1283 1602 87 22 nous
1395 1592 165 32 veuillent
1585 1592 75 31 bien
1684 1600 86 23 nous

231 1639 85 39 jeter
339 1647 42 22 au
409 1638 117 39 panier
548 1646 130 23 cornine
703 1637 60 31 des
781 1637 205 31 manuscrits
1012 1636 204 32 inutiles!...
1236 1635 44 32 Ils
1296 1635 184 33 viendront
1498 1638 115 30 contre
1630 1646 87 22 nous
1731 1637 40 31 de

232 1682 69 32 très
320 1682 80 39 loin,
427 1682 41 32 de
486 1683 149 39 partout,
653 1691 41 23 en
714 1680 206 34 bondissant
936 1690 60 23 sur
1012 1680 32 33 la
1061 1680 146 33 cadence
1224 1679 109 41 légère
1350 1680 40 33 de
1409 1681 89 32 leurs
1515 1680 162 40 premiers
1694 1680 57 39 poè-

233 1736 84 26 mes,
339 1726 141 41 griffant
503 1725 83 33 l'air
609 1726 42 32 de
674 1725 90 33 leurs
789 1726 114 40 doigts
928 1724 154 40 crochus,
1108 1727 35 31 et
1166 1725 158 41 humant,
1351 1735 69 22 aux
1445 1727 114 38 portes
1576 1725 60 32 des
1654 1725 97 32 acadé-

234 1773 96 38 mies,
358 1771 31 32 la
414 1771 113 32 bonne
551 1770 105 33 odeur
679 1770 42 33 de
746 1780 63 24 nos
833 1771 124 40 esprits
976 1769 246 41 pourrissants,
1240 1769 76 41 déjà
1333 1769 128 40 promis
1477 1779 68 23 aux
1559 1771 210 32 catacombes

233 1816 60 33 des
318 1815 261 40 bibliothèques.

368 1860 89 33 Alais
482 1868 88 23 nous
596 1868 42 23 ne
661 1868 121 24 serons
807 1868 62 31 pas
895 1858 44 33 là.
967 1858 44 33 Ils
1037 1868 88 23 nous
1147 1860 203 32 trouveront
1374 1858 105 42 enfin,
1507 1868 60 32 par
1601 1868 69 23 une
1695 1860 74 31 nuit

232 1904 150 42 d'hiver,
409 1915 40 22 en
476 1905 110 40 pieine
609 1914 203 31 campagne,
837 1914 82 24 sous
944 1914 46 22 un
1014 1904 99 32 triste
1138 1902 132 41 hangar
1293 1903 136 40 pianoté
1454 1913 60 29 par
1538 1903 32 33 la
1594 1903 89 40 pluie
1701 1914 44 21 mo-

233 1952 140 38 notone,
398 1950 175 39 accroupis
598 1949 77 39 près
699 1949 41 32 de
765 1958 63 23 nos
856 1947 200 40 aéroplanes
1091 1947 206 41 trépidants,
1336 1958 40 22 en
1413 1949 88 32 train
1539 1948 42 32 de
1616 1948 153 33 chauffer

233 2004 63 23 nos
323 1994 111 32 mains
459 2003 59 24 sur
543 1993 30 34 le
598 1992 178 35 misérable
798 1993 58 32 feu
882 2002 66 29 que
970 1992 114 33 feront
1109 2002 64 23 nos
1200 1992 104 33 livres
1321 1992 263 40 d'aujourd'hui
1601 1993 168 32 fìambant

232 2040 173 39 gaiement
428 2048 82 23 sous
536 2038 29 32 le
593 2038 59 32 voi
676 2037 185 34 étincelant
884 2037 41 33 de
950 2037 90 33 leurs
1065 2037 144 40 images.

366 2083 44 32 Ils
434 2082 257 33 s'ameuteront
715 2084 123 31 aùtour
863 2082 41 32 de
936 2091 100 31 nous,
1079 2081 174 33 haletants
1281 2081 199 40 d'angoisse
1515 2083 34 31 et
1584 2081 41 33 de
1661 2081 104 40 dépit,

231 2131 33 30 et
287 2129 80 32 tous
392 2127 184 40 exaspérés
600 2136 60 30 par
689 2129 96 31 notre
808 2127 60 32 fier
891 2136 144 30 courage
1061 2126 211 41 infatigable,
1308 2126 229 33 s'élanceront
1566 2136 85 29 pour
1681 2136 86 23 nous

230 2175 88 39 tuer,
344 2182 85 23 avec
452 2172 161 32 d'autant
638 2171 76 40 plus
739 2171 41 33 de
805 2171 102 33 haine
931 2181 66 28 que
1022 2171 71 32 leur
1117 2180 92 24 coeur
1236 2180 76 22 sera
1337 2171 71 32 ivre
1433 2171 157 32 d'amour
1614 2173 33 29 et
1670 2170 77 32 d'ad-

231 2218 157 32 miration
415 2226 84 30 pour
524 2225 99 24 nous.
652 2216 42 32 Et
718 2215 32 34 la
773 2216 87 33 forte
884 2217 34 31 et
941 2215 33 33 la
1008 2216 97 32 saine
1141 2215 161 41 Injustice
1338 2215 142 33 éclatera
1517 2215 250 33 radieusement

231 2262 87 33 dans
343 2262 90 32 leurs
457 2270 104 30 yeux.
590 2259 75 34 Car
688 2260 22 33 1'
723 2262 53 31 art
800 2270 42 23 ne
870 2262 81 38 peut
974 2260 71 33 étre
1067 2269 67 31 que
1160 2260 166 40 violence,
1352 2258 139 35 cruauté
1526 2262 34 30 et
1595 2260 169 40 injustice.

367 2307 65 31 Les
457 2306 77 39 plus
558 2304 84 41 àgés
666 2305 134 32 d'entre
824 2314 88 22 nous
938 2304 106 33 n'ont
1067 2314 62 30 pas
1155 2314 120 23 encore
1298 2307 112 30 trente
1433 2314 77 29 ans,
1537 2306 34 31 et
1605 2307 162 37 pourtant

231 2361 88 23 nous
343 2360 111 23 avons
480 2349 77 41 déja
581 2349 142 41 gaspillé
748 2349 61 33 des
832 2349 140 40 trésors,
999 2350 60 31 des
1084 2348 127 34 trésors
1235 2349 43 32 de
1300 2349 102 40 force,
1428 2349 171 41 d'amour,
1624 2349 42 33 de
1689 2359 58 23 cou-

231 2405 77 31 rage
334 2397 32 31 et
390 2394 118 39 d'apre
531 2394 151 41 volonté,
709 2393 20 34 à
754 2394 32 33 la
809 2394 93 40 hàte,
929 2404 41 22 en
997 2393 114 41 délire,
1137 2402 85 25 sans
1247 2395 160 40 compter,
1435 2392 20 34 à
1490 2395 77 31 tour
1602 2393 41 33 de
1674 2394 90 40 bras,

230 2439 20 33 à
275 2440 118 41 perdre
417 2439 147 32 haleine.

366 2483 297 41 Regardez-nous!
694 2482 96 35 Nous
819 2492 42 23 ne
885 2491 150 24 sommes
1064 2491 63 30 pas
1162 2481 240 35 essoufflés....
1440 2482 106 34 Notre
1581 2493 93 23 coeur
1708 2483 58 33 n'a

231 2538 61 30 pas
318 2528 32 33 la
376 2528 152 33 moindre
552 2528 148 38 fatigue!
729 2526 74 35 Car
827 2527 22 32 il
872 2527 88 33 s'est
985 2528 113 31 nourri
1124 2526 40 33 de
1189 2527 70 39 feu,
1285 2527 41 32 de
1350 2527 101 32 haine
1476 2529 33 30 et
1526 2528 41 31 de
1583 2529 130 31 vitesse
1726 2529 37 32 !..

231 2573 57 41 Qa
311 2582 91 24 vous
426 2572 150 34 étonne?
605 2570 106 35 C'est
734 2582 66 29 que
823 2581 89 23 vous
942 2580 42 24 ne
1000 2581 89 23 vous
1106 2581 174 23 souvenez
1299 2572 108 32 méme
1425 2581 62 30 pas
1504 2571 138 33 d'avoir
1659 2573 103 32 vécu!

230 2636 42 5 —
299 2617 139 34 Debout
462 2626 60 23 sur
544 2616 33 33 la
600 2618 85 31 cime
710 2616 45 33 du
781 2616 136 40 monde,
945 2625 87 23 nous
1056 2615 141 41 langons
1222 2625 120 24 encore
1366 2625 70 24 une
1458 2616 68 33 fois
1550 2616 30 33 le
1604 2616 64 34 défi
1697 2626 67 23 aux

230 2662 120 34 étoiles
360 2663 7 32 !

363 2705 71 36 Vos
459 2704 210 42 objections?
693 2704 128 34 Assez!
850 2705 126 32 Assez!
1004 2704 42 34 Je
1071 2704 48 33 les
1150 2705 160 33 connais!
1331 2703 104 35 C'est
1470 2705 170 33 entendu!
1669 2705 96 34 Nous

231 2760 131 24 savons
393 2750 77 33 bien
496 2759 36 23 ce
556 2759 66 31 que
649 2750 96 32 notre
771 2749 84 33 belle
879 2751 33 31 et
935 2749 118 33 fausse
1079 2749 214 40 intelligence
1320 2759 87 23 nous
1431 2750 141 32 affirme.
1598 2768 43 5 —
1670 2750 94 35 Nous

232 2806 43 22 ne
298 2804 164 32 sommes,
489 2794 141 41 dit-elle,
656 2804 66 30 que
746 2794 30 33 le
802 2793 133 34 résumé
959 2796 33 30 et
1017 2794 29 32 le
1071 2794 259 40 prolongement
1362 2794 40 33 de
1427 2804 62 23 nos
1525 2796 166 31 ancétres.
1724 2813 40 5 —

233 2839 212 34 Peut-ètre...
465 2837 135 35 Soit!...
628 2837 243 42 Qu'importe?
891 2838 87 33 Mais
996 2848 86 22 nous
1100 2848 41 23 ne
1158 2839 148 32 voulons
1325 2849 60 28 pas
1403 2838 182 34 entendre!
1613 2838 130 34 Gardez-

230 2895 90 22 vous
344 2884 41 33 de
411 2883 130 40 répéter
564 2893 56 24 ces
645 2885 89 31 mots
760 2883 164 33 infàmes!
953 2883 110 33 Levez
1089 2883 110 40 plutòt
1223 2883 31 32 la
1277 2884 130 32 téte!...

365 2928 139 34 Debout
527 2937 61 24 sur
612 2928 32 33 la
667 2928 85 33 cime
776 2928 45 33 du
847 2928 138 41 monde,
1011 2937 87 23 nous
1123 2927 141 42 langons
1296 2937 120 24 encore
1440 2937 67 24 une
1540 2928 67 33 fois
1642 2928 30 33 le
1700 2928 64 33 défi

230 2983 69 22 aux
323 2972 118 33 étoiles
457 2973 9 32 !

1167 3105 54 47 F.
1281 3105 49 46 T.
1378 3105 290 47 Marinetti

1086 3203 288 35 DIRECTEUR
1416 3207 58 29 DE
1515 3203 247 33 «POESIA»

3192 345 264 39 POESIA

1922 493 59 32 A\a
2008 502 67 22 non
2100 496 162 28 ammetto
2288 492 60 33 che
2372 492 29 32 si
2426 491 198 32 conducano
2648 491 314 40 quotidianamente
2989 501 19 23 a
3032 491 183 40 passeggio
3241 500 57 30 per
3323 491 9 33 i
3352 491 105 32 musei

1922 538 31 32 le
1978 539 114 31 nostre
2117 538 171 38 tristezze,
2315 536 20 33 il
2362 538 116 30 nostro
2502 536 118 39 fragile
2644 536 168 39 coraggio,
2839 536 31 32 la
2895 539 118 30 nostra
3048 536 248 40 inquietudine.
3335 534 122 34 Perchè

1922 580 126 34 volersi
2072 581 230 33 avvelenare?
2333 580 123 32 Perchè
2481 580 114 32 volere
2623 579 236 40 imputridire?

2057 625 27 33 E
2108 625 61 33 che
2195 625 67 33 mai
2286 625 28 32 si
2341 625 67 39 può
2431 624 135 41 vedere,
2595 625 32 31 in
2658 634 45 23 un
2733 624 138 32 vecchio
2903 625 142 40 quadro,
3071 633 38 24 se
3145 633 66 25 non
3248 623 33 34 la
3314 623 143 34 faticosa

1921 671 216 32 contorsione
2161 669 221 41 dell'artista,
2408 669 61 34 che
2493 669 28 32 si
2554 668 113 33 sforzò
2691 668 32 33 di
2761 669 194 39 infrangere
2990 669 29 32 le
3056 668 218 40 insuperabili
3312 668 144 34 barriere

1921 717 144 38 opposte
2088 714 32 32 al
2144 724 64 23 suo
2233 713 166 33 desiderio
2423 713 32 33 di
2481 715 181 38 esprimer
2687 715 225 31 interamente
2937 713 21 32 il
2985 722 63 24 suo
3064 715 176 38 sogno?...
3268 713 189 33 Ammirare

1922 769 46 23 un
1993 758 130 41 quadro
2147 758 112 34 antico
2282 758 157 41 equivale
2466 768 20 22 a
2510 767 138 24 versare
2665 758 31 32 la
2714 761 117 29 nostra
2847 757 191 33 sensibilità
3055 757 33 33 in
3106 758 149 32 un'urna
3270 758 186 42 funeraria,

1922 805 119 32 invece
2063 803 33 34 di
2122 802 193 41 proiettarla
2340 802 153 41 lontano,
2519 803 33 32 in
2578 803 140 32 violenti
2748 803 82 39 getti
2856 802 33 33 di
2913 803 174 32 creazione
3112 812 18 22 e
3153 802 32 33 di
3210 802 132 33 azione.

2054 847 121 35 Volete
2197 848 139 39 dunque
2360 857 154 30 sprecare
2537 849 90 31 tutte
2651 845 30 35 le
2705 850 117 30 vostre
2846 847 92 32 forze
2967 846 156 41 migliori,
3150 847 33 33 in
3203 849 120 38 questa
3339 849 118 32 eterna

1920 892 41 34 ed
1985 892 119 33 inutile
2133 892 242 33 ammirazione
2399 892 53 33 del
2477 894 151 37 passato,
2648 891 44 33 da
2707 892 53 32 cui
2779 892 106 32 uscite
2902 891 200 33 fatalmente
3116 891 142 40 esausti,
3285 891 168 34 diminuiti

1921 947 19 24 e
1962 938 141 40 calpesti
2117 938 14 31 ?

2054 981 35 33 In
2115 980 110 34 verità
2248 981 32 33 io
2303 981 35 33 vi
2364 979 149 34 dichiaro
2535 980 63 33 che
2620 979 33 33 la
2688 979 280 40 frequentazione
3003 979 200 41 quotidiana
3239 979 52 34 dei
3331 979 121 41 musei,

1919 1026 85 33 delle
2028 1026 200 33 biblioteche
2251 1035 19 23 e
2294 1025 85 33 delle
2402 1024 190 34 accademie
2617 1023 155 44 (cimiteri
2797 1024 33 33 di
2858 1025 103 33 sforzi
2988 1025 96 40 vani,
3111 1024 137 33 calvarii
3283 1023 34 35 di
3353 1025 100 39 sogni

1918 1070 173 41 crocifissi,
2117 1070 132 40 registri
2275 1069 33 34 di
2333 1070 104 33 slanci
2462 1067 224 44 troncati!...)
2712 1070 18 33 è
2756 1078 57 32 per
2836 1069 46 39 gli
2920 1069 109 33 artisti
3064 1068 197 33 altrettanto
3297 1068 157 35 dannosa

1917 1115 61 33 che
2002 1115 32 32 la
2058 1115 106 33 tutela
2188 1114 204 41 prolungata
2416 1113 51 33 dei
2495 1115 130 38 parenti
2651 1123 59 31 per
2733 1113 78 33 certi
2837 1115 140 39 giovani
3003 1113 91 33 ebbri
3121 1113 52 33 del
3199 1113 69 33 loro
3305 1114 149 39 ingegno

1919 1170 17 23 e
1959 1159 87 33 della
2072 1160 69 33 loro
2164 1159 143 33 volontà
2331 1159 198 33 ambiziosa.
2552 1159 61 32 Per
2630 1159 8 32 i
2658 1157 203 42 moribondi,
2881 1168 58 30 per
2956 1158 200 41 gl'infermi,
3175 1159 52 39 pei
3245 1158 208 41 prigionieri,

1919 1206 52 32 sia
1995 1214 101 30 pure:
2125 1221 45 7 —
2193 1203 244 33 l'ammirabile
2462 1206 139 36 passato
2625 1202 18 33 è
2666 1202 91 33 forse
2790 1212 46 23 un
2862 1202 153 33 balsamo
3039 1203 32 32 ai
3097 1202 70 33 loro
3203 1202 92 40 mali,
3336 1202 118 40 poiché

1919 1259 57 30 per
2000 1249 66 33 essi
2092 1247 190 34 l'avvenire
2307 1247 18 33 è
2352 1248 212 33 sbarrato....
2608 1246 56 34 Ma
2702 1248 55 32 noi
2796 1256 68 25 non
2900 1248 174 39 vogliamo
3109 1246 57 43 più
3205 1256 158 31 saperne,
3400 1247 54 33 dei

1921 1296 153 38 passato,
2101 1294 67 39 noi,
2197 1293 138 38 giovani
2361 1303 17 23 e
2411 1293 77 32 forti
2512 1291 205 40 futuristi!

2053 1338 27 33 E
2103 1347 162 30 vengano
2281 1336 151 41 dunque,
2453 1337 43 40 gli
2514 1337 114 39 allegri
2648 1336 195 33 incendiarii
2859 1335 87 34 dalle
2963 1336 71 33 dita
3050 1336 252 33 carbonizzate!
3324 1334 126 35 Eccoli!

1921 1382 176 34 Eccoli!...
2124 1381 153 35 Suvvia!
2305 1381 78 33 date
2406 1381 99 33 fuoco
2530 1382 67 39 agli
2622 1381 130 33 scaffali
2785 1381 86 33 delle
2888 1380 201 34 biblioteche
3100 1382 53 32 !...
3177 1380 118 34 Sviate
3319 1380 22 33 il
3358 1390 95 23 corso

1917 1427 52 32 dei
1994 1427 122 40 canali,
2143 1436 59 31 per
2225 1426 164 33 inondare
2416 1427 8 31 i
2449 1427 174 31 musei!...
2658 1425 73 40 Oh,
2759 1425 32 33 la
2814 1425 89 40 gioia
2939 1425 32 33 di
3007 1425 104 33 veder
3147 1425 205 41 galleggiare
3387 1425 66 33 alla

1917 1472 129 40 deriva,
2072 1472 106 32 lacere
2202 1480 18 23 e
2243 1472 106 32 stinte
2373 1479 40 23 su
2438 1470 109 40 quelle
2572 1479 118 31 acque,
2716 1469 30 33 le
2769 1470 138 32 vecchie
2930 1469 66 34 tele
3022 1470 208 40 gloriose!...
3251 1470 202 40 impugnate

1919 1517 7 33 i
1945 1517 143 40 picconi,
2107 1515 29 33 le
2156 1516 102 39 scuri,
2278 1515 8 32 i
2313 1515 155 40 martelli,
2486 1524 17 23 e
2521 1515 170 40 demolite,
2710 1514 159 33 demolite
2886 1524 105 23 senza
3010 1514 89 40 pietà
3117 1514 30 33 le
3170 1514 81 33 città
3269 1516 181 31 venerate!

2053 1559 9 35 I
2079 1559 56 42 più
2148 1559 134 34 anziani
2297 1559 52 33 fra
2366 1560 68 39 noi,
2455 1568 67 23 non
2537 1559 116 32 hanno
2670 1568 124 24 ancora
2810 1559 189 33 trentanni
3017 1569 8 21 :
3050 1560 27 31 ci
3099 1559 130 32 rimane
3248 1559 138 39 dunque
3406 1559 31 33 al-

1917 1615 100 23 meno
2034 1615 46 22 un
2105 1604 177 40 decennio,
2300 1613 58 31 per
2371 1604 148 39 compier
2542 1603 128 39 l'opera
2694 1606 129 30 nostra.
2852 1602 152 41 Quando
3022 1613 140 23 avremo
3191 1603 260 41 quarantanni,

1917 1650 74 33 altri
2009 1649 129 33 uomini
2163 1647 57 42 più
2244 1649 138 40 giovani
2407 1658 18 23 e
2449 1646 57 42 più
2531 1648 104 32 validi
2660 1647 32 34 di
2719 1649 54 32 noi
2799 1647 28 34 ci
2850 1647 132 41 gettino
3006 1656 82 31 pure
3112 1647 54 34 nel
3190 1648 143 41 cestino,
3358 1658 95 23 come

1919 1695 210 33 manoscritti
2157 1694 122 33 inutili.
2305 1712 43 3 —
2373 1691 65 36 Noi
2463 1692 32 32 lo
2523 1693 242 32 desideriamo!

2053 1739 175 34 Verranno
2252 1739 117 32 contro
2394 1737 31 33 di
2452 1736 69 42 noi,
2548 1737 8 32 i
2583 1738 106 32 nostri
2718 1736 208 33 successori:
2952 1745 171 24 verranno
3147 1736 33 34 di
3217 1736 154 40 lontano,
3408 1736 45 34 da

1918 1785 77 39 ogni
2027 1786 107 37 parte,
2159 1782 183 34 danzando
2364 1791 43 24 su
2431 1781 32 34 la
2488 1781 151 34 cadenza
2662 1781 90 33 alata
2776 1781 52 33 dei
2859 1781 71 33 loro
2954 1781 97 40 primi
3076 1782 105 40 canti,
3218 1781 234 40 protendendo

1917 1829 71 32 dita
2013 1828 156 33 adunche
2192 1827 32 33 di
2249 1827 167 40 predatori
2441 1835 18 25 e
2482 1826 155 33 fiutando
2660 1827 254 39 caninamente,
2933 1825 71 33 -alle
3022 1828 94 38 porte
3139 1826 86 32 delle
3246 1826 204 39 accademie,

1918 1874 20 33 il
1964 1874 90 33 buon
2080 1873 101 32 odore
2206 1872 85 33 delle
2315 1873 116 32 nostre
2455 1872 106 32 menti
2587 1871 34 33 in
2647 1870 247 41 putrefazione,
2913 1869 57 41 già
2986 1879 173 31 promesse
3177 1871 64 32 alle
3257 1871 194 32 catacombe

1917 1918 85 32 delle
2027 1916 214 35 biblioteche.

2050 1962 57 33 Ma
2133 1961 54 34 noi
2213 1969 69 24 non
2306 1969 135 24 saremo
2463 1957 75 36 là...
2565 1958 78 35 Essi
2666 1959 29 34 ci
2719 1961 212 31 troveranno
2960 1958 104 34 alfine
3088 1976 43 6 —
3155 1968 70 23 una
3251 1961 94 31 notte
3363 1959 71 33 d'in-

1915 2016 107 24 verno
2047 2025 40 5 —
2113 2006 33 33 in
2171 2008 117 37 aperta
2312 2013 203 31 campagna,
2540 2007 93 30 sotto
2660 2013 71 24 una
2753 2004 99 33 triste
2874 2004 123 32 tettoia
3032 2003 242 34 tamburellata
3309 2004 43 32 da
3382 2013 69 24 una

1916 2052 134 40 pioggia
2076 2053 198 36 monotona,
2298 2058 19 24 e
2340 2049 28 33 ci
2393 2049 178 33 vedranno
2596 2048 197 34 accoccolati
2818 2051 140 30 accanto
2982 2048 30 33 ai
3044 2048 107 33 nostri
3183 2048 173 40 aeroplani
3387 2050 48 31 tre-

1916 2096 129 40 pidanti
2071 2105 18 23 e
2114 2095 159 32 nell'atto
2296 2093 34 33 di
2347 2093 161 33 scaldarci
2534 2093 30 33 le
2590 2093 91 33 mani
2707 2093 32 33 al
2763 2093 205 32 fuocherello
2994 2093 174 33 meschino
3203 2092 62 33 che
3298 2092 153 35 daranno

1915 2142 9 31 i
1950 2141 105 33 nostri
2082 2140 71 31 libri
2183 2138 131 40 d'oggi,
2338 2138 289 40 fiammeggiando
2651 2139 92 32 sotto
2768 2137 21 32 il
2814 2137 79 32 volo
2918 2136 84 33 delle
3028 2139 115 30 nostre
3171 2136 190 40 immagini.

2050 2183 74 33 Essi
2149 2183 283 33 tumultueranno
2458 2183 135 33 intorno
2620 2192 21 23 a
2665 2182 69 41 noi,
2752 2182 156 33 ansando
2926 2190 58 31 per
2999 2182 162 40 angoscia
3178 2191 18 23 e
3212 2190 59 31 per
3287 2182 161 40 dispetto,

1917 2239 17 23 e
1957 2230 93 39 tutti,
2077 2229 186 38 esasperati
2288 2227 55 33 dal
2369 2228 117 32 nostro
2516 2227 161 41 superbo,
2709 2226 224 33 instancabile
2964 2226 120 40 ardire,
3121 2226 30 32 si
3188 2229 262 29 avventeranno

1917 2283 59 29 per
2000 2274 175 39 ucciderci,
2204 2272 105 40 spinti
2333 2270 45 33 da
2401 2280 46 24 un
2474 2270 76 34 odio
2573 2273 99 31 tanto
2696 2270 56 40 più
2770 2269 211 42 implacabile
2999 2270 229 40 inquantochè
3246 2271 8 32 i
3272 2270 70 33 loro
3358 2272 90 31 cuori

1917 2328 149 22 saranno
2091 2317 97 33 ebbri
2215 2317 32 32 di
2272 2325 113 24 amore
2410 2325 18 24 e
2451 2316 33 33 di
2509 2316 241 33 ammirazione
2780 2324 58 31 per
2862 2316 68 31 noi.

2053 2361 48 34 La
2126 2362 93 32 forte
2244 2371 17 23 e
2284 2370 87 24 sana
2402 2359 199 42 Ingiustizia
2624 2359 175 41 scoppierà
2823 2360 132 32 radiosa
2981 2359 52 32 nei
3051 2358 68 33 loro
3136 2359 105 33 occhi.
3261 2377 41 6 —
3320 2358 127 42 L'arte,

1917 2407 129 41 infatti,
2074 2416 66 22 non
2167 2406 67 40 può
2258 2415 113 23 essere
2394 2404 62 33 che
2481 2405 168 40 violenza,
2677 2403 150 34 crudeltà
2850 2404 41 33 ed
2916 2404 218 39 ingiustizia!

2051 2450 9 33 I
2088 2449 56 42 più
2170 2450 135 33 anziani
2322 2450 51 32 fra
2391 2450 55 32 noi
2473 2459 67 24 non
2566 2450 114 32 hanno
2697 2458 125 25 ancora
2836 2448 188 33 trent'anni
3035 2459 8 29 ;
3063 2457 137 31 eppure,
3220 2448 54 33 noi
3291 2447 158 34 abbiamo

1915 2495 55 41 già
1994 2495 184 40 sperperati
2201 2495 116 39 tesori,
2345 2494 88 33 mille
2455 2495 103 32 tesori
2584 2494 32 32 di
2641 2494 106 40 forza,
2774 2493 32 33 di
2831 2502 126 31 amore,
2984 2493 191 39 d'audacia,
3213 2492 33 33 d'
3262 2493 133 32 astuzia
3431 2502 18 22 e

1915 2541 32 32 di
1973 2541 82 32 rude
2079 2538 158 41 volontà;
2264 2539 19 32 li
2309 2538 134 33 abbiam
2469 2540 120 38 gettati
2613 2540 58 31 via
2695 2539 330 39 impazientemente,
3061 2537 34 33 in
3112 2537 101 40 furia,
3240 2547 105 23 senza
3369 2546 60 22 con-

1915 2588 83 37 tare,
2024 2594 105 23 senza
2154 2583 65 34 mai
2244 2584 136 40 esitare,
2405 2592 107 25 senza
2535 2583 160 40 riposarci
2721 2583 81 41 mai,
2819 2592 20 23 a
2864 2581 233 41 perdifiato....
3116 2580 207 35 Guardateci
3337 2582 7 32 !
3372 2580 75 35 Non

1915 2630 108 33 siamo
2047 2638 122 24 ancora
2193 2628 168 40 spossati!
2389 2627 10 33 I
2426 2628 109 33 nostri
2561 2627 89 33 cuori
2677 2637 68 23 non
2772 2629 146 31 sentono
2950 2627 121 32 alcuna
3095 2626 217 41 stanchezza,
3333 2625 116 40 poiché

1915 2684 87 23 sono
2027 2674 116 32 nutriti
2169 2672 33 33 di
2226 2672 112 41 fuoco,
2365 2672 32 33 di
2425 2672 77 34 odio
2525 2682 17 23 e
2572 2672 34 33 di
2632 2671 209 34 velocità!...
2876 2670 51 36 Ve
2952 2681 42 23 ne
3018 2671 198 39 stupite?...
3253 2670 39 34 E'
3331 2670 119 41 logico,

1916 2717 117 41 poiché
2056 2719 56 32 voi
2139 2727 68 23 non
2232 2718 35 32 vi
2293 2717 164 33 ricordate
2482 2726 183 24 nemmeno
2690 2717 33 33 di
2747 2726 83 24 aver
2852 2716 155 33 vissuto!
3034 2714 83 35 Ritti
3154 2714 90 33 sulla
3274 2715 87 33 cima
3396 2714 53 33 del

1916 2763 137 41 mondo,
2080 2763 54 32 noi
2161 2762 196 41 scagliamo,
2384 2771 71 23 una
2477 2762 96 33 volta
2595 2771 136 32 ancora,
2758 2761 32 33 la
2817 2763 118 31 nostra
2957 2759 87 33 sfida
3067 2761 64 31 alle
3155 2760 96 33 stelle
3267 2761 7 32 !

2048 2805 46 36 Ci
2119 2809 168 37 opponete
2310 2806 85 33 delle
2419 2806 232 33 obiezioni?...
2679 2805 129 34 Basta!
2837 2805 125 32 Basta!
2991 2804 46 33 Le
3069 2805 271 33 conosciamo....
3380 2803 46 33 Ab-

1916 2853 111 32 biamo
2050 2852 175 39 capito!...
2254 2851 48 33 La
2327 2853 117 31 nostra
2467 2851 86 32 bella
2577 2861 17 23 e
2619 2850 163 33 mendace
2806 2850 217 39 intelligenza
3054 2850 27 32 ci
3118 2848 142 33 afferma
3291 2848 63 33 che
3391 2848 55 32 noi

1915 2898 108 31 siamo
2049 2897 20 32 il
2095 2897 172 31 riassunto
2291 2905 18 23 e
2326 2895 21 33 il
2364 2896 283 40 prolungamento
2664 2895 87 40 degli
2768 2896 57 32 avi
2844 2895 119 32 nostri.
2983 2911 41 5 —
3044 2893 103 33 Forse
3161 2895 52 31 !...
3234 2892 58 34 Sia
3311 2902 81 31 pure
3408 2893 38 31 !..

1917 2942 57 32 Ma
1999 2941 59 32 che
2084 2941 163 39 importa?
2272 2939 76 36 Non
2374 2940 171 40 vogliamo
2570 2939 175 34 intendere
2761 2940 52 32 !...
2840 2937 92 36 Guai
2963 2947 19 23 a
3006 2937 52 34 chi
3091 2939 28 32 ci
3145 2937 143 41 ripeterà
3323 2938 123 40 queste

1917 2986 111 39 parole
2054 2985 181 33 infami!...

2054 3031 117 31 Alzate
2195 3029 32 33 la
2262 3031 91 31 testa
2369 3029 54 33 !...

2051 3074 81 33 Ritti
2157 3083 41 24 su
2223 3073 32 33 la
2278 3073 88 32 cima
2390 3072 51 34 del
2469 3072 137 41 mondo,
2634 3073 54 32 noi
2714 3073 196 39 scagliamo,
2930 3082 69 23 una
3017 3072 94 33 volta
3128 3081 136 30 ancora,
3283 3071 31 32 la
3333 3073 113 31 nostra

1916 3118 88 32 sfida
2028 3118 63 32 alle
2114 3118 165 32 stelle!...

2855 3214 53 45 F.
3062 3214 49 45 T.
3245 3214 89 45 Marinetti

2736 3302 318 34 DIRETTORE
3091 3306 50 27 DI
3180 3301 269 32 «POESIA»

1726 3576 220 49 37
