4041 3934
3240 306 247 39 POESIA

796 683 110 149 L
906 683 112 149 E
1129 683 223 149 SI
1392 683 529 149 ÈCLE
2037 715 886 115 MAUDIT

2248 988 174 36 Hideux
2441 984 117 40 siècle
2577 987 47 37 de
2634 986 81 49 foi,
2737 987 46 36 de
2804 983 108 52 lèpre
2932 990 40 33 et
2989 986 46 36 de
3046 984 185 49 famine!

2812 1072 179 23 LECONTE
3015 1072 51 22 DE
3092 1072 106 23 LISLE

224 1264 197 45 Hideux
457 1265 136 45 siècle
633 1263 216 58 d'alcool,
890 1268 59 44 de
988 1267 165 45 travail
1191 1277 46 35 et
1276 1270 58 43 de
1371 1269 141 45 haine
1531 1270 5 44 !

221 1345 43 44 O
304 1343 153 47 Siècle
496 1345 381 54 Dix-neuvième,
918 1347 126 44 enfui
1083 1364 183 28 comme
1304 1366 63 27 un
1406 1349 242 45 instant...

222 1424 44 46 O
304 1425 171 59 spirale
512 1427 27 43 à
575 1436 109 34 cent
720 1436 144 47 tours,
903 1443 92 43 que
1033 1444 59 27 va
1130 1429 359 45 redescendant.

769 1507 125 44 Vers
932 1507 26 44 r
978 1509 252 44 inévitable
1268 1509 233 59 occident,

767 1585 207 47 L'Astre
1013 1589 59 43 de
1109 1586 160 46 l'Ame
1306 1588 226 45 humaine
1551 1589 6 44 !

223 1724 94 44 Les
353 1724 215 44 hommes
604 1723 99 46 t'on
741 1726 118 44 vécu
898 1742 113 28 sans
1049 1726 158 60 espoir
1243 1737 48 33 et
1328 1743 111 28 sans
1479 1743 125 38 nom,

221 1801 139 47 Bètes
397 1804 58 44 de
492 1804 254 45 boucherie
783 1821 61 29 ou
883 1805 220 45 bestiaux
1140 1803 199 55 d'usine,

215 1883 246 45 Animaux
497 1884 117 45 dont
644 1885 127 60 jadis
808 1885 43 44 la
891 1886 99 44 face
1028 1887 115 43 était
1181 1886 172 58 divine,

766 1966 63 43 Et
867 1966 297 44 maintenant
1201 1966 128 44 chair
1364 1967 28 43 à
1430 1966 228 57 machine,

765 2046 77 44 Ou
880 2046 110 44 bien
1030 2046 129 44 chair
1195 2047 28 43 à
1260 2062 154 29 canon
1436 2046 6 44 !

218 2181 52 44 L'
290 2181 192 45 humble
521 2182 164 44 rouille
725 2183 58 44 de
820 2197 122 46 sang
979 2183 58 44 de
1077 2199 87 28 nos
1201 2198 135 29 races
1373 2182 210 45 esclaves

221 2261 216 46 Tachera
471 2275 127 47 pour
626 2262 174 61 jamais
839 2272 73 35 tes
950 2262 144 45 fastes
1131 2262 59 45 de
1230 2262 156 54 metal,

220 2343 95 44 Car
349 2352 49 35 ta
435 2342 111 44 faim
584 2342 102 45 leur
722 2352 113 35 vota
870 2340 104 47 l'air
1012 2352 49 35 et
1097 2342 43 45 le
1176 2342 69 45 sol
1287 2342 139 57 natal,

764 2423 62 43 Et
863 2438 107 28 vers
1010 2421 242 46 l'abattoir
1289 2438 61 29 ou
1388 2418 126 48 l'étal

764 2502 186 45 Poussa
990 2502 101 45 leur
1131 2501 151 46 foules
1317 2502 158 46 hàves.

1931 1271 122 44 Mais
2091 1287 63 28 un
2193 1270 90 61 àge
2322 1286 217 29 nouveau
2577 1271 142 53 vient,
2759 1269 61 45 où
2859 1280 81 34 ton
2980 1270 103 45 Eau
3123 1270 59 45 de
3220 1270 128 44 Mort

1929 1350 75 44 Ne
2043 1350 248 44 consolerà
2328 1350 106 59 plus
2469 1350 101 44 leur
2608 1348 167 45 misère
2813 1350 214 56 hébétée,

1928 1428 78 46 Où
2044 1445 52 29 sa
2133 1430 203 54 fiamme,
2375 1428 231 45 allumant
2643 1428 205 61 quelque
2887 1429 102 44 nuit
3026 1430 222 55 révoltée,

2471 1517 187 58 Jaillira,
2697 1519 162 45 torche
2897 1536 58 28 au
2993 1531 112 33 vent
3135 1520 143 61 jetée,

2475 1598 173 60 Rouge
2685 1614 185 28 camme
2909 1609 82 33 ton
3029 1614 66 29 or.

1926 1733 152 46 Siècle
2115 1734 204 44 maudit!
2360 1734 43 44 le
2434 1735 110 59 jour
2580 1734 143 57 vient,
2766 1734 60 44 où
2864 1744 82 34 ton
2986 1734 104 45 Eau
3128 1735 57 44 de
3225 1735 88 44 Vie

1926 1814 200 45 Cesserà
2163 1812 304 52 d'endormir,
2508 1830 56 28 en
2604 1830 53 28 sa
2697 1830 165 28 morne
2899 1824 212 49 stupeur,

1924 1894 108 44 Ton
2072 1893 173 60 peuple
2283 1894 59 44 de
2378 1893 203 53 l'Enfer,
2623 1903 82 34 ton
2744 1894 172 59 peuple
2951 1894 62 44 du
3055 1894 204 50 Labeur,

2471 1972 80 46 Où
2589 1973 42 45 le
2669 1990 201 43 servage
2908 1974 58 44 de
3003 1974 45 44 la
3086 1990 115 42 peur

2488 2034 7 14 r
2810 2021 14 12 c

2471 2053 191 44 Etouffe
2699 2068 145 29 encor
2880 2052 26 44 1'
2925 2053 151 45 envie.

1925 2188 38 45 Il
1999 2188 180 44 brisera
2215 2204 85 28 son
2338 2204 136 28 verre
2511 2205 62 27 un
2606 2189 124 60 jour.
2772 2189 109 44 Ton
2921 2189 103 44 Eau
3062 2190 60 43 de
3161 2190 98 44 Feu

1924 2267 199 45 Brulera
2160 2267 66 45 les
2263 2283 233 29 cerveaux
2532 2284 121 43 pour
2689 2268 67 44 les
2792 2268 166 44 haines
2995 2268 170 59 civiles,

1927 2345 241 47 L'ivresse
2207 2358 220 34 monterà
2464 2348 60 44 de
2561 2345 236 47 Talambic
2834 2348 84 44 des
2956 2347 134 46 villes

2470 2426 237 45 Soufflant
2744 2426 66 44 les
2846 2425 181 46 colères
3063 2427 196 46 serviles

2472 2505 124 45 Vers
2632 2515 81 34 ton
2752 2522 67 37 or,
2858 2522 107 28 vers
3002 2516 82 35 ton
3123 2507 139 46 Dieu.

1072 2640 145 45 Alors
1254 2656 121 29 ceux
1411 2639 80 61 qui
1527 2640 230 44 disaient:
1804 2656 23 27 «
1867 2638 152 47 Notre
2054 2642 74 44 vie
2164 2651 71 35 est
2271 2658 58 28 en
2369 2640 114 47 fète:

1074 2724 93 41 Les
1203 2735 162 46 gueux
1400 2720 195 44 boivent
1631 2736 58 28 en
1728 2719 99 52 bas,
1868 2719 42 46 le
1948 2720 193 45 Travail
2178 2732 73 33 est
2287 2722 124 53 beni,

1072 2801 70 45 Ce
1179 2799 143 46 siècle
1358 2809 74 36 est
1468 2799 230 60 glorieux,
1736 2810 48 34 et
1820 2798 198 47 l'oeuvre
2055 2801 222 44 humaine
2314 2812 73 34 est
2425 2801 157 47 faite...
2606 2822 18 21 »

1637 2861 7 13 ?

1620 2879 294 45 Ecouteront
1950 2881 118 44 dans
2106 2879 27 46 Y
2153 2880 136 45 Infini

1620 2960 208 58 Palpiter
1864 2959 45 45 la
1948 2958 247 60 Tempéte.

1760 3095 566 50 Sébastien=Charles
2360 3095 240 50 Leconte

1740 3616 222 38 79
