4041 3934
541 315 266 38 POESIA

558 485 1258 140 ANTONIO
2050 485 1674 135 FOGAZZARO

1130 732 554 157 poeta
1796 721 1366 163 degl'imbecilli

678 988 78 45 Un
806 1004 141 28 uomo
994 987 192 53 celebre,
1241 1004 61 27 un
1357 986 283 44 romanziere
1692 985 84 45 che
1827 985 254 60 guadagnò

538 1082 87 29 con
667 1082 61 28 un
766 1082 218 28 romanzo
1020 1063 186 49 orribile
1243 1075 123 35 tutto
1402 1063 155 60 quello
1603 1064 84 44 che
1734 1064 13 44 i
1789 1063 78 60 più
1915 1063 166 61 grandi

538 1145 127 58 poeti
705 1143 175 45 italiani
917 1145 122 58 presi
1077 1144 193 44 insieme
1306 1159 93 28 non
1436 1143 169 51 hanno,
1647 1142 132 52 forse,
1828 1141 91 45 mai
1965 1157 89 43 gua-

537 1223 210 59 dagnato
780 1233 258 33 attraverso
1076 1223 11 42 i
1124 1221 152 53 secoli,
1316 1237 62 28 un
1416 1219 227 46 Senatore
1678 1220 73 45 del
1789 1220 170 60 Regno
1994 1217 87 65 (ciò

537 1301 85 45 che
660 1301 44 44 in
747 1300 146 58 Italia,
929 1317 83 43 per
1048 1317 62 28 un
1159 1317 142 29 uomo
1342 1300 47 44 di
1436 1299 175 53 lettere,
1662 1299 228 60 potrebbe
1935 1298 148 45 anche

536 1379 130 44 voler
705 1379 99 44 dire
831 1395 60 28 un
918 1379 309 44 Accademico
1253 1375 284 65 Immortale)
1570 1378 165 59 giunto
1771 1376 43 45 al
1847 1386 236 35 tramonto

536 1457 122 45 della
698 1458 369 44 fortunatissima
1103 1458 106 51 vita,
1249 1466 131 35 sente
1417 1456 29 44 il
1481 1456 201 60 bisogno
1717 1456 46 44 di
1805 1453 278 61 raccogliere

536 1536 43 44 le
619 1552 82 28 sue
743 1536 163 44 Poesie
943 1536 73 44 nel
1054 1536 199 44 formato
1289 1552 25 28 e
1350 1535 118 45 sulla
1504 1534 218 60 falsariga
1762 1533 122 45 della
1928 1534 157 43 votiva

537 1615 208 45 edizione
807 1615 314 52 carducciana,
1178 1631 86 28 con
1319 1614 199 52 ritratto,
1577 1612 255 46 fac-simile
1883 1613 172 43 d'auto-

535 1694 146 59 grafo,
722 1708 91 28 ecc.
842 1709 90 29 ecc.

673 1772 69 44 La
786 1771 148 60 gloria
971 1771 37 44 si
1044 1787 199 43 prepara
1278 1771 60 44 da
1373 1769 50 46 sé
1459 1770 12 43 i
1514 1769 101 45 suoi
1662 1769 266 45 testamenti
1972 1785 26 28 e
2043 1768 42 44 le

537 1866 83 28 sue
655 1866 171 28 corone
862 1849 241 45 d'alloro...

675 1929 100 44 Ben
818 1945 165 43 venga,
1025 1927 118 46 sulla
1179 1927 121 44 linea
1336 1926 74 45 del
1448 1926 148 52 fuoco,
1636 1935 167 50 questo
1850 1924 118 45 libro
2005 1940 54 28 ve-

538 2018 164 35 terano
740 2008 46 43 in
827 2006 216 61 elegante
1084 2015 130 36 veste
1260 2020 259 44 pavonazza
1566 2004 46 44 di
1660 2004 188 60 giovine
1889 2002 196 45 chierico

538 2087 47 44 di
623 2086 126 44 curia
773 2084 8 46 !
840 2072 41 58 È
919 2101 61 27 un
1020 2084 148 44 indice
1203 2084 74 44 dei
1313 2084 144 58 tempi
1481 2082 7 46 !
1543 2083 40 43 E
1617 2082 44 45 la
1696 2082 161 60 poesia
1899 2082 46 44 di
1982 2082 69 43 An-

537 2165 132 44 tonio
702 2164 262 59 Fogazzaro
989 2160 157 62 quella
1170 2162 83 45 che
1277 2161 137 45 vuole
1450 2162 111 59 oggi
1598 2161 27 44 1'
1641 2160 132 46 Italia
1794 2160 8 45 !
1843 2159 35 45 Il
1916 2157 136 47 D'An-

539 2242 166 44 nunzio
747 2257 163 43 spreca
947 2240 29 44 il
1029 2256 87 28 suo
1162 2239 303 45 instancabile
1501 2239 140 60 genio
1688 2239 226 44 tentando
1947 2253 110 29 vana-

537 2330 159 36 mente
732 2321 46 43 di
807 2329 264 35 restaurare
1097 2318 29 45 il
1150 2319 127 44 volto
1304 2318 189 44 fradicio
1517 2335 25 27 e
1567 2317 256 61 sgretolato
1847 2317 46 44 di
1918 2317 163 52 Fedra,

538 2398 334 46 stanchissima
907 2397 219 61 bagascia
1163 2397 46 44 di
1245 2397 126 59 poeti
1407 2397 77 59 già
1520 2396 254 60 putrefatti.
1813 2394 35 45 Il
1894 2394 189 52 Pascoli,

537 2477 270 45 l'altissimo
844 2486 140 50 poeta
1019 2476 75 45 dei
1130 2476 160 45 Poemi
1321 2475 245 45 conviviali
1566 2509 9 19 ,
1614 2491 112 43 pare
1768 2474 66 44 sia
1871 2474 155 43 deciso
2060 2489 27 28 a

537 2555 136 45 finire
712 2555 70 44 fra
823 2555 66 44 sei
926 2554 178 45 enormi
1128 2552 266 45 vocabolari
1420 2552 200 45 incollati
1646 2568 27 29 a
1707 2552 136 60 guisa
1877 2551 46 44 di
1956 2552 126 43 bara.

538 2634 111 44 Non
698 2643 124 34 resta
869 2633 83 44 che
999 2633 99 51 Lui,
1139 2631 215 45 l'Autore
1401 2631 45 44 di
1483 2631 251 52 Miranda,
1785 2629 207 45 l'allievo
2039 2630 46 42 di

536 2711 198 46 Aleardi
771 2728 26 28 e
837 2712 46 44 di
920 2710 199 53 Zanella,
1161 2709 29 45 il
1228 2710 277 44 Reverendo
1542 2709 308 60 Monsignore
1879 2705 208 47 dell'arte

536 2789 75 46 del
655 2789 123 46 bello
815 2790 198 44 scrivere
1047 2788 402 46 veneto-toscano!

682 2869 39 43 E
758 2884 50 28 se
845 2868 37 44 si
920 2877 147 35 stesse
1114 2867 43 45 al
1204 2867 232 59 quetismo
1483 2867 239 43 moralista
1767 2865 121 45 della
1932 2865 155 44 critica

538 2946 190 46 italiana
775 2945 259 64 (parliamo,
1065 2945 353 52 naturalmente,
1444 2944 122 45 della
1601 2945 155 44 critica
1792 2944 84 45 che
1911 2960 59 28 va
2005 2959 82 44 per

536 3025 46 45 la
616 3025 261 60 maggiore,
918 3024 45 45 la
998 3024 138 60 quale
1171 3024 163 44 dedica
1378 3022 119 46 delle
1537 3023 198 45 colonne
1769 3022 296 61 privilegiatis-

536 3104 119 45 sime
698 3119 28 29 a
761 3102 63 46 tal
861 3119 173 45 genere
1069 3104 46 43 di
1150 3102 133 62 libri),
1334 3102 43 45 la
1424 3102 160 59 poesia
1627 3101 189 46 italiana
1849 3101 238 48 dovrebbe

537 3183 278 45 continuare
850 3183 60 43 ad
947 3198 154 28 essere
1136 3192 164 49 questa
1337 3198 82 42 per
1453 3180 131 45 molti
1622 3180 107 45 anni
1765 3189 183 36 atìcora,

679 3261 216 44 Antonio
932 3261 261 60 Fogazzaro
1229 3260 61 44 ha
1330 3260 74 44 del
1451 3260 223 59 coraggio
1718 3275 26 29 e
1789 3274 70 38 va,
1900 3274 83 44 per
2017 3258 70 44 ciò

536 3338 120 54 solo,
695 3339 258 59 rispettato.

679 3418 50 44 In
782 3418 157 52 fondo,
985 3417 92 60 egli
1127 3433 93 30 non
1269 3418 44 44 fa
1359 3417 85 45 che
1490 3416 281 60 raccogliere
1813 3415 46 45 in
1902 3415 185 45 volume

2216 984 70 45 ciò
2321 985 84 44 che
2441 985 78 58 già
2565 985 43 44 fu
2660 994 235 50 stampato
2942 984 58 44 ed
3050 994 113 33 unto
3211 983 46 44 di
3305 983 239 45 laudativo
3592 982 169 44 crisma

2216 1062 267 60 neo-guelfo
2507 1062 117 45 altra
2647 1062 148 45 volta:
2833 1063 241 59 aggiunge
3109 1060 196 60 qualche
3337 1070 137 35 canto
3505 1060 190 44 vecchio
3730 1076 30 28 o

2217 1156 155 29 nuovo
2408 1150 184 35 trovato
2627 1140 68 45 fra
2729 1140 43 45 le
2806 1156 84 28 sue
2925 1149 126 35 carte
3086 1140 45 43 di
3168 1140 248 44 burocrata
3441 1138 122 45 della
3587 1138 171 60 gloria:

2216 1218 44 44 vi
2296 1228 155 35 mette,
2492 1217 271 60 penultima,
2801 1234 93 28 una
2929 1218 258 59 preghiera,
3213 1227 133 35 tanto
3384 1233 83 43 per
3502 1232 204 44 purgare
3747 1216 14 44 i

2218 1297 175 59 peccati
2430 1295 226 64 (pensate,
2683 1313 61 28 un
2771 1314 141 28 uomo
2948 1297 46 43 di
3032 1296 153 45 chiesa
3220 1294 81 46 all'
3309 1296 162 44 Indice
3485 1295 36 60 /)
3559 1310 26 28 e
3615 1295 146 44 scrive

2218 1375 28 44 il
2283 1391 86 28 suo
2406 1375 212 59 congedo
2643 1391 8 27 :

2721 1487 137 37 Servii
2885 1486 28 38 V
2926 1488 272 47 Onnipotente,

2721 1567 47 23 or
2789 1555 68 48 gli
2883 1554 193 37 domando
3097 1558 111 43 pace.

2730 1622 73 37 Col
2827 1624 84 34 viso
2941 1620 230 38 alVoriente

2719 1690 127 36 morir
2874 1686 147 52 quassù
3050 1690 59 34 mi
3127 1688 130 48 piace,

2354 1791 99 43 Ora
2489 1791 312 59 giudichiamo
2836 1806 86 28 con
2958 1791 90 43 ben
3074 1789 118 45 altro
3217 1788 223 60 coraggio
3474 1788 108 44 tutti
3610 1787 152 60 questi

2220 1867 129 46 molti
2383 1870 120 44 versi
2541 1869 96 52 che,
2677 1869 203 45 secondo
2917 1868 28 43 il
2984 1869 154 50 Poeta,
3178 1867 297 45 dovrebbero
3511 1882 156 29 essere

3075 1991 56 23 un
3155 1982 157 43 groppo

2637 2047 45 36 di
2700 2045 168 49 puledri
2893 2046 245 36 dall'anima
3167 2044 46 37 di
3239 2043 86 45 foco

2219 2163 25 28 e
2281 2147 363 44 meriterebbero
2674 2147 46 43 di
2754 2147 174 43 andare
2963 2144 189 61 vagliati
3188 2143 264 47 solamente
3488 2144 61 43 da
3589 2144 72 43 chi
3699 2144 64 43 ha

2218 2241 183 42 sangue
2437 2225 52 44 di
2522 2225 72 43 Re
2609 2240 10 28 :
2656 2224 124 44 ossia
2816 2224 68 61 (se
2920 2238 92 29 non
3049 2221 122 60 erro)
3210 2222 60 44 da
3306 2221 72 44 chi
3415 2220 26 45 è
3483 2222 157 43 Poeta.

2563 2335 58 38 Or
2647 2336 67 36 che
2743 2337 33 35 li
2803 2335 72 37 hai
2901 2335 192 37 misurati
3119 2347 20 23 e
3164 2334 266 48 palpeggiati,

2507 2404 156 44 Critico,
2695 2403 81 36 alla
2806 2406 67 33 tua
2897 2404 124 46 guisa
3051 2402 33 36 li
3111 2403 184 36 vorresti.

2500 2471 163 47 Meglio,
2686 2469 128 49 forse.
2854 2469 72 36 Ma
2945 2468 122 48 fecili
3094 2469 86 36 alla
3209 2471 96 35 mia.

2491 2539 174 48 Dunque
2693 2538 137 35 dentro
2859 2537 45 35 al
2929 2536 163 37 cervello
3113 2537 224 47 piccioletto

2500 2610 43 32 tu
2569 2609 86 44 pur
2683 2606 34 35 ti
2743 2606 86 34 covi
2855 2616 83 24 una
2957 2602 157 48 favilla
3144 2604 28 35 d
3178 2603 6 14 1
3190 2607 117 39 estro,

2500 2685 56 24 un
2586 2673 188 36 lumicino
2804 2671 134 36 d'arte
2952 2671 24 36 ?
3017 2670 56 37 Va
3102 2683 70 23 con
3202 2671 96 44 Dio,

2500 2742 123 37 lascia
2647 2740 67 47 gli
2739 2740 147 47 uguali
2905 2739 194 47 giudicar
3121 2739 70 47 gli
3218 2739 156 47 uguali.

2359 2841 174 60 Uguali
2568 2857 29 28 o
2632 2840 246 60 disuguali,
2919 2839 29 44 il
2985 2840 156 43 futuro
3177 2840 94 58 può
3307 2839 243 60 giudicare
3593 2837 29 46 il
3666 2854 75 43 pas-

2222 2930 115 35 sato.
2377 2920 73 43 Ed
2487 2935 108 29 ecco
2631 2919 131 45 fatto.

2357 3158 40 43 E
2432 3158 99 44 dire
2567 3157 84 44 che
2686 3156 45 44 di
2769 3155 237 45 Miranda
3043 3155 38 44 si
3117 3154 94 60 può
3248 3155 90 44 ben
3378 3151 244 46 affermare
3652 3181 61 4 —
3740 3168 27 29 o

2222 3252 105 29 care
2362 3235 249 45 clorotiche
2646 3234 207 45 cariatidi
2888 3233 75 45 del
2997 3232 419 46 sentimentalismo
3465 3229 189 47 italiano
3703 3257 64 7 —

2222 3316 95 51 che,
2357 3330 134 29 come
2538 3313 29 44 il
2614 3313 187 45 vecchio
2848 3328 109 28 coro
3004 3312 75 44 dei
3126 3310 204 46 Crociati
3368 3309 256 45 Lombardi
3641 3325 9 28 :

2589 3454 36 8 ...
2632 3425 125 39 .molti
2782 3424 102 49 petti
2912 3423 52 37 ha
2993 3424 123 36 scossi
3142 3435 20 24 e
3190 3421 190 38 inebriati
3395 3424 20 33 /

2036 3550 228 35 62
