4041 3934
498 264 267 38 POESIA

604 398 73 36 Par
707 397 50 45 là,
787 397 57 37 les
880 413 18 23 «
917 400 225 39 Futuristes
1159 415 20 24 »
1216 410 145 31 auront
1389 403 92 38 bien
1511 402 96 40 mèri
1613 403 39 40 té
1681 404 69 38 des
1792 404 93 49 appi
1891 419 20 22 a
1917 404 68 39 udi
1991 418 21 25 s-

487 472 185 29 sements.

601 531 42 37 M
660 530 42 38 «is
745 531 47 37 ils
837 545 49 25 ne
929 534 213 40 s'arrétent
1195 550 70 35 pas
1307 537 63 38 ici.
1403 537 52 38 Ils
1485 536 206 41 déclarent
1726 552 91 36 que,
1848 546 103 38 tous,
1982 539 47 38 ils

486 596 114 38 n'ont
629 611 71 35 pas
731 606 129 31 trente
902 614 73 25 ans
1002 610 41 31 et
1072 616 90 36 que,
1201 604 149 49 lorsqu'
1369 604 46 38 ils
1444 613 147 30 auront
1633 613 195 42 quarante
1870 619 84 33 ans,
1997 606 30 37 si

486 677 101 24 ceux
614 664 69 49 qui
713 673 209 32 entreront
966 672 120 46 après
1121 685 79 23 eux
1245 672 100 37 dans
1388 672 36 37 la
1452 672 166 38 carrière
1647 673 159 38 veulent
1840 674 56 36 les
1925 681 99 38 tuer,

486 743 157 25 comme
674 740 92 40 trop
797 732 129 45 vieux,
952 735 47 38 ils
1028 749 43 24 se
1100 737 211 38 laisseront
1340 738 107 39 faire.

541 797 67 45 Ici,
633 798 42 50 je
705 796 158 42 déclare
894 814 49 24 ne
974 804 180 47 pouvoir
1185 805 89 48 plus
1305 805 57 37 les
1392 805 144 38 suivre.
1570 805 79 38 Car
1679 806 44 50 je
1749 806 156 38 devrais
1934 806 90 51 dejà

489 871 40 29 et
536 877 38 23 re
604 872 114 40 mort,
748 874 40 30 et
817 880 53 24 on
900 881 49 25 ne
979 869 105 39 tient
1109 871 149 50 jamais
1288 871 88 48 plus
1406 875 23 34 à
1458 872 37 37 la
1524 872 62 38 vie
1619 886 79 35 que
1726 872 209 49 lorsqu'on
1964 881 61 30 est

489 944 21 21 «
527 930 162 50 rescapé
705 947 37 23 ».

1322 1009 249 56 Auguste
1609 1009 274 46 Qermain.

496 1127 21 24 «
543 1111 77 48 Le
642 1112 182 47 Siècle
848 1130 22 26 »
883 1129 10 31 :

595 1212 63 35 Le
691 1226 21 20 «
734 1213 240 39 Futurisme
997 1229 37 25 ».
1068 1238 49 5 —
1153 1217 131 37 Toute
1314 1215 255 51 exagération
1599 1217 99 38 dans
1727 1231 55 24 un
1814 1232 90 23 sens
1947 1232 49 25 en-

490 1282 129 31 trarne
649 1290 78 24 une
756 1276 256 51 exagération
1043 1281 99 39 dans
1171 1282 37 38 le
1235 1295 90 26 sens
1354 1285 208 44 contraire,
1592 1297 67 24 car
1686 1284 27 37 il
1747 1285 273 48 n'appartient

486 1344 127 45 guère
647 1346 23 34 à
703 1344 37 36 la
774 1356 141 26 nature
945 1346 189 39 humaine
1164 1348 227 39 d'observer
1425 1350 23 37 1'
1466 1351 132 48 adage
1641 1351 96 37 latin
1756 1364 7 23 :
1809 1353 43 35 in
1893 1353 126 37 medio

480 1412 83 33 stai
588 1410 154 44 virtus;
772 1417 39 30 et
839 1424 45 24 ce
914 1411 102 39 n'est
1052 1426 79 36 que
1162 1428 73 34 par
1267 1415 218 39 l'outrance
1523 1416 134 50 qu'on
1688 1415 129 40 arréte
1844 1417 25 38 1'
1886 1426 113 29 atten-

480 1473 84 38 tion
594 1487 66 25 sur
689 1476 73 38 soi.

537 1541 117 38 Voilà
684 1542 106 38 donc
820 1557 53 24 un
905 1557 157 36 groupe
1097 1547 51 37 de
1171 1548 142 50 jeunes
1341 1547 190 39 écrivains
1548 1550 65 48 qui
1635 1547 168 51 prétend
1823 1551 195 38 instaurer

480 1619 79 24 une
588 1607 179 38 doctrine
797 1612 206 37 nouvelle:
1035 1612 36 37 le
1102 1614 231 37 Futurisme
1335 1645 8 8 .
1373 1615 46 49 Je
1456 1628 101 25 vous
1601 1629 116 35 p-»sse
1746 1617 35 37 le
1824 1615 169 51 dévelop-

480 1682 174 39 petnent,
686 1676 66 48 qui
783 1678 120 37 serait
934 1692 53 23 un
1024 1692 76 35 peu
1133 1688 91 41 trop
1253 1681 109 48 long.
1394 1682 62 37 En
1486 1682 104 38 deux
1619 1690 114 41 mots,
1765 1683 37 38 le
1840 1684 148 38 Futuri-

479 1754 83 24 sme
590 1749 59 30 est
679 1756 80 24 une
788 1742 235 41 véhémente
1056 1744 244 41 déclaration
1330 1749 50 36 de
1409 1762 144 36 guerre
1582 1763 50 24 au
1663 1749 126 49 passé.
1822 1751 76 38 Ces
1922 1752 71 49 jeu-

482 1820 71 24 nes
582 1821 112 36 gens,
726 1810 68 48 qui
823 1819 94 29 sont
961 1812 54 36 du
1053 1814 111 43 midi,
1201 1815 185 47 aspirent,
1424 1815 269 49 simplement,
1722 1817 23 38 à
1787 1818 229 48 supprimer

479 1881 90 31 tout
599 1888 44 24 ce
672 1876 69 48 qui
771 1877 174 38 subsiste
975 1878 71 38 des
1076 1878 139 40 siècles
1261 1880 235 49 précédents
1509 1896 8 24 :
1563 1892 264 38 monuments,
1864 1885 129 38 biblio-

479 1941 179 49 thèques,
690 1955 158 26 oeuvres
878 1944 50 37 de
957 1944 101 47 l'art,
1090 1953 72 31 etc.
1196 1948 53 36 Ils
1279 1962 49 23 ne
1358 1962 41 24 se
1436 1956 231 32 contentent
1710 1964 70 34 pas
1822 1951 52 38 de
1916 1952 94 46 dire,

478 2020 156 25 comme
668 2009 157 38 Valiès:
852 2025 20 20 «
890 2010 31 38 Il
952 2026 26 34 y
1008 2026 22 23 a
1059 2012 69 38 des
1167 2022 126 30 morts
1322 2015 98 47 qu'il
1456 2015 84 38 faut
1561 2015 121 51 qu'on
1702 2025 78 32 tue.
1799 2033 20 21 »
1846 2019 56 37 Ce
1921 2027 90 30 sont

477 2080 90 31 tous
596 2075 56 36 les
682 2083 136 37 morts,
850 2090 91 25 sans
972 2080 223 47 exception,
1227 2081 98 37 dont
1356 2082 47 36 ils
1437 2083 139 37 rèvent
1620 2084 36 36 le
1686 2097 205 34 massacre,
1923 2084 26 38 T
1966 2099 24 23 a-

477 2138 314 41 néantissement
821 2144 153 39 absolu.

586 2207 31 38 Il
647 2209 83 36 faut
759 2209 92 38 bien
882 2224 153 25 avouer
1068 2225 78 36 que
1176 2214 291 49 quelques-uns
1496 2216 50 37 de
1575 2229 64 25 ces
1676 2216 177 39 derniers
1885 2217 124 40 n'ont

475 2286 79 37 que
582 2275 36 36 le
649 2273 150 48 mérite,
833 2278 246 38 contestable
1108 2293 93 25 sans
1231 2282 135 44 doute,
1397 2282 50 37 de
1490 2282 140 39 n'ètre
1670 2285 104 47 plus.
1807 2284 44 38 C'
1865 2293 60 30 est
1955 2299 53 24 un

474 2341 130 48 grand
632 2351 209 40 avantage,
874 2351 38 30 et
942 2344 102 39 dont
1074 2346 26 37 il
1132 2348 151 37 semble
1313 2348 119 50 qu'ils
1464 2351 168 37 abusent
1661 2363 54 26 un
1746 2365 89 34 peu.
1869 2353 117 38 Nuisi-

472 2408 87 37 bles
587 2417 171 29 souvent
786 2411 178 47 pendant
992 2412 86 38 leur
1107 2414 73 46 vie,
1204 2414 45 37 ils
1279 2415 38 37 le
1348 2416 241 38 deviennent
1618 2417 88 48 plus
1735 2431 143 25 encore
1908 2420 99 38 dans

470 2474 37 37 la
538 2476 205 47 posterite.
775 2477 53 36 Ils
860 2490 100 25 nous
990 2480 271 45 encombrent,
1293 2495 101 24 nous
1424 2483 241 39 enchainent
1704 2498 73 35 par
1808 2486 57 37 les
1911 2485 72 51 pré-

465 2541 121 50 juges
614 2550 40 29 et
682 2543 55 36 les
767 2557 156 24 erreurs
954 2544 119 50 qu'ils
1102 2545 224 40 établirent.
1363 2549 292 39 L'admiration
1685 2565 78 35 que
1792 2566 100 24 nous
1921 2553 87 39 leur

470 2608 254 49 témoignons
754 2617 59 30 est
842 2611 147 47 parfois
1020 2626 77 24 une
1131 2614 178 38 manière
1338 2629 110 24 assez
1477 2617 205 48 hypocrite
1725 2618 51 38 de
1814 2620 192 38 rabaisser

470 2687 102 24 ceux
600 2675 51 37 de
681 2689 74 24 nos
786 2679 322 48 contemporains
1138 2680 101 38 dont
1269 2682 33 36 le
1338 2680 138 40 mérite
1497 2697 99 24 nous
1620 2685 139 39 blesse.
1782 2686 127 45 Ainsi,
1932 2701 72 35 par

469 2740 37 37 le
535 2742 105 36 eulte
668 2741 98 38 dont
796 2756 100 25 nous
926 2744 204 40 honorons
1160 2747 88 37 leur
1285 2747 198 48 mémoire,
1529 2749 23 37 V
1570 2750 170 40 autorité
1782 2766 78 36 que
1903 2767 100 26 nous

468 2807 86 38 leur
581 2809 229 46 accordons,
843 2810 46 38 ils
920 2824 100 25 nous
1056 2813 206 39 dominent
1281 2828 155 30 encore,
1460 2830 102 24 nous
1582 2819 301 47 emprisonnent
1903 2821 100 38 dans

468 2873 35 37 le
531 2887 126 35 passe,
687 2882 208 32 entravent
923 2876 116 39 l'elan
1072 2880 54 37 du
1159 2884 180 46 progrès,
1365 2882 144 39 l'efFort
1537 2884 70 38 des
1628 2884 254 50 générations
1909 2901 71 24 nou-

466 2942 123 37 velles
618 2954 86 25 vers
733 2942 189 46 lavenir;
952 2952 40 30 et
1022 2944 48 39 ils
1100 2947 174 38 arrivent
1317 2951 23 34 à
1371 2950 103 36 tenir
1517 2957 87 31 tant
1642 2951 51 38 de
1722 2952 112 49 place
1874 2955 127 47 parmi

467 3020 102 25 nous
597 3007 94 49 qu'à
720 3009 83 37 vrai
834 3009 97 44 dire,
976 3023 44 25 ce
1068 3019 93 30 sont
1190 3013 57 38 les
1277 3021 124 31 morts
1430 3016 70 49 qui
1530 3024 91 30 sont
1651 3018 56 37 les
1748 3019 169 47 vivants,
1962 3028 39 31 et

465 3074 57 38 les
552 3075 157 38 vivants
740 3077 55 36 les
827 3086 125 29 morts
970 3077 9 38 !

576 3143 114 36 Nous
721 3155 50 25 ne
800 3157 172 25 sommes
1002 3146 105 37 donc
1142 3159 73 36 pas
1242 3147 51 38 de
1323 3161 101 25 ceux
1452 3150 69 48 qui
1550 3163 44 25 se
1636 3152 171 38 bornent
1835 3167 23 25 a
1901 3167 75 26 con-

462 3209 171 48 templer
661 3209 70 38 des
762 3210 134 38 ruines
926 3218 40 31 et
999 3210 216 51 dénigrent
1243 3214 50 38 de
1324 3216 100 47 parti
1458 3217 79 48 pris
1568 3226 115 31 notre
1726 3218 169 52 époque,
1928 3223 68 48 qui

461 3289 23 24 a
514 3276 92 37 bien
637 3289 44 24 sa
712 3275 153 48 beauté,
896 3291 44 24 sa
968 3280 203 47 grandeur
1200 3288 39 31 et
1270 3294 43 25 sa
1345 3281 145 50 poésie.
1524 3286 113 37 Nous
1665 3299 170 38 croyons
1856 3287 143 47 méme,

460 3357 95 24 avec
586 3345 155 43 Renan,
772 3343 100 51 qu'il
903 3359 27 35 y
959 3359 22 24 a
1011 3355 199 42 avantage
1248 3352 22 34 à
1316 3363 137 34 passer
1495 3364 68 25 sur
1608 3360 115 32 notre
1765 3354 156 48 planète
1963 3356 36 38 le

2166 406 90 50 plus
2286 407 87 38 tard
2406 409 242 48 possible—
2690 410 369 48 Entendons-nous,
3104 411 244 49 cependant:
3394 409 219 38 accordons
3657 422 51 24 un

2166 486 75 36 peu
2275 475 128 38 moins
2433 475 237 39 d'attention
2700 491 79 24 aux
2808 478 196 49 disparus,
3035 492 52 24 ou
3117 478 130 49 plutót
3274 475 192 40 résistons
3496 476 22 37 à
3539 476 169 37 certains

2165 540 217 40 influences
2415 543 68 49 qui
2514 556 103 25 nous
2646 544 189 39 viennent
2863 545 69 38 des
2963 553 130 41 temps
3121 545 200 44 lointains,
3351 543 86 38 cela
3468 556 49 24 ne
3546 543 162 49 signifie

2161 607 116 49 point
2306 607 95 50 qu'il
2446 609 104 38 faille
2594 609 113 38 biffer
2736 611 215 46 l'histoire,
2997 610 177 40 détruire
3215 611 60 37 les
3319 609 309 39 chefs-d'ceuvre
3657 609 51 38 de

2159 672 91 39 l'art
2281 687 78 37 que
2390 688 100 25 nous
2520 675 208 50 léguèrent
2758 678 56 37 les
2844 686 135 30 autres
3008 676 98 51 àges
3135 686 40 29 et
3205 677 68 49 qui
3309 682 94 32 sont
3424 675 211 38 Thonneur
3656 676 50 37 de

2158 740 158 49 l'esprit
2345 742 176 39 humain.
2560 744 94 37 Cela
2682 752 94 30 veut
2805 745 86 38 dire
2909 746 253 48 simplement
3175 758 8 24 :
3206 758 49 23 ne
3276 757 101 24 nous
3402 743 168 37 laissons
3592 743 114 48 point

2158 809 224 47 engourdir
2412 809 115 38 l'àme
2561 825 74 34 par
2667 812 36 37 le
2732 812 105 37 eulte
2866 813 169 37 exclusif
3058 813 50 36 de
3138 825 45 24 ce
3203 811 70 50 qui
3304 811 101 38 n'est
3427 811 102 48 plus,
3555 823 149 37 soyons

2156 874 70 38 des
2257 874 181 39 hommes
2469 877 50 37 de
2563 884 115 31 notre
2721 886 131 41 temps
2895 886 40 31 et
2979 878 221 49 regardons
3243 879 50 36 de
3338 875 231 51 prétérence
3612 890 91 25 vers

2152 938 178 49 Pavenir,
2365 946 53 34 où
2450 957 183 35 rayonne
2662 945 182 51 toujours
2868 959 80 24 une
2966 944 236 50 espérance;
3224 958 172 36 croyons
3417 944 105 37 enfìn
3543 957 51 24 au
3616 957 66 36 pro-

2156 1006 92 51 grès
2278 1016 39 30 et
2345 1022 77 36 que
2460 1011 53 37 lui
2543 1011 86 38 seul
2658 1012 78 38 soit
2765 1021 115 30 notre
2908 1013 133 37 raison
3071 1013 142 38 d'ètre.

2272 1075 42 39 Si
2347 1077 380 40 l'attendrissement
2764 1080 123 37 senile
2930 1081 51 36 de
3024 1080 169 37 certains
3235 1079 240 49 antiquaires
3520 1080 114 47 prète
3676 1083 24 34 à

2156 1143 164 51 sourire,
2353 1141 283 51 l'éxagération
2667 1145 174 50 opposée
2868 1147 49 37 de
2937 1160 71 23 nos
3024 1147 144 49 jeunes
3198 1146 231 37 Futuristes
3459 1145 128 49 parait
3609 1145 90 49 plus

2156 1208 167 38 ridicule
2355 1222 159 29 encore.
2545 1212 320 39 Heureusement
2892 1212 216 46 d'ailleurs,
3129 1213 85 36 leur
3235 1210 229 50 prétention
3494 1219 63 30 est
3578 1210 102 41 irréa-

2154 1275 159 39 lisable:
2345 1289 52 25 on
2443 1291 50 24 ne
2539 1279 201 49 supprime
2771 1293 71 35 pas
2871 1280 36 38 le
2938 1278 135 51 passé;
3108 1288 92 40 trop
3230 1280 52 37 de
3310 1279 101 38 liens
3442 1293 100 24 nous
3582 1292 27 37 y
3640 1286 38 31 at-

2152 1343 160 38 tachent
2339 1352 51 37 et,
2425 1345 92 49 quoi
2549 1359 78 36 que
2657 1360 101 24 nous
2788 1347 179 45 fassions,
2997 1347 26 37 il
3054 1347 59 38 vit
3131 1360 50 24 en
3203 1360 102 24 nous
3330 1347 365 38 continuellement.

2152 1409 120 38 Aussi
2304 1410 104 46 bien,
2441 1424 101 25 nous
2572 1412 57 37 lui
2659 1413 151 38 devons
2841 1421 92 41 trop
2977 1427 101 35 pour
3106 1414 68 49 qu'
3193 1413 27 37 il
3267 1426 103 24 nous
3415 1413 79 38 soit
3537 1413 158 49 permis,

2151 1488 91 26 sans
2272 1489 79 25 une
2380 1478 257 38 inexcusable
2666 1479 252 49 ingratitude,
2949 1481 50 36 de
3029 1481 37 36 le
3094 1480 183 49 liquider,
3311 1493 103 35 pour
3452 1480 98 37 ainsi
3596 1480 98 46 dire,

2151 1556 95 25 avec
2275 1556 78 25 une
2386 1545 89 37 telle
2505 1543 176 51 légèreté
2709 1546 51 37 de
2789 1559 121 25 cceur.
2942 1547 90 49 Que
3061 1559 100 25 nous
3203 1547 38 36 le
3269 1547 186 37 voulions
3499 1559 53 26 ou
3599 1559 93 34 non,

2149 1622 103 26 nous
2280 1609 198 40 résultons
2508 1612 50 36 de
2588 1619 130 30 toutes
2746 1613 57 36 les
2831 1611 179 51 époques
3039 1613 70 50 qui
3140 1627 100 24 nous
3269 1621 72 30 ont
3363 1611 206 51 précédés;
3593 1627 101 24 nous

2149 1676 219 40 n'existons
2399 1677 389 40 intellectuellernent
2817 1687 40 30 et
2874 1680 264 37 moralement
3181 1693 80 36 que
3304 1693 72 36 par
3406 1681 107 45 elles,
3535 1681 158 49 chaque

2148 1741 238 51 génération
2418 1752 124 43 ayant
2573 1743 190 41 bénéficié
2793 1746 69 37 des
2891 1746 149 45 efforts,
3071 1747 70 37 des
3185 1755 179 37 travaux,
3411 1748 72 36 des
3522 1750 170 46 progrès

2147 1809 162 40 réalisés
2340 1825 72 35 par
2441 1812 57 37 les
2531 1810 255 50 générations
2824 1811 254 40 antérieures.
3123 1815 77 36 Par
3243 1827 45 25 ce
3333 1814 81 48 fait,
3461 1815 69 37 dès
3577 1822 115 31 notre

2147 1878 206 38 naissance
2384 1880 140 43 mème,
2559 1892 100 24 nous
2687 1888 254 30 contractons
2970 1894 141 25 envers
3143 1881 179 38 celles-ci
3367 1895 77 24 une
3490 1882 110 37 dette
3640 1883 50 36 de

2147 1945 343 38 reconnaissaace.

2252 2013 168 37 Aimons
2450 2020 40 31 et
2518 2011 169 40 tàchons
2720 2013 50 37 de
2803 2014 261 48 comprendre
3108 2022 114 29 notre
3266 2022 143 41 temps,
3457 2015 232 38 travaillons

2144 2090 92 26 sans
2266 2092 108 24 cesse
2405 2093 104 35 pour
2540 2093 53 24 un
2623 2080 137 36 avenir
2789 2080 190 44 meilleur,
3010 2081 99 36 mais
3139 2094 51 24 ne
3221 2095 199 34 poussons
3450 2095 72 35 pas
3551 2082 137 37 l'indi—

2143 2144 239 40 vidualisme
2410 2147 188 49 jusqu'au
2630 2146 163 38 ridicule
2822 2147 51 37 de
2902 2145 214 50 prétendre
3147 2161 103 24 nous
3280 2147 213 38 affranchir
3522 2149 51 38 de
3596 2156 91 32 tout

2142 2224 46 25 ce
2219 2212 67 48 qui
2313 2213 59 37 fut
2401 2221 40 29 et
2478 2215 51 35 de
2559 2211 269 40 méconnaitre
2857 2226 44 25 ce
2931 2227 79 35 que
3040 2227 102 24 nous
3172 2215 153 38 devons
3355 2229 78 23 aux
3462 2215 194 40 ancétres,

2255 2278 109 39 C'est
2395 2279 198 49 pourquoi
2625 2279 26 37 il
2698 2280 192 37 convient
2934 2280 50 38 de
3027 2281 185 49 rappeler
3254 2295 66 24 ces
3358 2282 146 49 jeunes
3548 2286 137 45 poètes

2144 2342 277 42 méridionaux
2451 2359 51 24 au
2532 2347 80 37 bon
2643 2359 148 26 sens....
2827 2354 41 30 et
2896 2347 22 37 à
2948 2347 38 37 la
3015 2348 207 45 modestie,
3254 2349 71 49 qui
3368 2356 61 31 est
3458 2362 146 26 encore
3647 2351 36 37 la

2143 2411 90 49 plus
2266 2413 106 37 belle
2400 2426 146 36 parure
2575 2413 49 37 de
2655 2413 36 37 la
2715 2413 200 49 jeunesse.

3151 2495 144 46 Paul
3329 2497 212 45 Brulat.

2153 2663 22 25 «
2200 2647 107 47 Les
2341 2648 248 45 Annales
2619 2648 299 57 politiques
2954 2652 58 43 et
3042 2650 302 48 littéraires
3369 2669 21 24 »
3405 2667 8 26 :

2250 2759 59 35 Le
2659 2757 95 37 —Il
2775 2770 42 24 se
2837 2770 116 36 passe
2971 2758 71 38 des
3063 2759 140 39 choses
3225 2761 93 38 bien
3339 2765 339 38 extraordinaires

2139 2822 100 38 dans
2269 2836 45 24 ce
2349 2823 159 37 monde.
2539 2823 45 49 Je
2613 2824 115 36 viens
2758 2824 50 36 de
2843 2825 180 37 recevoir
3061 2839 78 24 une
3168 2827 119 38 lettre
3322 2829 100 39 dont
3454 2831 38 37 la
3527 2832 152 37 lecture

2138 2890 80 37 m'a
2248 2891 225 37 confondu.
2506 2891 85 37 Elle
2620 2892 131 36 arrive
2772 2892 49 36 de
2842 2892 139 38 Milan.
3012 2893 87 37 Elle
3118 2894 143 39 émane
3291 2897 50 37 de
3367 2899 56 38 M.
3456 2899 220 47 Marinetti,

2139 2970 53 23 un
2219 2957 121 49 jeune
2387 2955 177 48 Mécène,
2594 2957 213 38 fondateur
2835 2965 39 31 et
2915 2959 203 38 directeur
3161 2961 50 37 de
3254 2962 37 37 la
3335 2977 121 24 revue
3490 2966 188 39 littéraire

2136 3023 145 37 Poesia
2286 3053 7 14 ,
2326 3022 96 49 qu'il
2469 3036 124 26 ouvre
2622 3022 275 40 libéralement
2939 3038 80 24 aux
3051 3038 157 27 ceuvres
3250 3029 73 38 des
3366 3028 217 43 débutants
3626 3034 50 38 de

2136 3087 143 40 mérite
2327 3098 41 29 et
2419 3103 78 25 aux
2546 3091 358 37 Communications
2952 3092 51 36 de
3041 3106 63 24 ses
3153 3095 203 38 confrères
3405 3097 173 40 illustres
3627 3100 49 38 de

2135 3156 144 38 l'Italie
2314 3170 21 24 e
2366 3157 51 37 de
2445 3156 226 50 l'étranger.
2702 3159 70 48 Or,
2801 3165 104 30 cette
2934 3158 129 49 gioire
3092 3173 50 25 ne
3172 3161 108 39 sufht
3310 3177 71 34 pas
3411 3179 22 23 a
3465 3166 54 40 M.
3549 3168 103 37 Mari-

2135 3224 114 37 netti.
2281 3224 33 37 Il
2346 3232 96 29 veut
2472 3223 110 39 créer
2627 3238 79 23 une
2736 3224 142 46 Ecole;
2924 3233 103 30 cette
3058 3227 122 38 Ecole
3207 3227 195 52 s'appelle
3432 3233 36 36 le
3500 3234 145 38 «Futu-

2136 3290 175 38 risme».
2344 3291 51 37 Et
2424 3290 26 37 il
2481 3304 65 24 me
2575 3304 135 35 presse
2753 3292 71 48 dy
2860 3292 181 38 adhérer.
3083 3294 74 48 J'ai
3195 3297 83 47 pris
3308 3300 288 39 connaissance
3626 3302 50 37 de

2133 3369 75 25 son
2240 3370 271 37 programme.
2539 3359 46 48 Je
2615 3360 82 36 suis
2728 3358 136 38 tombé
2893 3374 68 24 sur
2991 3374 64 24 ces
3086 3362 152 49 lignes:

1885 3488 295 60 18
