4041 3934
355 452 21 25 €
400 436 205 42 Marinetti
637 454 22 24 a
689 454 78 26 une
793 438 133 42 vision
950 440 251 51 personnelle
1231 442 71 40 des

296 495 112 38 effets
439 496 50 38 de
519 496 169 46 théàtre,
720 499 306 49 n'empruntant
1038 499 150 50 jarnais
1217 501 83 38 rien

295 565 79 24 aux
402 553 180 38 notoires
611 553 295 52 dramaturges,
930 556 27 37 il
988 556 90 38 allie
1108 556 38 39 la
1175 564 106 32 trucu-

294 609 112 38 lence
437 622 50 25 au
517 610 178 48 lyrisme,
727 619 41 30 et
798 625 104 25 nous
921 612 195 49 ignorons
1148 627 44 25 ce
1223 628 78 36 que

294 678 72 24 son
383 678 150 34 oeuvre,
556 675 186 41 exempte
758 668 70 38 des
844 669 212 39 situations
1077 669 225 40 ordinaires

294 722 50 36 de
374 734 73 25 nos
477 724 339 50 contemporains,
849 737 147 38 pourra
1018 726 197 49 suggérer
1250 741 51 24 au

294 778 134 48 public
477 781 212 48 sceptique
738 781 50 38 de
833 795 73 25 nos
949 782 237 49 répétitions
1235 783 45 50 gé-

293 833 164 40 nérales.

354 906 21 21 «
396 891 300 41 Certainement
726 894 207 38 Marinetti
964 895 84 38 fera
1068 896 54 38 du
1148 894 154 41 théàtre

289 948 89 47 fort
404 949 37 36 le
465 949 94 48 jour
590 953 52 34 où
663 963 75 25 son
761 951 121 37 talent
903 964 42 24 se
966 965 88 25 sera
1076 953 221 49 discipline,

291 1012 40 30 et
360 1017 157 25 comme
549 1005 25 38 il
606 1013 59 31 est
696 1010 80 35 très
798 1009 225 48 personnel,
1048 1023 45 24 ce
1113 1023 88 24 sera
1222 1023 77 24 une

286 1061 83 49 joie
399 1074 104 36 pour
536 1063 80 37 moi
648 1063 49 38 de
727 1063 142 39 l'avoir
900 1063 144 41 révélé.

354 1132 21 21 «
398 1118 138 48 Quant
555 1132 51 24 au
627 1120 104 50 sujet
751 1120 50 38 de
820 1121 38 37 la
879 1120 123 49 pièce,
1019 1122 43 50 je
1092 1122 34 38 le
1157 1129 142 31 trouve

291 1172 80 40 très
404 1174 90 38 bien
527 1174 159 40 résumé
718 1190 71 34 par
820 1177 38 37 le
888 1177 168 51 critique
1095 1178 122 38 d'une
1242 1191 38 25 re-

291 1244 76 24 vue
399 1232 232 47 moscovite,
663 1233 65 37 La
757 1234 179 37 Balance
952 1247 9 26 :

350 1287 94 37 «Le
475 1289 82 36 Roi
584 1290 224 41 Bombance
847 1297 60 31 est
942 1291 38 37 la
1010 1291 104 38 farce
1152 1292 146 37 sociale

289 1350 40 31 et
359 1344 195 49 politique
585 1346 50 36 de
665 1353 91 31 tous
791 1346 55 38 les
882 1353 130 42 temps
1052 1355 39 29 et
1126 1346 49 38 de
1206 1355 91 31 tous

291 1399 57 38 les
379 1412 113 39 pays,
525 1400 98 39 c'est
653 1404 90 47 plus
774 1402 286 50 spécialement
1081 1417 80 25 une
1180 1418 95 34 gran-

290 1456 111 38 diose
444 1458 223 38 caricature
716 1459 53 37 du
821 1460 380 48 parlementarisme.
1241 1463 57 35 La

289 1511 120 39 scène
440 1527 43 24 se
514 1527 116 36 passe
668 1529 49 23 en
752 1529 54 24 un
848 1529 99 37 pays
986 1517 243 49 fantastique
1258 1525 40 30 et

290 1570 233 48 paradoxal,
575 1571 133 39 habité
759 1585 72 36 par
883 1591 19 16 «
933 1573 57 38 les
1041 1574 182 37 Bourdes
1261 1591 33 29 »,

289 1626 148 49 peuple
467 1628 100 37 dont
596 1628 183 49 Tunique
810 1628 316 50 préoccupation
1157 1638 60 30 est
1247 1632 50 36 de

289 1696 169 36 manger
487 1692 39 28 et
557 1684 50 38 de
635 1682 169 51 digérer.
831 1698 21 24 »

347 1752 21 24 €
392 1739 252 39 Maintenant
674 1741 97 38 c'est
801 1745 22 33 à
850 1755 102 24 nous
973 1742 49 37 de
1043 1741 193 40 défendre
1256 1750 41 31 et

287 1796 131 37 servir
447 1795 50 38 de
527 1804 115 31 notre
686 1798 132 37 mieux
861 1811 79 24 une
987 1798 110 49 pièce
1128 1812 89 25 rare
1257 1807 39 30 et

288 1851 52 38 où
371 1852 57 39 les
458 1852 243 47 comédiens,
732 1854 33 38 si
797 1853 178 40 dévoués
1000 1856 204 44 soient-ils,
1226 1863 71 30 ont

286 1909 176 49 quelque
494 1910 115 47 peine
639 1910 23 37 à
692 1908 166 52 s'agiter
880 1912 100 36 dans
1008 1911 287 50 l'atmosphère

288 1965 292 39 rabelaisienne
609 1967 54 37 du
693 1967 85 39 Roi
804 1969 232 37 Bombance.

348 2035 20 24 «
388 2023 81 38 Les
485 2022 142 39 décors
646 2023 272 50 pittoresques
935 2032 38 30 et
990 2025 191 48 plaisants
1196 2025 73 37 ima-

286 2077 118 50 ginés
435 2092 72 35 par
537 2080 154 37 Ronsin
714 2094 104 25 nous
840 2080 185 39 aideront
1046 2094 91 25 sans
1157 2082 136 43 doute,

288 2135 100 37 mais
433 2136 150 48 parfois
622 2149 102 25 nous
769 2145 198 30 resterons
1005 2138 291 38 certainement

288 2191 248 39 au-desious
568 2192 50 38 de
648 2193 36 37 la
716 2192 227 40 réalisation
975 2207 78 36 que
1088 2207 103 25 nous
1231 2194 43 37 de-

289 2248 139 38 vrions
458 2249 158 37 donner
648 2251 69 35 des
750 2251 206 37 fantoches
996 2251 213 38 colossaux
1239 2252 54 35 du

289 2307 131 45 poète.
453 2306 78 37 Les
551 2313 156 30 acteurs
738 2307 68 48 qui
839 2306 113 39 n'ont
973 2320 71 35 pas
1065 2307 230 38 l'habitude

286 2360 282 50 d'interpréter
598 2362 50 37 de
679 2363 115 38 telles
823 2364 261 48 conceptions
1115 2378 48 23 ne
1196 2376 74 36 peu-

286 2425 97 31 vent
413 2431 73 35 pas
515 2417 195 39 aisément
738 2419 204 49 s'adapter
971 2423 23 34 à
1025 2433 77 25 une
1133 2421 32 37 si
1198 2433 73 25 nou-

285 2475 100 37 velle
416 2475 185 38 formule.
634 2475 102 38 Mais
776 2475 237 39 néanmoins
1035 2491 103 24 nous
1169 2490 124 24 avons

286 2531 219 38 rencontré
552 2530 146 48 auprès
743 2533 51 38 de
832 2541 199 40 quarante
1061 2533 233 38 camarades

286 2601 76 24 une
407 2588 133 37 bonne
585 2586 162 41 volonté
796 2590 328 42 extraordinaire.
1166 2592 128 36 Notre

284 2644 80 37 ami
395 2644 145 50 Garry,
565 2644 91 38 bien
679 2658 79 36 que
779 2648 78 35 très
888 2646 195 38 souffrant
1113 2660 64 24 ces
1208 2647 66 37 der-

285 2701 107 37 niers
417 2700 126 50 jours,
575 2715 21 22 a
627 2700 170 53 apporté
828 2715 79 25 une
926 2703 193 37 vaillance
1138 2702 157 51 lyrique

284 2756 221 39 étonnante
538 2771 101 35 pour
669 2758 37 37 le
736 2759 84 37 ròle
851 2759 159 38 difficile
1050 2759 49 38 de
1140 2759 150 45 l'Idiot,

284 2814 36 37 le
350 2816 118 46 poète
499 2814 51 37 de
582 2821 89 31 tous
702 2814 55 38 les
788 2822 131 41 temps
962 2823 40 30 et
1036 2816 50 37 de
1117 2823 91 30 tous
1237 2816 56 37 les

286 2870 178 49 peuples.

347 2941 18 21 «
380 2927 130 49 Jehan
543 2926 124 45 Adès,
691 2926 116 38 fìdcle
829 2927 211 38 camarade
1061 2928 51 38 de
1130 2926 145 40 l'avant-

283 2981 130 48 scène,
446 2982 170 45 Rameil,
635 2984 141 49 Henry
800 2983 150 46 Perrin,
975 2983 119 51 Léry,
1117 2985 164 48 Geffray
1284 3019 10 18 ;

283 3039 129 44 Virot,
430 3040 205 44 Tramont,
651 3040 147 48 Savoy,
814 3041 227 46 Desmares,
1056 3041 237 45 Blanchard,

282 3096 120 48 vingt
431 3103 135 30 autres
600 3096 135 38 furent
765 3096 97 37 d'un
893 3096 274 40 dévouement
1201 3110 69 26 Con-

282 3159 108 31 stant
420 3159 42 31 et
486 3153 42 49 je
558 3152 57 38 les
646 3153 203 37 remercie.

345 3230 44 5 —
425 3208 51 38 Et
507 3221 71 35 pas
618 3208 51 38 de
710 3209 192 39 femmes?
939 3209 292 50 demandais-je
1270 3213 22 34 à

284 3265 55 37 M.
372 3263 255 50 Lugné-Poe.

342 3343 48 5 —
425 3321 41 38 Si
470 3352 9 19 ?
512 3321 118 45 deux,
664 3321 97 38 Mlle
794 3321 198 49 Séphora,
1024 3329 38 31 et
1093 3321 94 39 Mlle
1208 3323 84 36 Ève

284 3377 179 45 Francis,
496 3377 99 38 mais
625 3377 93 38 elles
754 3390 51 26 ne
846 3385 208 42 trompent
1091 3391 199 36 personne

281 3439 41 31 et
353 3446 50 24 ne
432 3434 85 37 font
547 3434 36 36 la
623 3446 97 25 cour
759 3438 22 34 à
818 3435 69 39 nul
927 3434 279 49 protagoniste
1240 3435 50 37 de

1402 444 38 38 la
1462 445 112 49 pièce
1587 460 8 32 ;
1619 442 92 42 bien
1731 459 51 26 au
1804 444 211 49 contraire,
2036 449 282 49 croyez-nVen,
2342 461 67 26 car

1402 502 100 37 Mlle
1548 502 182 49 Séphora
1771 504 245 49 personnifie
2055 518 55 24 un
2155 505 185 50 Vampire
2369 513 40 31 et

1402 558 93 38 Mlle
1533 560 84 36 Ève
1649 560 164 39 Francis
1846 561 279 39 Sainte-Pour
2126 564 130 36 riture
2265 566 19 34 !

1864 631 283 47 Bertrand
2181 631 152 47 Gros.

1411 781 22 25 «
1452 762 82 53 L,e
1564 763 198 59 Figaro
1782 779 49 27 »/

1458 841 55 37 Le
1544 841 58 37 roi
1633 841 229 39 Bombance
1891 850 61 30 est
1983 856 54 24 un
2060 842 184 50 collègue
2269 842 139 41 d'Ubu

1401 897 72 37 roi.
1521 897 33 37 Il
1600 895 128 51 régne
1773 911 69 25 sur
1886 899 71 37 des
2001 899 255 49 symbolistes
2296 907 39 31 et
2381 901 27 36 il

1399 953 215 50 s'exprime
1659 967 72 35 par
1773 954 223 50 allégories.
2040 955 109 39 C'est
2195 957 211 49 pourquoi,

1400 1010 49 37 de
1480 1010 129 38 mème
1637 1024 79 36 que
1745 1011 37 38 le
1812 1015 95 46 pére
1937 1011 107 46 Ubu,
2077 1012 26 37 il
2134 1012 65 38 n'a
2224 1026 72 35 pas
2321 1020 64 31 tou-

1395 1068 117 48 jours
1541 1068 38 36 la
1609 1067 148 38 chance
1792 1068 128 38 d'étre
1959 1069 188 48 compris.
2195 1070 57 37 Le
2295 1082 84 36 sym-

1399 1123 170 37 bolisme
1613 1131 60 31 est
1716 1137 54 25 un
1800 1137 127 37 genre
1966 1124 328 50 qu'inventèrent
2336 1126 71 38 des

1398 1178 195 39 écrivains
1624 1179 38 38 d'
1680 1180 263 51 avant-garde
1972 1195 101 36 pour
2102 1183 201 48 exprimer
2336 1184 71 36 des

1399 1235 149 40 vóritós
1578 1244 213 31 courantes
1824 1251 49 25 en
1908 1251 53 24 un
2006 1239 104 48 style
2159 1238 69 50 qui
2272 1238 56 38 ait
2370 1238 36 39 le

1401 1296 172 45 mystère
1594 1292 97 38 d'un
1710 1294 121 38 verbe
1860 1294 149 49 inspire
2039 1302 39 30 et
2108 1294 56 38 les
2191 1294 214 39 difficultés

1399 1350 124 36 d'une
1554 1349 147 49 larigue
1731 1350 219 49 étrangére.
1986 1351 56 37 Ce
2073 1350 176 49 procede
2270 1352 135 38 donne

1399 1418 79 24 aux
1507 1419 158 25 ceuvres
1695 1407 68 48 qui
1794 1420 42 24 se
1857 1405 218 40 réclament
2096 1408 49 37 de
2166 1408 37 37 la
2229 1405 177 40 manière

1399 1475 78 24 une
1507 1475 223 35 apparence
1760 1463 193 38 d'audace
1983 1470 38 31 et
2051 1476 53 25 un
2136 1463 98 50 petit
2269 1464 55 37 air
2355 1464 51 37 de

1400 1519 295 48 mystification.
1729 1519 71 38 Tel
1831 1522 35 35 le
1896 1520 83 37 Roi
2013 1521 222 37 Bombance
2244 1532 9 25 :
2292 1535 21 21 «
2331 1527 57 31 tra-

1397 1575 134 49 gedie,
1567 1575 194 49 satirique
1781 1588 35 32 »,
1861 1575 100 39 dans
2004 1576 173 49 laquelle
2220 1577 183 46 l'auteur,

1400 1644 71 35 par
1501 1632 35 36 le
1577 1645 147 39 moyen
1770 1632 121 38 d'une
1942 1632 236 50 métaphore
2216 1633 188 38 culinaire

1396 1695 200 30 soutenue
1625 1687 272 40 obstinóment
1917 1702 21 23 e
1959 1703 90 24 sans
2071 1689 235 39 défaillance
2336 1690 47 37 du-

1397 1750 88 31 rant
1514 1751 144 42 quatre
1690 1752 117 36 actes,
1841 1759 172 34 propose
2046 1759 50 24 au
2141 1747 145 48 peuple
2328 1760 76 24 une

1394 1800 113 50 le9on
1530 1800 50 37 de
1600 1801 220 48 sociologie
1850 1802 215 38 exceliente
2086 1810 50 39 et,
2159 1816 48 24 en
2234 1816 167 33 somme,

1395 1863 112 33 toute
1537 1856 157 50 simple.

1452 1913 56 37 Le
1553 1913 59 37 roi
1665 1913 240 51 Bombance,
1952 1914 69 48 qui
2067 1917 123 47 règne
2232 1927 69 26 sur
2346 1915 57 37 les

1397 1969 193 46 Bourdes,
1624 1982 171 36 procure
1835 1973 23 34 à
1901 1983 62 25 ses
2007 1971 124 48 sujets
2171 1979 130 30 toutes
2346 1972 57 37 les

1395 2026 267 37 satisfactions
1694 2025 254 40 matérielles.
1987 2028 78 37 Les
2100 2028 182 38 Bourdes
2312 2035 92 30 sont

1395 2082 191 40 heureux.
1633 2082 248 49 Cependant,
1928 2083 69 38 des
2042 2083 181 39 rhéteurs
2262 2084 140 38 subtils

1395 2138 186 39 éveillent
1611 2138 151 39 bientót
1791 2152 49 24 en
1870 2152 77 25 eux
1981 2139 70 38 des
2089 2140 178 48 appétits
2307 2153 72 25 nou-

1395 2208 130 25 veaux
1555 2202 39 31 et
1624 2209 41 23 se
1694 2195 197 49 chargent
1910 2195 49 38 de
1980 2196 186 46 cuisiner,
2189 2210 96 25 avec
2314 2197 89 49 plus

1396 2251 115 47 d'art,
1543 2251 36 38 le
1611 2252 185 37 bonheur
1834 2252 215 38 universel.
2094 2254 54 37 M.
2197 2253 205 38 Marinetti

1394 2307 158 50 appelle
1581 2320 66 25 ces
1675 2308 164 49 apòtres
1870 2308 56 39 les
1943 2308 249 39 Marmitons.
2217 2310 53 38 Ils
2289 2311 91 37 s'em-

1396 2372 141 40 parent
1567 2364 54 37 du
1644 2366 172 47 pouvoir
1837 2372 40 30 et
1897 2364 241 39 s'installent
2158 2380 50 22 au
2234 2366 167 38 chàteau

1395 2424 52 34 où
1479 2421 47 37 ils
1555 2422 141 36 vivent
1726 2429 261 41 grassement,
2020 2421 99 38 dans
2140 2421 157 39 l'odeur
2317 2436 64 36 par-

1394 2478 133 37 fumee
1557 2477 71 43 des
1658 2478 169 37 viandes
1858 2478 69 49 qui
1959 2477 190 38 ròtissent
2178 2492 95 25 sans
2293 2493 109 25 cesse

1395 2534 150 38 devant
1593 2534 71 37 des
1712 2534 90 37 feux
1851 2533 194 42 énormes.
2092 2533 211 50 (L'auteur
2348 2536 53 37 du

1396 2592 82 39 Roi
1504 2592 222 36 Bombance
1730 2620 7 15 ,
1769 2604 51 24 on
1860 2591 87 37 doit
1991 2590 36 38 le
2068 2604 246 37 remarquer,
2361 2606 42 24 se

1396 2653 213 31 rencontre
1639 2646 45 38 ici
1716 2660 95 24 avec
1842 2647 70 37 des
1944 2644 229 51 polémistes
2203 2649 67 49 qui
2303 2647 81 39 n'af-

1395 2703 161 45 fichent,
1593 2702 254 46 d'ordinaire,
1887 2716 157 25 aucune
2084 2701 226 50 prétention
2350 2719 51 24 au

1394 2759 264 54 symbolisme
1686 2766 40 31 et
1756 2759 80 50 qui,
1868 2773 100 35 pour
1997 2760 202 48 exprimer
2217 2761 39 37 la
2275 2761 128 38 mème

1397 2814 102 46 idée,
1532 2816 251 38 inventèrent
1823 2816 53 38 l'«
1895 2816 163 38 assiette
2096 2830 51 25 au
2185 2818 143 37 beurre
2348 2819 53 48 ».)

1396 2872 104 38 Mais
1531 2873 57 37 les
1618 2870 175 40 affamés.
1830 2895 46 4 —
1909 2872 253 39 c'est-à-dire
2202 2874 56 38 les
2296 2872 85 40 élec-

1395 2936 122 39 teurs,
1556 2951 43 5 —
1634 2928 68 50 qui
1733 2928 116 38 n'ont
1877 2942 78 36 que
1984 2928 156 40 l'odeur
2178 2930 54 38 du
2270 2931 132 45 festin,

1395 2985 262 38 envahissent
1672 2985 155 38 bientòt
1846 2985 36 38 le
1905 2985 127 49 palais
2047 2999 93 25 sous
2161 2986 38 37 la
2215 2987 189 38 conduite

1395 3041 100 38 d'un
1526 3039 270 52 démagogue,
1836 3039 223 52 Péloquent
2098 3043 302 38 Estomacreux.

1395 3098 136 45 Alors,
1562 3097 45 39 ils
1638 3098 204 47 ripaillent
1880 3101 23 34 à
1945 3098 84 38 leur
2073 3105 102 38 tour,
2209 3100 192 50 jusqu'au

1396 3162 179 30 moment
1606 3157 51 35 où
1688 3153 187 50 apparaìt
1902 3154 36 37 le
1969 3162 156 42 spectre
2164 3156 50 38 de
2249 3157 153 38 Sainte-

1395 3209 246 48 Pourriture,
1673 3209 347 52 qu'accompagne
2040 3211 36 38 le
2096 3212 181 49 vampire
2300 3213 82 38 Ptio-

1393 3267 185 45 karoum,
1612 3290 49 5 —
1694 3267 102 38 dans
1825 3267 130 50 lequel
1971 3267 71 50 j'ai
2058 3280 71 26 cru
2155 3269 247 38 reconnaitre

1393 3337 53 24 un
1478 3331 140 41 parent
1649 3323 51 38 de
1729 3323 158 53 l'hydre
1917 3324 50 38 de
1996 3324 229 41 l'anarchie.

1449 3379 74 39 Cet
1553 3380 294 38 Estomacreux
1871 3387 61 31 est
1962 3380 36 38 le
2027 3388 99 46 type
2157 3381 49 38 de
2235 3394 66 25 ces
2332 3382 46 37 mi-

1392 3433 154 48 séreux,
1568 3436 58 38 las
1648 3436 70 39 des
1738 3449 225 36 promesses
1993 3450 79 36 que
2096 3437 86 39 leur
2202 3437 117 39 firent
2345 3438 56 38 les

3252 314 30 43 P
3297 315 37 41 O
3351 312 34 45 È
3402 319 29 38 S
3448 319 17 38 I
3482 312 35 44 À

2515 449 329 49 parlementaires
2876 473 52 7 —
2969 454 156 46 pardon
3140 466 9 26 :
3180 453 56 39 les
3267 454 253 41 Marmitons,

2514 507 63 37 En
2608 520 73 25 son
2710 507 174 50 langage
2913 508 145 49 imagé,
3090 510 26 37 il
3148 509 169 39 formule
3347 510 70 38 des
3456 524 43 25 re-

2514 576 37 24 ni
2555 576 146 36 arques
2740 562 122 40 d'une
2903 565 197 48 profonde
3143 579 159 37 sagesse
3315 581 8 24 :
3368 581 19 23 «
3405 568 114 37 Nous

2513 632 49 25 ne
2592 620 253 38 demandons
2867 634 71 35 pas
2958 621 70 38 des
3050 629 168 42 potages
3241 624 277 45 merveilleux;

2513 688 100 26 nous
2646 676 169 39 voulons
2847 690 53 25 un
2929 678 119 49 gigot
3077 679 49 37 de
3153 687 210 31 mouton...
3382 694 20 24 »
3426 682 94 36 Aux

2512 745 150 36 propos
2692 733 50 37 de
2770 746 45 25 ce
2843 747 170 25 causeur
3048 733 235 51 énergique,
3315 737 56 39 M.
3403 737 93 37 Mari-

2512 788 100 38 netti
2653 802 154 36 opposa
2851 790 57 38 les
2948 789 279 54 déclarations,
3267 804 79 26 non
3385 794 133 37 moins

2511 845 370 50 grandiloquentes,
2940 846 97 39 d'un
3102 861 256 36 personnage
3420 850 96 49 qu'il

2511 915 160 24 nomma
2702 903 144 49 l'Idiot,
2888 910 38 31 et
2968 904 68 49 qui
3082 912 72 38 est,
3192 918 51 25 en
3288 903 148 47 réalité,
3481 906 35 37 le

2512 957 132 40 Pcète.
2675 959 118 38 Ainsi
2824 958 171 39 l'auteur
3025 960 53 37 du
3109 962 84 36 Roi
3210 962 221 37 Bovibance
3456 976 43 23 ex-

2512 1016 141 47 prime,
2684 1029 49 23 en
2764 1028 77 25 une
2870 1016 164 48 galante
3064 1015 201 51 allégorie,
3297 1018 38 37 la
3371 1016 147 50 pensée

2511 1072 50 36 de
2592 1071 153 44 Platon,
2779 1070 217 40 réclamant
3025 1085 78 37 que
3133 1074 56 37 les
3222 1077 139 44 poètes
3387 1075 131 37 soient

2509 1127 134 38 exclus
2674 1127 50 38 de
2754 1129 36 36 la
2813 1127 298 51 République...
3135 1130 162 38 L'Idiot
3318 1137 60 31 est
3399 1129 95 40 néan-

2510 1184 131 38 moins
2672 1184 108 49 plein
2811 1185 50 37 de
2889 1197 108 27 sens:
3031 1198 24 26 «
3072 1186 89 49 Que
3182 1187 245 37 feriez-vous
3448 1200 69 24 sur

2507 1240 38 38 la
2587 1240 104 38 cime
2732 1242 262 38 souveraine?
3039 1242 110 38 dit-il
3198 1257 79 24 aux
3329 1241 186 41 révoltés.

2508 1296 114 38 Celui
2652 1298 69 48 qui
2750 1298 91 46 crie,
2874 1298 154 38 debout
3057 1313 69 23 sur
3157 1312 79 26 une
3266 1300 130 38 cime:
3438 1302 78 46 «Je

2508 1353 148 48 respire
2687 1355 105 36 enfìn
2806 1353 8 38 !
2829 1367 22 24 »
2884 1362 59 30 est
2975 1357 90 37 bien
3097 1355 91 49 près
3218 1355 252 40 d'étouffer...
3494 1372 17 20 J>

2564 1411 55 37 M.
2653 1409 241 50 Lugné-Poè
2924 1425 23 22 a
2983 1418 136 32 monte
3159 1425 96 25 avec
3284 1412 86 39 soin
3413 1419 103 32 cette

2509 1465 274 39 bouffonnerie
2824 1467 156 50 lyrique
3024 1472 22 34 à
3091 1468 171 50 laquelle
3301 1470 35 36 le
3377 1469 136 48 public

2508 1522 43 37 fit
2582 1524 80 36 fète
2691 1523 122 38 d'une
2845 1524 175 38 manière
3050 1538 78 36 que
3157 1524 173 40 Tauteur
3366 1525 149 39 n'avait

2510 1579 112 47 point
2652 1578 148 50 prévue
2844 1587 39 31 et
2928 1581 172 37 n'aurait
3143 1595 92 24 sans
3276 1582 123 38 doute
3443 1596 71 35 pas

2507 1633 219 40 souhaitée.
2761 1639 54 37 M,
2834 1637 128 48 Jehan
2983 1638 112 38 Adès
3116 1651 22 23 a
3157 1636 230 51 représenté
3417 1652 97 25 avec

2508 1690 277 41 l'exubérance
2815 1694 247 38 convenable
3091 1693 37 38 le
3159 1695 185 38 fantoche
3375 1693 137 50 gonflé

2507 1747 51 38 de
2589 1749 240 49 mangeaille
2858 1750 100 37 dont
2987 1750 36 37 la
3052 1751 151 48 longue
3230 1750 99 50 épée
3359 1765 41 24 se
3431 1759 64 30 ter-

2509 1804 107 38 mine
2645 1819 49 23 en
2726 1804 163 40 cuillère
2920 1814 38 30 et
2988 1807 67 49 qui
3101 1814 117 41 porte
3257 1821 158 26 comme
3461 1821 53 25 un

2506 1868 156 42 sceptre
2693 1875 79 24 une
2801 1863 219 38 fourchette
3053 1877 21 21 «
3091 1863 188 49 grenelée
3314 1864 50 38 de
3404 1865 89 48 pier-

2505 1918 124 37 reries
2646 1930 33 25 ».
2729 1920 54 36 M.
2826 1919 152 37 Claude
3022 1920 137 53 Garry
3203 1934 22 24 a
3276 1929 96 31 tenu
3417 1934 97 25 avec

2505 1974 208 49 beaucoup
2743 1975 50 37 de
2823 1976 164 37 chaleur
3018 1976 36 38 le
3084 1974 83 40 ròle
3196 1977 54 37 du
3283 1979 137 39 Poète.
3446 1977 66 39 On

2505 2030 22 37 à
2557 2028 125 51 goùté
2712 2030 35 38 la
2776 2031 113 48 large
2919 2032 219 38 bonhomie
3159 2040 39 31 et
3218 2034 38 36 la
3276 2035 80 37 fine
3376 2047 115 25 excen-

2506 2087 84 37 trici
2597 2086 37 39 té
2664 2086 51 37 de
2746 2089 54 35 M.
2834 2089 146 52 Henry
3011 2090 88 36 Peri
3111 2090 8 36 i
3126 2103 24 23 n
3172 2089 100 38 dans
3293 2091 37 36 le
3351 2103 140 36 person-

2505 2157 103 35 nage
2639 2142 98 38 d'un
2759 2144 133 37 moine
2914 2145 253 46 rabelaisien,
3190 2146 35 37 le
3254 2148 40 36 P.
3321 2147 189 45 Bedaine,

2505 2199 209 38 aumònier
2745 2200 53 38 du
2831 2200 57 38 roi
2921 2202 241 38 Bombance.

2936 2270 231 48 Francis
3204 2272 301 47 Chevassu.

2513 2418 22 28 «
2556 2401 83 52 Le
2665 2404 87 45 Gii
2785 2404 132 47 Blas
2938 2421 21 25 »

2557 2479 46 49 Je
2633 2479 77 38 n'ai
2742 2493 70 35 pas
2832 2481 139 38 assistè
2992 2496 21 24 a
3034 2482 37 37 la
3091 2480 212 51 répétition
3325 2482 187 50 générale

2505 2535 55 38 du
2590 2536 83 37 Roi
2698 2538 220 37 Bombance
2923 2569 5 6 .
2952 2538 31 36 Il
3005 2538 129 49 paraìt
3155 2552 77 36 que
3264 2540 36 38 la
3330 2540 94 38 salle
3455 2541 57 37 fut

2506 2593 204 38 houleuse.
2734 2595 55 36 Le
2806 2594 107 37 deux
2929 2594 336 49 représentations
3286 2609 79 37 que
3385 2597 107 37 l'CEu-

2506 2661 69 25 vre
2604 2649 135 39 donna
2769 2651 156 38 ensuite
2964 2665 68 24 sur
3062 2653 37 36 le
3135 2651 152 40 théàtre
3323 2655 189 48 Marigny

2507 2705 134 38 furent
2680 2707 91 48 plus
2816 2707 157 38 calmes.
3021 2708 32 38 Il
3097 2710 121 37 serait
3262 2717 87 30 tout
3380 2714 21 33 à
3441 2710 71 38 fait

2507 2762 148 49 injuste
2684 2763 50 38 de
2757 2764 131 38 croire
2909 2778 78 36 que
3007 2764 183 46 l'auteur,
3214 2767 55 38 M.
3293 2767 219 44 Marinetti,

2505 2818 214 39 rechercha
2748 2818 37 39 le
2815 2822 200 37 scandale.
3048 2822 94 36 Ami
3173 2822 51 37 de
3251 2823 202 45 Rabelais,
3487 2825 25 35 il

2505 2875 173 49 emploie
2720 2884 172 31 souvent
2930 2877 70 38 des
3030 2879 253 48 expressions
3317 2880 195 37 violentes

2506 2944 80 36 que
2616 2939 98 41 peut
2743 2945 162 26 excuser
2935 2933 35 38 le
2999 2932 131 51 génie.
3153 2935 118 37 A-t-il
3294 2936 54 37 du
3369 2935 143 50 génie?

2505 2989 67 37 On
2603 2995 98 42 peut
2730 3002 50 25 en
2811 2990 162 46 douter;
3008 2991 97 38 mais
3136 2990 26 37 il
3193 3004 22 25 a
3245 2992 53 37 du
3321 2993 123 37 talent
3474 2999 38 31 et

2504 3044 36 38 le
2569 3058 91 24 sens
2690 3044 51 38 de
2771 3045 37 37 la
2839 3046 272 39 bouffonnerie
3139 3048 207 49 satirique.

2562 3102 56 36 Ce
2649 3101 69 49 qui
2750 3109 60 31 est
2840 3103 183 51 iacheux,
3070 3102 97 39 c'est
3201 3117 89 36 que,
3336 3105 176 49 pendant

2503 3156 58 38 les
2592 3164 141 42 quatre
2762 3166 107 31 actes
2900 3159 55 38 du
2985 3160 83 37 Roi
3095 3161 223 38 Bombance
3323 3192 7 14 ,
3353 3163 36 36 le
3410 3163 104 49 sujet

2505 3227 49 24 ne
2583 3213 156 50 change
2769 3215 133 49 guère.
2951 3216 55 37 Le
3041 3216 146 49 peuple
3218 3216 69 39 des
3333 3220 179 36 Bourdes

2504 3277 62 30 est
2596 3269 160 50 trompé
2786 3284 72 35 par
2888 3284 73 25 son
2997 3272 73 44 roi,
3102 3286 72 36 par
3213 3274 55 37 les
3308 3275 204 37 triumvirs

2504 3326 67 49 qui
2602 3326 35 38 le
2668 3328 259 48 remplacent,
2969 3341 73 35 par
3081 3328 36 39 le
3156 3328 146 50 clergé,
3340 3345 71 34 par
3455 3332 56 37 les

2503 3383 312 49 opportunistes,
2862 3397 71 35 per
2977 3385 57 37 les
3077 3383 288 53 démagogues,
3410 3387 102 38 Sans

2502 3451 111 26 cesse
2657 3453 52 25 on
2754 3440 55 37 lui
2851 3448 159 41 promet
3053 3441 51 38 de
3149 3443 144 37 calmer
3324 3457 42 24 sa
3403 3444 107 45 faim,

1714 3544 292 76 45
