4041 3934
629 264 240 37 POESIA

1156 474 152 127 A
1437 477 587 126 l'eroe
2146 474 394 129 che
2659 469 642 132 verrà

3144 704 53 29 IN
3225 703 138 29 NOME
3392 702 81 29 DEI
3503 702 149 29 SIMILI
3682 701 109 29 MIEI

632 800 43 45 O
712 800 159 52 libero,
910 800 84 44 che
1030 800 205 44 nascerai

630 868 61 43 da
727 884 60 27 un
825 883 140 28 uomo
1001 867 59 43 da
1100 866 28 44 V
1144 881 189 29 enorme
1368 865 150 44 fronte

630 952 26 27 e
691 935 61 44 da
788 950 91 28 una
915 935 158 43 donna
1109 932 129 45 salda

631 1001 76 44 dal
743 1001 310 60 grandissimo
1090 1016 150 35 cuore,

633 1069 44 43 io
712 1068 34 45 ti
783 1077 147 49 porto,
969 1066 148 46 simile
1152 1083 27 28 a
1220 1083 61 27 un
1318 1066 112 44 fiore

632 1136 277 58 sanguigno,
950 1134 28 44 il
1014 1132 151 46 saluto
1201 1134 47 42 di
1283 1143 121 35 tutto
1441 1131 29 45 il
1507 1143 200 49 passato,

633 1203 60 43 da
728 1201 42 45 le
804 1202 71 43 cui
912 1201 160 44 ultime
1113 1200 230 59 impronte

634 1270 44 43 io
714 1279 149 34 stesso
898 1268 35 44 ti
969 1267 175 45 liberai.

635 1336 51 43 10
722 1338 33 41 ti
791 1334 151 45 saluto
978 1334 45 44 in
1061 1350 137 28 nome
1232 1334 46 43 di
1314 1343 122 36 tutto
1472 1334 153 59 quello
1667 1335 83 43 che
1786 1350 173 28 muore.

634 1402 145 44 Tutta
814 1402 44 43 la
892 1402 96 44 vita
1023 1400 26 45 è
1084 1401 178 44 esistita

634 1468 69 45 sol
740 1466 170 61 perchè
943 1479 47 33 te
1025 1469 60 43 ha
1120 1477 260 49 preparato.

637 1535 36 45 11
709 1536 149 57 primo
895 1545 158 34 atomo
1089 1536 107 42 vivo

635 1604 84 42 che
754 1603 39 43 si
827 1602 118 44 librò
982 1600 121 46 nello
1140 1601 152 60 spazio
1335 1600 178 45 infinito

636 1686 25 28 e
696 1669 254 45 s'incendiò
987 1670 44 42 di
1069 1684 84 28 sua
1189 1668 112 51 luce,

636 1736 45 44 la
717 1736 120 44 forza
873 1736 259 44 misteriosa
1166 1736 84 43 che
1284 1744 120 35 tutte
1438 1734 43 44 le
1516 1734 131 45 stelle
1682 1735 207 44 conduce

637 1820 27 27 a
700 1813 153 34 rotare
888 1802 74 58 pel
1004 1802 306 49 firmamento,

637 1886 179 43 nacque
851 1885 84 43 per
969 1879 60 35 te.
1070 1869 86 43 Per
1190 1879 47 33 te
1272 1869 37 43 si
1344 1868 116 44 vestì
1496 1868 197 44 d'alberi
1735 1884 26 27 e
1796 1867 207 59 d'acque

637 1938 44 42 la
715 1937 160 53 Terra,
912 1936 125 58 spirò
1073 1952 82 41 per
1189 1946 46 33 te
1270 1934 29 44 il
1341 1934 208 45 benefico
1585 1934 134 45 soffio
1754 1934 73 45 del
1862 1945 140 33 vento

639 2003 83 45 che
756 2003 43 44 le
835 2003 169 44 foreste
1046 2002 177 44 investe

639 2071 273 43 rubandone
947 2070 12 42 i
995 2068 159 60 pollini
1189 2069 84 43 che
1308 2068 77 58 poi
1420 2066 78 60 più
1536 2067 193 45 lontano
1764 2077 232 48 trasporta
2013 2084 8 27 :

641 2135 57 65 (li
733 2146 135 49 porta
903 2152 98 35 ove,
1042 2136 68 44 fra
1145 2148 136 32 cento

639 2205 120 50 anni,
799 2204 386 59 verdeggeranno
1220 2202 43 44 le
1298 2201 179 44 chiome
1512 2200 46 43 di
1595 2215 152 28 nuove
1782 2198 170 44 foreste

639 2270 161 45 offerte
836 2287 27 27 a
900 2268 181 47 novello
1117 2269 125 45 furor
1277 2269 47 43 di
1359 2266 179 45 vivifico
1573 2263 176 64 vento.)

641 2338 87 44 Per
762 2348 46 34 te
844 2337 28 43 il
914 2337 149 58 primo
1104 2336 149 44 simile
1286 2335 197 60 giacque

640 2405 125 58 dopo
802 2420 61 28 un
901 2404 230 44 cammino
1168 2404 188 49 audace,

641 2488 25 28 e
701 2472 60 43 da
795 2470 77 53 lui,
910 2470 78 59 più
1024 2470 283 60 agguerrito,
1347 2468 78 59 poi
1461 2482 178 42 nacque

641 2539 71 43 chi
748 2537 233 45 invessillò
1018 2536 45 46 la
1097 2554 84 27 sua
1216 2537 150 57 prima
1401 2535 255 57 conquista.

644 2606 87 43 Per
764 2615 47 33 te
846 2621 102 28 arse
983 2604 44 44 la
1062 2620 168 43 guerra
1265 2601 242 46 tremenda

641 2672 74 44 dei
751 2672 161 58 piccoli
948 2681 161 33 contro
1150 2671 263 48 l'Immane,

642 2738 156 59 palmo
834 2754 27 28 a
896 2738 157 59 palmo
1090 2738 46 43 fu
1172 2737 239 44 dominata

641 2804 45 46 la
720 2804 126 53 zolla,
887 2805 29 43 il
957 2815 171 41 monte,
1168 2804 28 43 il
1232 2819 138 36 mare,

643 2872 29 43 il
709 2872 147 51 fuoco,
896 2871 210 52 l'anima,
1147 2871 45 43 in
1234 2870 125 44 lenta
1393 2870 194 44 vicenda

643 2939 197 44 sublime
856 2956 9 26 :
903 2955 82 42 per
1019 2949 58 41 te,
1117 2954 82 42 per
1239 2937 161 44 offrirti
1436 2938 189 43 domata

643 3006 111 59 ogni
790 3006 134 50 forza,
963 3021 83 43 per
1080 3004 103 44 farti
1220 3003 76 59 più
1339 3005 137 58 piane

644 3083 119 34 tutte
799 3073 41 43 le
875 3073 73 43 vie
983 3071 120 45 della
1137 3072 94 44 vita
1266 3072 84 43 che
1385 3071 145 45 libero
1561 3071 107 48 devi
1710 3070 188 44 calcare.

642 3206 73 44 Tu
752 3206 131 51 sarai,
924 3206 200 59 dunque,
1165 3204 26 44 V
1209 3221 107 28 eroe

643 3273 72 44 del
754 3274 167 55 futuro,
961 3272 27 44 il
1026 3272 237 45 definitivo

2296 797 360 57 conquistatore,
2696 796 29 43 il
2764 797 218 43 vincitore
3018 795 46 44 di
3105 804 134 35 tutto.

2296 862 305 53 T'assiderai,
2641 862 148 45 calmo
2831 880 26 27 e
2891 863 190 59 grande,

2296 941 72 34 tra
2403 940 177 48 quanto
2615 928 26 46 è
2677 940 151 35 morto
2863 931 58 43 ed
2957 928 27 47 è
3024 930 118 51 vivo,

2298 997 162 59 d'ogni
2496 1008 230 33 trascorsa
2761 997 136 44 fatica
2932 995 217 61 coglierai
3185 995 195 44 l'ultimo
3416 994 156 45 frutto.

2298 1065 146 43 Tutto
2481 1063 29 44 il
2546 1064 173 44 mondo
2755 1066 104 42 sarà
2894 1065 160 43 chiuso
3095 1064 46 43 in
3177 1072 47 35 te
3258 1072 163 35 stesso.

2302 1131 128 60 Ogni
2465 1131 167 59 giorno
2669 1147 83 41 per
2791 1141 46 34 te
2878 1130 199 60 segnerà

2300 1215 61 26 un
2398 1198 182 51 trionfo,
2621 1199 58 42 ed
2715 1199 111 57 ogni
2862 1215 82 27 ora

2300 1281 61 28 un
2399 1264 176 59 palpito
2609 1264 46 43 di
2697 1264 179 45 felicità.

2302 1331 52 44 L'
2370 1332 155 43 anima
2559 1342 92 41 tua,
2696 1332 190 58 signora

2300 1399 120 43 della
2456 1399 110 56 vita,
2603 1399 281 43 trascorrerà

2300 1466 47 44 di
2386 1465 126 44 Bene
2549 1466 43 43 in
2632 1465 138 51 Bene,
2816 1482 54 27 su
2907 1465 59 44 ali

2300 1532 226 60 leggiere:
2564 1542 49 34 tu
2651 1547 92 28 non
2780 1533 157 57 saprai
2973 1532 122 44 mali.

2303 1599 279 44 L'universo
2618 1599 105 44 sarà
2757 1599 106 58 quel
2905 1600 84 43 che
3024 1598 120 52 vuoi,

2300 1676 123 34 tutto
2460 1666 234 44 inchinato
2730 1681 26 28 e
2790 1681 259 29 sommesso

2302 1734 41 43 ai
2380 1731 198 46 desideri
2615 1731 111 45 tuoi.

2301 1799 55 44 T'
2375 1799 280 44 addormirai
2691 1799 111 59 ogni
2839 1809 128 34 notte
3002 1798 318 44 benedicendo
3354 1797 45 44 la
3432 1797 110 44 vita.

2303 1867 41 43 E
2378 1867 34 43 ti
2449 1865 263 59 preparerai
2748 1865 44 44 la
2832 1867 179 42 dimora

2302 1932 78 60 più
2418 1933 133 51 bella,
2591 1932 116 45 allor
2741 1933 84 43 che
2859 1932 44 45 la
2944 1943 81 34 tua
3061 1932 187 44 fiamma

2302 1999 151 52 vitale,
2494 2016 82 42 per
2610 2015 184 42 sempre
2836 2001 146 42 uscita

2303 2068 73 43 via
2413 2067 59 43 da
2507 2066 43 45 le
2585 2067 180 59 spoglie
2807 2065 182 52 carnali,

2303 2133 146 45 andrà
2486 2133 43 44 in
2567 2133 103 44 altri
2706 2134 170 51 mondi,
2917 2134 82 43 che
3036 2132 76 44 noi

2304 2201 324 58 presentiamo,
2669 2201 44 43 in
2757 2200 180 45 novelle

2305 2268 159 50 forme,
2505 2267 44 43 in
2586 2267 278 59 compagnia
2899 2268 58 43 de
2991 2266 43 45 le
3069 2264 143 54 stelle,

2306 2363 58 4 —
2405 2344 159 34 eterna
2601 2362 50 5 —
2700 2335 59 43 ad
2801 2335 191 43 esistere
3027 2349 181 28 ancora.

2306 2468 116 50 Ave,
2462 2466 125 45 eroe!
2627 2467 44 44 io
2707 2467 33 44 ti
2777 2477 135 48 porto
2954 2467 28 42 il
3018 2465 153 45 saluto

2305 2535 47 43 di
2387 2533 156 45 coloro
2580 2533 83 44 che
2698 2534 155 44 hanno
2889 2533 176 44 vissuto

2307 2617 83 43 per
2424 2600 68 45 te!
2533 2601 51 44 Io
2622 2599 254 46 m'innalzo
2916 2599 75 45 dal
3029 2599 120 44 male

2307 2667 100 45 solo
2444 2667 42 44 ai
2522 2667 214 59 pensiero
2772 2668 156 43 divino

2310 2735 85 44 che
2430 2735 185 58 predice
2650 2734 29 43 il
2714 2744 82 35 tuo
2835 2750 152 28 nuovo
3031 2733 205 44 destino!

2312 2802 40 43 E
2387 2802 78 58 poi
2500 2802 85 43 che
2620 2817 61 28 un
2719 2817 117 42 poco
2871 2801 215 59 somiglio

2310 2885 28 28 a
2373 2867 155 60 quello
2562 2868 84 44 che
2681 2878 50 35 tu
2772 2868 131 51 sarai,

2310 2951 26 28 e
2371 2936 77 58 poi
2484 2937 83 42 che
2604 2935 103 44 nelP
2724 2935 113 59 oggi
2877 2933 242 60 vermiglio

2311 3002 44 44 10
2390 3002 96 44 così
2528 3002 214 44 vaticinai

2311 3067 29 46 11
2375 3079 83 35 tuo
2498 3079 200 34 avvento
2733 3067 149 53 fatale,

2309 3136 159 59 voglio
2503 3137 240 43 chiamarti
2783 3134 123 45 MIO
2945 3133 225 45 FIGLIO
3189 3133 8 46 !

3218 3267 259 46 Federico
3619 3265 211 47 De
3831 3265 2 48 Maria.

2137 3490 216 36 72
