4041 3934
3215 145 241 40 POESIA

1199 416 398 117 LES
1744 419 696 115 MAINS

2377 589 24 33 À
2436 588 195 36 CHARLES
2659 589 199 40 VILDRAC,

186 821 82 45 Un
304 819 79 47 bel
419 821 88 51 été,
549 819 38 45 si
624 818 150 46 calme
809 828 49 36 et
893 835 102 44 pur,
1043 836 122 29 nous
1200 819 72 46 fut
1307 821 173 54 donné,

186 901 109 59 Que
330 899 108 61 plus
474 899 312 46 harmonieux
821 906 117 39 vont
974 916 88 28 nos
1096 915 88 44 pas
1219 901 121 45 dans
1387 899 273 50 l'automne.

183 981 131 45 Tout
348 990 126 35 reste
510 979 210 46 illuminé
757 977 145 47 d'une
938 979 172 45 ardeur
1151 978 123 46 forte
1310 990 48 35 et
1393 981 155 54 sobre,

184 1059 64 46 Et
282 1059 121 46 voici
440 1058 148 62 qu'au
620 1058 174 62 jardin,
833 1075 54 29 ce
922 1058 250 46 dimanche
1208 1058 269 56 d'octobre,

186 1138 134 47 L'air
355 1155 29 29 a
419 1138 149 62 gardé
605 1137 44 47 le
685 1147 119 52 gout
840 1137 146 46 d'une
1021 1153 164 32 oeuvre
1222 1138 61 45 de
1317 1139 151 46 santé.

183 1275 271 61 Splendeur
487 1277 86 44 des
609 1274 184 47 dahlias
828 1273 63 47 où
927 1273 201 47 s'enclòt
1165 1274 44 46 le
1245 1274 161 46 bassin
1424 1274 10 47 !

176 1355 119 61 Jeux
330 1354 239 47 d'enfants
605 1355 119 45 dont
757 1353 45 47 le
837 1354 187 61 rythme
1063 1369 60 31 en
1161 1369 102 31 mes
1287 1371 124 44 yeux
1446 1371 52 29 se
1532 1354 220 48 balance!

182 1434 194 48 Sincère
410 1435 304 46 envolement
748 1435 61 45 de
846 1434 144 61 petits
1029 1434 112 46 bras
1176 1434 82 61 qui
1296 1434 189 47 lancent

183 1515 130 46 Leur
348 1515 242 46 naissante
623 1515 201 60 vigueur
859 1531 108 29 vers
1001 1514 61 45 de
1099 1513 106 61 plus
1242 1513 137 47 clairs
1420 1515 193 54 destins,

181 1594 135 46 Vous
352 1595 81 61 qui
471 1611 60 29 ne
567 1611 136 29 savez
737 1609 86 45 pas
859 1592 45 47 la
941 1608 217 31 rancoeur
1199 1594 334 60 grandissante

182 1674 77 46 De
295 1691 113 29 mon
443 1670 116 63 ètre,
595 1674 158 46 tandis
788 1672 275 62 qu'appuyé
1104 1672 46 45 là
1178 1672 52 62 je
1265 1689 147 44 pense

178 1754 79 46 Au
295 1762 460 38 recommencement
788 1753 87 46 des
912 1762 161 52 gestes
1109 1752 113 45 faux
1263 1752 189 45 demain
1470 1752 7 45 !

179 1832 181 61 Souple
394 1833 175 46 beauté
604 1833 60 44 de
694 1848 54 29 ce
783 1832 251 45 dimanche
1075 1828 171 62 qu'ont
1280 1830 144 46 tissée

178 1914 128 46 Tant
341 1914 61 45 de
437 1923 211 43 travaux,
689 1912 227 57 d'efforts,
955 1912 61 45 de
1051 1912 227 59 rythmes,
1322 1912 61 44 de
1419 1910 228 61 pensées!

179 1994 211 61 Ignorez,
431 1993 192 62 ignorez
657 2009 53 28 ce
746 1992 81 62 qui
864 1990 84 47 fait
983 1990 113 61 qu'à
1133 2001 123 35 cette
1299 1990 148 46 heure

179 2073 158 46 Parmi
375 2083 132 36 votre
543 2070 121 47 éclat
699 2073 81 60 qui
816 2070 179 61 palpite
1024 2070 51 61 je
1117 2070 226 45 demeure

177 2153 49 44 A
259 2152 239 62 regarder,
539 2152 183 61 penché
757 2167 81 29 sur
873 2149 44 46 la
953 2166 178 44 rampe,
1172 2164 102 31 mes
1311 2148 225 48 mains!...

179 2288 108 49 Oh!
325 2286 237 63 peut-ètre
596 2288 109 61 déjà
739 2286 45 46 le
818 2288 117 59 long
969 2286 61 45 de
1066 2285 46 46 la
1147 2295 221 47 terrasse,

182 2368 363 47 L'inconscient
581 2384 120 29 aveu
738 2366 302 64 aujourd'hui
1078 2368 116 44 s'est
1235 2366 118 60 posé

178 2449 79 46 De
292 2449 154 44 mains
480 2448 328 62 pareillement
844 2446 274 46 infécondes
1152 2455 48 37 et
1236 2444 169 53 lasses;

178 2528 64 47 Et
276 2525 234 64 peut-ètre
545 2526 114 47 elles
695 2525 389 62 s'approchèrent
1124 2534 111 37 tour
1270 2524 29 45 à
1335 2533 109 36 tour

176 2608 332 61 Divaguantes
543 2623 146 30 encor
722 2606 184 46 d'avoir
946 2605 323 61 accompagné

177 2688 71 45 La
282 2686 155 47 vieille
473 2688 211 44 semaine
718 2696 48 36 et
800 2702 88 29 son
925 2684 301 47 branlement
1266 2683 63 45 de
1357 2679 163 64 jours?

178 2823 107 47 Oh!
323 2823 185 46 hantise
544 2834 48 35 et
626 2822 216 46 remords
878 2820 146 48 d'une
1058 2817 139 48 tàche
1231 2820 61 44 de
1327 2815 134 47 vide!

174 2905 261 59 Qu'est-ce,
473 2920 53 30 ce
560 2919 130 31 coeur
723 2902 81 61 qui
840 2904 96 52 bat,
977 2917 53 30 ce
1066 2915 214 37 cerveau,
1320 2897 138 56 dites,
1495 2893 154 49 dites?

173 2985 95 47 Ces
303 3000 87 45 pas
426 2994 208 37 sonnant
670 2999 113 30 sous
817 2981 155 53 l'azur,
1019 2990 48 35 et
1103 2978 264 46 l'ambition

1896 826 76 45 De
2009 842 79 29 ces
2121 841 125 47 yeux
2281 828 82 60 qui
2399 828 298 46 cherchaient
2737 829 85 45 des
2862 837 132 37 tours
3031 827 28 46 à
3092 826 238 53 l'horizon,

1893 936 68 6 —
1999 903 54 51 Si
2091 917 172 50 posent
2298 907 61 57 là,
2398 907 111 57 réel,
2546 908 103 46 leur
2681 908 251 47 misérable
2966 906 215 61 exemple

1892 986 184 45 Toutes
2112 1003 77 30 ces
2225 988 153 46 mains
2419 1005 113 29 sans
2561 988 110 62 joie,
2711 1005 59 29 en
2808 988 139 61 ligne,
2988 1003 81 30 sur
3104 987 44 46 la
3182 984 192 63 rampe?

1895 1132 101 48 Oh!
2034 1134 216 46 combien
2288 1152 350 31 sommes-nous
2673 1138 80 60 qui
2791 1153 60 30 ne
2885 1137 69 46 les
2994 1152 219 46 pouvons
3247 1136 155 45 suivre

1895 1212 137 45 D'un
2070 1213 105 46 élan
2212 1216 61 44 de
2309 1214 194 63 l'esprit
2537 1232 130 31 assez
2701 1217 211 46 heureux
2953 1227 46 36 et
3035 1216 123 53 clair,

1893 1318 68 8 —
1997 1290 72 47 Ce
2108 1304 213 35 moment
2349 1321 61 9 —
2438 1306 111 34 tous
2572 1294 68 47 les
2664 1296 142 61 petits
2831 1297 110 44 bras
2964 1297 189 44 battant
3176 1294 119 46 dans
3330 1293 124 55 l'air,

1892 1370 62 45 Et
1989 1372 82 59 qui
2107 1388 242 46 songeons
2389 1391 94 29 aux
2518 1374 153 46 mains
2706 1391 94 44 que
2836 1374 80 46 nul
2951 1386 155 49 temps
3149 1390 60 30 ne
3243 1372 177 47 délivre

1893 1450 77 45 De
2005 1449 246 50 l'inutilité
2287 1453 169 46 lourde
2490 1471 186 29 comme
2709 1454 70 46 les
2814 1454 123 46 fers?

1895 1600 90 45 Par
2019 1599 160 47 l'allée
2213 1617 61 29 au
2312 1600 141 61 génie
2488 1602 167 45 ardent
2691 1612 47 35 et
2772 1603 349 53 bourdonnant,

1892 1679 126 46 Font
2052 1679 47 46 la
2133 1679 238 47 cueillette
2406 1680 212 47 d'avenir
2654 1710 65 6 —
2754 1682 159 53 allant,
2958 1692 188 43 venant,

1890 1759 270 46 Attendant
2194 1759 70 46 les
2302 1760 182 46 destins
2519 1788 64 7 —
2621 1777 78 30 ces
2733 1762 128 45 doux
2902 1772 160 51 gestes
3097 1763 300 49 d'enfants....

1893 1839 125 46 Mais
2044 1856 88 30 nos
2156 1840 174 47 mains!
2361 1840 120 46 mais
2505 1856 91 31 nos
2620 1843 164 52 mains,
2806 1842 115 45 elles
2945 1843 135 46 n'ont
3097 1859 87 44 pas
3208 1843 43 47 le
3274 1853 155 51 temps
3447 1843 7 47 !

1892 1918 97 47 Car
2022 1918 102 47 leur
2157 1920 187 45 tiédeur
2378 1920 192 46 vivante
2605 1931 73 35 est
2712 1920 163 54 faible;
2913 1932 48 35 et
3001 1922 67 45 les
3087 1922 136 62 jours
3246 1932 204 51 passent,

1890 1999 63 45 Et
1989 1998 44 46 le
2067 1999 210 60 possible
2314 1999 120 47 éclat
2470 1999 237 62 s'éloigne
2743 2002 60 44 de
2839 2017 87 29 nos
2961 2000 136 55 faces,

1892 2077 164 58 Qu'un
2085 2077 123 61 jour,
2249 2094 60 30 en
2347 2077 100 47 s'en
2484 2078 146 46 allant
2665 2096 183 29 comme
2885 2079 60 46 de
2973 2080 170 60 jeunes
3179 2097 204 39 sources,

1891 2155 46 46 Y
1972 2157 215 45 auraient
2222 2157 163 47 reflété
2424 2173 88 29 nos
2547 2158 153 46 mains
2735 2157 136 47 fìères
2913 2169 47 35 et
2994 2159 240 51 douces....

1892 2332 66 6 —
1996 2304 46 46 O
2077 2305 116 61 jeux
2231 2306 81 60 qui
2352 2315 194 36 tournez
2580 2306 121 46 dans
2735 2305 69 47 les
2845 2305 161 47 fleurs!
3052 2306 44 46 O
3146 2318 132 35 vaste
3318 2308 121 47 éclat

1890 2381 96 61 Qui
2022 2384 68 46 les
2126 2383 179 47 vouliez
2331 2412 64 6 —
2423 2400 102 30 mes
2561 2400 202 45 pauvres
2804 2386 152 45 mains
2980 2413 65 8 —
3071 2385 274 56 illuminées,

1890 2463 250 61 Noyez-les
2174 2464 122 46 dans
2330 2460 215 50 l'instant
2579 2474 108 51 trop
2723 2465 136 54 beau,
2899 2466 118 45 dans
3053 2477 105 34 tout
3199 2466 110 54 cela,

1890 2541 250 64 Noyez-les
2174 2541 161 63 plutót
2370 2543 105 47 d'or
2509 2544 172 53 vivant,
2720 2572 67 8 —
2823 2560 77 31 ces
2935 2547 343 48 condamnées!

1887 2623 63 45 Et
1985 2623 162 45 laissez
2183 2639 101 29 mes
2323 2624 196 60 regards
2555 2623 67 47 les
2658 2624 90 46 fuir
2781 2642 58 29 en
2878 2642 52 29 ce
2965 2627 122 44 beau
3118 2627 123 60 jour,

1888 2701 126 46 Pour
2032 2701 139 61 qu'ils
2191 2701 217 61 puissent
2427 2703 62 45 du
2511 2703 154 45 moins
2683 2714 187 36 monter
2884 2705 119 45 dans
3022 2722 63 28 un
3099 2707 153 59 grand
3264 2707 186 47 trouble

1884 2781 64 46 Et
1983 2779 234 63 peut-ètre
2251 2783 211 59 évoquer
2497 2798 59 30 au
2598 2793 205 35 sommet
2842 2784 61 46 de
2937 2783 46 48 la
3017 2794 120 43 tour,

1886 2860 238 62 S'agitant
2157 2877 108 30 vers
2300 2860 44 46 le
2382 2861 99 54 ciel,
2521 2863 85 45 des
2641 2879 200 44 paumes
2875 2864 278 48 délivrées...

2916 2979 243 61 Georges
3189 2979 182 61 Pèrin.

1702 3420 221 35 81
