2539 3304
498 358 115 36 bewegte
621 359 72 37 Kopf
700 361 117 35 sprechen
825 363 138 36 pathetisch
973 365 43 27 das
1024 368 118 26 Wunder
1149 379 51 17 aus.
1220 370 47 26 Die
1275 370 86 36 Engel,

499 398 72 25 nicht
595 399 139 27 unähnlich
757 400 49 27 den
829 403 67 27 Putti
920 403 42 28 der
985 406 171 29 italienischen
1179 411 91 30 Kunst,
1294 420 51 25 sym-

499 437 115 26 metrisch
630 439 127 35 geordnet,
772 441 62 26 thun
846 443 46 26 mit
902 444 110 37 Sorgfalt
1023 448 52 25 und
1087 447 104 38 klugem
1202 450 159 25 Verständnis

499 476 40 26 ihr
553 476 89 27 Werk.
676 479 59 26 Und
751 480 41 26 der
806 483 80 25 Mann
900 492 85 24 unten,
1006 486 36 27 im
1056 488 191 37 Mittelgrunde,
1262 489 43 26 der
1319 490 42 25 der

499 516 269 36 emporschwebenden
782 521 117 37 Heiligen
913 525 161 32 nachschaut,
1094 544 34 3 —
1149 528 40 26 ein
1209 528 139 27 charakteri-

499 555 102 26 stischer
618 556 57 27 aber
692 557 153 40 keineswegs
863 563 155 35 glücklicher
1034 568 90 25 Zusatz
1144 583 34 4 —
1199 568 162 26 verscheucht

498 603 44 16 aus
554 595 43 25 der
608 597 110 27 vollends
732 599 69 26 nicht
812 600 177 30 absichtslosen
1000 606 160 37 Darstellung
1172 607 48 26 den
1234 607 127 27 keuschen

498 633 104 31 Zauber,
618 635 42 27 der
674 638 123 28 Cranachs
812 641 148 39 Zeichnung
973 654 62 26 ganz
1049 645 92 28 erfüllt.

558 673 47 27 Oft
620 674 98 29 freilich
732 678 99 29 kommt
845 691 24 16 es
883 683 71 27 nicht
972 684 75 32 dazu,
1066 685 54 27 dafs
1136 686 125 26 Cranachs
1276 687 83 25 Natur

499 712 60 27 über
575 716 89 25 Dürers
679 718 81 26 Kunst
773 720 69 36 siegt.

556 754 51 25 Mit
627 756 139 37 markigem
787 760 167 33 Federstrich,
979 762 77 28 tiefen
1077 765 117 25 Schatten
1215 765 27 25 in
1263 764 96 26 dichter

497 794 259 40 Kreuzschraffierung
767 801 161 27 unmittelbar
937 802 80 27 neben
1028 803 93 26 breiten
1130 802 106 28 weifsen
1243 804 115 30 Flächen,

497 832 59 35 geht
571 834 125 28 Cranachs
710 837 72 27 derbe
795 840 221 30 Unbefangenheit
1036 843 37 26 bis
1095 853 32 16 an
1148 843 40 26 die
1202 845 96 25 Grenze
1317 843 42 26 der

496 872 55 26 dem
557 874 156 29 Holzschnitt
721 879 141 35 möglichen
871 881 83 27 maleri-

498 912 75 27 schen
582 914 52 26 und
645 915 147 36 plastischen
796 920 169 38 Wirkungen.

498 953 95 34 Später,
611 955 51 25 wie
683 965 25 16 er
731 958 40 26 die
791 960 162 27 Kreuzschraf-

497 990 94 39 fierung
617 995 91 26 meidet
728 997 51 27 und
803 999 71 26 einen
895 1001 72 25 mehr

498 1030 114 37 ruhigen,
627 1044 93 25 grauen
733 1035 82 28 Effekt
829 1048 31 17 zu
873 1040 94 25 suchen

497 1070 107 32 scheint,
625 1074 66 26 wird
716 1075 39 27 die
776 1079 108 35 traurige
906 1081 46 24 Ent-

497 1107 120 40 kräftung
636 1113 77 27 seiner
730 1118 81 24 Kunst
831 1118 36 25 im
884 1118 65 27 Holz-

497 1149 105 28 schnitte
613 1153 67 26 noch
691 1153 147 39 auffälliger
845 1157 35 27 als
891 1158 26 26 in
924 1157 42 27 der

496 1190 111 28 Malerei.
629 1192 46 26 Die
685 1193 106 28 Illusion
804 1196 42 26 der
857 1199 95 35 Körper-

497 1227 103 29 lichkeit
613 1231 66 27 stellt
692 1234 54 26 sich
758 1234 54 27 ihm
825 1236 66 26 ohne
906 1235 60 27 tiefe

497 1267 114 28 Schatten
632 1272 70 26 nicht
727 1274 52 30 ein,
801 1275 59 26 weil
881 1285 25 16 er
926 1276 41 26 die

496 1306 66 28 feine
570 1311 80 25 Kunst
660 1312 42 26 der
708 1314 259 37 Formendarstellung

497 1346 77 28 durch
596 1350 176 39 Beobachtung
793 1353 41 26 der
859 1361 108 19 zarteren

495 1387 267 40 Umrifsbewegungen
806 1394 70 25 nicht
923 1394 29 26 be-

495 1425 117 30 herrscht.
639 1431 57 24 Sein
707 1433 71 34 Auge
790 1433 62 26 sieht
863 1444 48 15 nur
926 1433 39 27 die

496 1464 143 30 deutlichen
650 1471 133 36 Vorgänge
797 1472 27 26 in
840 1472 42 26 der
893 1472 72 27 Welt

496 1504 42 26 der
552 1507 111 28 Formen.

553 1546 87 36 Einige
654 1548 188 32 Holzschnitte,
864 1550 40 27 die
922 1561 42 16 aus

494 1582 57 28 dem
574 1587 104 25 zweiten
698 1588 132 33 Jahrzehnt
856 1590 40 26 des
922 1593 42 24 16.

492 1622 175 33 Jahrhunderts
681 1633 135 26 stammen,
831 1630 50 25 wie
900 1631 65 25 auch

494 1660 39 27 die
558 1663 185 39 gleichzeitigen
767 1668 133 31 Gemälde,
924 1669 42 26 die

494 1699 125 38 übrigens,
630 1706 71 25 meist
713 1707 66 25 ohne
790 1708 126 35 Signatur,
928 1709 36 27 als

494 1741 118 27 Arbeiten
621 1745 125 26 Cranachs
755 1748 69 25 nicht
833 1748 132 36 allgemein

495 1780 135 29 anerkannt
649 1784 115 32 werden,
784 1787 84 35 zeigen
887 1789 77 29 noch,

494 1820 85 26 wobei
603 1831 26 16 er
653 1824 120 35 siegreich
794 1836 66 21 war,
880 1828 85 35 zeigen

494 1858 86 33 schon,
593 1871 52 16 was
660 1863 44 26 ihn
718 1871 151 21 entmannen
884 1867 80 27 sollte.

553 1901 27 23 In
595 1899 41 27 der
650 1902 168 37 Wiedergabe
835 1912 68 20 etwa
923 1906 42 26 des

494 1935 196 32 durchfurchten
695 1943 222 32 Greisenantlitzes,
923 1945 43 26 der

495 1976 141 34 geäderten,
661 1981 162 37 schwieligen
845 1986 103 25 Männer-

494 2014 76 32 hand,
585 2017 40 26 des
642 2018 104 29 krausen
762 2024 149 31 Barthaares,
924 2024 41 26 des

495 2054 135 29 Pelzwerks
654 2058 31 26 ist
710 2062 113 26 Cranach
844 2063 121 27 kraftvoll

495 2092 52 26 und
575 2095 135 34 glücklich.
751 2101 78 26 Noch
853 2103 44 26 hat
922 2103 43 26 das

495 2132 148 38 vielzackige
669 2139 74 25 Hörn
773 2141 78 26 seiner
872 2142 76 26 Wald-

496 2171 59 25 tiere
570 2173 71 27 einen
659 2175 128 30 lebhaften
801 2178 94 33 Effekt,
914 2183 52 25 wie

497 2209 41 26 das
547 2212 134 28 Gekräusel
692 2216 42 26 der
744 2219 222 33 Straufsenfedern,

497 2249 50 25 wie
555 2250 38 26 die
604 2251 142 35 geborstene
754 2259 148 27 Baumrinde
913 2261 53 26 und

497 2287 43 25 das
559 2289 149 30 Laubwerk.
746 2296 66 26 Alles
832 2300 133 35 Knorrige,

498 2327 131 36 Knollige,
643 2332 132 28 Verästelte
790 2336 95 36 glückt.
915 2342 34 24 Ge-

498 2364 83 35 lingen
609 2367 105 34 überall,
746 2383 44 16 wo
818 2377 39 25 die
881 2380 86 25 Natur

499 2404 78 26 schon
591 2406 52 26 eine
845 2417 105 36 Mannig-

499 2440 125 37 faltigkeit
646 2448 61 24 auch
734 2449 56 28 dem
815 2455 152 36 stumpferen

500 2481 73 34 Auge
584 2482 80 28 bietet.
688 2488 144 30 Ohnmacht
846 2493 120 38 dagegen,

499 2529 45 15 wo
569 2530 23 16 es
613 2522 58 35 gilt,
696 2525 26 25 in
742 2527 42 26 der
804 2532 163 29 anscheinend

500 2559 186 34 geschlossenen
703 2565 70 27 Linie
790 2569 163 30 Ueberschnei-

500 2597 100 35 dungen
614 2599 180 38 aufzuspüren,
814 2608 38 25 die
871 2612 80 35 Lange-

500 2637 74 25 weile
601 2638 41 26 der
667 2642 105 33 geraden
796 2646 70 27 Linie
889 2649 78 27 durch

500 2676 179 38 Nuancierung
713 2681 162 31 aufzuheben.
917 2691 50 24 Das

1442 372 136 30 suchende,
1593 372 125 36 spähende
1732 373 71 35 Auge
1818 371 71 27 fehlt.
1925 372 94 30 Glatte,
2034 371 65 27 sanft
2115 373 53 25 sich
2182 368 125 29 rundende

1441 413 118 30 Formen,
1580 412 39 26 die
1640 412 107 35 geraden
1765 412 95 25 Striche
1879 412 25 25 in
1922 411 47 26 den
1991 410 198 28 Gewandfalten
2210 410 52 26 und
2281 409 25 25 in

1441 451 43 26 der
1494 451 163 26 Architektur
1667 451 101 26 werden
1782 451 39 26 die
1836 457 70 20 toten
1918 451 90 26 Stellen
2023 452 25 25 in
2063 451 78 26 seiner
2151 451 154 33 Zeichnung.

1500 492 29 25 In
1543 490 79 27 Wien
1643 491 79 35 hängt
1743 491 40 25 ein
1798 489 120 28 Gemälde
1933 491 125 26 Cranachs
2081 506 34 5 —
2140 490 94 26 Christi
2254 487 35 28 Ab-

1440 529 84 27 schied
1538 539 52 17 von
1609 530 48 26 den
1674 531 95 25 Frauen
1790 545 35 4 —
1846 536 64 20 etwa
1938 539 69 25 1520
2030 529 152 31 entstanden,
2203 528 42 27 das
2267 527 39 26 die

1439 571 141 34 Entartung
1600 570 78 24 seiner
1693 571 80 23 Kunst
1794 569 79 25 schon
1892 567 169 27 unerfreulich
2075 579 83 26 genug
2173 567 131 27 offenbart.

1439 610 58 24 Nur
1511 608 39 26 die
1565 608 89 26 Hände
1669 608 40 26 des
1724 607 129 31 Heilands,
1875 608 55 26 hart
1946 608 158 26 verarbeitete
2118 605 186 30 Bauernhände,

1439 647 55 26 sind
1510 647 189 26 ausdrucksvoll
1715 647 53 26 und
1782 648 115 25 scheinen
1908 649 140 34 Einspruch
2063 658 28 15 zu
2107 648 105 25 erheben
2227 655 78 28 gegen

1439 686 40 26 die
1491 685 139 28 affektierte
1641 686 201 28 Weichlichkeit
1853 687 164 36 ringsumher.
2039 689 50 24 Das
2101 685 207 28 Nebeneinander

1439 736 52 16 von
1505 727 152 25 natürlicher
1671 726 120 26 Derbheit
1809 726 51 26 und
1876 736 209 26 angenommener
2100 726 162 26 Zierlichkeit
2276 725 30 25 ist

1439 765 48 26 den
1509 765 198 27 Cranach'schen
1726 764 181 38 Schöpfungen
1929 766 84 35 eigen,
2035 765 39 27 die
2088 765 126 27 zwischen
2234 774 30 25 15
2274 773 31 17 10

1438 804 51 27 und
1510 815 68 25 1525
1595 812 67 20 etwa
1677 805 153 26 entstanden.
1854 805 52 26 Mit
1920 804 44 28 der
1974 805 178 36 angedeuteten
2164 804 142 37 Begabung,

1439 843 57 27 dem
1511 844 181 37 angedeuteten
1706 846 142 34 Vermögen
1859 845 86 25 suchte
1956 847 78 23 Lucas
2046 845 113 25 Cranach
2173 845 44 25 seit
2233 853 30 26 15
2273 853 9 17 I
2289 852 16 17 o

1479 2888 0 0 162
