2539 3304
498 376 78 28 festen
591 378 116 26 Glauben
723 389 30 16 an
769 380 46 26 den
830 382 76 26 Besitz
921 382 42 28 der
977 385 83 26 reinen
1071 386 77 26 Lehre
1162 387 48 26 auf
1221 388 47 26 den
1280 388 79 27 Glanz

497 415 41 28 des
547 416 121 27 Vatikans
680 425 66 20 etwa
757 421 47 25 mit
812 420 46 27 den
867 421 124 28 Gefühlen
1000 424 110 36 geblickt
1120 426 90 32 haben,
1221 428 47 26 mit
1279 427 79 27 denen

1440 389 41 26 die
1494 395 78 20 ersten
1587 389 115 26 Christen
1718 387 47 28 auf
1780 388 40 26 die
1834 387 144 26 heidnische
1997 388 88 24 Pracht
2105 387 43 25 der
2162 384 140 27 römischen

1438 428 104 37 Tempel
1553 428 160 26 herabsahen.
1735 430 65 24 Was
1814 428 52 36 galt
1881 427 39 25 die
1936 428 88 28 Kunst,
2036 436 45 16 wo
2097 436 22 15 es
2134 436 43 15 um
2192 425 41 26 das
2246 421 57 29 Heil

1871 465 41 27 der
1927 465 66 27 Seele
2007 466 69 35 ging.

1928 505 72 26 Zwei
2027 505 103 25 Mächte
2161 514 46 16 vor
2238 502 65 26 allen

1870 554 86 16 waren
1988 545 81 34 thätig
2097 543 34 26 als
2161 546 126 33 Propagan-

1870 583 80 26 disten
1972 583 66 25 einer
2058 583 145 25 einheitlich
2229 587 59 20 west-

1870 623 179 36 europäischen
2092 622 101 25 Kultur:
2235 623 68 24 Rom

1870 662 52 25 und
1956 662 42 25 der
2026 662 106 25 Handel.
2177 662 45 24 Die
2247 669 42 16 aus-

1870 702 145 35 gleichende
2054 697 249 29 Civilisationsarbeit

1870 735 42 32 der
1928 741 89 25 Kirche
2033 751 53 15 war
2100 750 29 15 zu
2145 739 102 35 Anfang
2262 738 40 25 des

1874 783 41 24 16.
1928 780 179 33 Jahrhunderts
2130 780 35 25 im
2184 781 102 24 Wesent-

1869 819 83 26 lichen
1967 819 125 35 beendigt.
2118 818 58 26 Und
2189 818 34 26 als
2235 819 68 24 Rom

1870 858 67 27 noch
1958 859 91 26 einmal
2072 857 95 37 kräftig
2191 853 111 39 ausgriff,

1869 898 53 36 galt
1936 907 24 16 es
1975 907 47 16 nur
2041 898 66 25 noch
2127 897 40 26 die
2182 896 106 26 Konsoli-

1869 937 91 26 darität
1968 937 42 25 der
2016 936 170 36 altgläubigen
2193 936 109 26 Mächte.

1870 979 50 23 Der
1954 976 168 27 Grofsh.indel
2159 975 143 26 verbreitete

1869 1017 54 24 eine
1958 1014 146 27 verfeinerte
2128 1015 92 25 Kultur
2252 1023 51 16 von

1869 1054 191 37 einigermafsen
2115 1054 186 26 einheitlichem

1869 1097 114 34 Gepräge
2009 1094 89 36 gerade
2121 1094 36 25 im
2182 1103 42 25 15.
2250 1091 51 27 und

1873 1137 41 23 16.
1929 1133 172 34 Jahrhundert.
2138 1135 49 23 Der
2202 1130 100 28 Handel

1869 1172 53 27 und
1938 1173 45 26 mit
1997 1173 54 25 ihm
2064 1174 90 28 Luxus,
2166 1172 135 26 Reichtum

1870 1213 49 25 und
1931 1212 133 26 städtische
2073 1212 158 26 Civilisation
2241 1211 60 35 ging

1868 1252 39 25 die
1922 1254 83 33 Wege
2023 1251 42 26 der
2084 1253 98 28 Hanse,
2203 1249 98 27 weckte

1868 1292 120 34 Venedig,
1998 1291 107 30 Florenz,
2114 1293 105 33 Brügge,
2226 1293 75 25 Gent,

1868 1331 111 29 Lübeck,
1993 1332 162 33 Antwerpen,
2168 1329 133 36 Augsburg

1867 1380 29 15 zu
1909 1369 170 36 glänzendem,
2095 1365 143 29 kunstreich
2258 1377 29 27 ge-

1868 1409 176 26 schmücktem
2069 1408 90 26 Leben.
2198 1409 28 24 In
2252 1407 47 26 den

1867 1448 98 27 reichen
1982 1448 208 26 Handelsstädten
2209 1448 92 25 fanden

1867 1487 40 27 die
1947 1488 179 35 Bedingungen
2168 1486 52 26 sich
2259 1496 28 15 zu-

1867 1536 121 21 sammen,
1996 1526 40 26 die
2044 1527 53 25 eine
2106 1526 93 26 höhere
2210 1528 77 24 Kunst-

1868 1566 87 36 übung
1977 1564 116 27 forderte.
2132 1566 62 25 Wie
2215 1565 86 34 wenig

1868 1606 129 25 bedeutete
2018 1605 112 25 daneben
2152 1604 41 26 das
2214 1607 69 23 Mäce-

1867 1652 132 19 natentum
2018 1645 41 25 des
2077 1644 134 26 deutschen
2226 1642 74 27 Adels

1867 1684 52 27 und
1944 1685 42 25 der
2011 1684 133 25 deutschen
2168 1683 120 25 Fürstlich-

1867 1724 92 27 keiten.
1984 1723 79 26 Selbst
2075 1723 161 25 Maximilian
2247 1732 41 16 ver-

1867 1763 60 27 darb
1945 1763 47 26 mit
2010 1763 83 25 seinen
2113 1763 107 35 spröden
2235 1760 49 27 Auf-

1867 1802 94 37 gaben,
1990 1812 54 17 was
2069 1812 24 15 er
2121 1801 79 26 durch
2224 1801 76 35 kluge

1867 1841 177 36 Auswählung
2063 1840 41 27 der
2120 1840 117 27 Künstler
2254 1846 46 30 gut

1867 1882 108 25 machte.

1926 1921 88 26 Gehen
2027 1920 50 26 wir
2092 1919 39 26 die
2142 1918 106 27 Strafsen
2259 1918 41 26 des

1867 1959 188 30 Welthandels,
2076 1958 162 36 Wittenberg
2259 1957 27 26 be-

1867 2000 90 25 rühren
1988 1999 49 25 wir
2068 1998 86 26 kaum.
2196 1998 104 25 Luthers

1867 2039 76 36 Krieg
1964 2039 105 25 erhöhte
2090 2037 39 26 die
2144 2039 97 28 Mauer,
2260 2037 40 25 die

1867 2077 161 36 Wittenberg
2053 2087 78 26 gegen
2157 2077 39 25 die
2220 2077 69 25 italie-

1867 2118 84 25 nische
1963 2116 91 27 Kultur
2065 2115 133 27 abschlofs.
2216 2116 72 25 Italie-

1867 2157 85 25 nische
1971 2156 91 26 Kultur
2081 2156 56 26 aber
2154 2155 52 26 und
2226 2165 60 16 euro-

1868 2197 98 35 päische
1973 2195 150 31 Kultur,um
2136 2204 71 25 1530
2215 2204 85 17 waren

1868 2235 42 26 das
1929 2235 105 26 beinahe
2051 2235 79 25 schon
2144 2236 155 33 Synonyma.

1867 2274 162 36 Wittenberg
2047 2284 54 16 war
2118 2273 40 26 die
2178 2275 77 29 Feste,
2275 2273 25 25 in

1868 2314 43 26 der
1938 2314 42 26 der
2008 2313 124 31 deutsche,
2163 2313 138 25 sächsische

1869 2353 51 27 und
1941 2353 203 37 protestantische
2165 2353 70 25 Geist
2258 2361 29 27 ge-

1868 2393 97 26 schützt
1998 2392 97 30 wurde,
2128 2392 70 25 nicht
2233 2392 67 25 ohne

1869 2431 96 28 Gefahr
1992 2431 41 27 für
2060 2431 41 26 die
2126 2431 160 36 Eingeschlos-

1869 2482 70 15 senen
1946 2492 7 10 ,
1978 2470 143 37 gefährlich
2147 2470 153 27 namentlich

1868 2511 41 26 für
1921 2511 45 26 den
1979 2511 125 26 Künstler.
2121 2511 114 25 Cranach
2247 2519 54 17 war

1868 2552 71 25 nicht
1953 2551 42 25 der
2005 2552 89 28 Mann,
2107 2551 67 24 ohne
2185 2549 114 29 Rivalen,

1869 2591 67 25 ohne
1952 2589 96 30 Kritik,
2066 2588 49 27 auf
2132 2589 56 26 dem
2209 2591 91 33 jungen

1869 2629 86 27 Boden
1968 2640 30 15 zu
2010 2629 56 25 dem
2078 2638 81 16 neuen
2170 2629 82 25 Inhalt
2261 2628 40 25 die

1868 2679 81 16 neuen
1960 2671 105 24 Formen
2079 2678 30 16 zu
2120 2668 89 26 finden.
2232 2667 54 26 Selb-

1869 2708 100 37 ständig
1989 2708 66 26 blieb
2077 2718 24 16 er
2121 2707 107 32 freilich,
2249 2705 52 27 und

1474 2901 0 0 164
