2539 3304
491 388 74 25 Auch
579 388 26 25 in
620 388 46 26 den
682 388 82 27 besten
778 390 109 28 Stücken
901 393 30 26 ist
946 393 57 27 dem
1014 396 169 27 Portraitisten
1197 398 43 26 das
1254 399 98 25 Feinere

491 426 54 27 und
556 426 96 27 Tiefere
666 427 43 27 der
722 429 191 29 Individualität
927 434 139 36 entglitten.
1088 436 47 26 Die
1146 438 206 36 Gewöhnungen

490 466 77 26 seines
582 468 222 27 Formendialektes
818 470 65 36 legte
895 474 113 25 Cranach
1023 476 64 25 auch
1102 476 65 27 beim
1180 477 172 27 Portraitieren

490 505 70 26 nicht
568 505 38 31 ab,
615 507 117 35 ungleich
743 509 98 36 einigen
852 511 227 30 niederländischen
1086 516 173 31 Manieristen,
1268 516 39 26 die
1316 517 36 25 im

490 543 153 28 Bildnisfach
661 546 78 27 durch
754 549 161 37 Tüchtigkeit
933 553 52 26 und
1004 555 155 26 Gesundheit
1180 556 171 26 überraschen.

550 586 52 24 Aus
617 585 56 26 dem
684 587 76 26 Alten
770 590 156 27 Testamente
940 592 95 28 wählte
1049 594 42 26 der
1102 595 138 26 sächsische
1250 595 102 25 Meister

491 622 92 27 keinen
597 627 157 34 Gegenstand
772 628 76 27 lieber
865 631 34 26 als
915 631 47 27 den
976 633 160 31 Sündenfall,
1156 635 156 25 namentlich
1325 635 27 25 in

490 662 49 26 den
559 673 63 24 30er
635 665 88 33 Jahren
738 668 39 25 des
795 669 185 34 Jahrhunderts.
1011 674 62 25 Wie
1091 673 130 36 glücklich
1239 675 70 25 hatte
1327 684 25 16 er

489 711 28 17 in
530 703 56 26 dem
597 705 173 29 Holzschnitte
783 719 51 17 von
848 720 9 16 1
867 720 53 26 50p
936 712 39 25 die
990 719 78 20 ersten
1080 714 138 25 Menschen
1232 714 36 25 im
1278 715 59 25 Para-

489 741 64 28 diese
563 743 125 28 zwischen
699 746 47 27 den
755 748 88 27 Tieren
858 750 41 26 des
910 752 105 26 Waldes
1030 752 148 36 dargestellt.
1205 754 68 32 Jetzt,
1290 752 61 27 stolz

489 781 100 38 besorgt
603 793 45 17 um
662 785 48 26 den
724 785 83 29 Effekt
821 790 77 26 seiner
912 791 107 26 nackten
1034 792 150 30 Menschen,
1203 791 109 27 entfernt
1326 802 25 16 er

489 821 138 28 säuberlich
642 824 74 33 Alles,
732 837 53 16 was
800 828 48 26 den
862 830 70 26 Blick
947 841 51 16 von
1013 831 82 26 Adam
1110 831 53 26 und
1178 841 50 16 von
1243 833 49 24 Eva
1307 831 30 26 ab-

488 862 84 25 ziehen
588 863 101 27 könnte.
721 868 89 26 Wenn
827 878 49 17 nur
892 869 67 27 diese
978 869 109 27 nackten
1100 871 106 35 Figuren
1224 870 49 26 den
1292 874 45 33 prü-

488 898 90 30 fenden
588 903 69 26 Blick
672 904 140 30 beständen.
846 908 46 26 Die
904 909 160 26 Unkenntnis
1076 910 42 25 des
1129 910 101 25 inneren
1241 912 95 34 Körper-

488 939 73 28 baues
572 943 65 25 wird
649 953 72 18 umso
733 946 145 33 deutlicher,
892 951 23 33 je
926 949 71 25 mehr
1011 949 40 25 die
1062 948 104 26 Absicht
1182 948 48 27 auf
1237 950 114 25 zierliche

489 980 131 37 Wirkung
643 983 40 26 die
699 985 85 27 Leiber
800 987 104 31 streckt,
923 988 68 35 biegt
1011 988 53 25 und
1083 988 71 26 dreht
1173 989 52 25 und
1241 989 109 26 wendet.

487 1020 77 25 Keine
583 1023 132 31 Knochen,
733 1023 74 28 keine
827 1026 127 32 Struktur,
976 1027 59 27 kein
1057 1026 108 37 Gefüge.
1207 1030 50 24 Das
1279 1030 72 33 Auge

488 1058 84 36 gleitet
594 1061 39 26 die
654 1064 200 36 geschlängelten
876 1066 174 27 Umrifslinien
1071 1067 116 35 entlang,
1208 1067 68 26 ohne
1297 1067 54 26 eine

486 1098 78 33 Ecke,
585 1100 53 27 eine
652 1102 250 39 Ueberschneidung,
924 1106 72 26 einen
1014 1105 80 27 festen
1108 1106 83 26 Punkt
1209 1117 31 16 zu
1259 1106 91 27 finden.

485 1139 29 24 In
528 1139 77 27 dieser
618 1143 207 36 Formensprache
839 1144 86 27 fehlen
939 1145 39 26 die
992 1147 192 25 Konsonanten.

545 1181 46 24 Die
609 1182 68 25 recht
694 1183 118 35 häufigen
830 1184 223 36 mythologischen
1066 1187 93 24 Scenen
1178 1184 84 27 bilden
1277 1184 73 27 keine

487 1215 132 30 besondere
634 1222 113 36 Gruppe,
767 1223 31 26 da
816 1223 43 26 der
873 1224 103 25 Meister
996 1224 48 25 den
1057 1226 57 23 Ton
1132 1224 70 26 nicht
1220 1224 129 31 wechselt,

487 1266 58 27 mag
559 1267 24 16 er
598 1269 51 16 von
662 1261 87 33 Judith
764 1262 60 26 oder
837 1264 127 30 Lucretia,
984 1273 51 16 von
1049 1266 51 23 Eva
1115 1263 61 26 oder
1191 1264 88 29 Diana,
1298 1273 52 17 von

486 1296 82 27 Adam
587 1299 60 26 oder
661 1301 95 36 Apollo
774 1303 125 35 sprechen.
933 1304 60 24 Sehr
1012 1312 61 27 gern
1092 1303 62 25 malt
1174 1304 114 24 Cranach
1307 1303 42 26 das

485 1336 147 29 Parisurteil.
676 1342 49 23 Der
742 1340 95 27 Antike
857 1343 65 25 steht
942 1352 25 15 er
987 1343 27 24 in
1034 1342 103 26 solchen
1158 1342 192 35 Darstellungen

484 1382 47 18 mit
551 1377 180 37 ahnungsloser
752 1380 218 37 Unbefangenheit
988 1381 150 36 gegenüber.
1176 1383 32 24 Er
1229 1382 121 25 berichtet

485 1414 48 26 den
551 1416 162 27 heidnischen
727 1420 106 34 Mythos
852 1420 134 36 behaglich
1004 1421 65 26 nach
1088 1420 42 26 der
1150 1421 102 35 eigenen
1268 1420 69 27 klein-

485 1452 173 38 bürgerlichen
669 1459 169 36 Vorstellung,
854 1460 121 36 weniger,
989 1460 51 26 wie
1055 1460 41 26 ein
1107 1460 67 26 Kind
1189 1460 101 31 erzählt,
1305 1460 43 32 als,

485 1492 50 26 wie
550 1495 39 25 ein
604 1497 173 34 gutgelaunter
792 1499 177 26 Schulmeister
983 1499 48 26 den
1046 1499 111 26 Kindern
1171 1499 99 26 erzählt.
1302 1500 47 25 Die

486 1541 31 17 an
533 1535 200 36 Verständigkeit
752 1536 153 28 kränkelnde
931 1539 119 25 Naivetat
1071 1538 85 26 weckt
1181 1539 72 25 meist
1281 1540 69 25 noch

484 1570 139 29 lächelndes
638 1575 124 28 Gefallen.

545 1614 188 37 Darstellungen
746 1615 40 26 des
794 1616 93 26 Lebens
898 1617 53 25 und
962 1616 103 27 Leidens
1075 1616 101 31 Christi,
1189 1617 161 26 Madonnen-

484 1651 51 24 und
550 1652 197 36 Heiligenbilder
767 1656 192 27 verschwinden
979 1656 155 35 keineswegs
1152 1656 47 25 mit
1218 1656 57 26 dem
1290 1657 45 25 Ein-

486 1696 80 20 setzen
580 1692 42 26 der
637 1692 341 39 Reformationsbewegung,
997 1705 76 17 wenn
1089 1695 33 25 sie
1137 1696 65 25 auch
1216 1696 134 35 spärlicher

485 1730 109 27 werden.
625 1733 27 24 In
667 1733 151 27 Altartafeln
832 1735 66 26 wird
917 1735 40 26 die
975 1744 64 17 neue
1054 1735 77 25 Lehre
1152 1733 132 32 offenbart,
1307 1745 28 26 ge-

484 1772 199 34 sinnungsstark,
704 1773 56 26 aber
782 1773 164 28 künstlerisch
964 1774 87 36 wenig
1071 1774 156 36 ertragreich.
1258 1775 92 25 Früher

484 1816 85 18 waren
590 1810 39 25 die
644 1812 83 26 Altäre
750 1813 163 27 anschaulich
931 1814 54 26 und
1003 1813 112 37 poetisch
1135 1814 50 26 wie
1205 1813 42 27 das
1268 1816 66 24 Evan-

485 1846 152 38 gelienepos,
658 1853 58 32 jetzt
737 1852 113 36 gleichen
870 1854 33 25 sie
923 1852 141 27 lehrhaften
1085 1853 139 36 Predigten.
1258 1855 92 24 Früher

484 1886 78 26 schuf
572 1889 39 24 die
622 1890 118 36 gläubige
749 1892 242 36 Vorstellungskraft
1003 1893 136 30 Gestalten,
1154 1902 53 16 nun
1221 1893 75 25 weist
1310 1893 40 25 die

485 1925 174 37 theologische
674 1930 109 37 Bildung
797 1932 174 36 Beziehungen
985 1933 72 25 nach.

544 1967 124 27 Cranachs
682 1970 139 26 Koloristik
831 1981 55 16 war
900 1979 58 18 stets
970 1972 48 25 den
1029 1972 139 25 intensiven
1180 1970 169 27 Lokalfarben

484 2006 131 33 zugethan.
651 2010 48 23 Das
720 2010 149 26 Fiedlersche
887 2011 202 26 Madonnenbild
1110 2011 109 26 leuchtet
1240 2011 110 34 glutvoll

486 2043 46 24 mit
547 2044 216 38 Rubingefunkel.
795 2050 75 26 Auch
885 2050 40 26 die
940 2050 107 26 anderen
1061 2050 96 26 Werke
1172 2050 41 26 der
1228 2050 120 31 Frühzeit,

485 2090 51 16 wie
560 2090 66 21 etwa
650 2085 43 26 der
714 2089 145 36 stämmige,
883 2100 44 25 arg
951 2089 136 27 verkannte
1107 2089 139 27 Würlitzer
1268 2089 81 32 Altar,

487 2128 108 28 prangen
609 2124 26 25 in
650 2132 74 19 satter
742 2128 51 26 und
809 2129 122 35 gesunder
946 2129 120 35 Färbung.
1101 2127 98 38 Kräftig
1218 2128 77 27 bleibt
1309 2128 41 27 die

1432 399 75 26 Farbe
1525 400 69 25 noch
1613 400 27 25 in
1660 400 48 25 den
1727 410 61 16 20er
1806 400 54 25 und
1877 410 62 24 30er
1952 400 101 33 Jahren,
2075 400 30 26 da
2124 400 35 26 sie
2172 400 80 25 schon
2266 405 31 17 an

1432 438 175 36 Eintönigkeit
1621 438 81 27 leidet.
1728 441 60 24 Nur
1802 439 35 26 im
1850 439 119 26 Inkarnat
1984 439 64 27 wird
2064 439 42 27 der
2120 439 80 27 Maler
2214 441 70 31 ängst-

1432 477 59 32 lich,
1507 477 63 27 blafs
1586 478 51 26 und
1651 478 180 27 schwächlich.
1864 481 55 24 Den
1931 478 90 31 hellen,
2037 479 155 36 porzellanig
2203 477 94 36 glatten

1432 516 108 27 nackten
1552 517 60 26 Leib
1628 517 66 26 stellt
1708 527 26 16 er
1748 527 60 27 gern
1822 527 46 16 vor
1883 519 54 24 eine
1952 517 177 37 dunkelgrüne
2140 514 156 30 Laubwand,

1432 556 39 26 die
1492 557 148 36 pedantisch
1660 552 189 40 zugeschnitten
1868 558 31 24 ist
1919 566 42 16 zur
1976 557 139 36 Rahmung
2133 558 43 25 der
2192 560 90 32 Körper-

1432 595 75 26 form.
1540 597 46 24 Die
1601 596 141 25 Silhouette
1756 596 66 26 wird
1841 606 28 16 so
1888 597 177 29 verdeutlicht,
2087 598 39 24 die
2145 596 92 26 Plastik
2256 594 41 27 der

1431 633 166 38 Körperform
1617 636 153 34 geschädigt.
1802 636 80 25 Nicht
1900 636 77 25 selten
1992 636 73 26 sehen
2081 637 39 25 die
2136 637 104 34 Figuren
2255 641 42 18 aus

1431 675 51 26 wie
1497 675 46 25 mit
1559 675 42 25 der
1612 676 87 24 Schere
1713 685 43 16 aus
1769 676 86 35 Papier
1869 675 163 36 geschnitten.
2060 676 45 25 Die
2120 671 177 40 stereotypisch

1431 713 221 27 wiederkehrende
1663 715 149 25 Laubwand
1827 714 57 26 läfst
1894 715 161 35 sehnsüchtig
2070 715 43 26 der
2123 715 111 26 schönen
2246 710 51 28 und

1431 753 98 26 reichen
1551 753 144 26 Waldflora
1719 753 145 36 gedenken,
1890 754 40 26 die
1952 754 124 26 Cranachs
2094 754 98 35 Jugend
2195 751 90 30 Vorstel-

1431 792 95 36 lungen
1546 803 27 15 so
1594 792 94 36 kräftig
1706 792 64 27 wild
1790 792 103 27 belebte.
1921 795 56 24 Den
1992 794 160 25 Gewändern
2170 793 68 36 giebt
2256 792 41 26 der

1431 832 103 26 Meister
1556 842 39 15 am
1615 831 103 27 liebsten
1737 832 40 26 ein
1796 832 142 31 intensives,
1960 832 66 26 doch
2046 833 69 25 nicht
2137 831 160 28 leuchtendes

1431 873 60 24 Rot.
1527 871 46 26 Die
1591 870 88 27 Tiefen
1696 871 66 26 beim
1782 874 73 24 Grün
1875 871 52 26 und
1947 874 52 23 Rot
2021 873 142 25 erscheinen
2182 873 72 25 meist
2271 870 26 26 in

1431 910 249 36 undurchsichtigem
1695 911 126 30 Schwarz,
1836 911 122 26 während
1973 912 42 25 das
2031 912 93 25 Fleisch
2139 912 47 25 mit
2199 912 82 25 schwa-

1431 950 63 25 chen
1517 949 95 26 kühlen
1632 950 117 25 Schatten
1770 951 138 35 vorsichtig
1928 951 54 25 und
2004 950 77 26 selten
2102 950 134 36 genügend
2257 958 27 27 ge-

1431 989 90 25 rundet
1542 989 75 27 wird.
1652 991 38 23 Im
1709 989 175 36 Allgemeinen
1903 991 30 24 ist
1954 990 39 25 die
2015 985 166 31 Farbenwahl
2203 991 25 24 in
2251 989 46 25 den

1431 1031 112 33 späteren
1568 1027 180 37 Schöpfungen
1773 1029 126 26 Cranachs
1924 1029 92 26 ebenso
2042 1029 178 35 unbeweglich
2245 1026 52 28 und

1431 1077 170 16 nuancenarm
1620 1068 52 25 wie
1691 1068 40 25 die
1750 1068 55 25 Mal
1809 1068 86 31 weise,
1921 1068 39 26 die
1985 1068 52 27 sich
2059 1068 85 27 weder
2164 1069 65 26 nach
2251 1067 46 26 den

1430 1106 103 27 Mafsen
1552 1107 43 26 der
1609 1106 89 26 Tafeln
1719 1107 98 30 richtet,
1840 1108 67 26 noch
1929 1108 65 26 auch
2013 1107 47 27 den
2078 1107 218 36 •wirkungsvollen

1431 1149 138 32 Gegensatz
1584 1156 50 16 von
1648 1146 137 36 Lasierung
1800 1146 49 26 und
1866 1146 154 27 deckendem
2035 1146 109 37 Auftrag
2159 1145 138 38 irgendwie

1430 1192 165 19 auszunutzen
1612 1184 81 28 weifs.
1726 1185 183 38 Gleichmäfsig
1927 1187 65 25 steht
2010 1186 40 26 die
2065 1186 190 26 Farbenschicht
2272 1185 25 26 in

1430 1224 248 37 undurchsichtiger,
1700 1225 116 31 blanker,
1838 1226 167 35 emailartiger
2020 1226 219 26 Geschlossenheit
2253 1221 48 30 auf

1430 1263 42 26 der
1485 1263 80 26 Tafel.
1597 1262 273 32 Stoffcharakteristik,
1889 1265 190 26 Raumillusion
2099 1265 60 26 oder
2175 1264 107 27 Luftwir-

1430 1303 72 36 kung
1516 1314 87 15 -waren
1618 1304 46 25 mit
1679 1313 28 16 so
1719 1314 93 20 armen,
1829 1304 111 26 überdies
1952 1305 90 25 zuletzt
2054 1305 35 26 im
2100 1304 196 26 Fabrikbetriebe

1430 1343 176 26 verwendeten
1620 1343 104 25 Mitteln
1739 1344 69 25 nicht
1823 1344 71 25 mehr
1907 1354 30 16 zu
1952 1344 132 26 erreichen.

1490 1382 115 26 Cranach
1621 1382 124 26 überlebte
1761 1383 66 25 seine
1841 1385 95 30 Kunst;
1952 1390 47 19 erst
2018 1393 69 25 1553
2105 1383 65 26 starb
2186 1393 33 17 er.
2244 1378 57 31 Auf

1430 1421 47 26 den
1492 1421 131 26 Grabstein
1645 1421 127 26 schrieben
1794 1422 33 26 sie
1848 1422 162 31 „celerrimus
2150 1438 34 4 —
2206 1421 90 36 arglos,

1430 1461 67 25 ohne
1512 1471 29 15 zu
1557 1461 91 30 ahnen,
1669 1461 51 26 wie
1735 1461 152 36 zweideutig
1901 1463 34 25 sie
1949 1462 94 31 lobten,
2060 1462 61 30 und,
2137 1460 55 28 dafs
2207 1462 33 26 sie
2255 1460 42 27 der

1430 1503 80 23 Kunst
1525 1500 126 26 Cranachs
1666 1500 79 26 schon
1761 1499 83 27 früher
1859 1501 43 26 das
1917 1500 67 27 Grab
1999 1500 155 37 geschaufelt
2169 1502 86 25 hatten
2269 1500 27 25 in

1430 1540 150 25 sächsischer
1594 1539 70 26 Erde.

1489 1578 113 31 Gestellt,
1618 1578 67 26 doch
1700 1578 78 26 kaum
1790 1579 169 26 beantwortet
1970 1578 67 27 kann
2049 1579 40 26 die
2099 1581 76 34 Frage
2186 1578 110 30 werden,

1430 1627 53 17 was
1503 1617 73 27 wohl
1598 1627 43 16 aus
1670 1618 89 31 einem,
1783 1619 42 25 der
1849 1618 96 36 gröfser
1964 1628 55 17 war
2039 1619 35 26 als
2096 1620 127 28 Cranach,
2245 1626 52 17 was

1430 1664 66 19 etwa
1513 1666 42 16 aus
1570 1659 81 23 Dürer
1666 1657 26 25 in
1700 1658 163 35 Wittenberg
1877 1659 137 34 geworden
2029 1661 75 23 wäre.
2131 1659 76 25 Hätte
2219 1660 79 23 Dürer

1430 1697 42 25 das
1493 1706 64 16 neue
1572 1697 178 34 Evangelium,
1771 1697 41 25 das
1833 1707 24 16 er
1876 1697 34 26 als
1930 1697 84 26 Christ
2032 1698 53 25 und
2109 1699 92 34 Bürger
2221 1697 77 26 kaum

1430 1736 87 26 anders
1533 1735 123 26 aufnahm
1667 1736 67 25 denn
1746 1737 124 31 Cranach,
1883 1736 25 26 in
1923 1736 57 26 dem
1993 1737 209 36 protestierenden
2214 1735 83 28 Lande

1430 1775 35 26 als
1481 1775 115 27 Künstler
1616 1785 29 15 zu
1666 1775 122 36 gestalten
1807 1777 145 25 vermocht?
1978 1776 115 26 Cranach
2112 1776 142 26 illustrierte
2275 1783 22 16 es

1430 1817 23 33 ja
1471 1824 48 17 nur
1543 1815 25 26 in
1593 1813 132 28 trockener
1745 1815 192 26 Würtlichkeit.
1980 1815 100 26 Würde
2099 1816 104 25 Luthers
2223 1814 74 27 nahes

1430 1856 75 24 Feuer
1524 1853 47 27 den
1586 1854 135 26 Gesichten
1737 1857 90 23 Dürers
1843 1855 141 36 geleuchtet
2004 1854 80 26 haben
2104 1855 61 25 oder
2183 1865 48 15 nur
2249 1853 48 27 den

1430 1892 152 27 Gedanken?
1618 1895 76 23 Hätte
1715 1896 78 23 Dürer
1811 1894 48 25 den
1878 1896 99 33 Zwang
1995 1894 41 25 des
2051 1893 88 31 Hofes,
2154 1894 41 26 die
2208 1892 75 28 Schul-

1430 1931 148 31 stubenluft,
1590 1932 39 26 die
1641 1933 277 36 Gelehrtenpedanterie
1928 1933 54 26 und
1993 1933 226 36 kleinbürgerliche
2230 1935 67 33 Enge

1430 1971 82 37 tapfer
1526 1971 148 27 bestanden?
1793 1973 60 26 Und
1866 1983 77 16 wenn
1962 1983 25 15 er
2001 1980 204 28 untergegangen
2219 1975 78 26 wäre,

1430 2011 87 26 anders
1533 2012 34 25 als
1583 2012 122 29 Cranach,
1720 2015 69 23 wäre
1803 2013 40 25 ein
1858 2012 130 26 Gröfserer
2002 2020 212 28 untergegangen.
2241 2012 55 25 Wo

1431 2051 125 25 Cranachs
1572 2050 173 27 unbewufster
1763 2053 46 24 Art
1827 2051 197 37 verschrumpfte
2043 2051 52 27 und
2115 2046 182 42 verkrüppelte,

1430 2093 67 23 wäre
1513 2089 41 27 das
1569 2089 123 27 wissende
1706 2090 101 27 Streben
1823 2091 109 36 tragisch
1946 2091 148 26 zerbrochen
2110 2090 113 27 worden.

1998 2151 62 25 Max
2075 2151 18 32 J.
2109 2151 188 25 Friedlaender

1476 2910 0 0 166
