2539 3304
239 395 28 26 Es
282 402 62 26 sieht
358 407 54 25 sehr
427 409 34 26 alt
476 420 42 17 aus
536 428 32 4 —
584 413 69 34 Jeder
668 413 65 26 freut
748 414 51 26 sich
814 413 115 27 darüber!
965 414 90 26 Stände
1069 424 23 16 es

272 446 10 15 r
295 445 56 24 dem
362 447 246 39 Ausstellungszaun,
623 463 28 16 so
662 452 105 27 würden
783 453 122 26 dieselben
917 456 75 23 Leute
1007 463 85 26 sagen:

263 484 23 16 as
345 484 22 32 ja
381 485 54 27 eine
450 490 120 31 Schande,
589 491 42 26 das
646 492 111 26 Rathaus
771 492 64 26 sieht
849 492 35 26 alt
897 502 53 21 aus,
969 492 44 26 das
1028 491 65 27 mufs

279 524 38 18 °rt
330 531 67 20 „neu
569 531 111 26 werden!
704 533 65 24 Man
782 532 61 25 höre
858 541 47 16 nur
915 531 65 26 nach
993 532 100 36 Leipzig

258 558 95 32 •nuber,
375 572 44 17 wo
444 566 42 26 das
508 569 127 36 prächtige
657 570 48 26 alte
724 571 112 25 Rathaus
858 571 47 25 den
925 571 109 25 Meisten
1054 571 41 25 ein

264 601 44 18 orn
319 606 35 17 im
365 601 71 37 Auge
448 605 37 27 ist.
511 609 82 29 „Man
608 609 106 25 braucht
815 616 68 29 sagte
894 610 57 25 dort
961 610 41 25 ein
1013 609 69 25 Stadt-

280 640 76 22 ordne
359 645 42 25 ter,
422 643 34 25 als
472 645 39 26 die
526 648 73 35 Frage
615 648 39 25 des
670 648 144 25 Abbruches
831 648 152 36 besprochen
997 648 97 30 wurde,

240 684 16 11 '>
272 678 31 17 rst
325 677 42 25 das
381 680 112 29 Rathaus
509 686 50 26 und
579 686 66 26 dann
659 686 139 26 Rofsbachs
813 689 73 23 Neue
900 688 151 24 Universität
1065 696 30 16 zu

257 716 11 14 e
281 714 107 33 rächten,
411 729 43 17 um
478 723 49 27 den
547 726 145 25 Fortschritt
713 727 27 24 in
761 726 42 25 der
825 726 160 26 Architektur
1006 736 29 15 zu
1058 735 26 16 er-

394 760 50 25 E)as
462 762 32 26 ist
511 765 23 32 ja
554 773 61 27 ganz
636 766 98 34 richtig.
768 767 57 23 Nur
843 764 98 26 kommt
956 775 59 15 man
1029 765 67 25 beim

275 795 9 16 r
296 794 119 28 schreiten
430 800 71 27 nicht
516 803 88 25 immer
618 803 113 36 bergauf,
746 804 143 25 manchmal
903 804 96 35 bergab.
1035 804 60 25 Und

276 833 10 16 r
300 833 55 24 will
369 835 126 35 scheinen,
516 841 54 26 dafs
590 852 24 16 es
627 853 52 16 von
693 843 57 25 dem
764 843 67 25 alten
845 842 207 26 Paulinerkloster
1066 851 30 16 zu

274 900 13 21 f
298 906 14 15 b
320 877 52 20 ntCr
390 877 129 28 Sehinkels
536 881 106 26 Einflufs
664 882 116 25 erbauten
801 882 66 25 alten
886 882 152 25 Universität
1059 882 37 24 bis

298 911 126 29 Kolsbach
439 927 67 16 zwar
520 919 26 26 in
560 920 46 25 den
621 921 188 34 Abmessungen
825 920 50 25 und
894 921 35 24 im
944 919 136 27 Kostenauf-

242 973 14 25 b
329 952 29 21 kr
360 952 62 36 äftig
436 955 113 38 bergauf,
566 960 34 24 im
615 960 121 35 geistigen
748 959 90 26 Gehalt
853 959 56 26 aber
923 959 173 35 gleichmäfsig

283 999 14 16 6
301 992 11 16 a
316 993 12 34 p
356 999 68 28 ging.
469 997 47 25 Die
540 997 172 27 akademische
737 997 157 36 Richtigkeit
919 998 105 35 besiegte
1048 998 48 25 den

243 1054 30 22 üh
306 1032 18 36 7
371 1038 28 17 en
439 1043 35 16 en
491 1051 32 5 —
540 1037 52 25 und
610 1037 155 35 gleichzeitig
780 1037 76 35 siegte
877 1037 39 25 die
937 1037 159 35 Langeweile

276 1066 23 17 er
313 1062 172 42 bescheidene,
501 1075 56 25 aber
571 1076 71 25 echte
656 1078 89 24 Kunst.

299 1220 29 22 Es
350 1222 67 34 giebt
439 1227 71 27 einen
524 1232 60 25 Reiz
598 1231 41 26 der
654 1231 83 26 Skizze
757 1231 52 25 und
828 1231 71 25 einen
913 1231 60 26 Reiz
991 1230 41 27 des
1046 1229 38 27 fer-

263 1260 46 23 &en
328 1258 116 33 Werkes.
483 1269 49 25 Das
555 1270 81 30 Alter,
658 1270 39 25 die
715 1269 176 26 Flickarbeiten
913 1269 183 26 verschiedener

1174 414 54 25 Zeit
1249 413 77 36 geben
1346 413 47 26 den
1409 414 93 24 Bauten
1523 412 69 25 einen
1610 408 180 28 skizzenhaften
1805 407 132 27 Eindruck.
1972 408 48 24 Der

1174 452 57 27 läfst
1245 453 53 26 sich
1311 453 70 25 nicht
1395 452 78 25 durch
1487 449 109 36 Sorgfalt
1609 449 137 29 herstellen,
1765 448 42 26 der
1822 447 66 26 kann
1901 446 69 26 nicht
1984 455 24 16 er-

1173 491 109 27 künstelt
1296 491 108 27 werden.
1426 491 65 25 Aber
1502 499 43 15 wo
1559 499 25 15 er
1598 489 30 24 da
1643 489 38 28 ist,
1696 487 48 26 soll
1758 496 25 16 er
1794 486 107 26 erhalten
1916 485 103 26 bleiben.

1173 533 63 24 Man
1250 531 84 26 macht
1349 530 41 26 der
1400 531 82 24 Venus
1497 538 49 16 von
1561 527 65 25 Milo
1641 527 71 25 keine
1726 535 79 16 neuen
1817 527 83 27 Arme,
1913 524 59 26 weil
1988 524 33 24 im

1174 572 125 34 Ergänzen
1312 570 35 25 im
1361 568 69 27 Geist
1448 568 40 24 ein
1502 567 58 25 Reiz
1577 565 69 36 liegt:
1667 566 62 24 Man
1750 564 123 35 gewöhne
1894 562 59 29 sich,
1974 562 46 25 den

1174 609 160 25 malerischen
1349 608 58 26 Reiz
1422 607 33 24 im
1470 607 133 23 Bauwesen
1621 602 195 27 anzuerkennen.
1849 602 51 25 Ist's
1917 601 104 28 schwer,

1174 647 182 35 befriedigende
1371 643 222 30 architektonische
1601 641 98 26 Skizzen
1713 651 30 15 zu
1758 641 88 28 bauen,
1861 650 28 16 so
1903 640 47 25 soll
1964 649 57 15 man

1173 687 35 25 sie
1222 686 64 26 doch
1302 686 83 26 stehen
1400 684 85 28 lassen,
1499 691 43 16 wo
1557 682 33 24 sie
1604 680 54 26 sind
1673 680 50 25 und
1734 680 69 25 nicht
1813 679 64 34 jedes
1885 678 82 26 Werk
1978 676 46 27 auf

1174 726 65 25 seine
1264 723 187 27 akademischen
1470 723 85 24 Werte
1579 717 86 38 prüfen
1690 717 51 26 und
1767 716 47 27 auf
1832 717 63 25 diese
1917 716 90 25 zurück-

1175 763 90 26 führen
1279 763 103 26 wollen.

1233 802 88 27 Rafael
1336 802 73 25 malte
1424 801 24 25 in
1466 800 76 25 seiner
1555 795 132 38 Sposalizio
1702 795 70 24 einen
1787 793 174 35 Rundtempel,
1978 791 46 27 auf

1175 842 80 35 völlig
1269 841 101 36 glattem
1384 839 123 27 uferlosen
1519 837 71 28 Platz,
1607 837 77 23 Dürer
1697 833 72 25 liebte
1781 833 39 24 die
1830 833 107 24 Ruinen.
1959 833 61 23 Man

1175 881 56 25 sehe
1242 882 65 23 seine
1315 877 167 30 Städtebilder,
1495 877 25 25 in
1531 874 112 26 welchen
1651 872 85 27 Giebel
1748 871 51 25 und
1807 871 97 24 Dächer
1915 873 104 21 türmen.

1175 921 64 24 Wer
1258 918 76 27 schuf
1349 917 166 27 malerischer?
1541 916 81 32 Jenem
1636 912 30 25 ist
1681 910 41 26 der
1735 911 50 24 Bau
1801 910 39 24 ein
1855 908 75 25 Stück
1944 908 77 26 seiner

1175 959 188 35 Komposition,
1378 958 76 24 seiner
1465 949 262 41 Figurenarchitektur,
1741 949 33 24 sie
1789 949 29 24 ist
1833 956 42 16 um
1890 947 40 25 des
1942 946 78 25 Bildes

1175 997 88 26 willen
1282 998 39 24 da.
1357 999 78 22 Dürer
1454 992 77 28 schuf
1548 1001 42 17 aus
1609 988 88 27 Freude
1715 997 31 16 an
1764 987 42 25 der
1823 986 149 33 Stimmung,
1996 993 24 17 er

1175 1036 74 26 liebte
1271 1036 42 25 das
1332 1034 141 35 Unfertige,
1500 1033 130 26 Zerstörte,
1652 1024 178 30 Skizzenhafte,
1852 1024 38 25 die
1912 1025 107 23 Ruinen.

1175 1077 30 23 Es
1220 1076 68 24 hätte
1302 1084 66 16 zwar
1382 1074 99 25 Ruinen
1494 1071 69 26 nicht
1576 1069 98 36 gebaut,
1688 1065 55 27 aber
1757 1064 63 26 auch
1834 1061 87 27 Rafael
1935 1062 83 25 seinen

1175 1113 170 36 Rundtempel
1360 1113 77 29 nicht,
1452 1120 74 17 wenn
1541 1119 24 16 er
1579 1108 68 26 nicht
1662 1107 23 24 in
1697 1104 137 33 Beziehung
1847 1111 29 16 zu
1888 1100 130 29 Anderem,

1176 1153 35 25 im
1234 1153 219 33 Zusammenhang
1481 1150 45 25 mit
1550 1148 40 26 der
1614 1143 147 38 Umgebung
1789 1139 130 38 gestanden
1943 1139 75 25 hätte.

1174 1193 83 24 Heute
1271 1191 66 25 stellt
1356 1200 59 16 man
1432 1190 39 25 die
1490 1191 90 23 Bauten
1599 1183 46 29 auf
1658 1184 40 24 die
1717 1182 84 28 Plätze,
1822 1180 69 25 nicht
1908 1187 50 16 wie
1978 1177 41 26 der

1173 1231 179 33 Kunstsinnige
1369 1230 52 24 sein
1439 1231 75 24 Gerät
1531 1227 36 25 ins
1589 1225 107 26 Zimmer
1714 1220 76 29 stellt,
1812 1228 31 16 an
1857 1218 38 25 die
1910 1216 108 29 Wände,

1174 1269 108 25 sondern
1292 1269 51 25 wie
1357 1269 41 24 der
1412 1266 132 28 Aussteller
1558 1265 86 26 mitten
1658 1263 26 24 in
1696 1261 39 25 die
1748 1258 95 29 Weite,
1865 1256 77 25 damit
1959 1264 58 16 man

1173 1308 35 25 sie
1222 1310 22 31 ja
1258 1317 50 15 von
1323 1307 64 26 allen
1398 1307 80 25 Seiten
1492 1304 139 26 betrachten
1645 1301 74 29 kann,
1734 1297 77 27 damit
1823 1297 34 25 sie
1869 1297 24 33 ja
1906 1294 69 25 nicht
1989 1302 28 17 zu

1173 1347 123 25 Anderem
1310 1347 26 24 in
1347 1346 140 34 Beziehung
1504 1350 84 19 treten.
1616 1342 61 25 Man
1696 1339 48 35 legt
1761 1336 38 26 die
1814 1338 79 23 Dome
1907 1332 46 26 frei
1967 1331 50 27 und

1173 1385 92 25 nimmt
1277 1385 77 25 ihnen
1368 1384 79 26 damit
1464 1385 46 24 den
1523 1380 127 29 Mafsstab,
1665 1379 44 25 mit
1719 1375 120 27 welchem
1850 1374 41 24 das
1902 1374 70 33 Auge
1984 1380 33 16 sie

1172 1423 173 35 vergleichend
1364 1433 92 15 messen
1474 1423 73 25 kann.
1584 1423 70 23 Denn
1673 1418 48 24 wie
1741 1415 42 25 der
1804 1413 116 26 Zeichner
1939 1410 78 25 neben

1172 1462 83 25 einem
1273 1462 85 26 hohen
1375 1463 79 24 Turm
1470 1462 54 25 eine
1542 1458 140 27 Prozession
1700 1455 68 29 malt,
1786 1451 76 28 damit
1884 1450 38 26 die
1936 1448 81 26 kleine

1172 1501 108 25 Vielheit
1291 1501 41 25 des
1343 1501 135 25 Menschen
1490 1501 41 25 der
1542 1497 99 37 grofsen
1652 1496 96 26 Einheit
1758 1492 40 26 des
1809 1493 74 24 Baues
1895 1489 33 25 als
1939 1486 63 27 Mafs-

1172 1539 52 26 stab
1236 1539 80 30 diene,
1327 1550 27 15 so
1365 1540 98 25 wächst
1474 1539 40 25 der
1525 1535 182 28 Denkmalbau,
1718 1541 75 18 wenn
1804 1539 57 17 man
1872 1537 62 17 seine
1943 1526 74 25 Höhe

1172 1588 32 16 an
1224 1578 42 26 der
1285 1578 126 26 Kleinheit
1429 1576 187 38 gewöhnlicher
1634 1576 95 24 Häuser
1746 1580 26 16 zu
1793 1577 92 18 messen
1904 1574 111 25 vermag;

1172 1617 74 26 allein
1260 1616 41 27 für
1315 1617 53 26 sich
1382 1618 31 25 ist
1426 1628 25 15 er
1464 1627 47 16 nur
1528 1625 51 17 von
1592 1613 84 27 halber
1689 1610 134 34 Wirkung.
1856 1607 61 25 Was
1931 1614 44 15 uns
1990 1613 26 15 in

1172 1656 86 26 Italien
1277 1656 128 31 entzückt,
1428 1656 42 26 das
1487 1654 192 35 Herandrängen
1693 1650 40 27 des
1747 1648 97 26 kleinen
1857 1643 159 37 Tageslebens

1172 1705 32 16 an
1225 1695 39 26 die
1284 1696 151 35 gewaltigen
1449 1694 140 27 dauernden
1603 1690 103 30 Werke,
1721 1689 41 25 das
1779 1689 118 23 zerstören
1912 1692 47 16 wir
1973 1681 29 25 da-

1172 1734 68 26 heim
1260 1744 30 16 zu
1305 1737 112 24 Gunsten
1437 1735 65 25 einer
1516 1733 175 32 Anschauung,
1712 1728 39 25 die
1772 1726 38 25 die
1829 1725 79 24 Kunst
1923 1730 45 16 nur
1983 1720 32 25 als

1172 1773 183 36 Feiertagsgabe
1374 1783 29 16 zu
1418 1773 131 35 würdigen
1563 1770 111 27 versteht.
1707 1768 81 35 Später
1801 1761 97 30 einmal,
1912 1770 26 15 in
1952 1768 64 16 einer

1172 1811 164 27 künstlerisch
1356 1813 78 25 höher
1452 1810 133 28 stehenden
1599 1809 61 29 Zeit,
1674 1805 65 27 wird
1757 1812 57 17 man
1833 1801 46 26 den
1894 1806 67 19 teuer
1980 1807 24 16 er-

1173 1850 106 27 kauften
1487 1849 93 27 wieder
1597 1846 117 28 aufteilen
1729 1843 50 26 und
1793 1840 128 28 verbauen,
1939 1837 77 25 damit

1173 1900 25 15 er
1211 1889 93 26 wieder
1318 1891 133 25 wohnlich
1464 1889 92 30 werde,
1575 1888 77 26 damit
1669 1884 51 26 sich
1734 1892 43 16 um
1795 1881 37 24 die
1846 1876 170 28 Prachtkirche

1172 1929 94 25 wieder
1286 1929 40 25 die
1499 1926 110 30 sammle,
1628 1926 38 24 die
1680 1924 33 24 sie
1728 1919 109 29 braucht,
1856 1926 43 17 um
1913 1926 25 15 in
1953 1915 63 27 ihrer

1174 1966 89 27 Grofse
1277 1977 30 16 zu
1321 1967 106 27 wirken.

1589 2028 20 26 *

1231 2124 29 23 Es
1277 2122 97 25 besteht
1393 2122 38 25 bei
1450 2132 47 15 uns
1517 2122 39 25 ein
1570 2117 132 37 Zwiespalt
1718 2114 120 28 zwischen
1854 2111 55 26 dem
1922 2111 80 25 Natur-

1172 2161 110 25 schönen
1304 2160 50 26 und
1376 2161 59 25 dem
1455 2161 199 26 Kunstschönen.
1693 2158 29 23 Es
1743 2155 30 25 ist
1794 2153 53 25 sehr
1867 2150 101 28 schwer,
1990 2147 25 28 in

1173 2200 65 25 einer
1244 2199 161 36 Ausstellung
1413 2210 49 16 von
1469 2195 268 31 Architekturwerken,
1746 2193 50 26 wie
1805 2191 37 25 bei
1852 2190 78 25 einem
1938 2188 66 25 archi-

1173 2238 172 26 tektonischen
1361 2238 152 27 Bilderwerk
1527 2239 40 25 die
1581 2236 132 27 Beschauer
1727 2230 169 28 festzuhalten,
1917 2237 22 15 es
1954 2236 64 16 seien

1172 2277 66 26 denn
1253 2277 191 36 Darstellungen
1458 2278 60 25 alter
1732 2269 88 27 Städte.
1848 2270 29 24 Es
1889 2267 29 25 ist
1930 2265 89 26 ebenso

1173 2317 104 29 schwer,
1293 2317 72 25 einen
1379 2317 126 25 Bauherrn
1519 2326 29 16 zu
1564 2314 157 28 veranlassen,
1735 2311 42 25 das
1791 2318 52 16 was
1863 2317 25 15 er
1904 2316 35 15 im
1953 2305 66 26 Bilde

1173 2356 67 29 liebt,
1255 2366 44 16 wo
1314 2366 23 15 es
1353 2357 25 24 in
1393 2355 180 27 Wirklichkeit
1587 2351 143 29 vorhanden
1743 2350 39 29 ist,
1798 2347 63 27 auch
1875 2355 47 17 nur
1936 2345 82 25 stehen

1173 2405 30 16 zu
1222 2395 87 30 lassen,
1331 2404 23 16 es
1372 2395 65 26 mufs
1457 2396 24 24 in
1502 2396 38 24 ein
1558 2395 35 24 im
1608 2391 67 27 Bilde
1689 2390 52 27 ihm
1755 2387 72 27 selbst
1841 2384 178 36 Langweiliges

1173 2434 187 35 umgewandelt
1375 2434 109 26 werden.
1518 2430 174 29 Hundertfach
1709 2426 148 29 wiederholt
1875 2424 51 27 sich
1945 2423 75 26 dieser

1173 2475 119 34 Vorgang
1306 2473 65 26 beim
1382 2473 171 26 Restaurieren
1566 2472 42 25 der
1617 2470 113 25 Kirchen.
1752 2469 116 24 Könnten
1879 2464 38 26 die
1928 2462 91 32 „Alten

1293 2523 46 15 uns
1360 2513 69 25 nicht
1450 2512 92 28 lehren,
1563 2509 51 27 dafs
1631 2519 23 15 es
1675 2509 53 25 eine
1748 2505 133 27 Schönheit
1901 2502 63 26 auch
1985 2501 33 27 im

1174 2553 136 24 Bauwesen
1331 2551 75 36 giebt,
1427 2550 96 26 welche
1542 2547 138 28 aufserhalb
1702 2546 42 26 der
1764 2543 187 28 akademischen
1970 2543 32 23 Ge-

1173 2597 61 19 setze
1249 2590 66 35 liegt.
1343 2590 59 26 Und
1416 2589 53 26 dafs
1485 2599 57 15 man
1557 2589 63 24 diese
1635 2585 134 27 Schönheit
1786 2583 64 27 auch
1864 2583 71 24 heute
1954 2579 63 26 noch

1173 2639 30 16 zu
1218 2639 117 25 erzeugen
1350 2638 105 25 vermag,
1467 2637 75 17 wenn
1557 2636 57 16 man
1629 2626 45 25 den
1686 2626 58 24 Mut
1757 2624 43 25 hat
1814 2632 28 15 zu
1853 2620 102 29 wollen,
1967 2627 50 17 was

1174 2677 57 17 man
1245 2667 131 36 eigentlich
1391 2667 61 26 will.

1719 2703 137 24 Cornelius
1870 2699 110 24 Gurlitt

1215 2898 0 0 133
