<?xml version="1.0" encoding="UTF-8"?>
<alto xmlns:xsi="http://www.w3.org/2001/XMLSchema-instance" xmlns="http://www.loc.gov/standards/alto/ns-v2#" xsi:schemaLocation="http://www.loc.gov/standards/alto/ns-v2# http://www.loc.gov/standards/alto/alto-v2.0.xsd" xmlns:xlink="http://www.w3.org/1999/xlink">
	<Description>
		<MeasurementUnit>mm10</MeasurementUnit>
		<sourceImageInformation>
			<fileName>//fileserver7/IN2-2/Princeton/bmtnabj/1905/02/01_01/00000093.tif</fileName>
		</sourceImageInformation>
		<OCRProcessing ID="OCRPROCESSING_1">
			<preProcessingStep>
				<processingSoftware>
					<softwareCreator>CCS Content Conversion Specialists GmbH, Germany</softwareCreator>
					<softwareName>CCS docWorks</softwareName>
					<softwareVersion>6.7-1.20</softwareVersion>
				</processingSoftware>
			</preProcessingStep>
			<ocrProcessingStep>
				<processingSoftware>
					<softwareCreator>ABBYY (BIT Software), Russia</softwareCreator>
					<softwareName>FineReader</softwareName>
					<softwareVersion>10.0</softwareVersion>
				</processingSoftware>
			</ocrProcessingStep>
		</OCRProcessing>
		<OCRProcessing ID="OCRPROCESSING_2">
			<preProcessingStep>
				<processingSoftware>
					<softwareCreator>CCS Content Conversion Specialists GmbH, Germany</softwareCreator>
					<softwareName>CCS docWorks</softwareName>
					<softwareVersion>6.7-1.20</softwareVersion>
				</processingSoftware>
			</preProcessingStep>
			<ocrProcessingStep>
				<processingSoftware>
					<softwareCreator>ABBYY (BIT Software), Russia</softwareCreator>
					<softwareName>NA</softwareName>
				</processingSoftware>
			</ocrProcessingStep>
		</OCRProcessing>
	</Description>
	<Styles>
		<TextStyle ID="TXT_0" FONTSIZE="20" FONTFAMILY="Times New Roman"/>
		<TextStyle ID="TXT_1" FONTSIZE="17" FONTFAMILY="Times New Roman" FONTSTYLE="bold"/>
		<TextStyle ID="TXT_2" FONTSIZE="10" FONTFAMILY="Times New Roman"/>
		<TextStyle ID="TXT_3" FONTSIZE="15" FONTFAMILY="Unknown"/>
		<TextStyle ID="TXT_4" FONTSIZE="14" FONTFAMILY="Times New Roman"/>
		<TextStyle ID="TXT_5" FONTSIZE="14" FONTFAMILY="Times New Roman" FONTSTYLE="italics"/>
		<ParagraphStyle ID="PAR_CENTER" ALIGN="Center"/>
		<ParagraphStyle ID="PAR_LEFT" ALIGN="Left"/>
		<ParagraphStyle ID="PAR_BLOCK" ALIGN="Block"/>
	</Styles>
	<Layout>
		<Page ID="P5" PHYSICAL_IMG_NR="5" HEIGHT="3144" WIDTH="2249" PC="0.921">
			<TopMargin ID="P5_TM00001" HPOS="0" VPOS="0" WIDTH="2249" HEIGHT="272"/>
			<LeftMargin ID="P5_LM00001" HPOS="0" VPOS="272" WIDTH="110" HEIGHT="2871"/>
			<RightMargin ID="P5_RM00001" HPOS="2133" VPOS="272" WIDTH="116" HEIGHT="2871"/>
			<BottomMargin ID="P5_BM00001" HPOS="0" VPOS="3143" WIDTH="2249" HEIGHT="1"/>
			<PrintSpace ID="P5_PS00001" HPOS="110" VPOS="272" WIDTH="2023" HEIGHT="2871">
				<TextBlock ID="P5_TB00001" HPOS="347" VPOS="272" WIDTH="1580" HEIGHT="60" STYLEREFS="TXT_0 PAR_CENTER">
					<TextLine ID="P5_TL00001" HPOS="347" VPOS="272" WIDTH="1580" HEIGHT="60">
						<String ID="P5_ST00001" HPOS="347" VPOS="273" WIDTH="314" HEIGHT="59" CONTENT="COURS" WC="0.98" CC="55330"/>
						<SP ID="P5_SP00001" HPOS="661" VPOS="332" WIDTH="67"/>
						<String ID="P5_ST00002" HPOS="728" VPOS="275" WIDTH="120" HEIGHT="57" CONTENT="DU" WC="0.49" CC="63"/>
						<SP ID="P5_SP00002" HPOS="848" VPOS="332" WIDTH="62"/>
						<String ID="P5_ST00003" HPOS="910" VPOS="272" WIDTH="413" HEIGHT="59" CONTENT="COLLEGE" WC="0.99" CC="0013205"/>
						<SP ID="P5_SP00003" HPOS="1323" VPOS="332" WIDTH="82"/>
						<String ID="P5_ST00004" HPOS="1405" VPOS="273" WIDTH="101" HEIGHT="58" CONTENT="DE" WC="0.95" CC="00"/>
						<SP ID="P5_SP00004" HPOS="1506" VPOS="332" WIDTH="63"/>
						<String ID="P5_ST00005" HPOS="1569" VPOS="272" WIDTH="358" HEIGHT="59" CONTENT="FRANCE" WC="0.98" CC="094105"/>
					</TextLine>
				</TextBlock>
				<TextBlock ID="P5_TB00002" HPOS="718" VPOS="676" WIDTH="835" HEIGHT="49" STYLEREFS="TXT_1 PAR_CENTER">
					<TextLine ID="P5_TL00002" HPOS="718" VPOS="676" WIDTH="835" HEIGHT="49">
						<String ID="P5_ST00006" HPOS="718" VPOS="684" WIDTH="92" HEIGHT="41" CONTENT="LA" WC="0.58" CC="16"/>
						<SP ID="P5_SP00005" HPOS="810" VPOS="725" WIDTH="40"/>
						<String ID="P5_ST00007" HPOS="850" VPOS="676" WIDTH="286" HEIGHT="48" CONTENT="PENSÉE" WC="0.99" CC="003060"/>
						<SP ID="P5_SP00006" HPOS="1136" VPOS="725" WIDTH="42"/>
						<String ID="P5_ST00008" HPOS="1178" VPOS="682" WIDTH="375" HEIGHT="42" CONTENT="MUSICALE" WC="0.99" CC="60005540"/>
					</TextLine>
				</TextBlock>
				<TextBlock ID="P5_TB00003" HPOS="674" VPOS="847" WIDTH="927" HEIGHT="163" STYLEREFS="TXT_2 PAR_LEFT">
					<TextLine ID="P5_TL00003" HPOS="674" VPOS="849" WIDTH="927" HEIGHT="47">
						<String ID="P5_ST00009" HPOS="674" VPOS="849" WIDTH="50" HEIGHT="47" CONTENT="II" WC="0.98" CC="00" STYLEREFS="TXT_3"/>
						<String ID="P5_ST00010" HPOS="724" VPOS="849" WIDTH="51" HEIGHT="47" CONTENT="I." WC="0.98" CC="00"/>
						<SP ID="P5_SP00007" HPOS="775" VPOS="896" WIDTH="25"/>
						<String ID="P5_ST00011" HPOS="800" VPOS="849" WIDTH="25" HEIGHT="47" CONTENT="-" WC="0.98" CC="0"/>
						<SP ID="P5_SP00008" HPOS="825" VPOS="896" WIDTH="25"/>
						<String ID="P5_ST00012" HPOS="850" VPOS="849" WIDTH="76" HEIGHT="47" CONTENT="LES" WC="0.99" CC="100"/>
						<SP ID="P5_SP00009" HPOS="926" VPOS="896" WIDTH="34"/>
						<String ID="P5_ST00013" HPOS="960" VPOS="864" WIDTH="159" HEIGHT="26" CONTENT="IMAGES" WC="0.99" CC="550000"/>
						<SP ID="P5_SP00010" HPOS="1119" VPOS="896" WIDTH="38"/>
						<String ID="P5_ST00014" HPOS="1157" VPOS="864" WIDTH="111" HEIGHT="26" CONTENT="DANS" WC="0.97" CC="4223"/>
						<SP ID="P5_SP00011" HPOS="1268" VPOS="896" WIDTH="35"/>
						<String ID="P5_ST00015" HPOS="1303" VPOS="864" WIDTH="50" HEIGHT="25" CONTENT="LA" WC="0.87" CC="02"/>
						<SP ID="P5_SP00012" HPOS="1353" VPOS="896" WIDTH="32"/>
						<String ID="P5_ST00016" HPOS="1385" VPOS="863" WIDTH="216" HEIGHT="33" CONTENT="MUSIQUE." WC="0.99" CC="65004343"/>
					</TextLine>
					<TextLine ID="P5_TL00004" HPOS="757" VPOS="955" WIDTH="761" HEIGHT="54">
						<String ID="P5_ST00017" HPOS="757" VPOS="955" WIDTH="166" HEIGHT="53" CONTENT="(Cours" WC="0.99" CC="100600" STYLEREFS="TXT_4"/>
						<SP ID="P5_SP00013" HPOS="923" VPOS="1008" WIDTH="32"/>
						<String ID="P5_ST00018" HPOS="955" VPOS="958" WIDTH="59" HEIGHT="39" CONTENT="du" WC="1.00" CC="00" STYLEREFS="TXT_4"/>
						<SP ID="P5_SP00014" HPOS="1014" VPOS="1008" WIDTH="30"/>
						<String ID="P5_ST00019" HPOS="1044" VPOS="955" WIDTH="167" HEIGHT="54" CONTENT="lundi." WC="0.98" CC="674004" STYLEREFS="TXT_4"/>
						<SP ID="P5_SP00015" HPOS="1211" VPOS="1009" WIDTH="28"/>
						<String ID="P5_ST00020" HPOS="1239" VPOS="955" WIDTH="28" HEIGHT="54" CONTENT="—" WC="0.98" CC="0" STYLEREFS="TXT_4"/>
						<SP ID="P5_SP00016" HPOS="1267" VPOS="1009" WIDTH="28"/>
						<String ID="P5_ST00021" HPOS="1295" VPOS="955" WIDTH="223" HEIGHT="54" CONTENT="Résumé.)" WC="0.99" CC="20030736" STYLEREFS="TXT_4"/>
					</TextLine>
				</TextBlock>
				<TextBlock ID="P5_TB00004" HPOS="110" VPOS="1100" WIDTH="2023" HEIGHT="1777" STYLEREFS="TXT_4 PAR_BLOCK">
					<TextLine ID="P5_TL00005" HPOS="179" VPOS="1102" WIDTH="1954" HEIGHT="52">
						<String ID="P5_ST00022" HPOS="179" VPOS="1102" WIDTH="125" HEIGHT="40" CONTENT="Dans" WC="0.98" CC="4050"/>
						<SP ID="P5_SP00017" HPOS="304" VPOS="1142" WIDTH="24"/>
						<String ID="P5_ST00023" HPOS="328" VPOS="1115" WIDTH="86" HEIGHT="27" CONTENT="une" WC="0.95" CC="451"/>
						<SP ID="P5_SP00018" HPOS="414" VPOS="1142" WIDTH="23"/>
						<String ID="P5_ST00024" HPOS="437" VPOS="1102" WIDTH="125" HEIGHT="40" CONTENT="lettre" WC="0.98" CC="535341"/>
						<SP ID="P5_SP00019" HPOS="562" VPOS="1142" WIDTH="17"/>
						<String ID="P5_ST00025" HPOS="579" VPOS="1102" WIDTH="58" HEIGHT="40" CONTENT="du" WC="0.73" CC="05"/>
						<SP ID="P5_SP00020" HPOS="637" VPOS="1142" WIDTH="30"/>
						<String ID="P5_ST00026" HPOS="667" VPOS="1115" WIDTH="43" HEIGHT="37" CONTENT="17" WC="0.46" CC="64"/>
						<SP ID="P5_SP00021" HPOS="710" VPOS="1152" WIDTH="22"/>
						<String ID="P5_ST00027" HPOS="732" VPOS="1115" WIDTH="120" HEIGHT="27" CONTENT="mars" WC="0.97" CC="4262"/>
						<SP ID="P5_SP00022" HPOS="852" VPOS="1152" WIDTH="26"/>
						<String ID="P5_ST00028" HPOS="878" VPOS="1103" WIDTH="117" HEIGHT="49" CONTENT="1828," WC="0.72" CC="16203"/>
						<SP ID="P5_SP00023" HPOS="995" VPOS="1152" WIDTH="28"/>
						<String ID="P5_ST00029" HPOS="1023" VPOS="1102" WIDTH="209" HEIGHT="40" CONTENT="adressée" WC="0.99" CC="05000078"/>
						<SP ID="P5_SP00024" HPOS="1232" VPOS="1152" WIDTH="27"/>
						<String ID="P5_ST00030" HPOS="1259" VPOS="1107" WIDTH="21" HEIGHT="35" CONTENT="à" WC="0.02" CC="9"/>
						<SP ID="P5_SP00025" HPOS="1280" VPOS="1152" WIDTH="28"/>
						<String ID="P5_ST00031" HPOS="1308" VPOS="1115" WIDTH="81" HEIGHT="27" CONTENT="son" WC="0.97" CC="007"/>
						<SP ID="P5_SP00026" HPOS="1389" VPOS="1152" WIDTH="25"/>
						<String ID="P5_ST00032" HPOS="1414" VPOS="1104" WIDTH="88" HEIGHT="38" CONTENT="ami" WC="0.97" CC="060"/>
						<SP ID="P5_SP00027" HPOS="1502" VPOS="1152" WIDTH="20"/>
						<String ID="P5_ST00033" HPOS="1522" VPOS="1102" WIDTH="223" HEIGHT="50" CONTENT="Flechsig," WC="0.84" CC="600020004"/>
						<SP ID="P5_SP00028" HPOS="1745" VPOS="1152" WIDTH="24"/>
						<String ID="P5_ST00034" HPOS="1769" VPOS="1102" WIDTH="39" HEIGHT="40" CONTENT="le" WC="1.00" CC="00"/>
						<SP ID="P5_SP00029" HPOS="1808" VPOS="1152" WIDTH="22"/>
						<String ID="P5_ST00035" HPOS="1830" VPOS="1105" WIDTH="303" HEIGHT="49" CONTENT="compositeur" WC="1.00" CC="42000010040"/>
					</TextLine>
					<TextLine ID="P5_TL00006" HPOS="125" VPOS="1170" WIDTH="2005" HEIGHT="53">
						<String ID="P5_ST00036" HPOS="125" VPOS="1172" WIDTH="39" HEIGHT="39" CONTENT="le" WC="1.00" CC="00"/>
						<SP ID="P5_SP00030" HPOS="164" VPOS="1211" WIDTH="17"/>
						<String ID="P5_ST00037" HPOS="181" VPOS="1171" WIDTH="99" HEIGHT="52" CONTENT="plus" WC="0.98" CC="7000"/>
						<SP ID="P5_SP00031" HPOS="280" VPOS="1223" WIDTH="24"/>
						<String ID="P5_ST00038" HPOS="304" VPOS="1171" WIDTH="301" HEIGHT="50" CONTENT="sentimental," WC="1.00" CC="006500025003"/>
						<SP ID="P5_SP00032" HPOS="605" VPOS="1223" WIDTH="20"/>
						<String ID="P5_ST00039" HPOS="625" VPOS="1171" WIDTH="113" HEIGHT="40" CONTENT="celui" WC="0.99" CC="00025"/>
						<SP ID="P5_SP00033" HPOS="738" VPOS="1223" WIDTH="18"/>
						<String ID="P5_ST00040" HPOS="756" VPOS="1170" WIDTH="135" HEIGHT="53" CONTENT="qu'on" WC="0.99" CC="00307"/>
						<SP ID="P5_SP00034" HPOS="891" VPOS="1223" WIDTH="19"/>
						<String ID="P5_ST00041" HPOS="910" VPOS="1185" WIDTH="21" HEIGHT="24" CONTENT="a" WC="1.00" CC="0"/>
						<SP ID="P5_SP00035" HPOS="931" VPOS="1223" WIDTH="21"/>
						<String ID="P5_ST00042" HPOS="952" VPOS="1171" WIDTH="156" HEIGHT="52" CONTENT="appelé" WC="0.99" CC="000036"/>
						<SP ID="P5_SP00036" HPOS="1108" VPOS="1223" WIDTH="18"/>
						<String ID="P5_ST00043" HPOS="1126" VPOS="1185" WIDTH="104" HEIGHT="26" CONTENT="avec" WC="0.99" CC="0400"/>
						<SP ID="P5_SP00037" HPOS="1230" VPOS="1223" WIDTH="23"/>
						<String ID="P5_ST00044" HPOS="1253" VPOS="1173" WIDTH="150" HEIGHT="38" CONTENT="raison" WC="0.99" CC="405000"/>
						<SP ID="P5_SP00038" HPOS="1403" VPOS="1223" WIDTH="17"/>
						<String ID="P5_ST00045" HPOS="1420" VPOS="1186" WIDTH="59" HEIGHT="25" CONTENT="un" WC="0.67" CC="60"/>
						<SP ID="P5_SP00039" HPOS="1479" VPOS="1223" WIDTH="24"/>
						<String ID="P5_ST00046" HPOS="1503" VPOS="1171" WIDTH="77" HEIGHT="40" CONTENT="des" WC="0.99" CC="020"/>
						<SP ID="P5_SP00040" HPOS="1580" VPOS="1223" WIDTH="24"/>
						<String ID="P5_ST00047" HPOS="1604" VPOS="1177" WIDTH="151" HEIGHT="46" CONTENT="poètes" WC="0.99" CC="007002"/>
						<SP ID="P5_SP00041" HPOS="1755" VPOS="1223" WIDTH="18"/>
						<String ID="P5_ST00048" HPOS="1773" VPOS="1171" WIDTH="53" HEIGHT="40" CONTENT="de" WC="1.00" CC="00"/>
						<SP ID="P5_SP00042" HPOS="1826" VPOS="1223" WIDTH="21"/>
						<String ID="P5_ST00049" HPOS="1847" VPOS="1171" WIDTH="39" HEIGHT="40" CONTENT="la" WC="0.94" CC="10"/>
						<SP ID="P5_SP00043" HPOS="1886" VPOS="1223" WIDTH="22"/>
						<String ID="P5_ST00050" HPOS="1908" VPOS="1173" WIDTH="222" HEIGHT="50" CONTENT="musique," WC="0.99" CC="06014704"/>
					</TextLine>
					<TextLine ID="P5_TL00007" HPOS="125" VPOS="1238" WIDTH="2008" HEIGHT="54">
						<String ID="P5_ST00051" HPOS="125" VPOS="1239" WIDTH="169" HEIGHT="42" CONTENT="Robert" WC="0.99" CC="005000"/>
						<SP ID="P5_SP00044" HPOS="294" VPOS="1281" WIDTH="31"/>
						<String ID="P5_ST00052" HPOS="325" VPOS="1238" WIDTH="282" HEIGHT="48" CONTENT="Schumann," WC="0.79" CC="004002353"/>
						<SP ID="P5_SP00045" HPOS="607" VPOS="1286" WIDTH="46"/>
						<String ID="P5_ST00053" HPOS="653" VPOS="1239" WIDTH="234" HEIGHT="53" CONTENT="s'exprime" WC="1.00" CC="000200000"/>
						<SP ID="P5_SP00046" HPOS="887" VPOS="1292" WIDTH="26"/>
						<String ID="P5_ST00054" HPOS="913" VPOS="1241" WIDTH="113" HEIGHT="38" CONTENT="ainsi" WC="0.98" CC="03601"/>
						<SP ID="P5_SP00047" HPOS="1026" VPOS="1292" WIDTH="25"/>
						<String ID="P5_ST00055" HPOS="1051" VPOS="1250" WIDTH="7" HEIGHT="24" CONTENT=":" WC="0.26" CC="7"/>
						<SP ID="P5_SP00048" HPOS="1058" VPOS="1292" WIDTH="41"/>
						<String ID="P5_ST00056" HPOS="1099" VPOS="1253" WIDTH="20" HEIGHT="24" CONTENT="«" WC="1.00" CC="0"/>
						<SP ID="P5_SP00049" HPOS="1119" VPOS="1292" WIDTH="25"/>
						<String ID="P5_ST00057" HPOS="1144" VPOS="1239" WIDTH="215" HEIGHT="42" CONTENT="L'amour" WC="0.99" CC="5400030"/>
						<SP ID="P5_SP00050" HPOS="1359" VPOS="1292" WIDTH="34"/>
						<String ID="P5_ST00058" HPOS="1393" VPOS="1249" WIDTH="42" HEIGHT="32" CONTENT="et" WC="0.68" CC="06"/>
						<SP ID="P5_SP00051" HPOS="1435" VPOS="1292" WIDTH="32"/>
						<String ID="P5_ST00059" HPOS="1467" VPOS="1239" WIDTH="183" HEIGHT="42" CONTENT="l'amitié" WC="0.99" CC="24003040"/>
						<SP ID="P5_SP00052" HPOS="1650" VPOS="1292" WIDTH="39"/>
						<String ID="P5_ST00060" HPOS="1689" VPOS="1249" WIDTH="182" HEIGHT="43" CONTENT="passent" WC="1.00" CC="0000030"/>
						<SP ID="P5_SP00053" HPOS="1871" VPOS="1292" WIDTH="39"/>
						<String ID="P5_ST00061" HPOS="1910" VPOS="1254" WIDTH="77" HEIGHT="27" CONTENT="sur" WC="0.98" CC="060"/>
						<SP ID="P5_SP00054" HPOS="1987" VPOS="1292" WIDTH="36"/>
						<String ID="P5_ST00062" HPOS="2023" VPOS="1249" WIDTH="110" HEIGHT="32" CONTENT="cette" WC="1.00" CC="00000"/>
					</TextLine>
					<TextLine ID="P5_TL00008" HPOS="123" VPOS="1307" WIDTH="2010" HEIGHT="54">
						<String ID="P5_ST00063" HPOS="123" VPOS="1317" WIDTH="113" HEIGHT="31" CONTENT="terre" WC="1.00" CC="00000"/>
						<SP ID="P5_SP00055" HPOS="236" VPOS="1348" WIDTH="31"/>
						<String ID="P5_ST00064" HPOS="267" VPOS="1322" WIDTH="58" HEIGHT="26" CONTENT="un" WC="0.70" CC="05"/>
						<SP ID="P5_SP00056" HPOS="325" VPOS="1348" WIDTH="23"/>
						<String ID="P5_ST00065" HPOS="348" VPOS="1307" WIDTH="117" HEIGHT="40" CONTENT="voile" WC="0.99" CC="00250"/>
						<SP ID="P5_SP00057" HPOS="465" VPOS="1348" WIDTH="20"/>
						<String ID="P5_ST00066" HPOS="485" VPOS="1322" WIDTH="56" HEIGHT="25" CONTENT="au" WC="0.73" CC="05"/>
						<SP ID="P5_SP00058" HPOS="541" VPOS="1348" WIDTH="24"/>
						<String ID="P5_ST00067" HPOS="565" VPOS="1307" WIDTH="119" HEIGHT="40" CONTENT="front" WC="0.99" CC="00153"/>
						<SP ID="P5_SP00059" HPOS="684" VPOS="1348" WIDTH="22"/>
						<String ID="P5_ST00068" HPOS="706" VPOS="1316" WIDTH="41" HEIGHT="31" CONTENT="et" WC="0.56" CC="35"/>
						<SP ID="P5_SP00060" HPOS="747" VPOS="1348" WIDTH="17"/>
						<String ID="P5_ST00069" HPOS="764" VPOS="1307" WIDTH="63" HEIGHT="40" CONTENT="les" WC="1.00" CC="000"/>
						<SP ID="P5_SP00061" HPOS="827" VPOS="1348" WIDTH="21"/>
						<String ID="P5_ST00070" HPOS="848" VPOS="1307" WIDTH="142" HEIGHT="40" CONTENT="lèvres" WC="0.99" CC="470000"/>
						<SP ID="P5_SP00062" HPOS="990" VPOS="1348" WIDTH="22"/>
						<String ID="P5_ST00071" HPOS="1012" VPOS="1307" WIDTH="143" HEIGHT="41" CONTENT="closes" WC="1.00" CC="010000"/>
						<SP ID="P5_SP00063" HPOS="1155" VPOS="1348" WIDTH="27"/>
						<String ID="P5_ST00072" HPOS="1182" VPOS="1318" WIDTH="8" HEIGHT="38" CONTENT=";" WC="1.00" CC="0"/>
						<SP ID="P5_SP00064" HPOS="1190" VPOS="1356" WIDTH="28"/>
						<String ID="P5_ST00073" HPOS="1218" VPOS="1322" WIDTH="145" HEIGHT="27" CONTENT="aucun" WC="0.98" CC="05006"/>
						<SP ID="P5_SP00065" HPOS="1363" VPOS="1356" WIDTH="21"/>
						<String ID="P5_ST00074" HPOS="1384" VPOS="1312" WIDTH="90" HEIGHT="37" CONTENT="être" WC="0.97" CC="6600"/>
						<SP ID="P5_SP00066" HPOS="1474" VPOS="1356" WIDTH="23"/>
						<String ID="P5_ST00075" HPOS="1497" VPOS="1308" WIDTH="187" HEIGHT="41" CONTENT="humain" WC="0.98" CC="260017"/>
						<SP ID="P5_SP00067" HPOS="1684" VPOS="1356" WIDTH="23"/>
						<String ID="P5_ST00076" HPOS="1707" VPOS="1322" WIDTH="55" HEIGHT="26" CONTENT="ne" WC="1.00" CC="00"/>
						<SP ID="P5_SP00068" HPOS="1762" VPOS="1356" WIDTH="23"/>
						<String ID="P5_ST00077" HPOS="1785" VPOS="1317" WIDTH="104" HEIGHT="44" CONTENT="peut" WC="0.98" CC="0056"/>
						<SP ID="P5_SP00069" HPOS="1889" VPOS="1361" WIDTH="23"/>
						<String ID="P5_ST00078" HPOS="1912" VPOS="1309" WIDTH="95" HEIGHT="40" CONTENT="dire" WC="1.00" CC="0200"/>
						<SP ID="P5_SP00070" HPOS="2007" VPOS="1361" WIDTH="21"/>
						<String ID="P5_ST00079" HPOS="2028" VPOS="1314" WIDTH="22" HEIGHT="35" CONTENT="à" WC="0.17" CC="8"/>
						<SP ID="P5_SP00071" HPOS="2050" VPOS="1361" WIDTH="25"/>
						<String ID="P5_ST00080" HPOS="2075" VPOS="1324" WIDTH="58" HEIGHT="25" CONTENT="un" WC="0.27" CC="77"/>
					</TextLine>
					<TextLine ID="P5_TL00009" HPOS="122" VPOS="1376" WIDTH="2010" HEIGHT="53">
						<String ID="P5_ST00081" HPOS="122" VPOS="1385" WIDTH="125" HEIGHT="32" CONTENT="autre" WC="0.99" CC="05500"/>
						<SP ID="P5_SP00072" HPOS="247" VPOS="1417" WIDTH="23"/>
						<String ID="P5_ST00082" HPOS="270" VPOS="1385" WIDTH="225" HEIGHT="32" CONTENT="comment" WC="0.99" CC="0000036"/>
						<SP ID="P5_SP00073" HPOS="495" VPOS="1417" WIDTH="23"/>
						<String ID="P5_ST00083" HPOS="518" VPOS="1377" WIDTH="28" HEIGHT="39" CONTENT="il" WC="0.68" CC="23"/>
						<SP ID="P5_SP00074" HPOS="546" VPOS="1417" WIDTH="25"/>
						<String ID="P5_ST00084" HPOS="571" VPOS="1376" WIDTH="148" HEIGHT="40" CONTENT="l'aime" WC="1.00" CC="000000"/>
						<SP ID="P5_SP00075" HPOS="719" VPOS="1417" WIDTH="26"/>
						<String ID="P5_ST00085" HPOS="745" VPOS="1387" WIDTH="8" HEIGHT="38" CONTENT=";" WC="0.39" CC="6"/>
						<SP ID="P5_SP00076" HPOS="753" VPOS="1425" WIDTH="26"/>
						<String ID="P5_ST00086" HPOS="779" VPOS="1376" WIDTH="28" HEIGHT="40" CONTENT="il" WC="0.53" CC="35"/>
						<SP ID="P5_SP00077" HPOS="807" VPOS="1425" WIDTH="35"/>
						<String ID="P5_ST00087" HPOS="842" VPOS="1385" WIDTH="96" HEIGHT="31" CONTENT="sent" WC="0.98" CC="2004"/>
						<SP ID="P5_SP00078" HPOS="938" VPOS="1425" WIDTH="31"/>
						<String ID="P5_ST00088" HPOS="969" VPOS="1376" WIDTH="248" HEIGHT="40" CONTENT="seulement" WC="1.00" CC="001100006"/>
						<SP ID="P5_SP00079" HPOS="1217" VPOS="1425" WIDTH="24"/>
						<String ID="P5_ST00089" HPOS="1241" VPOS="1377" WIDTH="106" HEIGHT="52" CONTENT="qu'il" WC="1.00" CC="03000"/>
						<SP ID="P5_SP00080" HPOS="1347" VPOS="1429" WIDTH="24"/>
						<String ID="P5_ST00090" HPOS="1371" VPOS="1376" WIDTH="162" HEIGHT="42" CONTENT="l'aime." WC="0.99" CC="3402004"/>
						<SP ID="P5_SP00081" HPOS="1533" VPOS="1429" WIDTH="26"/>
						<String ID="P5_ST00091" HPOS="1559" VPOS="1376" WIDTH="236" HEIGHT="42" CONTENT="L'homme" WC="1.00" CC="1000000"/>
						<SP ID="P5_SP00082" HPOS="1795" VPOS="1429" WIDTH="32"/>
						<String ID="P5_ST00092" HPOS="1827" VPOS="1379" WIDTH="213" HEIGHT="39" CONTENT="intérieur" WC="0.99" CC="334602060"/>
						<SP ID="P5_SP00083" HPOS="2040" VPOS="1429" WIDTH="23"/>
						<String ID="P5_ST00093" HPOS="2063" VPOS="1377" WIDTH="69" HEIGHT="41" CONTENT="n'a" WC="0.98" CC="500"/>
					</TextLine>
					<TextLine ID="P5_TL00010" HPOS="121" VPOS="1444" WIDTH="2010" HEIGHT="56">
						<String ID="P5_ST00094" HPOS="121" VPOS="1460" WIDTH="80" HEIGHT="38" CONTENT="pas" WC="1.00" CC="000"/>
						<SP ID="P5_SP00084" HPOS="201" VPOS="1498" WIDTH="40"/>
						<String ID="P5_ST00095" HPOS="241" VPOS="1446" WIDTH="54" HEIGHT="40" CONTENT="de" WC="1.00" CC="00"/>
						<SP ID="P5_SP00085" HPOS="295" VPOS="1498" WIDTH="21"/>
						<String ID="P5_ST00096" HPOS="316" VPOS="1446" WIDTH="209" HEIGHT="50" CONTENT="langage," WC="0.99" CC="40090704"/>
						<SP ID="P5_SP00086" HPOS="525" VPOS="1498" WIDTH="36"/>
						<String ID="P5_ST00097" HPOS="561" VPOS="1445" WIDTH="29" HEIGHT="39" CONTENT="il" WC="0.78" CC="30"/>
						<SP ID="P5_SP00087" HPOS="590" VPOS="1498" WIDTH="42"/>
						<String ID="P5_ST00098" HPOS="632" VPOS="1454" WIDTH="66" HEIGHT="31" CONTENT="est" WC="0.98" CC="021"/>
						<SP ID="P5_SP00088" HPOS="698" VPOS="1498" WIDTH="23"/>
						<String ID="P5_ST00099" HPOS="721" VPOS="1454" WIDTH="135" HEIGHT="31" CONTENT="muet." WC="0.98" CC="06033"/>
						<SP ID="P5_SP00089" HPOS="856" VPOS="1498" WIDTH="39"/>
						<String ID="P5_ST00100" HPOS="895" VPOS="1458" WIDTH="18" HEIGHT="24" CONTENT="»" WC="0.46" CC="5"/>
						<SP ID="P5_SP00090" HPOS="913" VPOS="1498" WIDTH="33"/>
						<String ID="P5_ST00101" HPOS="946" VPOS="1444" WIDTH="127" HEIGHT="42" CONTENT="Cette" WC="0.99" CC="00500"/>
						<SP ID="P5_SP00091" HPOS="1073" VPOS="1498" WIDTH="30"/>
						<String ID="P5_ST00102" HPOS="1103" VPOS="1446" WIDTH="276" HEIGHT="41" CONTENT="déclaration" WC="1.00" CC="00030005205"/>
						<SP ID="P5_SP00092" HPOS="1379" VPOS="1498" WIDTH="35"/>
						<String ID="P5_ST00103" HPOS="1414" VPOS="1445" WIDTH="103" HEIGHT="55" CONTENT="(que" WC="0.98" CC="3050"/>
						<SP ID="P5_SP00093" HPOS="1517" VPOS="1500" WIDTH="24"/>
						<String ID="P5_ST00104" HPOS="1541" VPOS="1445" WIDTH="261" HEIGHT="42" CONTENT="Schumann" WC="0.79" CC="02000067"/>
						<SP ID="P5_SP00094" HPOS="1802" VPOS="1500" WIDTH="36"/>
						<String ID="P5_ST00105" HPOS="1838" VPOS="1455" WIDTH="235" HEIGHT="45" CONTENT="emprunte" WC="1.00" CC="00006040"/>
						<SP ID="P5_SP00095" HPOS="2073" VPOS="1500" WIDTH="36"/>
						<String ID="P5_ST00106" HPOS="2109" VPOS="1451" WIDTH="22" HEIGHT="36" CONTENT="à" WC="0.54" CC="4"/>
					</TextLine>
					<TextLine ID="P5_TL00011" HPOS="120" VPOS="1514" WIDTH="2011" HEIGHT="54">
						<String ID="P5_ST00107" HPOS="120" VPOS="1514" WIDTH="273" HEIGHT="54" CONTENT="Jean-Paul)" WC="1.00" CC="1000000403"/>
						<SP ID="P5_SP00096" HPOS="393" VPOS="1568" WIDTH="40"/>
						<String ID="P5_ST00108" HPOS="433" VPOS="1523" WIDTH="66" HEIGHT="31" CONTENT="est" WC="0.97" CC="205"/>
						<SP ID="P5_SP00097" HPOS="499" VPOS="1568" WIDTH="25"/>
						<String ID="P5_ST00109" HPOS="524" VPOS="1518" WIDTH="172" HEIGHT="48" CONTENT="répétée" WC="1.00" CC="0000300"/>
						<SP ID="P5_SP00098" HPOS="696" VPOS="1568" WIDTH="33"/>
						<String ID="P5_ST00110" HPOS="729" VPOS="1514" WIDTH="112" HEIGHT="40" CONTENT="dans" WC="0.98" CC="0061"/>
						<SP ID="P5_SP00099" HPOS="841" VPOS="1568" WIDTH="34"/>
						<String ID="P5_ST00111" HPOS="875" VPOS="1528" WIDTH="87" HEIGHT="26" CONTENT="une" WC="0.96" CC="603"/>
						<SP ID="P5_SP00100" HPOS="962" VPOS="1568" WIDTH="37"/>
						<String ID="P5_ST00112" HPOS="999" VPOS="1522" WIDTH="123" HEIGHT="32" CONTENT="autre" WC="0.99" CC="05000"/>
						<SP ID="P5_SP00101" HPOS="1122" VPOS="1568" WIDTH="43"/>
						<String ID="P5_ST00113" HPOS="1165" VPOS="1515" WIDTH="126" HEIGHT="40" CONTENT="lettre" WC="0.99" CC="300400"/>
						<SP ID="P5_SP00102" HPOS="1291" VPOS="1568" WIDTH="29"/>
						<String ID="P5_ST00114" HPOS="1320" VPOS="1516" WIDTH="58" HEIGHT="40" CONTENT="du" WC="1.00" CC="00"/>
						<SP ID="P5_SP00103" HPOS="1378" VPOS="1568" WIDTH="22"/>
						<String ID="P5_ST00115" HPOS="1400" VPOS="1519" WIDTH="145" HEIGHT="37" CONTENT="même" WC="0.99" CC="0510"/>
						<SP ID="P5_SP00104" HPOS="1545" VPOS="1568" WIDTH="23"/>
						<String ID="P5_ST00116" HPOS="1568" VPOS="1514" WIDTH="69" HEIGHT="53" CONTENT="(28" WC="0.91" CC="020"/>
						<SP ID="P5_SP00105" HPOS="1637" VPOS="1568" WIDTH="40"/>
						<String ID="P5_ST00117" HPOS="1677" VPOS="1516" WIDTH="109" HEIGHT="39" CONTENT="avril" WC="0.99" CC="00045"/>
						<SP ID="P5_SP00106" HPOS="1786" VPOS="1568" WIDTH="30"/>
						<String ID="P5_ST00118" HPOS="1816" VPOS="1519" WIDTH="117" HEIGHT="46" CONTENT="1828," WC="0.86" CC="02004"/>
						<SP ID="P5_SP00107" HPOS="1933" VPOS="1568" WIDTH="35"/>
						<String ID="P5_ST00119" HPOS="1968" VPOS="1516" WIDTH="163" HEIGHT="40" CONTENT="recueil" WC="0.99" CC="0060326"/>
					</TextLine>
					<TextLine ID="P5_TL00012" HPOS="121" VPOS="1582" WIDTH="2010" HEIGHT="55">
						<String ID="P5_ST00120" HPOS="121" VPOS="1584" WIDTH="77" HEIGHT="39" CONTENT="des" WC="1.00" CC="000"/>
						<SP ID="P5_SP00108" HPOS="198" VPOS="1623" WIDTH="22"/>
						<String ID="P5_ST00121" HPOS="220" VPOS="1582" WIDTH="320" HEIGHT="55" CONTENT="Jugendbriefe" WC="0.94" CC="400000000200" STYLEREFS="TXT_5"/>
						<String ID="P5_ST00122" HPOS="546" VPOS="1614" WIDTH="9" HEIGHT="16" CONTENT="," WC="0.55" CC="4"/>
						<SP ID="P5_SP00109" HPOS="555" VPOS="1637" WIDTH="26"/>
						<String ID="P5_ST00123" HPOS="581" VPOS="1582" WIDTH="155" HEIGHT="53" CONTENT="publié" WC="0.99" CC="000306"/>
						<SP ID="P5_SP00110" HPOS="736" VPOS="1637" WIDTH="21"/>
						<String ID="P5_ST00124" HPOS="757" VPOS="1597" WIDTH="80" HEIGHT="38" CONTENT="par" WC="1.00" CC="000"/>
						<SP ID="P5_SP00111" HPOS="837" VPOS="1637" WIDTH="21"/>
						<String ID="P5_ST00125" HPOS="858" VPOS="1582" WIDTH="132" HEIGHT="41" CONTENT="Clara" WC="1.00" CC="00000"/>
						<SP ID="P5_SP00112" HPOS="990" VPOS="1637" WIDTH="28"/>
						<String ID="P5_ST00126" HPOS="1018" VPOS="1582" WIDTH="281" HEIGHT="49" CONTENT="Schumann," WC="0.89" CC="001000034"/>
						<SP ID="P5_SP00113" HPOS="1299" VPOS="1637" WIDTH="29"/>
						<String ID="P5_ST00127" HPOS="1328" VPOS="1598" WIDTH="17" HEIGHT="36" CONTENT="3" WC="0.19" CC="8"/>
						<String ID="P5_ST00128" HPOS="1352" VPOS="1589" WIDTH="15" HEIGHT="17" CONTENT="e" STYLE="superscript" WC="0.63" CC="3"/>
						<SP ID="P5_SP00114" HPOS="1367" VPOS="1637" WIDTH="19"/>
						<String ID="P5_ST00129" HPOS="1386" VPOS="1582" WIDTH="101" HEIGHT="55" CONTENT="édit." WC="0.84" CC="00304"/>
						<String ID="P5_ST00130" HPOS="1500" VPOS="1616" WIDTH="8" HEIGHT="16" CONTENT="5" STYLE="subscript" WC="0.24" CC="7"/>
						<SP ID="P5_SP00115" HPOS="1508" VPOS="1637" WIDTH="24"/>
						<String ID="P5_ST00131" HPOS="1532" VPOS="1582" WIDTH="202" HEIGHT="54" CONTENT="Leipzig," WC="0.99" CC="00500504"/>
						<SP ID="P5_SP00116" HPOS="1734" VPOS="1637" WIDTH="32"/>
						<String ID="P5_ST00132" HPOS="1766" VPOS="1585" WIDTH="137" HEIGHT="50" CONTENT="1900)." WC="0.68" CC="070074"/>
						<SP ID="P5_SP00117" HPOS="1903" VPOS="1637" WIDTH="28"/>
						<String ID="P5_ST00133" HPOS="1931" VPOS="1583" WIDTH="74" HEIGHT="42" CONTENT="Ma" WC="1.00" CC="00"/>
						<SP ID="P5_SP00118" HPOS="2005" VPOS="1637" WIDTH="25"/>
						<String ID="P5_ST00134" HPOS="2030" VPOS="1585" WIDTH="76" HEIGHT="40" CONTENT="der" SUBS_TYPE="HypPart1" SUBS_CONTENT="dernière" WC="0.99" CC="000"/>
						<HYP HPOS="2106" VPOS="1585" WIDTH="25" CONTENT="-"/>
					</TextLine>
					<TextLine ID="P5_TL00013" HPOS="120" VPOS="1650" WIDTH="2011" HEIGHT="56">
						<String ID="P5_ST00135" HPOS="120" VPOS="1653" WIDTH="122" HEIGHT="40" CONTENT="nière" SUBS_TYPE="HypPart2" SUBS_CONTENT="dernière" WC="0.98" CC="03800"/>
						<SP ID="P5_SP00119" HPOS="242" VPOS="1693" WIDTH="21"/>
						<String ID="P5_ST00136" HPOS="263" VPOS="1652" WIDTH="125" HEIGHT="50" CONTENT="leçon" WC="1.00" CC="00100"/>
						<SP ID="P5_SP00120" HPOS="388" VPOS="1702" WIDTH="27"/>
						<String ID="P5_ST00137" HPOS="415" VPOS="1650" WIDTH="70" HEIGHT="42" CONTENT="n'a" WC="0.98" CC="040"/>
						<SP ID="P5_SP00121" HPOS="485" VPOS="1702" WIDTH="33"/>
						<String ID="P5_ST00138" HPOS="518" VPOS="1665" WIDTH="81" HEIGHT="39" CONTENT="pas" WC="1.00" CC="000"/>
						<SP ID="P5_SP00122" HPOS="599" VPOS="1704" WIDTH="35"/>
						<String ID="P5_ST00139" HPOS="634" VPOS="1657" WIDTH="66" HEIGHT="35" CONTENT="été" WC="0.93" CC="656"/>
						<SP ID="P5_SP00123" HPOS="700" VPOS="1704" WIDTH="36"/>
						<String ID="P5_ST00140" HPOS="736" VPOS="1660" WIDTH="124" HEIGHT="33" CONTENT="autre" WC="0.99" CC="05500"/>
						<SP ID="P5_SP00124" HPOS="860" VPOS="1704" WIDTH="24"/>
						<String ID="P5_ST00141" HPOS="884" VPOS="1652" WIDTH="134" HEIGHT="40" CONTENT="chose" WC="1.00" CC="00000"/>
						<SP ID="P5_SP00125" HPOS="1018" VPOS="1704" WIDTH="22"/>
						<String ID="P5_ST00142" HPOS="1040" VPOS="1666" WIDTH="86" HEIGHT="38" CONTENT="que" WC="1.00" CC="000"/>
						<SP ID="P5_SP00126" HPOS="1126" VPOS="1704" WIDTH="24"/>
						<String ID="P5_ST00143" HPOS="1150" VPOS="1653" WIDTH="38" HEIGHT="40" CONTENT="le" WC="1.00" CC="00"/>
						<SP ID="P5_SP00127" HPOS="1188" VPOS="1704" WIDTH="23"/>
						<String ID="P5_ST00144" HPOS="1211" VPOS="1655" WIDTH="320" HEIGHT="38" CONTENT="commentaire" WC="1.00" CC="00000500100"/>
						<SP ID="P5_SP00128" HPOS="1531" VPOS="1704" WIDTH="23"/>
						<String ID="P5_ST00145" HPOS="1554" VPOS="1653" WIDTH="53" HEIGHT="40" CONTENT="de" WC="1.00" CC="00"/>
						<SP ID="P5_SP00129" HPOS="1607" VPOS="1704" WIDTH="25"/>
						<String ID="P5_ST00146" HPOS="1632" VPOS="1667" WIDTH="47" HEIGHT="26" CONTENT="ce" WC="1.00" CC="00"/>
						<SP ID="P5_SP00130" HPOS="1679" VPOS="1704" WIDTH="24"/>
						<String ID="P5_ST00147" HPOS="1703" VPOS="1662" WIDTH="129" HEIGHT="39" CONTENT="texte," WC="0.98" CC="405606"/>
						<SP ID="P5_SP00131" HPOS="1832" VPOS="1704" WIDTH="29"/>
						<String ID="P5_ST00148" HPOS="1861" VPOS="1668" WIDTH="86" HEIGHT="37" CONTENT="que" WC="0.96" CC="063"/>
						<SP ID="P5_SP00132" HPOS="1947" VPOS="1705" WIDTH="29"/>
						<String ID="P5_ST00149" HPOS="1976" VPOS="1655" WIDTH="38" HEIGHT="51" CONTENT="je" WC="1.00" CC="00"/>
						<SP ID="P5_SP00133" HPOS="2014" VPOS="1706" WIDTH="35"/>
						<String ID="P5_ST00150" HPOS="2049" VPOS="1655" WIDTH="82" HEIGHT="39" CONTENT="cite" WC="0.98" CC="0330"/>
					</TextLine>
					<TextLine ID="P5_TL00014" HPOS="120" VPOS="1721" WIDTH="2010" HEIGHT="54">
						<String ID="P5_ST00151" HPOS="120" VPOS="1735" WIDTH="113" HEIGHT="38" CONTENT="pour" WC="1.00" CC="0000"/>
						<SP ID="P5_SP00134" HPOS="233" VPOS="1773" WIDTH="31"/>
						<String ID="P5_ST00152" HPOS="264" VPOS="1726" WIDTH="202" HEIGHT="36" CONTENT="résumer" WC="1.00" CC="2000000"/>
						<SP ID="P5_SP00135" HPOS="466" VPOS="1773" WIDTH="35"/>
						<String ID="P5_ST00153" HPOS="501" VPOS="1735" WIDTH="46" HEIGHT="26" CONTENT="ce" WC="1.00" CC="00"/>
						<SP ID="P5_SP00136" HPOS="547" VPOS="1773" WIDTH="24"/>
						<String ID="P5_ST00154" HPOS="571" VPOS="1722" WIDTH="75" HEIGHT="51" CONTENT="qui" WC="1.00" CC="000"/>
						<SP ID="P5_SP00137" HPOS="646" VPOS="1773" WIDTH="26"/>
						<String ID="P5_ST00155" HPOS="672" VPOS="1736" WIDTH="21" HEIGHT="25" CONTENT="a" WC="1.00" CC="0"/>
						<SP ID="P5_SP00138" HPOS="693" VPOS="1773" WIDTH="25"/>
						<String ID="P5_ST00156" HPOS="718" VPOS="1725" WIDTH="68" HEIGHT="36" CONTENT="été" WC="0.98" CC="040"/>
						<SP ID="P5_SP00139" HPOS="786" VPOS="1773" WIDTH="22"/>
						<String ID="P5_ST00157" HPOS="808" VPOS="1721" WIDTH="78" HEIGHT="40" CONTENT="dit." WC="0.98" CC="0250"/>
						<SP ID="P5_SP00140" HPOS="886" VPOS="1773" WIDTH="31"/>
						<String ID="P5_ST00158" HPOS="917" VPOS="1721" WIDTH="81" HEIGHT="54" CONTENT="J'ai" WC="0.99" CC="0004"/>
						<SP ID="P5_SP00141" HPOS="998" VPOS="1775" WIDTH="20"/>
						<String ID="P5_ST00159" HPOS="1018" VPOS="1726" WIDTH="157" HEIGHT="48" CONTENT="essayé" WC="1.00" CC="000050"/>
						<SP ID="P5_SP00142" HPOS="1175" VPOS="1775" WIDTH="22"/>
						<String ID="P5_ST00160" HPOS="1197" VPOS="1722" WIDTH="54" HEIGHT="40" CONTENT="de" WC="0.69" CC="06"/>
						<SP ID="P5_SP00143" HPOS="1251" VPOS="1775" WIDTH="22"/>
						<String ID="P5_ST00161" HPOS="1273" VPOS="1735" WIDTH="194" HEIGHT="40" CONTENT="prouver" WC="1.00" CC="0000000"/>
						<SP ID="P5_SP00144" HPOS="1467" VPOS="1775" WIDTH="21"/>
						<String ID="P5_ST00162" HPOS="1488" VPOS="1737" WIDTH="81" HEIGHT="38" CONTENT="par" WC="1.00" CC="000"/>
						<SP ID="P5_SP00145" HPOS="1569" VPOS="1775" WIDTH="21"/>
						<String ID="P5_ST00163" HPOS="1590" VPOS="1722" WIDTH="78" HEIGHT="41" CONTENT="des" WC="0.99" CC="001"/>
						<SP ID="P5_SP00146" HPOS="1668" VPOS="1775" WIDTH="40"/>
						<String ID="P5_ST00164" HPOS="1708" VPOS="1722" WIDTH="207" HEIGHT="53" CONTENT="analyses" WC="0.99" CC="05555000"/>
						<SP ID="P5_SP00147" HPOS="1915" VPOS="1775" WIDTH="21"/>
						<String ID="P5_ST00165" HPOS="1936" VPOS="1724" WIDTH="194" HEIGHT="51" CONTENT="précises" WC="1.00" CC="00004000"/>
					</TextLine>
					<TextLine ID="P5_TL00015" HPOS="119" VPOS="1789" WIDTH="2011" HEIGHT="58">
						<String ID="P5_ST00166" HPOS="119" VPOS="1804" WIDTH="86" HEIGHT="37" CONTENT="que" WC="0.98" CC="050"/>
						<SP ID="P5_SP00148" HPOS="205" VPOS="1841" WIDTH="23"/>
						<String ID="P5_ST00167" HPOS="228" VPOS="1804" WIDTH="115" HEIGHT="28" CONTENT="nous" WC="0.99" CC="3003"/>
						<SP ID="P5_SP00149" HPOS="343" VPOS="1841" WIDTH="22"/>
						<String ID="P5_ST00168" HPOS="365" VPOS="1792" WIDTH="301" HEIGHT="39" CONTENT="connaissons" WC="1.00" CC="00540300070"/>
						<SP ID="P5_SP00150" HPOS="666" VPOS="1841" WIDTH="25"/>
						<String ID="P5_ST00169" HPOS="691" VPOS="1789" WIDTH="103" HEIGHT="40" CONTENT="bien" WC="0.99" CC="2400"/>
						<SP ID="P5_SP00151" HPOS="794" VPOS="1841" WIDTH="24"/>
						<String ID="P5_ST00170" HPOS="818" VPOS="1798" WIDTH="40" HEIGHT="32" CONTENT="et" WC="0.68" CC="06"/>
						<SP ID="P5_SP00152" HPOS="858" VPOS="1841" WIDTH="24"/>
						<String ID="P5_ST00171" HPOS="882" VPOS="1804" WIDTH="204" HEIGHT="38" CONTENT="pouvons" WC="1.00" CC="0040000"/>
						<SP ID="P5_SP00153" HPOS="1086" VPOS="1842" WIDTH="33"/>
						<String ID="P5_ST00172" HPOS="1119" VPOS="1796" WIDTH="278" HEIGHT="47" CONTENT="représenter" WC="1.00" CC="00006000000"/>
						<SP ID="P5_SP00154" HPOS="1397" VPOS="1843" WIDTH="19"/>
						<String ID="P5_ST00173" HPOS="1416" VPOS="1792" WIDTH="63" HEIGHT="40" CONTENT="les" WC="0.98" CC="230"/>
						<SP ID="P5_SP00155" HPOS="1479" VPOS="1843" WIDTH="21"/>
						<String ID="P5_ST00174" HPOS="1500" VPOS="1792" WIDTH="118" HEIGHT="55" CONTENT="effets" WC="0.99" CC="000445" STYLEREFS="TXT_5"/>
						<SP ID="P5_SP00156" HPOS="1618" VPOS="1847" WIDTH="21"/>
						<String ID="P5_ST00175" HPOS="1639" VPOS="1791" WIDTH="59" HEIGHT="40" CONTENT="du" WC="0.70" CC="05"/>
						<SP ID="P5_SP00157" HPOS="1698" VPOS="1847" WIDTH="35"/>
						<String ID="P5_ST00176" HPOS="1733" VPOS="1794" WIDTH="257" HEIGHT="48" CONTENT="sentiment," WC="0.99" CC="0061000654"/>
						<SP ID="P5_SP00158" HPOS="1990" VPOS="1847" WIDTH="26"/>
						<String ID="P5_ST00177" HPOS="2016" VPOS="1794" WIDTH="114" HEIGHT="38" CONTENT="mais" WC="0.99" CC="0030"/>
					</TextLine>
					<TextLine ID="P5_TL00016" HPOS="120" VPOS="1858" WIDTH="2006" HEIGHT="54">
						<String ID="P5_ST00178" HPOS="120" VPOS="1874" WIDTH="86" HEIGHT="38" CONTENT="que" WC="0.98" CC="060"/>
						<SP ID="P5_SP00159" HPOS="206" VPOS="1912" WIDTH="20"/>
						<String ID="P5_ST00179" HPOS="226" VPOS="1873" WIDTH="114" HEIGHT="27" CONTENT="nous" WC="1.00" CC="0000"/>
						<SP ID="P5_SP00160" HPOS="340" VPOS="1912" WIDTH="17"/>
						<String ID="P5_ST00180" HPOS="357" VPOS="1873" WIDTH="53" HEIGHT="26" CONTENT="ne" WC="0.77" CC="40"/>
						<SP ID="P5_SP00161" HPOS="410" VPOS="1912" WIDTH="20"/>
						<String ID="P5_ST00181" HPOS="430" VPOS="1873" WIDTH="206" HEIGHT="39" CONTENT="pouvons" WC="1.00" CC="0050000"/>
						<SP ID="P5_SP00162" HPOS="636" VPOS="1912" WIDTH="24"/>
						<String ID="P5_ST00182" HPOS="660" VPOS="1858" WIDTH="251" HEIGHT="42" CONTENT="l'atteindre" WC="1.00" CC="43051020000"/>
						<SP ID="P5_SP00163" HPOS="911" VPOS="1912" WIDTH="22"/>
						<String ID="P5_ST00183" HPOS="933" VPOS="1859" WIDTH="274" HEIGHT="41" CONTENT="directement" WC="0.99" CC="00606100042" STYLEREFS="TXT_5"/>
						<SP ID="P5_SP00164" HPOS="1207" VPOS="1912" WIDTH="23"/>
						<String ID="P5_ST00184" HPOS="1230" VPOS="1874" WIDTH="54" HEIGHT="26" CONTENT="en" WC="1.00" CC="00"/>
						<SP ID="P5_SP00165" HPOS="1284" VPOS="1912" WIDTH="24"/>
						<String ID="P5_ST00185" HPOS="1308" VPOS="1861" WIDTH="239" HEIGHT="40" CONTENT="lui-même" WC="0.99" CC="07440503"/>
						<SP ID="P5_SP00166" HPOS="1547" VPOS="1912" WIDTH="26"/>
						<String ID="P5_ST00186" HPOS="1573" VPOS="1875" WIDTH="86" HEIGHT="37" CONTENT="que" WC="0.98" CC="004"/>
						<SP ID="P5_SP00167" HPOS="1659" VPOS="1912" WIDTH="24"/>
						<String ID="P5_ST00187" HPOS="1683" VPOS="1875" WIDTH="79" HEIGHT="37" CONTENT="par" WC="1.00" CC="000"/>
						<SP ID="P5_SP00168" HPOS="1762" VPOS="1912" WIDTH="23"/>
						<String ID="P5_ST00188" HPOS="1785" VPOS="1861" WIDTH="39" HEIGHT="39" CONTENT="la" WC="0.80" CC="40"/>
						<SP ID="P5_SP00169" HPOS="1824" VPOS="1912" WIDTH="25"/>
						<String ID="P5_ST00189" HPOS="1849" VPOS="1863" WIDTH="277" HEIGHT="38" CONTENT="conscience." WC="1.00" CC="12500006004"/>
					</TextLine>
					<TextLine ID="P5_TL00017" HPOS="117" VPOS="1927" WIDTH="2011" HEIGHT="54">
						<String ID="P5_ST00190" HPOS="117" VPOS="1927" WIDTH="63" HEIGHT="41" CONTENT="La" WC="1.00" CC="00"/>
						<SP ID="P5_SP00170" HPOS="180" VPOS="1968" WIDTH="25"/>
						<String ID="P5_ST00191" HPOS="205" VPOS="1930" WIDTH="209" HEIGHT="51" CONTENT="musique" WC="0.98" CC="0520067"/>
						<SP ID="P5_SP00171" HPOS="414" VPOS="1981" WIDTH="23"/>
						<String ID="P5_ST00192" HPOS="437" VPOS="1937" WIDTH="65" HEIGHT="32" CONTENT="est" WC="0.97" CC="006"/>
						<SP ID="P5_SP00172" HPOS="502" VPOS="1981" WIDTH="23"/>
						<String ID="P5_ST00193" HPOS="525" VPOS="1928" WIDTH="40" HEIGHT="40" CONTENT="le" WC="0.81" CC="03"/>
						<SP ID="P5_SP00173" HPOS="565" VPOS="1981" WIDTH="22"/>
						<String ID="P5_ST00194" HPOS="587" VPOS="1928" WIDTH="342" HEIGHT="53" CONTENT="dynamomètre" WC="1.00" CC="00600007500"/>
						<SP ID="P5_SP00174" HPOS="929" VPOS="1981" WIDTH="23"/>
						<String ID="P5_ST00195" HPOS="952" VPOS="1929" WIDTH="78" HEIGHT="40" CONTENT="des" WC="1.00" CC="000"/>
						<SP ID="P5_SP00175" HPOS="1030" VPOS="1981" WIDTH="23"/>
						<String ID="P5_ST00196" HPOS="1053" VPOS="1933" WIDTH="112" HEIGHT="37" CONTENT="états" WC="0.97" CC="75005"/>
						<SP ID="P5_SP00176" HPOS="1165" VPOS="1981" WIDTH="27"/>
						<String ID="P5_ST00197" HPOS="1192" VPOS="1928" WIDTH="203" HEIGHT="42" CONTENT="affectifs." WC="1.00" CC="0000201044"/>
						<SP ID="P5_SP00177" HPOS="1395" VPOS="1981" WIDTH="26"/>
						<String ID="P5_ST00198" HPOS="1421" VPOS="1928" WIDTH="143" HEIGHT="42" CONTENT="Parle" WC="0.98" CC="31036"/>
						<SP ID="P5_SP00178" HPOS="1564" VPOS="1981" WIDTH="33"/>
						<String ID="P5_ST00199" HPOS="1597" VPOS="1930" WIDTH="127" HEIGHT="40" CONTENT="choix" WC="0.99" CC="04000"/>
						<SP ID="P5_SP00179" HPOS="1724" VPOS="1981" WIDTH="24"/>
						<String ID="P5_ST00200" HPOS="1748" VPOS="1930" WIDTH="59" HEIGHT="40" CONTENT="du" WC="0.76" CC="04"/>
						<SP ID="P5_SP00180" HPOS="1807" VPOS="1981" WIDTH="34"/>
						<String ID="P5_ST00201" HPOS="1841" VPOS="1940" WIDTH="287" HEIGHT="31" CONTENT="mouvement" WC="1.00" CC="000000055"/>
					</TextLine>
					<TextLine ID="P5_TL00018" HPOS="118" VPOS="1995" WIDTH="2010" HEIGHT="56">
						<String ID="P5_ST00202" HPOS="118" VPOS="1995" WIDTH="175" HEIGHT="55" CONTENT="(depuis" WC="1.00" CC="2000400"/>
						<SP ID="P5_SP00181" HPOS="293" VPOS="2050" WIDTH="34"/>
						<String ID="P5_ST00203" HPOS="327" VPOS="1998" WIDTH="39" HEIGHT="39" CONTENT="le" WC="0.94" CC="10"/>
						<SP ID="P5_SP00182" HPOS="366" VPOS="2050" WIDTH="29"/>
						<String ID="P5_ST00204" HPOS="395" VPOS="1996" WIDTH="265" HEIGHT="55" CONTENT="prestissimo" WC="0.99" CC="40064044056" STYLEREFS="TXT_5"/>
						<SP ID="P5_SP00183" HPOS="660" VPOS="2051" WIDTH="38"/>
						<String ID="P5_ST00205" HPOS="698" VPOS="1995" WIDTH="174" HEIGHT="55" CONTENT="jusqu'à" WC="1.00" CC="0000002"/>
						<SP ID="P5_SP00184" HPOS="872" VPOS="2051" WIDTH="41"/>
						<String ID="P5_ST00206" HPOS="913" VPOS="1996" WIDTH="178" HEIGHT="54" CONTENT="Vadaio)" WC="0.64" CC="7206007" STYLEREFS="TXT_5"/>
						<SP ID="P5_SP00185" HPOS="1091" VPOS="2051" WIDTH="43"/>
						<String ID="P5_ST00207" HPOS="1134" VPOS="2006" WIDTH="42" HEIGHT="32" CONTENT="et" WC="0.85" CC="02"/>
						<SP ID="P5_SP00186" HPOS="1176" VPOS="2051" WIDTH="50"/>
						<String ID="P5_ST00208" HPOS="1226" VPOS="2013" WIDTH="80" HEIGHT="37" CONTENT="par" WC="1.00" CC="000"/>
						<SP ID="P5_SP00187" HPOS="1306" VPOS="2051" WIDTH="41"/>
						<String ID="P5_ST00209" HPOS="1347" VPOS="1998" WIDTH="240" HEIGHT="40" CONTENT="l'intensité" WC="0.99" CC="30036041300"/>
						<SP ID="P5_SP00188" HPOS="1587" VPOS="2051" WIDTH="33"/>
						<String ID="P5_ST00210" HPOS="1620" VPOS="1999" WIDTH="76" HEIGHT="39" CONTENT="des" WC="1.00" CC="000"/>
						<SP ID="P5_SP00189" HPOS="1696" VPOS="2051" WIDTH="38"/>
						<String ID="P5_ST00211" HPOS="1734" VPOS="2012" WIDTH="106" HEIGHT="27" CONTENT="sons" WC="1.00" CC="0000"/>
						<SP ID="P5_SP00190" HPOS="1840" VPOS="2051" WIDTH="32"/>
						<String ID="P5_ST00212" HPOS="1872" VPOS="1999" WIDTH="177" HEIGHT="52" CONTENT="(depuis" WC="0.99" CC="9000420"/>
						<SP ID="P5_SP00191" HPOS="2049" VPOS="2051" WIDTH="40"/>
						<String ID="P5_ST00213" HPOS="2089" VPOS="1999" WIDTH="39" HEIGHT="40" CONTENT="le" WC="1.00" CC="00"/>
					</TextLine>
					<TextLine ID="P5_TL00019" HPOS="111" VPOS="2064" WIDTH="2013" HEIGHT="55">
						<String ID="P5_ST00214" HPOS="111" VPOS="2067" WIDTH="68" HEIGHT="51" CONTENT="fff" WC="0.53" CC="661" STYLEREFS="TXT_5"/>
						<SP ID="P5_SP00192" HPOS="179" VPOS="2118" WIDTH="30"/>
						<String ID="P5_ST00215" HPOS="209" VPOS="2064" WIDTH="236" HEIGHT="55" CONTENT="jusqu'aux" WC="1.00" CC="000001009"/>
						<SP ID="P5_SP00193" HPOS="445" VPOS="2119" WIDTH="40"/>
						<String ID="P5_ST00216" HPOS="485" VPOS="2065" WIDTH="273" HEIGHT="47" CONTENT="smorzcindo," WC="0.84" CC="00000204054" STYLEREFS="TXT_5"/>
						<SP ID="P5_SP00194" HPOS="758" VPOS="2119" WIDTH="38"/>
						<String ID="P5_ST00217" HPOS="796" VPOS="2065" WIDTH="261" HEIGHT="54" CONTENT="perdendosi" WC="0.99" CC="0000000000" STYLEREFS="TXT_5"/>
						<String ID="P5_ST00218" HPOS="1063" VPOS="2098" WIDTH="8" HEIGHT="17" CONTENT="," WC="0.57" CC="4"/>
						<SP ID="P5_SP00195" HPOS="1071" VPOS="2119" WIDTH="42"/>
						<String ID="P5_ST00219" HPOS="1113" VPOS="2067" WIDTH="157" HEIGHT="52" CONTENT="etc...)," WC="0.99" CC="00023204"/>
						<SP ID="P5_SP00196" HPOS="1270" VPOS="2119" WIDTH="46"/>
						<String ID="P5_ST00220" HPOS="1316" VPOS="2067" WIDTH="83" HEIGHT="40" CONTENT="elle" WC="0.99" CC="0400"/>
						<SP ID="P5_SP00197" HPOS="1399" VPOS="2119" WIDTH="36"/>
						<String ID="P5_ST00221" HPOS="1435" VPOS="2071" WIDTH="255" HEIGHT="48" CONTENT="représente" WC="1.00" CC="0000004400"/>
						<SP ID="P5_SP00198" HPOS="1690" VPOS="2119" WIDTH="31"/>
						<String ID="P5_ST00222" HPOS="1721" VPOS="2067" WIDTH="62" HEIGHT="40" CONTENT="les" WC="0.99" CC="300"/>
						<SP ID="P5_SP00199" HPOS="1783" VPOS="2119" WIDTH="24"/>
						<String ID="P5_ST00223" HPOS="1807" VPOS="2067" WIDTH="317" HEIGHT="40" CONTENT="accélérations" WC="1.00" CC="0020300005060"/>
					</TextLine>
					<TextLine ID="P5_TL00020" HPOS="117" VPOS="2134" WIDTH="2008" HEIGHT="53">
						<String ID="P5_ST00224" HPOS="117" VPOS="2149" WIDTH="56" HEIGHT="26" CONTENT="ou" WC="0.71" CC="05"/>
						<SP ID="P5_SP00200" HPOS="173" VPOS="2175" WIDTH="31"/>
						<String ID="P5_ST00225" HPOS="204" VPOS="2135" WIDTH="64" HEIGHT="40" CONTENT="les" WC="0.99" CC="200"/>
						<SP ID="P5_SP00201" HPOS="268" VPOS="2175" WIDTH="24"/>
						<String ID="P5_ST00226" HPOS="292" VPOS="2134" WIDTH="401" HEIGHT="51" CONTENT="ralentissements," WC="1.00" CC="0300000003005003"/>
						<SP ID="P5_SP00202" HPOS="693" VPOS="2185" WIDTH="27"/>
						<String ID="P5_ST00227" HPOS="720" VPOS="2134" WIDTH="64" HEIGHT="40" CONTENT="les" WC="1.00" CC="000"/>
						<SP ID="P5_SP00203" HPOS="784" VPOS="2185" WIDTH="23"/>
						<String ID="P5_ST00228" HPOS="807" VPOS="2137" WIDTH="131" HEIGHT="48" CONTENT="gains" WC="0.99" CC="00400"/>
						<SP ID="P5_SP00204" HPOS="938" VPOS="2185" WIDTH="24"/>
						<String ID="P5_ST00229" HPOS="962" VPOS="2148" WIDTH="57" HEIGHT="27" CONTENT="ou" WC="0.73" CC="05"/>
						<SP ID="P5_SP00205" HPOS="1019" VPOS="2185" WIDTH="24"/>
						<String ID="P5_ST00230" HPOS="1043" VPOS="2135" WIDTH="63" HEIGHT="40" CONTENT="les" WC="1.00" CC="010"/>
						<SP ID="P5_SP00206" HPOS="1106" VPOS="2185" WIDTH="23"/>
						<String ID="P5_ST00231" HPOS="1129" VPOS="2144" WIDTH="147" HEIGHT="43" CONTENT="pertes" WC="0.99" CC="006600"/>
						<SP ID="P5_SP00207" HPOS="1276" VPOS="2187" WIDTH="37"/>
						<String ID="P5_ST00232" HPOS="1313" VPOS="2136" WIDTH="53" HEIGHT="39" CONTENT="de" WC="0.88" CC="02"/>
						<SP ID="P5_SP00208" HPOS="1366" VPOS="2187" WIDTH="21"/>
						<String ID="P5_ST00233" HPOS="1387" VPOS="2135" WIDTH="40" HEIGHT="40" CONTENT="la" WC="0.89" CC="20"/>
						<SP ID="P5_SP00209" HPOS="1427" VPOS="2187" WIDTH="21"/>
						<String ID="P5_ST00234" HPOS="1448" VPOS="2135" WIDTH="119" HEIGHT="40" CONTENT="force" WC="1.00" CC="00000"/>
						<SP ID="P5_SP00210" HPOS="1567" VPOS="2187" WIDTH="21"/>
						<String ID="P5_ST00235" HPOS="1588" VPOS="2136" WIDTH="150" HEIGHT="40" CONTENT="vitale." WC="0.99" CC="0050313"/>
						<SP ID="P5_SP00211" HPOS="1738" VPOS="2187" WIDTH="27"/>
						<String ID="P5_ST00236" HPOS="1765" VPOS="2135" WIDTH="189" HEIGHT="42" CONTENT="Comme" WC="1.00" CC="30000"/>
						<SP ID="P5_SP00212" HPOS="1954" VPOS="2187" WIDTH="25"/>
						<String ID="P5_ST00237" HPOS="1979" VPOS="2150" WIDTH="19" HEIGHT="23" CONTENT="«" WC="1.00" CC="0"/>
						<SP ID="P5_SP00213" HPOS="1998" VPOS="2187" WIDTH="26"/>
						<String ID="P5_ST00238" HPOS="2024" VPOS="2138" WIDTH="76" HEIGHT="37" CONTENT="imi" SUBS_TYPE="HypPart1" SUBS_CONTENT="imitation" WC="0.98" CC="400"/>
						<HYP HPOS="2100" VPOS="2138" WIDTH="25" CONTENT="-"/>
					</TextLine>
					<TextLine ID="P5_TL00021" HPOS="116" VPOS="2202" WIDTH="1287" HEIGHT="53">
						<String ID="P5_ST00239" HPOS="116" VPOS="2205" WIDTH="141" HEIGHT="39" CONTENT="tation" SUBS_TYPE="HypPart2" SUBS_CONTENT="imitation" WC="0.99" CC="503001"/>
						<SP ID="P5_SP00214" HPOS="257" VPOS="2244" WIDTH="22"/>
						<String ID="P5_ST00240" HPOS="279" VPOS="2217" WIDTH="18" HEIGHT="23" CONTENT="»" WC="0.55" CC="4"/>
						<SP ID="P5_SP00215" HPOS="297" VPOS="2244" WIDTH="21"/>
						<String ID="P5_ST00241" HPOS="318" VPOS="2204" WIDTH="178" HEIGHT="40" CONTENT="réaliste" WC="0.99" CC="00034060"/>
						<SP ID="P5_SP00216" HPOS="496" VPOS="2244" WIDTH="19"/>
						<String ID="P5_ST00242" HPOS="515" VPOS="2212" WIDTH="42" HEIGHT="32" CONTENT="et" WC="0.77" CC="04"/>
						<SP ID="P5_SP00217" HPOS="557" VPOS="2244" WIDTH="22"/>
						<String ID="P5_ST00243" HPOS="579" VPOS="2204" WIDTH="179" HEIGHT="48" CONTENT="directe," WC="1.00" CC="01000004"/>
						<SP ID="P5_SP00218" HPOS="758" VPOS="2252" WIDTH="26"/>
						<String ID="P5_ST00244" HPOS="784" VPOS="2202" WIDTH="84" HEIGHT="41" CONTENT="elle" WC="1.00" CC="0000"/>
						<SP ID="P5_SP00219" HPOS="868" VPOS="2252" WIDTH="23"/>
						<String ID="P5_ST00245" HPOS="891" VPOS="2216" WIDTH="54" HEIGHT="26" CONTENT="ne" WC="1.00" CC="00"/>
						<SP ID="P5_SP00220" HPOS="945" VPOS="2252" WIDTH="23"/>
						<String ID="P5_ST00246" HPOS="968" VPOS="2212" WIDTH="104" HEIGHT="43" CONTENT="peut" WC="0.99" CC="0060"/>
						<SP ID="P5_SP00221" HPOS="1072" VPOS="2255" WIDTH="26"/>
						<String ID="P5_ST00247" HPOS="1098" VPOS="2204" WIDTH="92" HEIGHT="39" CONTENT="rien" WC="0.97" CC="0335"/>
						<SP ID="P5_SP00222" HPOS="1190" VPOS="2255" WIDTH="24"/>
						<String ID="P5_ST00248" HPOS="1214" VPOS="2203" WIDTH="53" HEIGHT="40" CONTENT="de" WC="1.00" CC="00"/>
						<SP ID="P5_SP00223" HPOS="1267" VPOS="2255" WIDTH="19"/>
						<String ID="P5_ST00249" HPOS="1286" VPOS="2203" WIDTH="117" HEIGHT="52" CONTENT="plus." WC="0.98" CC="02503"/>
					</TextLine>
					<TextLine ID="P5_TL00022" HPOS="170" VPOS="2272" WIDTH="1956" HEIGHT="53">
						<String ID="P5_ST00250" HPOS="170" VPOS="2272" WIDTH="183" HEIGHT="41" CONTENT="D'autre" WC="0.99" CC="3400003"/>
						<SP ID="P5_SP00224" HPOS="353" VPOS="2313" WIDTH="23"/>
						<String ID="P5_ST00251" HPOS="376" VPOS="2281" WIDTH="97" HEIGHT="44" CONTENT="part" WC="0.99" CC="0004"/>
						<SP ID="P5_SP00225" HPOS="473" VPOS="2325" WIDTH="24"/>
						<String ID="P5_ST00252" HPOS="497" VPOS="2272" WIDTH="265" HEIGHT="53" CONTENT="cependant," WC="0.99" CC="2000300564"/>
						<SP ID="P5_SP00226" HPOS="762" VPOS="2325" WIDTH="27"/>
						<String ID="P5_ST00253" HPOS="789" VPOS="2272" WIDTH="41" HEIGHT="39" CONTENT="la" WC="1.00" CC="00"/>
						<SP ID="P5_SP00227" HPOS="830" VPOS="2325" WIDTH="24"/>
						<String ID="P5_ST00254" HPOS="854" VPOS="2273" WIDTH="208" HEIGHT="51" CONTENT="musique" WC="0.99" CC="0105060"/>
						<SP ID="P5_SP00228" HPOS="1062" VPOS="2325" WIDTH="24"/>
						<String ID="P5_ST00255" HPOS="1086" VPOS="2280" WIDTH="65" HEIGHT="32" CONTENT="est" WC="0.98" CC="004"/>
						<SP ID="P5_SP00229" HPOS="1151" VPOS="2325" WIDTH="20"/>
						<String ID="P5_ST00256" HPOS="1171" VPOS="2272" WIDTH="373" HEIGHT="41" CONTENT="habituellement" WC="1.00" CC="00035000300025"/>
						<SP ID="P5_SP00230" HPOS="1544" VPOS="2325" WIDTH="23"/>
						<String ID="P5_ST00257" HPOS="1567" VPOS="2272" WIDTH="258" HEIGHT="41" CONTENT="considérée" WC="1.00" CC="0000100000"/>
						<SP ID="P5_SP00231" HPOS="1825" VPOS="2325" WIDTH="21"/>
						<String ID="P5_ST00258" HPOS="1846" VPOS="2286" WIDTH="174" HEIGHT="27" CONTENT="comme" WC="1.00" CC="10000"/>
						<SP ID="P5_SP00232" HPOS="2020" VPOS="2325" WIDTH="22"/>
						<String ID="P5_ST00259" HPOS="2042" VPOS="2287" WIDTH="20" HEIGHT="24" CONTENT="«" WC="0.66" CC="3"/>
						<SP ID="P5_SP00233" HPOS="2062" VPOS="2325" WIDTH="25"/>
						<String ID="P5_ST00260" HPOS="2087" VPOS="2273" WIDTH="39" HEIGHT="40" CONTENT="le" WC="0.48" CC="54"/>
					</TextLine>
					<TextLine ID="P5_TL00023" HPOS="113" VPOS="2341" WIDTH="2009" HEIGHT="53">
						<String ID="P5_ST00261" HPOS="113" VPOS="2342" WIDTH="196" HEIGHT="50" CONTENT="langage" WC="1.00" CC="0000303"/>
						<SP ID="P5_SP00234" HPOS="309" VPOS="2392" WIDTH="22"/>
						<String ID="P5_ST00262" HPOS="331" VPOS="2342" WIDTH="59" HEIGHT="40" CONTENT="du" WC="0.90" CC="02"/>
						<SP ID="P5_SP00235" HPOS="390" VPOS="2392" WIDTH="21"/>
						<String ID="P5_ST00263" HPOS="411" VPOS="2355" WIDTH="121" HEIGHT="27" CONTENT="cœur" WC="0.99" CC="3000"/>
						<SP ID="P5_SP00236" HPOS="532" VPOS="2392" WIDTH="25"/>
						<String ID="P5_ST00264" HPOS="557" VPOS="2354" WIDTH="36" HEIGHT="34" CONTENT="»," WC="0.56" CC="44"/>
						<SP ID="P5_SP00237" HPOS="593" VPOS="2392" WIDTH="24"/>
						<String ID="P5_ST00265" HPOS="617" VPOS="2350" WIDTH="41" HEIGHT="32" CONTENT="et" WC="0.78" CC="04"/>
						<SP ID="P5_SP00238" HPOS="658" VPOS="2392" WIDTH="19"/>
						<String ID="P5_ST00266" HPOS="677" VPOS="2341" WIDTH="28" HEIGHT="40" CONTENT="il" WC="0.93" CC="01"/>
						<SP ID="P5_SP00239" HPOS="705" VPOS="2392" WIDTH="31"/>
						<String ID="P5_ST00267" HPOS="736" VPOS="2354" WIDTH="55" HEIGHT="26" CONTENT="ne" WC="0.73" CC="50"/>
						<SP ID="P5_SP00240" HPOS="791" VPOS="2392" WIDTH="21"/>
						<String ID="P5_ST00268" HPOS="812" VPOS="2354" WIDTH="196" HEIGHT="39" CONTENT="manque" WC="1.00" CC="000020"/>
						<SP ID="P5_SP00241" HPOS="1008" VPOS="2393" WIDTH="23"/>
						<String ID="P5_ST00269" HPOS="1031" VPOS="2356" WIDTH="79" HEIGHT="37" CONTENT="pas" WC="0.99" CC="020"/>
						<SP ID="P5_SP00242" HPOS="1110" VPOS="2393" WIDTH="21"/>
						<String ID="P5_ST00270" HPOS="1131" VPOS="2342" WIDTH="54" HEIGHT="40" CONTENT="de" WC="1.00" CC="00"/>
						<SP ID="P5_SP00243" HPOS="1185" VPOS="2393" WIDTH="22"/>
						<String ID="P5_ST00271" HPOS="1207" VPOS="2344" WIDTH="243" HEIGHT="38" CONTENT="musiciens" WC="1.00" CC="000000000"/>
						<SP ID="P5_SP00244" HPOS="1450" VPOS="2393" WIDTH="25"/>
						<String ID="P5_ST00272" HPOS="1475" VPOS="2344" WIDTH="120" HEIGHT="38" CONTENT="aussi" WC="0.99" CC="05002"/>
						<SP ID="P5_SP00245" HPOS="1595" VPOS="2393" WIDTH="25"/>
						<String ID="P5_ST00273" HPOS="1620" VPOS="2343" WIDTH="219" HEIGHT="39" CONTENT="autorisés" WC="1.00" CC="036000000"/>
						<SP ID="P5_SP00246" HPOS="1839" VPOS="2393" WIDTH="24"/>
						<String ID="P5_ST00274" HPOS="1863" VPOS="2356" WIDTH="87" HEIGHT="38" CONTENT="que" WC="1.00" CC="000"/>
						<SP ID="P5_SP00247" HPOS="1950" VPOS="2394" WIDTH="24"/>
						<String ID="P5_ST00275" HPOS="1974" VPOS="2341" WIDTH="119" HEIGHT="41" CONTENT="Schu" SUBS_TYPE="HypPart1" SUBS_CONTENT="Schumann" WC="0.80" CC="0005"/>
						<HYP HPOS="2093" VPOS="2341" WIDTH="29" CONTENT="-"/>
					</TextLine>
					<TextLine ID="P5_TL00024" HPOS="114" VPOS="2409" WIDTH="2008" HEIGHT="56">
						<String ID="P5_ST00276" HPOS="114" VPOS="2426" WIDTH="138" HEIGHT="25" CONTENT="mann" SUBS_TYPE="HypPart2" SUBS_CONTENT="Schumann" WC="0.75" CC="0045"/>
						<SP ID="P5_SP00248" HPOS="252" VPOS="2451" WIDTH="39"/>
						<String ID="P5_ST00277" HPOS="291" VPOS="2413" WIDTH="75" HEIGHT="49" CONTENT="qui" WC="0.97" CC="052"/>
						<SP ID="P5_SP00249" HPOS="366" VPOS="2462" WIDTH="32"/>
						<String ID="P5_ST00278" HPOS="398" VPOS="2420" WIDTH="101" HEIGHT="32" CONTENT="sont" WC="0.98" CC="0046"/>
						<SP ID="P5_SP00250" HPOS="499" VPOS="2462" WIDTH="23"/>
						<String ID="P5_ST00279" HPOS="522" VPOS="2425" WIDTH="55" HEIGHT="25" CONTENT="en" WC="0.97" CC="00"/>
						<SP ID="P5_SP00251" HPOS="577" VPOS="2462" WIDTH="24"/>
						<String ID="P5_ST00280" HPOS="601" VPOS="2410" WIDTH="325" HEIGHT="41" CONTENT="contradiction" WC="1.00" CC="2055000200200"/>
						<SP ID="P5_SP00252" HPOS="926" VPOS="2462" WIDTH="29"/>
						<String ID="P5_ST00281" HPOS="955" VPOS="2409" WIDTH="204" HEIGHT="41" CONTENT="formelle" WC="1.00" CC="01000060"/>
						<SP ID="P5_SP00253" HPOS="1159" VPOS="2462" WIDTH="25"/>
						<String ID="P5_ST00282" HPOS="1184" VPOS="2425" WIDTH="103" HEIGHT="26" CONTENT="avec" WC="0.99" CC="0003"/>
						<SP ID="P5_SP00254" HPOS="1287" VPOS="2462" WIDTH="24"/>
						<String ID="P5_ST00283" HPOS="1311" VPOS="2411" WIDTH="77" HEIGHT="41" CONTENT="lui." WC="0.97" CC="0444"/>
						<SP ID="P5_SP00255" HPOS="1388" VPOS="2462" WIDTH="22"/>
						<String ID="P5_ST00284" HPOS="1410" VPOS="2410" WIDTH="84" HEIGHT="55" CONTENT="J'ai" WC="0.99" CC="0303"/>
						<SP ID="P5_SP00256" HPOS="1494" VPOS="2465" WIDTH="23"/>
						<String ID="P5_ST00285" HPOS="1517" VPOS="2415" WIDTH="202" HEIGHT="36" CONTENT="annoncé" WC="0.99" CC="0650500"/>
						<SP ID="P5_SP00257" HPOS="1719" VPOS="2465" WIDTH="32"/>
						<String ID="P5_ST00286" HPOS="1751" VPOS="2425" WIDTH="85" HEIGHT="39" CONTENT="que" WC="0.98" CC="050"/>
						<SP ID="P5_SP00258" HPOS="1836" VPOS="2465" WIDTH="23"/>
						<String ID="P5_ST00287" HPOS="1859" VPOS="2412" WIDTH="37" HEIGHT="52" CONTENT="je" WC="1.00" CC="00"/>
						<SP ID="P5_SP00259" HPOS="1896" VPOS="2465" WIDTH="25"/>
						<String ID="P5_ST00288" HPOS="1921" VPOS="2414" WIDTH="201" HEIGHT="38" CONTENT="mettrais" WC="0.99" CC="00560000"/>
					</TextLine>
					<TextLine ID="P5_TL00025" HPOS="113" VPOS="2479" WIDTH="2007" HEIGHT="54">
						<String ID="P5_ST00289" HPOS="113" VPOS="2479" WIDTH="204" HEIGHT="42" CONTENT="d'accord" WC="1.00" CC="04010000"/>
						<SP ID="P5_SP00260" HPOS="317" VPOS="2521" WIDTH="24"/>
						<String ID="P5_ST00290" HPOS="341" VPOS="2493" WIDTH="71" HEIGHT="27" CONTENT="ces" WC="1.00" CC="000"/>
						<SP ID="P5_SP00261" HPOS="412" VPOS="2521" WIDTH="24"/>
						<String ID="P5_ST00291" HPOS="436" VPOS="2481" WIDTH="210" HEIGHT="52" CONTENT="opinions" WC="0.99" CC="10263040"/>
						<SP ID="P5_SP00262" HPOS="646" VPOS="2533" WIDTH="23"/>
						<String ID="P5_ST00292" HPOS="669" VPOS="2483" WIDTH="218" HEIGHT="37" CONTENT="extrêmes" WC="0.99" CC="00505001"/>
						<SP ID="P5_SP00263" HPOS="887" VPOS="2533" WIDTH="29"/>
						<String ID="P5_ST00293" HPOS="916" VPOS="2488" WIDTH="41" HEIGHT="31" CONTENT="et" WC="1.00" CC="00"/>
						<SP ID="P5_SP00264" HPOS="957" VPOS="2533" WIDTH="20"/>
						<String ID="P5_ST00294" HPOS="977" VPOS="2481" WIDTH="394" HEIGHT="50" CONTENT="intransigeantes," WC="1.00" CC="4700000300004004"/>
						<SP ID="P5_SP00265" HPOS="1371" VPOS="2533" WIDTH="28"/>
						<String ID="P5_ST00295" HPOS="1399" VPOS="2493" WIDTH="54" HEIGHT="26" CONTENT="en" WC="0.78" CC="40"/>
						<SP ID="P5_SP00266" HPOS="1453" VPOS="2533" WIDTH="33"/>
						<String ID="P5_ST00296" HPOS="1486" VPOS="2480" WIDTH="222" HEIGHT="52" CONTENT="dissipant" WC="0.99" CC="040300005"/>
						<SP ID="P5_SP00267" HPOS="1708" VPOS="2533" WIDTH="24"/>
						<String ID="P5_ST00297" HPOS="1732" VPOS="2495" WIDTH="60" HEIGHT="25" CONTENT="un" WC="0.42" CC="55"/>
						<SP ID="P5_SP00268" HPOS="1792" VPOS="2533" WIDTH="23"/>
						<String ID="P5_ST00298" HPOS="1815" VPOS="2480" WIDTH="305" HEIGHT="41" CONTENT="malentendu." WC="1.00" CC="00520300062"/>
					</TextLine>
					<TextLine ID="P5_TL00026" HPOS="113" VPOS="2546" WIDTH="1158" HEIGHT="55">
						<String ID="P5_ST00299" HPOS="113" VPOS="2548" WIDTH="120" HEIGHT="41" CONTENT="C'est" WC="1.00" CC="01000"/>
						<SP ID="P5_SP00269" HPOS="233" VPOS="2589" WIDTH="21"/>
						<String ID="P5_ST00300" HPOS="254" VPOS="2562" WIDTH="46" HEIGHT="26" CONTENT="ce" WC="1.00" CC="00"/>
						<SP ID="P5_SP00270" HPOS="300" VPOS="2589" WIDTH="20"/>
						<String ID="P5_ST00301" HPOS="320" VPOS="2563" WIDTH="86" HEIGHT="38" CONTENT="que" WC="1.00" CC="000"/>
						<SP ID="P5_SP00271" HPOS="406" VPOS="2601" WIDTH="23"/>
						<String ID="P5_ST00302" HPOS="429" VPOS="2549" WIDTH="38" HEIGHT="52" CONTENT="je" WC="1.00" CC="00"/>
						<SP ID="P5_SP00272" HPOS="467" VPOS="2601" WIDTH="18"/>
						<String ID="P5_ST00303" HPOS="485" VPOS="2550" WIDTH="96" HEIGHT="39" CONTENT="vais" WC="0.99" CC="0050"/>
						<SP ID="P5_SP00273" HPOS="581" VPOS="2601" WIDTH="21"/>
						<String ID="P5_ST00304" HPOS="602" VPOS="2548" WIDTH="151" HEIGHT="41" CONTENT="tâcher" WC="1.00" CC="500000"/>
						<SP ID="P5_SP00274" HPOS="753" VPOS="2601" WIDTH="22"/>
						<String ID="P5_ST00305" HPOS="775" VPOS="2547" WIDTH="53" HEIGHT="40" CONTENT="de" WC="1.00" CC="00"/>
						<SP ID="P5_SP00275" HPOS="828" VPOS="2601" WIDTH="16"/>
						<String ID="P5_ST00306" HPOS="844" VPOS="2546" WIDTH="111" HEIGHT="41" CONTENT="faire" WC="1.00" CC="00400"/>
						<SP ID="P5_SP00276" HPOS="955" VPOS="2601" WIDTH="17"/>
						<String ID="P5_ST00307" HPOS="972" VPOS="2548" WIDTH="299" HEIGHT="53" CONTENT="aujourd'hui." WC="1.00" CC="000000000023"/>
					</TextLine>
					<TextLine ID="P5_TL00027" HPOS="169" VPOS="2617" WIDTH="1951" HEIGHT="54">
						<String ID="P5_ST00308" HPOS="169" VPOS="2617" WIDTH="163" HEIGHT="52" CONTENT="Quand" WC="1.00" CC="00020"/>
						<SP ID="P5_SP00277" HPOS="332" VPOS="2669" WIDTH="38"/>
						<String ID="P5_ST00309" HPOS="370" VPOS="2631" WIDTH="56" HEIGHT="28" CONTENT="on" WC="1.00" CC="00"/>
						<SP ID="P5_SP00278" HPOS="426" VPOS="2669" WIDTH="25"/>
						<String ID="P5_ST00310" HPOS="451" VPOS="2632" WIDTH="54" HEIGHT="26" CONTENT="ne" WC="1.00" CC="00"/>
						<SP ID="P5_SP00279" HPOS="505" VPOS="2669" WIDTH="19"/>
						<String ID="P5_ST00311" HPOS="524" VPOS="2626" WIDTH="104" HEIGHT="44" CONTENT="peut" WC="0.99" CC="0070"/>
						<SP ID="P5_SP00280" HPOS="628" VPOS="2670" WIDTH="23"/>
						<String ID="P5_ST00312" HPOS="651" VPOS="2631" WIDTH="80" HEIGHT="39" CONTENT="pas" WC="0.98" CC="060"/>
						<SP ID="P5_SP00281" HPOS="731" VPOS="2670" WIDTH="24"/>
						<String ID="P5_ST00313" HPOS="755" VPOS="2617" WIDTH="219" HEIGHT="40" CONTENT="atteindre" WC="0.99" CC="005067000"/>
						<SP ID="P5_SP00282" HPOS="974" VPOS="2670" WIDTH="27"/>
						<String ID="P5_ST00314" HPOS="1001" VPOS="2633" WIDTH="59" HEIGHT="25" CONTENT="un" WC="0.65" CC="70"/>
						<SP ID="P5_SP00283" HPOS="1060" VPOS="2670" WIDTH="31"/>
						<String ID="P5_ST00315" HPOS="1091" VPOS="2617" WIDTH="79" HEIGHT="42" CONTENT="but" WC="0.98" CC="050"/>
						<SP ID="P5_SP00284" HPOS="1170" VPOS="2670" WIDTH="23"/>
						<String ID="P5_ST00316" HPOS="1193" VPOS="2632" WIDTH="54" HEIGHT="27" CONTENT="en" WC="0.69" CC="06"/>
						<SP ID="P5_SP00285" HPOS="1247" VPOS="2670" WIDTH="34"/>
						<String ID="P5_ST00317" HPOS="1281" VPOS="2619" WIDTH="177" HEIGHT="40" CONTENT="suivant" WC="0.99" CC="5630002"/>
						<SP ID="P5_SP00286" HPOS="1458" VPOS="2670" WIDTH="33"/>
						<String ID="P5_ST00318" HPOS="1491" VPOS="2618" WIDTH="40" HEIGHT="39" CONTENT="la" WC="1.00" CC="00"/>
						<SP ID="P5_SP00287" HPOS="1531" VPOS="2670" WIDTH="24"/>
						<String ID="P5_ST00319" HPOS="1555" VPOS="2618" WIDTH="122" HEIGHT="50" CONTENT="ligne" WC="1.00" CC="03000"/>
						<SP ID="P5_SP00288" HPOS="1677" VPOS="2670" WIDTH="23"/>
						<String ID="P5_ST00320" HPOS="1700" VPOS="2618" WIDTH="158" HEIGHT="50" CONTENT="droite," WC="1.00" CC="0000004"/>
						<SP ID="P5_SP00289" HPOS="1858" VPOS="2670" WIDTH="43"/>
						<String ID="P5_ST00321" HPOS="1901" VPOS="2632" WIDTH="57" HEIGHT="27" CONTENT="on" WC="1.00" CC="00"/>
						<SP ID="P5_SP00290" HPOS="1958" VPOS="2670" WIDTH="24"/>
						<String ID="P5_ST00322" HPOS="1982" VPOS="2620" WIDTH="138" HEIGHT="51" CONTENT="prend" WC="1.00" CC="00000"/>
					</TextLine>
					<TextLine ID="P5_TL00028" HPOS="113" VPOS="2685" WIDTH="2008" HEIGHT="55">
						<String ID="P5_ST00323" HPOS="113" VPOS="2702" WIDTH="59" HEIGHT="26" CONTENT="un" WC="0.64" CC="70"/>
						<SP ID="P5_SP00291" HPOS="172" VPOS="2728" WIDTH="17"/>
						<String ID="P5_ST00324" HPOS="189" VPOS="2687" WIDTH="171" HEIGHT="41" CONTENT="détour." WC="0.98" CC="0850604"/>
						<SP ID="P5_SP00292" HPOS="360" VPOS="2728" WIDTH="21"/>
						<String ID="P5_ST00325" HPOS="381" VPOS="2685" WIDTH="164" HEIGHT="54" CONTENT="Quand" WC="0.99" CC="00050"/>
						<SP ID="P5_SP00293" HPOS="545" VPOS="2739" WIDTH="24"/>
						<String ID="P5_ST00326" HPOS="569" VPOS="2700" WIDTH="58" HEIGHT="27" CONTENT="on" WC="1.00" CC="00"/>
						<SP ID="P5_SP00294" HPOS="627" VPOS="2739" WIDTH="17"/>
						<String ID="P5_ST00327" HPOS="644" VPOS="2701" WIDTH="55" HEIGHT="26" CONTENT="ne" WC="1.00" CC="00"/>
						<SP ID="P5_SP00295" HPOS="699" VPOS="2739" WIDTH="19"/>
						<String ID="P5_ST00328" HPOS="718" VPOS="2694" WIDTH="105" HEIGHT="45" CONTENT="peut" WC="0.98" CC="0036"/>
						<SP ID="P5_SP00296" HPOS="823" VPOS="2739" WIDTH="21"/>
						<String ID="P5_ST00329" HPOS="844" VPOS="2699" WIDTH="81" HEIGHT="39" CONTENT="pas" WC="1.00" CC="000"/>
						<SP ID="P5_SP00297" HPOS="925" VPOS="2739" WIDTH="20"/>
						<String ID="P5_ST00330" HPOS="945" VPOS="2692" WIDTH="277" HEIGHT="47" CONTENT="représenter" WC="1.00" CC="00000004500"/>
						<SP ID="P5_SP00298" HPOS="1222" VPOS="2739" WIDTH="18"/>
						<String ID="P5_ST00331" HPOS="1240" VPOS="2688" WIDTH="290" HEIGHT="40" CONTENT="directement" WC="1.00" CC="03000600000"/>
						<SP ID="P5_SP00299" HPOS="1530" VPOS="2739" WIDTH="16"/>
						<String ID="P5_ST00332" HPOS="1546" VPOS="2702" WIDTH="58" HEIGHT="25" CONTENT="un" WC="0.76" CC="40"/>
						<SP ID="P5_SP00300" HPOS="1604" VPOS="2739" WIDTH="23"/>
						<String ID="P5_ST00333" HPOS="1627" VPOS="2686" WIDTH="282" HEIGHT="53" CONTENT="phénomène" WC="1.00" CC="000000700"/>
						<SP ID="P5_SP00301" HPOS="1909" VPOS="2739" WIDTH="20"/>
						<String ID="P5_ST00334" HPOS="1929" VPOS="2689" WIDTH="165" HEIGHT="51" CONTENT="psycho" SUBS_TYPE="HypPart1" SUBS_CONTENT="psychologique," WC="1.00" CC="000000"/>
						<HYP HPOS="2094" VPOS="2689" WIDTH="27" CONTENT="-"/>
					</TextLine>
					<TextLine ID="P5_TL00029" HPOS="113" VPOS="2755" WIDTH="2008" HEIGHT="53">
						<String ID="P5_ST00335" HPOS="113" VPOS="2756" WIDTH="199" HEIGHT="52" CONTENT="logique," SUBS_TYPE="HypPart2" SUBS_CONTENT="psychologique," WC="0.99" CC="00710504"/>
						<SP ID="P5_SP00302" HPOS="312" VPOS="2808" WIDTH="41"/>
						<String ID="P5_ST00336" HPOS="353" VPOS="2771" WIDTH="61" HEIGHT="25" CONTENT="un" WC="0.69" CC="06"/>
						<SP ID="P5_SP00303" HPOS="414" VPOS="2808" WIDTH="33"/>
						<String ID="P5_ST00337" HPOS="447" VPOS="2758" WIDTH="240" HEIGHT="38" CONTENT="sentiment" WC="1.00" CC="000530004"/>
						<SP ID="P5_SP00304" HPOS="687" VPOS="2808" WIDTH="36"/>
						<String ID="P5_ST00338" HPOS="723" VPOS="2769" WIDTH="57" HEIGHT="27" CONTENT="ou" WC="0.71" CC="05"/>
						<SP ID="P5_SP00305" HPOS="780" VPOS="2808" WIDTH="36"/>
						<String ID="P5_ST00339" HPOS="816" VPOS="2770" WIDTH="86" HEIGHT="26" CONTENT="une" WC="0.97" CC="070"/>
						<SP ID="P5_SP00306" HPOS="902" VPOS="2808" WIDTH="44"/>
						<String ID="P5_ST00340" HPOS="946" VPOS="2756" WIDTH="97" HEIGHT="40" CONTENT="idée" WC="0.98" CC="3060"/>
						<SP ID="P5_SP00307" HPOS="1043" VPOS="2808" WIDTH="34"/>
						<String ID="P5_ST00341" HPOS="1077" VPOS="2756" WIDTH="229" HEIGHT="49" CONTENT="abstraite," WC="1.00" CC="0000000544"/>
						<SP ID="P5_SP00308" HPOS="1306" VPOS="2808" WIDTH="38"/>
						<String ID="P5_ST00342" HPOS="1344" VPOS="2770" WIDTH="57" HEIGHT="27" CONTENT="on" WC="1.00" CC="00"/>
						<SP ID="P5_SP00309" HPOS="1401" VPOS="2808" WIDTH="36"/>
						<String ID="P5_ST00343" HPOS="1437" VPOS="2756" WIDTH="192" HEIGHT="52" CONTENT="emploie" WC="0.99" CC="0004520"/>
						<SP ID="P5_SP00310" HPOS="1629" VPOS="2808" WIDTH="39"/>
						<String ID="P5_ST00344" HPOS="1668" VPOS="2771" WIDTH="60" HEIGHT="25" CONTENT="un" WC="0.69" CC="60"/>
						<SP ID="P5_SP00311" HPOS="1728" VPOS="2808" WIDTH="38"/>
						<String ID="P5_ST00345" HPOS="1766" VPOS="2755" WIDTH="219" HEIGHT="53" CONTENT="symbole," WC="1.00" CC="00000504"/>
						<SP ID="P5_SP00312" HPOS="1985" VPOS="2808" WIDTH="49"/>
						<String ID="P5_ST00346" HPOS="2034" VPOS="2772" WIDTH="87" HEIGHT="25" CONTENT="une" WC="0.95" CC="660"/>
					</TextLine>
					<TextLine ID="P5_TL00030" HPOS="113" VPOS="2824" WIDTH="2006" HEIGHT="53">
						<String ID="P5_ST00347" HPOS="113" VPOS="2824" WIDTH="144" HEIGHT="53" CONTENT="image" WC="0.99" CC="01230" STYLEREFS="TXT_5"/>
						<String ID="P5_ST00348" HPOS="264" VPOS="2857" WIDTH="8" HEIGHT="19" CONTENT="," WC="0.56" CC="4"/>
						<SP ID="P5_SP00313" HPOS="272" VPOS="2877" WIDTH="27"/>
						<String ID="P5_ST00349" HPOS="299" VPOS="2826" WIDTH="108" HEIGHT="39" CONTENT="dont" WC="0.98" CC="0043"/>
						<SP ID="P5_SP00314" HPOS="407" VPOS="2877" WIDTH="35"/>
						<String ID="P5_ST00350" HPOS="442" VPOS="2825" WIDTH="280" HEIGHT="41" CONTENT="l'exactitude" WC="1.00" CC="120000002600"/>
						<SP ID="P5_SP00315" HPOS="722" VPOS="2877" WIDTH="23"/>
						<String ID="P5_ST00351" HPOS="745" VPOS="2838" WIDTH="158" HEIGHT="38" CONTENT="repose" WC="1.00" CC="000000"/>
						<SP ID="P5_SP00316" HPOS="903" VPOS="2877" WIDTH="23"/>
						<String ID="P5_ST00352" HPOS="926" VPOS="2838" WIDTH="88" HEIGHT="27" CONTENT="non" WC="0.97" CC="007"/>
						<SP ID="P5_SP00317" HPOS="1014" VPOS="2877" WIDTH="25"/>
						<String ID="P5_ST00353" HPOS="1039" VPOS="2840" WIDTH="75" HEIGHT="26" CONTENT="sur" WC="0.98" CC="040"/>
						<SP ID="P5_SP00318" HPOS="1114" VPOS="2877" WIDTH="35"/>
						<String ID="P5_ST00354" HPOS="1149" VPOS="2826" WIDTH="40" HEIGHT="40" CONTENT="la" WC="0.77" CC="40"/>
						<SP ID="P5_SP00319" HPOS="1189" VPOS="2877" WIDTH="35"/>
						<String ID="P5_ST00355" HPOS="1224" VPOS="2825" WIDTH="331" HEIGHT="42" CONTENT="ressemblance" WC="1.00" CC="000600010400"/>
						<SP ID="P5_SP00320" HPOS="1555" VPOS="2877" WIDTH="25"/>
						<String ID="P5_ST00356" HPOS="1580" VPOS="2825" WIDTH="130" HEIGHT="40" CONTENT="réelle" WC="1.00" CC="000030"/>
						<SP ID="P5_SP00321" HPOS="1710" VPOS="2877" WIDTH="27"/>
						<String ID="P5_ST00357" HPOS="1737" VPOS="2825" WIDTH="58" HEIGHT="40" CONTENT="du" WC="0.72" CC="05"/>
						<SP ID="P5_SP00322" HPOS="1795" VPOS="2877" WIDTH="25"/>
						<String ID="P5_ST00358" HPOS="1820" VPOS="2827" WIDTH="128" HEIGHT="48" CONTENT="signe" WC="0.99" CC="00050"/>
						<SP ID="P5_SP00323" HPOS="1948" VPOS="2877" WIDTH="39"/>
						<String ID="P5_ST00359" HPOS="1987" VPOS="2835" WIDTH="41" HEIGHT="31" CONTENT="et" WC="0.76" CC="04"/>
						<SP ID="P5_SP00324" HPOS="2028" VPOS="2877" WIDTH="38"/>
						<String ID="P5_ST00360" HPOS="2066" VPOS="2827" WIDTH="53" HEIGHT="39" CONTENT="de" WC="1.00" CC="00"/>
					</TextLine>
				</TextBlock>
			</PrintSpace>
		</Page>
	</Layout>
</alto>
