2250 3779
743 198 145 27 COURS
923 199 59 26 DU
1018 191 202 34 COLLÈGE
1255 199 55 26 DE
1345 199 169 26 FRANCE

2085 203 49 36 79

115 292 181 44 Domini
321 292 98 41 lœta
446 292 229 55 respondet
691 324 10 16 ,
729 291 127 41 telles
877 300 102 32 sont
1002 291 64 41 les
1087 291 216 41 formules
1329 292 75 53 qui
1425 293 318 41 caractérisent
1773 302 113 34 cette
1915 295 191 42 acclama-

116 364 365 51 tionliturgique.
499 360 242 43 Comment
757 361 39 41 le
809 362 306 51 compositeur
1131 360 66 54 s'y
1213 362 124 40 est-il
1351 362 92 52 pris
1463 364 346 51 pourexprimer
1825 362 276 53 l'allégresse
2120 368 16 36 ?

116 434 28 40 il
170 448 21 26 a
217 432 159 41 réalisé
398 445 87 27 une
508 433 163 49 image.
697 429 90 43 Sur
805 430 40 40 la
871 430 204 42 dernière
1099 430 172 54 syllabe
1292 431 58 40 du
1370 439 91 33 mot
1482 428 177 43 alléluia
1666 465 8 17 ,
1700 432 30 40 il
1754 447 22 26 a
1794 433 125 52 placé
1938 447 88 27 une
2046 438 60 36 mé-

115 503 118 41 lodie
248 508 88 35 très
358 501 207 51 étendue,
591 515 26 26 u
623 499 226 54 njubilus,
873 499 188 41 d'abord
1087 506 87 35 très
1207 499 113 42 libre
1348 499 421 54 (symétriquement
1807 503 203 40 ordonné
2032 504 102 52 plus

117 571 197 54 tard),où
337 571 39 40 le
398 571 216 41 chanteur
633 569 139 54 prend
794 583 70 27 ses
888 568 142 42 ébats.
1048 568 63 41 La
1130 570 86 53 joie
1229 579 65 31 est
1310 585 59 25 un
1390 571 240 40 sentiment
1647 570 209 53 expansif
1870 580 40 32 et
1927 571 204 54 explosif.

117 642 121 40 Pour
256 641 266 52 l'exprimer,
549 639 39 40 le
612 640 216 39 musicien
852 653 22 25 a
899 640 199 49 imaginé
1122 652 87 27 une
1235 640 258 49 végétation
1517 644 88 35 très
1630 639 118 40 riche
1765 640 55 40 de
1845 649 128 32 notes
1998 655 76 26 sur
2096 642 39 40 le

118 720 112 32 texte
244 711 225 41 littéraire.
483 708 328 41 L'association
828 708 78 40 des
918 708 121 40 idées
1054 706 155 42 établit
1222 708 378 40 instinctivement
1616 722 84 26 une
1712 722 284 28 convenance
2011 719 123 32 entre

118 793 70 26 ces
217 788 163 32 termes
406 792 8 26 :
446 778 94 40 i°la
571 778 110 52 joie;
704 791 19 25 2
729 782 17 17 0
776 776 38 40 la
831 775 157 41 liberté
1011 776 57 40 du
1094 776 151 40 dessin
1266 776 258 52 mélodique
1541 785 41 32 et
1615 790 82 27 son
1717 778 189 40 étendue
1924 779 207 40 inusitée.

118 847 355 54 Pourexprimer
491 846 237 41 l'humilité
750 844 96 55 (par
865 846 201 52 exemple
1086 859 76 27 sur
1178 845 63 40 les
1258 853 117 33 mots
1401 859 19 24 «
1440 847 166 39 vermis
1630 860 98 27 sum
1754 859 38 37 »,
1807 846 51 53 je
1877 846 89 41 suis
1987 863 58 24 un
2060 863 74 24 ver

118 918 51 39 de
187 924 189 45 terreur.
398 932 20 25 2
447 917 127 40 Feria
596 915 54 43 VI
672 924 103 45 post
798 919 23 37 Bam8
824 920 50 23 am
903 913 87 44 SS.
1014 914 217 53 Corporis
1260 913 206 53 Christi),
1484 915 40 40 la
1557 915 193 41 mélodie
1779 914 154 43 n'aura
1969 917 164 52 qu'une

118 995 104 33 note
242 1000 112 40 pour
383 986 169 54 chaque
588 984 186 55 syllabe.
806 983 64 43 Le
893 985 279 53 plain-chant
1214 984 111 41 n'est
1365 998 96 39 pas,
1485 988 22 37 à
1531 993 290 45 proprement
1858 986 161 53 parler,
2047 1000 87 27 une

120 1058 208 52 musique
346 1057 254 52 expressive
623 1063 41 33 et
687 1055 291 53 descriptive;
1001 1055 30 40 il
1051 1053 120 42 obéit
1188 1054 264 53 cependant,
1476 1068 123 26 assez
1625 1063 206 41 souvent,
1855 1070 83 26 aux
1959 1055 84 41 lois
2059 1061 50 46 gé-

120 1126 173 41 nérales
313 1126 54 40 de
386 1126 98 40 l'art
501 1125 203 41 musical.
722 1123 164 53 Quand
904 1124 30 40 il
958 1124 93 41 doit
1072 1137 212 39 marquer
1306 1124 40 40 la
1371 1124 143 50 gloire
1549 1133 41 31 et
1611 1124 38 40 la
1672 1125 239 51 puissance
1925 1124 53 41 de
2000 1124 132 50 Dieu,

120 1195 30 40 il
174 1193 240 56 n'emploie
433 1209 80 39 pas
537 1195 63 40 les
621 1198 169 37 mêmes
813 1195 173 50 images
1004 1207 85 39 que
1113 1193 152 53 quand
1285 1193 29 40 il
1339 1193 124 53 parle
1485 1193 53 41 de
1571 1193 40 41 la
1649 1199 160 35 misère
1828 1194 59 41 du
1922 1195 209 52 pécheur.

193 1263 123 42 Dans
339 1265 38 39 la
397 1266 207 51 musique
626 1264 229 46 moderne,
881 1263 112 40 dans
1011 1263 63 40 les
1092 1267 160 48 opéras
1268 1271 42 32 et
1342 1262 63 40 les
1425 1267 222 47 opérettes
1668 1260 44 55 (y
1735 1265 195 50 compris
1956 1261 152 43 l'admi-

122 1333 123 40 rable
265 1334 199 39 chanson
485 1333 219 40 d'Aristée
739 1332 113 40 dans
882 1331 162 54 Orphée
1049 1331 29 51 ),
1104 1331 158 40 inutile
1300 1331 54 40 de
1374 1340 200 31 montrer
1594 1345 85 38 que
1714 1332 62 39 les
1812 1333 237 47 vocalises,
2070 1333 63 40 les

122 1402 215 40 cadences
358 1402 55 39 ad
435 1401 184 49 libitum,
652 1409 80 32 etc.
760 1409 100 32 sont
880 1413 193 39 presque
1091 1400 52 39 de
1168 1399 121 50 règle
1317 1413 115 39 pour
1455 1402 221 50 exprimer
1698 1398 39 41 la
1760 1401 100 52 joie.

177 1469 63 41 La
265 1472 208 50 musique
491 1469 163 41 excelle
679 1474 22 35 à
726 1467 409 54 représenterl'état
1157 1467 168 41 affectif
1338 1473 172 48 opposé
1530 1480 7 27 :
1561 1468 39 40 la
1624 1470 216 47 tristesse,
1867 1469 241 41 ledécoura-

118 1548 198 42 gement,
337 1537 183 42 l'ennui.
547 1538 126 41 Voici
694 1538 39 40 la
758 1537 194 41 formule
972 1539 228 49 imaginée
1223 1551 81 38 par
1325 1536 207 52 Wagner
1556 1552 54 26 au
1635 1536 138 43 début
1795 1538 54 41 de
1873 1552 79 28 son
1975 1552 133 27 ouver-

120 1616 97 32 ture
241 1621 114 39 pour
377 1606 134 41 Faust
527 1618 7 29 :

173 1935 73 50 Ici,
272 1935 305 41 l'association
601 1935 77 40 des
696 1935 121 40 idées
838 1935 155 41 établit
1009 1950 85 26 une
1115 1936 209 51 analogie
1338 1945 124 32 entre
1484 1936 39 40 la
1544 1938 199 38 tristesse
1766 1945 42 31 et
1833 1942 39 33 i°
1896 1936 40 40 la
1955 1936 184 41 couleur

116 2003 183 42 sombre
322 2001 219 56 (obtenue
558 2018 81 38 par
652 2002 197 54 l'emploi
880 2004 57 40 du
959 2005 189 50 registre
1171 2018 137 37 grave
1325 2013 41 32 et
1396 2004 77 40 des
1501 2004 379 51 contre-basses);
1910 2009 45 35 2°
1978 2005 39 39 la
2049 2005 67 39 len-

114 2082 97 32 teur
250 2082 41 31 et
322 2074 41 39 la
399 2073 218 40 direction
657 2073 301 41 descendante
1000 2073 59 40 du
1101 2073 153 41 dessin
1296 2074 272 52 mélodique,
1592 2080 57 34 où
1687 2073 65 40 les
1788 2074 259 40 intervalles
2084 2074 53 40 de

116 2144 218 52 septième
353 2150 42 32 et
415 2140 200 42 d'octave
631 2150 42 32 et
694 2142 63 40 les
779 2142 227 40 dernières
1030 2150 128 32 notes
1179 2143 201 40 donnent
1404 2156 86 26 une
1513 2142 145 54 image
1679 2142 53 40 de
1753 2142 234 46 lassitude,
2011 2142 101 40 d'im-

116 2214 258 50 puissance,
399 2211 54 40 de
476 2211 145 40 chute.
724 2209 354 42 L'assimilation
1100 2211 53 40 de
1176 2226 70 26 ces
1265 2213 264 39 sentiments
1552 2215 21 36 à
1602 2211 38 40 la
1661 2211 183 40 couleur
1866 2210 182 41 sombre
2071 2220 65 32 est

118 2281 225 52 classique
379 2280 112 40 dans
534 2280 38 39 la
598 2281 169 51 poésie.
806 2279 89 52 (Cf.
939 2280 211 48 Homère,
1196 2280 138 40 Iliade
1341 2314 9 16 ,
1394 2293 124 36 xvm,
1561 2290 78 37 22;
1679 2279 233 53 Euripide,
1947 2288 69 45 Hp.
2032 2293 100 39 goe.v.

116 2366 40 24 v.
190 2364 103 37 1139
316 2364 9 34 ;
363 2348 289 53 Shakspeare
675 2348 166 42 faisant
861 2350 94 40 dire
977 2354 21 36 à
1026 2349 179 41 Hamlet
1228 2364 80 39 par
1332 2349 188 41 Clodius
1539 2360 7 23 :
1569 2363 19 24 «
1615 2349 232 52 Pourquoi
1868 2363 71 27 ces
1967 2363 167 40 nuages

116 2421 77 51 qui
224 2420 261 40 continuent
509 2423 21 35 à
568 2432 114 27 vous
704 2418 272 53 envelopper
1000 2423 15 35 ?
1049 2432 19 25 »
1095 2418 143 55 etc...)

173 2487 280 48 Schumann,
490 2497 133 43 ayant
664 2492 22 36 à
719 2493 278 47 représenter
1032 2488 39 40 le
1110 2488 113 40 désir
1255 2486 88 55 (op.
1393 2501 65 38 51,
1481 2493 48 35 n°
1558 2487 53 52 1),
1654 2489 200 49 imagine
1878 2488 39 40 la
1942 2486 191 44 formule

117 2559 207 40 suivante
349 2566 9 31 I
