2662 4132
952 440 79 42 LA
1062 440 391 55 CHRONIQUE
1487 444 322 47 MUSICALE

485 448 90 44 214

481 597 167 45 courte,
672 592 285 41 commandés
987 606 78 42 par
1093 593 59 42 les
1190 606 195 46 exempts
1420 599 61 40 Le
1514 599 133 43 Roux
1680 612 41 31 et
1756 602 219 55 Panetier,
2012 607 224 54 qu'accom-

485 662 243 55 pagnaient
772 665 61 41 les
875 665 211 43 huissiers
1130 667 179 43 Rozeau
1345 681 39 31 et
1425 671 197 58 Girault,
1665 684 204 47 porteurs
1920 677 53 43 de
2015 679 145 43 l'arrêt
2201 681 62 43 du

488 737 262 53 Parlement,
775 741 276 54 pénétrèrent
1073 742 110 42 dans
1211 742 42 43 la
1272 743 112 57 loge.
1427 746 217 57 Pelletier,
1666 751 245 44 menuisier
1939 753 55 42 de
2020 753 42 44 la
2099 755 128 44 Comé-

481 812 347 56 die-Française,
853 816 164 40 escorté
1048 814 53 42 de
1129 831 185 41 garçons
1350 821 154 42 munis
1537 823 50 41 de
1625 825 176 55 haches,
1836 827 52 42 de
1911 828 122 52 scies,
2061 830 56 43 de
2151 845 87 29 mar-

484 894 147 49 teaux,
650 900 97 40 etc.,
772 901 98 42 etc.,
894 901 123 30 entra
1037 891 265 54 également.
1330 893 151 56 Holtz,
1507 897 78 55 qui
1614 901 121 42 avait
1756 902 66 41 été
1845 905 197 53 prévenu
2071 906 54 42 de
2154 919 112 31 cette

484 963 142 50 visite,
646 974 123 49 reçut
791 972 98 34 tout
907 978 45 28 ce
969 966 165 41 monde
1156 980 102 29 avec
1286 981 64 29 un
1377 968 157 56 flegme
1557 982 98 33 tout
1675 974 270 59 helvétique.
1975 980 35 41 11
2032 981 156 44 écouta
2207 982 55 42 de

482 1039 146 40 même
662 1037 41 42 la
738 1038 164 42 lectuie
929 1038 51 42 de
1015 1039 161 55 lanct,
1210 1042 100 54 puis
1340 1042 31 42 il
1411 1043 48 41 fit
1493 1058 63 28 un
1586 1046 142 55 signe,
1766 1058 42 33 et
1836 1065 61 28 un
1934 1067 279 45 personnage
2235 1061 24 38 à

481 1113 172 42 l'allure
675 1113 244 43 solennelle
940 1114 66 43 fut
1023 1115 237 52 introduit,
1284 1117 143 57 lequel
1454 1120 84 41 très
1559 1134 261 41 gravement
1839 1141 43 26 se
1906 1128 80 42 mit
2005 1132 23 38 à
2053 1145 79 28 son
2156 1140 101 35 tour

486 1193 24 37 à
529 1188 80 42 lire
632 1202 64 28 un
720 1190 162 41 second
907 1192 111 42 arrêt
1039 1192 76 54 qui
1140 1193 231 43 détruisait
1398 1194 131 42 l'effet
1549 1197 60 40 du
1634 1199 205 54 premier.

538 1264 61 42 Ce
621 1278 275 42 personnage
919 1265 106 43 était
1046 1267 155 41 maître
1223 1268 225 56 Hesselin,
1473 1270 194 44 huissier
1689 1274 62 41 du
1769 1274 152 45 Grand
1945 1278 199 46 Conseil.

545 1338 108 42 Vive
673 1339 258 42 altercation
951 1352 123 30 entre
1102 1341 64 41 les
1189 1343 110 42 trois
1317 1343 236 45 huissiers,

615 1413 187 43 Défense
833 1423 66 34 est
929 1414 105 43 faite
1068 1429 88 29 aux
1190 1418 258 43 comédiens
1482 1429 42 33 et
1557 1434 90 29 aux
1675 1423 168 43 forains
1874 1425 54 42 de
1963 1430 215 52 procéder
2198 1446 55 28 en

482 1489 126 42 nulle
626 1500 123 31 autre
769 1489 262 56 juridiction
1053 1505 86 42 que
1162 1491 108 44 celle
1291 1507 88 41 que
1398 1494 39 54 je
1460 1496 262 55 représente,
1749 1500 137 45 disait
1911 1503 225 45 Hesselin.

616 1564 128 42 Nous
776 1578 54 29 ne
865 1566 293 42 connaissons
1195 1568 169 41 d'autre
1402 1568 259 55 juridiction
1698 1587 86 41 que
1815 1575 39 42 le
1892 1576 263 60 Parlement,
2197 1597 44 28 re-

482 1637 215 56 partirent
731 1637 177 45 Girault
941 1650 41 32 et
1018 1640 195 55 Rozeau,
1247 1645 222 53 pourquoi
1507 1659 117 29 nous
1660 1648 141 43 allons
1838 1654 213 52 procéder
2081 1659 24 38 à
2139 1655 104 45 l'exé-

482 1712 172 43 cution.

618 1789 126 43 Vous
768 1804 54 28 ne
844 1790 40 42 le
904 1790 111 43 ferez
1035 1804 93 43 pas.

618 1863 127 44 Nous
771 1866 38 41 le
832 1866 160 42 ferons.

615 1937 68 42 Eh
720 1937 102 42 bien
843 1940 9 42 !
877 1940 110 40 dans
1017 1954 47 28 ce
1089 1955 86 42 cas,
1200 1943 109 55 moi,
1335 1942 226 56 Hesselin,
1589 1946 194 44 huissier
1803 1949 59 43 du
1885 1951 152 43 Grand
2060 1954 197 54 Conseil,

484 2011 40 54 je
547 2012 170 42 déclare
742 2030 19 21 «
785 2027 87 42 que
891 2015 37 53 je
951 2029 113 27 vous
1086 2017 161 55 prends
1269 2022 24 37 à
1313 2018 137 56 partie
1473 2034 55 28 en
1544 2034 78 29 vos
1637 2036 184 42 propres
1844 2036 41 32 et
1905 2027 146 54 privés
2075 2044 145 29 noms.
2239 2049 23 23 »

543 2086 84 42 Les
654 2087 115 41 deux
796 2087 215 43 huissiers
1044 2089 62 42 du
1147 2091 250 44 Parlement
1431 2107 43 28 se
1510 2097 306 45 consultèrent
1851 2100 60 42 du
1948 2103 169 54 regard.
2156 2106 76 42 Evi-

484 2159 227 46 demment
725 2162 42 42 la
790 2164 112 55 prise
923 2167 23 38 à
969 2164 137 56 partie
1129 2167 60 41 les
1210 2167 120 42 avait
1350 2168 237 45 fortement
1601 2173 216 42 ébranlés.
1840 2175 60 41 Ils
1923 2177 212 46 sortirent
2156 2181 110 43 delà

485 2228 99 56 loge
604 2229 110 42 d'un
735 2232 66 40 air
823 2232 79 54 qui
924 2232 131 43 disait
1078 2233 258 46 clairement
1360 2251 9 26 :

617 2304 130 45 Nous
768 2319 56 30 ne
844 2307 193 42 voulons
1060 2322 75 41 pas
1159 2310 145 41 courir
1326 2310 61 41 les
1408 2310 172 58 risques
1601 2314 54 42 de
1683 2328 45 28 ce
1758 2316 142 52 jeu-là
1918 2332 10 37 ;
1966 2319 143 45 allons
2146 2336 114 30 nous

489 2379 230 55 prémunir
738 2392 153 30 contre
913 2392 119 32 toute
1053 2383 268 43 éventualité
1342 2385 220 45 fâcheuse.

545 2453 56 43 Et
615 2453 54 42 de
693 2454 92 53 fait,
811 2463 134 48 ayant
965 2455 128 43 laissé
1114 2457 96 41 leur
1232 2469 176 43 escorte,
1439 2460 54 42 ils
1517 2476 44 28 se
1584 2469 344 51 transportèrent
1948 2482 105 29 sous
2074 2469 43 43 la
2139 2479 125 49 porte

486 2528 51 42 de
571 2529 41 42 la
641 2529 178 55 Treille,
853 2531 291 56 précisément
1177 2534 189 43 derrière
1388 2535 41 42 la
1449 2537 98 54 loge
1568 2538 54 42 de
1644 2539 152 56 Holtz,
1826 2543 107 42 chez
1954 2544 40 42 le
2015 2558 247 43 procureur

486 2601 197 46 Burette.
710 2604 79 54 Là,
820 2604 54 43 ils
896 2608 256 42 trouvèrent
1176 2606 228 46 Dancourt
1436 2619 43 34 et
1517 2611 167 58 Dufay,
1702 2614 118 43 deux
1849 2617 253 44 sociétaires
2135 2620 54 44 de
2222 2622 42 42 la

484 2678 490 57 Comédie-Française,
1029 2686 317 54 accompagnés
1402 2686 60 41 du
1512 2689 303 44 commissaire
1872 2691 249 47 Chevalier.
2177 2697 82 41 Les

486 2752 212 44 huissiers
719 2755 96 42 leur
837 2755 131 44 firent
988 2766 99 46 part
1107 2758 52 43 de
1180 2759 334 44 l'intervention
1548 2763 62 42 du
1642 2764 154 44 Grand
1829 2766 196 46 Conseil.
2064 2770 62 42 Le
2163 2785 72 41 pro-

482 2840 164 29 cureur
679 2839 41 32 et
752 2829 40 42 le
825 2830 304 44 commissaire
1152 2834 235 54 opinèrent
1418 2835 111 56 qu'il
1563 2838 107 43 était
1704 2840 193 55 prudent
1929 2844 53 39 de
2013 2857 44 28 se
2086 2844 166 42 retirer.

484 2902 117 42 Mais
622 2904 61 41 les
703 2905 266 53 comédiens,
996 2907 152 42 moitié
1163 2923 55 28 en
1241 2909 133 43 haine
1394 2910 75 42 des
1491 2911 180 56 forains,
1698 2915 155 43 moitié
1874 2930 112 42 pour
2008 2918 250 54 s'épargner

484 2976 194 44 l'affront
721 2978 135 44 d'une
903 2981 218 56 reculade,
1171 2985 127 54 après
1338 2985 234 56 l'algarade
1609 2987 183 44 odieuse
1831 3001 42 31 et
1912 2990 187 43 ridicule
2128 2992 135 55 qu'ils

485 3052 208 43 venaient
715 3053 53 42 de
789 3064 276 48 commettre,
1095 3057 222 56 exigèrent
1343 3060 140 56 qu'on
1515 3065 145 52 passât
1689 3074 124 31 outre
1840 3064 146 43 l'arrêt
2017 3065 61 42 du
2108 3065 152 43 Grand

482 3126 197 54 Conseil,
703 3137 44 35 et
768 3128 273 45 déclarèrent
1062 3145 200 30 assumer
1283 3142 120 35 toute
1425 3135 40 42 la
1488 3137 337 55 responsabilité
1845 3137 53 42 de
1916 3151 45 29 ce
1975 3137 77 57 qui
2074 3142 189 54 pouvait

482 3203 182 42 arriver.
701 3203 71 42 En
802 3206 244 48 attendant,
1084 3207 55 42 ils
1167 3207 226 56 signèrent
1420 3225 62 28 un
1511 3222 292 44 engagement
1825 3211 109 43 dans
1966 3226 46 28 ce
2047 3227 104 30 sens
2175 3230 89 28 aux

482 3278 116 43 deux
630 3279 213 44 huissiers
876 3282 60 41 du
975 3282 269 58 Parlement,
1281 3287 79 55 qui
1397 3287 114 42 alors
1553 3290 310 40 retournèrent
1898 3288 107 42 chez
2051 3290 137 43 Holtz
2225 3304 41 30 et

488 3370 19 21 «
532 3353 130 43 firent
692 3357 170 42 abattre
899 3371 88 28 une
1016 3359 142 56 partie
1189 3361 59 40 du
1284 3361 165 43 théâtre
1477 3372 42 33 et
1545 3362 74 42 des
1652 3362 139 56 loges,
1827 3376 182 44 rompre
2043 3365 62 44 les
2139 3367 102 43 déco-

484 3428 166 43 rations
673 3440 41 30 et
735 3429 191 44 démolir
947 3432 61 42 les
1031 3433 135 42 bancs
1183 3434 63 44 du
1269 3445 200 47 parquet.
1501 3453 18 21 »

546 3503 37 42 Il
602 3517 53 28 va
674 3518 102 28 sans
796 3504 95 45 dire
913 3521 88 40 que
1023 3507 182 44 Godard
1233 3511 118 42 subit
1373 3511 40 42 la
1436 3511 144 42 même
1601 3512 294 46 dévastation.
