2662 4132
591 493 87 41 236

1061 493 78 42 LA
1172 491 395 52 CHRONIQUE
1600 488 325 45 MUSICALE

647 648 381 42 Non-seulement
1048 656 109 30 cette
1182 644 217 56 première
1418 643 145 57 partie
1582 646 49 39 de
1651 643 42 42 la
1711 640 207 44 Nativité
1932 651 64 31 est
2013 639 103 42 bien
2135 639 244 42 intérieure

588 727 23 38 à
634 723 43 41 la
701 722 233 42 deuxième
957 733 86 42 que
1068 733 114 28 nous
1203 732 137 29 avons
1361 719 222 42 entendue
1603 719 174 41 Tannée
1800 714 231 53 dernière;
2051 713 114 43 mais
2187 714 54 41 de
2261 714 117 56 plus,

590 809 40 31 et
661 797 103 42 c'est
799 795 41 41 là
877 802 181 33 surtout
1093 806 47 29 ce
1173 792 77 55 qui
1288 793 240 53 m'étonne,
1566 807 68 28 ces
1667 792 115 41 deux
1813 792 244 54 fragments
2092 789 109 41 d'un
2234 789 146 41 même

590 884 197 42 ouvrage
823 878 105 33 sont
961 869 135 41 d'une
1131 868 268 56 conception
1423 866 286 44 absolument
1738 866 231 44 différente
1992 874 43 33 et
2058 874 237 46 marquent
2317 877 61 28 un

588 945 158 43 conflit
785 944 183 42 évident
1000 954 123 32 entre
1154 943 118 42 deux
1300 945 214 52 systèmes
1549 941 87 42 fort
1660 941 262 56 disparates.
1954 941 95 41 J'en
2079 938 183 43 conclus
2292 952 88 40 que

590 1021 64 44 M.
681 1019 226 44 Maréchal
936 1019 188 42 cherche
1160 1032 44 28 sa
1227 1018 104 42 voie
1369 1024 42 34 et
1434 1030 55 28 ne
1513 1016 84 41 sait
1620 1030 75 41 pas
1726 1015 103 43 bien
1864 1029 161 29 encore
2051 1029 49 28 ce
2126 1013 113 57 qu'il
2275 1021 108 33 veut

588 1098 126 43 faire.
741 1096 85 42 Ces
845 1095 263 43 hésitations
1129 1105 101 31 sont
1253 1104 142 32 toutes
1418 1091 241 43 naturelles
1693 1093 108 40 chez
1832 1105 61 27 un
1918 1090 150 43 artiste
2088 1090 80 56 qui
2199 1089 181 48 débute,

590 1183 40 29 et
651 1171 92 42 loin
766 1170 54 42 de
853 1170 95 42 moi
972 1170 39 41 la
1037 1170 160 55 pensée
1218 1169 102 40 d'en
1345 1167 108 41 faire
1489 1180 62 28 un
1575 1165 139 42 crime
1737 1169 22 37 à
1782 1165 192 42 l'auteur
2004 1165 54 41 de
2081 1165 42 41 la

591 1245 116 42 Mais
723 1245 33 42 il
781 1245 93 42 faut
893 1259 88 41 que
1004 1244 185 42 l'artiste
1211 1241 205 57 acquière
1437 1240 286 57 rapidement
1738 1253 89 29 une
1846 1239 261 42 conviction
2126 1249 41 32 et
2184 1237 194 44 s'efforce

588 1321 55 41 de
666 1321 192 55 dégager
879 1334 57 28 au
961 1319 101 55 plus
1084 1329 87 30 vite
1194 1331 83 28 son
1310 1326 152 33 accent
1483 1315 262 57 personnel;
1772 1314 32 41 il
1829 1322 65 32 est
1918 1314 330 54 indispensable
2269 1326 61 42 qu
2349 1311 31 42 il

588 1394 87 43 fixe
698 1409 89 26 une
812 1395 147 40 bonne
983 1392 85 42 fois
1095 1406 65 28 ses
1183 1392 120 41 idées
1330 1391 111 42 dans
1463 1405 61 27 un
1549 1404 100 26 sens
1665 1402 61 28 ou
1745 1388 111 41 dans
1880 1388 175 53 l'autre,
2079 1401 86 42 peu
2187 1386 193 56 importe

588 1468 171 56 lequel,
784 1482 192 42 pourvu,
1016 1468 202 55 qu'après
1253 1470 129 38 mûre
1406 1462 311 56 délibération,
1744 1462 33 42 il
1800 1462 211 42 choisisse
2040 1476 90 28 une
2158 1461 221 42 direction

588 1545 235 43 conforme
844 1547 24 38 à
884 1557 66 28 ses
975 1543 241 42 tendances
1237 1552 42 32 et
1301 1547 24 37 à
1343 1555 79 29 son
1446 1542 341 53 tempérament,
1813 1546 42 34 et
1872 1537 112 57 qu'il
2007 1538 65 55 s'y
2096 1537 124 42 lance
2243 1538 117 41 carré-

590 1630 139 45 ment,
756 1621 104 42 sauf
886 1623 24 39 à
933 1618 325 44 l'abandonner
1278 1617 100 56 plus
1401 1617 112 53 tard,
1538 1617 40 41 le
1610 1615 99 55 jour
1729 1621 57 35 où
1810 1613 32 42 il
1865 1613 320 43 reconnaîtrait
2217 1612 110 57 qu'il
2356 1626 24 28 a

587 1695 80 43 fait
687 1696 145 40 fausse
854 1705 141 31 route.
1015 1695 140 54 Après
1176 1692 125 42 s'être
1316 1691 125 42 lancé
1463 1691 83 40 tête
1564 1689 165 42 baissée
1747 1688 110 42 dans
1874 1688 42 41 la
1932 1686 192 43 carrière
2147 1686 232 49 italienne,

592 1771 261 56 Meyerbeer
881 1768 175 42 s'arrêta
1091 1776 73 33 net
1184 1767 39 41 le
1244 1766 101 54 jour
1381 1769 60 37 où
1469 1764 30 41 il
1531 1773 216 33 reconnut
1773 1776 88 42 que
1883 1772 111 32 cette
2018 1761 188 41 carrière
2231 1761 151 41 n'était

590 1858 77 42 pas
689 1844 233 42 conforme
941 1857 89 28 aux
1052 1841 231 43 véritables
1303 1839 270 56 aspirations
1594 1839 56 41 de
1670 1852 83 28 son
1775 1837 129 56 génie
1919 1851 11 37 ;
1961 1837 33 40 il
2030 1836 49 41 fit
2102 1844 153 33 retour
2285 1849 97 28 vers

590 1921 315 54 l'Allemagne,
940 1927 43 33 et
1448 1918 170 42 Robert
1216 1916 222 54 inaugura
1472 1914 41 42 la
1545 1916 189 40 seconde
1770 1912 199 42 manière
2003 1912 54 42 de
2090 1912 189 42 l'auteur
2311 1910 61 42 du

594 1993 242 48 Crociato;
872 1990 80 58 qui
987 1990 84 44 sait
1104 1990 37 41 si
1175 1988 287 56 VAfricaine
1495 1987 155 44 n'était
1672 2001 77 42 pas
1772 1985 41 42 le
1841 1985 132 56 point
1994 1984 55 43 de
2072 1985 156 56 départ
2248 1984 134 42 d'une

590 2068 209 43 nouvelle
822 2065 368 45 transformation
1206 2062 17 44 ?

646 2144 102 51 Que
781 2143 72 42 M.
892 2140 230 43 Maréchal
1156 2154 45 28 se
1222 2140 100 42 hâte
1344 2139 118 42 donc
1485 2139 55 41 de
1563 2138 189 56 prendre
1784 2153 63 28 un
1876 2135 116 59 parti
2021 2144 43 34 et
2097 2134 186 44 n'hésite
2307 2148 76 43 pas

590 2220 103 56 plus
714 2219 257 55 longtemps
992 2220 24 38 à
1048 2217 174 41 donner
1242 2229 64 28 un
1329 2215 112 42 libre
1462 2228 121 28 essor
1601 2228 87 28 aux
1707 2214 212 42 sérieuses
1941 2211 192 58 qualités
2161 2211 110 44 dont
2303 2211 30 42 il
2358 2225 24 28 a

588 2294 96 55 déjà
721 2293 78 42 fait
828 2305 182 44 preuve.
1041 2291 35 41 Il
1103 2293 142 53 paraît
1264 2290 119 41 doué
1408 2289 135 42 d'une
1566 2288 305 56 organisation
1898 2288 89 42 fine
2010 2298 41 30 et
2073 2286 208 52 délicate,
2307 2286 29 41 il
2356 2300 26 28 a

590 2368 62 42 du
675 2371 123 51 goût,
839 2366 33 42 il
906 2379 164 43 pourra
1105 2363 204 58 acquérir
1330 2363 255 41 facilement
1610 2363 41 40 la
1682 2365 126 51 grâce
1839 2370 44 33 et
1911 2361 259 55 l'élégance,
2201 2374 178 41 pourvu

592 2444 113 54 qu'il
740 2455 174 43 prenne
947 2440 134 57 garde
1114 2440 54 41 de
1202 2451 147 30 verser
1381 2437 110 42 dans
1513 2437 42 42 la
1590 2436 261 42 sensiblerie
1879 2446 40 32 et
1952 2436 44 41 la
2025 2434 291 57 mignardise,
2340 2445 42 31 et

592 2517 112 58 qu'il
728 2531 45 27 se
793 2516 112 42 défie
936 2516 54 41 de
1022 2514 218 43 certaines
1263 2512 240 44 tendances
1526 2516 21 37 à
1570 2510 296 44 l'uniformité
1895 2510 319 42 sentimentale
2242 2510 138 54 qu'on

591 2609 23 27 a
635 2609 59 41 pu
717 2605 256 45 remarquer
988 2591 111 42 dans
1114 2604 66 29 ses
1193 2591 243 55 premières
1451 2586 343 57 compositions.
1817 2586 68 42 En
1902 2596 142 45 outre,
2067 2586 66 42 M.
2153 2585 227 42 Maréchal

596 2683 24 26 a
643 2683 62 28 un
729 2666 136 57 esprit
881 2666 113 56 juste
1020 2681 8 27 :
1061 2664 202 57 lorsqu'il
1297 2679 24 26 a
1350 2678 91 27 une
1463 2662 219 43 situation
1702 2666 24 38 à
1744 2661 177 56 rendre,
1947 2661 33 42 il
2012 2675 56 28 ne
2097 2660 42 43 la
2170 2660 111 42 rend
2304 2674 78 42 pas

592 2744 216 55 toujours,
836 2742 112 42 mais
971 2741 61 43 du
1055 2741 147 43 moins
1225 2740 31 42 il
1277 2740 112 42 n'est
1408 2738 158 56 jamais
1584 2744 24 36 à
1630 2740 109 40 côté,
1767 2737 118 43 C'est
1905 2737 44 42 là
1975 2750 89 29 une
2088 2735 172 56 qualité
2283 2736 75 56 pré-

592 2818 149 42 cieuse
762 2829 124 31 entre
908 2829 162 42 toutes,
1095 2829 127 43 parce
1241 2827 89 44 que
1359 2815 103 40 c'est
1489 2827 89 28 une
1606 2812 171 57 qualité
1799 2811 242 51 naturelle;
2077 2811 165 41 l'étude
2264 2824 54 28 ne
2340 2810 42 42 la

596 2892 155 42 donne
774 2906 93 41 pas,
892 2890 86 42 elle
1001 2904 55 28 ne
1077 2900 108 45 peut
1207 2902 88 42 que
1317 2888 42 41 la
1382 2887 273 56 développer
1684 2896 42 32 et
1754 2886 215 42 l'amener
1998 2888 24 37 à
2045 2897 79 28 son
2148 2885 100 54 plus
2272 2883 111 42 haut

595 2966 129 56 point
755 2965 53 41 de
828 2963 263 59 perfection,
1112 2962 78 57 qui
1215 2972 62 32 est
1297 2962 42 41 le
1369 2961 129 57 style.
1538 2959 154 55 Enfin,
1726 2973 58 28 on
1817 2959 223 41 découvre
2062 2957 108 41 chez
2198 2956 67 42 lui
2292 2971 87 28 une

594 3039 182 44 louable
797 3038 346 57 préoccupation
1166 3037 52 42 de
1241 3050 56 28 ne
1326 3050 78 42 pas
1433 3034 108 42 faire
1563 3047 176 29 comme
1767 3043 99 32 tout
1885 3033 38 39 le
1946 3031 165 41 monde
2133 3041 42 30 et
2194 3031 186 43 d'éviter

594 3116 40 42 le
656 3113 158 59 poncif
830 3125 40 30 et
892 3113 39 42 le
955 3113 148 42 banal.
1131 3112 63 42 M.
1231 3109 230 43 Maréchal
1483 3119 62 32 est
1570 3109 117 42 donc
1710 3107 103 42 bien
1844 3106 136 53 doué,
2024 3104 129 56 mais,
2185 3106 113 55 qu'il
2322 3122 57 27 ne

592 3191 62 54 s'y
676 3202 174 43 trompe
873 3187 150 57 pas,.il
1046 3187 63 43 lui
1129 3197 112 30 reste
1272 3199 160 28 encore
1453 3184 238 54 beaucoup
1715 3187 23 37 à
1763 3179 220 57 acquérir,
2008 3189 182 33 surtout
2209 3196 107 26 sous
2340 3183 39 42 le

591 3273 182 48 rapport
799 3266 52 39 de
874 3264 42 41 la
939 3263 160 42 forme.
1136 3262 90 42 Son
1253 3260 398 42 instrumentation
1676 3267 63 32 est
1761 3264 96 33 tout
1879 3259 24 37 à
1927 3254 80 43 fait
2027 3255 346 56 rudimentaire,

592 3354 79 28 son
694 3338 253 53 harmonie,
966 3337 133 57 plate,
1124 3346 263 41 monotone,
1409 3346 39 30 et
1465 3347 100 28 sans
1583 3344 148 29 aucun
1748 3333 231 39 caractère.
1996 3329 82 44 Ces
2095 3332 115 40 deux
2228 3332 152 55 points

591 3415 187 44 devront
807 3415 110 42 faire
952 3412 151 55 l'objet
1137 3412 135 41 d'une
1307 3410 135 42 étude
1474 3406 204 44 sérieuse.
1724 3406 100 42 Une
1855 3406 325 44 connaissance
2217 3422 134 42 appro-

592 3489 155 43 fondie
787 3489 54 42 de
881 3487 257 43 l'orchestre
1178 3495 64 32 est
1282 3481 335 58 indispensable
1657 3484 25 39 à
1731 3483 261 56 quiconque
2034 3492 108 34 veut
2182 3481 192 54 arriver,

590 3563 288 56 aujourd'hui
896 3573 172 33 surtout
1082 3575 86 42 que
1185 3560 40 41 la
1241 3559 165 57 grande
1423 3556 192 46 habileté
1630 3556 53 44 de
1700 3570 81 30 nos
1797 3556 327 59 compositeurs
2143 3558 234 43 modernes
