2662 4132
2053 1309 51 49 0)

551 1323 118 71 LA
743 1323 310 73 FOIRE
1127 1323 891 73 SAINT-GERMAIN

1081 1911 261 29 DEUXIEME
1388 1914 179 26 PARTIE

789 2044 312 45 STECTA
1119 2048 181 42 CLES
1340 2050 110 41 DE
1491 2051 107 42 LA
1638 2050 243 52 FOIRE

1251 2188 9 40 (
1272 2187 131 41 Suite.)

1273 2394 107 39 XIX

912 2563 25 25 N
960 2548 83 42 sait
1070 2562 85 41 que
1185 2562 112 27 nous
1320 2562 191 28 sommes
1531 2563 54 28 en
1615 2565 128 40 1709.

969 2622 225 56 Quelques
1227 2623 120 55 jours
1376 2634 133 32 avant
1531 2624 272 42 l'ouverture
1837 2625 51 41 de
1923 2625 40 41 la
1992 2625 143 54 Foire,
2162 2626 60 41 les

913 2698 137 40 sieurs
1075 2699 137 40 Holtz
1239 2709 40 31 et
1306 2699 194 48 Godard,
1527 2700 168 41 Suisses
1717 2700 52 40 de
1797 2700 40 40 la
1860 2700 132 54 garde
2016 2700 52 40 de
2091 2700 72 41 feu
2185 2700 38 40 le

912 2772 85 41 duc
1022 2772 249 53 d'Orléans,
1298 2788 40 26 se
1361 2775 304 54 présentèrent
1687 2779 23 36 à
1741 2775 40 40 la
1807 2775 142 55 police
1971 2786 40 31 et
2035 2777 155 39 deman-

911 2847 150 42 dèrent
1082 2848 323 42 l'autorisation
1429 2850 196 41 d'ouvrir
1640 2850 170 42 chacun
1828 2865 59 27 un
1902 2850 222 56 spectacle.
2148 2850 72 40 On

913 2922 40 40 la
976 2922 97 41 leur
1101 2923 181 41 accorda
1301 2923 385 43 immédiatement
1704 2939 10 39 ;
1738 2925 186 41 aussitôt
1944 2925 53 40 ils
2021 2938 43 27 se
2081 2934 134 31 trans-

437 2998 227 53 portèrent
687 2996 104 41 chez
816 2996 219 42 Bertrand
1059 3005 40 33 et
1122 2998 64 41 lui
1212 2998 148 42 dirent
1384 3014 8 26 :

569 3071 115 42 C'est
701 3071 98 50 fait;
826 3085 112 27 nous
962 3085 135 28 avons
1126 3073 320 41 l'autorisation
1477 3088 85 40 que
1585 3075 132 53 voilà,
1743 3085 39 30 et
1801 3074 134 54 qu'on
1962 3087 111 27 nous
2095 3087 22 27 a
2142 3073 52 41 dé-

442 3146 137 41 livrée
602 3160 100 27 sans
724 3146 40 41 la
783 3146 207 41 moindre
1013 3146 227 43 difficulté.

499 3221 232 54 Bertrand,
765 3222 242 55 transporté
1041 3222 51 41 de
1127 3222 103 55 joie,
1267 3224 149 42 réunit
1447 3238 66 27 ses
1547 3225 217 41 confrères
1799 3223 140 53 Dolet,
1970 3223 184 55 Laplace
2180 3232 42 34 et

441 3295 152 42 Selles.

565 3370 161 42 J'avais
748 3374 155 39 trouvé
929 3386 60 27 un
1014 3373 129 53 biais,
1164 3374 95 41 leur
1282 3374 134 54 dit-il,
1438 3389 110 41 pour
1565 3388 143 41 passer
1732 3374 253 56 par-dessus
2012 3374 60 42 les
2090 3377 135 40 arrêts

485 3525 52 42 (i)
558 3524 94 34 Voir
674 3525 53 33 les
746 3527 177 32 numéros
945 3527 64 33 des
1036 3539 10 21 i
1056 3534 29 17 er
1106 3528 195 34 décembre
1324 3529 64 45 187
1396 3530 31 39 b,
1453 3541 10 21 lel'1
1473 3535 21 14 e1
1494 3524 4 50 '
1519 3535 34 28 et
1579 3530 41 34 ib
1643 3528 104 46 avril,
1769 3541 11 23 lel'1
1789 3539 23 17 e1
1813 3524 4 50 '
1836 3542 18 23 e
1861 3538 13 26 t
1901 3524 20 50 i
1941 3524 19 50 5
1980 3524 59 50 mai
2067 3530 106 44 1876.
