2662 4132
973 437 77 41 LA
1083 435 391 54 CHRONIQUE
1507 437 321 43 MUSICALE

513 447 86 30 210

509 587 173 41 tembre
710 588 132 56 1767,
862 600 79 42 par
959 587 327 52 Bachaumont,
1308 601 179 29 comme
1510 588 163 43 devant
1687 602 150 42 passer
1859 602 102 28 sous
1985 601 87 42 peu
2095 587 55 41 de
2170 587 125 55 jours

509 665 24 38 à
555 662 198 57 l'Opéra.

569 736 36 42 Il
634 752 30 33 y
696 753 24 27 a
757 736 214 43 toutefois
995 736 109 42 dans
1132 737 42 41 le
1207 738 242 54 répertoire
1477 740 155 41 oublié
1653 740 55 41 de
1727 740 450 57 l'Opéra-Comique,
2204 757 89 28 une

509 812 120 56 pièce
651 816 23 38 à
697 811 199 56 laquelle
918 811 193 41 Monnet
1129 814 141 53 paraît
1292 812 174 42 n'avoir
1488 828 74 40 pas
1585 815 64 40 été
1670 815 205 55 étranger
1898 830 10 28 :
1934 816 103 42 c'est
2059 817 41 41 la
2122 819 173 41 Fausse

517 887 180 54 Turque
703 919 10 16 ,
743 887 136 54 opéra
913 885 213 55 comique
1150 886 151 41 donné
1336 890 23 36 à
1395 887 40 41 la
1474 888 112 41 foire
1618 889 362 55 Saint-Laurent,
2017 893 41 40 le
2095 893 20 41 3
2150 892 146 54 juillet

512 962 129 56 1761,
666 960 209 54 musique
903 960 54 41 de
981 959 169 42 Gibert.
1176 960 61 41 Le
1256 973 49 30 21
1328 962 60 40 du
1407 962 275 42 mêmemois
1701 964 143 42 l'abbé
1861 966 54 40 de
1932 966 232 43 Voisenon
2188 968 106 41 écrit

506 1039 24 37 à
548 1035 264 41 Favartune
835 1034 128 41 lettre
986 1048 89 41 que
1096 1034 117 41 voici
1237 1045 40 31 et
1299 1035 79 55 qui
1402 1036 123 54 prête
1547 1040 24 37 à
1595 1048 108 30 cette
1722 1038 248 56 hypothèse
1996 1056 8 26 :
2037 1060 17 20 «
2081 1043 212 41 Madame

507 1108 137 43 Gorbi
670 1122 70 28 me
764 1108 64 42 dit
851 1122 88 42 que
955 1108 434 57 l'Opéra-Comique
1408 1109 79 42 fait
1506 1110 75 42 des
1605 1112 255 42 merveilles
1879 1129 9 33 ;
1915 1129 59 26 on
1998 1117 64 40 lui
2086 1132 23 26 a
2133 1131 136 42 cepen-

505 1184 108 41 dant
642 1184 165 41 mandé
830 1184 169 55 qu'une
1022 1183 123 56 pièce
1169 1184 216 41 nouvelle
1420 1185 112 41 dont
1567 1185 84 41 elle
1687 1201 56 26 ne
1780 1188 81 41 sait
1886 1201 77 41 pas
1992 1190 39 40 le
2065 1191 99 42 titre
2188 1193 106 41 était

506 1258 205 55 tombée;
754 1258 39 54 je
833 1258 105 56 juge
977 1272 86 42 que
1110 1260 103 40 c'est
1249 1258 42 42 la
1336 1260 174 40 Fausse
1564 1260 181 56 Turque
1799 1261 53 41 de
1898 1262 205 44 Monnet.
2141 1267 152 42 Toute

505 1342 126 33 autre
656 1342 126 32 autre
805 1332 122 56 pièce
950 1343 161 44 turque
1134 1347 89 41 que
1245 1332 112 42 celle
1387 1333 60 42 du
1470 1338 129 51 poëte
1627 1349 87 27 aux
1748 1349 104 41 gros
1886 1350 118 41 yeux
2041 1339 252 55 (Voisenon

505 1407 79 43 fait
604 1408 198 41 allusion
825 1412 24 36 à
880 1408 177 52 Favart,
1092 1408 79 55 qui
1201 1408 152 41 venait
1381 1409 54 40 de
1468 1409 176 40 donner
1671 1423 57 28 au
1753 1411 390 44 Théâtre-Italien
2167 1416 101 40 Soli-

504 1496 102 28 man
634 1483 58 41 II
715 1495 55 29 ou
807 1485 62 39 les
890 1483 232 52 Sultanes,
1145 1495 55 28 en
1223 1482 113 42 avril
1365 1483 127 55 1761)
1529 1497 94 27 sera
1654 1484 42 41 la
1724 1486 172 41 Fausse
1927 1487 185 56 Turque
2127 1503 16 37 ;
2166 1489 31 42 il
2219 1491 75 55 n'y

505 1571 107 28 aura
633 1557 157 55 jamais
812 1571 87 42 que
922 1557 43 41 la
988 1557 155 41 sienne
1167 1557 54 41 de
1242 1557 216 42 véritable
1476 1572 10 41 ;
1506 1558 32 41 il
1557 1558 129 42 ferait
1702 1559 104 41 bien
1829 1560 54 41 de
1905 1575 55 26 ne
1982 1563 161 53 perdre
2165 1564 48 41 ni
2230 1578 64 28 ses

503 1646 119 42 yeux
656 1632 47 41 ni
739 1646 81 29 son
856 1643 158 44 temps.
1051 1649 19 21 »
1114 1632 61 41 Le
1197 1632 262 55 Nécrologe
1492 1633 54 41 de
1586 1635 109 55 1773
1731 1634 80 53 dit,
1852 1636 54 40 de
1942 1650 82 28 son
2060 1639 109 53 côté,
2208 1653 86 40 que

507 1707 183 54 Brunet,
715 1706 78 55 qui
816 1721 141 27 avoua
981 1707 42 41 la
1044 1707 176 41 Fausse
1257 1707 183 55 Turque
1446 1742 8 17 ,
1479 1708 117 41 avait
1618 1722 62 27 un
1704 1709 343 44 collaborateur.
2077 1713 62 41 La
2169 1714 120 54 pièce

504 1783 153 40 tomba
680 1780 35 42 si
741 1781 74 41 bas
838 1780 162 55 qu'elle
1023 1781 64 41 fut
1101 1781 155 41 retirée
1278 1784 125 52 après
1428 1796 89 26 une
1540 1783 121 41 seule
1683 1785 367 53 représentation.

563 1856 68 40 En
664 1856 237 53 revanche,
934 1857 73 40 des
1045 1855 336 56 bibliographes
1419 1857 239 40 modernes
1693 1858 66 41 lui
1797 1859 96 41 font
1927 1860 210 42 honneur
2166 1863 53 39 de
2252 1863 41 40 la

504 1930 159 54 parade
698 1930 61 41 du
806 1930 279 55 Chirurgien
1117 1931 191 55 anglais
1320 1964 8 20 ,
1365 1931 279 55 représentée
1680 1946 53 28 en
1778 1948 128 42 1774,
1945 1945 41 31 et
2021 1935 274 43 faussement

503 2004 219 42 attribuée
744 2008 23 38 à
790 2004 130 43 Collé
943 2005 78 55 (1).

559 2079 159 43 Citons
751 2079 239 42 l'annonce
1021 2080 55 41 de
1098 2080 137 55 Gille,
1259 2081 151 56 placée
1432 2095 55 28 en
1517 2083 84 41 tête
1624 2083 55 41 de
1706 2093 109 33 cette
1836 2086 166 54 parade
2023 2100 178 29 comme
2228 2101 62 27 un

503 2155 226 55 spécimen
751 2154 77 43 des
847 2156 252 55 harangues
1121 2156 258 43 facétieuses
1395 2157 198 43 débitées
1614 2171 89 29 aux
1724 2159 200 43 badauds
1947 2175 79 42 par
2041 2161 64 42 les
2121 2162 172 43 artistes

503 2244 55 28 en
581 2230 123 56 plein
726 2241 105 31 vent
847 2244 12 31 :

557 2395 184 39 GILLE.
763 2396 60 36 De
838 2403 94 30 tous
954 2396 60 37 les
1036 2403 132 43 temps
1190 2396 59 38 les
1275 2398 151 48 grands
1449 2398 210 49 seigneurs
1683 2405 41 31 et
1738 2398 56 37 les
1810 2399 110 37 Gens
1940 2399 55 38 du
2016 2400 103 38 beau
2141 2403 152 37 monde

506 2464 73 30 ont
597 2457 71 37 fait
684 2465 40 29 et
747 2457 93 52 joué
861 2458 38 37 la
924 2458 163 49 parade.
1111 2459 110 37 C'est
1247 2471 43 25 ce
1313 2459 71 48 qui
1414 2460 254 47 m'autorise,
1698 2460 219 39 messieurs
1939 2470 39 29 et
2004 2464 242 49 mesdames,
2273 2464 21 38 à

507 2518 227 38 demander
754 2519 49 37 de
821 2518 277 51 l'indulgenee
1120 2533 106 37 pour
1245 2521 101 37 celle
1368 2533 80 36 que
1472 2533 106 26 nous
1599 2522 133 37 allons
1746 2522 115 38 avoir
1875 2523 223 39 l'honneur
2121 2526 48 37 de
2191 2539 103 25 vous

508 2582 255 50 représenter
785 2594 52 25 en
858 2594 224 38 personnes
1113 2583 236 40 naturelles.
1379 2584 31 36 11
1433 2584 68 50 n'y
1522 2596 23 24 a
1566 2585 89 37 rien
1687 2585 49 37 de
1759 2584 33 38 si
1814 2586 106 37 beau
1944 2599 81 36 que
2052 2587 39 37 la
2119 2590 175 47 parade,

510 2645 48 38 de
581 2645 31 36 si
634 2643 175 38 sublime
831 2656 81 37 que
931 2645 37 36 la
990 2645 163 49 parade,
1179 2653 39 29 et
1233 2645 89 38 rien
1346 2646 232 50 cependant
1600 2646 50 37 de
1673 2646 32 37 si
1726 2647 208 39 ordinaire
1957 2661 81 36 que
2060 2650 37 36 la
2124 2652 166 48 parade.

509 2707 55 37 Le
586 2707 135 37 soldat
753 2705 72 51 qui
860 2719 49 26 va
931 2719 52 25 au
1014 2719 106 37 coup
1141 2709 49 36 de
1212 2707 108 48 fusil,
1346 2720 43 25 ce
1416 2708 105 38 n'est
1548 2721 81 37 que
1657 2721 107 37 pour
1794 2710 39 37 la
1860 2711 170 48 parade.
2067 2713 55 36 Le
2141 2714 124 49 grand-

506 2779 92 28 turc
619 2770 65 37 n'a
699 2782 58 24 un
778 2769 140 38 serrail
936 2782 80 37 que
1033 2782 105 37 pour
1160 2769 37 38 la
1217 2770 170 49 parade;
1409 2779 40 29 et
1470 2772 217 48 beaucoup
1711 2772 49 36 de
1774 2784 98 38 gens
1891 2773 134 49 parmi
2043 2787 117 35 vous,
2187 2788 80 25 mes-

507 2833 145 49 sieurs,
677 2845 52 25 ne
760 2840 169 41 portent
958 2846 56 23 un
1044 2833 128 48 grand
1196 2845 76 25 nez
1294 2845 80 37 que
1402 2846 105 37 pour
1529 2833 38 38 la
1595 2834 162 49 parade.
1786 2836 80 36 Les
1893 2836 146 48 petites
2063 2838 230 38 maîtresses

508 2895 72 49 qui
602 2902 74 30 ont
695 2895 71 37 des
787 2906 189 38 vapeurs,
1002 2895 36 37 la
1060 2895 227 47 bouffante,
1317 2895 36 37 le
1376 2907 95 38 gros
1499 2895 183 50 chignon
1705 2904 40 29 et
1765 2896 37 37 le
1825 2909 163 35 caraco,
2013 2911 45 24 ce
2085 2899 102 36 n'est
2211 2911 80 35 que

507 2970 107 37 pour
647 2957 38 37 la
717 2957 165 48 parade.
923 2958 75 36 Les
1029 2956 121 49 petits
1174 2958 165 37 maîtres
1362 2958 117 37 n'ont
1501 2958 70 36 des
1600 2958 189 38 chevaux
1812 2958 49 38 de
1889 2972 161 25 carosse
2072 2961 160 47 anglois
2251 2970 41 28 et

509 3020 70 38 des
606 3017 264 40 demoiselles
899 3019 50 36 de
983 3019 166 49 l'Opéra
1173 3031 81 38 que
1276 3031 107 38 pour
1414 3019 37 38 la
1472 3020 162 50 parade.
1659 3021 42 37 Si
1724 3033 56 24 on
1805 3033 21 27 a
1844 3021 247 39 abandonné
2118 3022 172 38 Molière

550 3189 53 45 (i)
618 3189 49 33 M.
681 3187 41 36 E.
740 3188 45 33 de
800 3187 147 41 Manne,
965 3188 94 33 dans
1075 3198 68 23 son
1158 3188 181 34 Nouveau
1355 3188 266 34 Dictionnaire
1636 3189 64 33 des
1714 3197 187 34 ouvrages
1917 3197 208 34 anonymes
2141 3195 35 29 et
2186 3202 85 33 pseu-

504 3248 181 41 donymes
715 3245 129 44 (Lyon,
877 3243 221 45 Scheuring,
1136 3243 105 45 1862,
1275 3244 127 44 in-8°),
1432 3245 33 33 la
1499 3245 157 33 restitue
1686 3243 281 33 formellement
1988 3244 19 33 à
2042 3247 168 33 Monnet.
2235 3249 57 33 En

503 3302 97 35 voici
636 3302 34 33 le
703 3301 99 43 titre,
844 3301 121 33 relevé
992 3311 66 22 sur
1090 3301 257 43 l'exemplaire
1369 3301 44 33 de
1440 3301 33 33 la
1496 3300 270 43 Bibliothèque
1793 3300 45 32 de
1860 3300 196 35 l'Arsenal.
2080 3315 18 19 «
2122 3304 51 33 LE
2199 3305 71 34 CHI-

504 3368 162 24 RURGIEN
690 3367 169 33 ANGLOIS,
887 3357 136 43 parade
1055 3367 67 34 par
1150 3357 84 33 M...
1268 3357 118 41 Prix,
1422 3357 134 44 quinze
1576 3357 90 32 sols.
1691 3356 46 42 (A
1770 3356 170 34 Londres
1945 3383 8 15 ,
1984 3364 35 27 et
2055 3369 39 23 se
2119 3366 130 30 trouve
2275 3364 19 32 à

519 3413 116 39 Paris,
657 3412 89 34 chez
772 3413 34 33 la
828 3422 115 25 veuve
971 3412 212 40 Duchesne,
1212 3419 36 28 et
1273 3413 20 34 à
1322 3414 118 44 Lyon,
1470 3412 87 33 chez
1586 3412 32 33 le
1653 3412 100 33 sieur
1784 3412 150 42 Cellier,
1960 3413 165 47 libraire,
2150 3429 47 22 au
2227 3419 46 34 Ca-

503 3469 106 34 binet
647 3468 192 43 littéraire,
877 3469 86 43 quai
999 3469 106 33 Saint
1122 3469 177 34 Antoine.
1343 3480 106 34 1774,
1487 3468 122 42 in-8.)
1644 3468 68 33 Les
1748 3469 166 33 attaches
1943 3471 45 33 de
2010 3471 168 44 Monnet,
2208 3487 85 22 avec

503 3525 167 33 Londres
692 3530 35 26 et
750 3524 105 43 Lyon
879 3524 302 44 expliqueraient
1201 3535 101 23 assez
1319 3525 52 32 les
1393 3525 132 43 dépôts
1543 3523 84 33 faits
1644 3524 93 32 dans
1760 3535 59 22 ces
1839 3525 97 34 deux
1960 3527 121 34 villes.
