2662 4132
954 424 79 41 LA
1065 419 391 54 CHRONIQUE
1490 414 323 46 MUSICALE

493 431 83 40 216

488 564 258 42 finalement
766 563 103 56 gain
889 563 55 40 de
966 575 128 28 cause
1114 574 88 28 aux
1217 558 273 43 comédiens.
1512 554 214 44 Bertrand
1751 553 116 42 avait
1885 551 112 56 payé
2017 550 256 41 chèrement

489 653 80 28 son
602 639 180 42 fameux
822 636 135 50 biais;
1004 634 134 49 aussi,
1174 633 216 55 rompit-il
1437 645 79 28 son
1550 628 265 44 association
1851 639 103 28 avec
1999 624 150 52 Selles,
2189 621 80 56 qui

488 727 206 29 retourna
729 728 54 27 en
816 710 221 57 province.
1080 709 193 40 Lalauze
1307 718 121 30 entra
1451 706 110 42 dans
1584 705 41 42 la
1654 716 158 44 troupe
1833 700 201 43 d'Alard.
2060 699 158 50 Quant
2247 700 24 38 à

492 789 128 40 Dolet
642 799 39 29 et
703 791 24 37 à
752 786 202 55 Laplace,
981 782 161 42 faisant
1164 791 148 31 contre
1335 781 182 42 fortune
1547 781 92 41 bon
1663 793 136 39 cœur,
1831 777 54 42 ils
1909 791 43 27 se
1975 772 253 45 soumirent
2248 775 25 37 à

489 878 55 26 ne
568 862 99 55 plus
690 862 266 54 représenter
977 871 88 42 que
1094 857 74 41 des
1190 856 140 56 pièces
1352 859 24 36 à
1405 855 39 40 la
1479 865 183 30 muette.
1688 854 60 41 Ce
1772 866 88 42 que
1892 854 60 39 les
1977 849 296 43 malheureux

488 936 182 43 forains,
699 934 199 57 pendant
920 946 69 27 ces
1023 931 143 41 douze
1193 931 165 39 années
1380 929 53 40 de
1455 929 147 53 luttes,
1626 929 163 40 durent
1818 926 211 56 déployer
2049 921 200 43 d'intelli-

489 1024 152 42 gence,
661 1009 176 54 d'esprit
858 1017 40 31 et
917 1003 365 58 d'imagination,
1306 1003 213 55 dépenser
1542 1002 316 55 d'expédients,
1876 1010 98 33 tant
1997 1012 114 42 pour
2134 996 140 57 plaire

491 1101 56 27 au
571 1083 152 58 public
747 1097 85 42 que
856 1095 117 43 pour
1006 1095 56 28 ne
1096 1095 79 41 pas
1197 1080 126 40 avoir
1345 1078 99 42 l'air
1465 1077 53 41 de
1541 1091 194 41 narguer
1757 1077 62 41 les
1842 1086 231 30 sentences
2097 1073 54 41 de
2176 1072 70 55 jus-

488 1161 84 39 tice
595 1174 60 26 ou
679 1156 297 43 d'enfreindre
1004 1156 62 40 les
1086 1156 135 39 arrêts
1244 1153 61 41 du
1334 1152 270 48 Parlement,
1626 1161 61 30 est
1709 1149 101 42 bien
1847 1148 319 42 certainement
2186 1144 66 42 ini-

489 1233 266 57 maginable.
797 1232 146 42 Pièces
976 1235 24 36 à
1034 1231 149 40 scènes
1217 1227 240 53 détachées,
1493 1223 477 59 pièces-monologues,
2005 1223 143 55 pièces
2181 1226 24 37 à
2229 1221 42 40 la

492 1318 180 41 muette,
696 1306 315 58 pantomimes,
1033 1303 262 52 imitations,
1319 1316 85 41 que
1422 1313 303 30 savons-nous
1742 1312 156 28 encore
1918 1302 8 38 !
1952 1297 54 40 ils
2024 1297 250 53 essayèrent

491 1387 52 41 de
576 1392 110 33 tout.
724 1383 80 40 Les
839 1379 236 44 mémoires
1110 1378 60 42 du
1203 1387 145 44 temps
1384 1383 231 36 racontent
1641 1374 135 55 qu'ils
1799 1369 358 46 contrefaisaient
2180 1374 23 37 à
2232 1369 42 41 la

491 1458 245 57 perfection
771 1457 61 40 les
868 1456 228 40 meilleurs
1128 1462 169 33 acteurs
1333 1452 52 40 de
1422 1450 40 42 la
1498 1447 515 53 Comédie-Française,
2066 1457 40 29 et
2139 1458 61 42 qu
2220 1443 55 41 ils

492 1532 273 57 parodiaient
785 1530 120 42 leurs
926 1529 143 57 pièces
1091 1528 54 41 de
1164 1527 126 53 façon
1311 1529 23 37 à
1358 1525 64 41 les
1444 1524 158 41 rendre
1622 1523 36 42 si
1681 1523 226 52 ridicules,
1925 1534 88 42 que
2031 1519 216 56 quelques-

492 1622 108 28 unes
623 1621 53 28 ne
691 1604 245 57 pouvaient
959 1603 101 56 plus
1084 1611 236 46 supporter
1340 1599 41 42 la
1399 1598 367 57 représentation.
1785 1597 117 43 C'est
1921 1609 53 28 en
1996 1594 148 57 pleine
2165 1594 109 41 lutte

492 1698 88 42 que
609 1684 38 40 la
672 1692 162 44 troupe
856 1679 55 42 de
935 1678 136 42 Dolet
1100 1679 150 39 donna
1272 1677 58 40 les
1356 1674 217 43 Poussins
1593 1674 56 41 de
1668 1674 142 51 Léda,
1842 1670 180 57 parodie
2044 1670 72 42 des
2146 1669 96 53 Tyn-

492 1758 201 53 darides,
728 1757 55 40 de
821 1754 225 48 Danchet;
1079 1765 86 42 que
1197 1750 140 42 Selles
1371 1750 253 55 représenta
1659 1748 42 40 la
1724 1746 180 56 parodie
1937 1745 184 42 d'Atrée
2151 1750 43 34 et
2217 1743 54 40 de

501 1833 208 56 Thyeste.
751 1830 64 42 La
849 1828 213 57 première
1098 1826 53 41 de
1178 1839 68 28 ces
1278 1823 197 57 parodies
1498 1823 106 42 était
1630 1823 52 40 de
1706 1821 61 42 Le
1796 1820 163 55 Noble,
1984 1819 189 42 l'auteur
2195 1818 78 40 des

498 1906 327 58 Pasquinades.

1340 2100 83 41 XX

547 2307 136 44 Alard
710 2316 40 31 et
773 2305 41 41 la
837 2315 139 29 veuve
1000 2300 218 52 Maurice,
1237 2300 125 53 grâce
1378 2310 86 28 aux
1482 2304 331 45 arrangements
1831 2293 135 56 qu'ils
1987 2293 174 42 avaient
2183 2293 90 55 pris

492 2396 103 30 avec
618 2380 194 54 l'Opéra,
838 2376 162 43 étaient
1016 2375 130 40 restés
1171 2381 94 33 tout
1284 2371 40 41 le
1347 2380 141 46 temps
1511 2372 23 38 à
1552 2368 124 42 l'abri
1699 2368 75 41 des
1798 2370 151 53 procès
1972 2379 41 30 et
2034 2368 76 41 des
2132 2367 115 42 tribu-

494 2456 172 42 lations.
691 2453 138 41 Leurs
844 2447 253 59 spectacles,
1115 2450 84 38 très
1220 2445 153 50 suivis,
1394 2443 174 42 avaient
1582 2443 206 55 prospéré
1806 2442 306 55 grandement.
2137 2441 132 43 Celui

494 2531 52 41 de
567 2531 41 39 la
631 2541 141 28 veuve
804 2523 217 49 Maurice,
1046 2530 191 42 surtout,
1260 2518 119 43 tirait
1397 2518 50 41 de
1469 2518 42 41 la
1533 2517 152 41 valeur
1707 2517 50 41 de
1787 2516 278 56 Dominique
2094 2530 60 28 un
2176 2531 70 27 sur-

492 2607 108 41 croît
633 2605 51 39 de
721 2613 158 44 vogue.
918 2598 222 55 Ajoutons
1172 2594 160 56 qu'elle
1370 2593 119 42 avait
1531 2592 78 43 fait
1642 2592 52 41 de
1726 2592 161 56 grands
1925 2591 103 42 frais
2062 2605 113 43 pour
2207 2592 62 41 les

495 2678 230 46 machines
754 2686 42 32 et
830 2672 292 44 décorations.
1162 2669 138 42 Alard
1338 2667 165 43 n'avait
1538 2681 76 43 pas
1649 2681 89 28 non
1765 2667 102 56 plus
1900 2666 169 55 négligé
2093 2667 53 40 de
2168 2667 102 42 tirer

492 2757 88 41 bon
617 2752 110 58 parti
763 2752 76 41 des
870 2761 252 29 ressources
1144 2760 86 41 que
1252 2744 41 41 le
1315 2743 126 43 traité
1464 2757 104 28 avec
1601 2743 182 55 l'Opéra
1812 2743 170 42 mettait
2013 2748 21 37 à
2060 2756 43 28 sa
2127 2742 119 54 dispo-

492 2829 159 52 sition;
675 2828 112 41 mais
810 2824 30 42 il
862 2824 94 42 faut
988 2822 145 42 croire
1154 2819 111 56 qu'il
1285 2833 56 27 ne
1364 2818 217 56 possédait
1601 2832 78 42 pas
1701 2818 63 41 les
1787 2818 167 41 mêmes
1980 2829 181 44 moyens
2183 2828 87 42 que

492 2906 42 40 la
555 2916 155 39 veuve,
736 2899 195 57 puisque
953 2911 80 28 son
1055 2894 215 56 spectacle
1293 2907 53 28 ne
1369 2892 151 42 venait
1543 2893 133 54 qu'en
1700 2892 186 40 seconde
1908 2890 140 55 ligne.

553 2978 36 42 Il
611 2989 113 30 nous
745 2974 94 42 faut
863 2973 94 41 dire
980 2970 55 42 ici
1059 2968 213 57 qu'Alard
1298 2967 155 41 n'était
1479 2967 102 54 plus
1604 2965 164 42 associé
1789 2978 103 29 avec
1912 2964 41 41 la
1975 2975 139 28 veuve
2137 2961 99 41 Mau-

491 3053 93 42 rice
604 3049 156 57 depuis
791 3047 129 57 1706,
951 3054 42 33 et
1012 3057 87 43 que
1121 3057 46 26 ce
1191 3041 152 42 n'était
1370 3054 86 42 que
1484 3054 77 40 par
1581 3053 108 43 pure
1709 3038 325 56 complaisance
2055 3049 86 42 que
2162 3044 108 33 cette

494 3127 195 43 dernière
710 3124 38 42 le
779 3121 145 44 faisait
947 3118 233 43 bénéficier
1201 3118 60 40 du
1284 3116 124 42 traité
1430 3129 104 29 avec
1557 3115 221 56 Guyenet,
1802 3113 76 54 qui
1908 3111 67 42 lui
1996 3110 276 57 appartenait

492 3214 55 29 en
565 3213 174 44 propre.
768 3196 251 55 N'importe
1035 3208 10 39 ;
1066 3193 40 42 la
1127 3191 243 57 prospérité
1387 3190 53 42 de
1454 3204 84 27 son
1555 3188 206 57 spectacle
1783 3186 100 41 n'en
1905 3185 106 43 était
2033 3199 76 42 pas
2126 3185 148 42 moins

494 3275 207 52 sérieuse,
721 3281 42 35 et
783 3280 101 33 tout
905 3283 46 28 ce
972 3268 110 57 qu'il
1105 3266 184 57 pouvait
1309 3266 170 55 espérer
1498 3265 54 39 de
1574 3262 167 54 mieux,
1775 3260 102 42 c'est
1898 3273 84 43 que
2015 3261 61 42 les
2099 3260 175 43 affaires

494 3351 336 44 continuassent
851 3350 24 38 à
896 3345 146 42 suivre
1065 3345 38 41 le
1127 3344 143 40 même
1291 3341 134 43 train.
1447 3340 84 41 Par
1553 3339 218 49 malheur,
1793 3337 29 42 il
1840 3339 99 40 n'en
1962 3337 67 42 fut
2046 3353 75 42 pas
2136 3339 133 43 ainsi.

496 3425 69 42 En
597 3438 128 43 1710,
760 3424 41 40 la
821 3434 141 29 veuve
986 3417 199 44 Maurice
1207 3419 163 53 épousa
1394 3429 61 28 un
1478 3412 319 57 gentilhomme
1815 3412 60 42 du
1900 3428 105 27 nom
2034 3414 52 41 de
2117 3414 131 41 Marti-

495 3511 190 42 nengue,
703 3496 155 56 qu'elle
873 3495 120 43 avait
1008 3494 133 40 sauvé
1159 3492 134 42 d'une
1309 3489 250 43 accusation
1577 3487 201 56 capitale.
1797 3491 151 39 Avant
1964 3502 82 30 son
2063 3490 209 54 mariage,
