2286 4178
927 148 392 31 ZOLA-BRUNEAU

2114 177 0 0 81

198 347 353 57 L'orchestre
584 350 312 70 cependant
929 347 99 52 fait
1053 347 268 52 entendre
1360 364 130 35 sans
1527 365 56 34 se
1616 349 175 52 lasser
1815 368 86 33 ses
1927 350 194 52 motifs

127 425 398 68 conducteurs,
570 443 216 35 comme
818 425 37 51 il
888 422 263 54 convient
1203 426 132 50 àun
1365 423 285 54 orchestre
1697 423 131 54 bien
1873 426 188 51 dressé
2093 430 30 47 à

127 500 192 54 l'école
363 505 68 52 de
455 505 287 68 Wagner;
795 517 93 36 car
918 517 75 35 on
1038 511 70 41 ne
1148 500 211 53 saurait
1382 500 274 72 imaginer
1680 502 66 52 de
1771 501 261 71 disciples
2055 503 66 51 de

127 577 259 71 Wagner
412 581 125 69 plus
556 578 205 54 dociles
784 576 58 52 ni
865 576 127 70 plus
1007 576 332 53 maladroits
1360 595 110 52 que
1492 578 79 52 les
1603 576 232 54 véristes
1859 578 260 69 français.

131 652 109 56 Ces
272 657 192 52 motifs
498 675 55 34 se
586 653 348 71 distinguent
964 671 102 53 par
1095 671 110 36 une
1242 670 122 37 rare
1397 655 295 69 puissance
1725 655 398 69 inexpressive.

130 731 92 52 En
241 732 144 53 voici
409 750 97 49 un,
532 742 123 42 tout
706 749 70 34 au
803 730 190 66 début,
1038 730 96 71 qui
1170 735 321 66 représente
1524 750 128 34 sans
1694 732 169 53 doute
1909 732 108 52 l'île
2056 735 66 50 de

132 806 144 56 Goël
304 824 11 36 :

202 1167 102 55 Cet
337 1183 157 39 autre
529 1183 82 38 est
637 1169 48 52 le
711 1169 153 53 désir
896 1188 11 29 :

199 1603 75 51 Et
297 1601 165 66 voici,
498 1602 128 52 n'en
648 1602 248 52 doutons
927 1620 121 52 pas,
1092 1601 372 71 l'inquiétude
1491 1617 315 55 voyageuse
1833 1620 11 38 :

202 2019 150 55 C'est
384 2021 49 52 le
455 2034 255 40 contexte
751 2020 98 71 qui
880 2038 144 35 nous
1050 2021 187 52 donne
1263 2036 90 36 ces
1402 2018 341 54 indications
1764 2035 13 50 ;
1818 2019 48 68 je
1901 2035 70 36 ne
2003 2036 93 36 ver-

131 2097 112 52 rais
267 2099 99 52 nul
391 2097 418 64 inconvénient,
835 2114 146 53 pour
1026 2114 92 34 ma
1148 2110 144 57 part,
1321 2101 28 47 à
1372 2113 57 35 ce
1464 2113 107 52 que
1599 2095 50 52 le
1673 2095 246 70 premier
1960 2096 165 52 motif

131 2175 257 70 désignât
433 2175 48 52 le
526 2176 198 69 départ
765 2193 143 52 pour
950 2174 330 62 l'aventure,
1332 2189 106 53 que
1471 2172 48 51 le
1566 2174 208 52 second
1815 2171 84 53 fût
1933 2172 192 54 affecté

132 2257 31 47 à
189 2252 131 66 l'île,
362 2265 53 38 et
433 2252 47 51 le
508 2251 288 53 troisième
823 2269 70 34 au
925 2250 167 52 désir.
1134 2250 45 52 Il
1205 2266 69 35 en
1301 2261 81 40 est
1407 2247 143 54 ainsi
1576 2248 66 53 de
1666 2261 127 41 tous
1819 2248 79 53 les
1938 2261 186 41 autres

131 2328 194 54 motifs
357 2342 11 39 :
396 2342 129 41 tous
558 2348 56 34 se
638 2331 339 69 promènent
1007 2332 29 47 à
1073 2340 214 39 travers
1324 2326 46 51 le
1405 2326 193 52 drame
1631 2342 129 36 avec
1801 2326 80 52 les
1905 2326 217 70 visages

134 2406 280 52 solennels
441 2419 52 39 et
525 2405 350 54 indifférents
904 2405 68 52 de
1014 2420 381 53 personnages
1430 2401 228 53 officiels
1702 2402 140 52 dans
1881 2402 244 70 quelque

131 2482 314 52 cérémonie
471 2500 12 46 ;
506 2495 53 39 et
579 2482 68 52 ils
677 2500 56 34 se
748 2480 371 53 ressemblent
1137 2492 152 40 entre
1308 2496 104 36 eux
1433 2495 218 35 comme
1671 2496 56 34 se
1754 2478 373 54 ressemblent

132 2558 79 52 les
243 2557 442 53 fonctionnaires
718 2558 132 52 d'un
882 2562 181 47 même
1104 2567 463 60 gouvernement.
1611 2553 218 54 Parfois
1854 2555 68 53 ils
1955 2555 136 52 chan-

134 2647 132 59 gent
287 2636 66 51 de
372 2647 275 52 costume,
676 2632 48 69 je
748 2651 144 36 veux
922 2633 118 52 dire
1064 2632 337 53 d'uniforme
1435 2655 12 40 ;
1471 2648 93 36 car
1589 2632 149 52 leurs
1760 2632 331 52 transforma-

132 2712 150 53 tions
309 2713 156 51 n'ont
484 2711 197 68 jamais
697 2711 121 52 rien
837 2709 314 70 d'imprévu
1174 2709 58 53 ni
1251 2709 66 53 de
1344 2708 298 71 personnel
1660 2726 10 46 ;
1698 2720 186 42 toutes
1908 2721 216 41 sortent

134 2789 74 53 du
240 2795 184 45 même
456 2787 255 72 magasin
746 2786 410 53 d'accessoires.
1199 2784 79 55 Ce
1321 2798 126 40 sont
1494 2786 78 50 les
1605 2783 213 53 vieilles
1851 2783 243 53 transfor-

132 2864 247 54 mations
410 2864 369 72 scolastiques
824 2864 75 52 du
939 2863 378 70 contrepoint,
1367 2880 99 52 par
1495 2861 367 67 diminution,
1896 2878 73 37 ou
2023 2877 102 53 par

134 2942 375 70 changement
540 2942 66 52 de
633 2941 243 69 rythme,
917 2957 72 36 ou
1015 2956 100 53 par
1143 2951 366 40 mouvement
1541 2936 299 55 contraire.

201 3018 161 53 Voici
396 3019 52 51 la
476 3017 347 54 diminution
859 3016 266 71 (premier
1161 3014 192 64 motif)
1381 3033 11 37 :

136 3469 52 39 et
220 3456 48 52 le
291 3453 372 70 changement
689 3455 67 52 de
776 3453 220 70 rythme
1019 3471 13 37 :

1976 3808 25 38 6

258 3823 46 24 LE
332 3820 183 26 MERCURE
541 3819 165 27 MUSICAL
