2563 4346
1057 235 695 87 SOMMAIRE

376 392 123 46 JEAN
544 391 247 48 MARNOLD
1197 388 287 61 Dialogues
1532 386 87 47 des
1677 383 175 49 Morts
1886 397 15 29 :
1954 379 41 47 L
2051 378 379 60 Mendelssohn,

2154 451 234 47 Brahms.

381 518 242 43 ARMANDE
645 532 61 30 DE
743 515 367 46 POLIGNAC....
2031 514 72 46 Le
2124 512 240 57 Rythme.

377 576 192 47 LIONEL
593 593 63 30 DE
680 593 57 30 LA
766 578 312 45 LAURENCIÈ.
1101 614 8 7 .
2049 574 77 47 Un
2243 572 196 60 primiti

384 639 233 47 COLETTE
661 640 180 46 WILLY
1195 637 98 45 Les
1322 633 187 47 Vrilles
1531 635 62 45 de
1618 633 48 45 la
1701 631 176 62 Vigne.

384 701 153 47 Louis
579 701 169 47 LALOY
1202 699 70 45 Le
1317 698 191 45 Drame
1555 696 211 45 musical
1825 691 282 48 moderne:
2154 686 75 46 IL
2277 687 159 45 Zola-

1260 759 260 46 Bruneau.

386 815 379 57 LÊANDRE
1504 819 169 47 album
1879 832 15 29 :
1952 816 226 49 Blanche
2437 815 2 57 S

621 999 278 52 REVUE
934 998 108 52 DE
1078 998 102 52 LA
1222 995 451 70 QUINZAINE

388 1111 143 41 Louis
564 1110 160 39 LALOY
2039 1106 72 41 Au
2241 1106 198 42 Conserv

384 1167 169 39 WILLY
2049 1162 231 42 Causette.

388 1220 141 41 Louis
563 1219 246 42 LALOY...
2040 1218 72 39 Au
2139 1214 199 43 Théâtre
2352 1229 16 24 :
2393 1211 46 42 Ch

384 1276 56 42 A.
464 1275 204 42 SORIANO
1209 1271 220 42 Concerts
1456 1270 176 40 Cortot.

384 1328 57 42 X.
475 1329 202 41 MARCEL
714 1329 267 41 BOULESTIN
1204 1326 70 40 La
1298 1323 168 43 Saison
1490 1323 53 41 de
1557 1321 223 43 Londres.

385 1384 174 42 DIVERS
1202 1379 263 55 Chronique
1486 1378 78 40 des
1592 1376 235 42 Concerts.

1205 1461 318 78 'publications

1124 1642 539 57 ABONNEMENTS
1691 1652 11 30 :

1927 1697 68 31 Un
2014 1704 67 25 an.
2167 1696 74 32 Six
2261 1703 120 24 mois.

391 1765 138 41 PARIS
560 1777 58 27 ET
648 1763 377 41 DÉPARTEMENTS
1300 1790 8 9 .
1464 1788 11 12 *
1605 1785 201 12 ........
1929 1751 70 43 12
2032 1750 55 41 fr.
2202 1750 35 42 6
2268 1748 56 42 fr.

392 1811 261 52 ÉTRANGER
1168 1846 8 9 .
1935 1808 70 41 15
2035 1806 54 41 fr.
2206 1807 32 39 7
2270 1804 54 42 fr.
2355 1804 70 42 50

2293 1872 1 1 ■

452 1916 172 46 Pour
652 1915 95 44 les
781 1912 284 47 abonnés
1090 1910 85 46 du
2022 1910 264 46 Mercure
1838 1903 58 46 le
1927 1902 151 59 prix
2101 1902 76 46 de
2206 1900 198 47 l'abon-

389 1978 258 46 nement
675 1975 146 47 d'un
852 1985 83 35 an
973 1975 99 43 est
1101 1971 215 47 réduit
1339 1969 34 47 à
1399 1969 76 46 10
1498 1968 75 46 fr.
1599 1967 214 58 (Paris
1844 1968 64 45 et
1938 1961 501 62 départements)

390 2044 64 42 et
476 2039 37 46 à
537 2038 78 47 13
638 2037 75 47 fr.
739 2028 379 68 (Étranger).

1123 2122 79 49 LE
1241 2118 232 53 NUMÉRO
1495 2133 10 36 :
1552 2117 158 54 0.50

396 2328 125 96 E.
582 2318 688 119 DEMETS,
1321 2310 422 96 Éditeur
1793 2323 125 81 de
1966 2323 468 104 Musique

1292 2480 23 28 2
1327 2502 11 17 ,
1363 2479 84 30 rue
1479 2462 57 45 de
1567 2461 226 47 Louvois.
1905 2457 268 60 PARIS,
2216 2457 61 47 II
2281 2467 17 17 e

398 2672 53 41 G.
479 2669 213 42 DUPONT.
751 2667 103 42 Les
878 2666 226 50 Effarés,
1136 2663 205 43 Mélodie
1365 2676 121 43 pour
1510 2662 143 42 chant
1686 2669 44 32 et
1763 2658 159 56 piano.
1988 2688 157 12 ...
2230 2657 36 42 2
2290 2655 57 42 fr.
2418 2672 22 24 »

748 2728 74 40 Le
840 2728 136 40 Jour
997 2728 97 40 des
1117 2727 193 50 Morts,
1995 2749 157 13 ...
2239 2720 29 40 1
2294 2716 57 44 fr.
2373 2718 71 43 70

394 2793 65 43 M.
507 2791 173 41 RAVEL.
748 2789 221 40 D'Anne
998 2789 195 52 jouant
1213 2787 67 41 de
1313 2786 337 52 l'Espinette,
1992 2812 155 11 ...
2237 2781 30 41 l
2295 2779 149 43 fr.7o

742 2851 222 41 D'Anne
993 2854 96 49 qui
1110 2862 87 30 me
1218 2850 144 50 jecta
1383 2848 66 42 de
1472 2848 56 41 la
1545 2847 176 52 neige,
1994 2876 156 9 ...
2241 2843 27 41 1
2296 2841 56 43 fr.
2374 2842 68 42 70

742 2913 143 43 Jeux
902 2912 222 47 d'Eaux,
1152 2923 120 42 pour
1292 2909 156 55 piano.
2233 2906 35 40 3
2293 2903 55 43 fr.
2374 2904 68 43 35

464 3061 157 50 Pour
677 3055 158 54 aider
864 3058 33 48 à
941 3054 54 51 la
1045 3053 257 70 diffusion
1368 3052 91 52 des
1512 3069 207 35 œuvres
1771 3052 301 58 musicales,
2127 3052 55 50 la
2234 3052 210 52 maison

399 3130 70 51 E.
619 3128 213 51 Demets
1110 3125 139 68 offre
1443 3127 34 48 à
1567 3123 155 51 MM.
1966 3125 74 49 les
2180 3121 268 68 Composit

407 3196 228 54 d'éditer
907 3200 53 46 et
1062 3191 66 54 de
1240 3193 185 50 lancer
1654 3194 33 48 à
1781 3191 91 50 des
2011 3189 299 53 conditions

398 3268 63 50 de
489 3262 239 69 rapidité
757 3268 52 44 et
833 3259 353 64 d'exécution,
1222 3260 143 49 leurs
1411 3274 269 49 ouvrages
1711 3257 306 65 musicaux,
2069 3264 117 44 tout
2220 3275 62 33 en
2326 3259 122 52 leur

400 3337 299 58 réservant,
732 3331 114 50 s'ils
871 3330 47 51 le
941 3327 256 64 désirent,
1231 3327 54 51 la
1308 3327 286 69 propriété
1623 3325 285 56 exclusive.

1211 3464 1 2 ■

503 3492 210 61 Direction
746 3494 42 55 et
817 3489 284 72 organisation
1132 3490 48 57 de
1208 3489 196 58 Concerts
1421 3500 106 58 pour
1548 3487 141 71 Paris,
1722 3490 42 56 la
1795 3489 200 57 Province
2027 3491 42 56 et
2098 3480 242 80 l'Étranger

781 3683 186 66 flgenee
1009 3676 56 56 de
1108 3679 49 53 la
1199 3676 186 53 Société
1430 3675 254 61 flationale
1734 3676 58 54 de
1843 3676 217 67 IKttsïque

409 3859 187 57 Achat
625 3858 60 55 et
714 3856 179 57 vente
926 3849 455 60 d'lnstruments
1412 3848 72 56 de
1509 3847 273 71 musique
1814 3847 171 57 neufs
2017 3850 60 55 et
2105 3849 341 56 d'occasion
