2286 4178
185 238 56 46 02

880 256 56 30 LE
970 257 235 31 MERCURE
1240 257 214 31 MUSICAL

254 452 89 52 Du
367 464 161 56 reste,
556 453 212 55 chacun
792 454 297 54 travaillait
1125 454 124 68 jour
1280 468 55 40 et
1364 457 123 52 nuit
1509 459 29 49 à
1561 456 310 69 apprendre
1896 472 88 34 ces
2018 472 93 51 pas-

186 525 322 55 sionnantes
543 528 252 66 Sonates,
834 542 70 55 et,
931 534 29 47 à
990 534 120 49 côté
1133 533 66 51 de
1225 545 160 39 notre
1417 531 318 66 violoniste,
1771 528 287 55 Châtillon
2091 546 51 38 et

184 602 246 70 Baptiste
452 604 324 69 parvinrent
800 604 216 54 bientôt
1045 611 29 47 à
1100 607 312 70 triompher
1451 608 97 52 des
1570 605 271 54 obstacles
1874 605 271 53 résultant

185 678 66 51 de
274 678 243 70 l'emploi
551 680 66 51 de
647 680 51 50 la
725 699 25 27 «
785 680 203 52 double
1013 683 162 51 corde
1205 705 46 29 ».

254 755 87 51 Du
359 755 101 51 Val
486 773 29 32 a
537 757 74 49 dû
642 768 186 39 entrer
852 759 29 48 à
901 757 51 50 la
976 757 246 69 chapelle
1252 759 184 69 royale
1459 773 154 38 entre
1647 777 133 51 1702
1817 771 54 38 et
1904 774 130 52 1704
2057 772 14 53 ;
2105 758 35 52 il

185 847 68 33 ne
282 830 172 68 figure
490 848 95 51 pas
611 848 67 34 au
711 832 234 52 nombre
976 834 94 50 des
1102 834 305 52 musiciens
1444 837 66 49 de
1547 847 139 39 cette
1712 833 330 68 compagnie
2074 851 67 34 en

194 923 153 48 1702,
372 904 141 51 mais
545 923 96 34 sur
664 923 102 34 son
796 923 187 36 œuvre
1021 909 44 65 I,
1107 909 192 52 dédiée
1321 928 68 34 au
1416 910 105 52 duc
1553 909 315 62 d'Orléans,
1905 908 37 52 il
1972 908 145 53 s'inti-

185 979 113 52 tule
331 1000 24 26 «
401 978 299 54 Ordinaire
731 981 66 51 de
844 981 50 52 la
932 983 248 68 chapelle
1211 997 52 38 et
1324 984 259 53 chambre
1617 986 73 51 du
1736 985 124 68 Roy
1895 985 75 65 (1)
2013 1006 45 29 ».
2095 984 45 51 Il

183 1054 143 52 avait
357 1058 85 48 été
463 1059 257 65 présenté
750 1060 31 48 à
802 1058 172 52 Louis
1007 1060 132 50 XIV
1168 1077 102 50 par
1299 1078 77 34 un
1408 1074 155 38 autre
1586 1073 331 56 protecteur,
1943 1060 48 50 le
2028 1077 74 34 ma-

183 1131 179 54 réchal
385 1133 104 50 duc
510 1134 66 49 de
603 1133 265 64 Noailles,
899 1135 140 52 celui
1064 1136 137 51 dont
1225 1136 51 51 la
1299 1136 130 65 fille,
1458 1136 49 51 la
1536 1136 186 52 future
1749 1135 309 52 maréchale
2074 1138 64 49 de

183 1205 293 67 Gramont,
504 1206 296 54 travaillait
832 1209 50 52 la
912 1210 260 69 musique
1216 1228 131 35 sous
1374 1211 51 51 la
1458 1210 273 52 direction
1763 1211 64 51 de
1862 1210 247 52 Lalande
2128 1234 13 38 ;

184 1303 24 25 «
233 1284 114 49 être
378 1287 224 65 protégé
635 1300 101 52 par
774 1285 73 52 M.
872 1286 68 51 de
974 1285 269 66 Noailles,
1285 1286 213 51 affirme
1526 1289 192 66 Durey
1744 1287 66 51 de
1832 1286 305 64 Noinville,

181 1357 181 52 c'était
382 1360 252 67 acquérir
651 1360 47 51 le
725 1360 128 52 titre
886 1361 297 52 d'honnête
1208 1362 229 51 homme
1459 1362 75 69 (2)
1562 1384 47 29 ».
1638 1364 178 50 Notre
1841 1361 299 65 musicien,

185 1455 23 25 «
255 1439 67 45 né
372 1453 128 34 avec
546 1436 95 51 des
694 1436 362 70 dispositions
1110 1437 310 52 favorables
1462 1450 52 38 et
1558 1437 290 69 beaucoup
1898 1439 66 50 de
2013 1439 94 50 har-

181 1508 178 54 diesse
385 1511 69 66 (3)
482 1529 49 47 »,
556 1510 142 52 avait
728 1512 97 68 plu
852 1530 67 34 au
942 1512 103 62 roi,
1070 1512 97 68 qui
1192 1511 178 52 s'était
1394 1516 282 65 empressé
1710 1512 65 52 de
1802 1512 283 52 l'attacher
2109 1516 29 48 à

181 1602 59 35 sa
258 1585 279 69 musique.
562 1586 89 53 En
677 1604 158 50 1707,
865 1587 36 51 il
918 1587 157 51 dédie
1101 1605 68 34 au
1201 1605 311 51 monarque
1539 1605 102 34 son
1666 1587 283 52 troisième
1975 1588 162 53 Livre

181 1662 65 50 de
266 1660 254 67 Sonates,
569 1675 51 42 et
663 1680 56 33 se
753 1662 114 52 voit
912 1662 310 70 distinguer
1244 1665 68 49 de
1359 1663 49 52 la
1432 1663 162 68 façon
1647 1665 52 50 la
1721 1665 125 68 plus
1883 1665 252 52 flatteuse

180 1736 178 67 parmi
402 1738 78 50 les
510 1736 303 52 musiciens
838 1738 66 51 de
947 1737 50 51 la
1031 1737 259 52 chambre
1309 1751 13 53 ;
1347 1738 130 51 c'est
1529 1737 141 53 ainsi
1691 1756 107 51 que
1829 1738 304 70 Couperin,

180 1811 136 50 dans
338 1812 50 51 la
409 1812 216 69 préface
651 1812 65 51 de
741 1828 86 35 ses
1534 1812 256 52 Concerts
2088 1830 58 52 roy
1394 1817 294 65 composés
1704 1832 145 51 pour
1867 1815 76 50 les
1968 1816 167 68 petits

179 1898 248 40 concerts
454 1887 265 68 auxquels
766 1887 171 53 Louis
975 1888 132 51 XIV
1139 1888 48 51 le
1219 1888 254 52 mandait
1511 1906 240 52 presque
1794 1903 126 40 tous
1947 1892 76 50 les
2056 1891 54 52 di-

176 1963 284 65 manches,
487 1976 261 56 rapporte
778 1963 135 70 qu'il
943 1981 37 51 y
1008 1963 252 53 touchait
1289 1966 74 52 du
1397 1964 246 54 clavecin
1686 1971 230 47 entouré
1949 1968 66 51 de
2047 1986 86 33 ses

176 2037 360 68 partenaires,
578 2039 86 51 Du
697 2038 124 66 Val,
858 2038 273 67 Philidor,
1166 2039 255 54 Alcarius
1454 2058 71 35 ou
1568 2041 215 52 Hilaire
1808 2042 238 70 Verloge
2085 2043 47 51 le

178 2110 195 68 joueur
393 2114 65 51 de
482 2114 158 51 basse
672 2114 66 52 de
768 2114 145 51 viole
946 2127 53 39 et
1030 2115 48 51 le
1102 2114 352 54 bassonniste
1487 2117 236 52 Dubois.

246 2190 240 51 L'année
515 2208 58 50 17
588 2207 63 49 14
670 2206 233 53 marque
922 2192 222 50 l'entrée
1177 2193 66 51 de
1266 2193 88 51 Du
1375 2193 102 49 Val
1503 2211 105 34 aux
1641 2208 67 51 24
1727 2193 218 52 violons
1977 2196 92 62 où,
2084 2197 48 51 le

180 2281 64 35 22
272 2263 227 68 janvier,
533 2265 38 51 il
595 2267 273 67 remplace
903 2265 188 54 Pierre
1120 2267 235 52 Joubert
1375 2268 202 52 décédé
1601 2269 98 67 (4),
1716 2282 52 38 et
1785 2269 78 51 les
1882 2283 249 56 comptes

178 2340 95 51 des
301 2340 453 52 Menus-Plaisirs
786 2358 142 34 nous
954 2342 47 50 le
1022 2354 286 40 montrent
1332 2345 29 49 à
1387 2343 278 68 plusieurs
1689 2344 239 69 reprises
1961 2348 136 49 émar-

175 2428 165 56 geant
362 2433 68 34 en
467 2419 108 50 tête
607 2418 95 51 des
734 2418 434 68 symphonistes.
1205 2419 89 51 En
1328 2437 57 51 17
1402 2437 79 51 17,
1516 2419 37 52 il
1581 2437 204 52 occupe
1818 2419 51 52 la
1893 2423 238 51 seconde

176 2490 150 69 place
348 2491 179 69 parmi
552 2491 78 51 les
663 2491 302 54 musiciens
995 2496 167 65 payés
1186 2509 100 52 par
1312 2494 48 51 le
1399 2494 263 52 trésorier
1697 2495 99 51 des
1834 2495 203 55 Menus
2076 2510 54 39 et

176 2566 198 52 touche
407 2568 103 67 735
551 2566 166 52 livres
743 2569 90 67 (5).

244 2643 196 50 L'Etat
471 2643 65 50 de
567 2643 50 50 la
670 2644 206 52 France
923 2645 66 51 de
1020 2662 130 49 1722
1194 2644 48 51 le
1270 2644 220 68 qualifie
1523 2645 66 52 de
1633 2667 24 26 «
1693 2646 194 54 dessus
1920 2649 67 51 de
2010 2648 89 52 vio-

174 2717 94 53 lon
291 2739 25 28 »
349 2730 52 40 et
430 2717 233 53 l'inscrit
692 2720 136 51 dans
874 2719 50 52 la
954 2720 179 52 bande
1182 2721 97 51 des
1331 2721 396 69 vingt-quatre,
1751 2735 154 40 entre
1956 2724 174 53 Louis

175 2794 301 52 Francœur
500 2805 52 39 et
598 2794 188 53 Pierre
829 2796 211 51 Brunet
1064 2795 109 69 (6);
1218 2795 180 52 c'était
1423 2796 50 51 la
1505 2796 251 54 dernière
1787 2797 108 53 fois
1928 2799 134 70 qu'il
2093 2818 37 51 y

174 2867 179 52 devait
369 2869 219 68 figurer,
618 2886 92 35 car
743 2870 77 51 les
867 2870 259 68 registres
1176 2870 75 52 du
1284 2871 317 51 secrétariat
1633 2872 66 51 de
1724 2872 53 51 la
1799 2874 221 52 Maison
2052 2876 75 51 du

173 2944 106 52 Roi
305 2961 141 36 nous
477 2959 346 54 apprennent
855 2964 57 33 sa
942 2958 167 53 mort,
1131 2963 276 36 survenue
1454 2947 47 51 le
1535 2949 66 50 26
1627 2947 212 68 janvier
1878 2952 158 65 1723,
2074 2964 53 39 et

227 3184 61 54 (1)
301 3182 113 43 Voir
711 3180 142 44 YEtat
1039 3182 54 42 de
1194 3182 44 42 la
1326 3182 180 41 France
941 3194 121 43 pour
1091 3194 128 43 1702,
1243 3190 33 34 t.
1300 3182 35 52 I,
1360 3195 46 42 p.
1431 3196 75 41 47.

227 3247 61 55 (2)
315 3246 92 42 «Je
430 3258 135 37 veux,
587 3243 114 43 écrit
724 3245 73 40 Du
816 3243 103 54 Val,
945 3245 114 41 dans
1084 3256 50 29 sa
1169 3243 220 43 dédicace
1415 3258 58 28 au
1515 3246 66 44 M.
1622 3246 55 40 de
1704 3243 227 59 Noailles,
1972 3250 156 54 parler

171 3308 56 42 de
253 3308 44 42 la
317 3307 141 43 bonté
482 3319 91 44 que
594 3319 117 31 vous
743 3305 152 42 eûstes
913 3305 56 42 de
999 3318 74 29 me
1089 3304 113 42 faire
1224 3307 225 42 entendre
1473 3321 58 28 au
1557 3308 99 55 Roy
1680 3308 80 55 qui
1785 3322 59 29 ne
1864 3309 156 45 refuse
2042 3325 84 41 pas

171 3383 87 28 son
297 3368 311 57 approbation
654 3369 24 41 à
724 3380 115 30 ceux
882 3379 91 43 que
1003 3380 117 28 vous
1144 3365 230 45 favorisez
1413 3368 55 42 de
1506 3368 44 42 la
1585 3369 152 43 vôtre.
1769 3385 21 23 »
1818 3383 46 29 2e
1907 3372 136 44 Livre
2069 3374 57 42 de

173 3432 215 53 Sonates,
416 3432 132 55 1706.
578 3431 69 54 (B.
677 3444 43 28 n.
753 3431 89 41 Vm
865 3444 42 41 7,
946 3429 142 54 II3I.)

225 3495 40 52 (3
273 3495 10 52 )
306 3495 234 42 Mercure.
571 3491 108 44 Juin
710 3491 125 57 1738,
868 3505 46 42 p.
948 3492 271 51 1114-1115.
1255 3492 176 42 Extrait
1451 3492 85 43 des
1562 3492 255 46 Mémoires
1837 3510 122 42 pour
1975 3499 152 43 servir

167 3559 27 37 à
221 3556 246 43 L'Histoire
484 3556 54 42 de
559 3557 44 39 la
625 3554 204 56 musique
848 3553 155 43 vocale
1021 3559 46 35 et
1091 3553 363 43 instrumentale.

223 3619 60 55 (4)
311 3620 207 41 Retenue
547 3617 56 42 de
640 3617 95 40 l'un
777 3615 83 42 des
885 3629 57 40 24
974 3615 190 56 joueurs
1199 3615 57 42 de
1296 3614 166 46 violon
1501 3629 119 44 pour
1652 3618 225 57 François
1917 3622 75 40 Du
2022 3622 104 43 Val.

166 3680 139 43 Arch.
334 3689 93 34 nat.
454 3681 40 41 O
499 3681 14 26 1
538 3680 70 53 58,
640 3679 37 41 f®
706 3680 66 41 16.

222 3744 60 54 (5)
306 3744 141 42 Arch.
470 3751 92 33 nat.
590 3741 38 42 0
635 3744 12 25 1
656 3741 131 53 2846,
813 3739 33 43 f»
849 3750 13 19 s
885 3754 71 38 22,
989 3740 70 42 23.

221 3806 62 54 (6)
451 3807 110 41 Etat
716 3805 55 43 de
875 3805 43 43 la
1002 3805 183 42 France
801 3816 121 42 pour
957 3815 129 43 1722.
