<?xml version="1.0" encoding="UTF-8"?>
<alto xmlns:xsi="http://www.w3.org/2001/XMLSchema-instance" xmlns="http://www.loc.gov/standards/alto/ns-v2#" xsi:schemaLocation="http://www.loc.gov/standards/alto/ns-v2# http://www.loc.gov/standards/alto/alto-v2.0.xsd" xmlns:xlink="http://www.w3.org/1999/xlink">
	<Description>
		<MeasurementUnit>mm10</MeasurementUnit>
		<sourceImageInformation>
			<fileName>//fileserver7/IN2/Princeton/Batch3/bmtnabh/1905/06/01_01/00000062.tif</fileName>
		</sourceImageInformation>
		<OCRProcessing ID="OCRPROCESSING_1">
			<preProcessingStep>
				<processingSoftware>
					<softwareCreator>CCS Content Conversion Specialists GmbH, Germany</softwareCreator>
					<softwareName>CCS docWORKS</softwareName>
					<softwareVersion>6.6-1.18</softwareVersion>
				</processingSoftware>
			</preProcessingStep>
			<ocrProcessingStep>
				<processingSoftware>
					<softwareCreator>ABBYY (BIT Software), Russia</softwareCreator>
					<softwareName>FineReader</softwareName>
					<softwareVersion>10.0</softwareVersion>
				</processingSoftware>
			</ocrProcessingStep>
		</OCRProcessing>
	</Description>
	<Styles>
		<TextStyle ID="TXT_0" FONTSIZE="12" FONTFAMILY="Times New Roman" FONTSTYLE="bold"/>
		<TextStyle ID="TXT_1" FONTSIZE="12" FONTFAMILY="Unknown"/>
		<TextStyle ID="TXT_2" FONTSIZE="19" FONTFAMILY="Times New Roman"/>
		<TextStyle ID="TXT_3" FONTSIZE="19" FONTFAMILY="Times New Roman" FONTSTYLE="italics"/>
		<TextStyle ID="TXT_4" FONTSIZE="16" FONTFAMILY="Times New Roman"/>
		<ParagraphStyle ID="PAR_RIGHT" ALIGN="Right"/>
		<ParagraphStyle ID="PAR_LEFT" ALIGN="Left"/>
		<ParagraphStyle ID="PAR_BLOCK" ALIGN="Block"/>
	</Styles>
	<Layout>
		<Page ID="P6" PHYSICAL_IMG_NR="6" HEIGHT="4178" WIDTH="2286" PC="0.947">
			<TopMargin ID="P6_TM00001" HPOS="0" VPOS="0" WIDTH="2286" HEIGHT="323">
				<TextBlock ID="P6_TB00001" HPOS="895" VPOS="272" WIDTH="572" HEIGHT="37" STYLEREFS="TXT_0 PAR_RIGHT">
					<TextLine ID="P6_TL00001" HPOS="895" VPOS="272" WIDTH="572" HEIGHT="37">
						<String ID="P6_ST00001" HPOS="895" VPOS="279" WIDTH="56" HEIGHT="29" CONTENT="LE" WC="1.00" CC="00"/>
						<SP ID="P6_SP00001" HPOS="951" VPOS="308" WIDTH="36"/>
						<String ID="P6_ST00002" HPOS="987" VPOS="277" WIDTH="234" HEIGHT="32" CONTENT="MERCURE" WC="0.98" CC="2062663"/>
						<SP ID="P6_SP00002" HPOS="1221" VPOS="309" WIDTH="34"/>
						<String ID="P6_ST00003" HPOS="1255" VPOS="272" WIDTH="212" HEIGHT="33" CONTENT="MUSICAL" WC="0.99" CC="0306030"/>
					</TextLine>
				</TextBlock>
				<TextBlock ID="P6_TB00002" HPOS="201" VPOS="274" WIDTH="54" HEIGHT="49" STYLEREFS="TXT_1 PAR_LEFT">
					<TextLine ID="P6_TL00002" HPOS="202" VPOS="277" WIDTH="52" HEIGHT="44">
						<String ID="P6_ST00004" HPOS="202" VPOS="277" WIDTH="52" HEIGHT="44" CONTENT="52" WC="0.81" CC="03"/>
					</TextLine>
				</TextBlock>
			</TopMargin>
			<LeftMargin ID="P6_LM00001" HPOS="0" VPOS="312" WIDTH="197" HEIGHT="3549"/>
			<RightMargin ID="P6_RM00001" HPOS="2176" VPOS="312" WIDTH="110" HEIGHT="3549"/>
			<BottomMargin ID="P6_BM00001" HPOS="0" VPOS="3861" WIDTH="2286" HEIGHT="317"/>
			<PrintSpace ID="P6_PS00001" HPOS="197" VPOS="312" WIDTH="1979" HEIGHT="3549">
				<TextBlock ID="P6_TB00003" HPOS="197" VPOS="465" WIDTH="1979" HEIGHT="3396" STYLEREFS="TXT_2 PAR_BLOCK">
					<TextLine ID="P6_TL00003" HPOS="200" VPOS="465" WIDTH="1944" HEIGHT="70">
						<String ID="P6_ST00005" HPOS="200" VPOS="488" WIDTH="181" HEIGHT="38" CONTENT="connu" WC="0.98" CC="33504"/>
						<SP ID="P6_SP00003" HPOS="381" VPOS="526" WIDTH="45"/>
						<String ID="P6_ST00006" HPOS="426" VPOS="489" WIDTH="216" HEIGHT="35" CONTENT="comme" WC="0.99" CC="04000"/>
						<SP ID="P6_SP00004" HPOS="642" VPOS="526" WIDTH="30"/>
						<String ID="P6_ST00007" HPOS="672" VPOS="472" WIDTH="114" HEIGHT="51" CONTENT="moi" WC="1.00" CC="000"/>
						<SP ID="P6_SP00005" HPOS="786" VPOS="526" WIDTH="46"/>
						<String ID="P6_ST00008" HPOS="832" VPOS="472" WIDTH="240" HEIGHT="52" CONTENT="l'encens" WC="1.00" CC="00003000"/>
						<SP ID="P6_SP00006" HPOS="1072" VPOS="526" WIDTH="42"/>
						<String ID="P6_ST00009" HPOS="1114" VPOS="470" WIDTH="255" HEIGHT="53" CONTENT="enivrant" WC="0.99" CC="07014081"/>
						<SP ID="P6_SP00007" HPOS="1369" VPOS="526" WIDTH="52"/>
						<String ID="P6_ST00010" HPOS="1421" VPOS="471" WIDTH="66" HEIGHT="51" CONTENT="de" WC="1.00" CC="00"/>
						<SP ID="P6_SP00008" HPOS="1487" VPOS="526" WIDTH="51"/>
						<String ID="P6_ST00011" HPOS="1538" VPOS="467" WIDTH="50" HEIGHT="51" CONTENT="la" WC="0.72" CC="50"/>
						<SP ID="P6_SP00009" HPOS="1588" VPOS="526" WIDTH="53"/>
						<String ID="P6_ST00012" HPOS="1641" VPOS="465" WIDTH="177" HEIGHT="70" CONTENT="gloire" WC="0.98" CC="144060"/>
						<SP ID="P6_SP00010" HPOS="1818" VPOS="535" WIDTH="50"/>
						<String ID="P6_ST00013" HPOS="1868" VPOS="472" WIDTH="276" HEIGHT="41" CONTENT="terrestre." WC="1.00" CC="0011300400"/>
					</TextLine>
					<TextLine ID="P6_TL00004" HPOS="200" VPOS="540" WIDTH="1954" HEIGHT="71">
						<String ID="P6_ST00014" HPOS="200" VPOS="547" WIDTH="148" HEIGHT="55" CONTENT="C'est" WC="0.99" CC="50000"/>
						<SP ID="P6_SP00011" HPOS="348" VPOS="602" WIDTH="31"/>
						<String ID="P6_ST00015" HPOS="379" VPOS="565" WIDTH="108" HEIGHT="36" CONTENT="une" WC="0.98" CC="400"/>
						<SP ID="P6_SP00012" HPOS="487" VPOS="602" WIDTH="58"/>
						<String ID="P6_ST00016" HPOS="545" VPOS="547" WIDTH="182" HEIGHT="52" CONTENT="fumée" WC="0.99" CC="05000"/>
						<SP ID="P6_SP00013" HPOS="727" VPOS="602" WIDTH="45"/>
						<String ID="P6_ST00017" HPOS="772" VPOS="548" WIDTH="136" HEIGHT="51" CONTENT="dont" WC="0.99" CC="0110"/>
						<SP ID="P6_SP00014" HPOS="908" VPOS="602" WIDTH="42"/>
						<String ID="P6_ST00018" HPOS="950" VPOS="565" WIDTH="73" HEIGHT="34" CONTENT="on" WC="0.84" CC="02"/>
						<SP ID="P6_SP00015" HPOS="1023" VPOS="602" WIDTH="34"/>
						<String ID="P6_ST00019" HPOS="1057" VPOS="552" WIDTH="225" HEIGHT="47" CONTENT="éternue" WC="0.77" CC="5003060"/>
						<SP ID="P6_SP00016" HPOS="1282" VPOS="602" WIDTH="56"/>
						<String ID="P6_ST00020" HPOS="1338" VPOS="564" WIDTH="128" HEIGHT="34" CONTENT="sans" WC="0.99" CC="0060"/>
						<SP ID="P6_SP00017" HPOS="1466" VPOS="602" WIDTH="55"/>
						<String ID="P6_ST00021" HPOS="1521" VPOS="561" WIDTH="55" HEIGHT="33" CONTENT="se" WC="1.00" CC="00"/>
						<SP ID="P6_SP00018" HPOS="1576" VPOS="602" WIDTH="55"/>
						<String ID="P6_ST00022" HPOS="1631" VPOS="540" WIDTH="272" HEIGHT="71" CONTENT="plaindre," WC="1.00" CC="230100200"/>
						<SP ID="P6_SP00019" HPOS="1903" VPOS="611" WIDTH="53"/>
						<String ID="P6_ST00023" HPOS="1956" VPOS="552" WIDTH="198" HEIGHT="37" CONTENT="encore" WC="0.99" CC="071060"/>
					</TextLine>
					<TextLine ID="P6_TL00005" HPOS="198" VPOS="612" WIDTH="1960" HEIGHT="81">
						<String ID="P6_ST00024" HPOS="198" VPOS="626" WIDTH="169" HEIGHT="67" CONTENT="qu'on" WC="0.98" CC="06037"/>
						<SP ID="P6_SP00020" HPOS="367" VPOS="693" WIDTH="26"/>
						<String ID="P6_ST00025" HPOS="393" VPOS="622" WIDTH="307" HEIGHT="71" CONTENT="s'applique" WC="0.99" CC="0100350350"/>
						<SP ID="P6_SP00021" HPOS="700" VPOS="693" WIDTH="34"/>
						<String ID="P6_ST00026" HPOS="734" VPOS="626" WIDTH="28" HEIGHT="47" CONTENT="à" WC="0.33" CC="6"/>
						<SP ID="P6_SP00022" HPOS="762" VPOS="693" WIDTH="40"/>
						<String ID="P6_ST00027" HPOS="802" VPOS="640" WIDTH="68" HEIGHT="33" CONTENT="en" WC="0.71" CC="05"/>
						<SP ID="P6_SP00023" HPOS="870" VPOS="693" WIDTH="23"/>
						<String ID="P6_ST00028" HPOS="893" VPOS="623" WIDTH="222" HEIGHT="51" CONTENT="afficher" WC="0.99" CC="00001406"/>
						<SP ID="P6_SP00024" HPOS="1115" VPOS="693" WIDTH="32"/>
						<String ID="P6_ST00029" HPOS="1147" VPOS="622" WIDTH="353" HEIGHT="52" CONTENT="l'obsession." WC="1.00" CC="530000003044"/>
						<SP ID="P6_SP00025" HPOS="1500" VPOS="693" WIDTH="32"/>
						<String ID="P6_ST00030" HPOS="1532" VPOS="618" WIDTH="93" HEIGHT="54" CONTENT="On" WC="0.71" CC="40"/>
						<SP ID="P6_SP00026" HPOS="1625" VPOS="693" WIDTH="30"/>
						<String ID="P6_ST00031" HPOS="1655" VPOS="620" WIDTH="89" HEIGHT="48" CONTENT="n'a" WC="0.99" CC="030"/>
						<SP ID="P6_SP00027" HPOS="1744" VPOS="693" WIDTH="23"/>
						<String ID="P6_ST00032" HPOS="1767" VPOS="632" WIDTH="99" HEIGHT="52" CONTENT="pas" WC="0.97" CC="600"/>
						<SP ID="P6_SP00028" HPOS="1866" VPOS="693" WIDTH="33"/>
						<String ID="P6_ST00033" HPOS="1899" VPOS="615" WIDTH="66" HEIGHT="49" CONTENT="de" WC="1.00" CC="00"/>
						<SP ID="P6_SP00029" HPOS="1965" VPOS="693" WIDTH="25"/>
						<String ID="P6_ST00034" HPOS="1990" VPOS="612" WIDTH="112" HEIGHT="52" CONTENT="mal" WC="0.99" CC="002"/>
						<SP ID="P6_SP00030" HPOS="2102" VPOS="693" WIDTH="27"/>
						<String ID="P6_ST00035" HPOS="2129" VPOS="616" WIDTH="29" HEIGHT="47" CONTENT="à" WC="0.57" CC="4"/>
					</TextLine>
					<TextLine ID="P6_TL00006" HPOS="200" VPOS="688" WIDTH="1961" HEIGHT="81">
						<String ID="P6_ST00036" HPOS="200" VPOS="702" WIDTH="80" HEIGHT="67" CONTENT="s'y" WC="0.97" CC="015"/>
						<SP ID="P6_SP00031" HPOS="280" VPOS="769" WIDTH="30"/>
						<String ID="P6_ST00037" HPOS="310" VPOS="715" WIDTH="371" HEIGHT="49" CONTENT="accoutumer," WC="0.99" CC="90534050240"/>
						<SP ID="P6_SP00032" HPOS="681" VPOS="769" WIDTH="42"/>
						<String ID="P6_ST00038" HPOS="723" VPOS="712" WIDTH="53" HEIGHT="38" CONTENT="et" WC="0.98" CC="00"/>
						<SP ID="P6_SP00033" HPOS="776" VPOS="769" WIDTH="31"/>
						<String ID="P6_ST00039" HPOS="807" VPOS="698" WIDTH="301" HEIGHT="52" CONTENT="l'habitude" WC="0.99" CC="5060014600"/>
						<SP ID="P6_SP00034" HPOS="1108" VPOS="769" WIDTH="39"/>
						<String ID="P6_ST00040" HPOS="1147" VPOS="712" WIDTH="81" HEIGHT="38" CONTENT="est" WC="1.00" CC="000"/>
						<SP ID="P6_SP00035" HPOS="1228" VPOS="769" WIDTH="23"/>
						<String ID="P6_ST00041" HPOS="1251" VPOS="700" WIDTH="109" HEIGHT="50" CONTENT="vite" WC="0.99" CC="3200"/>
						<SP ID="P6_SP00036" HPOS="1360" VPOS="769" WIDTH="39"/>
						<String ID="P6_ST00042" HPOS="1399" VPOS="714" WIDTH="109" HEIGHT="35" CONTENT="une" WC="0.98" CC="500"/>
						<SP ID="P6_SP00037" HPOS="1508" VPOS="769" WIDTH="40"/>
						<String ID="P6_ST00043" HPOS="1548" VPOS="692" WIDTH="237" HEIGHT="53" CONTENT="seconde" WC="1.00" CC="0000000"/>
						<SP ID="P6_SP00038" HPOS="1785" VPOS="769" WIDTH="38"/>
						<String ID="P6_ST00044" HPOS="1823" VPOS="701" WIDTH="214" HEIGHT="41" CONTENT="nature." WC="0.99" CC="0000603"/>
						<SP ID="P6_SP00039" HPOS="2037" VPOS="769" WIDTH="45"/>
						<String ID="P6_ST00045" HPOS="2082" VPOS="688" WIDTH="79" HEIGHT="50" CONTENT="La" WC="1.00" CC="00"/>
					</TextLine>
					<TextLine ID="P6_TL00007" HPOS="198" VPOS="762" WIDTH="1955" HEIGHT="80">
						<String ID="P6_ST00046" HPOS="198" VPOS="792" WIDTH="253" HEIGHT="36" CONTENT="secousse" WC="1.00" CC="00045000"/>
						<SP ID="P6_SP00040" HPOS="451" VPOS="828" WIDTH="40"/>
						<String ID="P6_ST00047" HPOS="491" VPOS="794" WIDTH="29" HEIGHT="33" CONTENT="a" WC="1.00" CC="0"/>
						<SP ID="P6_SP00041" HPOS="520" VPOS="828" WIDTH="24"/>
						<String ID="P6_ST00048" HPOS="544" VPOS="778" WIDTH="81" HEIGHT="49" CONTENT="été" WC="0.98" CC="500"/>
						<SP ID="P6_SP00042" HPOS="625" VPOS="828" WIDTH="33"/>
						<String ID="P6_ST00049" HPOS="658" VPOS="787" WIDTH="126" HEIGHT="55" CONTENT="trop" WC="1.00" CC="0000"/>
						<SP ID="P6_SP00043" HPOS="784" VPOS="842" WIDTH="37"/>
						<String ID="P6_ST00050" HPOS="821" VPOS="773" WIDTH="263" HEIGHT="68" CONTENT="brusque." WC="0.99" CC="06004604"/>
						<SP ID="P6_SP00044" HPOS="1084" VPOS="842" WIDTH="28"/>
						<String ID="P6_ST00051" HPOS="1112" VPOS="775" WIDTH="63" HEIGHT="50" CONTENT="Je" WC="1.00" CC="00"/>
						<SP ID="P6_SP00045" HPOS="1175" VPOS="842" WIDTH="42"/>
						<String ID="P6_ST00052" HPOS="1217" VPOS="773" WIDTH="114" HEIGHT="54" CONTENT="suis" WC="0.99" CC="0500"/>
						<SP ID="P6_SP00046" HPOS="1331" VPOS="842" WIDTH="33"/>
						<String ID="P6_ST00053" HPOS="1364" VPOS="787" WIDTH="215" HEIGHT="37" CONTENT="comme" WC="1.00" CC="10000"/>
						<SP ID="P6_SP00047" HPOS="1579" VPOS="842" WIDTH="32"/>
						<String ID="P6_ST00054" HPOS="1611" VPOS="785" WIDTH="77" HEIGHT="37" CONTENT="un" WC="0.41" CC="64"/>
						<SP ID="P6_SP00048" HPOS="1688" VPOS="842" WIDTH="40"/>
						<String ID="P6_ST00055" HPOS="1728" VPOS="766" WIDTH="204" HEIGHT="70" CONTENT="pigeon" WC="0.99" CC="001034"/>
						<SP ID="P6_SP00049" HPOS="1932" VPOS="842" WIDTH="32"/>
						<String ID="P6_ST00056" HPOS="1964" VPOS="762" WIDTH="189" HEIGHT="52" CONTENT="tombé" WC="1.00" CC="00000"/>
					</TextLine>
					<TextLine ID="P6_TL00008" HPOS="198" VPOS="839" WIDTH="1955" HEIGHT="79">
						<String ID="P6_ST00057" HPOS="198" VPOS="851" WIDTH="133" HEIGHT="52" CONTENT="d'un" WC="0.99" CC="0201"/>
						<SP ID="P6_SP00050" HPOS="331" VPOS="903" WIDTH="34"/>
						<String ID="P6_ST00058" HPOS="365" VPOS="849" WIDTH="96" HEIGHT="54" CONTENT="nid" WC="0.96" CC="560"/>
						<SP ID="P6_SP00051" HPOS="461" VPOS="903" WIDTH="54"/>
						<String ID="P6_ST00059" HPOS="515" VPOS="848" WIDTH="195" HEIGHT="70" CONTENT="d'aigle" WC="0.99" CC="0204800"/>
						<SP ID="P6_SP00052" HPOS="710" VPOS="918" WIDTH="49"/>
						<String ID="P6_ST00060" HPOS="759" VPOS="849" WIDTH="72" HEIGHT="50" CONTENT="où" WC="0.80" CC="30"/>
						<SP ID="P6_SP00053" HPOS="831" VPOS="918" WIDTH="49"/>
						<String ID="P6_ST00061" HPOS="880" VPOS="848" WIDTH="39" HEIGHT="51" CONTENT="il" WC="0.56" CC="35"/>
						<SP ID="P6_SP00054" HPOS="919" VPOS="918" WIDTH="40"/>
						<String ID="P6_ST00062" HPOS="959" VPOS="848" WIDTH="178" HEIGHT="52" CONTENT="aurait" WC="0.99" CC="045010"/>
						<SP ID="P6_SP00055" HPOS="1137" VPOS="918" WIDTH="36"/>
						<String ID="P6_ST00063" HPOS="1173" VPOS="848" WIDTH="201" HEIGHT="70" CONTENT="perché" WC="0.99" CC="005101"/>
						<SP ID="P6_SP00056" HPOS="1374" VPOS="918" WIDTH="55"/>
						<String ID="P6_ST00064" HPOS="1429" VPOS="865" WIDTH="58" HEIGHT="33" CONTENT="sa" WC="1.00" CC="00"/>
						<SP ID="P6_SP00057" HPOS="1487" VPOS="918" WIDTH="63"/>
						<String ID="P6_ST00065" HPOS="1550" VPOS="844" WIDTH="86" HEIGHT="52" CONTENT="vie" WC="1.00" CC="000"/>
						<SP ID="P6_SP00058" HPOS="1636" VPOS="918" WIDTH="51"/>
						<String ID="P6_ST00066" HPOS="1687" VPOS="843" WIDTH="222" HEIGHT="51" CONTENT="durant." WC="0.99" CC="0650004"/>
						<SP ID="P6_SP00059" HPOS="1909" VPOS="918" WIDTH="45"/>
						<String ID="P6_ST00067" HPOS="1954" VPOS="839" WIDTH="63" HEIGHT="51" CONTENT="Je" WC="1.00" CC="00"/>
						<SP ID="P6_SP00060" HPOS="2017" VPOS="918" WIDTH="48"/>
						<String ID="P6_ST00068" HPOS="2065" VPOS="855" WIDTH="88" HEIGHT="34" CONTENT="me" WC="1.00" CC="00"/>
					</TextLine>
					<TextLine ID="P6_TL00009" HPOS="198" VPOS="913" WIDTH="1963" HEIGHT="81">
						<String ID="P6_ST00069" HPOS="198" VPOS="927" WIDTH="273" HEIGHT="51" CONTENT="demande" WC="0.99" CC="0000900"/>
						<SP ID="P6_SP00061" HPOS="471" VPOS="978" WIDTH="27"/>
						<String ID="P6_ST00070" HPOS="498" VPOS="926" WIDTH="46" HEIGHT="52" CONTENT="si" WC="1.00" CC="00"/>
						<SP ID="P6_SP00062" HPOS="544" VPOS="978" WIDTH="32"/>
						<String ID="P6_ST00071" HPOS="576" VPOS="926" WIDTH="48" HEIGHT="67" CONTENT="je" WC="0.63" CC="70"/>
						<SP ID="P6_SP00063" HPOS="624" VPOS="993" WIDTH="46"/>
						<String ID="P6_ST00072" HPOS="670" VPOS="927" WIDTH="143" HEIGHT="49" CONTENT="rêve." WC="0.99" CC="60000"/>
						<SP ID="P6_SP00064" HPOS="813" VPOS="993" WIDTH="23"/>
						<String ID="P6_ST00073" HPOS="836" VPOS="924" WIDTH="63" HEIGHT="51" CONTENT="Je" WC="1.00" CC="00"/>
						<SP ID="P6_SP00065" HPOS="899" VPOS="993" WIDTH="31"/>
						<String ID="P6_ST00074" HPOS="930" VPOS="924" WIDTH="152" HEIGHT="51" CONTENT="n'ose" WC="0.99" CC="30000"/>
						<SP ID="P6_SP00066" HPOS="1082" VPOS="993" WIDTH="35"/>
						<String ID="P6_ST00075" HPOS="1117" VPOS="942" WIDTH="96" HEIGHT="52" CONTENT="pas" WC="1.00" CC="000"/>
						<SP ID="P6_SP00067" HPOS="1213" VPOS="994" WIDTH="26"/>
						<String ID="P6_ST00076" HPOS="1239" VPOS="936" WIDTH="282" HEIGHT="56" CONTENT="suspecter" WC="1.00" CC="050000004"/>
						<SP ID="P6_SP00068" HPOS="1521" VPOS="994" WIDTH="35"/>
						<String ID="P6_ST00077" HPOS="1556" VPOS="922" WIDTH="132" HEIGHT="51" CONTENT="d'un" WC="0.99" CC="0060"/>
						<SP ID="P6_SP00069" HPOS="1688" VPOS="994" WIDTH="24"/>
						<String ID="P6_ST00078" HPOS="1712" VPOS="928" WIDTH="178" HEIGHT="41" CONTENT="tantet" WC="0.94" CC="003000"/>
						<SP ID="P6_SP00070" HPOS="1890" VPOS="994" WIDTH="31"/>
						<String ID="P6_ST00079" HPOS="1921" VPOS="913" WIDTH="210" HEIGHT="52" CONTENT="d'incon" SUBS_TYPE="HypPart1" SUBS_CONTENT="d'inconsciente" WC="0.99" CC="0442024"/>
						<HYP HPOS="2131" VPOS="913" WIDTH="30" CONTENT="-"/>
					</TextLine>
					<TextLine ID="P6_TL00010" HPOS="198" VPOS="989" WIDTH="1959" HEIGHT="80">
						<String ID="P6_ST00080" HPOS="198" VPOS="1002" WIDTH="205" HEIGHT="51" CONTENT="sciente" SUBS_TYPE="HypPart2" SUBS_CONTENT="d'inconsciente" WC="0.99" CC="0400400"/>
						<SP ID="P6_SP00071" HPOS="403" VPOS="1053" WIDTH="21"/>
						<String ID="P6_ST00081" HPOS="424" VPOS="1001" WIDTH="229" HEIGHT="67" CONTENT="jalousie" WC="1.00" CC="60020000"/>
						<SP ID="P6_SP00072" HPOS="653" VPOS="1068" WIDTH="17"/>
						<String ID="P6_ST00082" HPOS="670" VPOS="1013" WIDTH="125" HEIGHT="40" CONTENT="tous" WC="0.99" CC="0200"/>
						<SP ID="P6_SP00073" HPOS="795" VPOS="1068" WIDTH="24"/>
						<String ID="P6_ST00083" HPOS="819" VPOS="1017" WIDTH="88" HEIGHT="33" CONTENT="ces" WC="0.98" CC="500"/>
						<SP ID="P6_SP00074" HPOS="907" VPOS="1068" WIDTH="23"/>
						<String ID="P6_ST00084" HPOS="930" VPOS="999" WIDTH="188" HEIGHT="70" CONTENT="génies" WC="0.99" CC="900000"/>
						<SP ID="P6_SP00075" HPOS="1118" VPOS="1069" WIDTH="27"/>
						<String ID="P6_ST00085" HPOS="1145" VPOS="999" WIDTH="222" HEIGHT="52" CONTENT="fameux" WC="1.00" CC="000050"/>
						<SP ID="P6_SP00076" HPOS="1367" VPOS="1069" WIDTH="25"/>
						<String ID="P6_ST00086" HPOS="1392" VPOS="999" WIDTH="137" HEIGHT="50" CONTENT="dont" WC="0.99" CC="0050"/>
						<SP ID="P6_SP00077" HPOS="1529" VPOS="1069" WIDTH="33"/>
						<String ID="P6_ST00087" HPOS="1562" VPOS="994" WIDTH="89" HEIGHT="69" CONTENT="j'ai" WC="0.98" CC="5001"/>
						<SP ID="P6_SP00078" HPOS="1651" VPOS="1069" WIDTH="28"/>
						<String ID="P6_ST00088" HPOS="1679" VPOS="992" WIDTH="145" HEIGHT="53" CONTENT="suivi" WC="1.00" CC="00003"/>
						<SP ID="P6_SP00079" HPOS="1824" VPOS="1069" WIDTH="27"/>
						<String ID="P6_ST00089" HPOS="1851" VPOS="989" WIDTH="306" HEIGHT="69" CONTENT="l'exemple." WC="1.00" CC="4000000204"/>
					</TextLine>
					<TextLine ID="P6_TL00011" HPOS="198" VPOS="1069" WIDTH="1964" HEIGHT="73">
						<String ID="P6_ST00090" HPOS="198" VPOS="1077" WIDTH="149" HEIGHT="49" CONTENT="Leur" WC="0.98" CC="0064"/>
						<SP ID="P6_SP00080" HPOS="347" VPOS="1126" WIDTH="24"/>
						<String ID="P6_ST00091" HPOS="371" VPOS="1087" WIDTH="84" HEIGHT="39" CONTENT="art" WC="0.96" CC="252"/>
						<SP ID="P6_SP00081" HPOS="455" VPOS="1126" WIDTH="24"/>
						<String ID="P6_ST00092" HPOS="479" VPOS="1076" WIDTH="281" HEIGHT="52" CONTENT="immortel" WC="1.00" CC="00015003"/>
						<SP ID="P6_SP00082" HPOS="760" VPOS="1128" WIDTH="37"/>
						<String ID="P6_ST00093" HPOS="797" VPOS="1074" WIDTH="83" HEIGHT="52" CONTENT="fut" WC="0.97" CC="350"/>
						<SP ID="P6_SP00083" HPOS="880" VPOS="1128" WIDTH="31"/>
						<String ID="P6_ST00094" HPOS="911" VPOS="1074" WIDTH="48" HEIGHT="51" CONTENT="le" WC="0.71" CC="50"/>
						<SP ID="P6_SP00084" HPOS="959" VPOS="1128" WIDTH="32"/>
						<String ID="P6_ST00095" HPOS="991" VPOS="1074" WIDTH="171" HEIGHT="66" CONTENT="mien," WC="0.99" CC="05010"/>
						<SP ID="P6_SP00085" HPOS="1162" VPOS="1140" WIDTH="42"/>
						<String ID="P6_ST00096" HPOS="1204" VPOS="1087" WIDTH="52" HEIGHT="38" CONTENT="et" WC="0.91" CC="01"/>
						<SP ID="P6_SP00086" HPOS="1256" VPOS="1140" WIDTH="22"/>
						<String ID="P6_ST00097" HPOS="1278" VPOS="1072" WIDTH="309" HEIGHT="70" CONTENT="cependant" WC="1.00" CC="000000050"/>
						<SP ID="P6_SP00087" HPOS="1587" VPOS="1142" WIDTH="22"/>
						<String ID="P6_ST00098" HPOS="1609" VPOS="1069" WIDTH="69" HEIGHT="51" CONTENT="ils" WC="1.00" CC="000"/>
						<SP ID="P6_SP00088" HPOS="1678" VPOS="1142" WIDTH="25"/>
						<String ID="P6_ST00099" HPOS="1703" VPOS="1084" WIDTH="89" HEIGHT="36" CONTENT="me" WC="1.00" CC="00"/>
						<SP ID="P6_SP00089" HPOS="1792" VPOS="1142" WIDTH="37"/>
						<String ID="P6_ST00100" HPOS="1829" VPOS="1076" WIDTH="333" HEIGHT="59" CONTENT="repoussent" WC="0.99" CC="4081600001"/>
					</TextLine>
					<TextLine ID="P6_TL00012" HPOS="198" VPOS="1142" WIDTH="1964" HEIGHT="77">
						<String ID="P6_ST00101" HPOS="198" VPOS="1168" WIDTH="73" HEIGHT="35" CONTENT="ou" WC="0.57" CC="17"/>
						<SP ID="P6_SP00090" HPOS="271" VPOS="1203" WIDTH="26"/>
						<String ID="P6_ST00102" HPOS="297" VPOS="1168" WIDTH="87" HEIGHT="35" CONTENT="me" WC="1.00" CC="00"/>
						<SP ID="P6_SP00091" HPOS="384" VPOS="1203" WIDTH="33"/>
						<String ID="P6_ST00103" HPOS="417" VPOS="1152" WIDTH="239" HEIGHT="51" CONTENT="raillent." WC="0.99" CC="300140410"/>
						<SP ID="P6_SP00092" HPOS="656" VPOS="1203" WIDTH="26"/>
						<String ID="P6_ST00104" HPOS="682" VPOS="1152" WIDTH="63" HEIGHT="51" CONTENT="Je" WC="1.00" CC="00"/>
						<SP ID="P6_SP00093" HPOS="745" VPOS="1203" WIDTH="25"/>
						<String ID="P6_ST00105" HPOS="770" VPOS="1148" WIDTH="220" HEIGHT="55" CONTENT="l'aurais" WC="0.99" CC="20066000"/>
						<SP ID="P6_SP00094" HPOS="990" VPOS="1203" WIDTH="33"/>
						<String ID="P6_ST00106" HPOS="1023" VPOS="1149" WIDTH="244" HEIGHT="70" CONTENT="compris" WC="1.00" CC="0200400"/>
						<SP ID="P6_SP00095" HPOS="1267" VPOS="1219" WIDTH="29"/>
						<String ID="P6_ST00107" HPOS="1296" VPOS="1150" WIDTH="64" HEIGHT="51" CONTENT="de" WC="0.71" CC="50"/>
						<SP ID="P6_SP00096" HPOS="1360" VPOS="1219" WIDTH="32"/>
						<String ID="P6_ST00108" HPOS="1392" VPOS="1148" WIDTH="269" HEIGHT="67" CONTENT="Wagner." WC="0.99" CC="1072062"/>
						<SP ID="P6_SP00097" HPOS="1661" VPOS="1219" WIDTH="27"/>
						<String ID="P6_ST00109" HPOS="1688" VPOS="1144" WIDTH="151" HEIGHT="53" CONTENT="C'est" WC="1.00" CC="00000"/>
						<SP ID="P6_SP00098" HPOS="1839" VPOS="1219" WIDTH="32"/>
						<String ID="P6_ST00110" HPOS="1871" VPOS="1142" WIDTH="99" HEIGHT="64" CONTENT="lui," WC="0.98" CC="4600"/>
						<SP ID="P6_SP00099" HPOS="1970" VPOS="1219" WIDTH="25"/>
						<String ID="P6_ST00111" HPOS="1995" VPOS="1157" WIDTH="134" HEIGHT="53" CONTENT="pour" SUBS_TYPE="HypPart1" SUBS_CONTENT="pourtant," WC="0.98" CC="0161"/>
						<HYP HPOS="2129" VPOS="1157" WIDTH="33" CONTENT="-"/>
					</TextLine>
					<TextLine ID="P6_TL00013" HPOS="198" VPOS="1217" WIDTH="1966" HEIGHT="80">
						<String ID="P6_ST00112" HPOS="198" VPOS="1241" WIDTH="138" HEIGHT="52" CONTENT="tant," SUBS_TYPE="HypPart2" SUBS_CONTENT="pourtant," WC="1.00" CC="20000"/>
						<SP ID="P6_SP00100" HPOS="336" VPOS="1293" WIDTH="33"/>
						<String ID="P6_ST00113" HPOS="369" VPOS="1225" WIDTH="96" HEIGHT="72" CONTENT="qui" WC="0.96" CC="064"/>
						<SP ID="P6_SP00101" HPOS="465" VPOS="1297" WIDTH="47"/>
						<String ID="P6_ST00114" HPOS="512" VPOS="1225" WIDTH="352" HEIGHT="54" CONTENT="m'accueillit" WC="1.00" CC="030424040000"/>
						<SP ID="P6_SP00102" HPOS="864" VPOS="1297" WIDTH="32"/>
						<String ID="P6_ST00115" HPOS="896" VPOS="1227" WIDTH="48" HEIGHT="50" CONTENT="le" WC="0.74" CC="50"/>
						<SP ID="P6_SP00103" HPOS="944" VPOS="1297" WIDTH="32"/>
						<String ID="P6_ST00116" HPOS="976" VPOS="1225" WIDTH="124" HEIGHT="69" CONTENT="plus" WC="0.99" CC="0050"/>
						<SP ID="P6_SP00104" HPOS="1100" VPOS="1297" WIDTH="45"/>
						<String ID="P6_ST00117" HPOS="1145" VPOS="1223" WIDTH="398" HEIGHT="53" CONTENT="cordialement" WC="1.00" CC="406000500011"/>
						<SP ID="P6_SP00105" HPOS="1543" VPOS="1297" WIDTH="30"/>
						<String ID="P6_ST00118" HPOS="1573" VPOS="1233" WIDTH="123" HEIGHT="39" CONTENT="tout" WC="0.98" CC="0450"/>
						<SP ID="P6_SP00106" HPOS="1696" VPOS="1297" WIDTH="39"/>
						<String ID="P6_ST00119" HPOS="1735" VPOS="1217" WIDTH="249" HEIGHT="62" CONTENT="d'abord," WC="1.00" CC="00000100"/>
						<SP ID="P6_SP00107" HPOS="1984" VPOS="1297" WIDTH="29"/>
						<String ID="P6_ST00120" HPOS="2013" VPOS="1219" WIDTH="31" HEIGHT="48" CONTENT="à" WC="0.47" CC="5"/>
						<SP ID="P6_SP00108" HPOS="2044" VPOS="1297" WIDTH="31"/>
						<String ID="P6_ST00121" HPOS="2075" VPOS="1232" WIDTH="89" HEIGHT="34" CONTENT="ma" WC="1.00" CC="00"/>
					</TextLine>
					<TextLine ID="P6_TL00014" HPOS="198" VPOS="1291" WIDTH="1964" HEIGHT="78">
						<String ID="P6_ST00122" HPOS="198" VPOS="1302" WIDTH="210" HEIGHT="53" CONTENT="sincère" WC="0.99" CC="0400570"/>
						<SP ID="P6_SP00109" HPOS="408" VPOS="1355" WIDTH="27"/>
						<String ID="P6_ST00123" HPOS="435" VPOS="1302" WIDTH="125" HEIGHT="67" CONTENT="joie," WC="0.99" CC="35000"/>
						<SP ID="P6_SP00110" HPOS="560" VPOS="1369" WIDTH="28"/>
						<String ID="P6_ST00124" HPOS="588" VPOS="1318" WIDTH="92" HEIGHT="36" CONTENT="car" WC="0.98" CC="004"/>
						<SP ID="P6_SP00111" HPOS="680" VPOS="1369" WIDTH="20"/>
						<String ID="P6_ST00125" HPOS="700" VPOS="1300" WIDTH="47" HEIGHT="68" CONTENT="je" WC="0.83" CC="30"/>
						<SP ID="P6_SP00112" HPOS="747" VPOS="1369" WIDTH="27"/>
						<String ID="P6_ST00126" HPOS="774" VPOS="1299" WIDTH="306" HEIGHT="53" CONTENT="souhaitais" WC="1.00" CC="0256000000"/>
						<SP ID="P6_SP00113" HPOS="1080" VPOS="1369" WIDTH="24"/>
						<String ID="P6_ST00127" HPOS="1104" VPOS="1299" WIDTH="135" HEIGHT="52" CONTENT="faire" WC="0.99" CC="00050"/>
						<SP ID="P6_SP00114" HPOS="1239" VPOS="1369" WIDTH="25"/>
						<String ID="P6_ST00128" HPOS="1264" VPOS="1298" WIDTH="70" HEIGHT="51" CONTENT="ici" WC="1.00" CC="000"/>
						<SP ID="P6_SP00115" HPOS="1334" VPOS="1369" WIDTH="25"/>
						<String ID="P6_ST00129" HPOS="1359" VPOS="1298" WIDTH="51" HEIGHT="51" CONTENT="la" WC="0.85" CC="20"/>
						<SP ID="P6_SP00116" HPOS="1410" VPOS="1369" WIDTH="33"/>
						<String ID="P6_ST00130" HPOS="1443" VPOS="1295" WIDTH="124" HEIGHT="70" CONTENT="paix" WC="1.00" CC="0000"/>
						<SP ID="P6_SP00117" HPOS="1567" VPOS="1369" WIDTH="30"/>
						<String ID="P6_ST00131" HPOS="1597" VPOS="1312" WIDTH="128" HEIGHT="34" CONTENT="avec" WC="1.00" CC="0001"/>
						<SP ID="P6_SP00118" HPOS="1725" VPOS="1369" WIDTH="39"/>
						<String ID="P6_ST00132" HPOS="1764" VPOS="1309" WIDTH="135" HEIGHT="35" CONTENT="mon" WC="0.97" CC="024"/>
						<SP ID="P6_SP00119" HPOS="1899" VPOS="1369" WIDTH="43"/>
						<String ID="P6_ST00133" HPOS="1942" VPOS="1291" WIDTH="220" HEIGHT="53" CONTENT="illustre" WC="0.99" CC="01260040"/>
					</TextLine>
					<TextLine ID="P6_TL00015" HPOS="197" VPOS="1368" WIDTH="1967" HEIGHT="78">
						<String ID="P6_ST00134" HPOS="197" VPOS="1379" WIDTH="156" HEIGHT="51" CONTENT="rival." WC="0.99" CC="300032"/>
						<SP ID="P6_SP00120" HPOS="353" VPOS="1430" WIDTH="60"/>
						<String ID="P6_ST00135" HPOS="413" VPOS="1379" WIDTH="45" HEIGHT="51" CONTENT="Il" WC="0.50" CC="09"/>
						<SP ID="P6_SP00121" HPOS="458" VPOS="1430" WIDTH="31"/>
						<String ID="P6_ST00136" HPOS="489" VPOS="1396" WIDTH="89" HEIGHT="34" CONTENT="me" WC="1.00" CC="00"/>
						<SP ID="P6_SP00122" HPOS="578" VPOS="1430" WIDTH="54"/>
						<String ID="P6_ST00137" HPOS="632" VPOS="1378" WIDTH="334" HEIGHT="68" CONTENT="questionna" WC="1.00" CC="0500000010"/>
						<SP ID="P6_SP00123" HPOS="966" VPOS="1446" WIDTH="54"/>
						<String ID="P6_ST00138" HPOS="1020" VPOS="1388" WIDTH="123" HEIGHT="39" CONTENT="tout" WC="0.99" CC="0060"/>
						<SP ID="P6_SP00124" HPOS="1143" VPOS="1446" WIDTH="51"/>
						<String ID="P6_ST00139" HPOS="1194" VPOS="1375" WIDTH="240" HEIGHT="50" CONTENT="fiévreux" WC="0.99" CC="67005060"/>
						<SP ID="P6_SP00125" HPOS="1434" VPOS="1446" WIDTH="38"/>
						<String ID="P6_ST00140" HPOS="1472" VPOS="1388" WIDTH="95" HEIGHT="36" CONTENT="sur" WC="0.96" CC="056"/>
						<SP ID="P6_SP00126" HPOS="1567" VPOS="1446" WIDTH="41"/>
						<String ID="P6_ST00141" HPOS="1608" VPOS="1371" WIDTH="48" HEIGHT="51" CONTENT="le" WC="0.77" CC="40"/>
						<SP ID="P6_SP00127" HPOS="1656" VPOS="1446" WIDTH="59"/>
						<String ID="P6_ST00142" HPOS="1715" VPOS="1370" WIDTH="188" HEIGHT="52" CONTENT="succès" WC="0.99" CC="003310"/>
						<SP ID="P6_SP00128" HPOS="1903" VPOS="1446" WIDTH="51"/>
						<String ID="P6_ST00143" HPOS="1954" VPOS="1368" WIDTH="67" HEIGHT="50" CONTENT="de" WC="1.00" CC="00"/>
						<SP ID="P6_SP00129" HPOS="2021" VPOS="1446" WIDTH="58"/>
						<String ID="P6_ST00144" HPOS="2079" VPOS="1384" WIDTH="85" HEIGHT="33" CONTENT="ses" WC="0.99" CC="003"/>
					</TextLine>
					<TextLine ID="P6_TL00016" HPOS="198" VPOS="1441" WIDTH="1965" HEIGHT="82">
						<String ID="P6_ST00145" HPOS="198" VPOS="1472" WIDTH="270" HEIGHT="51" CONTENT="ouvrages" WC="0.99" CC="35030700"/>
						<SP ID="P6_SP00130" HPOS="468" VPOS="1523" WIDTH="26"/>
						<String ID="P6_ST00146" HPOS="494" VPOS="1467" WIDTH="52" HEIGHT="38" CONTENT="et" WC="1.00" CC="00"/>
						<SP ID="P6_SP00131" HPOS="546" VPOS="1523" WIDTH="42"/>
						<String ID="P6_ST00147" HPOS="588" VPOS="1454" WIDTH="52" HEIGHT="51" CONTENT="la" WC="0.79" CC="40"/>
						<SP ID="P6_SP00132" HPOS="640" VPOS="1523" WIDTH="30"/>
						<String ID="P6_ST00148" HPOS="670" VPOS="1451" WIDTH="313" HEIGHT="72" CONTENT="prospérité" WC="1.00" CC="0410000200"/>
						<SP ID="P6_SP00133" HPOS="983" VPOS="1523" WIDTH="32"/>
						<String ID="P6_ST00149" HPOS="1015" VPOS="1451" WIDTH="66" HEIGHT="51" CONTENT="de" WC="1.00" CC="00"/>
						<SP ID="P6_SP00134" HPOS="1081" VPOS="1523" WIDTH="27"/>
						<String ID="P6_ST00150" HPOS="1108" VPOS="1449" WIDTH="299" HEIGHT="68" CONTENT="Bayreuth," WC="0.85" CC="105400002"/>
						<SP ID="P6_SP00135" HPOS="1407" VPOS="1523" WIDTH="56"/>
						<String ID="P6_ST00151" HPOS="1463" VPOS="1444" WIDTH="243" HEIGHT="70" CONTENT="s'enquit" WC="0.73" CC="04030633"/>
						<SP ID="P6_SP00136" HPOS="1706" VPOS="1523" WIDTH="30"/>
						<String ID="P6_ST00152" HPOS="1736" VPOS="1445" WIDTH="96" HEIGHT="51" CONTENT="des" WC="1.00" CC="000"/>
						<SP ID="P6_SP00137" HPOS="1832" VPOS="1523" WIDTH="33"/>
						<String ID="P6_ST00153" HPOS="1865" VPOS="1446" WIDTH="184" HEIGHT="47" CONTENT="santés" WC="1.00" CC="004000"/>
						<SP ID="P6_SP00138" HPOS="2049" VPOS="1523" WIDTH="48"/>
						<String ID="P6_ST00154" HPOS="2097" VPOS="1441" WIDTH="66" HEIGHT="51" CONTENT="de" WC="1.00" CC="00"/>
					</TextLine>
					<TextLine ID="P6_TL00017" HPOS="201" VPOS="1517" WIDTH="1963" HEIGHT="81">
						<String ID="P6_ST00155" HPOS="201" VPOS="1528" WIDTH="270" HEIGHT="70" CONTENT="Siegfried" WC="1.00" CC="000411000"/>
						<SP ID="P6_SP00139" HPOS="471" VPOS="1598" WIDTH="41"/>
						<String ID="P6_ST00156" HPOS="512" VPOS="1542" WIDTH="52" HEIGHT="38" CONTENT="et" WC="1.00" CC="00"/>
						<SP ID="P6_SP00140" HPOS="564" VPOS="1598" WIDTH="31"/>
						<String ID="P6_ST00157" HPOS="595" VPOS="1529" WIDTH="66" HEIGHT="51" CONTENT="de" WC="1.00" CC="00"/>
						<SP ID="P6_SP00141" HPOS="661" VPOS="1598" WIDTH="44"/>
						<String ID="P6_ST00158" HPOS="705" VPOS="1528" WIDTH="248" HEIGHT="63" CONTENT="Cosima," WC="0.78" CC="2260003"/>
						<SP ID="P6_SP00142" HPOS="953" VPOS="1598" WIDTH="42"/>
						<String ID="P6_ST00159" HPOS="995" VPOS="1538" WIDTH="53" HEIGHT="38" CONTENT="et" WC="1.00" CC="00"/>
						<SP ID="P6_SP00143" HPOS="1048" VPOS="1598" WIDTH="31"/>
						<String ID="P6_ST00160" HPOS="1079" VPOS="1540" WIDTH="243" HEIGHT="51" CONTENT="manqua" WC="0.99" CC="000950"/>
						<SP ID="P6_SP00144" HPOS="1322" VPOS="1598" WIDTH="31"/>
						<String ID="P6_ST00161" HPOS="1353" VPOS="1539" WIDTH="89" HEIGHT="34" CONTENT="me" WC="1.00" CC="00"/>
						<SP ID="P6_SP00145" HPOS="1442" VPOS="1598" WIDTH="40"/>
						<String ID="P6_ST00162" HPOS="1482" VPOS="1533" WIDTH="187" HEIGHT="39" CONTENT="sauter" WC="0.99" CC="006206"/>
						<SP ID="P6_SP00146" HPOS="1669" VPOS="1598" WIDTH="31"/>
						<String ID="P6_ST00163" HPOS="1700" VPOS="1537" WIDTH="68" HEIGHT="34" CONTENT="au" WC="1.00" CC="00"/>
						<SP ID="P6_SP00147" HPOS="1768" VPOS="1598" WIDTH="26"/>
						<String ID="P6_ST00164" HPOS="1794" VPOS="1535" WIDTH="104" HEIGHT="35" CONTENT="cou" WC="0.97" CC="204"/>
						<SP ID="P6_SP00148" HPOS="1898" VPOS="1598" WIDTH="40"/>
						<String ID="P6_ST00165" HPOS="1938" VPOS="1517" WIDTH="226" HEIGHT="69" CONTENT="lorsque" WC="0.99" CC="0060050"/>
					</TextLine>
					<TextLine ID="P6_TL00018" HPOS="202" VPOS="1592" WIDTH="1962" HEIGHT="79">
						<String ID="P6_ST00166" HPOS="202" VPOS="1604" WIDTH="47" HEIGHT="67" CONTENT="je" WC="0.78" CC="40"/>
						<SP ID="P6_SP00149" HPOS="249" VPOS="1671" WIDTH="33"/>
						<String ID="P6_ST00167" HPOS="282" VPOS="1603" WIDTH="78" HEIGHT="53" CONTENT="lui" WC="0.98" CC="400"/>
						<SP ID="P6_SP00150" HPOS="360" VPOS="1671" WIDTH="26"/>
						<String ID="P6_ST00168" HPOS="386" VPOS="1603" WIDTH="207" HEIGHT="53" CONTENT="donnai" WC="0.99" CC="054000"/>
						<SP ID="P6_SP00151" HPOS="593" VPOS="1671" WIDTH="30"/>
						<String ID="P6_ST00169" HPOS="623" VPOS="1601" WIDTH="370" HEIGHT="70" CONTENT="l'exemplaire" WC="1.00" CC="630000000030"/>
						<SP ID="P6_SP00152" HPOS="993" VPOS="1671" WIDTH="36"/>
						<String ID="P6_ST00170" HPOS="1029" VPOS="1599" WIDTH="311" HEIGHT="52" CONTENT="richement" WC="1.00" CC="410000000"/>
						<SP ID="P6_SP00153" HPOS="1340" VPOS="1671" WIDTH="26"/>
						<String ID="P6_ST00171" HPOS="1366" VPOS="1596" WIDTH="130" HEIGHT="52" CONTENT="relié" WC="0.99" CC="40000"/>
						<SP ID="P6_SP00154" HPOS="1496" VPOS="1671" WIDTH="37"/>
						<String ID="P6_ST00172" HPOS="1533" VPOS="1596" WIDTH="75" HEIGHT="51" CONTENT="du" WC="0.78" CC="04"/>
						<SP ID="P6_SP00155" HPOS="1608" VPOS="1671" WIDTH="22"/>
						<String ID="P6_ST00173" HPOS="1630" VPOS="1592" WIDTH="242" HEIGHT="72" CONTENT="premier" WC="0.99" CC="0520001"/>
						<SP ID="P6_SP00156" HPOS="1872" VPOS="1671" WIDTH="32"/>
						<String ID="P6_ST00174" HPOS="1904" VPOS="1595" WIDTH="170" HEIGHT="66" CONTENT="opéra" WC="0.99" CC="00350"/>
						<SP ID="P6_SP00157" HPOS="2074" VPOS="1671" WIDTH="26"/>
						<String ID="P6_ST00175" HPOS="2100" VPOS="1592" WIDTH="64" HEIGHT="51" CONTENT="de" WC="1.00" CC="00"/>
					</TextLine>
					<TextLine ID="P6_TL00019" HPOS="201" VPOS="1666" WIDTH="1963" HEIGHT="83">
						<String ID="P6_ST00176" HPOS="201" VPOS="1697" WIDTH="102" HEIGHT="34" CONTENT="son" WC="0.99" CC="030"/>
						<SP ID="P6_SP00158" HPOS="303" VPOS="1731" WIDTH="31"/>
						<String ID="P6_ST00177" HPOS="334" VPOS="1680" WIDTH="106" HEIGHT="65" CONTENT="fils," WC="1.00" CC="00000"/>
						<SP ID="P6_SP00159" HPOS="440" VPOS="1745" WIDTH="57"/>
						<String ID="P6_ST00178" HPOS="497" VPOS="1697" WIDTH="105" HEIGHT="52" CONTENT="que" WC="0.98" CC="040"/>
						<SP ID="P6_SP00160" HPOS="602" VPOS="1749" WIDTH="49"/>
						<String ID="P6_ST00179" HPOS="651" VPOS="1678" WIDTH="189" HEIGHT="68" CONTENT="j'avais" WC="1.00" CC="3000000"/>
						<SP ID="P6_SP00161" HPOS="840" VPOS="1749" WIDTH="46"/>
						<String ID="P6_ST00180" HPOS="886" VPOS="1680" WIDTH="232" HEIGHT="66" CONTENT="apporté" WC="1.00" CC="0000600"/>
						<SP ID="P6_SP00162" HPOS="1118" VPOS="1749" WIDTH="41"/>
						<String ID="P6_ST00181" HPOS="1159" VPOS="1679" WIDTH="29" HEIGHT="47" CONTENT="à" WC="0.79" CC="2"/>
						<SP ID="P6_SP00163" HPOS="1188" VPOS="1749" WIDTH="43"/>
						<String ID="P6_ST00182" HPOS="1231" VPOS="1691" WIDTH="103" HEIGHT="35" CONTENT="son" WC="0.99" CC="010"/>
						<SP ID="P6_SP00164" HPOS="1334" VPOS="1749" WIDTH="29"/>
						<String ID="P6_ST00183" HPOS="1363" VPOS="1671" WIDTH="301" HEIGHT="54" CONTENT="intention." WC="1.00" CC="0001002004"/>
						<SP ID="P6_SP00165" HPOS="1664" VPOS="1749" WIDTH="32"/>
						<String ID="P6_ST00184" HPOS="1696" VPOS="1672" WIDTH="52" HEIGHT="50" CONTENT="A" WC="0.34" CC="6"/>
						<SP ID="P6_SP00166" HPOS="1748" VPOS="1749" WIDTH="43"/>
						<String ID="P6_ST00185" HPOS="1791" VPOS="1670" WIDTH="52" HEIGHT="51" CONTENT="la" WC="0.78" CC="40"/>
						<SP ID="P6_SP00167" HPOS="1843" VPOS="1749" WIDTH="41"/>
						<String ID="P6_ST00186" HPOS="1884" VPOS="1667" WIDTH="195" HEIGHT="66" CONTENT="vérité," WC="0.99" CC="0064002"/>
						<SP ID="P6_SP00168" HPOS="2079" VPOS="1749" WIDTH="37"/>
						<String ID="P6_ST00187" HPOS="2116" VPOS="1666" WIDTH="48" HEIGHT="69" CONTENT="je" WC="0.78" CC="40"/>
					</TextLine>
					<TextLine ID="P6_TL00020" HPOS="201" VPOS="1745" WIDTH="1963" HEIGHT="71">
						<String ID="P6_ST00188" HPOS="201" VPOS="1768" WIDTH="143" HEIGHT="39" CONTENT="reste" WC="1.00" CC="40000"/>
						<SP ID="P6_SP00169" HPOS="344" VPOS="1807" WIDTH="26"/>
						<String ID="P6_ST00189" HPOS="370" VPOS="1770" WIDTH="195" HEIGHT="36" CONTENT="encore" WC="1.00" CC="000040"/>
						<SP ID="P6_SP00170" HPOS="565" VPOS="1807" WIDTH="27"/>
						<String ID="P6_ST00190" HPOS="592" VPOS="1751" WIDTH="299" HEIGHT="54" CONTENT="abasourdi" WC="1.00" CC="000000400"/>
						<SP ID="P6_SP00171" HPOS="891" VPOS="1807" WIDTH="31"/>
						<String ID="P6_ST00191" HPOS="922" VPOS="1752" WIDTH="66" HEIGHT="51" CONTENT="de" WC="1.00" CC="00"/>
						<SP ID="P6_SP00172" HPOS="988" VPOS="1807" WIDTH="44"/>
						<String ID="P6_ST00192" HPOS="1032" VPOS="1749" WIDTH="240" HEIGHT="52" CONTENT="l'affront" WC="0.99" CC="000764150"/>
						<SP ID="P6_SP00173" HPOS="1272" VPOS="1807" WIDTH="38"/>
						<String ID="P6_ST00193" HPOS="1310" VPOS="1747" WIDTH="96" HEIGHT="69" CONTENT="qui" WC="1.00" CC="000"/>
						<SP ID="P6_SP00174" HPOS="1406" VPOS="1816" WIDTH="32"/>
						<String ID="P6_ST00194" HPOS="1438" VPOS="1747" WIDTH="84" HEIGHT="52" CONTENT="fut" WC="0.98" CC="060"/>
						<SP ID="P6_SP00175" HPOS="1522" VPOS="1816" WIDTH="42"/>
						<String ID="P6_ST00195" HPOS="1564" VPOS="1763" WIDTH="91" HEIGHT="35" CONTENT="ma" WC="1.00" CC="00"/>
						<SP ID="P6_SP00176" HPOS="1655" VPOS="1816" WIDTH="37"/>
						<String ID="P6_ST00196" HPOS="1692" VPOS="1749" WIDTH="386" HEIGHT="64" CONTENT="récompense." WC="1.00" CC="10300000003"/>
						<SP ID="P6_SP00177" HPOS="2078" VPOS="1816" WIDTH="37"/>
						<String ID="P6_ST00197" HPOS="2115" VPOS="1745" WIDTH="49" HEIGHT="51" CONTENT="A" WC="0.58" CC="4"/>
					</TextLine>
					<TextLine ID="P6_TL00021" HPOS="204" VPOS="1821" WIDTH="1963" HEIGHT="79">
						<String ID="P6_ST00198" HPOS="204" VPOS="1830" WIDTH="160" HEIGHT="70" CONTENT="peine" WC="1.00" CC="00000"/>
						<SP ID="P6_SP00178" HPOS="364" VPOS="1900" WIDTH="43"/>
						<String ID="P6_ST00199" HPOS="407" VPOS="1846" WIDTH="67" HEIGHT="35" CONTENT="en" WC="1.00" CC="00"/>
						<SP ID="P6_SP00179" HPOS="474" VPOS="1900" WIDTH="31"/>
						<String ID="P6_ST00200" HPOS="505" VPOS="1829" WIDTH="158" HEIGHT="52" CONTENT="eut-il" WC="1.00" CC="050000"/>
						<SP ID="P6_SP00180" HPOS="663" VPOS="1900" WIDTH="36"/>
						<String ID="P6_ST00201" HPOS="699" VPOS="1844" WIDTH="277" HEIGHT="53" CONTENT="parcouru" WC="0.99" CC="00130650"/>
						<SP ID="P6_SP00181" HPOS="976" VPOS="1900" WIDTH="34"/>
						<String ID="P6_ST00202" HPOS="1010" VPOS="1826" WIDTH="270" HEIGHT="70" CONTENT="quelques" WC="0.99" CC="46050400"/>
						<SP ID="P6_SP00182" HPOS="1280" VPOS="1900" WIDTH="33"/>
						<String ID="P6_ST00203" HPOS="1313" VPOS="1840" WIDTH="271" HEIGHT="45" CONTENT="mesures," WC="0.99" CC="00066004"/>
						<SP ID="P6_SP00183" HPOS="1584" VPOS="1900" WIDTH="41"/>
						<String ID="P6_ST00204" HPOS="1625" VPOS="1822" WIDTH="134" HEIGHT="69" CONTENT="qu'il" WC="0.98" CC="06036"/>
						<SP ID="P6_SP00184" HPOS="1759" VPOS="1900" WIDTH="37"/>
						<String ID="P6_ST00205" HPOS="1796" VPOS="1839" WIDTH="89" HEIGHT="33" CONTENT="me" WC="1.00" CC="00"/>
						<SP ID="P6_SP00185" HPOS="1885" VPOS="1900" WIDTH="37"/>
						<String ID="P6_ST00206" HPOS="1922" VPOS="1821" WIDTH="156" HEIGHT="66" CONTENT="lança" WC="1.00" CC="00000"/>
						<SP ID="P6_SP00186" HPOS="2078" VPOS="1900" WIDTH="38"/>
						<String ID="P6_ST00207" HPOS="2116" VPOS="1821" WIDTH="51" HEIGHT="50" CONTENT="la" WC="0.70" CC="50"/>
					</TextLine>
					<TextLine ID="P6_TL00022" HPOS="204" VPOS="1895" WIDTH="1963" HEIGHT="80">
						<String ID="P6_ST00208" HPOS="204" VPOS="1904" WIDTH="262" HEIGHT="71" CONTENT="partition" WC="0.99" CC="005020006"/>
						<SP ID="P6_SP00187" HPOS="466" VPOS="1975" WIDTH="31"/>
						<String ID="P6_ST00209" HPOS="497" VPOS="1906" WIDTH="66" HEIGHT="50" CONTENT="de" WC="1.00" CC="00"/>
						<SP ID="P6_SP00188" HPOS="563" VPOS="1975" WIDTH="433"/>
						<String ID="P6_ST00210" HPOS="996" VPOS="1904" WIDTH="93" HEIGHT="50" CONTENT="Baerenhaeuter" WC="0.55" CC="2457700770059" STYLEREFS="TXT_3"/>
						<String ID="P6_ST00211" HPOS="1090" VPOS="1905" WIDTH="49" HEIGHT="47" CONTENT="à" WC="0.60" CC="3"/>
						<SP ID="P6_SP00189" HPOS="1139" VPOS="1975" WIDTH="1"/>
						<String ID="P6_ST00212" HPOS="1140" VPOS="1901" WIDTH="114" HEIGHT="51" CONTENT="la" WC="0.91" CC="10"/>
						<SP ID="P6_SP00190" HPOS="1254" VPOS="1975" WIDTH="1"/>
						<String ID="P6_ST00213" HPOS="1255" VPOS="1904" WIDTH="140" HEIGHT="48" CONTENT="tête" WC="1.00" CC="0000"/>
						<SP ID="P6_SP00191" HPOS="1395" VPOS="1975" WIDTH="1"/>
						<String ID="P6_ST00214" HPOS="1396" VPOS="1910" WIDTH="36" HEIGHT="39" CONTENT="et" WC="0.94" CC="01"/>
						<SP ID="P6_SP00192" HPOS="1432" VPOS="1975" WIDTH="19"/>
						<String ID="P6_ST00215" HPOS="1451" VPOS="1896" WIDTH="223" HEIGHT="53" CONTENT="s'enfuit" WC="1.00" CC="00000400"/>
						<SP ID="P6_SP00193" HPOS="1674" VPOS="1975" WIDTH="45"/>
						<String ID="P6_ST00216" HPOS="1719" VPOS="1911" WIDTH="216" HEIGHT="36" CONTENT="comme" WC="0.99" CC="05000"/>
						<SP ID="P6_SP00194" HPOS="1935" VPOS="1975" WIDTH="24"/>
						<String ID="P6_ST00217" HPOS="1959" VPOS="1910" WIDTH="80" HEIGHT="35" CONTENT="un" WC="0.75" CC="05"/>
						<SP ID="P6_SP00195" HPOS="2039" VPOS="1975" WIDTH="33"/>
						<String ID="P6_ST00218" HPOS="2072" VPOS="1895" WIDTH="95" HEIGHT="50" CONTENT="fou" WC="0.97" CC="420"/>
					</TextLine>
					<TextLine ID="P6_TL00023" HPOS="201" VPOS="1970" WIDTH="1966" HEIGHT="76">
						<String ID="P6_ST00219" HPOS="201" VPOS="1980" WIDTH="218" HEIGHT="53" CONTENT="furieux" WC="0.99" CC="0450060"/>
						<SP ID="P6_SP00196" HPOS="419" VPOS="2033" WIDTH="37"/>
						<String ID="P6_ST00220" HPOS="456" VPOS="1996" WIDTH="68" HEIGHT="35" CONTENT="en" WC="1.00" CC="00"/>
						<SP ID="P6_SP00197" HPOS="524" VPOS="2033" WIDTH="30"/>
						<String ID="P6_ST00221" HPOS="554" VPOS="1995" WIDTH="88" HEIGHT="36" CONTENT="me" WC="1.00" CC="00"/>
						<SP ID="P6_SP00198" HPOS="642" VPOS="2033" WIDTH="24"/>
						<String ID="P6_ST00222" HPOS="666" VPOS="1977" WIDTH="175" HEIGHT="54" CONTENT="criant" WC="1.00" CC="010000"/>
						<SP ID="P6_SP00199" HPOS="841" VPOS="2033" WIDTH="24"/>
						<String ID="P6_ST00223" HPOS="865" VPOS="1979" WIDTH="98" HEIGHT="50" CONTENT="des" WC="1.00" CC="000"/>
						<SP ID="P6_SP00200" HPOS="963" VPOS="2033" WIDTH="22"/>
						<String ID="P6_ST00224" HPOS="985" VPOS="1994" WIDTH="127" HEIGHT="52" CONTENT="gros" WC="0.98" CC="0250"/>
						<SP ID="P6_SP00201" HPOS="1112" VPOS="2046" WIDTH="24"/>
						<String ID="P6_ST00225" HPOS="1136" VPOS="1989" WIDTH="165" HEIGHT="39" CONTENT="mots." WC="1.00" CC="00200"/>
						<SP ID="P6_SP00202" HPOS="1301" VPOS="2046" WIDTH="30"/>
						<String ID="P6_ST00226" HPOS="1331" VPOS="1973" WIDTH="162" HEIGHT="64" CONTENT="Mais," WC="0.99" CC="00004"/>
						<SP ID="P6_SP00203" HPOS="1493" VPOS="2046" WIDTH="26"/>
						<String ID="P6_ST00227" HPOS="1519" VPOS="1972" WIDTH="299" HEIGHT="62" CONTENT="d'ailleurs," WC="0.99" CC="03000406303"/>
						<SP ID="P6_SP00204" HPOS="1818" VPOS="2046" WIDTH="26"/>
						<String ID="P6_ST00228" HPOS="1844" VPOS="1987" WIDTH="140" HEIGHT="36" CONTENT="vous" WC="1.00" CC="0000"/>
						<SP ID="P6_SP00205" HPOS="1984" VPOS="2046" WIDTH="22"/>
						<String ID="P6_ST00229" HPOS="2006" VPOS="1970" WIDTH="135" HEIGHT="50" CONTENT="assis" SUBS_TYPE="HypPart1" SUBS_CONTENT="assistiez" WC="1.00" CC="00020"/>
						<HYP HPOS="2141" VPOS="1970" WIDTH="26" CONTENT="-"/>
					</TextLine>
					<TextLine ID="P6_TL00024" HPOS="205" VPOS="2048" WIDTH="1643" HEIGHT="71">
						<String ID="P6_ST00230" HPOS="205" VPOS="2055" WIDTH="106" HEIGHT="52" CONTENT="tiez" SUBS_TYPE="HypPart2" SUBS_CONTENT="assistiez" WC="0.98" CC="3302"/>
						<SP ID="P6_SP00206" HPOS="311" VPOS="2107" WIDTH="23"/>
						<String ID="P6_ST00231" HPOS="334" VPOS="2059" WIDTH="30" HEIGHT="47" CONTENT="à" WC="0.37" CC="6"/>
						<SP ID="P6_SP00207" HPOS="364" VPOS="2107" WIDTH="22"/>
						<String ID="P6_ST00232" HPOS="386" VPOS="2056" WIDTH="320" HEIGHT="62" CONTENT="l'aventure," WC="1.00" CC="42000006600"/>
						<SP ID="P6_SP00208" HPOS="706" VPOS="2118" WIDTH="36"/>
						<String ID="P6_ST00233" HPOS="742" VPOS="2053" WIDTH="211" HEIGHT="53" CONTENT="honoré" WC="0.99" CC="134010"/>
						<SP ID="P6_SP00209" HPOS="953" VPOS="2118" WIDTH="25"/>
						<String ID="P6_ST00234" HPOS="978" VPOS="2053" WIDTH="219" HEIGHT="51" CONTENT="Maître." WC="0.99" CC="0030504"/>
						<SP ID="P6_SP00210" HPOS="1197" VPOS="2118" WIDTH="30"/>
						<String ID="P6_ST00235" HPOS="1227" VPOS="2051" WIDTH="183" HEIGHT="68" CONTENT="Qu'en" WC="0.99" CC="03004"/>
						<SP ID="P6_SP00211" HPOS="1410" VPOS="2119" WIDTH="36"/>
						<String ID="P6_ST00236" HPOS="1446" VPOS="2048" WIDTH="402" HEIGHT="70" CONTENT="pensez-vous?" WC="1.00" CC="000000300400"/>
					</TextLine>
					<TextLine ID="P6_TL00025" HPOS="276" VPOS="2119" WIDTH="1892" HEIGHT="74">
						<String ID="P6_ST00237" HPOS="276" VPOS="2131" WIDTH="422" HEIGHT="52" CONTENT="MENDELSSOHN." WC="0.83" CC="040300003602" STYLEREFS="TXT_4"/>
						<SP ID="P6_SP00212" HPOS="698" VPOS="2183" WIDTH="170"/>
						<String ID="P6_ST00238" HPOS="868" VPOS="2130" WIDTH="62" HEIGHT="50" CONTENT="Je" WC="0.99" CC="00"/>
						<SP ID="P6_SP00213" HPOS="930" VPOS="2183" WIDTH="32"/>
						<String ID="P6_ST00239" HPOS="962" VPOS="2145" WIDTH="68" HEIGHT="34" CONTENT="ne" WC="1.00" CC="00"/>
						<SP ID="P6_SP00214" HPOS="1030" VPOS="2183" WIDTH="31"/>
						<String ID="P6_ST00240" HPOS="1061" VPOS="2145" WIDTH="138" HEIGHT="34" CONTENT="vous" WC="0.99" CC="0201"/>
						<SP ID="P6_SP00215" HPOS="1199" VPOS="2183" WIDTH="50"/>
						<String ID="P6_ST00241" HPOS="1249" VPOS="2144" WIDTH="68" HEIGHT="34" CONTENT="en" WC="0.93" CC="01"/>
						<SP ID="P6_SP00216" HPOS="1317" VPOS="2183" WIDTH="59"/>
						<String ID="P6_ST00242" HPOS="1376" VPOS="2125" WIDTH="184" HEIGHT="53" CONTENT="aurais" WC="1.00" CC="004000"/>
						<SP ID="P6_SP00217" HPOS="1560" VPOS="2183" WIDTH="39"/>
						<String ID="P6_ST00243" HPOS="1599" VPOS="2142" WIDTH="98" HEIGHT="51" CONTENT="pas" WC="1.00" CC="000"/>
						<SP ID="P6_SP00218" HPOS="1697" VPOS="2193" WIDTH="39"/>
						<String ID="P6_ST00244" HPOS="1736" VPOS="2122" WIDTH="152" HEIGHT="70" CONTENT="parlé" WC="0.98" CC="00560"/>
						<SP ID="P6_SP00219" HPOS="1888" VPOS="2193" WIDTH="35"/>
						<String ID="P6_ST00245" HPOS="1923" VPOS="2123" WIDTH="66" HEIGHT="50" CONTENT="de" WC="1.00" CC="00"/>
						<SP ID="P6_SP00220" HPOS="1989" VPOS="2193" WIDTH="46"/>
						<String ID="P6_ST00246" HPOS="2035" VPOS="2119" WIDTH="100" HEIGHT="54" CONTENT="moi" SUBS_TYPE="HypPart1" SUBS_CONTENT="moimême" WC="0.97" CC="034"/>
						<HYP HPOS="2135" VPOS="2119" WIDTH="33" CONTENT="-"/>
					</TextLine>
					<TextLine ID="P6_TL00026" HPOS="207" VPOS="2197" WIDTH="1962" HEIGHT="77">
						<String ID="P6_ST00247" HPOS="207" VPOS="2212" WIDTH="181" HEIGHT="46" CONTENT="même" SUBS_TYPE="HypPart2" SUBS_CONTENT="moimême" WC="1.00" CC="0000"/>
						<SP ID="P6_SP00221" HPOS="388" VPOS="2258" WIDTH="21"/>
						<String ID="P6_ST00248" HPOS="409" VPOS="2222" WIDTH="12" HEIGHT="46" CONTENT=";" WC="0.50" CC="4"/>
						<SP ID="P6_SP00222" HPOS="421" VPOS="2268" WIDTH="45"/>
						<String ID="P6_ST00249" HPOS="466" VPOS="2205" WIDTH="282" HEIGHT="69" CONTENT="j'espérais" WC="0.99" CC="3205002410"/>
						<SP ID="P6_SP00223" HPOS="748" VPOS="2274" WIDTH="41"/>
						<String ID="P6_ST00250" HPOS="789" VPOS="2221" WIDTH="109" HEIGHT="52" CONTENT="que" WC="0.98" CC="060"/>
						<SP ID="P6_SP00224" HPOS="898" VPOS="2274" WIDTH="51"/>
						<String ID="P6_ST00251" HPOS="949" VPOS="2221" WIDTH="138" HEIGHT="34" CONTENT="vous" WC="0.98" CC="0070"/>
						<SP ID="P6_SP00225" HPOS="1087" VPOS="2274" WIDTH="33"/>
						<String ID="P6_ST00252" HPOS="1120" VPOS="2202" WIDTH="190" HEIGHT="52" CONTENT="l'aviez" WC="1.00" CC="2000001"/>
						<SP ID="P6_SP00226" HPOS="1310" VPOS="2274" WIDTH="30"/>
						<String ID="P6_ST00253" HPOS="1340" VPOS="2199" WIDTH="236" HEIGHT="54" CONTENT="oubliée." WC="0.98" CC="76053304"/>
						<SP ID="P6_SP00227" HPOS="1576" VPOS="2274" WIDTH="44"/>
						<String ID="P6_ST00254" HPOS="1620" VPOS="2201" WIDTH="175" HEIGHT="49" CONTENT="Entre" WC="0.98" CC="53060"/>
						<SP ID="P6_SP00228" HPOS="1795" VPOS="2274" WIDTH="42"/>
						<String ID="P6_ST00255" HPOS="1837" VPOS="2215" WIDTH="162" HEIGHT="48" CONTENT="nous," WC="0.98" CC="50402"/>
						<SP ID="P6_SP00229" HPOS="1999" VPOS="2274" WIDTH="43"/>
						<String ID="P6_ST00256" HPOS="2042" VPOS="2197" WIDTH="127" HEIGHT="51" CONTENT="cher" WC="0.98" CC="0106"/>
					</TextLine>
					<TextLine ID="P6_TL00027" HPOS="209" VPOS="2272" WIDTH="1959" HEIGHT="75">
						<String ID="P6_ST00257" HPOS="209" VPOS="2281" WIDTH="130" HEIGHT="66" CONTENT="ami," WC="1.00" CC="0010"/>
						<SP ID="P6_SP00230" HPOS="339" VPOS="2347" WIDTH="35"/>
						<String ID="P6_ST00258" HPOS="374" VPOS="2297" WIDTH="57" HEIGHT="35" CONTENT="ce" WC="0.80" CC="30"/>
						<SP ID="P6_SP00231" HPOS="431" VPOS="2347" WIDTH="23"/>
						<String ID="P6_ST00259" HPOS="454" VPOS="2281" WIDTH="84" HEIGHT="51" CONTENT="fut" WC="0.98" CC="050"/>
						<SP ID="P6_SP00232" HPOS="538" VPOS="2347" WIDTH="22"/>
						<String ID="P6_ST00260" HPOS="560" VPOS="2297" WIDTH="78" HEIGHT="33" CONTENT="un" WC="0.70" CC="50"/>
						<SP ID="P6_SP00233" HPOS="638" VPOS="2347" WIDTH="30"/>
						<String ID="P6_ST00261" HPOS="668" VPOS="2296" WIDTH="169" HEIGHT="51" CONTENT="peu..." WC="0.98" CC="005424"/>
						<SP ID="P6_SP00234" HPOS="837" VPOS="2347" WIDTH="26"/>
						<String ID="P6_ST00262" HPOS="863" VPOS="2278" WIDTH="52" HEIGHT="51" CONTENT="la" WC="0.77" CC="40"/>
						<SP ID="P6_SP00235" HPOS="915" VPOS="2347" WIDTH="24"/>
						<String ID="P6_ST00263" HPOS="939" VPOS="2278" WIDTH="156" HEIGHT="69" CONTENT="gaffe," WC="0.98" CC="007703"/>
						<SP ID="P6_SP00236" HPOS="1095" VPOS="2347" WIDTH="24"/>
						<String ID="P6_ST00264" HPOS="1119" VPOS="2293" WIDTH="219" HEIGHT="36" CONTENT="comme" WC="1.00" CC="00000"/>
						<SP ID="P6_SP00237" HPOS="1338" VPOS="2347" WIDTH="33"/>
						<String ID="P6_ST00265" HPOS="1371" VPOS="2276" WIDTH="184" HEIGHT="52" CONTENT="disent" WC="1.00" CC="000021"/>
						<SP ID="P6_SP00238" HPOS="1555" VPOS="2347" WIDTH="25"/>
						<String ID="P6_ST00266" HPOS="1580" VPOS="2276" WIDTH="78" HEIGHT="49" CONTENT="les" WC="0.99" CC="100"/>
						<SP ID="P6_SP00239" HPOS="1658" VPOS="2347" WIDTH="34"/>
						<String ID="P6_ST00267" HPOS="1692" VPOS="2272" WIDTH="279" HEIGHT="67" CONTENT="Français." WC="1.00" CC="030000000"/>
						<SP ID="P6_SP00240" HPOS="1971" VPOS="2347" WIDTH="40"/>
						<String ID="P6_ST00268" HPOS="2011" VPOS="2273" WIDTH="157" HEIGHT="50" CONTENT="Vous" WC="0.97" CC="7060"/>
					</TextLine>
					<TextLine ID="P6_TL00028" HPOS="209" VPOS="2349" WIDTH="1959" HEIGHT="77">
						<String ID="P6_ST00269" HPOS="209" VPOS="2376" WIDTH="68" HEIGHT="33" CONTENT="ne" WC="1.00" CC="00"/>
						<SP ID="P6_SP00241" HPOS="277" VPOS="2409" WIDTH="24"/>
						<String ID="P6_ST00270" HPOS="301" VPOS="2362" WIDTH="379" HEIGHT="64" CONTENT="remarquâtes" WC="1.00" CC="50003052000"/>
						<SP ID="P6_SP00242" HPOS="680" VPOS="2426" WIDTH="33"/>
						<String ID="P6_ST00271" HPOS="713" VPOS="2373" WIDTH="98" HEIGHT="51" CONTENT="pas" WC="1.00" CC="000"/>
						<SP ID="P6_SP00243" HPOS="811" VPOS="2426" WIDTH="22"/>
						<String ID="P6_ST00272" HPOS="833" VPOS="2356" WIDTH="78" HEIGHT="49" CONTENT="les" WC="0.99" CC="300"/>
						<SP ID="P6_SP00244" HPOS="911" VPOS="2426" WIDTH="21"/>
						<String ID="P6_ST00273" HPOS="932" VPOS="2354" WIDTH="185" HEIGHT="69" CONTENT="signes" WC="1.00" CC="000000"/>
						<SP ID="P6_SP00245" HPOS="1117" VPOS="2426" WIDTH="31"/>
						<String ID="P6_ST00274" HPOS="1148" VPOS="2354" WIDTH="324" HEIGHT="68" CONTENT="désespérés" WC="1.00" CC="0300002600"/>
						<SP ID="P6_SP00246" HPOS="1472" VPOS="2426" WIDTH="26"/>
						<String ID="P6_ST00275" HPOS="1498" VPOS="2368" WIDTH="106" HEIGHT="52" CONTENT="que" WC="0.98" CC="050"/>
						<SP ID="P6_SP00247" HPOS="1604" VPOS="2426" WIDTH="24"/>
						<String ID="P6_ST00276" HPOS="1628" VPOS="2349" WIDTH="153" HEIGHT="52" CONTENT="Liszt" WC="0.99" CC="03024"/>
						<SP ID="P6_SP00248" HPOS="1781" VPOS="2426" WIDTH="29"/>
						<String ID="P6_ST00277" HPOS="1810" VPOS="2367" WIDTH="140" HEIGHT="34" CONTENT="vous" WC="0.99" CC="0060"/>
						<SP ID="P6_SP00249" HPOS="1950" VPOS="2426" WIDTH="29"/>
						<String ID="P6_ST00278" HPOS="1979" VPOS="2349" WIDTH="158" HEIGHT="51" CONTENT="adres" SUBS_TYPE="HypPart1" SUBS_CONTENT="adressait," WC="0.99" CC="00600"/>
						<HYP HPOS="2137" VPOS="2349" WIDTH="31" CONTENT="-"/>
					</TextLine>
					<TextLine ID="P6_TL00029" HPOS="210" VPOS="2423" WIDTH="1952" HEIGHT="76">
						<String ID="P6_ST00279" HPOS="210" VPOS="2433" WIDTH="123" HEIGHT="65" CONTENT="sait," SUBS_TYPE="HypPart2" SUBS_CONTENT="adressait," WC="1.00" CC="00000"/>
						<SP ID="P6_SP00250" HPOS="333" VPOS="2498" WIDTH="28"/>
						<String ID="P6_ST00280" HPOS="361" VPOS="2431" WIDTH="241" HEIGHT="52" CONTENT="derrière" WC="0.99" CC="00650040"/>
						<SP ID="P6_SP00251" HPOS="602" VPOS="2498" WIDTH="23"/>
						<String ID="P6_ST00281" HPOS="625" VPOS="2447" WIDTH="103" HEIGHT="34" CONTENT="son" WC="0.99" CC="020"/>
						<SP ID="P6_SP00252" HPOS="728" VPOS="2498" WIDTH="24"/>
						<String ID="P6_ST00282" HPOS="752" VPOS="2431" WIDTH="225" HEIGHT="68" CONTENT="gendre," WC="0.99" CC="0010204"/>
						<SP ID="P6_SP00253" HPOS="977" VPOS="2499" WIDTH="34"/>
						<String ID="P6_ST00283" HPOS="1011" VPOS="2429" WIDTH="109" HEIGHT="51" CONTENT="afin" WC="1.00" CC="0000"/>
						<SP ID="P6_SP00254" HPOS="1120" VPOS="2499" WIDTH="32"/>
						<String ID="P6_ST00284" HPOS="1152" VPOS="2429" WIDTH="65" HEIGHT="51" CONTENT="de" WC="1.00" CC="00"/>
						<SP ID="P6_SP00255" HPOS="1217" VPOS="2499" WIDTH="23"/>
						<String ID="P6_ST00285" HPOS="1240" VPOS="2443" WIDTH="140" HEIGHT="37" CONTENT="vous" WC="1.00" CC="0000"/>
						<SP ID="P6_SP00256" HPOS="1380" VPOS="2499" WIDTH="25"/>
						<String ID="P6_ST00286" HPOS="1405" VPOS="2442" WIDTH="240" HEIGHT="55" CONTENT="engager" WC="0.99" CC="0200006"/>
						<SP ID="P6_SP00257" HPOS="1645" VPOS="2499" WIDTH="24"/>
						<String ID="P6_ST00287" HPOS="1669" VPOS="2429" WIDTH="31" HEIGHT="47" CONTENT="à" WC="0.66" CC="3"/>
						<SP ID="P6_SP00258" HPOS="1700" VPOS="2499" WIDTH="29"/>
						<String ID="P6_ST00288" HPOS="1729" VPOS="2442" WIDTH="139" HEIGHT="34" CONTENT="vous" WC="0.99" CC="0040"/>
						<SP ID="P6_SP00259" HPOS="1868" VPOS="2499" WIDTH="28"/>
						<String ID="P6_ST00289" HPOS="1896" VPOS="2423" WIDTH="266" HEIGHT="52" CONTENT="abstenir." WC="1.00" CC="000000363"/>
					</TextLine>
					<TextLine ID="P6_TL00030" HPOS="211" VPOS="2499" WIDTH="1958" HEIGHT="73">
						<String ID="P6_ST00290" HPOS="211" VPOS="2507" WIDTH="94" HEIGHT="54" CONTENT="On" WC="0.61" CC="34"/>
						<SP ID="P6_SP00260" HPOS="305" VPOS="2561" WIDTH="29"/>
						<String ID="P6_ST00291" HPOS="334" VPOS="2507" WIDTH="143" HEIGHT="51" CONTENT="avait" WC="1.00" CC="00010"/>
						<SP ID="P6_SP00261" HPOS="477" VPOS="2561" WIDTH="25"/>
						<String ID="P6_ST00292" HPOS="502" VPOS="2523" WIDTH="94" HEIGHT="35" CONTENT="cru" WC="0.97" CC="035"/>
						<SP ID="P6_SP00262" HPOS="596" VPOS="2561" WIDTH="41"/>
						<String ID="P6_ST00293" HPOS="637" VPOS="2508" WIDTH="113" HEIGHT="48" CONTENT="bon" WC="1.00" CC="000"/>
						<SP ID="P6_SP00263" HPOS="750" VPOS="2561" WIDTH="25"/>
						<String ID="P6_ST00294" HPOS="775" VPOS="2507" WIDTH="65" HEIGHT="49" CONTENT="de" WC="1.00" CC="00"/>
						<SP ID="P6_SP00264" HPOS="840" VPOS="2561" WIDTH="48"/>
						<String ID="P6_ST00295" HPOS="888" VPOS="2506" WIDTH="193" HEIGHT="50" CONTENT="cacher" WC="0.99" CC="000504"/>
						<SP ID="P6_SP00265" HPOS="1081" VPOS="2561" WIDTH="32"/>
						<String ID="P6_ST00296" HPOS="1113" VPOS="2522" WIDTH="67" HEIGHT="34" CONTENT="au" WC="0.43" CC="65"/>
						<SP ID="P6_SP00266" HPOS="1180" VPOS="2561" WIDTH="46"/>
						<String ID="P6_ST00297" HPOS="1226" VPOS="2506" WIDTH="127" HEIGHT="66" CONTENT="père" WC="0.99" CC="0200"/>
						<SP ID="P6_SP00267" HPOS="1353" VPOS="2572" WIDTH="39"/>
						<String ID="P6_ST00298" HPOS="1392" VPOS="2503" WIDTH="79" HEIGHT="52" CONTENT="les" WC="0.98" CC="400"/>
						<SP ID="P6_SP00268" HPOS="1471" VPOS="2572" WIDTH="39"/>
						<String ID="P6_ST00299" HPOS="1510" VPOS="2502" WIDTH="237" HEIGHT="70" CONTENT="exploits" WC="1.00" CC="00034000"/>
						<SP ID="P6_SP00269" HPOS="1747" VPOS="2572" WIDTH="41"/>
						<String ID="P6_ST00300" HPOS="1788" VPOS="2499" WIDTH="293" HEIGHT="54" CONTENT="musicaux" WC="0.99" CC="06002050"/>
						<SP ID="P6_SP00270" HPOS="2081" VPOS="2572" WIDTH="24"/>
						<String ID="P6_ST00301" HPOS="2105" VPOS="2500" WIDTH="64" HEIGHT="50" CONTENT="de" WC="1.00" CC="00"/>
					</TextLine>
					<TextLine ID="P6_TL00031" HPOS="210" VPOS="2574" WIDTH="1962" HEIGHT="75">
						<String ID="P6_ST00302" HPOS="210" VPOS="2601" WIDTH="103" HEIGHT="34" CONTENT="son" WC="0.98" CC="004"/>
						<SP ID="P6_SP00271" HPOS="313" VPOS="2635" WIDTH="24"/>
						<String ID="P6_ST00303" HPOS="337" VPOS="2580" WIDTH="211" HEIGHT="68" CONTENT="rejeton" WC="0.99" CC="4030040"/>
						<SP ID="P6_SP00272" HPOS="548" VPOS="2648" WIDTH="21"/>
						<String ID="P6_ST00304" HPOS="569" VPOS="2582" WIDTH="172" HEIGHT="51" CONTENT="tardif" WC="1.00" CC="001000"/>
						<SP ID="P6_SP00273" HPOS="741" VPOS="2648" WIDTH="18"/>
						<String ID="P6_ST00305" HPOS="759" VPOS="2594" WIDTH="52" HEIGHT="39" CONTENT="et" WC="1.00" CC="00"/>
						<SP ID="P6_SP00274" HPOS="811" VPOS="2648" WIDTH="25"/>
						<String ID="P6_ST00306" HPOS="836" VPOS="2580" WIDTH="190" HEIGHT="53" CONTENT="enfant" WC="1.00" CC="000000"/>
						<SP ID="P6_SP00275" HPOS="1026" VPOS="2648" WIDTH="25"/>
						<String ID="P6_ST00307" HPOS="1051" VPOS="2584" WIDTH="142" HEIGHT="65" CONTENT="gâté," WC="0.99" CC="06001"/>
						<SP ID="P6_SP00276" HPOS="1193" VPOS="2649" WIDTH="25"/>
						<String ID="P6_ST00308" HPOS="1218" VPOS="2580" WIDTH="267" HEIGHT="53" CONTENT="d'aucuns" WC="1.00" CC="01000500"/>
						<SP ID="P6_SP00277" HPOS="1485" VPOS="2649" WIDTH="34"/>
						<String ID="P6_ST00309" HPOS="1519" VPOS="2578" WIDTH="264" HEIGHT="52" CONTENT="estimant" WC="1.00" CC="00000003"/>
						<SP ID="P6_SP00278" HPOS="1783" VPOS="2649" WIDTH="35"/>
						<String ID="P6_ST00310" HPOS="1818" VPOS="2594" WIDTH="106" HEIGHT="51" CONTENT="que" WC="0.98" CC="060"/>
						<SP ID="P6_SP00279" HPOS="1924" VPOS="2649" WIDTH="32"/>
						<String ID="P6_ST00311" HPOS="1956" VPOS="2574" WIDTH="216" HEIGHT="53" CONTENT="celui-ci" WC="0.99" CC="00150014"/>
					</TextLine>
					<TextLine ID="P6_TL00032" HPOS="212" VPOS="2650" WIDTH="1959" HEIGHT="75">
						<String ID="P6_ST00312" HPOS="212" VPOS="2655" WIDTH="300" HEIGHT="70" CONTENT="s'inspirait" WC="1.00" CC="00000004010"/>
						<SP ID="P6_SP00280" HPOS="512" VPOS="2725" WIDTH="24"/>
						<String ID="P6_ST00313" HPOS="536" VPOS="2658" WIDTH="182" HEIGHT="67" CONTENT="plutôt" WC="1.00" CC="006000"/>
						<SP ID="P6_SP00281" HPOS="718" VPOS="2725" WIDTH="38"/>
						<String ID="P6_ST00314" HPOS="756" VPOS="2657" WIDTH="65" HEIGHT="50" CONTENT="de" WC="1.00" CC="00"/>
						<SP ID="P6_SP00282" HPOS="821" VPOS="2725" WIDTH="31"/>
						<String ID="P6_ST00315" HPOS="852" VPOS="2668" WIDTH="154" HEIGHT="38" CONTENT="votre" WC="0.99" CC="03050"/>
						<SP ID="P6_SP00283" HPOS="1006" VPOS="2725" WIDTH="38"/>
						<String ID="P6_ST00316" HPOS="1044" VPOS="2654" WIDTH="245" HEIGHT="52" CONTENT="manière" WC="0.99" CC="0014150"/>
						<SP ID="P6_SP00284" HPOS="1289" VPOS="2725" WIDTH="41"/>
						<String ID="P6_ST00317" HPOS="1330" VPOS="2672" WIDTH="107" HEIGHT="51" CONTENT="que" WC="0.98" CC="050"/>
						<SP ID="P6_SP00285" HPOS="1437" VPOS="2725" WIDTH="38"/>
						<String ID="P6_ST00318" HPOS="1475" VPOS="2655" WIDTH="67" HEIGHT="51" CONTENT="de" WC="1.00" CC="00"/>
						<SP ID="P6_SP00286" HPOS="1542" VPOS="2725" WIDTH="25"/>
						<String ID="P6_ST00319" HPOS="1567" VPOS="2654" WIDTH="133" HEIGHT="51" CONTENT="celle" WC="1.00" CC="20100"/>
						<SP ID="P6_SP00287" HPOS="1700" VPOS="2725" WIDTH="26"/>
						<String ID="P6_ST00320" HPOS="1726" VPOS="2653" WIDTH="65" HEIGHT="51" CONTENT="de" WC="1.00" CC="00"/>
						<SP ID="P6_SP00288" HPOS="1791" VPOS="2725" WIDTH="43"/>
						<String ID="P6_ST00321" HPOS="1834" VPOS="2650" WIDTH="228" HEIGHT="52" CONTENT="Tristan" WC="1.00" CC="1002120" STYLEREFS="TXT_3"/>
						<SP ID="P6_SP00289" HPOS="2062" VPOS="2725" WIDTH="36"/>
						<String ID="P6_ST00322" HPOS="2098" VPOS="2667" WIDTH="73" HEIGHT="34" CONTENT="ou" WC="0.68" CC="05"/>
					</TextLine>
					<TextLine ID="P6_TL00033" HPOS="212" VPOS="2727" WIDTH="1957" HEIGHT="68">
						<String ID="P6_ST00323" HPOS="212" VPOS="2735" WIDTH="96" HEIGHT="51" CONTENT="des" WC="1.00" CC="000"/>
						<SP ID="P6_SP00290" HPOS="308" VPOS="2786" WIDTH="163"/>
						<String ID="P6_ST00324" HPOS="471" VPOS="2734" WIDTH="238" HEIGHT="50" CONTENT="Maîtres" WC="0.98" CC="0406450" STYLEREFS="TXT_3"/>
						<SP ID="P6_SP00291" HPOS="709" VPOS="2786" WIDTH="291"/>
						<String ID="P6_ST00325" HPOS="1000" VPOS="2733" WIDTH="303" HEIGHT="51" CONTENT="Chanteurs" WC="0.99" CC="240126005" STYLEREFS="TXT_3"/>
						<SP ID="P6_SP00292" HPOS="1303" VPOS="2786" WIDTH="-383"/>
						<String ID="P6_ST00326" HPOS="920" VPOS="2748" WIDTH="10" HEIGHT="47" CONTENT=";" WC="1.00" CC="0"/>
						<SP ID="P6_SP00293" HPOS="1303" VPOS="2795" WIDTH="-336"/>
						<String ID="P6_ST00327" HPOS="967" VPOS="2743" WIDTH="51" HEIGHT="38" CONTENT="et" WC="1.00" CC="00"/>
						<SP ID="P6_SP00294" HPOS="1303" VPOS="2795" WIDTH="-254"/>
						<String ID="P6_ST00328" HPOS="1049" VPOS="2730" WIDTH="364" HEIGHT="51" CONTENT="l'événement" WC="1.00" CC="40000000040"/>
						<SP ID="P6_SP00295" HPOS="1413" VPOS="2795" WIDTH="35"/>
						<String ID="P6_ST00329" HPOS="1448" VPOS="2747" WIDTH="69" HEIGHT="34" CONTENT="ne" WC="1.00" CC="00"/>
						<SP ID="P6_SP00296" HPOS="1517" VPOS="2795" WIDTH="40"/>
						<String ID="P6_ST00330" HPOS="1557" VPOS="2727" WIDTH="313" HEIGHT="68" CONTENT="justifierait" WC="1.00" CC="350000005030"/>
						<SP ID="P6_SP00297" HPOS="1870" VPOS="2795" WIDTH="43"/>
						<String ID="P6_ST00331" HPOS="1913" VPOS="2744" WIDTH="108" HEIGHT="51" CONTENT="que" WC="0.98" CC="060"/>
						<SP ID="P6_SP00298" HPOS="2021" VPOS="2795" WIDTH="24"/>
						<String ID="P6_ST00332" HPOS="2045" VPOS="2738" WIDTH="124" HEIGHT="56" CONTENT="trop" WC="0.99" CC="0500"/>
					</TextLine>
					<TextLine ID="P6_TL00034" HPOS="212" VPOS="2803" WIDTH="1959" HEIGHT="75">
						<String ID="P6_ST00333" HPOS="212" VPOS="2810" WIDTH="50" HEIGHT="51" CONTENT="la" WC="0.70" CC="50"/>
						<SP ID="P6_SP00299" HPOS="262" VPOS="2861" WIDTH="23"/>
						<String ID="P6_ST00334" HPOS="285" VPOS="2808" WIDTH="343" HEIGHT="70" CONTENT="précaution." WC="1.00" CC="05000020204"/>
						<SP ID="P6_SP00300" HPOS="628" VPOS="2878" WIDTH="31"/>
						<String ID="P6_ST00335" HPOS="659" VPOS="2807" WIDTH="211" HEIGHT="69" CONTENT="Depuis" WC="0.99" CC="200500"/>
						<SP ID="P6_SP00301" HPOS="870" VPOS="2878" WIDTH="33"/>
						<String ID="P6_ST00336" HPOS="903" VPOS="2824" WIDTH="57" HEIGHT="33" CONTENT="ce" WC="1.00" CC="00"/>
						<SP ID="P6_SP00302" HPOS="960" VPOS="2878" WIDTH="26"/>
						<String ID="P6_ST00337" HPOS="986" VPOS="2807" WIDTH="142" HEIGHT="66" CONTENT="jour," WC="0.99" CC="20600"/>
						<SP ID="P6_SP00303" HPOS="1128" VPOS="2878" WIDTH="38"/>
						<String ID="P6_ST00338" HPOS="1166" VPOS="2807" WIDTH="255" HEIGHT="68" CONTENT="Wagner" WC="0.99" CC="002306"/>
						<SP ID="P6_SP00304" HPOS="1421" VPOS="2878" WIDTH="31"/>
						<String ID="P6_ST00339" HPOS="1452" VPOS="2823" WIDTH="67" HEIGHT="33" CONTENT="ne" WC="1.00" CC="00"/>
						<SP ID="P6_SP00305" HPOS="1519" VPOS="2878" WIDTH="46"/>
						<String ID="P6_ST00340" HPOS="1565" VPOS="2807" WIDTH="198" HEIGHT="66" CONTENT="dérage" WC="1.00" CC="001000"/>
						<SP ID="P6_SP00306" HPOS="1763" VPOS="2878" WIDTH="34"/>
						<String ID="P6_ST00341" HPOS="1797" VPOS="2821" WIDTH="97" HEIGHT="52" CONTENT="pas" WC="1.00" CC="000"/>
						<SP ID="P6_SP00307" HPOS="1894" VPOS="2878" WIDTH="28"/>
						<String ID="P6_ST00342" HPOS="1922" VPOS="2817" WIDTH="14" HEIGHT="53" CONTENT=";" WC="0.27" CC="7"/>
						<SP ID="P6_SP00308" HPOS="1936" VPOS="2878" WIDTH="28"/>
						<String ID="P6_ST00343" HPOS="1964" VPOS="2803" WIDTH="37" HEIGHT="51" CONTENT="il" WC="0.77" CC="04"/>
						<SP ID="P6_SP00309" HPOS="2001" VPOS="2878" WIDTH="31"/>
						<String ID="P6_ST00344" HPOS="2032" VPOS="2819" WIDTH="139" HEIGHT="35" CONTENT="vous" WC="0.98" CC="0160"/>
					</TextLine>
					<TextLine ID="P6_TL00035" HPOS="212" VPOS="2878" WIDTH="1960" HEIGHT="73">
						<String ID="P6_ST00345" HPOS="212" VPOS="2885" WIDTH="160" HEIGHT="51" CONTENT="traite" WC="1.00" CC="030000"/>
						<SP ID="P6_SP00310" HPOS="372" VPOS="2936" WIDTH="50"/>
						<String ID="P6_ST00346" HPOS="422" VPOS="2883" WIDTH="493" HEIGHT="68" CONTENT="d'empoisonneur" WC="1.00" CC="02000304004076"/>
						<SP ID="P6_SP00311" HPOS="915" VPOS="2951" WIDTH="44"/>
						<String ID="P6_ST00347" HPOS="959" VPOS="2895" WIDTH="52" HEIGHT="37" CONTENT="et" WC="1.00" CC="00"/>
						<SP ID="P6_SP00312" HPOS="1011" VPOS="2951" WIDTH="42"/>
						<String ID="P6_ST00348" HPOS="1053" VPOS="2881" WIDTH="240" HEIGHT="53" CONTENT="d'autres" WC="1.00" CC="00000300"/>
						<SP ID="P6_SP00313" HPOS="1293" VPOS="2951" WIDTH="47"/>
						<String ID="P6_ST00349" HPOS="1340" VPOS="2898" WIDTH="164" HEIGHT="33" CONTENT="noms" WC="1.00" CC="0000"/>
						<SP ID="P6_SP00314" HPOS="1504" VPOS="2951" WIDTH="38"/>
						<String ID="P6_ST00350" HPOS="1542" VPOS="2880" WIDTH="135" HEIGHT="69" CONTENT="qu'il" WC="1.00" CC="00002"/>
						<SP ID="P6_SP00315" HPOS="1677" VPOS="2951" WIDTH="37"/>
						<String ID="P6_ST00351" HPOS="1714" VPOS="2893" WIDTH="133" HEIGHT="38" CONTENT="vaut" WC="0.98" CC="0063"/>
						<SP ID="P6_SP00316" HPOS="1847" VPOS="2951" WIDTH="29"/>
						<String ID="P6_ST00352" HPOS="1876" VPOS="2878" WIDTH="189" HEIGHT="52" CONTENT="mieux" WC="0.99" CC="00040"/>
						<SP ID="P6_SP00317" HPOS="2065" VPOS="2951" WIDTH="40"/>
						<String ID="P6_ST00353" HPOS="2105" VPOS="2894" WIDTH="67" HEIGHT="33" CONTENT="ne" WC="0.73" CC="50"/>
					</TextLine>
					<TextLine ID="P6_TL00036" HPOS="214" VPOS="2955" WIDTH="1955" HEIGHT="74">
						<String ID="P6_ST00354" HPOS="214" VPOS="2977" WIDTH="96" HEIGHT="52" CONTENT="pas" WC="1.00" CC="000"/>
						<SP ID="P6_SP00318" HPOS="310" VPOS="3029" WIDTH="36"/>
						<String ID="P6_ST00355" HPOS="346" VPOS="2963" WIDTH="232" HEIGHT="65" CONTENT="répéter." WC="0.99" CC="60000054"/>
						<SP ID="P6_SP00319" HPOS="578" VPOS="3029" WIDTH="22"/>
						<String ID="P6_ST00356" HPOS="600" VPOS="2959" WIDTH="89" HEIGHT="51" CONTENT="Au" WC="0.61" CC="16"/>
						<SP ID="P6_SP00320" HPOS="689" VPOS="3029" WIDTH="26"/>
						<String ID="P6_ST00357" HPOS="715" VPOS="2959" WIDTH="348" HEIGHT="62" CONTENT="demeurant," WC="1.00" CC="0000640000"/>
						<SP ID="P6_SP00321" HPOS="1063" VPOS="3029" WIDTH="36"/>
						<String ID="P6_ST00358" HPOS="1099" VPOS="2973" WIDTH="77" HEIGHT="34" CONTENT="un" WC="0.60" CC="43"/>
						<SP ID="P6_SP00322" HPOS="1176" VPOS="3029" WIDTH="22"/>
						<String ID="P6_ST00359" HPOS="1198" VPOS="2956" WIDTH="72" HEIGHT="51" CONTENT="tel" WC="1.00" CC="000"/>
						<SP ID="P6_SP00323" HPOS="1270" VPOS="3029" WIDTH="31"/>
						<String ID="P6_ST00360" HPOS="1301" VPOS="2956" WIDTH="151" HEIGHT="68" CONTENT="dépit" WC="1.00" CC="00020"/>
						<SP ID="P6_SP00324" HPOS="1452" VPOS="3029" WIDTH="27"/>
						<String ID="P6_ST00361" HPOS="1479" VPOS="2968" WIDTH="81" HEIGHT="38" CONTENT="est" WC="0.97" CC="800"/>
						<SP ID="P6_SP00325" HPOS="1560" VPOS="3029" WIDTH="23"/>
						<String ID="P6_ST00362" HPOS="1583" VPOS="2955" WIDTH="226" HEIGHT="51" CONTENT="flatteur" WC="0.99" CC="66000052"/>
						<SP ID="P6_SP00326" HPOS="1809" VPOS="3029" WIDTH="24"/>
						<String ID="P6_ST00363" HPOS="1833" VPOS="2970" WIDTH="145" HEIGHT="51" CONTENT="pour" WC="0.97" CC="0166"/>
						<SP ID="P6_SP00327" HPOS="1978" VPOS="3029" WIDTH="31"/>
						<String ID="P6_ST00364" HPOS="2009" VPOS="2969" WIDTH="160" HEIGHT="48" CONTENT="vous," WC="0.99" CC="03200"/>
					</TextLine>
					<TextLine ID="P6_TL00037" HPOS="215" VPOS="3030" WIDTH="1960" HEIGHT="74">
						<String ID="P6_ST00365" HPOS="215" VPOS="3053" WIDTH="67" HEIGHT="34" CONTENT="en" WC="1.00" CC="00"/>
						<SP ID="P6_SP00328" HPOS="282" VPOS="3087" WIDTH="26"/>
						<String ID="P6_ST00366" HPOS="308" VPOS="3053" WIDTH="57" HEIGHT="34" CONTENT="ce" WC="0.88" CC="20"/>
						<SP ID="P6_SP00329" HPOS="365" VPOS="3087" WIDTH="44"/>
						<String ID="P6_ST00367" HPOS="409" VPOS="3035" WIDTH="134" HEIGHT="69" CONTENT="qu'il" WC="0.99" CC="06000"/>
						<SP ID="P6_SP00330" HPOS="543" VPOS="3104" WIDTH="33"/>
						<String ID="P6_ST00368" HPOS="576" VPOS="3034" WIDTH="280" HEIGHT="68" CONTENT="témoigne" WC="1.00" CC="00000000"/>
						<SP ID="P6_SP00331" HPOS="856" VPOS="3104" WIDTH="46"/>
						<String ID="P6_ST00369" HPOS="902" VPOS="3034" WIDTH="66" HEIGHT="49" CONTENT="de" WC="0.96" CC="00"/>
						<SP ID="P6_SP00332" HPOS="968" VPOS="3104" WIDTH="33"/>
						<String ID="P6_ST00370" HPOS="1001" VPOS="3031" WIDTH="312" HEIGHT="52" CONTENT="l'influence" WC="1.00" CC="00010000000"/>
						<SP ID="P6_SP00333" HPOS="1313" VPOS="3104" WIDTH="34"/>
						<String ID="P6_ST00371" HPOS="1347" VPOS="3036" WIDTH="219" HEIGHT="46" CONTENT="exercée" WC="0.99" CC="0906200"/>
						<SP ID="P6_SP00334" HPOS="1566" VPOS="3104" WIDTH="36"/>
						<String ID="P6_ST00372" HPOS="1602" VPOS="3048" WIDTH="100" HEIGHT="52" CONTENT="par" WC="0.98" CC="005"/>
						<SP ID="P6_SP00335" HPOS="1702" VPOS="3104" WIDTH="18"/>
						<String ID="P6_ST00373" HPOS="1720" VPOS="3041" WIDTH="159" HEIGHT="40" CONTENT="votre" WC="1.00" CC="00000"/>
						<SP ID="P6_SP00336" HPOS="1879" VPOS="3104" WIDTH="33"/>
						<String ID="P6_ST00374" HPOS="1912" VPOS="3030" WIDTH="172" HEIGHT="51" CONTENT="talent" WC="0.99" CC="024050"/>
						<SP ID="P6_SP00337" HPOS="2084" VPOS="3104" WIDTH="38"/>
						<String ID="P6_ST00375" HPOS="2122" VPOS="3041" WIDTH="53" HEIGHT="37" CONTENT="et" WC="0.81" CC="03"/>
					</TextLine>
					<TextLine ID="P6_TL00038" HPOS="212" VPOS="3127" WIDTH="362" HEIGHT="35">
						<String ID="P6_ST00376" HPOS="212" VPOS="3129" WIDTH="98" HEIGHT="33" CONTENT="vos" WC="0.99" CC="020"/>
						<SP ID="P6_SP00338" HPOS="310" VPOS="3162" WIDTH="27"/>
						<String ID="P6_ST00377" HPOS="337" VPOS="3127" WIDTH="237" HEIGHT="35" CONTENT="œuvres." WC="0.99" CC="0406004"/>
					</TextLine>
					<TextLine ID="P6_TL00039" HPOS="282" VPOS="3179" WIDTH="1891" HEIGHT="71">
						<String ID="P6_ST00378" HPOS="282" VPOS="3189" WIDTH="244" HEIGHT="49" CONTENT="BRAHMS." WC="0.99" CC="0064004" STYLEREFS="TXT_4"/>
						<SP ID="P6_SP00339" HPOS="526" VPOS="3238" WIDTH="33"/>
						<String ID="P6_ST00379" HPOS="559" VPOS="3185" WIDTH="211" HEIGHT="51" CONTENT="—J'en" WC="0.98" CC="80405" STYLEREFS="TXT_4"/>
						<SP ID="P6_SP00340" HPOS="770" VPOS="3238" WIDTH="43"/>
						<String ID="P6_ST00380" HPOS="813" VPOS="3181" WIDTH="348" HEIGHT="54" CONTENT="ressentirais" WC="1.00" CC="001005005010"/>
						<SP ID="P6_SP00341" HPOS="1161" VPOS="3238" WIDTH="31"/>
						<String ID="P6_ST00381" HPOS="1192" VPOS="3182" WIDTH="185" HEIGHT="53" CONTENT="mieux" WC="0.99" CC="00007"/>
						<SP ID="P6_SP00342" HPOS="1377" VPOS="3238" WIDTH="50"/>
						<String ID="P6_ST00382" HPOS="1427" VPOS="3182" WIDTH="48" HEIGHT="50" CONTENT="le" WC="0.78" CC="40"/>
						<SP ID="P6_SP00343" HPOS="1475" VPOS="3238" WIDTH="34"/>
						<String ID="P6_ST00383" HPOS="1509" VPOS="3180" WIDTH="244" HEIGHT="70" CONTENT="légitime" WC="1.00" CC="10000300"/>
						<SP ID="P6_SP00344" HPOS="1753" VPOS="3250" WIDTH="33"/>
						<String ID="P6_ST00384" HPOS="1786" VPOS="3181" WIDTH="232" HEIGHT="69" CONTENT="orgueil," WC="1.00" CC="01000020"/>
						<SP ID="P6_SP00345" HPOS="2018" VPOS="3250" WIDTH="35"/>
						<String ID="P6_ST00385" HPOS="2053" VPOS="3180" WIDTH="44" HEIGHT="51" CONTENT="si" WC="1.00" CC="00"/>
						<SP ID="P6_SP00346" HPOS="2097" VPOS="3250" WIDTH="31"/>
						<String ID="P6_ST00386" HPOS="2128" VPOS="3179" WIDTH="45" HEIGHT="68" CONTENT="je" WC="0.79" CC="40"/>
					</TextLine>
					<TextLine ID="P6_TL00040" HPOS="212" VPOS="3255" WIDTH="1961" HEIGHT="72">
						<String ID="P6_ST00387" HPOS="212" VPOS="3261" WIDTH="193" HEIGHT="52" CONTENT="n'étais" WC="0.98" CC="4220830"/>
						<SP ID="P6_SP00347" HPOS="405" VPOS="3313" WIDTH="31"/>
						<String ID="P6_ST00388" HPOS="436" VPOS="3260" WIDTH="217" HEIGHT="52" CONTENT="troublé" WC="0.99" CC="0510060"/>
						<SP ID="P6_SP00348" HPOS="653" VPOS="3313" WIDTH="46"/>
						<String ID="P6_ST00389" HPOS="699" VPOS="3275" WIDTH="100" HEIGHT="52" CONTENT="par" WC="0.99" CC="003"/>
						<SP ID="P6_SP00349" HPOS="799" VPOS="3327" WIDTH="42"/>
						<String ID="P6_ST00390" HPOS="841" VPOS="3260" WIDTH="76" HEIGHT="49" CONTENT="les" WC="0.98" CC="300"/>
						<SP ID="P6_SP00350" HPOS="917" VPOS="3327" WIDTH="46"/>
						<String ID="P6_ST00391" HPOS="963" VPOS="3257" WIDTH="320" HEIGHT="70" CONTENT="déceptions" WC="1.00" CC="0000001400"/>
						<SP ID="P6_SP00351" HPOS="1283" VPOS="3327" WIDTH="43"/>
						<String ID="P6_ST00392" HPOS="1326" VPOS="3257" WIDTH="95" HEIGHT="68" CONTENT="qui" WC="1.00" CC="000"/>
						<SP ID="P6_SP00352" HPOS="1421" VPOS="3327" WIDTH="41"/>
						<String ID="P6_ST00393" HPOS="1462" VPOS="3256" WIDTH="379" HEIGHT="51" CONTENT="m'accablent." WC="1.00" CC="030050040303"/>
						<SP ID="P6_SP00353" HPOS="1841" VPOS="3327" WIDTH="44"/>
						<String ID="P6_ST00394" HPOS="1885" VPOS="3257" WIDTH="85" HEIGHT="52" CONTENT="Ne" WC="0.85" CC="20"/>
						<SP ID="P6_SP00354" HPOS="1970" VPOS="3327" WIDTH="37"/>
						<String ID="P6_ST00395" HPOS="2007" VPOS="3255" WIDTH="166" HEIGHT="52" CONTENT="fût-ce" WC="0.99" CC="400200"/>
					</TextLine>
					<TextLine ID="P6_TL00041" HPOS="214" VPOS="3331" WIDTH="1962" HEIGHT="78">
						<String ID="P6_ST00396" HPOS="214" VPOS="3358" WIDTH="106" HEIGHT="51" CONTENT="que" WC="0.97" CC="070"/>
						<SP ID="P6_SP00355" HPOS="320" VPOS="3409" WIDTH="32"/>
						<String ID="P6_ST00397" HPOS="352" VPOS="3356" WIDTH="145" HEIGHT="53" CONTENT="pour" WC="0.98" CC="0055"/>
						<SP ID="P6_SP00356" HPOS="497" VPOS="3409" WIDTH="21"/>
						<String ID="P6_ST00398" HPOS="518" VPOS="3354" WIDTH="134" HEIGHT="35" CONTENT="mon" WC="0.98" CC="005"/>
						<SP ID="P6_SP00357" HPOS="652" VPOS="3409" WIDTH="32"/>
						<String ID="P6_ST00399" HPOS="684" VPOS="3336" WIDTH="282" HEIGHT="52" CONTENT="troisième" WC="1.00" CC="120002300"/>
						<SP ID="P6_SP00358" HPOS="966" VPOS="3409" WIDTH="845"/>
						<String ID="P6_ST00400" HPOS="1811" VPOS="3337" WIDTH="249" HEIGHT="64" CONTENT="Quatuor" WC="0.98" CC="5204043" STYLEREFS="TXT_3"/>
						<SP ID="P6_SP00359" HPOS="2060" VPOS="3409" WIDTH="-776"/>
						<String ID="P6_ST00401" HPOS="1284" VPOS="3346" WIDTH="54" HEIGHT="38" CONTENT="et" WC="1.00" CC="00"/>
						<SP ID="P6_SP00360" HPOS="2060" VPOS="3409" WIDTH="-684"/>
						<String ID="P6_ST00402" HPOS="1376" VPOS="3349" WIDTH="132" HEIGHT="34" CONTENT="mon" WC="1.00" CC="000"/>
						<SP ID="P6_SP00361" HPOS="2060" VPOS="3409" WIDTH="-203"/>
						<String ID="P6_ST00403" HPOS="1857" VPOS="3349" WIDTH="128" HEIGHT="35" CONTENT="avec" WC="0.99" CC="0013"/>
						<SP ID="P6_SP00362" HPOS="2060" VPOS="3409" WIDTH="-42"/>
						<String ID="P6_ST00404" HPOS="2018" VPOS="3331" WIDTH="132" HEIGHT="52" CONTENT="clari" SUBS_TYPE="HypPart1" SUBS_CONTENT="clarinette," WC="0.99" CC="33022"/>
						<HYP HPOS="2150" VPOS="3331" WIDTH="26" CONTENT="-"/>
					</TextLine>
					<TextLine ID="P6_TL00042" HPOS="214" VPOS="3407" WIDTH="1962" HEIGHT="73">
						<String ID="P6_ST00405" HPOS="214" VPOS="3426" WIDTH="169" HEIGHT="52" CONTENT="nette," SUBS_TYPE="HypPart2" SUBS_CONTENT="clarinette," WC="1.00" CC="400000"/>
						<SP ID="P6_SP00363" HPOS="383" VPOS="3478" WIDTH="28"/>
						<String ID="P6_ST00406" HPOS="411" VPOS="3410" WIDTH="293" HEIGHT="67" CONTENT="méritai-je" WC="0.95" CC="0010000030"/>
						<SP ID="P6_SP00364" HPOS="704" VPOS="3478" WIDTH="39"/>
						<String ID="P6_ST00407" HPOS="743" VPOS="3429" WIDTH="99" HEIGHT="51" CONTENT="pas" WC="0.97" CC="080"/>
						<SP ID="P6_SP00365" HPOS="842" VPOS="3480" WIDTH="33"/>
						<String ID="P6_ST00408" HPOS="875" VPOS="3410" WIDTH="186" HEIGHT="51" CONTENT="mieux" WC="0.98" CC="02069"/>
						<SP ID="P6_SP00366" HPOS="1061" VPOS="3480" WIDTH="38"/>
						<String ID="P6_ST00409" HPOS="1099" VPOS="3410" WIDTH="65" HEIGHT="49" CONTENT="de" WC="1.00" CC="00"/>
						<SP ID="P6_SP00367" HPOS="1164" VPOS="3480" WIDTH="31"/>
						<String ID="P6_ST00410" HPOS="1195" VPOS="3409" WIDTH="214" HEIGHT="49" CONTENT="Mozart" WC="0.99" CC="034042"/>
						<SP ID="P6_SP00368" HPOS="1409" VPOS="3480" WIDTH="33"/>
						<String ID="P6_ST00411" HPOS="1442" VPOS="3425" WIDTH="106" HEIGHT="51" CONTENT="que" WC="0.98" CC="050"/>
						<SP ID="P6_SP00369" HPOS="1548" VPOS="3480" WIDTH="33"/>
						<String ID="P6_ST00412" HPOS="1581" VPOS="3407" WIDTH="50" HEIGHT="50" CONTENT="la" WC="1.00" CC="00"/>
						<SP ID="P6_SP00370" HPOS="1631" VPOS="3480" WIDTH="22"/>
						<String ID="P6_ST00413" HPOS="1653" VPOS="3407" WIDTH="202" HEIGHT="68" CONTENT="phrase" WC="0.99" CC="015000"/>
						<SP ID="P6_SP00371" HPOS="1855" VPOS="3480" WIDTH="25"/>
						<String ID="P6_ST00414" HPOS="1880" VPOS="3409" WIDTH="235" HEIGHT="50" CONTENT="obscure" WC="0.99" CC="5010040"/>
						<SP ID="P6_SP00372" HPOS="2115" VPOS="3480" WIDTH="32"/>
						<String ID="P6_ST00415" HPOS="2147" VPOS="3410" WIDTH="29" HEIGHT="47" CONTENT="à" WC="0.85" CC="1"/>
					</TextLine>
					<TextLine ID="P6_TL00043" HPOS="212" VPOS="3482" WIDTH="1964" HEIGHT="78">
						<String ID="P6_ST00416" HPOS="212" VPOS="3508" WIDTH="209" HEIGHT="52" CONTENT="propos" WC="0.99" CC="050010"/>
						<SP ID="P6_SP00373" HPOS="421" VPOS="3560" WIDTH="43"/>
						<String ID="P6_ST00417" HPOS="464" VPOS="3490" WIDTH="66" HEIGHT="51" CONTENT="de" WC="1.00" CC="00"/>
						<SP ID="P6_SP00374" HPOS="530" VPOS="3560" WIDTH="43"/>
						<String ID="P6_ST00418" HPOS="573" VPOS="3489" WIDTH="132" HEIGHT="68" CONTENT="quoi" WC="0.99" CC="0500"/>
						<SP ID="P6_SP00375" HPOS="705" VPOS="3560" WIDTH="47"/>
						<String ID="P6_ST00419" HPOS="752" VPOS="3487" WIDTH="48" HEIGHT="68" CONTENT="je" WC="0.77" CC="40"/>
						<SP ID="P6_SP00376" HPOS="800" VPOS="3560" WIDTH="39"/>
						<String ID="P6_ST00420" HPOS="839" VPOS="3486" WIDTH="214" HEIGHT="52" CONTENT="voulais" WC="0.99" CC="0060050"/>
						<SP ID="P6_SP00377" HPOS="1053" VPOS="3560" WIDTH="41"/>
						<String ID="P6_ST00421" HPOS="1094" VPOS="3485" WIDTH="300" HEIGHT="67" CONTENT="justement" WC="0.99" CC="660000300"/>
						<SP ID="P6_SP00378" HPOS="1394" VPOS="3560" WIDTH="41"/>
						<String ID="P6_ST00422" HPOS="1435" VPOS="3500" WIDTH="140" HEIGHT="36" CONTENT="vous" WC="0.99" CC="0040"/>
						<SP ID="P6_SP00379" HPOS="1575" VPOS="3560" WIDTH="60"/>
						<String ID="P6_ST00423" HPOS="1635" VPOS="3483" WIDTH="322" HEIGHT="53" CONTENT="consulter?" WC="1.00" CC="0420010060"/>
						<SP ID="P6_SP00380" HPOS="1957" VPOS="3560" WIDTH="44"/>
						<String ID="P6_ST00424" HPOS="2001" VPOS="3483" WIDTH="63" HEIGHT="51" CONTENT="Je" WC="1.00" CC="00"/>
						<SP ID="P6_SP00381" HPOS="2064" VPOS="3560" WIDTH="64"/>
						<String ID="P6_ST00425" HPOS="2128" VPOS="3482" WIDTH="48" HEIGHT="51" CONTENT="le" WC="0.80" CC="30"/>
					</TextLine>
					<TextLine ID="P6_TL00044" HPOS="214" VPOS="3558" WIDTH="1961" HEIGHT="69">
						<String ID="P6_ST00426" HPOS="214" VPOS="3565" WIDTH="292" HEIGHT="53" CONTENT="découvris" WC="0.99" CC="000450305"/>
						<SP ID="P6_SP00382" HPOS="506" VPOS="3618" WIDTH="25"/>
						<String ID="P6_ST00427" HPOS="531" VPOS="3567" WIDTH="341" HEIGHT="49" CONTENT="récemment" WC="0.99" CC="044000041"/>
						<SP ID="P6_SP00383" HPOS="872" VPOS="3618" WIDTH="21"/>
						<String ID="P6_ST00428" HPOS="893" VPOS="3579" WIDTH="131" HEIGHT="34" CONTENT="sous" WC="0.98" CC="0560"/>
						<SP ID="P6_SP00384" HPOS="1024" VPOS="3618" WIDTH="33"/>
						<String ID="P6_ST00429" HPOS="1057" VPOS="3576" WIDTH="77" HEIGHT="36" CONTENT="un" WC="0.97" CC="00"/>
						<SP ID="P6_SP00385" HPOS="1134" VPOS="3618" WIDTH="23"/>
						<String ID="P6_ST00430" HPOS="1157" VPOS="3561" WIDTH="238" HEIGHT="66" CONTENT="bosquet" WC="1.00" CC="0000000"/>
						<SP ID="P6_SP00386" HPOS="1395" VPOS="3627" WIDTH="34"/>
						<String ID="P6_ST00431" HPOS="1429" VPOS="3562" WIDTH="199" HEIGHT="62" CONTENT="écarté," WC="0.99" CC="4305004"/>
						<SP ID="P6_SP00387" HPOS="1628" VPOS="3627" WIDTH="37"/>
						<String ID="P6_ST00432" HPOS="1665" VPOS="3576" WIDTH="70" HEIGHT="33" CONTENT="en" WC="0.77" CC="04"/>
						<SP ID="P6_SP00388" HPOS="1735" VPOS="3627" WIDTH="26"/>
						<String ID="P6_ST00433" HPOS="1761" VPOS="3560" WIDTH="151" HEIGHT="52" CONTENT="train" WC="0.99" CC="02030"/>
						<SP ID="P6_SP00389" HPOS="1912" VPOS="3627" WIDTH="23"/>
						<String ID="P6_ST00434" HPOS="1935" VPOS="3561" WIDTH="67" HEIGHT="49" CONTENT="de" WC="1.00" CC="00"/>
						<SP ID="P6_SP00390" HPOS="2002" VPOS="3627" WIDTH="39"/>
						<String ID="P6_ST00435" HPOS="2041" VPOS="3558" WIDTH="134" HEIGHT="52" CONTENT="faire" WC="0.99" CC="02050"/>
					</TextLine>
					<TextLine ID="P6_TL00045" HPOS="212" VPOS="3633" WIDTH="1961" HEIGHT="78">
						<String ID="P6_ST00436" HPOS="212" VPOS="3660" WIDTH="110" HEIGHT="34" CONTENT="une" WC="0.98" CC="500"/>
						<SP ID="P6_SP00391" HPOS="322" VPOS="3694" WIDTH="33"/>
						<String ID="P6_ST00437" HPOS="355" VPOS="3641" WIDTH="175" HEIGHT="70" CONTENT="partie" WC="1.00" CC="005000"/>
						<SP ID="P6_SP00392" HPOS="530" VPOS="3711" WIDTH="32"/>
						<String ID="P6_ST00438" HPOS="562" VPOS="3641" WIDTH="64" HEIGHT="51" CONTENT="de" WC="1.00" CC="00"/>
						<SP ID="P6_SP00393" HPOS="626" VPOS="3711" WIDTH="39"/>
						<String ID="P6_ST00439" HPOS="665" VPOS="3637" WIDTH="260" HEIGHT="53" CONTENT="dominos" WC="1.00" CC="0400030"/>
						<SP ID="P6_SP00394" HPOS="925" VPOS="3711" WIDTH="44"/>
						<String ID="P6_ST00440" HPOS="969" VPOS="3652" WIDTH="127" HEIGHT="36" CONTENT="avec" WC="1.00" CC="0000"/>
						<SP ID="P6_SP00395" HPOS="1096" VPOS="3711" WIDTH="36"/>
						<String ID="P6_ST00441" HPOS="1132" VPOS="3636" WIDTH="225" HEIGHT="67" CONTENT="Haydn." WC="0.99" CC="500002"/>
						<SP ID="P6_SP00396" HPOS="1357" VPOS="3711" WIDTH="30"/>
						<String ID="P6_ST00442" HPOS="1387" VPOS="3635" WIDTH="43" HEIGHT="49" CONTENT="Il" WC="1.00" CC="00"/>
						<SP ID="P6_SP00397" HPOS="1430" VPOS="3711" WIDTH="35"/>
						<String ID="P6_ST00443" HPOS="1465" VPOS="3633" WIDTH="143" HEIGHT="52" CONTENT="avait" WC="0.99" CC="00044"/>
						<SP ID="P6_SP00398" HPOS="1608" VPOS="3711" WIDTH="38"/>
						<String ID="P6_ST00444" HPOS="1646" VPOS="3637" WIDTH="29" HEIGHT="47" CONTENT="à" WC="0.37" CC="6"/>
						<SP ID="P6_SP00399" HPOS="1675" VPOS="3711" WIDTH="33"/>
						<String ID="P6_ST00445" HPOS="1708" VPOS="3635" WIDTH="50" HEIGHT="49" CONTENT="la" WC="0.69" CC="60"/>
						<SP ID="P6_SP00400" HPOS="1758" VPOS="3711" WIDTH="32"/>
						<String ID="P6_ST00446" HPOS="1790" VPOS="3635" WIDTH="219" HEIGHT="52" CONTENT="bouche" WC="0.99" CC="060120"/>
						<SP ID="P6_SP00401" HPOS="2009" VPOS="3711" WIDTH="55"/>
						<String ID="P6_ST00447" HPOS="2064" VPOS="3650" WIDTH="109" HEIGHT="37" CONTENT="une" WC="0.98" CC="600"/>
					</TextLine>
					<TextLine ID="P6_TL00046" HPOS="212" VPOS="3710" WIDTH="1963" HEIGHT="78">
						<String ID="P6_ST00448" HPOS="212" VPOS="3718" WIDTH="130" HEIGHT="70" CONTENT="pipe" WC="1.00" CC="0000"/>
						<SP ID="P6_SP00402" HPOS="342" VPOS="3788" WIDTH="49"/>
						<String ID="P6_ST00449" HPOS="391" VPOS="3718" WIDTH="65" HEIGHT="51" CONTENT="de" WC="1.00" CC="00"/>
						<SP ID="P6_SP00403" HPOS="456" VPOS="3788" WIDTH="52"/>
						<String ID="P6_ST00450" HPOS="508" VPOS="3717" WIDTH="278" HEIGHT="51" CONTENT="Hollande" WC="1.00" CC="30060000"/>
						<SP ID="P6_SP00404" HPOS="786" VPOS="3788" WIDTH="37"/>
						<String ID="P6_ST00451" HPOS="823" VPOS="3716" WIDTH="202" HEIGHT="67" CONTENT="longue" WC="0.99" CC="443000"/>
						<SP ID="P6_SP00405" HPOS="1025" VPOS="3788" WIDTH="61"/>
						<String ID="P6_ST00452" HPOS="1086" VPOS="3725" WIDTH="52" HEIGHT="38" CONTENT="et" WC="1.00" CC="00"/>
						<SP ID="P6_SP00406" HPOS="1138" VPOS="3788" WIDTH="29"/>
						<String ID="P6_ST00453" HPOS="1167" VPOS="3711" WIDTH="182" HEIGHT="51" CONTENT="mince" WC="0.99" CC="03221"/>
						<SP ID="P6_SP00407" HPOS="1349" VPOS="3788" WIDTH="18"/>
						<String ID="P6_ST00454" HPOS="1367" VPOS="3729" WIDTH="11" HEIGHT="44" CONTENT=";" WC="0.41" CC="5"/>
						<SP ID="P6_SP00408" HPOS="1378" VPOS="3788" WIDTH="61"/>
						<String ID="P6_ST00455" HPOS="1439" VPOS="3711" WIDTH="272" HEIGHT="68" CONTENT="quelques" WC="1.00" CC="05000000"/>
						<SP ID="P6_SP00409" HPOS="1711" VPOS="3788" WIDTH="51"/>
						<String ID="P6_ST00456" HPOS="1762" VPOS="3711" WIDTH="209" HEIGHT="52" CONTENT="flacons" WC="1.00" CC="0001000"/>
						<SP ID="P6_SP00410" HPOS="1971" VPOS="3788" WIDTH="51"/>
						<String ID="P6_ST00457" HPOS="2022" VPOS="3710" WIDTH="153" HEIGHT="53" CONTENT="vidés" WC="1.00" CC="00000"/>
					</TextLine>
					<TextLine ID="P6_TL00047" HPOS="212" VPOS="3784" WIDTH="1964" HEIGHT="77">
						<String ID="P6_ST00458" HPOS="212" VPOS="3793" WIDTH="235" HEIGHT="68" CONTENT="gisaient" WC="0.99" CC="94001070"/>
						<SP ID="P6_SP00411" HPOS="447" VPOS="3861" WIDTH="32"/>
						<String ID="P6_ST00459" HPOS="479" VPOS="3803" WIDTH="203" HEIGHT="42" CONTENT="autour" WC="1.00" CC="000005"/>
						<SP ID="P6_SP00412" HPOS="682" VPOS="3861" WIDTH="24"/>
						<String ID="P6_ST00460" HPOS="706" VPOS="3792" WIDTH="66" HEIGHT="51" CONTENT="de" WC="1.00" CC="00"/>
						<SP ID="P6_SP00413" HPOS="772" VPOS="3861" WIDTH="26"/>
						<String ID="P6_ST00461" HPOS="798" VPOS="3790" WIDTH="98" HEIGHT="52" CONTENT="lui." WC="0.97" CC="5604"/>
						<SP ID="P6_SP00414" HPOS="896" VPOS="3861" WIDTH="30"/>
						<String ID="P6_ST00462" HPOS="926" VPOS="3788" WIDTH="207" HEIGHT="70" CONTENT="Haydn" WC="0.99" CC="50000"/>
						<SP ID="P6_SP00415" HPOS="1133" VPOS="3861" WIDTH="24"/>
						<String ID="P6_ST00463" HPOS="1157" VPOS="3803" WIDTH="88" HEIGHT="35" CONTENT="me" WC="1.00" CC="00"/>
						<SP ID="P6_SP00416" HPOS="1245" VPOS="3861" WIDTH="23"/>
						<String ID="P6_ST00464" HPOS="1268" VPOS="3798" WIDTH="272" HEIGHT="40" CONTENT="reconnut" WC="0.99" CC="50504003"/>
						<SP ID="P6_SP00417" HPOS="1540" VPOS="3861" WIDTH="19"/>
						<String ID="P6_ST00465" HPOS="1559" VPOS="3784" WIDTH="288" HEIGHT="68" CONTENT="d'emblée," WC="1.00" CC="010003500"/>
						<SP ID="P6_SP00418" HPOS="1847" VPOS="3861" WIDTH="30"/>
						<String ID="P6_ST00466" HPOS="1877" VPOS="3803" WIDTH="58" HEIGHT="35" CONTENT="se" WC="1.00" CC="00"/>
						<SP ID="P6_SP00419" HPOS="1935" VPOS="3861" WIDTH="33"/>
						<String ID="P6_ST00467" HPOS="1968" VPOS="3786" WIDTH="135" HEIGHT="63" CONTENT="leva," WC="0.99" CC="00043"/>
						<SP ID="P6_SP00420" HPOS="2103" VPOS="3861" WIDTH="16"/>
						<String ID="P6_ST00468" HPOS="2119" VPOS="3786" WIDTH="57" HEIGHT="51" CONTENT="fit" WC="0.98" CC="006"/>
					</TextLine>
				</TextBlock>
			</PrintSpace>
		</Page>
	</Layout>
</alto>
