3612 4447
1812 128 92 54 330

197 264 249 68 Ignazio
494 263 181 52 Conti
723 264 97 53 und
864 266 157 52 Gius.
1056 267 232 52 Porsile
1334 267 65 51 als
1429 267 332 71 Hof-Composi-

207 357 134 43 toren
375 367 43 32 u.
451 366 36 32 s.
520 367 58 33 w.

329 433 98 49 Der
458 432 336 53 lombardische
826 436 142 51 Fürst
1009 435 172 53 Melzi
1228 433 138 52 hörte
1397 436 150 51 Gluck
1576 437 60 51 im
1664 437 96 53 Lob-

199 517 328 51 kowitz'schen
563 518 184 53 Palaste
793 521 160 66 singen
1000 520 94 51 und
1138 520 188 68 spielen,
1372 530 226 43 ernannte
1630 524 76 50 ihn
1734 544 58 32 zu

197 601 174 52 seinem
395 602 431 54 Kammermusicus
872 604 94 49 und
1002 605 139 49 nahm
1171 604 77 50 ihn
1279 605 83 51 mit
1392 606 93 51 sich
1513 609 116 50 nach
1655 609 102 52 Mai-

192 685 160 51 land.
385 686 123 51 Dort
539 687 208 68 übergab
781 704 50 33 er
863 687 73 50 ihn
971 687 207 69 zugleich
1209 706 82 33 zur
1316 690 476 71 Vervollständigung

196 770 151 52 seiner
371 771 348 51 musicalischen
745 770 296 70 Ausbildung
1072 772 104 51 dem
1203 772 279 54 berühmten
1507 778 284 67 Organisten

195 855 95 51 und
337 858 255 49 Tonsetzer
638 855 554 53 Giovan-Battista
1237 860 408 64 Sammartini,
1707 864 82 51 der

196 940 123 51 wohl
352 940 64 48 als
447 939 86 49 der
563 939 272 67 eigentliche
856 941 181 51 Lehrer
1063 943 186 50 Gluck's
1282 944 44 51 in
1357 945 84 51 der
1471 946 318 70 Composition

199 1043 57 30 zu
287 1023 272 52 betrachten
592 1024 73 51 ist.

323 1106 130 51 Nach
500 1108 323 70 vierjährigem
856 1119 204 42 ernstem
1093 1112 214 50 Studium
1340 1113 142 51 fühlte
1514 1113 97 52 sich
1643 1115 149 51 Gluck

195 1192 125 50 stark
355 1208 171 52 genug,
559 1192 83 52 der
672 1193 351 70 Aufforderung
1052 1195 149 51 seines
1231 1197 202 50 Fürsten
1475 1216 58 31 zu
1578 1207 186 61 entspre-

195 1277 132 58 chen,
359 1277 101 50 eine
492 1277 131 69 Oper
665 1279 71 48 für
779 1279 79 51 das
889 1280 202 50 Theater
1122 1279 43 50 in
1195 1280 200 53 Mailand
1425 1301 57 32 zu
1531 1282 258 53 schreiben.

193 1360 66 51 Es
290 1376 100 34 war
421 1360 82 51 der
931 1381 89 33 von
1044 1363 285 61 Metastasio,
1361 1366 88 50 den
1481 1366 150 52 Gluck
1663 1385 93 34 com-

196 1446 197 69 ponirte.
426 1446 85 49 Die
530 1446 132 67 Oper
694 1446 101 50 kam
823 1446 174 60 1741,
1029 1447 66 51 als
1128 1448 147 52 Gluck
1303 1449 73 51 27
1409 1451 142 50 Jahre
1583 1452 62 51 alt
1676 1471 111 42 war,

197 1547 82 32 zur
306 1528 303 69 Aufführung
751 1529 149 52 Gluck
931 1532 169 67 gehört
1145 1533 96 51 also
1284 1534 140 61 nicht,
1471 1536 86 51 wie
1589 1553 83 35 aus
1705 1537 84 51 der

193 1612 267 67 bisherigen
497 1612 270 70 Erzählung
797 1616 118 49 auch
948 1616 143 51 schon
1123 1617 296 69 hervorgeht,
1452 1639 57 31 zu
1541 1620 88 50 den
1662 1621 100 51 früh-

193 1697 144 51 reifen
364 1697 348 52 musicalischen
737 1700 184 60 Genies,
953 1701 119 51 noch
1104 1702 207 70 weniger
1343 1722 56 33 zu
1432 1705 89 52 den
1543 1706 210 52 Wunder-

197 1781 209 52 kindern.

322 1866 99 49 Der
451 1866 243 51 Verfasser
741 1868 81 51 des
869 1886 88 35 uns
987 1871 330 69 vorliegenden
1345 1872 184 52 Buches
1564 1872 230 54 berichtet

193 1955 92 46 tms
317 1950 116 51 nach
464 1951 338 52 Reichardt
847 1952 61 70 (in
941 1955 169 51 dessen
1151 1956 227 58 „Studien
1420 1957 73 50 lür
1523 1959 240 50 Tonkünst-

197 2034 68 50 ler
373 2035 120 49 ohne
519 2035 168 67 jedoch
717 2054 119 33 neue
867 2039 171 67 Belege
1070 2041 71 47 lür
1170 2040 290 53 Reichardt's
1481 2041 311 69 Aeusserung

192 2116 348 69 beizubringen,
588 2119 105 50 dass
727 2120 148 52 Gluck
931 2122 177 59 „schon
1152 2124 43 49 in
1242 2124 150 51 dieser
1434 2125 151 51 seiner
1631 2134 156 43 ersten

195 2204 132 66 Oper
351 2220 88 32 von
464 2202 81 51 der
568 2202 117 53 breit
710 2211 273 60 getretenen
1006 2208 131 49 Bahn
1161 2208 84 50 der
1269 2209 215 51 Italiäner
1514 2210 151 51 seiner
1688 2211 101 50 Zeit

196 2303 52 33 so
280 2285 84 52 viel
397 2286 64 51 als
492 2288 199 67 möglich
733 2288 300 69 abgewichen
1080 2290 62 52 sei
1187 2293 96 50 und
1328 2310 49 33 es
1422 2300 185 61 gewagt
1651 2294 135 60 habe,

195 2369 101 51 eine
328 2369 105 52 dem
465 2371 191 50 wahren
687 2373 346 52 musicalischen
1067 2374 249 52 Ausdruck
1363 2376 93 53 sich
1488 2378 298 52 annähernde

195 2454 157 52 Musik
383 2473 56 32 zu
827 2458 136 51 Auch
1004 2459 114 51 wird
1160 2460 100 51 eine
1287 2462 246 52 Anekdote
1565 2460 193 71 hinzuge-

197 2536 115 70 fügt,
356 2538 105 52 dass
492 2539 101 51 eine
639 2540 236 69 einzige
907 2543 168 60 Arie,
1121 2544 175 51 welche
1328 2545 148 52 Gluck
1505 2547 60 50 im
1597 2547 160 50 damali-

197 2639 90 51 gen
332 2623 261 68 Modestyle
638 2625 301 66 geschrieben
983 2627 134 59 habe,
1162 2646 125 33 zwar
1329 2629 43 51 in
1402 2630 82 51 der
1514 2629 154 52 Probe
1700 2630 54 51 be-

195 2707 235 59 wundert,
468 2707 62 68 ja,
577 2708 145 51 selbst
756 2709 174 52 seinem
959 2710 178 53 Lehrer
1162 2713 293 52 Sammartini
1486 2714 265 69 zugeschrie-

192 2789 108 61 ben,
322 2790 45 51 in
393 2790 82 51 der
497 2792 302 70 Aufführung
818 2793 113 52 aber
953 2812 107 33 vom
1076 2794 241 55 Publicum
1342 2798 64 52 als
1432 2798 80 52 das
1536 2798 208 52 schwäch-

200 2882 70 44 ste
299 2876 289 52 Musikstück
633 2877 84 52 der
747 2879 132 69 Oper
921 2881 260 50 verworfen
1213 2883 195 51 worden
1438 2884 80 60 sei,
1565 2883 225 52 während

201 2958 125 52 diese
355 2961 64 50 als
451 2961 181 50 Ganzes
663 2963 132 50 einen
827 2981 197 49 grossen
1054 2966 163 67 Erfolg
1249 2967 173 67 gehabt
1451 2968 136 52 habe.

329 3042 98 52 Der
444 3044 162 68 Erfolg
635 3046 124 51 steht
780 3046 247 70 allerdings
1058 3048 324 69 geschichtlich
1416 3052 102 60 fest,
1549 3053 118 51 auch
1686 3072 106 51 mag

202 3145 51 33 es
286 3127 207 51 denkbar
522 3130 111 58 sein,
680 3130 105 50 dass
816 3131 99 51 eine
947 3132 91 51 Art
1065 3150 91 34 von
1185 3133 385 54 künstlerischem
1598 3138 196 51 Instinct

201 3211 151 52 Gluck
386 3211 144 52 schon
560 3213 172 52 damals
764 3215 61 50 im
854 3216 253 52 Einzelnen
1140 3236 108 33 zum
1275 3220 246 68 Richtigen
1552 3222 240 66 getrieben

197 3295 135 52 habe.
384 3297 118 51 Dass
548 3315 51 32 er
647 3297 109 51 aber
800 3300 83 51 mit
921 3301 319 52 Bewusstsein
1284 3304 144 52 schon
1472 3305 173 51 damals
1691 3306 100 52 eine

196 3396 122 35 neue
339 3380 241 68 Richtung
607 3380 354 71 eingeschlagen
991 3384 119 52 habe
1228 3386 176 52 welche
1437 3405 51 33 er
1519 3387 122 52 denn
1673 3390 118 51 doch

199 3464 147 68 gleich
379 3464 169 52 darauf
573 3464 211 53 offenbar
811 3467 170 51 wieder
1011 3470 231 51 verlassen
1273 3470 129 52 hätte
1434 3502 89 30 —,
1555 3472 112 51 lässt
1697 3474 95 52 sich

197 3547 129 52 stark
353 3547 272 54 bezweifeln
667 3550 98 51 und
808 3551 175 51 stimmt
1025 3552 125 51 nicht
1193 3573 56 32 zu
1281 3555 106 51 dem
1416 3556 346 70 Entwicklungs-

200 3652 150 49 gange
392 3634 81 51 des
516 3652 197 50 grossen
746 3635 349 70 Componisten,
1147 3638 87 50 wie
1264 3639 86 51 wir
1378 3640 78 51 ihn
1486 3640 178 52 kennen
1695 3643 96 53 und

193 3716 121 52 aucli
360 3734 82 33 aus
488 3719 227 51 Schmid's
762 3719 158 53 Werk
974 3720 122 51 noch
1141 3739 204 50 genauer
1390 3723 181 52 kennen
1615 3725 174 55 lerhen.

192 3801 151 52 Führt
375 3803 150 50 dieser
555 3804 120 51 doch
704 3803 145 52 selbst
879 3805 48 51 S.
955 3803 78 53 30
1068 3805 72 51 die
1170 3806 255 53 Ansichten
1456 3808 80 52 des
1566 3809 186 53 berühm-

199 3893 80 44 ten
310 3886 266 68 englischen
606 3888 511 52 Geschichtschreibers
1148 3889 84 52 der
1260 3890 156 52 Musik
1444 3893 187 70 Burney
1670 3894 119 52 über

197 3968 73 52 die
300 3978 155 44 ersten
488 3972 163 68 Opern
684 3973 202 60 Gluck's,
939 3973 71 53 die
1056 3974 45 51 in
1135 3974 200 53 London
1377 3994 84 33 zur
1489 3977 300 71 Aufführung

197 4053 181 60 kamen,
422 4072 57 33 an
517 4055 96 51 und
656 4062 120 45 setzt
804 4057 164 52 hinzu:
1025 4058 266 60 „Wirklich
1336 4059 148 52 liefert
1528 4060 131 51 keine
1703 4062 84 52 der

192 4137 136 52 sechs
360 4138 142 53 Arien
545 4157 83 34 aus
673 4140 150 53 dieser
855 4142 131 70 Oper
1310 4143 179 71 (1743
1538 4146 46 52 in
1625 4146 160 53 Italien

1897 273 337 70 geschrieben),
2265 275 71 52 die
2369 275 227 67 gedruckt
2629 277 206 60 worden,
2878 280 71 50 ein
2981 280 263 53 Anzeichen
3278 282 80 52 des
3391 285 60 51 Ge-

1893 356 118 61 nius,
2058 358 90 51 den
2196 360 83 50 der
2309 361 256 49 Tonsetzer
2606 360 44 50 in
2694 365 210 65 späterer
2934 366 99 51 Zeit
3064 385 57 32 an
3153 367 86 50 den
3272 367 100 68 Tag
3404 386 51 50 ge-

1894 440 96 68 legt

2020 526 285 53 Urkundlich
2349 529 113 50 lässt
2505 526 94 53 sich
2645 527 72 52 die
2749 530 162 58 Sache,
2966 532 71 50 die
3083 534 244 68 allerdings
3374 536 106 50 sehr

1890 609 189 69 wichtig
2110 617 142 54 wäre,
2285 614 123 50 nicht
2443 614 311 58 entscheiden,
2787 615 54 49 da
2874 633 87 33 von
2994 619 319 52 sämmllichen
3344 621 137 50 acht

1893 694 179 68 Opern,
2120 696 177 50 welche
2330 698 147 50 Gluck
2520 699 43 49 in
2595 699 160 51 Italien
2799 717 88 33 von
2939 700 146 50 1741
3109 701 239 52 —1745
3400 722 53 49 ge-

1890 779 258 59 schrieben,
2178 780 134 51 keine
2338 784 265 51 Partituren
2627 784 246 68 vorliegen,
2904 785 96 51 vier
3027 784 244 53 derselben
3299 788 43 49 in
3366 788 86 50 Mai-

1890 861 104 52 land
2041 882 139 49 sogar
2224 863 253 53 verbrannt
2523 868 115 58 sind,
2693 869 93 51 und
2816 887 161 34 ausser
2999 869 140 67 jenen
3172 870 132 51 sechs
3334 873 145 49 Arien

1890 965 81 32 aus
2003 948 104 50 dem
2140 950 247 51 Artamene
2431 968 89 32 nur
2561 953 119 49 noch
2722 954 112 48 zwei
2876 972 81 34 aus
3003 954 104 51 dem
3137 958 144 48 Porro
3311 957 169 67 (Porus

1998 1032 61 50 im
2088 1032 141 52 Jahre
2269 1033 155 51 1745
2458 1052 57 32 ZU
2547 1035 142 50 Turin
2723 1038 229 68 gegeben)
2984 1040 83 50 auf
3090 1039 83 51 der
3201 1040 173 50 wiener
3401 1040 49 52 Bi-

1889 1114 204 53 bliothek
2129 1117 268 50 vorhanden
2440 1117 113 61 sind,
2587 1119 177 51 welche
2796 1120 190 52 letztere
3013 1122 217 53 ebenfalls
3273 1124 75 60 „in
3372 1125 104 51 dem

1889 1200 173 52 damals
2095 1200 210 52 üblichen
2337 1203 310 51 italiänischen
2679 1204 113 51 Stile
2824 1207 216 65 gehalten

2018 1286 179 52 Gewiss
2243 1287 73 59 ist,
2364 1287 104 52 dass
2515 1287 147 68 gleich
2704 1292 123 47 seine
2858 1297 126 43 erste
3015 1291 131 68 Oper
3187 1293 72 48 für
3290 1293 188 52 Gluck's

1886 1371 99 49 Ruf
2025 1371 329 50 entscheidend
2398 1390 111 33 war.
2570 1373 66 50 Er
2681 1373 181 52 schrieb
2907 1374 185 51 hierauf
3126 1376 121 50 noch
3278 1377 96 51 drei
3407 1379 71 50 lür

1886 1453 215 60 Mailand,
2147 1456 113 49 zwei
2305 1456 70 49 für
2405 1456 227 68 Venedig,
2678 1458 99 50 eine
2817 1462 74 47 lür
2921 1458 230 51 Cremona

1895 1536 177 71 1743)
2126 1541 94 49 und
2266 1540 100 50 eine
2408 1541 71 51 für
2520 1542 144 51 Turin
2808 1543 107 51 acht
2957 1542 170 52 binnen
3159 1543 99 52 fünf
3283 1546 192 57 Jahren.

1888 1622 156 51 Ruhm
2076 1623 94 50 und
2201 1623 207 68 zugleich
2430 1625 117 52 auch
2572 1625 321 54 hinreichende
2918 1627 369 52 Existenzmittel
3318 1646 160 34 waren

1889 1724 274 49 gewonnen.
2211 1708 108 51 Sein
2350 1710 146 52 Name
2529 1710 147 70 drang
2707 1711 68 52 bis
2807 1714 116 49 nach
2953 1712 212 61 London,
3215 1714 153 50 wohin
3399 1715 79 51 ihn

1891 1791 129 51 Lord
2050 1792 300 61 Middlessex,
2392 1794 82 50 der
2502 1795 172 51 damals
2704 1797 74 51 ein
2816 1797 292 69 Privilegium
3139 1799 72 49 für
3241 1797 73 51 die
3346 1800 132 67 Oper

1889 1875 143 61 hatte,
2064 1876 65 51 als
2159 1877 258 51 Tonsetzer
2448 1880 75 49 für
2553 1880 79 52 das
2662 1881 512 69 Haymarket-Theater
3203 1881 158 53 berief.

2015 1961 99 50 Der
2144 1962 142 50 Fürst
2317 1962 261 54 Ferdinand
2615 1965 178 70 Philipp
2825 1983 89 33 von
2942 1965 275 52 Lobkowitz
3250 1966 127 51 hatte
3408 1968 44 50 in-

1889 2044 165 51 dessen
2086 2045 87 51 den
2199 2046 178 68 jungen
2402 2048 347 69 Componisten,
2780 2051 84 50 der
2893 2051 124 51 seine
3047 2051 344 69 Erwartungen
3423 2070 51 33 so

1886 2129 226 67 glänzend
2156 2130 348 70 gerechtfertigt
2544 2133 144 61 hatte,
2732 2134 126 51 nicht
2901 2153 263 49 vergessen,
3211 2136 93 50 und
3337 2136 54 51 da
3424 2154 51 33 er

1885 2211 94 51 sich
2012 2211 170 68 gerade
2214 2215 81 48 auf
2319 2214 168 52 Reisen
2534 2216 93 51 und
2674 2216 45 51 in
2750 2218 159 49 Italien
2942 2216 180 61 befand,
3172 2237 50 31 so
3254 2219 137 51 nahm
3423 2238 51 32 er

1888 2295 149 51 Gluck
2067 2314 90 33 von
2190 2298 143 51 Turin
2375 2317 84 33 aus
2491 2300 82 51 mit
2604 2300 94 52 sich
2728 2303 117 49 nach
2876 2303 265 51 London.
3201 2304 100 48 Auf
3325 2304 149 51 dieser

1886 2380 138 51 Reise
2070 2380 102 51 kam
2204 2382 147 50 Gluck
2396 2384 120 51 denn
2558 2385 118 51 auch
2723 2403 106 34 zum
2859 2394 156 43 ersten
3045 2388 120 49 Male
3197 2387 116 50 nach
3344 2389 127 50 Paris

1886 2463 136 68 (noch
2055 2464 59 51 im
2145 2465 141 50 Jahre
2323 2467 192 68 1745),
2562 2468 103 52 dem
2713 2474 216 64 späteren
2971 2470 306 69 Schauplatze
3324 2472 147 50 seines

1885 2548 226 51 höchsten
2128 2549 223 61 Ruhmes,
2382 2552 94 52 und
2507 2552 111 52 hielt
2647 2553 94 51 sich
2773 2554 43 51 in
2844 2554 303 52 Gesellschaft
3172 2556 78 49 des
3269 2554 201 52 Fürsten

1888 2632 144 68 einige
2064 2633 100 51 Zeit
2194 2634 105 51 dort
2330 2636 90 52 auf.

2016 2717 136 51 Seine
2182 2724 122 45 erste
2336 2721 131 67 Oper
2496 2721 44 50 in
2566 2722 212 61 London,
2808 2723 73 51 für
2909 2723 80 51 das
3013 2723 427 69 Haymarket-Thea-

1888 2806 73 44 ter
1992 2801 315 67 geschrieben,
2338 2821 100 34 war
3056 2806 72 52 La
3269 2808 178 51 Caduta
3086 2807 102 69 (der
3220 2808 137 50 Sturz
3389 2810 84 49 der

1890 2884 269 70 Giganten);
2203 2887 63 50 sie
2299 2888 161 54 wurde
2491 2907 74 33 am
2600 2890 48 50 7.
2680 2892 175 51 Januar
2892 2892 154 51 1746
3081 2892 280 69 aufgeführt,
3401 2893 46 68 je-

1889 2968 119 51 doch
2037 2987 91 33 nur
2157 2970 103 50 fünf
2283 2972 91 51 Mal
2405 2972 223 70 gegeben.
2662 2976 188 68 Burney
2879 2976 190 51 kritisirt
3099 2976 64 51 sie
3194 2976 80 51 mit
3300 2977 136 51 Wohl-

1888 3053 191 60 wollen;
2110 3055 250 61 Händel,
2402 3058 116 58 „der
2547 3076 148 50 gegen
2727 3060 198 52 fremdes
2951 3061 243 51 Verdienst
3224 3060 125 51 nicht
3381 3061 66 51 sel-

1886 3144 79 44 ten
1993 3138 276 53 unduldsam
2472 3141 192 70 (Worte
2695 3163 88 33 von
2815 3145 217 70 Burney),
3073 3145 199 51 erklärte
3304 3146 62 51 sie
3398 3147 72 50 für

1889 3221 216 61 Schund;
2151 3222 82 51 der
2278 3224 243 52 berühmte
2551 3227 370 71 Mezzo-Sopran
2951 3229 250 52 Monticelli
3245 3229 148 68 (starb
3423 3231 43 50 in

1885 3306 212 51 Dresden
2137 3307 172 59 1764,
2354 3309 75 52 48
2463 3310 141 51 Jahre
2634 3312 79 68 alt)
2752 3321 171 42 nannte
2954 3314 73 52 die
3062 3314 93 51 ihm
3188 3315 281 66 zugefallene

1885 3389 299 68 Haupt-Arie
2231 3391 99 51 eine
2867 3396 153 57 „Aria
2826 3398 93 49 und
2961 3399 189 66 Burney
3191 3399 155 49 macht
3386 3399 83 49 der

1886 3472 559 74 Orchester-Begleitung
2471 3479 242 52 derselben
2745 3480 89 51 den
2858 3483 235 57 Vorwurf,
3135 3481 137 59 „dass
3304 3481 62 51 sie
3396 3484 71 49 die

1885 3558 299 68 Singstimme
2214 3578 57 32 zu
2303 3563 126 50 stark
2681 3565 9 50 !
2834 3570 109 65 rügt
2984 3566 116 51 auch
3144 3584 56 32 an
3233 3566 125 50 einer
3386 3585 53 34 an-

1886 3640 143 52 deren
2074 3643 89 50 den
2204 3644 214 68 „Mangel
2462 3664 57 33 an
2552 3648 161 52 Grazie
2758 3650 96 51 und
2887 3650 357 51 künstlerischer

1884 3725 176 51 welche
2104 3726 193 53 letztere
2326 3729 298 70 Bemerkung
2669 3733 123 51 wohl
2838 3735 72 50 ein
2958 3733 300 70 genügender
3286 3734 179 52 Beweis

1885 3809 211 69 dagegen
2126 3810 96 51 sein
2252 3812 165 61 dürfte,
2454 3815 103 51 dass
2584 3817 147 50 Gluck
2756 3818 144 52 schon
2924 3818 171 51 damals
3127 3817 122 50 seine
3281 3824 184 64 spätere

1880 3893 236 70 Richtung
2145 3895 262 69 angebahnt
2436 3898 132 53 habe.

2011 3980 142 50 Trotz
2194 3982 191 52 alledem
2432 3983 112 52 aber
2589 3983 190 53 brachte
2825 3987 82 49 der
2937 3986 270 52 Aufenthalt
3247 3989 43 51 in
3321 3989 143 60 Paris,

1880 4077 77 36 wo
1984 4064 245 52 Rameau's
2276 4066 405 54 declamatorische
2712 4069 305 69 Behandlung
3062 4072 80 51 des
3175 4073 191 60 Textes,
3412 4092 52 33 so

1880 4146 89 53 wie
2010 4148 166 52 dessen
2209 4149 154 54 Chöre
2405 4152 95 52 und
2529 4152 301 53 Balletmusik
2874 4153 77 52 ihn
3001 4157 230 66 ergriffen,
3277 4157 94 52 und
3419 4160 42 49 in
