3612 4447
1779 138 91 53 336

184 284 123 53 digen
334 282 110 41 Born
473 279 84 41 lind
588 276 162 55 ergreift
778 278 71 40 das
877 278 112 42 Herz
1018 279 56 41 oft
1102 278 71 40 auf
1197 275 266 41 wunderbare
1482 273 153 48 Weise,
1665 271 83 41 wäh-

183 346 101 41 rend
324 344 64 40 die
418 341 196 42 Anderen
655 340 292 42 meistentheils
989 353 76 29 uns
1107 339 203 42 entweder
1338 337 203 40 betäuben
1581 336 99 41 oder
1708 334 67 42 die

186 403 258 45 Abstraction
484 403 71 40 des
594 402 249 41 Verstandes
884 405 226 49 verlangen,
1152 412 69 28 um
1265 400 68 38 das
1379 398 161 41 Schöne
1577 398 42 40 in
1658 397 118 41 ihren

191 468 182 42 Werken
402 480 50 28 zu
481 466 238 42 entdecken.
776 467 101 39 Wer
906 467 78 38 den
1006 461 260 44 Unterschied
1295 461 203 40 zwischen
1531 459 130 44 Genie
1690 459 85 42 und

188 532 142 42 Talent
379 543 51 28 an
486 530 94 41 dem
632 529 219 41 Ausdruck
900 528 122 39 Eines
1074 525 84 40 und
1214 524 212 39 desselben
1479 523 98 42 oder
1627 523 128 53 wenig-

186 600 108 37 stens
324 594 219 41 ähnlichen
574 593 244 42 Gedankens
844 591 162 40 kennen
1046 589 139 39 lernen
1216 586 96 47 will,
1357 588 73 40 der
1473 588 99 40 höre
1600 586 155 44 Marsch-

186 659 105 42 ner's
317 657 140 44 Musik
495 670 50 28 zu
583 657 72 40 der
692 655 138 47 Scene,
871 664 65 28 wo
967 650 177 42 Gertrud
1185 649 67 40 die
1287 649 124 40 Anna
1456 655 198 43 erwartet,
1696 649 85 40 und

188 721 217 53 Wagner's
448 723 103 37 erste
580 718 127 40 Scene
743 715 71 40 des
851 713 168 41 zweiten
1047 712 125 39 Actes
1210 711 56 40 im
1294 711 258 53 Lohengrin;
1601 725 45 28 er
1675 711 103 40 wird

188 784 110 41 dann
325 783 113 41 nicht
463 783 116 51 lange
607 779 54 41 im
680 778 204 41 Unklaren
905 777 103 40 über
1032 776 123 52 jenen
1171 774 265 42 Unterschied
1455 776 178 40 bleiben.
1646 797 45 7 —
1708 773 75 41 Die

190 847 263 50 Aufführung
489 856 85 28 war
600 840 56 42 im
687 840 166 41 Ganzen
881 842 85 49 gut,
1011 838 109 39 Herr
1148 837 200 40 Becker
1383 839 57 39 als
1484 838 168 53 Heiling
1694 848 68 28 vor-

189 909 185 47 trefflich,
404 908 64 39 die
499 906 155 40 Damen
683 903 309 40 Johannsen
1019 900 152 52 (Anna)
1200 900 84 39 und
1314 899 240 42 Günther
1582 896 203 55 (Gertrud)

189 974 113 40 recht
339 974 80 49 gut,
466 974 147 35 erstere
642 965 223 43 besonders
894 964 42 40 in
965 964 80 40 den
1075 962 399 42 leidenschaftlichen
1502 964 174 47 Stellen;
1721 961 66 41 die

189 1032 180 53 Königin
398 1032 73 39 der
501 1030 159 40 Geister
688 1028 86 41 und
802 1027 73 41 der
903 1028 122 52 Jäger
1053 1026 168 40 Konrad
1261 1027 145 39 Hessen
1447 1024 157 41 freilich
1632 1024 77 40 viel
1738 1035 49 28 zu

189 1094 223 42 wünschen
430 1092 134 52 übrig.
593 1091 76 40 Die
689 1089 135 42 Chöre
856 1102 136 27 waren
1018 1088 76 41 fest
1120 1087 85 40 und
1234 1087 131 40 sicher
1395 1087 115 52 (aber
1539 1098 42 29 es
1610 1085 99 41 fehlt
1736 1097 52 29 an

189 1157 259 53 klangvollen
480 1155 233 49 Stimmen),
743 1154 69 39 das
844 1151 216 42 Orchester
1088 1162 100 40 ganz
1218 1149 245 53 vorzüglich.

274 1239 136 41 Heute
440 1235 152 42 Abend
635 1234 82 42 tritt
744 1235 109 51 Bog
863 1247 52 27 er
953 1244 91 28 zum
1074 1235 133 36 ersten
1235 1231 108 40 Male
1386 1231 56 39 als
1474 1229 136 53 Georg
1637 1230 151 40 Brown

190 1303 87 50 auf;
318 1301 180 51 Sonntag
526 1298 104 41 wird
659 1311 44 27 er
741 1297 78 39 den
849 1295 231 51 Propheten
1117 1292 155 53 singen.
1305 1316 46 5 —
1381 1294 106 38 Dem
1517 1292 271 40 Vernehmen

192 1364 106 41 nach
327 1364 136 40 haben
491 1362 74 39 wir
594 1360 154 41 sichere
776 1357 204 47 Aussicht,
1024 1355 353 53 Vieuxtemps
1406 1355 43 41 in
1479 1355 78 40 den
1586 1354 174 41 Abonne-

197 1426 377 43 ments-Concerten
603 1435 49 28 zu
680 1422 140 40 hören.

275 1626 172 43 Gera,
478 1621 63 40 30.
571 1619 110 53 Sept.
739 1617 77 43 Die
859 1628 80 30 von
981 1616 73 41 der
1091 1613 363 44 Unterzeichneten
1498 1611 57 41 im
1594 1610 196 52 Auftrage

197 1687 110 40 eines
335 1682 324 44 Kunstfreundes
699 1682 80 40 den
807 1680 38 41 8.
875 1679 95 41 Juni
1004 1680 101 40 1853
1145 1679 179 52 gestellte
1364 1675 322 52 Preis-Aufgabe
1729 1675 65 38 für

198 1750 119 40 einen
345 1748 46 40 in
419 1746 139 41 seinen
578 1744 331 41 Erfordernissen
939 1743 153 40 damals
1121 1741 128 40 näher
1277 1739 290 41 bezeichneten
1599 1737 195 51 Opern-

197 1813 132 40 Text
357 1811 68 39 hat
454 1809 89 41 eine
572 1808 259 51 Bewerbung
860 1806 232 47 veranlasst,
1133 1804 66 40 die
1228 1804 41 39 in
1298 1801 279 41 numerischer
1605 1799 190 40 Hinsicht

193 1875 95 52 jede
318 1874 242 50 Erwartung
589 1870 192 41 übertraf.
837 1868 146 41 Leider
1023 1868 70 40 hat
1131 1866 147 54 jedoch
1319 1866 65 39 die
1423 1877 71 28 aus
1526 1864 78 39 den
1632 1863 163 39 Herren

201 1940 202 38 Doctoren
431 1935 146 40 Liszt
617 1933 86 40 und
746 1931 249 41 Gutzkow
1037 1931 85 40 und
1161 1931 93 39 dem
1284 1929 137 40 Herrn
1451 1926 318 51 Hof-Opern-Re-

199 2001 158 52 gisseur
388 1997 199 42 Genast
627 1996 40 40 in
699 1995 185 40 Weimar
922 1996 385 48 zusammengesetzt
1335 2002 212 40 gewesene
1576 1989 219 51 Prüfungs-

200 2060 272 43 Commission
501 2057 246 51 einstimmig
778 2056 183 40 erklären
982 2059 175 42 müssen,
1188 2055 88 39 dass
1305 2065 78 26 von
1415 2053 104 38 allen
1554 2051 73 38 119
1659 2050 112 51 einge-

198 2134 212 42 gangenen
431 2122 156 38 Texten
588 2127 10 13 N
618 2119 102 40 auch
750 2117 109 40 nicht
877 2117 127 39 Einer
1032 2115 200 52 diejenige
1251 2115 312 49 Befürwortung
1592 2112 202 46 verdiene,

201 2187 152 40 welche
384 2183 65 40 die
479 2181 189 52 sofortige
698 2178 320 52 Ueberweisung
1047 2178 209 40 desselben
1287 2189 50 27 an
1367 2176 119 40 einen
1505 2173 289 52 Componisten

204 2252 57 39 als
292 2249 89 40 eine
412 2242 400 44 wünschenswcrthe
842 2241 302 51 Bereicherung
1181 2251 166 29 unseres
1377 2237 417 54 Opern-Repertoires

203 2310 237 42 erscheinen
468 2308 114 40 lasse.
611 2306 56 39 Es
697 2305 49 39 ist
776 2303 186 40 desshalb
993 2301 135 40 weder
1157 2301 71 39 der
1258 2301 114 46 volle,
1400 2300 106 39 noch
1536 2299 65 40 ein
1630 2298 146 52 getheil-

202 2380 61 33 ter
279 2371 114 40 Preis
424 2368 140 53 irgend
595 2366 131 41 einem
756 2365 72 39 der
856 2364 330 51 eingegangenen
1208 2362 127 41 Texte
1364 2362 226 40 zuerkannt
1616 2362 180 39 worden.

203 2435 81 40 Ein
313 2438 114 48 gutes
457 2427 314 43 Zwei-Drittheil
800 2428 72 39 der
900 2427 128 39 Texte
1072 2425 155 40 scheint
1264 2425 151 40 wieder
1454 2425 79 38 den
1563 2423 118 47 alten,
1710 2435 66 27 ver-

202 2498 162 51 jährten
393 2495 91 39 Satz
514 2493 134 38 haben
676 2489 204 41 beweisen
911 2500 49 27 zu
990 2488 158 46 wollen,
1177 2488 91 38 dass
1298 2487 66 39 ein
1393 2484 222 42 schlechtes
1646 2484 126 39 Schau-

204 2559 102 53 spiel
335 2557 105 40 noch
471 2555 147 40 immer
646 2557 71 47 gut
745 2564 133 39 genug
906 2551 63 39 für
1000 2550 88 41 eine
1115 2548 111 53 Oper
1254 2552 122 37 wäre.
1404 2548 88 40 Nur
1521 2547 66 40 ein
1611 2545 188 41 Drittheil

205 2623 72 39 der
306 2616 343 44 concurrirenden
678 2615 198 40 Arbeiten
905 2614 142 39 erhebt
1077 2612 84 39 sich
1191 2613 102 39 über
1321 2612 70 39 das
1411 2611 154 39 Niveau
1594 2609 204 40 absoluter

203 2681 260 54 Unfähigkeit
492 2679 84 40 und
606 2679 69 39 des
698 2676 181 39 naivsten
896 2675 331 40 Dilettantismus.
1256 2674 195 40 Indessen
1482 2672 89 40 sind
1601 2671 102 40 auch
1734 2670 65 39 die

203 2747 206 40 Resultate
439 2743 132 40 dieser
600 2742 190 39 besseren
819 2738 212 40 Versuche
1073 2737 41 39 in
1159 2736 129 40 ihrem
1329 2736 170 40 Werthe
1541 2747 77 27 nur
1655 2733 143 40 höchst

206 2809 169 51 bedingt
402 2806 227 53 geblieben.
659 2802 147 51 Einige
825 2802 127 40 Texte
969 2800 193 40 zeichnen
1193 2799 84 40 sich
1307 2799 127 39 durch
1465 2797 336 41 unverkennbare

207 2870 204 54 poetische
442 2867 292 53 Begeisterung
762 2876 92 35 aus;
886 2863 57 39 sie
973 2861 89 41 sind
1093 2861 117 41 meist
1239 2862 92 39 dem
1361 2861 197 41 Bereiche
1588 2860 72 40 der
1688 2860 91 38 deut-

211 2935 121 40 schen
370 2932 82 39 und
481 2929 243 41 nordischen
754 2927 103 51 Sage
899 2929 275 35 entnommen.
1229 2924 166 39 Andere
1438 2922 214 41 verrathen
1696 2921 104 40 auch

211 2993 309 43 Bekanntschaft
548 2992 71 39 der
649 2989 143 41 Bühne
821 2988 84 39 und
936 2986 153 40 suchen
1119 2985 64 41 die
1204 2986 128 39 Scene
1360 2985 73 39 mit
1460 2997 134 26 neuen
1617 2983 166 42 Situatio-

214 3070 80 29 nen
324 3070 47 26 zu
398 3056 185 40 beleben.
611 3051 172 44 Manche
802 3049 211 41 verrathen
1043 3049 90 39 eine
1155 3047 337 53 ungewöhnliche
1522 3044 281 41 musicalische

180 3120 325 51 -Empfindung,
544 3118 52 51 ja,
635 3116 122 39 selbst
794 3114 89 39 eine
922 3124 155 39 genaue
1110 3110 219 39 Kenntniss
1360 3109 72 39 der
1461 3107 343 52 Anforderungen

216 3196 52 28 an
297 3183 66 40 die
392 3179 307 42 Tonsetzkunde
729 3176 242 52 überhaupt.
1026 3175 196 40 Indessen
1251 3173 88 39 sind
1371 3171 109 40 diese
1510 3171 191 51 Vorzüge
1732 3170 50 39 im-

213 3259 90 28 mer
331 3257 78 28 nur
439 3242 205 50 einseitige
672 3239 213 53 geblieben
915 3239 82 39 und
1028 3237 217 40 schliessen
1284 3234 263 51 anderweitig
1589 3244 192 40 vorausge-

216 3314 122 37 setzte
367 3303 456 54 Haupt-Erfordernisse
853 3315 83 27 aus.
966 3302 76 40 Um
1073 3313 76 27 nur
1178 3297 313 53 beispielsweise
1521 3297 77 39 den
1631 3295 150 40 Charak-

216 3378 60 36 ter
318 3370 133 40 dieser
494 3365 341 52 durchgehenden
876 3364 241 41 Missstände
1161 3361 247 52 anzugeben,
1453 3371 43 27 so
1540 3358 90 40 sind
1676 3356 131 52 einige

216 3437 140 44 Texte,
386 3446 32 26 z.
451 3431 43 39 B.
851 3427 105 44 „Der
985 3424 190 41 Schmied
1205 3436 77 27 von
1527 3433 77 27 von
1635 3418 150 53 derjeni-

217 3511 77 41 gen
324 3495 312 54 geschlossenen
652 3488 271 50 Abrundung,
953 3488 63 40 die
1046 3500 50 26 zu
1124 3486 131 40 einem
1286 3484 299 40 dramatischen
1610 3482 196 40 Gedichte

217 3561 154 54 gehört,
401 3555 225 43 entbehren
655 3553 98 39 aber
782 3550 117 40 theils
931 3551 68 38 des
1028 3549 233 51 poetischen
1279 3547 155 47 Reizes,
1457 3545 117 40 theils
1606 3545 70 39 der
1705 3543 104 40 nach

217 3625 124 40 innen
371 3619 214 54 gehenden
613 3615 211 41 reicheren
854 3612 324 50 Abwechselung
1206 3623 78 27 von
1322 3610 289 40 interessanten
1641 3606 170 40 Scenen.

221 3686 177 44 Andere,
440 3681 65 40 die
534 3679 119 41 einen
684 3677 180 40 schönen
894 3674 203 50 Schwung
1127 3673 68 38 des
1227 3672 146 39 Verses
1413 3671 148 45 haben,
1595 3667 75 40 wie
1701 3667 88 48 „Ste-

220 3748 111 51 phan
600 3740 184 52 begeben
822 3737 86 40 sich
946 3735 40 40 in
1026 3735 70 39 das
1134 3733 110 40 nicht
1279 3733 259 51 gewünschte
1566 3730 145 41 Gebiet
1740 3730 73 39 der

221 3820 165 42 grossen
417 3803 238 42 heroischen
686 3801 111 51 Oper
825 3799 83 40 und
939 3797 135 41 leiden
1103 3796 126 38 durch
1251 3795 372 51 Wiederholungen
1653 3805 49 27 an
1724 3792 59 39 Mo-

223 3870 183 46 notonie;
449 3867 149 39 andere
626 3862 165 49 wieder,
832 3860 77 41 wie
952 3860 210 47 „Bertram
1192 3857 49 38 de
1459 3856 133 39 haben
1625 3855 186 50 Vorzüge

224 3935 69 39 der
310 3932 237 48 Gestaltung
562 3928 83 39 und
660 3927 71 38 der
744 3923 190 54 Sprache,
964 3921 106 41 ohne
1100 3919 67 40 ein
1196 3918 318 50 tiefergehendes
1528 3918 198 39 Interesse
1743 3928 47 26 an-

226 4007 185 39 zuregen.
470 3993 77 39 Ein
578 3992 114 45 Text,
732 3989 95 49 „Ida
856 4000 78 27 von
964 3984 315 52 Salmandingen
1284 3987 9 15 4
1297 3985 22 46 ',
1355 3981 159 39 verräth
1543 3980 89 39 eine
1661 3980 150 39 seltene

226 4059 237 50 Vertiefung
511 4056 42 39 in
598 4053 65 40 die
706 4050 378 54 geheimnissvollen
1128 4046 259 51 Wirkungen
1425 4043 71 40 der
1533 4041 147 47 Musik,
1726 4053 63 27 ver-

227 4121 233 41 schwendet
489 4119 96 39 aber
616 4116 149 42 Gefühl
794 4115 83 39 und
908 4112 214 41 Phantasie
1152 4125 51 26 an
1233 4110 67 40 ein
1330 4107 123 52 Sujet,
1484 4107 68 39 das
1581 4106 136 40 weder
1745 4116 46 29 an-

224 4183 170 42 ziehend
424 4182 60 48 ist,
512 4180 106 41 noch
647 4177 244 43 dramatisch
919 4175 271 42 vollkommen
1219 4168 349 56 durchgearbeitet
1597 4168 152 41 wurde.

1955 273 77 42 Die
2062 272 286 55 eingesandten
2378 272 127 40 Texte
2535 270 164 40 werden
2729 270 243 41 inzwischen
3004 282 49 28 an
3082 268 65 41 die
3176 267 41 41 in
3248 266 219 43 frankirten

1873 336 223 42 Schreiben
2134 335 316 54 anzugebenden
2479 333 207 40 Adressen
2730 345 78 27 nur
2846 334 72 39 auf
2943 331 185 41 Wunsch
3167 330 302 53 zurückgehen,

1876 400 50 39 da
1956 399 71 40 das
2058 399 130 41 Recht
2226 400 72 40 der
2325 397 228 52 Eröffnung
2590 395 72 40 der
2700 395 284 52 beiliegenden
3015 395 193 41 Couverts
3244 405 77 28 uns
3358 392 113 41 nicht

1875 463 171 40 zusteht.

2361 524 76 41 Die
2468 521 305 42 Ibanitz'sehe
2811 520 339 53 Buchhandlung,

2189 589 56 41 im
2273 589 194 52 Auftrage
2505 587 71 40 des
2604 584 270 42 Preisstellers
2903 583 84 40 und
3016 583 72 40 der
3116 581 275 42 Preisrichter.

1965 770 135 44 Ueber
2141 771 211 41 Rossini
2397 772 181 40 erhalten
2622 770 74 41 wir
2742 769 127 40 durch
2914 767 251 41 freundliche
3215 766 260 52 Mittheilung

1880 837 70 40 des
1979 835 154 41 Briefes
2171 835 110 39 eines
2324 835 292 39 Tonkünstlers
2660 845 71 28 aus
2761 832 155 47 Italien,
2957 831 72 40 der
3067 830 71 40 ihn
3178 842 132 40 genau
3338 828 138 48 kennt,

1882 899 185 52 folgende
2096 896 277 40 authentische
2402 896 280 52 Mittheilung:

1963 960 87 48 „Es
2079 959 68 40 ist
2175 957 120 40 kein
2324 957 204 40 wahres
2558 958 149 40 Wort
2747 957 167 48 daran,
2954 956 119 41 dass
3103 954 227 41 Rossini
3374 953 77 53 gei-

1884 1020 396 44 stesabwesend
2326 1020 86 47 sei,
2455 1019 105 40 noch
2601 1019 92 39 dass
2742 1032 43 27 es
2837 1020 73 39 mit
2956 1019 134 41 seiner
3133 1016 252 42 Gesundheit
3431 1028 45 29 so

1883 1086 178 41 schlecht
2089 1085 124 40 stehe.
2257 1084 76 40 Die
2362 1082 239 53 politischen
2631 1082 328 52 Begebenheiten
2996 1082 42 40 in
3068 1081 143 41 Italien
3240 1081 136 40 haben
3404 1080 71 41 ihn

1884 1148 212 53 degoutirt.
2150 1148 103 40 Eine
2283 1146 309 53 unangenehme
2622 1146 140 45 Scene,
2806 1145 65 40 die
2901 1145 86 40 sich
3015 1145 43 40 in
3088 1145 181 50 Bologna
3297 1147 158 48 zugetra-

1884 1225 91 38 gen,
2005 1211 68 40 hat
2101 1211 71 40 ihn
2202 1210 123 41 dahin
2362 1210 204 52 gebracht,
2606 1209 110 40 diese
2745 1208 124 46 Stadt,
2913 1208 138 40 seinen
3081 1206 374 52 Lieblings-Aufent-

1886 1274 94 48 halt,
2009 1286 49 27 zu
2087 1275 213 46 verlassen,
2337 1272 84 40 und
2460 1272 85 40 dies
2575 1271 68 40 hat
2671 1270 71 40 ihn
2769 1269 270 53 angegriffen;
3079 1269 108 39 denn
3216 1282 43 27 er
3287 1269 191 39 wurzelte

1884 1336 75 40 mit
1988 1338 104 38 allen
2122 1336 138 40 seinen
2277 1333 501 42 Lebens-Gewohnheiten
2809 1333 41 39 in
2872 1333 195 50 Bologna.
3097 1331 56 40 Er
3182 1331 50 40 ist
3262 1331 216 51 allerdings

1885 1411 80 28 von
1994 1399 133 40 einem
2156 1397 282 52 körperlichen
2467 1397 152 40 Leiden
2647 1394 258 52 beunruhigt,
2933 1394 140 40 indem
3102 1393 86 40 sein
3205 1393 151 52 Magen
3385 1393 93 40 sehr

1886 1461 256 54 geschwächt
2169 1460 63 40 ist.
2260 1460 62 40 Im
2350 1459 205 53 Uebrigen
2583 1460 98 39 aber
2709 1458 50 40 ist
2788 1470 43 28 er
2860 1458 72 40 der
2947 1457 106 47 Alte,
3083 1468 77 28 von
3189 1455 265 52 hervorragen-

1887 1524 93 40 dem
2011 1522 136 41 Geiste
2176 1523 84 39 und
2289 1535 78 27 von
2395 1534 159 39 grosser
2583 1521 256 48 Sensitivität,
2870 1521 65 40 die
2965 1533 43 28 er
3036 1524 118 35 unter
3184 1519 92 39 dem
3306 1516 173 41 Scheine

1887 1587 73 39 der
1990 1584 355 53 Gleichgültigkeit
2618 1606 49 6 —
2698 1583 93 40 Wir
2822 1583 116 47 eilen,
2983 1582 110 40 diese
3133 1580 237 42 erfreuliche
3397 1579 54 39 No-

1888 1649 64 47 tiz,
1995 1648 153 41 welche
2178 1648 74 40 wir
2279 1648 273 40 vollkommen
2582 1648 229 52 verbürgen
2839 1647 177 48 können,
3057 1645 72 40 der
3171 1641 308 43 musicalischen

1891 1712 112 41 Welt
2032 1710 288 42 mitzutheilen.

1974 1891 110 40 Ganz
2113 1889 148 40 Paris
2300 1887 50 41 ist
2376 1887 80 41 voll
2498 1898 79 28 von
2606 1885 72 40 der
2703 1883 243 53 plötzlichen
2975 1879 172 42 Abreise
3178 1878 72 41 der
3281 1875 200 54 Sängerin

1892 1952 249 43 Cruvelli.
2192 1952 81 39 Am
2301 1952 38 39 9.
2369 1950 38 40 d.
2435 1950 93 40 Mts.
2557 1959 136 29 waren
2722 1947 65 40 die
2817 1947 261 50 Hugenotten
3108 1939 285 53 angekündigt,
3424 1938 57 40 als

1891 2017 64 40 ein
1985 2015 323 52 Anschlagzettel
2352 2013 65 40 die
2456 2011 145 41 Flucht
2641 2011 71 40 der
2756 2011 133 37 Prima
2917 2010 141 35 Donna
3102 2004 172 40 meldete
3302 2002 85 41 und
3416 2000 65 41 die

1889 2079 261 50 Vorstellung
2197 2077 177 51 absagte.
2430 2075 65 39 Sie
2538 2074 50 40 ist
2627 2073 94 40 fort!
2778 2073 185 43 Eoccessit,
3004 2071 129 43 evasit,
3175 2068 122 50 erupit
3334 2087 47 6 —
3413 2068 77 41 auf

1889 2140 197 42 Deutsch:
2127 2138 57 40 sie
2224 2138 50 39 ist
2303 2137 353 50 durchgegangen.
2716 2133 183 40 Wohin?
2956 2131 144 52 Einige
3129 2131 130 38 lassen
3293 2127 56 40 sie
3378 2125 105 41 nach

1889 2203 227 45 Frankfurt,
2144 2201 166 39 Andere
2341 2199 103 40 nach
2464 2198 170 39 London
2657 2197 157 51 gereis't
2844 2195 96 40 sein.
2970 2194 114 40 Nach
3108 2193 78 39 den
3205 2189 251 42 Vermuthun-

1890 2277 77 40 gen
1997 2276 78 27 von
2103 2263 141 40 Hans
2272 2261 49 40 ist
2350 2260 214 50 beleidigte
2595 2256 403 42 Künstler-Eitelkeit
3027 2255 72 39 der
3117 2253 143 41 Grund
3290 2252 71 39 der
3385 2251 74 40 Ent-

1890 2328 184 49 fernung,
2103 2324 101 40 auch
2235 2323 275 52 eigensinnige
2540 2323 159 45 Laune;
2747 2321 144 39 Kunz
2929 2317 218 51 behauptet
3177 2316 193 50 dagegen,
3418 2312 66 40 die

1891 2389 125 40 Liebe
2045 2386 56 41 sei
2130 2386 72 39 mit
2230 2385 56 40 im
2304 2385 144 51 Spiele,
2477 2396 78 28 nur
2575 2396 94 39 mag
2690 2396 43 26 er
2756 2382 109 40 nicht
2884 2379 272 45 entscheiden,
3187 2377 51 39 ob
3268 2388 48 27 zu
3347 2373 134 42 einem

1892 2453 150 40 Manne
2081 2450 97 40 oder
2207 2462 47 26 zu
2283 2448 174 47 200,000
2485 2448 171 45 Dollars,
2700 2445 153 41 welche
2897 2444 64 40 ihr
3003 2454 80 28 von
3126 2438 246 42 America
3412 2448 72 28 aus

1893 2518 117 35 unter
2039 2513 71 39 der
2139 2511 240 52 Bedingung
2409 2507 373 53 augenblicklicher
2800 2504 284 51 Einschiffung
3113 2503 174 51 geboten
3315 2499 169 41 worden

1893 2578 151 37 wären.
2086 2574 76 41 Die
2192 2571 238 42 kaiserliche
2460 2569 337 41 Administration
2826 2569 66 39 hat
2923 2566 147 41 bereits
3101 2564 196 51 Beschlag
3326 2563 70 40 auf
3420 2562 64 40 ihr

1895 2637 232 52 Vermögen
2157 2635 64 41 bei
2251 2633 238 41 Rothschild
2520 2632 39 40 &
2590 2632 135 39 Söhne
2754 2631 153 52 gelegt;
2937 2630 65 39 ein
3032 2629 169 40 anderes
3233 2628 57 36 On
3322 2627 53 36 dit
3403 2624 82 41 will

1896 2699 159 47 wissen,
2084 2698 90 39 dass
2205 2697 64 39 die
2298 2696 115 39 letzte
2437 2694 136 40 Hälfte
2602 2693 131 41 dieser
2748 2693 135 39 Firma
2912 2691 66 41 bei
3008 2691 71 39 der
3108 2689 128 40 Sache
3265 2688 221 40 interesstrt

1896 2763 78 47 sei;
2014 2761 107 41 noch
2170 2760 65 39 ein
2279 2759 169 39 anderes
2488 2758 94 39 lässt
2621 2756 64 40 die
2728 2756 149 40 schöne
2917 2753 196 53 Sängerin
3157 2751 100 40 nach
3303 2749 181 40 Dresden

1897 2825 116 45 eilen,
2053 2836 68 27 um
2159 2822 83 40 sich
2282 2820 71 40 mit
2381 2820 137 39 Herrn
2549 2818 50 40 V.
2629 2831 48 27 zu
2715 2817 235 40 vermählen
2980 2838 49 7 —
3057 2813 160 41 worauf
3241 2825 94 27 man
3362 2812 123 50 fragt:

1898 2886 104 49 „Hat
2027 2885 68 41 das
2126 2885 107 40 denn
2261 2881 135 42 solche
2600 2902 47 6 —
2678 2892 40 27 u.
2748 2892 30 27 s.
2806 2892 51 27 w.
2887 2891 38 27 u.
2955 2890 30 28 s.
3015 2890 48 28 w.

2101 3580 112 33 Die
2242 3575 540 38 I%'iederrlieiiiisclie
2811 3571 467 41 jüusik-Zcitiing'

1904 3641 201 37 erscheint
2127 3640 120 47 jeden
2277 3638 185 47 Samstag
2489 3638 42 34 in
2569 3636 244 35 mindestens
2853 3634 128 35 einem
3017 3643 155 37 ganzen
3210 3630 155 46 Bogen;
3417 3626 55 37 all-

1907 3694 219 36 monatlich
2154 3692 99 36 wird
2279 3692 64 36 ihr
2371 3692 64 36 ein
2461 3689 336 38 Literatur-Blatt
2824 3686 259 49 beigegeben.
3192 3683 82 35 Der
3301 3680 162 36 Abonne-

1907 3748 235 47 mentspreis
2169 3746 162 48 beträgt
2347 3747 64 34 für
2434 3744 70 36 das
2520 3742 201 47 Halbjahr
2752 3746 19 31 2
2790 3741 125 44 Thlr.,
2942 3740 66 35 bei
3034 3738 75 36 den
3136 3737 48 34 K.
3205 3746 153 36 preuss.
3375 3734 116 35 Post-

1908 3801 213 36 Anstalten
2151 3803 20 32 2
2190 3799 108 35 Thlr.
2329 3800 21 34 5
2376 3798 87 48 Sgr.
2491 3798 99 35 Eine
2620 3795 180 36 einzelne
2816 3794 190 36 Nummer
3028 3794 23 32 4
3072 3789 86 49 Sgr.
3187 3787 306 49 Einrückungs-

1908 3854 216 38 Gebühren
2154 3864 70 35 per
2251 3852 207 36 Petitzeile
2491 3854 19 32 2
2543 3850 88 48 Sgr.

1959 3909 129 34 Briefe
2115 3906 82 35 und
2226 3906 293 47 Zusendungen
2550 3903 98 36 aller
2684 3901 77 37 Art
2788 3898 160 39 werden
2972 3901 118 31 unter
3124 3895 70 37 der
3222 3894 172 37 Adresse
3424 3892 69 39 der

1905 3963 54 36 M.
1988 3956 573 51 DuMont-Schauberg'schen
2589 3954 328 44 Buchhandlung
2953 3952 42 34 in
3022 3949 106 37 Köln
3157 3949 174 37 erbeten.

2026 4057 378 40 Verantwortlicher
2432 4055 306 51 Herausgeber:
2775 4050 109 40 Prof.
2912 4050 46 38 L.
2985 4047 185 42 Bischoff
3192 4047 42 40 in
3263 4047 123 39 Köln.

1978 4111 214 51 Verleger:
2220 4111 55 40 M.
2305 4103 543 53 DuMont-Schauberg'sche
2877 4101 324 52 Buchhandlung
3229 4100 43 39 in
3300 4099 122 39 Köln.

1950 4164 203 41 Drucker:
2180 4163 57 42 M.
2265 4161 438 48 DuMont-Schauberg
2731 4157 44 41 in
2804 4156 122 49 Köln,
2954 4155 259 41 Breitstrasse
3244 4155 49 38 76
3325 4165 38 28 u.
3394 4149 62 42 78.

2383 3151 616 55 /Iflilmmliguiigcii.

1952 3314 85 37 Alle
2063 3315 42 35 in
2134 3314 122 35 dieser
2281 3310 315 47 Musik-Zeitung
2640 3307 276 51 besprochenen
2953 3305 81 36 und
3070 3302 272 50 angekündigte
3345 3315 25 24 n
3398 3301 91 37 Mu-

1900 3369 158 36 sicalien
2086 3375 68 29 etc.
2183 3366 89 37 sind
2299 3378 46 23 zu
2373 3365 169 36 erhalten
2569 3365 41 34 in
2640 3363 65 36 der
2733 3369 87 29 stets
2847 3359 227 47 vollständig
3112 3365 224 29 assortivten
3364 3356 125 36 j}lusi~

1901 3421 356 46 calien-Handlung
2293 3420 104 35 nebst
2434 3417 237 37 Leihanstalt
2711 3429 74 23 von
2829 3412 299 38 BERNHARD
3177 3410 223 37 BREUER
3447 3409 42 36 in

1903 3476 143 43 Köln,
2076 3476 248 35 Hochstrasse
2352 3473 68 34 Nr.
2449 3472 66 35 97.
