3017 4252
352 275 101 69 66

1430 277 63 69 S.
1562 277 54 69 I.
1686 277 108 70 M.

347 435 48 38 et
437 419 150 54 Chloé
625 431 55 40 et
720 438 94 54 par
844 418 128 75 quel
1001 418 216 53 miracle
1247 419 68 54 de
1357 418 169 75 greffe
1562 419 51 54 la
1653 423 177 51 même
1868 422 126 53 sève
2032 444 29 31 a
2103 444 75 52 pu
2215 424 211 73 gonfler
2455 427 94 53 des
2580 428 308 74 bourgeons

348 498 42 52 si
421 496 298 54 différents.
752 497 89 52 En
871 496 153 72 dépit
1068 496 96 53 des
1208 496 359 54 insinuations
1603 498 67 53 de
1700 499 227 52 certains
1971 501 379 54 observateurs
2395 504 328 72 superficiels
2768 518 121 60 trop

347 586 249 61 prompts
648 573 29 52 à
732 573 273 52 dénoncer
1054 586 219 58 partout
1322 574 94 52 des
1463 574 224 74 plagiats
1738 576 355 73 imaginaires,
2145 578 33 52 il
2228 598 34 54 y
2315 598 45 49 a,
2402 600 65 33 en
2524 581 127 53 effet
2704 595 185 42 autant

347 649 504 73 d'incompatibilité
898 649 300 54 d'humour
1246 663 151 40 entre
1440 652 345 72 Concepcion
1835 667 52 39 et
1933 654 146 52 Saint
2129 656 273 52 Sébastien
2450 657 249 74 qu'entre
2742 659 146 54 Saint

350 729 273 54 Sébastien
666 741 52 38 et
755 727 243 53 Thérèse
1042 739 68 56 et,
1142 741 276 59 pourtant,
1449 731 94 71 qui
1586 732 195 51 oserait
1823 732 233 52 affirmer
2087 733 169 72 qu'un
2300 734 195 54 obscur
2535 734 107 54 lien
2686 737 83 52 n'a
2798 757 90 51 pas

347 805 95 54 uni
471 805 28 53 à
529 804 245 73 l'origine
804 805 130 51 trois
977 802 264 56 formules
1273 805 137 54 d'art
1440 808 40 50 si
1513 808 264 71 opposées
1809 808 19 53 ?
1870 809 129 52 Sans
2032 809 303 70 Massenet,
2366 812 258 73 Debussy
2666 813 223 53 n'aurait

347 902 93 53 pas
483 880 129 54 écrit
639 878 248 56 l'Enfant
915 882 280 73 Prodigue
1223 906 14 44 ;
1279 902 121 33 sans
1429 882 249 56 l'Enfant
1708 885 279 73 Prodigue
2016 885 49 54 le
2086 885 171 74 jeune
2286 888 117 72 prix
2432 888 68 53 de
2531 889 177 52 Rome
2740 891 149 52 n'eut

346 959 155 73 point
545 958 86 53 élu
678 958 50 52 la
772 958 338 53 Damoiselle
1155 959 91 74 qui
1298 959 198 69 devait,
1537 962 152 71 après
1731 962 309 54 l'initiation
2088 964 76 52 du
2209 964 185 54 Faune
2439 985 68 33 au
2549 986 156 33 cours
2755 967 131 53 d'un

344 1035 348 71 voluptueux
739 1035 334 73 après-midi,
1125 1037 398 54 s'abandonner
1571 1038 28 53 à
1647 1038 50 53 la
1745 1037 163 56 féérie
1957 1039 94 54 des
2102 1040 318 55 Nocturnes
2477 1056 52 39 et
2578 1063 172 33 nouer
2793 1044 94 54 des

346 1114 224 52 Rondes
612 1113 69 53 de
723 1113 331 73 Printemps.
1105 1114 130 53 Sans
1279 1115 277 73 Debussy,
1604 1117 173 53 Ravel
1827 1137 67 33 ne
1929 1137 55 33 se
2027 1115 84 56 fut
2154 1119 154 71 point
2350 1120 203 53 attardé
2594 1141 104 32 aux
2740 1141 148 53 parcs

343 1190 325 55 verlainiens
711 1192 74 52 où
827 1190 112 54 l'on
983 1193 164 51 danse
1194 1192 95 52 des
1334 1212 231 52 pavanes
1608 1213 66 33 en
1717 1194 294 53 l'honneur
2053 1195 94 54 des
2190 1193 231 56 infantes
2451 1195 253 56 défuntes
2735 1211 50 40 et
2815 1199 72 52 où

343 1268 109 53 l'on
499 1268 243 52 s'extasie
785 1287 93 33 sur
920 1268 49 52 la
1011 1265 241 56 fantaisie
1297 1269 94 52 des
1413 1268 133 73 jeux
1588 1269 160 55 d'eau
1776 1284 160 40 avant
1966 1272 68 53 de
2063 1272 287 53 découvrir
2378 1273 49 53 le
2460 1274 200 53 Miroir
2690 1275 90 72 qui
2812 1275 75 52 lui

343 1345 181 54 révéla
564 1364 99 33 son
704 1344 259 55 véritable
1005 1348 200 71 visage,
1250 1345 66 54 de
1360 1367 55 33 se
1457 1347 175 53 lancer
1674 1349 28 52 à
1730 1348 50 52 la
1809 1350 282 70 poursuite
2121 1350 66 52 de
2218 1349 247 74 Gaspard
2495 1352 66 52 de
2590 1352 48 53 la
2667 1352 141 53 Nuit
2836 1366 52 40 et

346 1423 68 53 de
443 1421 225 54 devenir
696 1421 50 53 le
775 1423 230 70 rapsode
1035 1423 68 52 de
1125 1421 313 75 l'Espagne.

499 1500 80 51 Le
625 1498 56 52 fil
731 1499 256 52 d'Ariane
1033 1500 92 73 qui
1170 1500 128 52 relie
1344 1513 151 41 entre
1540 1520 105 34 eux
1689 1503 94 52 des
1833 1503 133 52 états
2012 1503 39 52 si
2096 1503 280 53 différents
2420 1504 66 53 de
2519 1505 49 52 la
2596 1505 291 55 sensibilité

346 1575 258 69 française
633 1588 81 40 est
744 1576 374 54 évidemment
1147 1578 122 71 plus
1299 1579 131 51 ténu
1462 1579 170 72 qu'un
1663 1579 54 52 fil
1762 1579 66 53 de
1871 1580 48 52 la
1960 1580 184 74 vierge
2176 1603 12 43 ;
2234 1581 34 53 il
2314 1583 167 52 existe
2533 1595 255 59 pourtant
2836 1597 52 40 et

344 1654 130 53 c'est
503 1674 74 33 un
609 1654 442 53 divertissement
1080 1655 165 52 subtil
1275 1674 107 55 que
1413 1655 121 53 d'en
1569 1669 283 41 retrouver
1880 1658 49 52 le
1959 1659 330 70 mystérieux
2321 1660 170 74 trajet.
2526 1660 76 52 Ce
2641 1660 221 54 divertis-

346 1744 228 55 sement,
606 1730 291 69 d'ailleurs,
922 1743 82 39 est
1033 1731 319 73 imprudent
1382 1754 13 45 ;
1425 1731 37 52 il
1493 1744 130 61 peut
1654 1733 184 73 égarer
1866 1733 76 53 les
1973 1735 144 51 âmes
2149 1734 219 72 simples
2398 1736 93 73 qui
2520 1736 156 54 n'ont
2695 1738 192 73 jamais

346 1829 63 32 su
440 1809 270 52 discerner
739 1808 50 52 la
818 1808 290 73 technique
1138 1808 67 54 de
1239 1809 170 53 Ravel
1439 1809 67 53 de
1536 1809 131 53 celle
1710 1810 67 52 de
1819 1810 260 74 Debussy
2121 1824 51 39 et
2215 1813 33 50 il
2293 1814 254 51 convient
2590 1814 67 53 de
2700 1834 66 33 ne
2810 1815 78 73 s'y

343 1886 164 54 livrer
553 1885 249 74 qu'entre
847 1886 178 52 initiés
1071 1886 340 52 connaissant
1454 1886 30 52 à
1532 1885 135 55 fond
1712 1888 48 52 la
1806 1888 146 73 règle
1993 1890 72 51 du
2105 1890 114 74 jeu.
2271 1890 151 53 Pour
2467 1891 237 54 l'instant
2747 1913 140 32 nous

347 1964 225 52 n'avons
628 1962 123 74 qu'à
808 1962 324 74 enregistrer
1186 1962 78 54 les
1319 1964 251 52 résultats
1621 1964 94 53 des
1773 1966 130 51 trois
1959 1964 426 54 manifestations
2434 1968 313 73 auxquelles
2803 1989 84 32 ces

343 2040 269 53 créateurs
651 2040 261 52 viennent
958 2040 173 52 d'être
1159 2040 217 52 amenés
1421 2040 446 55 simultanément
1894 2042 27 53 à
1952 2062 54 33 se
2035 2042 162 54 livrer
2228 2063 63 33 en
2338 2045 251 70 présence
2609 2045 67 53 de
2712 2042 174 56 foules

346 2117 415 66 enthousiastes,
793 2115 306 54 déférentes
1128 2136 70 33 ou
1233 2117 366 55 scandalisées.

502 2195 79 52 Le
610 2194 134 72 petit
774 2206 111 41 acte
916 2195 66 51 de
1015 2195 420 52 Franc-Nohain
1466 2214 107 55 que
1609 2195 171 53 Ravel
1821 2215 30 33 a
1891 2197 165 51 choisi
2101 2216 141 53 pour
2284 2195 128 56 faire
2455 2218 83 33 ses
2580 2199 195 53 débuts
2817 2219 69 34 au

344 2271 207 53 théâtre
582 2272 86 51 n'a
699 2290 89 53 pas
817 2291 133 52 paru
996 2271 107 52 très
1145 2271 381 72 spécialement
1567 2272 309 73 prédestiné
1917 2272 28 54 à
1987 2286 82 41 cet
2112 2275 266 52 honneur.
2412 2275 128 53 Une
2583 2277 166 70 partie
2792 2276 92 55 des

347 2360 329 60 spectateurs
708 2347 83 52 n'a
818 2368 76 31 vu
925 2347 132 54 dans
1099 2347 302 55 l'aventure
1443 2349 67 53 de
1552 2349 50 52 la
1642 2349 206 53 chaude
1893 2350 287 72 horlogère
2223 2370 54 34 se
2319 2352 281 52 consolant
2641 2371 128 35 avec
2811 2374 73 32 un

348 2426 367 72 déménageur
744 2425 68 52 de
841 2423 48 54 la
920 2423 236 74 frigidité
1185 2425 94 53 des
1310 2426 144 52 deux
1481 2426 207 72 galants
1719 2426 196 74 qu'elle
1946 2429 170 52 s'était
2147 2426 91 55 fait
2281 2429 225 53 coltiner
2525 2429 221 73 jusqu'à
2787 2451 96 32 son

348 2502 78 68 lit,
473 2502 172 73 qu'un
697 2502 303 52 minuscule
1045 2501 310 53 vaudeville
1465 2503 476 74 pornographique
2045 2505 95 70 (sic
2172 2505 38 71 !)
2262 2506 174 52 tandis
2492 2525 107 55 que
2655 2507 231 52 d'autres

348 2580 299 67 auditeurs,
691 2578 122 73 plus
858 2578 332 74 indulgents,
1237 2591 98 42 ont
1385 2580 120 52 bien
1552 2580 172 53 voulu
1776 2583 332 51 reconnaître
2157 2601 106 54 que
2318 2603 57 33 ce
2430 2582 456 55 lever-de-rideau

351 2675 171 48 conçu
551 2656 134 53 dans
723 2675 108 33 une
874 2652 174 56 forme
1087 2656 92 72 qui
1214 2656 157 72 pince
1409 2676 119 33 sans
1569 2657 103 52 rire
1710 2669 68 55 et,
1810 2670 122 60 trop
1971 2671 235 39 souvent
2246 2658 161 69 hélas,
2432 2679 120 33 sans
2595 2657 127 56 faire
2764 2661 120 67 rire,

352 2735 100 52 dut
482 2733 167 68 avoir,
673 2752 69 33 au
771 2745 248 40 moment
1042 2732 66 53 de
1133 2752 97 33 son
1254 2732 360 70 adolescence,
1645 2754 74 33 un
1750 2733 146 74 léger
1919 2732 215 75 parfum
2155 2735 317 68 d'humour,
2496 2737 110 52 vite
2637 2737 249 71 évaporé,

353 2830 108 34 une
492 2822 143 41 sorte
664 2810 68 52 de
997 2810 75 52 du
1358 2822 409 60 promptement
1796 2810 198 54 enfuie.
2027 2812 328 67 L'humour,
2387 2812 285 69 d'ailleurs,
2707 2815 181 53 n'était

350 2909 92 52 pas
471 2888 50 54 la
548 2886 260 54 véritable
836 2887 250 53 vocation
1118 2888 66 52 de
1213 2887 212 56 l'adroit
1456 2887 226 53 ciseleur
1712 2888 94 52 des
1835 2888 233 52 Poèmes
2096 2890 288 72 amorphes
2413 2914 12 44 ;
2460 2910 55 33 ce
2548 2911 65 32 ne
2643 2890 84 54 fut
2756 2892 130 52 chez

350 2966 76 52 lui
457 2966 171 72 qu'un
658 2964 239 53 accident
927 2964 66 53 de
1020 2963 274 74 jeunesse.
1330 2964 42 51 Il
1413 2964 148 53 suffit
1595 2964 66 53 de
1703 2966 121 51 voir
1861 2966 366 72 aujourd'hui,
2257 2986 128 33 avec
2423 2968 125 71 quel
2592 2968 207 52 sérieux
2836 2968 51 54 le

350 3041 207 75 pupille
605 3041 340 71 d'Alphonse
993 3041 171 52 Allais
1212 3060 54 33 se
1313 3060 251 34 consacre
1612 3060 67 31 au
1727 3041 319 54 classement
2091 3043 67 52 de
2208 3042 160 53 fiches
2407 3044 292 73 politiques
2749 3065 139 52 pour

350 3118 359 74 comprendre
738 3137 98 33 son
865 3118 113 52 vrai
1007 3118 412 71 tempérament.
1451 3118 75 52 Et
1556 3118 124 71 plus
1710 3118 133 52 d'un
1885 3119 66 52 de
1995 3138 83 33 ses
2122 3121 133 52 amis
2304 3133 292 60 regrettera
2638 3122 249 72 toujours

350 3196 287 53 l'abandon
671 3194 65 54 de
766 3213 85 33 ces
940 3194 188 52 Flûtes
1216 3194 134 52 dont
1379 3194 36 51 il
1435 3194 181 74 jouait
1637 3213 66 33 en
1726 3196 262 68 virtuose,
2013 3215 66 33 en
2103 3193 190 56 faveur
2314 3198 75 52 du
2415 3197 152 52 banal
2590 3198 294 54 accordéon

353 3293 107 55 que
490 3285 122 40 tout
642 3272 49 53 le
723 3271 201 53 monde
953 3286 132 57 peut
1115 3271 160 52 étirer
1303 3291 129 33 avec
1461 3292 71 32 un
1567 3271 116 72 égal
1712 3273 197 52 succès.

512 3349 248 52 Maurice
786 3348 171 52 Ravel
986 3348 139 52 a-t-il
1159 3348 83 52 été
1274 3348 118 52 bien
1437 3349 198 71 inspiré
1678 3368 65 32 en
1786 3349 279 71 adoptant,
2096 3370 139 52 pour
2277 3370 98 33 son
2418 3352 231 71 premier
2677 3371 211 53 voyage

350 3428 229 74 lyrique,
625 3446 72 33 un
746 3424 71 54 tel
864 3443 338 54 compagnon
1255 3424 67 54 de
1369 3436 158 40 route
1564 3424 19 54 ?
1628 3425 66 68 Je
1744 3445 66 33 ne
1856 3446 86 32 me
1988 3427 307 71 permettrai
2343 3446 92 52 pas
2483 3428 66 52 de
2595 3427 291 54 l'affirmer.

357 3506 296 53 Monsieur
684 3502 222 54 Goubin
943 3514 204 40 connut
1189 3502 76 52 les
1310 3499 157 55 affres
1523 3500 76 54 du
1645 3502 168 53 doute
1857 3522 67 33 au
1971 3516 245 39 moment
2266 3503 239 53 d'élever
2552 3504 334 54 Paul-Louis

355 3583 228 55 Courier
612 3580 27 54 à
667 3580 50 53 la
746 3579 205 73 dignité
982 3578 130 53 d'un
1198 3578 107 52 bon
1330 3578 141 74 sujet
1500 3578 67 53 de
1598 3578 151 53 thèse
1832 3601 12 44 ;
1884 3579 34 52 il
1950 3598 53 35 se
2034 3580 301 53 consumait
2364 3580 131 54 dans
2525 3580 362 55 l'incertitude

350 3673 54 41 et
433 3659 112 54 s'en
577 3657 213 54 ouvrait
822 3653 401 76 fréquemment
1254 3653 26 53 à
1313 3654 295 53 Monsieur
1639 3655 256 71 Bergeret
1927 3655 91 73 qui
2058 3657 127 52 était
2224 3657 66 52 de
2329 3657 107 52 bon
2479 3657 219 53 conseil.
2732 3657 43 52 Il
2820 3676 68 34 ne
