3017 4252
1211 290 119 69 LE
1399 288 246 71 MOIS

2586 290 102 85 6g

159 434 67 53 de
281 434 527 75 l'Opéra-Comique
863 448 147 61 prêts
1063 434 29 55 à
1147 436 325 69 considérer,
1528 454 127 35 avec
1716 456 74 33 un
1848 435 198 73 mépris
2102 447 328 61 protecteur,
2484 435 209 54 YHeure

156 513 282 71 Espagnole
466 533 212 33 comme
708 533 106 34 une
844 514 245 72 opérette
1125 514 359 74 compliquée.
1527 513 42 52 Il
1600 525 80 42 est
1710 514 106 52 très
1854 513 223 53 évident
2119 533 106 55 que
2258 525 136 41 cette
2437 513 254 72 partition

159 589 259 54 demeure
463 610 107 33 une
616 588 253 57 friandise
916 590 254 53 musicale
1218 590 572 53 extraordinairement
1839 609 330 34 savoureuse
2220 603 52 40 et
2327 609 123 55 que,
2500 589 191 72 depuis

222 668 191 52 Pelléas
535 668 79 52 les
642 679 283 61 gourmets
954 668 69 53 de
1052 668 48 52 la
1129 668 252 73 musique
1425 668 266 52 n'avaient
1734 685 90 54 pas
1854 666 83 54 été
1967 666 27 54 à
2023 666 215 73 pareille
2280 664 124 56 fête.
2440 666 75 52 Ce
2554 666 137 52 n'est

159 763 90 52 pas
280 744 132 53 dans
442 758 139 39 cette
610 764 166 34 revue
805 744 132 75 qu'il
984 758 79 40 est
1110 745 290 52 nécessaire
1445 744 67 53 de
1542 744 277 73 souligner
1860 744 76 53 les
1965 744 218 53 mérites
2214 744 315 72 techniques
2559 744 134 52 d'un

156 817 192 74 parfait
379 821 260 52 musicien
668 821 28 52 à
725 821 93 74 qui
863 840 138 33 nous
1044 821 210 52 devons
1297 820 118 75 déjà
1457 833 114 40 tant
1613 821 66 54 de
1710 820 329 53 réalisations
2082 820 332 72 accomplies.
2448 820 153 52 Tout
2642 819 51 53 le

156 897 205 54 monde
390 918 29 33 a
449 899 124 53 loué
601 897 51 54 le
742 899 190 53 métier
1024 899 364 53 étourdissant
1418 897 67 55 de
1513 918 57 33 ce
1599 899 135 71 petit
1763 918 240 52 ouvrage
2032 910 52 41 et
2114 918 27 32 a
2168 899 175 53 rendu
2365 896 215 74 justice,
2623 917 66 33 en

156 974 327 72 particulier,
532 975 28 53 à
606 994 98 34 son
751 975 387 53 orchestration
1183 975 92 74 qui
1326 986 80 41 est
1456 994 106 33 une
1609 974 276 53 merveille
1931 974 381 73 d'ingéniosité
2355 986 51 41 et
2449 974 240 71 d'esprit.

155 1051 55 52 A
236 1051 323 74 l'exception
591 1052 66 53 de
686 1052 132 69 Jean
851 1052 202 68 Périer,
1085 1051 282 74 splendide
1409 1051 261 54 d'aisance
1701 1064 52 41 et
1782 1051 66 54 de
1884 1049 257 69 fantaisie,
2172 1051 75 52 les
2289 1051 402 73 pensionnaires

159 1129 69 52 de
263 1129 61 50 M
333 1134 16 20 r
379 1129 191 53 Albert
611 1130 161 52 Carré
803 1143 98 39 ont
930 1126 93 56 fait
1053 1149 203 52 preuve
1287 1130 165 51 d'une
1646 1129 200 52 comica
1942 1148 75 31 un
2047 1148 105 52 peu
2196 1126 493 55 conventionnelle.

160 1205 68 52 M
234 1202 41 28 lle
302 1206 106 52 Vix
450 1218 52 41 et
539 1206 67 52 M
668 1206 294 67 Coulomb,
1006 1225 66 33 en
1114 1205 323 73 particulier,
1480 1218 96 40 ont
1618 1202 94 55 fait
1753 1205 76 52 les
1871 1204 122 73 plus
2021 1205 241 53 louables
2305 1205 131 51 mais
2464 1202 76 54 les
2569 1204 124 71 plus

156 1284 221 52 visibles
421 1282 186 55 efforts
652 1304 138 52 pour
831 1284 419 73 communiquer
1292 1284 28 53 à
1360 1284 144 52 leurs
1546 1301 364 54 personnages
1970 1303 103 31 une
2115 1282 139 73 gaîté
2285 1282 91 73 qui
2417 1281 274 52 n'habitait

156 1361 154 71 point
339 1360 120 53 leur
487 1381 163 32 cœur.

311 1439 79 52 Le
436 1437 258 73 spectacle
744 1439 127 52 était
918 1437 271 73 complété
1235 1456 91 54 par
1373 1436 50 53 la
1465 1436 199 72 reprise
1707 1436 66 52 de
1835 1435 205 53 Thérèse
2044 1479 12 23 ,
2103 1455 239 52 ouvrage
2387 1435 195 52 vériste
2637 1446 53 41 et

156 1512 298 76 élégiaque,
498 1515 288 72 emprunté
831 1534 67 33 au
948 1515 296 71 répertoire
1291 1513 368 74 monégasque
1708 1525 52 41 et
1807 1512 464 52 immédiatement
2318 1511 197 70 adopté
2562 1530 128 32 avec

156 1592 406 52 enthousiasme
617 1611 93 52 par
763 1591 77 53 les
894 1591 240 53 abonnés
1190 1591 68 52 de
1308 1602 154 41 notre
1510 1590 233 53 seconde
1787 1590 154 52 scène
1995 1588 228 74 lyrique.
2281 1587 207 60 Quand
2543 1607 70 32 on
2661 1606 29 32 a

155 1670 310 52 conscience
511 1670 67 53 de
623 1670 370 72 l'importance
1025 1668 297 74 historique
1353 1668 66 52 de
1453 1668 300 65 Massenet,
1785 1667 181 73 quand
1997 1686 71 32 on
2097 1667 136 51 aime
2263 1685 80 33 ses
2374 1665 315 52 délicieuses

156 1746 167 52 suites
369 1747 431 74 symphoniques
844 1747 92 74 qui
965 1747 352 52 contiennent
1359 1765 107 32 une
1496 1745 126 53 sève
1651 1743 254 54 musicale
1936 1743 40 52 si
2008 1762 177 33 neuve
2215 1753 52 41 et
2296 1742 41 51 si
2366 1741 322 67 abondante,

155 1823 183 73 quand
385 1844 71 31 on
501 1844 29 31 a
577 1823 76 54 du
697 1835 207 59 respect
950 1842 140 54 pour
1139 1822 233 72 l'apport
1415 1822 278 72 artistique
1735 1820 366 53 considérable
2144 1818 66 52 de
2252 1837 56 33 ce
2338 1817 350 74 polygraphe,

155 1898 184 75 quand
370 1920 71 33 on
470 1912 243 41 constate
742 1901 48 52 le
830 1900 111 53 rôle
972 1897 197 56 décisif
1188 1898 133 75 qu'il
1352 1920 27 32 a
1400 1898 134 73 joué
1566 1900 132 52 dans
1729 1911 155 39 notre
1913 1897 253 72 musique
2195 1896 282 64 nationale,
2507 1893 182 74 quand

156 1997 72 32 on
259 1988 134 61 peut
421 1977 355 72 s'apercevoir
805 1978 28 52 à
863 1977 146 53 mille
1040 1977 188 53 détails
1260 1974 229 75 fugitifs,
1520 1976 68 52 de
1617 1976 260 73 l'exquise
1906 1973 293 54 sensibilité
2228 1972 244 53 d'oreille
2501 1972 67 52 de
2609 1982 82 42 cet

158 2053 223 54 homme
410 2054 92 73 qui
534 2053 189 55 affecte
752 2067 258 60 pourtant
1040 2053 68 54 de
1137 2074 307 47 conserver,
1475 2072 67 33 au
1575 2052 187 52 milieu
1792 2052 68 52 de
1881 2049 321 55 l'évolution
2229 2048 457 71 contemporaine,

159 2150 108 33 une
313 2131 323 54 immobilité
685 2132 68 53 de
802 2131 335 73 paralytique
1184 2131 235 72 général,
1470 2150 68 33 on
1598 2129 241 73 éprouve
1886 2147 107 33 une
2039 2140 224 58 stupeur
2317 2124 251 73 indignée
2624 2145 64 31 en

158 2207 254 72 présence
460 2208 165 53 d'une
673 2209 251 72 partition
977 2209 75 54 du
1100 2227 165 54 genre
1294 2207 68 53 de
1405 2206 221 54 celle-ci.
1661 2206 146 52 Mais
1856 2225 64 33 ne
1980 2223 139 33 nous
2167 2203 390 52 abandonnons
2601 2221 90 52 pas

156 2305 105 31 aux
316 2297 300 60 transports
659 2286 168 53 d'une
883 2286 168 52 sainte
1081 2284 188 54 colère.
1305 2284 234 52 Suivons
1583 2282 181 72 plutôt
1791 2281 283 72 l'exemple
2105 2281 92 52 des
2228 2279 82 52 fils
2340 2292 353 58 respectueux

158 2362 66 52 de
254 2362 141 67 Noé,
428 2375 69 54 et,
525 2363 273 52 marchant
838 2362 28 53 à
907 2362 267 67 reculons,
1195 2361 183 73 jetons
1423 2361 398 72 pudiquement
1865 2371 152 40 notre
2047 2369 251 41 manteau
2332 2375 91 33 sur
2451 2367 83 41 cet
2562 2353 110 53 affli-

155 2451 163 61 geant
348 2439 275 71 spectacle.

314 2515 222 53 Hâtons
584 2536 138 33 nous
767 2515 272 54 d'ailleurs
1095 2514 67 54 de
1212 2526 181 59 porter
1439 2526 155 40 notre
1641 2513 194 71 pensée
1879 2531 91 33 sur
2000 2531 70 31 un
2105 2510 122 72 plus
2257 2508 163 74 digne
2449 2508 147 72 objet
2624 2528 62 32 en

158 2592 200 53 offrant
385 2613 69 32 au
813 2594 239 69 Martyre
1346 2594 59 51 de
1552 2593 421 53 Saint-Sébastien
1313 2612 75 32 un
1433 2590 167 54 dévot
1642 2590 289 72 hommage
1973 2607 105 53 que
2121 2588 76 51 les
2246 2587 332 52 dimensions
2623 2585 67 52 de

158 2682 137 39 cette
325 2669 298 73 chronique
653 2669 262 53 rendront
946 2668 452 72 provisoirement
1428 2667 282 72 laconique
1739 2678 53 41 et
1821 2664 309 71 incomplet.
2163 2660 227 55 L'effort
2439 2660 137 54 d'art
2624 2660 67 54 de

159 2745 378 69 d'Annunzio,
568 2747 168 52 Bakst
763 2758 53 41 et
846 2747 259 72 Debussy
1136 2745 188 52 mérite
1354 2764 105 32 une
1490 2743 162 53 étude
1680 2740 357 74 approfondie
2065 2752 52 42 et
2147 2739 245 55 détaillée
2420 2736 128 75 qu'il
2580 2757 113 33 sera

159 2823 150 53 doux
339 2823 220 53 d'écrire
590 2823 25 53 à
645 2823 164 53 loisir.
844 2824 154 53 Cette
1030 2843 189 32 œuvre
1250 2822 237 73 étrange,
1519 2822 132 52 d'un
1683 2819 138 74 style
1851 2820 255 65 inconnu,
2159 2836 65 33 ne
2274 2827 241 42 rentrant
2559 2814 131 53 dans

159 2918 211 34 aucune
399 2900 268 71 catégorie
696 2913 51 38 et
779 2919 65 33 ne
874 2912 301 59 respectant
1204 2918 208 34 aucune
1444 2896 191 69 forme,
1666 2917 30 32 a
1724 2896 265 53 vraiment
2035 2914 75 33 un
2157 2893 257 53 caractère
2464 2891 195 52 miracu-

159 2976 128 53 leux
315 2998 10 32 :
358 2976 101 54 elle
488 2978 229 71 possède
751 2997 104 33 une
885 2975 144 55 force
1059 2976 374 68 surnaturelle,
1465 2974 101 53 elle
1595 2994 28 33 a
1654 2994 72 33 un
1758 2987 184 52 secret,
1974 2971 100 54 elle
2102 2970 192 53 choisit
2322 2989 84 33 ses
2446 2969 244 53 victimes

163 3054 167 71 parmi
361 3053 76 53 les
468 3054 279 52 auditeurs
777 3051 338 55 indifférents
1146 3073 73 32 ou
1250 3053 221 72 surpris,
1697 3050 129 52 haut
1876 3048 113 68 ciel,
2036 3048 99 52 elle
2180 3045 134 53 fond
2343 3065 92 33 sur
2467 3064 119 48 eux,
2616 3044 75 52 les

163 3131 145 52 saisit
337 3150 213 33 comme
578 3129 178 75 l'aigle
786 3128 350 76 foudroyant,
1167 3143 51 39 et
1247 3130 77 52 les
1345 3142 245 58 emporte
1613 3129 131 52 dans
1766 3126 76 54 les
1865 3126 325 52 battements
2210 3125 66 51 de
2295 3143 52 32 sa

162 3208 233 52 Aucune
424 3206 216 73 analyse
670 3227 67 31 ne
766 3206 240 54 décèlera
1033 3227 57 33 ce
1137 3208 250 71 magique
1416 3205 235 53 élément
1680 3204 68 52 de
1777 3201 338 55 domination
2147 3200 129 52 mais
2300 3213 123 39 tous
2446 3217 132 34 ceux
2600 3196 93 73 qui

163 3298 95 39 ont
290 3284 138 52 suivi
460 3284 67 52 de
556 3284 121 72 près
706 3284 49 52 la
784 3298 122 58 trop
934 3298 186 38 courte
1151 3284 132 52 série
1313 3284 68 52 de
1409 3303 83 33 ces
1537 3281 354 54 inoubliables
1936 3277 449 74 représentations
2432 3285 261 62 pourront

163 3361 129 54 citer
322 3360 94 53 des
447 3360 272 71 exemples
750 3361 66 52 de
847 3379 56 33 ce
931 3379 142 52 coup
1104 3360 66 52 de
1202 3357 212 69 foudre,
1445 3359 67 52 de
1541 3370 138 41 cette
1724 3356 294 54 révélation
2063 3352 258 54 soudaine
2351 3350 287 53 semblable
2667 3368 26 33 a

163 3436 405 54 l'illumination
616 3436 186 52 divine
847 3437 94 53 des
990 3437 368 67 conversions,
1407 3448 54 39 et
1510 3454 66 33 ne
1626 3454 54 32 se
1722 3431 395 55 souviendront
2148 3449 89 52 pas
2266 3446 118 33 sans
2417 3445 105 33 une
2550 3437 143 40 sorte

164 3512 380 64 d'inquiétude
558 3512 383 64 rétrospective
957 3512 67 52 de
1038 3533 82 33 ces
1134 3533 83 31 cas
1236 3511 441 55 d'hallucination
1694 3509 228 53 extasiée
1946 3528 53 31 se
2020 3506 264 52 déclarant
2304 3504 389 71 brusquement

1696 3586 8 8 •
2133 3582 9 15 1
2154 3582 10 17 )
2183 3582 7 16 f
2570 3577 30 20 1*

163 3592 133 55 chez
315 3611 74 34 un
409 3591 252 52 auditeur
680 3603 50 39 et
762 3590 311 72 l'obligeant
1098 3589 26 52 à
1151 3590 228 66 revenir,
1401 3590 205 71 chaque
1631 3587 123 68 soir,
1778 3586 334 69 contempler
2133 3586 12 47 1
2171 3591 259 42 étonnant
2453 3586 238 64 prodige.

167 3670 44 52 Il
244 3669 88 73 n'y
361 3680 94 41 eut
487 3685 89 53 pas
606 3666 66 52 de
703 3664 218 55 ferveur
949 3666 300 67 collective,
1279 3685 70 33 on
1383 3684 65 33 ne
1477 3676 257 41 retrouva
1764 3681 89 52 pas
1877 3661 75 51 les
1981 3660 248 51 cohortes
2263 3653 315 55 habituelles
2597 3653 96 52 des
