3017 4252
1477 297 63 69 S.
1610 297 54 69 I.
1734 294 108 69 M.

401 335 105 69 94

402 457 244 50 Henriette
675 471 60 30 en
779 451 147 64 1908,
957 462 45 34 et
1041 448 184 47 Aliènor
1249 462 60 31 en
1343 460 58 47 19
1414 458 74 32 10.
1531 440 93 49 Ces
1653 438 252 63 spectacles
1942 447 84 37 ont
2064 434 74 47 été
2163 434 56 46 de
2257 433 90 47 très
2374 433 340 62 remarquables
2749 449 183 31 œuvres

398 529 119 49 d'art
561 526 215 48 réalisant
815 520 276 50 l'ensemble
1131 518 43 47 le
1201 517 102 62 plus
1347 514 312 47 harmonieux
1686 522 48 35 et
1759 510 42 46 le
1828 508 103 63 plus
1970 505 228 49 cohérent
2241 504 279 47 d'éléments
2561 504 251 61 expressifs.
2841 504 91 47 Les

401 613 259 34 ressources
694 593 286 48 décoratives
1005 602 47 35 et
1079 590 54 45 de
1173 604 114 30 mise
1315 603 58 28 en
1400 602 137 29 scene
1564 583 63 45 du
1665 583 178 44 theatre
1870 590 107 35 sont
2002 594 34 29 si
2064 575 295 60 essentielles,
2387 592 33 29 si
2446 573 180 62 souples
2652 585 45 33 et
2732 590 33 30 si
2805 590 98 30 com-

402 670 161 63 plètes,
590 665 303 61 l'acoustique
920 661 108 47 s'est
1056 656 216 50 montrée
1298 656 26 47 à
1350 654 313 62 l'experience
1688 654 35 44 si
1761 653 241 55 heureuse,
2030 664 89 44 que
2145 646 14 46 1
2182 646 99 46 idee
2308 658 67 34 est
2402 661 150 28 venue
2579 642 358 47 naturellement

402 741 25 47 à
451 758 69 30 ses
540 738 275 48 fondateurs
841 731 79 66 d'y
947 730 290 64 représenter
1264 729 56 45 de
1348 726 198 64 grandes
1569 740 185 31 œuvres
1778 720 220 66 lyriques.
2029 717 130 49 C'est
2196 717 116 46 ainsi
2339 733 87 44 que
2455 714 212 62 l'Orphée
2692 714 55 45 de
2774 712 161 50 Gluck

402 830 30 44 y
458 828 99 30 sera
583 805 204 61 donnée,
816 804 65 47 du
933 818 16 31 I
983 820 60 29 au
1076 800 57 48 18
1174 799 156 64 juillet
1366 797 241 63 prochain,
1645 810 112 31 avec
1796 792 42 46 le
1884 805 228 32 concours
2158 787 26 46 d
2205 799 178 35 artistes
2420 802 58 30 en
2523 802 87 28 vue
2638 785 55 45 de
2722 785 12 44 1
2756 783 182 61 Opera-

404 882 237 60 Comique
682 890 47 34 et
774 876 63 47 du
879 874 169 49 Grand
1090 871 164 62 Opéra
1297 870 57 45 de
1396 867 139 48 Paris.
1579 866 78 48 M.
1705 863 211 50 Gustave
1959 860 153 48 Doret
2152 860 195 61 dirigera
2387 874 75 30 ces
2502 856 386 62 représentations
2924 876 13 37 ;

406 952 76 47 M.
514 948 137 50 René
680 947 176 47 Morax
887 956 69 36 est
982 942 170 64 chargé
1180 942 56 46 de
1264 940 100 47 leur
1391 938 116 47 mise
1533 955 60 28 en
1620 935 155 60 scène,
1805 945 46 35 et
1879 931 77 48 M.
1985 931 187 47 Lucien
2192 928 274 64 Jusseaume
2487 926 79 47 des
2591 926 174 47 décors.
2793 923 145 48 Enfin

404 1041 68 31 un
514 1018 176 51 comité
740 1018 57 47 de
837 1028 252 51 patronage
1145 1013 62 47 où
1255 1011 207 63 figurent
1503 1007 314 48 d'éminentes
1857 1001 333 64 personnalités
2233 999 260 61 artistiques
2543 1008 46 36 et
2632 1015 89 44 que
2765 997 175 61 présidé

407 1095 79 47 M.
515 1089 203 53 Camille
745 1087 301 51 Saint-Saëns
1071 1101 152 32 assure
1250 1082 290 60 l'entreprise
1566 1079 58 46 de
1648 1095 85 30 son
1758 1075 155 63 appui.

2420 1164 58 49 E.
2507 1166 294 45 Ansermet.

759 2967 129 28 (Croquis
905 2965 32 24 de
955 2964 101 23 Lucien
1074 2962 184 25 Jusseaume.)
