3017 4252
1480 277 63 70 S.
1610 277 56 73 I.
1733 278 110 73 M.

397 294 111 64 44

396 417 305 60 directeur
733 417 66 62 fit
835 420 188 60 choix
1063 444 155 59 pour
1265 424 266 58 installer
1581 427 55 57 le
1684 447 280 38 nouveau
2014 429 218 57 maitre
2282 428 143 61 dans
2474 451 86 39 ses
2608 429 325 65 fonctions.

399 508 162 58 Mon
597 508 141 81 père
773 512 163 58 avoit
973 533 141 60 reçu
1149 513 72 58 de
1256 515 53 58 la
1345 529 212 45 nature
1592 529 198 46 toutes
1816 518 82 57 les
1926 515 259 83 qualités
2212 520 266 81 requises
2505 543 154 59 pour
2687 526 252 78 remplir

395 617 145 39 avec
575 599 354 60 distinction
967 623 81 37 un
1084 604 80 57 tel
1199 620 189 64 poste.
1429 607 104 57 Un
1569 606 152 58 beau
1774 607 326 81 physique,
2160 631 83 37 un
2296 612 296 57 maintien
2646 612 180 60 noble
2878 628 57 45 et

395 688 293 73 modeste,
724 712 81 36 un
840 711 147 60 sang
1020 691 160 61 froid
1213 694 500 80 imperturbable,
1743 719 82 36 un
1862 719 170 38 cœur
2066 698 262 73 brûlant,
2358 722 78 36 un
2467 722 169 37 cœur
2671 702 264 61 d'artiste

393 773 162 61 enfin
583 777 10 58 !
632 800 83 35 un
763 780 151 78 goût
948 783 235 79 exquis,
1219 785 55 56 la
1308 786 429 58 connoissance
1773 787 217 57 intime
2025 787 74 59 de
2132 802 136 45 tous
2301 790 81 58 les
2417 808 218 41 secrets
2685 792 71 59 de
2804 792 131 60 l'art

392 868 278 69 musical,
726 884 136 44 tous
898 891 96 38 ces
1028 871 148 60 dons
1211 871 201 62 réunis
1446 872 176 63 firent
1657 876 71 59 de
1763 877 86 58 lui
1884 879 54 57 le
1973 880 134 79 plus
2140 877 221 83 parfait
2414 881 100 60 des
2566 884 244 58 maitres
2862 884 74 59 de

392 957 301 80 musique.
734 959 169 58 Mais
938 980 68 38 ce
1034 962 107 78 qui
1177 962 272 79 toujours
1482 965 86 57 lui
1602 968 167 57 valut
1821 968 53 57 le
1933 969 134 80 plus
2122 968 282 82 d'éloges,
2458 985 87 45 est
2602 973 130 58 l'art
2787 994 146 40 avec

391 1046 203 80 lequel
630 1049 42 57 il
705 1050 191 57 savoit
932 1070 60 39 se
1023 1049 152 61 faire
1210 1053 236 59 oublier
1501 1055 81 59 du
1637 1055 209 81 public
1903 1073 59 43 et
2019 1059 88 57 lui
2160 1058 254 62 dérober
2469 1062 81 58 les
2605 1060 194 62 fautes
2852 1064 81 60 du

388 1134 244 61 théâtre
667 1152 58 44 et
760 1138 73 58 de
867 1139 374 74 l'orchestre,
1276 1143 217 59 mérite
1529 1145 594 63 malheureusement
2164 1163 137 69 trop
2354 1173 126 36 rare
2530 1153 202 60 même
2781 1153 154 61 chez

387 1246 108 39 nos
528 1228 135 79 plus
698 1227 263 61 célèbres
995 1230 427 75 conducteurs,
1482 1256 99 35 car
1637 1251 277 57 souvent,
1971 1239 53 56 la
2083 1241 355 58 conscience
2495 1241 73 58 de
2620 1244 131 58 leur
2804 1247 126 56 vrai

386 1317 189 58 talent
608 1318 130 57 leur
772 1319 225 80 inspire
1053 1322 53 57 le
1141 1319 158 61 désir
1354 1322 73 60 de
1459 1326 55 56 le
1545 1322 151 62 faire
1738 1347 350 61 remarquer
2135 1351 76 37 au
2259 1331 232 80 public,
2542 1354 130 38 sans
2720 1355 213 60 penser

387 1427 118 60 que
540 1429 107 59 par
682 1429 68 38 ce
783 1407 111 60 fait
929 1411 70 57 ils
1034 1409 332 61 détruisent
1413 1427 170 45 toute
1633 1416 290 58 l'illusion
1973 1416 310 84 scénique,
2334 1421 69 58 ils
2453 1421 275 61 oublient
2777 1426 154 60 alors

386 1497 193 81 qu'un
616 1498 118 59 bon
772 1498 154 60 chef
950 1500 391 75 d'orchestre,
1378 1503 128 60 doit
1540 1506 126 57 être
1702 1528 243 38 comme
1981 1531 80 36 un
2095 1511 192 79 pilote
2310 1510 201 60 habile
2538 1515 129 79 qui,
2704 1536 73 37 au
2803 1514 123 62 fort

385 1587 73 57 de
491 1589 54 57 la
581 1589 290 80 tempête,
907 1587 110 61 fait
1051 1592 134 79 agir
1216 1611 107 39 son
1359 1596 355 76 gouvernail
1749 1618 128 38 sans
1911 1619 107 60 par
2051 1619 86 38 ses
2171 1601 116 57 cris
2320 1603 221 57 avertir
2575 1603 80 58 du
2700 1604 228 81 danger

383 1677 82 59 les
500 1699 304 60 passagers
838 1694 58 43 et
929 1681 83 59 les
1046 1681 294 60 conduire
1374 1705 75 37 au
1486 1700 156 65 port.

562 1769 89 57 La
686 1766 312 63 confiance
1031 1770 80 60 du
1147 1773 304 58 directeur
1484 1796 73 35 en
1594 1797 146 37 mon
1778 1775 148 60 Père
1959 1778 393 61 s'accroissoit
2387 1780 73 59 de
2484 1783 145 79 jour
2660 1804 74 39 en
2759 1784 163 80 jour,

378 1858 43 58 il
454 1872 98 45 sut
586 1879 73 38 en
693 1858 252 82 profiter
978 1883 157 59 pour
1166 1860 148 61 faire
1368 1881 361 64 augmenter
1763 1882 57 44 et
1848 1867 317 61 améliorer
2199 1891 103 38 son
2340 1872 327 62 orchestre.
2711 1876 210 64 Quant

377 1968 119 38 aux
529 1949 399 60 instruments
961 1949 32 61 à
1026 1967 168 57 vent,
1228 1954 42 57 il
1305 1975 75 36 ne
1413 1957 259 79 pouvoit
1707 1957 230 80 malgré
1987 1980 106 38 son
2144 1958 157 61 désir
2348 1984 38 58 y
2437 1984 231 59 penser,
2720 1986 99 38 car
2867 1967 55 58 le

377 2058 119 60 peu
532 2039 260 80 qu'alors
827 2062 152 37 nous
1013 2064 73 35 en
1121 2044 210 58 avions
1366 2065 71 37 en
1478 2044 250 73 France,
1765 2044 152 61 étoit
1952 2047 183 60 d'une
2168 2047 271 64 faiblesse
2475 2051 414 84 désespérante
2906 2053 13 28 1

376 2144 238 44 surtout
649 2127 120 62 fort
805 2154 119 58 peu
961 2133 319 73 musicien,
1317 2132 207 61 défaut
1561 2137 106 80 qui
1702 2137 132 59 s'est
1868 2137 293 83 perpétué
2196 2161 158 40 assez
2387 2144 350 82 longtemps
2771 2146 152 60 chez

374 2218 84 59 les
493 2220 231 58 artistes
757 2243 73 36 en
866 2243 68 36 ce
969 2243 184 59 genre
1187 2239 57 43 et
1282 2225 107 80 qui
1423 2226 98 57 n'a
1556 2226 359 61 commencé
1952 2227 30 60 à
2017 2227 378 83 disparoitre,
2431 2254 118 60 que
2607 2234 212 81 depuis
2867 2236 56 59 la

376 2307 268 61 création
682 2311 72 57 de
788 2326 176 45 notre
998 2311 235 61 célèbre
1267 2318 446 58 conservatoire
1749 2318 72 58 de
1858 2320 282 80 musique
2164 2345 14 47 ;
2230 2338 178 43 avant
2458 2338 159 44 cette
2652 2324 267 60 création

374 2419 153 40 nous
561 2398 196 62 étions
791 2423 257 61 presque
1083 2403 274 81 toujours
1393 2404 234 82 obligés
1661 2406 74 59 de
1761 2422 219 45 mettre
2006 2409 409 83 l'Allemagne
2442 2412 30 58 à
2500 2414 417 60 contribution

374 2511 157 59 pour
564 2493 171 57 avoir
767 2493 81 58 les
884 2495 231 57 artistes
1148 2509 58 45 et
1241 2497 83 57 les
1360 2497 395 59 instruments
1783 2498 71 58 de
1911 2514 160 45 cette
2124 2499 232 83 espèce,
2410 2526 81 35 un
2549 2506 127 58 seul
2732 2506 150 58 abon-

373 2578 211 61 doient
618 2580 146 60 dans
796 2582 370 75 l'orchestre,
1202 2583 209 61 c'étoit
1445 2587 53 57 le
1534 2587 305 73 hautbois,
1874 2589 41 57 il
1950 2611 37 58 y
2022 2612 73 36 en
2137 2592 164 58 avoit
2351 2592 158 72 huit,
2555 2594 108 80 j'ai
2718 2596 200 58 même

363 2669 63 80 je
459 2671 54 58 le
550 2673 157 57 crois
743 2673 268 60 entendu
1046 2674 129 59 dire
1225 2677 149 80 qu'il
1430 2674 95 61 fut
1583 2700 79 37 un
1718 2692 198 69 temps
1968 2678 80 61 où
2105 2702 68 38 ce
2230 2682 255 60 nombre
2542 2683 150 61 étoit
2744 2685 174 82 porté

360 2758 252 83 jusques
646 2761 31 59 à
722 2782 92 40 12.
823 2761 16 26 2
875 2763 89 59 Le
998 2763 287 61 hautbois
1319 2766 153 60 étoit
1496 2766 100 61 dès
1622 2768 349 83 longtemps
2005 2793 79 35 un
2119 2772 369 60 instrument
2530 2773 279 84 employé
2846 2775 72 59 de

371 2847 402 83 prédilection
810 2852 144 60 dans
989 2869 197 44 toutes
1220 2857 82 57 les
1336 2859 462 71 circonstances,
1825 2856 78 61 où
1939 2860 142 60 dans
2116 2862 53 59 le
2216 2881 71 61 17
2292 2870 18 22 e
2334 2862 201 74 siècle,
2570 2887 79 36 on
2682 2866 234 57 vouloit

371 2936 148 62 faire
543 2941 74 57 de
639 2942 53 58 la
726 2944 304 81 musique.
1063 2945 180 60 Aussi
1277 2947 56 58 le
1369 2949 188 78 grand
1590 2950 326 72 Corneille,
1942 2950 142 61 dans
2118 2973 59 38 sa
2199 2951 280 61 comédie
2512 2955 80 59 du
2627 2958 287 69 Menteur,

372 3030 241 80 lorsque
650 3033 274 58 Dorante
950 3033 110 61 fait
1094 3036 56 58 le
1201 3035 153 60 récit
1408 3038 71 58 de
1533 3039 54 57 la
1639 3038 336 81 prétendue
2027 3040 120 60 fête
2202 3044 149 79 qu'il
2403 3066 31 36 a
2488 3043 233 61 donnée
2775 3044 30 60 à
2857 3066 57 38 sa

371 3118 337 82 prétendue
744 3121 328 75 maîtresse,
1110 3125 268 60 n'oublie
1412 3149 103 60 pas
1550 3129 73 58 de
1656 3127 150 62 faire
1839 3128 226 84 figurer
2098 3134 53 57 le
2185 3132 285 61 hautbois
2505 3134 143 60 dans
2679 3137 54 57 la
2781 3137 135 57 liste

372 3209 100 59 des
508 3210 393 61 instruments
938 3215 151 79 qu'il
1124 3218 165 57 avoit
1324 3218 312 83 employés
1671 3221 144 58 dans
1867 3222 348 59 l'orchestre
2264 3223 74 58 de
2387 3245 106 38 son
2542 3241 263 43 concert.
2861 3226 52 57 Il

372 3299 87 60 dit
494 3299 32 60 à
562 3302 210 58 Cliton
806 3323 12 38 :

1456 3402 158 55 ...Je
1646 3400 125 58 vais
1804 3415 117 46 tout
1952 3424 134 37 vous
2119 3415 200 48 conter.

912 3485 217 57 Tavois
1157 3485 124 81 pris
1313 3509 122 58 cinq
1468 3487 244 61 bateaux
1737 3505 149 66 pour
1916 3492 182 59 mieux
2130 3492 234 80 ajuster,

484 3599 7 22 1
528 3592 95 41 Cela
644 3605 56 28 est
723 3595 95 48 vrai,
844 3605 36 29 et
899 3597 121 52 jusqu
1039 3599 21 37 à
1082 3596 12 39 1
1112 3599 149 38 arrivée
1283 3600 48 38 de
1355 3600 150 49 Gluck,
1526 3601 28 39 il
1577 3603 94 38 était
1694 3603 161 40 difficile
1877 3605 204 39 d'obtenir
2102 3607 47 38 de
2173 3607 99 39 bons
2294 3606 192 40 résultats.

483 3650 14 22 *
528 3655 46 47 Je
613 3654 80 37 nai
727 3654 117 52 point
879 3659 139 35 trouvé
1055 3665 106 30 trace
1195 3656 101 52 qu'il
1330 3672 27 38 y
1390 3669 66 28 eut
1489 3661 145 48 jamais
1674 3676 45 25 12
1764 3662 187 40 hautbois
1989 3666 21 36 à
2042 3662 174 56 l'Opéra,
2251 3666 96 38 dans
2378 3664 225 40 l'ancienne
2624 3665 216 39 formation
2863 3666 49 38 de

367 3707 242 42 l'orchestre.
635 3709 35 40 Il
692 3725 27 38 y
740 3725 47 25 en
811 3713 106 38 avait
940 3713 102 39 huit.
