3017 4252
1100 286 132 69 LA
1301 286 343 71 FUGUE

2544 318 97 70 33

103 448 75 37 en
245 429 46 57 B
357 449 146 38 avec
569 452 82 37 un
717 431 58 59 Si
807 443 20 51 b
884 433 208 72 ronde,
1146 433 223 61 débute
1435 434 169 83 après
1659 437 263 59 division
1980 438 75 60 de
2117 454 160 45 cette
2329 440 187 60 ronde
2572 464 78 39 en

108 537 33 41 2
181 517 304 72 blanches,
521 541 75 37 en
634 520 66 58 B'
738 522 335 59 seulement
1105 544 12 37 :
1156 524 164 59 Bach
1358 546 99 37 me
1490 527 226 59 semble
1761 529 168 57 avoir
1961 531 188 57 voulu
2183 528 238 84 séparer
2455 546 164 45 nette-

104 622 172 44 ment
324 609 56 57 la
427 605 83 61 fin
560 609 82 59 du
691 613 266 78 premier
1007 613 273 60 membre
1336 613 84 81 [A
1472 616 75 80 B]
1589 616 80 59 du
1717 635 532 44 commencement
2299 619 81 60 du
2429 621 223 61 second

111 698 96 81 [B'
244 698 104 81 C].
400 701 179 57 Cette
615 701 269 59 manière
919 702 73 58 de
1035 705 135 57 voir
1219 718 87 45 est
1359 727 219 38 encore
1635 706 316 82 légitimée
1993 708 82 82 (et
2116 710 433 62 sérieusement
2589 713 62 79 je

103 788 179 80 crois)
339 810 110 58 par
504 810 82 37 un
638 805 171 43 autre
860 812 245 60 passage
1159 792 71 60 de
1282 793 54 59 la
1391 793 189 83 fugue
1632 819 118 60 que
1794 797 307 83 j'indique
2152 814 136 45 tout
2346 801 72 60 de
2474 804 176 71 suite,

104 900 266 39 mesures
408 879 323 81 28-29-30
770 903 11 36 :

290 970 110 71 Ici,
423 971 55 57 le
512 970 154 79 sujet
699 992 61 36 se
794 972 260 59 termine
1089 972 533 83 rythmiquement
1656 999 75 37 au
1769 998 33 39 2
1809 981 18 21 e
1858 992 198 67 temps
2092 980 71 59 de
2196 981 56 59 la
2279 1003 235 38 mesure
2542 981 108 74 28;

104 1080 69 39 ce
207 1061 108 80 qui
350 1061 168 58 vient
554 1061 235 58 ensuite
823 1082 59 38 se
910 1061 214 59 scande
1159 1061 417 63 évidemment
1611 1068 162 57 selon
1808 1068 82 58 les
1928 1087 33 40 2
1997 1065 222 84 figures
2269 1070 386 83 rythmiques

104 1166 59 44 et
198 1149 380 83 mélodiques
611 1152 305 58 suivantes
952 1173 12 37 :

286 1577 93 57 En
417 1575 240 59 dernier
690 1576 145 72 lieu,
860 1576 62 80 je
957 1577 356 80 rappellerai
1352 1599 118 59 que
1498 1599 95 38 ces
1628 1578 272 82 rythmes
1935 1580 31 59 à
2012 1600 30 61 5
2097 1596 199 69 temps
2345 1599 134 44 sont
2526 1585 129 58 loin

104 1666 187 60 d'être
325 1666 470 81 incompatibles
830 1687 147 39 avec
1025 1668 84 59 les
1157 1689 266 38 mesures
1471 1666 32 60 à
1557 1667 56 74 8,
1651 1668 149 60 dont
1833 1672 72 57 ils
1938 1685 136 46 sont
2114 1672 204 60 même
2350 1672 306 61 l'élément

103 1757 274 60 essentiel
427 1771 60 45 et
535 1778 146 38 avec
728 1757 277 82 lesquels,
1042 1757 143 60 dans
1233 1760 55 57 la
1336 1757 294 83 poétique
1679 1781 286 61 grecque,
2003 1784 78 37 on
2129 1764 82 58 les
2260 1778 216 44 trouve
2510 1787 111 36 con-

103 1861 332 47 stamment
470 1846 327 82 mélangés.

286 1939 150 58 Ceci
471 1936 166 83 posé,
672 1959 151 38 nous
858 1939 188 58 allons
1080 1939 263 81 pouvoir
1377 1936 265 84 dégager
1677 1940 133 82 plus
1849 1939 355 62 facilement
2251 1943 56 59 la
2354 1957 302 47 structure

103 2028 362 82 rythmique
498 2028 83 58 du
618 2049 243 61 passage
897 2030 108 80 qui
1040 2029 338 81 comprend
1411 2030 82 59 les
1519 2052 264 38 mesures
1821 2051 80 39 20
1937 2030 33 60 à
2009 2052 78 60 30
2125 2055 13 38 :

571 2173 162 59 Mes.
775 2193 192 39 20-21
1020 2197 42 43 +
1109 2193 33 41 2
1179 2174 296 80 premiers
1507 2187 200 67 temps
1740 2194 145 38 mes.
1928 2193 78 41 22
2046 2195 13 39 :

663 2282 32 40 2
733 2259 222 84 figures
987 2262 389 81 rythmiques
1409 2262 73 59 de
1517 2263 275 58 chacune
1832 2281 30 62 5
1903 2278 217 67 temps.

571 2354 162 59 Mes.
775 2373 77 41 22
898 2353 62 80 (2
997 2353 267 60 derniers
1298 2353 222 83 temps)
1567 2373 204 60 23-24
1813 2353 61 81 (2
1910 2356 295 80 premiers
2238 2357 221 80 temps)
2501 2378 13 38 :

659 2444 167 80 Sujet
860 2467 80 36 ou
974 2442 251 84 période
1268 2443 216 80 (Dom.
1519 2444 189 78 Ton.)

364 2579 13 11 ,
571 2535 367 58 .Mes.
774 2554 84 57 24
898 2533 61 82 (2
999 2533 264 60 derniers
1297 2533 222 83 temps)
1565 2533 201 80 25-26
1810 2532 61 83 (2
1909 2536 293 79 premiers
2234 2536 222 81 temps)
2500 2559 14 37 :

258 2601 84 38 ria
388 2602 31 37 e
662 2622 210 61 Motif
896 2625 72 58 de
1001 2623 258 82 l'Epode
1292 2621 270 62 formant
1597 2622 264 62 mésode.

571 2715 160 58 Mes.
774 2715 78 58 26
901 2715 61 80 (2
1001 2714 265 59 derniers
1300 2714 222 82 temps)
1569 2714 198 80 27-28
1814 2714 61 81 (2
1912 2716 293 79 premiers
2238 2715 221 82 temps)
2498 2737 13 38 :

658 2804 167 81 Sujet
860 2828 79 36 ou
973 2804 412 82 anti-période
1427 2805 214 79 (Dom.
1679 2805 189 81 Ton.)
1896 2803 14 27 1

571 2895 160 59 Mes.
774 2894 77 61 28
897 2894 61 80 (2
997 2894 264 60 derniers
1296 2895 221 80 temps)
1564 2916 200 59 29-30
1809 2895 59 80 (2
1907 2897 292 80 premiers
2233 2897 221 81 temps)
2497 2918 13 38 :

663 3004 32 40 2
732 2982 222 83 figures
987 2985 390 83 rythmiques
1411 2987 73 57 de
1518 2984 276 61 chacune
1833 3003 30 62 5
1903 3001 218 67 temps.

104 3130 89 57 Ce
229 3128 264 81 premier
526 3124 311 81 fragment
872 3126 72 59 de
969 3128 55 58 la
1058 3126 192 83 fugue
1283 3149 60 38 se
1380 3128 260 59 termine
1674 3149 108 60 par
1820 3149 118 37 une
1988 3129 282 58 nouvelle
2318 3129 205 60 entrée
2571 3130 81 60 du

103 3219 174 79 sujet,
314 3215 30 60 à
391 3218 56 57 la
496 3217 182 71 basse,
717 3217 271 80 toujours
1037 3217 31 58 à
1122 3219 186 80 partir
1357 3218 73 58 de
1479 3219 54 57 la
1581 3218 376 72 dominante,
1993 3219 190 59 suivie
2234 3239 244 39 comme
2517 3222 135 78 plus

103 3308 150 61 haut
291 3307 80 58 du
409 3305 193 60 motif
625 3305 327 83 épodique,
988 3307 276 81 présenté
1300 3330 217 38 encore
1545 3330 75 36 au
1646 3330 258 59 soprano
1931 3331 143 37 avec
2102 3311 53 57 la
2182 3308 202 60 même
2413 3323 239 46 texture

106 3396 355 81 mélodique
525 3410 134 45 tout
717 3417 75 37 au
850 3397 199 58 moins
1106 3420 75 35 au
1239 3396 208 75 début,
1498 3411 59 46 et
1614 3397 373 60 aboutissent
2039 3397 31 60 à
2124 3419 33 39 2
2210 3399 443 59 tumultueuses

104 3509 267 43 mesures
405 3486 73 58 de
512 3487 259 59 cadence
804 3507 131 39 vers
972 3487 104 57 Mi
1105 3497 21 52 b
1175 3488 267 79 Majeur.

278 3576 116 80 J'ai
428 3575 32 59 à
496 3577 176 80 peine
706 3575 210 59 besoin
952 3576 72 58 de
1058 3575 148 61 faire
1240 3599 350 60 remarquer
1622 3579 55 57 la
1720 3576 256 83 parfaite
2025 3576 285 83 symétrie
2360 3577 74 59 de
2482 3591 170 45 toute

221 3700 10 28 J
256 3706 55 36 Le
334 3701 124 40 motif
473 3701 147 41 débute
642 3716 66 25 sur
729 3700 35 42 le
786 3704 58 38 La
868 3703 21 51 [>
915 3717 50 25 au
987 3701 79 41 lieu
1089 3704 55 38 du
1169 3704 37 38 Si
1232 3705 34 50 |?.
1291 3704 100 39 Voir
1411 3702 89 56 plus
1522 3702 97 42 loin.

2618 3775 30 56 3
