<?xml version="1.0" encoding="UTF-8"?>
<alto xmlns:xsi="http://www.w3.org/2001/XMLSchema-instance" xmlns="http://www.loc.gov/standards/alto/ns-v2#" xsi:schemaLocation="http://www.loc.gov/standards/alto/ns-v2# http://www.loc.gov/standards/alto/alto-v2.0.xsd" xmlns:xlink="http://www.w3.org/1999/xlink">
	<Description>
		<MeasurementUnit>mm10</MeasurementUnit>
		<sourceImageInformation>
			<fileName>//fileserver7/IN2/Princeton/Batch3/bmtnabh/1911/06/15_01/00000142.tif</fileName>
		</sourceImageInformation>
		<OCRProcessing ID="OCRPROCESSING_1">
			<preProcessingStep>
				<processingSoftware>
					<softwareCreator>CCS Content Conversion Specialists GmbH, Germany</softwareCreator>
					<softwareName>CCS docWORKS</softwareName>
					<softwareVersion>6.6-1.18</softwareVersion>
				</processingSoftware>
			</preProcessingStep>
			<ocrProcessingStep>
				<processingSoftware>
					<softwareCreator>ABBYY (BIT Software), Russia</softwareCreator>
					<softwareName>FineReader</softwareName>
					<softwareVersion>10.0</softwareVersion>
				</processingSoftware>
			</ocrProcessingStep>
		</OCRProcessing>
	</Description>
	<Styles>
		<TextStyle ID="TXT_0" FONTSIZE="28" FONTFAMILY="Times New Roman"/>
		<TextStyle ID="TXT_1" FONTSIZE="21" FONTFAMILY="Times New Roman"/>
		<TextStyle ID="TXT_2" FONTSIZE="21" FONTFAMILY="Times New Roman" FONTSTYLE="italics"/>
		<TextStyle ID="TXT_3" FONTSIZE="10" FONTFAMILY="Times New Roman" FONTSTYLE="bold"/>
		<ParagraphStyle ID="PAR_CENTER" ALIGN="Center"/>
		<ParagraphStyle ID="PAR_RIGHT" ALIGN="Right"/>
		<ParagraphStyle ID="PAR_BLOCK" ALIGN="Block"/>
		<ParagraphStyle ID="PAR_LEFT" ALIGN="Left"/>
	</Styles>
	<Layout>
		<Page ID="P13" PHYSICAL_IMG_NR="13" HEIGHT="4252" WIDTH="3017" PC="0.907">
			<TopMargin ID="P13_TM00001" HPOS="0" VPOS="0" WIDTH="3017" HEIGHT="276"/>
			<LeftMargin ID="P13_LM00001" HPOS="0" VPOS="276" WIDTH="127" HEIGHT="3476"/>
			<RightMargin ID="P13_RM00001" HPOS="2680" VPOS="276" WIDTH="337" HEIGHT="3476"/>
			<BottomMargin ID="P13_BM00001" HPOS="0" VPOS="3752" WIDTH="3017" HEIGHT="500"/>
			<PrintSpace ID="P13_PS00001" HPOS="127" VPOS="276" WIDTH="2553" HEIGHT="3476">
				<TextBlock ID="P13_TB00001" HPOS="811" VPOS="276" WIDTH="1190" HEIGHT="75" STYLEREFS="TXT_0 PAR_CENTER">
					<TextLine ID="P13_TL00001" HPOS="811" VPOS="276" WIDTH="1189" HEIGHT="75">
						<String ID="P13_ST00001" HPOS="811" VPOS="283" WIDTH="333" HEIGHT="68" CONTENT="LULLY" WC="0.98" CC="00000"/>
						<SP ID="P13_SP00001" HPOS="1144" VPOS="351" WIDTH="65"/>
						<String ID="P13_ST00002" HPOS="1209" VPOS="276" WIDTH="791" HEIGHT="71" CONTENT="GENTILHOMME" WC="1.00" CC="01300070000"/>
					</TextLine>
				</TextBlock>
				<TextBlock ID="P13_TB00002" HPOS="2579" VPOS="297" WIDTH="85" HEIGHT="43" STYLEREFS="TXT_1 PAR_RIGHT">
					<TextLine ID="P13_TL00002" HPOS="2580" VPOS="297" WIDTH="83" HEIGHT="43">
						<String ID="P13_ST00003" HPOS="2580" VPOS="297" WIDTH="83" HEIGHT="43" CONTENT="11" WC="1.00" CC="00"/>
					</TextLine>
				</TextBlock>
				<TextBlock ID="P13_TB00003" HPOS="137" VPOS="420" WIDTH="2541" HEIGHT="1533" STYLEREFS="TXT_1 PAR_BLOCK">
					<TextLine ID="P13_TL00003" HPOS="137" VPOS="421" WIDTH="2537" HEIGHT="92">
						<String ID="P13_ST00004" HPOS="137" VPOS="433" WIDTH="83" HEIGHT="58" CONTENT="les" WC="0.98" CC="500"/>
						<SP ID="P13_SP00002" HPOS="220" VPOS="491" WIDTH="33"/>
						<String ID="P13_ST00005" HPOS="253" VPOS="453" WIDTH="211" HEIGHT="38" CONTENT="armes." WC="0.99" CC="800103"/>
						<SP ID="P13_SP00003" HPOS="464" VPOS="491" WIDTH="38"/>
						<String ID="P13_ST00006" HPOS="502" VPOS="433" WIDTH="148" HEIGHT="57" CONTENT="Ceci" WC="0.99" CC="0003"/>
						<SP ID="P13_SP00004" HPOS="650" VPOS="491" WIDTH="28"/>
						<String ID="P13_ST00007" HPOS="678" VPOS="453" WIDTH="157" HEIGHT="60" CONTENT="pour" WC="0.98" CC="0060"/>
						<SP ID="P13_SP00005" HPOS="835" VPOS="513" WIDTH="33"/>
						<String ID="P13_ST00008" HPOS="868" VPOS="430" WIDTH="256" HEIGHT="60" CONTENT="achever" WC="0.98" CC="9052014"/>
						<SP ID="P13_SP00006" HPOS="1124" VPOS="513" WIDTH="34"/>
						<String ID="P13_ST00009" HPOS="1158" VPOS="429" WIDTH="72" HEIGHT="58" CONTENT="de" WC="1.00" CC="00"/>
						<SP ID="P13_SP00007" HPOS="1230" VPOS="513" WIDTH="35"/>
						<String ID="P13_ST00010" HPOS="1265" VPOS="448" WIDTH="263" HEIGHT="61" CONTENT="prouver" WC="1.00" CC="0023000"/>
						<SP ID="P13_SP00008" HPOS="1528" VPOS="513" WIDTH="27"/>
						<String ID="P13_ST00011" HPOS="1555" VPOS="448" WIDTH="116" HEIGHT="59" CONTENT="que" WC="0.97" CC="060"/>
						<SP ID="P13_SP00009" HPOS="1671" VPOS="513" WIDTH="27"/>
						<String ID="P13_ST00012" HPOS="1698" VPOS="423" WIDTH="554" HEIGHT="59" CONTENT="l'annoblissement" WC="0.81" CC="0406430600000004"/>
						<SP ID="P13_SP00010" HPOS="2252" VPOS="513" WIDTH="35"/>
						<String ID="P13_ST00013" HPOS="2287" VPOS="421" WIDTH="225" HEIGHT="58" CONTENT="n'avait" WC="1.00" CC="0000060"/>
						<SP ID="P13_SP00011" HPOS="2512" VPOS="513" WIDTH="35"/>
						<String ID="P13_ST00014" HPOS="2547" VPOS="421" WIDTH="127" HEIGHT="58" CONTENT="rien" WC="0.98" CC="3502"/>
					</TextLine>
					<TextLine ID="P13_TL00004" HPOS="139" VPOS="513" WIDTH="2536" HEIGHT="90">
						<String ID="P13_ST00015" HPOS="139" VPOS="522" WIDTH="503" HEIGHT="81" CONTENT="d'incompatible" WC="1.00" CC="00070000002711"/>
						<SP ID="P13_SP00012" HPOS="642" VPOS="603" WIDTH="54"/>
						<String ID="P13_ST00016" HPOS="696" VPOS="542" WIDTH="142" HEIGHT="38" CONTENT="avec" WC="0.99" CC="0030"/>
						<SP ID="P13_SP00013" HPOS="838" VPOS="603" WIDTH="56"/>
						<String ID="P13_ST00017" HPOS="894" VPOS="523" WIDTH="55" HEIGHT="56" CONTENT="le" WC="0.64" CC="24"/>
						<SP ID="P13_SP00014" HPOS="949" VPOS="603" WIDTH="53"/>
						<String ID="P13_ST00018" HPOS="1002" VPOS="518" WIDTH="299" HEIGHT="61" CONTENT="caractère" WC="0.99" CC="007024762"/>
						<SP ID="P13_SP00015" HPOS="1301" VPOS="603" WIDTH="58"/>
						<String ID="P13_ST00019" HPOS="1359" VPOS="518" WIDTH="144" HEIGHT="57" CONTENT="d'un" WC="0.98" CC="0306"/>
						<SP ID="P13_SP00016" HPOS="1503" VPOS="603" WIDTH="57"/>
						<String ID="P13_ST00020" HPOS="1560" VPOS="515" WIDTH="296" HEIGHT="59" CONTENT="musicien" WC="1.00" CC="00000242"/>
						<SP ID="P13_SP00017" HPOS="1856" VPOS="603" WIDTH="59"/>
						<String ID="P13_ST00021" HPOS="1915" VPOS="513" WIDTH="183" HEIGHT="81" CONTENT="royal." WC="0.79" CC="220034"/>
						<SP ID="P13_SP00018" HPOS="2098" VPOS="603" WIDTH="41"/>
						<String ID="P13_ST00022" HPOS="2139" VPOS="513" WIDTH="51" HEIGHT="57" CONTENT="Il" WC="1.00" CC="00"/>
						<SP ID="P13_SP00019" HPOS="2190" VPOS="603" WIDTH="58"/>
						<String ID="P13_ST00023" HPOS="2248" VPOS="524" WIDTH="199" HEIGHT="45" CONTENT="meurt" WC="1.00" CC="00200"/>
						<SP ID="P13_SP00020" HPOS="2447" VPOS="603" WIDTH="53"/>
						<String ID="P13_ST00024" HPOS="2500" VPOS="524" WIDTH="175" HEIGHT="43" CONTENT="avant" WC="1.00" CC="00003"/>
					</TextLine>
					<TextLine ID="P13_TL00005" HPOS="142" VPOS="599" WIDTH="2535" HEIGHT="93">
						<String ID="P13_ST00025" HPOS="142" VPOS="612" WIDTH="181" HEIGHT="80" CONTENT="Lully" WC="0.73" CC="04530"/>
						<SP ID="P13_SP00021" HPOS="323" VPOS="692" WIDTH="35"/>
						<String ID="P13_ST00026" HPOS="358" VPOS="612" WIDTH="150" HEIGHT="57" CONTENT="mais" WC="0.99" CC="0030"/>
						<SP ID="P13_SP00022" HPOS="508" VPOS="692" WIDTH="46"/>
						<String ID="P13_ST00027" HPOS="554" VPOS="612" WIDTH="42" HEIGHT="57" CONTENT="il" WC="0.71" CC="50"/>
						<SP ID="P13_SP00023" HPOS="596" VPOS="692" WIDTH="56"/>
						<String ID="P13_ST00028" HPOS="652" VPOS="612" WIDTH="167" HEIGHT="57" CONTENT="laisse" WC="0.99" CC="040004"/>
						<SP ID="P13_SP00024" HPOS="819" VPOS="692" WIDTH="59"/>
						<String ID="P13_ST00029" HPOS="878" VPOS="632" WIDTH="80" HEIGHT="36" CONTENT="un" WC="0.94" CC="10"/>
						<SP ID="P13_SP00025" HPOS="958" VPOS="692" WIDTH="43"/>
						<String ID="P13_ST00030" HPOS="1001" VPOS="607" WIDTH="110" HEIGHT="72" CONTENT="fils," WC="0.99" CC="22000"/>
						<SP ID="P13_SP00026" HPOS="1111" VPOS="692" WIDTH="28"/>
						<String ID="P13_ST00031" HPOS="1139" VPOS="609" WIDTH="149" HEIGHT="78" CONTENT="Jean" WC="0.99" CC="0600"/>
						<SP ID="P13_SP00027" HPOS="1288" VPOS="692" WIDTH="47"/>
						<String ID="P13_ST00032" HPOS="1335" VPOS="606" WIDTH="254" HEIGHT="71" CONTENT="Claude," WC="0.99" CC="3335000"/>
						<SP ID="P13_SP00028" HPOS="1589" VPOS="692" WIDTH="52"/>
						<String ID="P13_ST00033" HPOS="1641" VPOS="606" WIDTH="105" HEIGHT="80" CONTENT="qui" WC="0.97" CC="060"/>
						<SP ID="P13_SP00029" HPOS="1746" VPOS="692" WIDTH="51"/>
						<String ID="P13_ST00034" HPOS="1797" VPOS="604" WIDTH="87" HEIGHT="57" CONTENT="lui" WC="0.97" CC="033"/>
						<SP ID="P13_SP00030" HPOS="1884" VPOS="692" WIDTH="57"/>
						<String ID="P13_ST00035" HPOS="1941" VPOS="599" WIDTH="275" HEIGHT="74" CONTENT="succède," WC="0.99" CC="04007003"/>
						<SP ID="P13_SP00031" HPOS="2216" VPOS="692" WIDTH="37"/>
						<String ID="P13_ST00036" HPOS="2253" VPOS="616" WIDTH="57" HEIGHT="43" CONTENT="et" WC="1.00" CC="00"/>
						<SP ID="P13_SP00032" HPOS="2310" VPOS="692" WIDTH="54"/>
						<String ID="P13_ST00037" HPOS="2364" VPOS="621" WIDTH="118" HEIGHT="60" CONTENT="que" WC="0.97" CC="062"/>
						<SP ID="P13_SP00033" HPOS="2482" VPOS="692" WIDTH="45"/>
						<String ID="P13_ST00038" HPOS="2527" VPOS="621" WIDTH="150" HEIGHT="37" CONTENT="nous" WC="0.99" CC="6000"/>
					</TextLine>
					<TextLine ID="P13_TL00006" HPOS="139" VPOS="691" WIDTH="2539" HEIGHT="90">
						<String ID="P13_ST00039" HPOS="139" VPOS="715" WIDTH="358" HEIGHT="46" CONTENT="retrouvons" WC="1.00" CC="3200050060"/>
						<SP ID="P13_SP00034" HPOS="497" VPOS="761" WIDTH="35"/>
						<String ID="P13_ST00040" HPOS="532" VPOS="724" WIDTH="71" HEIGHT="35" CONTENT="en" WC="0.77" CC="04"/>
						<SP ID="P13_SP00035" HPOS="603" VPOS="761" WIDTH="37"/>
						<String ID="P13_ST00041" HPOS="640" VPOS="722" WIDTH="68" HEIGHT="37" CONTENT="ce" WC="0.90" CC="20"/>
						<SP ID="P13_SP00036" HPOS="708" VPOS="761" WIDTH="36"/>
						<String ID="P13_ST00042" HPOS="744" VPOS="715" WIDTH="277" HEIGHT="43" CONTENT="moment" WC="1.00" CC="020000"/>
						<SP ID="P13_SP00037" HPOS="1021" VPOS="761" WIDTH="42"/>
						<String ID="P13_ST00043" HPOS="1063" VPOS="697" WIDTH="194" HEIGHT="84" CONTENT="précis" WC="0.99" CC="006350"/>
						<SP ID="P13_SP00038" HPOS="1257" VPOS="781" WIDTH="35"/>
						<String ID="P13_ST00044" HPOS="1292" VPOS="711" WIDTH="350" HEIGHT="67" CONTENT="partageant" WC="0.99" CC="0621001061"/>
						<SP ID="P13_SP00039" HPOS="1642" VPOS="781" WIDTH="36"/>
						<String ID="P13_ST00045" HPOS="1678" VPOS="716" WIDTH="145" HEIGHT="37" CONTENT="avec" WC="0.99" CC="1030"/>
						<SP ID="P13_SP00040" HPOS="1823" VPOS="781" WIDTH="28"/>
						<String ID="P13_ST00046" HPOS="1851" VPOS="693" WIDTH="373" HEIGHT="80" CONTENT="Jean-Louis" WC="1.00" CC="0354300000"/>
						<SP ID="P13_SP00041" HPOS="2224" VPOS="781" WIDTH="48"/>
						<String ID="P13_ST00047" HPOS="2272" VPOS="692" WIDTH="56" HEIGHT="57" CONTENT="la" WC="0.88" CC="20"/>
						<SP ID="P13_SP00042" HPOS="2328" VPOS="781" WIDTH="48"/>
						<String ID="P13_ST00048" HPOS="2376" VPOS="691" WIDTH="269" HEIGHT="58" CONTENT="surinten" SUBS_TYPE="HypPart1" SUBS_CONTENT="surintendance" WC="0.99" CC="00015502"/>
						<HYP HPOS="2645" VPOS="691" WIDTH="33" CONTENT="-"/>
					</TextLine>
					<TextLine ID="P13_TL00007" HPOS="139" VPOS="778" WIDTH="2536" HEIGHT="82">
						<String ID="P13_ST00049" HPOS="139" VPOS="791" WIDTH="190" HEIGHT="58" CONTENT="dance" SUBS_TYPE="HypPart2" SUBS_CONTENT="surintendance" WC="0.99" CC="07000"/>
						<SP ID="P13_SP00043" HPOS="329" VPOS="849" WIDTH="36"/>
						<String ID="P13_ST00050" HPOS="365" VPOS="792" WIDTH="72" HEIGHT="56" CONTENT="de" WC="0.65" CC="60"/>
						<SP ID="P13_SP00044" HPOS="437" VPOS="849" WIDTH="34"/>
						<String ID="P13_ST00051" HPOS="471" VPOS="792" WIDTH="52" HEIGHT="56" CONTENT="la" WC="0.71" CC="23"/>
						<SP ID="P13_SP00045" HPOS="523" VPOS="849" WIDTH="36"/>
						<String ID="P13_ST00052" HPOS="559" VPOS="790" WIDTH="310" HEIGHT="59" CONTENT="chambre." WC="0.98" CC="05704543"/>
						<SP ID="P13_SP00046" HPOS="869" VPOS="849" WIDTH="38"/>
						<String ID="P13_ST00053" HPOS="907" VPOS="792" WIDTH="89" HEIGHT="56" CONTENT="Ce" WC="0.89" CC="01"/>
						<SP ID="P13_SP00047" HPOS="996" VPOS="849" WIDTH="34"/>
						<String ID="P13_ST00054" HPOS="1030" VPOS="788" WIDTH="239" HEIGHT="59" CONTENT="dernier" WC="0.99" CC="0045020"/>
						<SP ID="P13_SP00048" HPOS="1269" VPOS="849" WIDTH="33"/>
						<String ID="P13_ST00055" HPOS="1302" VPOS="787" WIDTH="227" HEIGHT="69" CONTENT="rejeton" WC="0.99" CC="0063004"/>
						<SP ID="P13_SP00049" HPOS="1529" VPOS="856" WIDTH="43"/>
						<String ID="P13_ST00056" HPOS="1572" VPOS="786" WIDTH="178" HEIGHT="57" CONTENT="d'une" WC="0.98" CC="01360"/>
						<SP ID="P13_SP00050" HPOS="1750" VPOS="856" WIDTH="48"/>
						<String ID="P13_ST00057" HPOS="1798" VPOS="806" WIDTH="133" HEIGHT="36" CONTENT="race" WC="0.98" CC="0060"/>
						<SP ID="P13_SP00051" HPOS="1931" VPOS="856" WIDTH="49"/>
						<String ID="P13_ST00058" HPOS="1980" VPOS="785" WIDTH="231" HEIGHT="56" CONTENT="illustre" WC="0.99" CC="00100352"/>
						<SP ID="P13_SP00052" HPOS="2211" VPOS="856" WIDTH="56"/>
						<String ID="P13_ST00059" HPOS="2267" VPOS="780" WIDTH="146" HEIGHT="59" CONTENT="était" WC="0.97" CC="64701"/>
						<SP ID="P13_SP00053" HPOS="2413" VPOS="856" WIDTH="57"/>
						<String ID="P13_ST00060" HPOS="2470" VPOS="778" WIDTH="31" HEIGHT="60" CONTENT="à" WC="0.35" CC="6"/>
						<SP ID="P13_SP00054" HPOS="2501" VPOS="856" WIDTH="58"/>
						<String ID="P13_ST00061" HPOS="2559" VPOS="800" WIDTH="116" HEIGHT="60" CONTENT="peu" WC="1.00" CC="000"/>
					</TextLine>
					<TextLine ID="P13_TL00008" HPOS="142" VPOS="870" WIDTH="2533" HEIGHT="91">
						<String ID="P13_ST00062" HPOS="142" VPOS="880" WIDTH="131" HEIGHT="81" CONTENT="près" WC="0.98" CC="0070"/>
						<SP ID="P13_SP00055" HPOS="273" VPOS="961" WIDTH="35"/>
						<String ID="P13_ST00063" HPOS="308" VPOS="882" WIDTH="152" HEIGHT="56" CONTENT="aussi" WC="0.99" CC="06000"/>
						<SP ID="P13_SP00056" HPOS="460" VPOS="961" WIDTH="35"/>
						<String ID="P13_ST00064" HPOS="495" VPOS="879" WIDTH="195" HEIGHT="59" CONTENT="dénué" WC="0.97" CC="06436"/>
						<SP ID="P13_SP00057" HPOS="690" VPOS="961" WIDTH="37"/>
						<String ID="P13_ST00065" HPOS="727" VPOS="880" WIDTH="71" HEIGHT="58" CONTENT="de" WC="0.69" CC="06"/>
						<SP ID="P13_SP00058" HPOS="798" VPOS="961" WIDTH="37"/>
						<String ID="P13_ST00066" HPOS="835" VPOS="881" WIDTH="184" HEIGHT="57" CONTENT="talent" WC="0.98" CC="562030"/>
						<SP ID="P13_SP00059" HPOS="1019" VPOS="961" WIDTH="37"/>
						<String ID="P13_ST00067" HPOS="1056" VPOS="877" WIDTH="252" HEIGHT="59" CONTENT="musical" WC="1.00" CC="0300004"/>
						<SP ID="P13_SP00060" HPOS="1308" VPOS="961" WIDTH="36"/>
						<String ID="P13_ST00068" HPOS="1344" VPOS="899" WIDTH="118" HEIGHT="58" CONTENT="que" WC="0.97" CC="052"/>
						<SP ID="P13_SP00061" HPOS="1462" VPOS="961" WIDTH="34"/>
						<String ID="P13_ST00069" HPOS="1496" VPOS="877" WIDTH="82" HEIGHT="56" CONTENT="les" WC="0.98" CC="050"/>
						<SP ID="P13_SP00062" HPOS="1578" VPOS="961" WIDTH="33"/>
						<String ID="P13_ST00070" HPOS="1611" VPOS="880" WIDTH="234" HEIGHT="53" CONTENT="enfants" WC="0.98" CC="1484400"/>
						<SP ID="P13_SP00063" HPOS="1845" VPOS="961" WIDTH="33"/>
						<String ID="P13_ST00071" HPOS="1878" VPOS="874" WIDTH="73" HEIGHT="58" CONTENT="de" WC="0.81" CC="03"/>
						<SP ID="P13_SP00064" HPOS="1951" VPOS="961" WIDTH="33"/>
						<String ID="P13_ST00072" HPOS="1984" VPOS="875" WIDTH="259" HEIGHT="56" CONTENT="l'auteur" WC="0.99" CC="00045040"/>
						<SP ID="P13_SP00065" HPOS="2243" VPOS="961" WIDTH="42"/>
						<String ID="P13_ST00073" HPOS="2285" VPOS="872" WIDTH="70" HEIGHT="57" CONTENT="de" WC="0.56" CC="61"/>
						<SP ID="P13_SP00066" HPOS="2355" VPOS="961" WIDTH="51"/>
						<String ID="P13_ST00074" HPOS="2406" VPOS="870" WIDTH="269" HEIGHT="61" CONTENT="Cadmus." WC="0.51" CC="5706347" STYLEREFS="TXT_2"/>
					</TextLine>
					<TextLine ID="P13_TL00009" HPOS="142" VPOS="960" WIDTH="2535" HEIGHT="91">
						<String ID="P13_ST00075" HPOS="142" VPOS="971" WIDTH="96" HEIGHT="59" CONTENT="De" WC="0.52" CC="53"/>
						<SP ID="P13_SP00067" HPOS="238" VPOS="1030" WIDTH="34"/>
						<String ID="P13_ST00076" HPOS="272" VPOS="985" WIDTH="156" HEIGHT="43" CONTENT="sorte" WC="1.00" CC="00030"/>
						<SP ID="P13_SP00068" HPOS="428" VPOS="1030" WIDTH="37"/>
						<String ID="P13_ST00077" HPOS="465" VPOS="992" WIDTH="117" HEIGHT="59" CONTENT="que" WC="0.97" CC="052"/>
						<SP ID="P13_SP00069" HPOS="582" VPOS="1051" WIDTH="35"/>
						<String ID="P13_ST00078" HPOS="617" VPOS="971" WIDTH="52" HEIGHT="57" CONTENT="le" WC="1.00" CC="00"/>
						<SP ID="P13_SP00070" HPOS="669" VPOS="1051" WIDTH="39"/>
						<String ID="P13_ST00079" HPOS="708" VPOS="970" WIDTH="208" HEIGHT="58" CONTENT="Grand" WC="0.99" CC="00230"/>
						<SP ID="P13_SP00071" HPOS="916" VPOS="1051" WIDTH="42"/>
						<String ID="P13_ST00080" HPOS="958" VPOS="969" WIDTH="142" HEIGHT="70" CONTENT="Roi," WC="0.99" CC="0040"/>
						<SP ID="P13_SP00072" HPOS="1100" VPOS="1051" WIDTH="37"/>
						<String ID="P13_ST00081" HPOS="1137" VPOS="982" WIDTH="400" HEIGHT="66" CONTENT="respectueux" WC="1.00" CC="00000326030"/>
						<SP ID="P13_SP00073" HPOS="1537" VPOS="1051" WIDTH="34"/>
						<String ID="P13_ST00082" HPOS="1571" VPOS="966" WIDTH="179" HEIGHT="57" CONTENT="d'une" WC="1.00" CC="01000"/>
						<SP ID="P13_SP00074" HPOS="1750" VPOS="1051" WIDTH="35"/>
						<String ID="P13_ST00083" HPOS="1785" VPOS="964" WIDTH="288" HEIGHT="59" CONTENT="tradition" WC="1.00" CC="000030002"/>
						<SP ID="P13_SP00075" HPOS="2073" VPOS="1051" WIDTH="44"/>
						<String ID="P13_ST00084" HPOS="2117" VPOS="961" WIDTH="346" HEIGHT="81" CONTENT="généreuse," WC="1.00" CC="0606002000"/>
						<SP ID="P13_SP00076" HPOS="2463" VPOS="1051" WIDTH="38"/>
						<String ID="P13_ST00085" HPOS="2501" VPOS="960" WIDTH="141" HEIGHT="57" CONTENT="deve" SUBS_TYPE="HypPart1" SUBS_CONTENT="devenait" WC="0.99" CC="0000"/>
						<HYP HPOS="2642" VPOS="960" WIDTH="35" CONTENT="-"/>
					</TextLine>
					<TextLine ID="P13_TL00010" HPOS="141" VPOS="1048" WIDTH="2536" HEIGHT="92">
						<String ID="P13_ST00086" HPOS="141" VPOS="1062" WIDTH="125" HEIGHT="55" CONTENT="nait" SUBS_TYPE="HypPart2" SUBS_CONTENT="devenait" WC="0.99" CC="0030"/>
						<SP ID="P13_SP00077" HPOS="266" VPOS="1117" WIDTH="97"/>
						<String ID="P13_ST00087" HPOS="363" VPOS="1059" WIDTH="301" HEIGHT="58" CONTENT="l'homme" WC="0.99" CC="0360001"/>
						<SP ID="P13_SP00078" HPOS="664" VPOS="1117" WIDTH="66"/>
						<String ID="P13_ST00088" HPOS="730" VPOS="1060" WIDTH="56" HEIGHT="57" CONTENT="le" WC="0.77" CC="04"/>
						<SP ID="P13_SP00079" HPOS="786" VPOS="1117" WIDTH="57"/>
						<String ID="P13_ST00089" HPOS="843" VPOS="1060" WIDTH="133" HEIGHT="80" CONTENT="plus" WC="0.99" CC="0060"/>
						<SP ID="P13_SP00080" HPOS="976" VPOS="1140" WIDTH="59"/>
						<String ID="P13_ST00090" HPOS="1035" VPOS="1058" WIDTH="122" HEIGHT="57" CONTENT="mal" WC="0.98" CC="004"/>
						<SP ID="P13_SP00081" HPOS="1157" VPOS="1140" WIDTH="43"/>
						<String ID="P13_ST00091" HPOS="1200" VPOS="1056" WIDTH="154" HEIGHT="59" CONTENT="servi" WC="0.99" CC="00500"/>
						<SP ID="P13_SP00082" HPOS="1354" VPOS="1140" WIDTH="57"/>
						<String ID="P13_ST00092" HPOS="1411" VPOS="1055" WIDTH="71" HEIGHT="59" CONTENT="de" WC="1.00" CC="00"/>
						<SP ID="P13_SP00083" HPOS="1482" VPOS="1140" WIDTH="75"/>
						<String ID="P13_ST00093" HPOS="1557" VPOS="1077" WIDTH="104" HEIGHT="37" CONTENT="son" WC="0.97" CC="006"/>
						<SP ID="P13_SP00084" HPOS="1661" VPOS="1140" WIDTH="60"/>
						<String ID="P13_ST00094" HPOS="1721" VPOS="1074" WIDTH="310" HEIGHT="60" CONTENT="royaume." WC="0.99" CC="00304003"/>
						<SP ID="P13_SP00085" HPOS="2031" VPOS="1140" WIDTH="68"/>
						<String ID="P13_ST00095" HPOS="2099" VPOS="1048" WIDTH="351" HEIGHT="63" CONTENT="L'hérédité" WC="0.99" CC="0065360306"/>
						<SP ID="P13_SP00086" HPOS="2450" VPOS="1140" WIDTH="69"/>
						<String ID="P13_ST00096" HPOS="2519" VPOS="1049" WIDTH="158" HEIGHT="57" CONTENT="avait" WC="1.00" CC="00000"/>
					</TextLine>
					<TextLine ID="P13_TL00011" HPOS="141" VPOS="1140" WIDTH="2534" HEIGHT="92">
						<String ID="P13_ST00097" HPOS="141" VPOS="1149" WIDTH="168" HEIGHT="83" CONTENT="placé" WC="0.99" CC="01026"/>
						<SP ID="P13_SP00087" HPOS="309" VPOS="1232" WIDTH="37"/>
						<String ID="P13_ST00098" HPOS="346" VPOS="1148" WIDTH="30" HEIGHT="60" CONTENT="à" WC="0.37" CC="6"/>
						<SP ID="P13_SP00088" HPOS="376" VPOS="1232" WIDTH="34"/>
						<String ID="P13_ST00099" HPOS="410" VPOS="1152" WIDTH="54" HEIGHT="56" CONTENT="la" WC="1.00" CC="00"/>
						<SP ID="P13_SP00089" HPOS="464" VPOS="1232" WIDTH="34"/>
						<String ID="P13_ST00100" HPOS="498" VPOS="1150" WIDTH="123" HEIGHT="59" CONTENT="tête" WC="0.99" CC="0030"/>
						<SP ID="P13_SP00090" HPOS="621" VPOS="1232" WIDTH="57"/>
						<String ID="P13_ST00101" HPOS="678" VPOS="1150" WIDTH="73" HEIGHT="58" CONTENT="de" WC="1.00" CC="00"/>
						<SP ID="P13_SP00091" HPOS="751" VPOS="1232" WIDTH="53"/>
						<String ID="P13_ST00102" HPOS="804" VPOS="1172" WIDTH="58" HEIGHT="37" CONTENT="sa" WC="0.83" CC="03"/>
						<SP ID="P13_SP00092" HPOS="862" VPOS="1232" WIDTH="58"/>
						<String ID="P13_ST00103" HPOS="920" VPOS="1149" WIDTH="284" HEIGHT="79" CONTENT="musique" WC="0.99" CC="0304053"/>
						<SP ID="P13_SP00093" HPOS="1204" VPOS="1232" WIDTH="59"/>
						<String ID="P13_ST00104" HPOS="1263" VPOS="1148" WIDTH="100" HEIGHT="57" CONTENT="des" WC="1.00" CC="000"/>
						<SP ID="P13_SP00094" HPOS="1363" VPOS="1232" WIDTH="49"/>
						<String ID="P13_ST00105" HPOS="1412" VPOS="1166" WIDTH="402" HEIGHT="61" CONTENT="personnages" WC="1.00" CC="03200550000"/>
						<SP ID="P13_SP00095" HPOS="1814" VPOS="1232" WIDTH="45"/>
						<String ID="P13_ST00106" HPOS="1859" VPOS="1145" WIDTH="106" HEIGHT="79" CONTENT="qui" WC="0.97" CC="042"/>
						<SP ID="P13_SP00096" HPOS="1965" VPOS="1232" WIDTH="52"/>
						<String ID="P13_ST00107" HPOS="2017" VPOS="1143" WIDTH="301" HEIGHT="58" CONTENT="n'avaient" WC="1.00" CC="200024050"/>
						<SP ID="P13_SP00097" HPOS="2318" VPOS="1232" WIDTH="48"/>
						<String ID="P13_ST00108" HPOS="2366" VPOS="1142" WIDTH="136" HEIGHT="78" CONTENT="plus" WC="0.98" CC="0350"/>
						<SP ID="P13_SP00098" HPOS="2502" VPOS="1232" WIDTH="46"/>
						<String ID="P13_ST00109" HPOS="2548" VPOS="1140" WIDTH="127" HEIGHT="57" CONTENT="rien" WC="0.99" CC="3200"/>
					</TextLine>
					<TextLine ID="P13_TL00012" HPOS="137" VPOS="1230" WIDTH="2197" HEIGHT="84">
						<String ID="P13_ST00110" HPOS="137" VPOS="1239" WIDTH="74" HEIGHT="60" CONTENT="de" WC="1.00" CC="00"/>
						<SP ID="P13_SP00099" HPOS="211" VPOS="1299" WIDTH="36"/>
						<String ID="P13_ST00111" HPOS="247" VPOS="1261" WIDTH="295" HEIGHT="37" CONTENT="commun" WC="0.99" CC="210036"/>
						<SP ID="P13_SP00100" HPOS="542" VPOS="1299" WIDTH="36"/>
						<String ID="P13_ST00112" HPOS="578" VPOS="1261" WIDTH="144" HEIGHT="37" CONTENT="avec" WC="1.00" CC="0000"/>
						<SP ID="P13_SP00101" HPOS="722" VPOS="1299" WIDTH="35"/>
						<String ID="P13_ST00113" HPOS="757" VPOS="1255" WIDTH="94" HEIGHT="43" CONTENT="cet" WC="0.99" CC="010"/>
						<SP ID="P13_SP00102" HPOS="851" VPOS="1299" WIDTH="36"/>
						<String ID="P13_ST00114" HPOS="887" VPOS="1252" WIDTH="108" HEIGHT="44" CONTENT="art." WC="0.99" CC="0004"/>
						<SP ID="P13_SP00103" HPOS="995" VPOS="1299" WIDTH="40"/>
						<String ID="P13_ST00115" HPOS="1035" VPOS="1238" WIDTH="52" HEIGHT="57" CONTENT="Il" WC="0.72" CC="32"/>
						<SP ID="P13_SP00104" HPOS="1087" VPOS="1299" WIDTH="33"/>
						<String ID="P13_ST00116" HPOS="1120" VPOS="1234" WIDTH="173" HEIGHT="61" CONTENT="fallut" WC="0.99" CC="000060"/>
						<SP ID="P13_SP00105" HPOS="1293" VPOS="1299" WIDTH="37"/>
						<String ID="P13_ST00117" HPOS="1330" VPOS="1237" WIDTH="385" HEIGHT="57" CONTENT="absolument" WC="1.00" CC="0400060030"/>
						<SP ID="P13_SP00106" HPOS="1715" VPOS="1299" WIDTH="36"/>
						<String ID="P13_ST00118" HPOS="1751" VPOS="1233" WIDTH="256" HEIGHT="81" CONTENT="prendre" WC="1.00" CC="0001003"/>
						<SP ID="P13_SP00107" HPOS="2007" VPOS="1314" WIDTH="34"/>
						<String ID="P13_ST00119" HPOS="2041" VPOS="1255" WIDTH="83" HEIGHT="35" CONTENT="un" WC="0.31" CC="66"/>
						<SP ID="P13_SP00108" HPOS="2124" VPOS="1314" WIDTH="34"/>
						<String ID="P13_ST00120" HPOS="2158" VPOS="1230" WIDTH="176" HEIGHT="82" CONTENT="parti." WC="0.99" CC="000404"/>
					</TextLine>
					<TextLine ID="P13_TL00013" HPOS="323" VPOS="1318" WIDTH="2353" HEIGHT="88">
						<String ID="P13_ST00121" HPOS="323" VPOS="1331" WIDTH="101" HEIGHT="57" CONTENT="Un" WC="0.65" CC="15"/>
						<SP ID="P13_SP00109" HPOS="424" VPOS="1388" WIDTH="38"/>
						<String ID="P13_ST00122" HPOS="462" VPOS="1331" WIDTH="298" HEIGHT="57" CONTENT="musicien" WC="0.99" CC="06010405"/>
						<SP ID="P13_SP00110" HPOS="760" VPOS="1388" WIDTH="35"/>
						<String ID="P13_ST00123" HPOS="795" VPOS="1350" WIDTH="57" HEIGHT="38" CONTENT="se" WC="0.81" CC="12"/>
						<SP ID="P13_SP00111" HPOS="852" VPOS="1388" WIDTH="36"/>
						<String ID="P13_ST00124" HPOS="888" VPOS="1328" WIDTH="267" HEIGHT="59" CONTENT="trouvait" WC="0.99" CC="40050020"/>
						<SP ID="P13_SP00112" HPOS="1155" VPOS="1388" WIDTH="30"/>
						<String ID="P13_ST00125" HPOS="1185" VPOS="1326" WIDTH="75" HEIGHT="72" CONTENT="là," WC="0.97" CC="060"/>
						<SP ID="P13_SP00113" HPOS="1260" VPOS="1398" WIDTH="38"/>
						<String ID="P13_ST00126" HPOS="1298" VPOS="1338" WIDTH="278" HEIGHT="68" CONTENT="guettant" WC="0.99" CC="05002005"/>
						<SP ID="P13_SP00114" HPOS="1576" VPOS="1406" WIDTH="51"/>
						<String ID="P13_ST00127" HPOS="1627" VPOS="1326" WIDTH="81" HEIGHT="56" CONTENT="les" WC="0.98" CC="500"/>
						<SP ID="P13_SP00115" HPOS="1708" VPOS="1406" WIDTH="38"/>
						<String ID="P13_ST00128" HPOS="1746" VPOS="1323" WIDTH="366" HEIGHT="59" CONTENT="successions" WC="1.00" CC="14000000040"/>
						<SP ID="P13_SP00116" HPOS="2112" VPOS="1406" WIDTH="50"/>
						<String ID="P13_ST00129" HPOS="2162" VPOS="1321" WIDTH="71" HEIGHT="58" CONTENT="de" WC="0.94" CC="01"/>
						<SP ID="P13_SP00117" HPOS="2233" VPOS="1406" WIDTH="52"/>
						<String ID="P13_ST00130" HPOS="2285" VPOS="1321" WIDTH="179" HEIGHT="78" CONTENT="Lully" WC="0.64" CC="04660"/>
						<SP ID="P13_SP00118" HPOS="2464" VPOS="1406" WIDTH="47"/>
						<String ID="P13_ST00131" HPOS="2511" VPOS="1333" WIDTH="58" HEIGHT="43" CONTENT="et" WC="1.00" CC="00"/>
						<SP ID="P13_SP00119" HPOS="2569" VPOS="1406" WIDTH="36"/>
						<String ID="P13_ST00132" HPOS="2605" VPOS="1318" WIDTH="71" HEIGHT="57" CONTENT="de" WC="1.00" CC="00"/>
					</TextLine>
					<TextLine ID="P13_TL00014" HPOS="141" VPOS="1411" WIDTH="2536" HEIGHT="90">
						<String ID="P13_ST00133" HPOS="141" VPOS="1421" WIDTH="240" HEIGHT="58" CONTENT="Boesset" WC="0.89" CC="0020004"/>
						<SP ID="P13_SP00120" HPOS="381" VPOS="1479" WIDTH="37"/>
						<String ID="P13_ST00134" HPOS="418" VPOS="1445" WIDTH="13" HEIGHT="46" CONTENT=";" WC="0.89" CC="1"/>
						<SP ID="P13_SP00121" HPOS="431" VPOS="1491" WIDTH="38"/>
						<String ID="P13_ST00135" HPOS="469" VPOS="1422" WIDTH="42" HEIGHT="56" CONTENT="il" WC="0.90" CC="01"/>
						<SP ID="P13_SP00122" HPOS="511" VPOS="1491" WIDTH="34"/>
						<String ID="P13_ST00136" HPOS="545" VPOS="1420" WIDTH="312" HEIGHT="81" CONTENT="s'appelait" WC="1.00" CC="0060002002"/>
						<SP ID="P13_SP00123" HPOS="857" VPOS="1501" WIDTH="37"/>
						<String ID="P13_ST00137" HPOS="894" VPOS="1417" WIDTH="247" HEIGHT="60" CONTENT="Michel" WC="0.99" CC="030602"/>
						<SP ID="P13_SP00124" HPOS="1141" VPOS="1501" WIDTH="36"/>
						<String ID="P13_ST00138" HPOS="1177" VPOS="1416" WIDTH="352" HEIGHT="60" CONTENT="Delalande." WC="0.89" CC="3000401001"/>
						<SP ID="P13_SP00125" HPOS="1529" VPOS="1501" WIDTH="40"/>
						<String ID="P13_ST00139" HPOS="1569" VPOS="1415" WIDTH="87" HEIGHT="57" CONTENT="Le" WC="1.00" CC="00"/>
						<SP ID="P13_SP00126" HPOS="1656" VPOS="1501" WIDTH="35"/>
						<String ID="P13_ST00140" HPOS="1691" VPOS="1413" WIDTH="118" HEIGHT="59" CONTENT="duc" WC="0.98" CC="050"/>
						<SP ID="P13_SP00127" HPOS="1809" VPOS="1501" WIDTH="35"/>
						<String ID="P13_ST00141" HPOS="1844" VPOS="1413" WIDTH="73" HEIGHT="57" CONTENT="de" WC="0.82" CC="03"/>
						<SP ID="P13_SP00128" HPOS="1917" VPOS="1501" WIDTH="35"/>
						<String ID="P13_ST00142" HPOS="1952" VPOS="1413" WIDTH="272" HEIGHT="57" CONTENT="Noailles" WC="0.89" CC="11040200"/>
						<SP ID="P13_SP00129" HPOS="2224" VPOS="1501" WIDTH="34"/>
						<String ID="P13_ST00143" HPOS="2258" VPOS="1411" WIDTH="200" HEIGHT="57" CONTENT="l'avait" WC="0.99" CC="0000052"/>
						<SP ID="P13_SP00130" HPOS="2458" VPOS="1501" WIDTH="29"/>
						<String ID="P13_ST00144" HPOS="2487" VPOS="1411" WIDTH="159" HEIGHT="56" CONTENT="intro" SUBS_TYPE="HypPart1" SUBS_CONTENT="introduit" WC="0.98" CC="04540"/>
						<HYP HPOS="2646" VPOS="1411" WIDTH="31" CONTENT="-"/>
					</TextLine>
					<TextLine ID="P13_TL00015" HPOS="139" VPOS="1496" WIDTH="2537" HEIGHT="95">
						<String ID="P13_ST00145" HPOS="139" VPOS="1510" WIDTH="134" HEIGHT="58" CONTENT="duit" SUBS_TYPE="HypPart2" SUBS_CONTENT="introduit" WC="0.98" CC="0045"/>
						<SP ID="P13_SP00131" HPOS="273" VPOS="1568" WIDTH="37"/>
						<String ID="P13_ST00146" HPOS="310" VPOS="1510" WIDTH="142" HEIGHT="60" CONTENT="dans" WC="0.99" CC="0040"/>
						<SP ID="P13_SP00132" HPOS="452" VPOS="1570" WIDTH="35"/>
						<String ID="P13_ST00147" HPOS="487" VPOS="1531" WIDTH="67" HEIGHT="37" CONTENT="ce" WC="1.00" CC="00"/>
						<SP ID="P13_SP00133" HPOS="554" VPOS="1570" WIDTH="34"/>
						<String ID="P13_ST00148" HPOS="588" VPOS="1511" WIDTH="155" HEIGHT="80" CONTENT="petit" WC="0.98" CC="00635"/>
						<SP ID="P13_SP00134" HPOS="743" VPOS="1591" WIDTH="36"/>
						<String ID="P13_ST00149" HPOS="779" VPOS="1510" WIDTH="214" HEIGHT="71" CONTENT="cercle," WC="1.00" CC="0010000"/>
						<SP ID="P13_SP00135" HPOS="993" VPOS="1591" WIDTH="40"/>
						<String ID="P13_ST00150" HPOS="1033" VPOS="1509" WIDTH="105" HEIGHT="80" CONTENT="qui" WC="0.98" CC="060"/>
						<SP ID="P13_SP00136" HPOS="1138" VPOS="1591" WIDTH="36"/>
						<String ID="P13_ST00151" HPOS="1174" VPOS="1507" WIDTH="163" HEIGHT="59" CONTENT="allait" WC="1.00" CC="001000"/>
						<SP ID="P13_SP00137" HPOS="1337" VPOS="1591" WIDTH="36"/>
						<String ID="P13_ST00152" HPOS="1373" VPOS="1505" WIDTH="248" HEIGHT="58" CONTENT="devenir" WC="1.00" CC="0000012"/>
						<SP ID="P13_SP00138" HPOS="1621" VPOS="1591" WIDTH="34"/>
						<String ID="P13_ST00153" HPOS="1655" VPOS="1519" WIDTH="135" HEIGHT="44" CONTENT="tout" WC="0.97" CC="4244"/>
						<SP ID="P13_SP00139" HPOS="1790" VPOS="1591" WIDTH="52"/>
						<String ID="P13_ST00154" HPOS="1842" VPOS="1503" WIDTH="268" HEIGHT="82" CONTENT="puissant" WC="1.00" CC="05300000"/>
						<SP ID="P13_SP00140" HPOS="2110" VPOS="1591" WIDTH="49"/>
						<String ID="P13_ST00155" HPOS="2159" VPOS="1521" WIDTH="145" HEIGHT="38" CONTENT="avec" WC="1.00" CC="0000"/>
						<SP ID="P13_SP00141" HPOS="2304" VPOS="1591" WIDTH="49"/>
						<String ID="P13_ST00156" HPOS="2353" VPOS="1502" WIDTH="53" HEIGHT="55" CONTENT="le" WC="0.80" CC="12"/>
						<SP ID="P13_SP00142" HPOS="2406" VPOS="1591" WIDTH="45"/>
						<String ID="P13_ST00157" HPOS="2451" VPOS="1498" WIDTH="118" HEIGHT="59" CONTENT="duc" WC="0.99" CC="030"/>
						<SP ID="P13_SP00143" HPOS="2569" VPOS="1591" WIDTH="35"/>
						<String ID="P13_ST00158" HPOS="2604" VPOS="1496" WIDTH="72" HEIGHT="60" CONTENT="de" WC="1.00" CC="00"/>
					</TextLine>
					<TextLine ID="P13_TL00016" HPOS="141" VPOS="1586" WIDTH="2534" HEIGHT="95">
						<String ID="P13_ST00159" HPOS="141" VPOS="1601" WIDTH="389" HEIGHT="80" CONTENT="Bourgogne." WC="1.00" CC="4000900002"/>
						<SP ID="P13_SP00144" HPOS="530" VPOS="1681" WIDTH="39"/>
						<String ID="P13_ST00160" HPOS="569" VPOS="1600" WIDTH="264" HEIGHT="60" CONTENT="Lalande" WC="0.80" CC="0008301"/>
						<SP ID="P13_SP00145" HPOS="833" VPOS="1681" WIDTH="36"/>
						<String ID="P13_ST00161" HPOS="869" VPOS="1614" WIDTH="170" HEIGHT="66" CONTENT="reçut" WC="0.99" CC="03100"/>
						<SP ID="P13_SP00146" HPOS="1039" VPOS="1681" WIDTH="34"/>
						<String ID="P13_ST00162" HPOS="1073" VPOS="1600" WIDTH="54" HEIGHT="56" CONTENT="le" WC="0.87" CC="20"/>
						<SP ID="P13_SP00147" HPOS="1127" VPOS="1681" WIDTH="38"/>
						<String ID="P13_ST00163" HPOS="1165" VPOS="1619" WIDTH="34" HEIGHT="57" CONTENT="9" WC="0.41" CC="5"/>
						<SP ID="P13_SP00148" HPOS="1199" VPOS="1681" WIDTH="39"/>
						<String ID="P13_ST00164" HPOS="1238" VPOS="1597" WIDTH="230" HEIGHT="74" CONTENT="janvier" WC="0.99" CC="0040214"/>
						<SP ID="P13_SP00149" HPOS="1468" VPOS="1681" WIDTH="43"/>
						<String ID="P13_ST00165" HPOS="1511" VPOS="1595" WIDTH="160" HEIGHT="79" CONTENT="1689" WC="0.86" CC="0050"/>
						<SP ID="P13_SP00150" HPOS="1671" VPOS="1681" WIDTH="39"/>
						<String ID="P13_ST00166" HPOS="1710" VPOS="1615" WIDTH="106" HEIGHT="38" CONTENT="son" WC="0.96" CC="207"/>
						<SP ID="P13_SP00151" HPOS="1816" VPOS="1681" WIDTH="37"/>
						<String ID="P13_ST00167" HPOS="1853" VPOS="1595" WIDTH="207" HEIGHT="57" CONTENT="brevet" WC="1.00" CC="000030"/>
						<SP ID="P13_SP00152" HPOS="2060" VPOS="1681" WIDTH="45"/>
						<String ID="P13_ST00168" HPOS="2105" VPOS="1592" WIDTH="72" HEIGHT="58" CONTENT="de" WC="0.80" CC="04"/>
						<SP ID="P13_SP00153" HPOS="2177" VPOS="1681" WIDTH="22"/>
						<String ID="P13_ST00169" HPOS="2199" VPOS="1589" WIDTH="417" HEIGHT="62" CONTENT="surintendant" WC="1.00" CC="032010120040"/>
						<SP ID="P13_SP00154" HPOS="2616" VPOS="1681" WIDTH="24"/>
						<String ID="P13_ST00170" HPOS="2640" VPOS="1586" WIDTH="35" HEIGHT="72" CONTENT="\" WC="1.00" CC="9"/>
					</TextLine>
					<TextLine ID="P13_TL00017" HPOS="137" VPOS="1677" WIDTH="2540" HEIGHT="94">
						<String ID="P13_ST00171" HPOS="137" VPOS="1690" WIDTH="225" HEIGHT="81" CONTENT="charge" WC="0.99" CC="550000"/>
						<SP ID="P13_SP00155" HPOS="362" VPOS="1771" WIDTH="34"/>
						<String ID="P13_ST00172" HPOS="396" VPOS="1689" WIDTH="272" HEIGHT="61" CONTENT="déclarée" WC="0.99" CC="05000260"/>
						<SP ID="P13_SP00156" HPOS="668" VPOS="1771" WIDTH="36"/>
						<String ID="P13_ST00173" HPOS="704" VPOS="1705" WIDTH="250" HEIGHT="44" CONTENT="vacante" WC="0.99" CC="0500330"/>
						<SP ID="P13_SP00157" HPOS="954" VPOS="1771" WIDTH="34"/>
						<String ID="P13_ST00174" HPOS="988" VPOS="1710" WIDTH="107" HEIGHT="61" CONTENT="par" WC="0.98" CC="005"/>
						<SP ID="P13_SP00158" HPOS="1095" VPOS="1771" WIDTH="33"/>
						<String ID="P13_ST00175" HPOS="1128" VPOS="1690" WIDTH="55" HEIGHT="57" CONTENT="la" WC="1.00" CC="00"/>
						<SP ID="P13_SP00159" HPOS="1183" VPOS="1771" WIDTH="34"/>
						<String ID="P13_ST00176" HPOS="1217" VPOS="1702" WIDTH="162" HEIGHT="44" CONTENT="mort" WC="0.99" CC="0300"/>
						<SP ID="P13_SP00160" HPOS="1379" VPOS="1771" WIDTH="36"/>
						<String ID="P13_ST00177" HPOS="1415" VPOS="1686" WIDTH="71" HEIGHT="59" CONTENT="de" WC="0.98" CC="00"/>
						<SP ID="P13_SP00161" HPOS="1486" VPOS="1771" WIDTH="27"/>
						<String ID="P13_ST00178" HPOS="1513" VPOS="1686" WIDTH="166" HEIGHT="79" CONTENT="J.-L." WC="0.77" CC="04204"/>
						<SP ID="P13_SP00162" HPOS="1679" VPOS="1771" WIDTH="41"/>
						<String ID="P13_ST00179" HPOS="1720" VPOS="1685" WIDTH="184" HEIGHT="80" CONTENT="Lully" WC="0.85" CC="06000"/>
						<SP ID="P13_SP00163" HPOS="1904" VPOS="1771" WIDTH="35"/>
						<String ID="P13_ST00180" HPOS="1939" VPOS="1709" WIDTH="13" HEIGHT="46" CONTENT=";" WC="0.54" CC="4"/>
						<SP ID="P13_SP00164" HPOS="1952" VPOS="1771" WIDTH="53"/>
						<String ID="P13_ST00181" HPOS="2005" VPOS="1697" WIDTH="59" HEIGHT="44" CONTENT="et" WC="1.00" CC="00"/>
						<SP ID="P13_SP00165" HPOS="2064" VPOS="1771" WIDTH="48"/>
						<String ID="P13_ST00182" HPOS="2112" VPOS="1683" WIDTH="55" HEIGHT="57" CONTENT="le" WC="1.00" CC="00"/>
						<SP ID="P13_SP00166" HPOS="2167" VPOS="1771" WIDTH="61"/>
						<String ID="P13_ST00183" HPOS="2228" VPOS="1700" WIDTH="68" HEIGHT="60" CONTENT="15" WC="0.35" CC="75"/>
						<SP ID="P13_SP00167" HPOS="2296" VPOS="1771" WIDTH="40"/>
						<String ID="P13_ST00184" HPOS="2336" VPOS="1677" WIDTH="341" HEIGHT="83" CONTENT="septembre" WC="1.00" CC="020000360"/>
					</TextLine>
					<TextLine ID="P13_TL00018" HPOS="150" VPOS="1769" WIDTH="2527" HEIGHT="93">
						<String ID="P13_ST00185" HPOS="150" VPOS="1780" WIDTH="164" HEIGHT="79" CONTENT="1690" WC="1.00" CC="0000"/>
						<SP ID="P13_SP00168" HPOS="314" VPOS="1859" WIDTH="34"/>
						<String ID="P13_ST00186" HPOS="348" VPOS="1782" WIDTH="43" HEIGHT="57" CONTENT="il" WC="0.87" CC="02"/>
						<SP ID="P13_SP00169" HPOS="391" VPOS="1859" WIDTH="33"/>
						<String ID="P13_ST00187" HPOS="424" VPOS="1796" WIDTH="85" HEIGHT="43" CONTENT="est" WC="0.97" CC="402"/>
						<SP ID="P13_SP00170" HPOS="509" VPOS="1859" WIDTH="36"/>
						<String ID="P13_ST00188" HPOS="545" VPOS="1778" WIDTH="250" HEIGHT="61" CONTENT="nommé" WC="0.98" CC="44006"/>
						<SP ID="P13_SP00171" HPOS="795" VPOS="1859" WIDTH="37"/>
						<String ID="P13_ST00189" HPOS="832" VPOS="1779" WIDTH="352" HEIGHT="83" CONTENT="compositeur" WC="0.99" CC="05065400400" STYLEREFS="TXT_2"/>
						<SP ID="P13_SP00172" HPOS="1184" VPOS="1862" WIDTH="30"/>
						<String ID="P13_ST00190" HPOS="1214" VPOS="1778" WIDTH="66" HEIGHT="58" CONTENT="de" WC="1.00" CC="00" STYLEREFS="TXT_2"/>
						<SP ID="P13_SP00173" HPOS="1280" VPOS="1862" WIDTH="33"/>
						<String ID="P13_ST00191" HPOS="1313" VPOS="1778" WIDTH="60" HEIGHT="57" CONTENT="la" WC="1.00" CC="00" STYLEREFS="TXT_2"/>
						<SP ID="P13_SP00174" HPOS="1373" VPOS="1862" WIDTH="34"/>
						<String ID="P13_ST00192" HPOS="1407" VPOS="1774" WIDTH="257" HEIGHT="61" CONTENT="chambre" WC="0.99" CC="0076400" STYLEREFS="TXT_2"/>
						<SP ID="P13_SP00175" HPOS="1664" VPOS="1862" WIDTH="32"/>
						<String ID="P13_ST00193" HPOS="1696" VPOS="1773" WIDTH="16" HEIGHT="26" CONTENT="2" STYLE="superscript" WC="0.04" CC="9"/>
						<SP ID="P13_SP00176" HPOS="1712" VPOS="1862" WIDTH="33"/>
						<String ID="P13_ST00194" HPOS="1745" VPOS="1796" WIDTH="75" HEIGHT="35" CONTENT="en" WC="1.00" CC="00"/>
						<SP ID="P13_SP00177" HPOS="1820" VPOS="1862" WIDTH="36"/>
						<String ID="P13_ST00195" HPOS="1856" VPOS="1773" WIDTH="476" HEIGHT="80" CONTENT="remplacement" WC="1.00" CC="020000030030"/>
						<SP ID="P13_SP00178" HPOS="2332" VPOS="1862" WIDTH="29"/>
						<String ID="P13_ST00196" HPOS="2361" VPOS="1769" WIDTH="80" HEIGHT="58" CONTENT="du" WC="0.81" CC="03"/>
						<SP ID="P13_SP00179" HPOS="2441" VPOS="1862" WIDTH="34"/>
						<String ID="P13_ST00197" HPOS="2475" VPOS="1788" WIDTH="202" HEIGHT="38" CONTENT="meme" WC="0.82" CC="0501"/>
					</TextLine>
					<TextLine ID="P13_TL00019" HPOS="142" VPOS="1869" WIDTH="459" HEIGHT="83">
						<String ID="P13_ST00198" HPOS="142" VPOS="1871" WIDTH="178" HEIGHT="81" CONTENT="Lully" WC="0.87" CC="03200"/>
						<SP ID="P13_SP00180" HPOS="320" VPOS="1952" WIDTH="37"/>
						<String ID="P13_ST00199" HPOS="357" VPOS="1869" WIDTH="244" HEIGHT="61" CONTENT="décédé." WC="0.98" CC="0656553"/>
					</TextLine>
				</TextBlock>
				<TextBlock ID="P13_TB00004" HPOS="127" VPOS="2102" WIDTH="2553" HEIGHT="1453" STYLEREFS="TXT_1 PAR_BLOCK">
					<TextLine ID="P13_TL00020" HPOS="321" VPOS="2102" WIDTH="2359" HEIGHT="94">
						<String ID="P13_ST00200" HPOS="321" VPOS="2118" WIDTH="138" HEIGHT="65" CONTENT="Que" WC="0.98" CC="400"/>
						<SP ID="P13_SP00181" HPOS="459" VPOS="2183" WIDTH="34"/>
						<String ID="P13_ST00201" HPOS="493" VPOS="2132" WIDTH="147" HEIGHT="43" CONTENT="vont" WC="0.98" CC="0060"/>
						<SP ID="P13_SP00182" HPOS="640" VPOS="2183" WIDTH="35"/>
						<String ID="P13_ST00202" HPOS="675" VPOS="2117" WIDTH="247" HEIGHT="58" CONTENT="devenir" WC="0.98" CC="6016643"/>
						<SP ID="P13_SP00183" HPOS="922" VPOS="2183" WIDTH="33"/>
						<String ID="P13_ST00203" HPOS="955" VPOS="2118" WIDTH="83" HEIGHT="56" CONTENT="les" WC="0.99" CC="300"/>
						<SP ID="P13_SP00184" HPOS="1038" VPOS="2183" WIDTH="34"/>
						<String ID="P13_ST00204" HPOS="1072" VPOS="2116" WIDTH="184" HEIGHT="80" CONTENT="Lully" WC="0.76" CC="20305"/>
						<SP ID="P13_SP00185" HPOS="1256" VPOS="2196" WIDTH="32"/>
						<String ID="P13_ST00205" HPOS="1288" VPOS="2116" WIDTH="19" HEIGHT="57" CONTENT="?" WC="0.56" CC="4"/>
						<SP ID="P13_SP00186" HPOS="1307" VPOS="2196" WIDTH="42"/>
						<String ID="P13_ST00206" HPOS="1349" VPOS="2113" WIDTH="79" HEIGHT="60" CONTENT="Ils" WC="0.99" CC="300"/>
						<SP ID="P13_SP00187" HPOS="1428" VPOS="2196" WIDTH="34"/>
						<String ID="P13_ST00207" HPOS="1462" VPOS="2108" WIDTH="331" HEIGHT="85" CONTENT="procèdent" WC="0.99" CC="201080000"/>
						<SP ID="P13_SP00188" HPOS="1793" VPOS="2196" WIDTH="36"/>
						<String ID="P13_ST00208" HPOS="1829" VPOS="2123" WIDTH="135" HEIGHT="43" CONTENT="tout" WC="0.99" CC="0030"/>
						<SP ID="P13_SP00189" HPOS="1964" VPOS="2196" WIDTH="50"/>
						<String ID="P13_ST00209" HPOS="2014" VPOS="2104" WIDTH="249" HEIGHT="61" CONTENT="d'abord" WC="0.98" CC="0466050"/>
						<SP ID="P13_SP00190" HPOS="2263" VPOS="2196" WIDTH="49"/>
						<String ID="P13_ST00210" HPOS="2312" VPOS="2127" WIDTH="31" HEIGHT="36" CONTENT="a" WC="0.64" CC="3"/>
						<SP ID="P13_SP00191" HPOS="2343" VPOS="2196" WIDTH="49"/>
						<String ID="P13_ST00211" HPOS="2392" VPOS="2104" WIDTH="54" HEIGHT="59" CONTENT="la" WC="0.77" CC="40"/>
						<SP ID="P13_SP00192" HPOS="2446" VPOS="2196" WIDTH="48"/>
						<String ID="P13_ST00212" HPOS="2494" VPOS="2102" WIDTH="155" HEIGHT="80" CONTENT="liqui" SUBS_TYPE="HypPart1" SUBS_CONTENT="liquidation" WC="0.98" CC="03656"/>
						<HYP HPOS="2649" VPOS="2102" WIDTH="31" CONTENT="-"/>
					</TextLine>
					<TextLine ID="P13_TL00021" HPOS="137" VPOS="2192" WIDTH="2543" HEIGHT="93">
						<String ID="P13_ST00213" HPOS="137" VPOS="2206" WIDTH="209" HEIGHT="59" CONTENT="dation" SUBS_TYPE="HypPart2" SUBS_CONTENT="liquidation" WC="0.99" CC="062005"/>
						<SP ID="P13_SP00193" HPOS="346" VPOS="2265" WIDTH="36"/>
						<String ID="P13_ST00214" HPOS="382" VPOS="2207" WIDTH="72" HEIGHT="58" CONTENT="de" WC="1.00" CC="00"/>
						<SP ID="P13_SP00194" HPOS="454" VPOS="2265" WIDTH="33"/>
						<String ID="P13_ST00215" HPOS="487" VPOS="2208" WIDTH="54" HEIGHT="59" CONTENT="la" WC="1.00" CC="00"/>
						<SP ID="P13_SP00195" HPOS="541" VPOS="2267" WIDTH="45"/>
						<String ID="P13_ST00216" HPOS="586" VPOS="2208" WIDTH="335" HEIGHT="59" CONTENT="succession" WC="1.00" CC="0300007202"/>
						<SP ID="P13_SP00196" HPOS="921" VPOS="2267" WIDTH="52"/>
						<String ID="P13_ST00217" HPOS="973" VPOS="2206" WIDTH="72" HEIGHT="59" CONTENT="de" WC="1.00" CC="00"/>
						<SP ID="P13_SP00197" HPOS="1045" VPOS="2267" WIDTH="42"/>
						<String ID="P13_ST00218" HPOS="1087" VPOS="2205" WIDTH="397" HEIGHT="80" CONTENT="Jean-Louis," WC="1.00" CC="01000306205"/>
						<SP ID="P13_SP00198" HPOS="1484" VPOS="2285" WIDTH="36"/>
						<String ID="P13_ST00219" HPOS="1520" VPOS="2215" WIDTH="163" HEIGHT="45" CONTENT="mort" WC="0.98" CC="2304"/>
						<SP ID="P13_SP00199" HPOS="1683" VPOS="2285" WIDTH="51"/>
						<String ID="P13_ST00220" HPOS="1734" VPOS="2220" WIDTH="128" HEIGHT="39" CONTENT="sans" WC="0.98" CC="0360"/>
						<SP ID="P13_SP00200" HPOS="1862" VPOS="2285" WIDTH="50"/>
						<String ID="P13_ST00221" HPOS="1912" VPOS="2194" WIDTH="308" HEIGHT="85" CONTENT="postérité." WC="0.99" CC="4102701573"/>
						<SP ID="P13_SP00201" HPOS="2220" VPOS="2285" WIDTH="42"/>
						<String ID="P13_ST00222" HPOS="2262" VPOS="2193" WIDTH="315" HEIGHT="81" CONTENT="Pourquoi" WC="0.99" CC="05592030"/>
						<SP ID="P13_SP00202" HPOS="2577" VPOS="2285" WIDTH="48"/>
						<String ID="P13_ST00223" HPOS="2625" VPOS="2192" WIDTH="55" HEIGHT="57" CONTENT="la" WC="0.91" CC="10"/>
					</TextLine>
					<TextLine ID="P13_TL00022" HPOS="127" VPOS="2283" WIDTH="2550" HEIGHT="94">
						<String ID="P13_ST00224" HPOS="127" VPOS="2297" WIDTH="222" HEIGHT="80" CONTENT="justice" WC="0.99" CC="6002400"/>
						<SP ID="P13_SP00203" HPOS="349" VPOS="2377" WIDTH="35"/>
						<String ID="P13_ST00225" HPOS="384" VPOS="2298" WIDTH="255" HEIGHT="59" CONTENT="dut-elle" WC="0.99" CC="04000072"/>
						<SP ID="P13_SP00204" HPOS="639" VPOS="2377" WIDTH="36"/>
						<String ID="P13_ST00226" HPOS="675" VPOS="2300" WIDTH="331" HEIGHT="57" CONTENT="intervenir" WC="1.00" CC="4130000331"/>
						<SP ID="P13_SP00205" HPOS="1006" VPOS="2377" WIDTH="34"/>
						<String ID="P13_ST00227" HPOS="1040" VPOS="2297" WIDTH="144" HEIGHT="59" CONTENT="dans" WC="1.00" CC="0020"/>
						<SP ID="P13_SP00206" HPOS="1184" VPOS="2377" WIDTH="34"/>
						<String ID="P13_ST00228" HPOS="1218" VPOS="2318" WIDTH="95" HEIGHT="36" CONTENT="ces" WC="0.99" CC="200"/>
						<SP ID="P13_SP00207" HPOS="1313" VPOS="2377" WIDTH="36"/>
						<String ID="P13_ST00229" HPOS="1349" VPOS="2293" WIDTH="395" HEIGHT="82" CONTENT="règlements?" WC="1.00" CC="07530000000"/>
						<SP ID="P13_SP00208" HPOS="1744" VPOS="2377" WIDTH="29"/>
						<String ID="P13_ST00230" HPOS="1773" VPOS="2292" WIDTH="178" HEIGHT="57" CONTENT="Nous" WC="0.99" CC="0040"/>
						<SP ID="P13_SP00209" HPOS="1951" VPOS="2377" WIDTH="34"/>
						<String ID="P13_ST00231" HPOS="1985" VPOS="2288" WIDTH="139" HEIGHT="59" CONTENT="n'en" WC="0.99" CC="0003"/>
						<SP ID="P13_SP00210" HPOS="2124" VPOS="2377" WIDTH="34"/>
						<String ID="P13_ST00232" HPOS="2158" VPOS="2306" WIDTH="212" HEIGHT="39" CONTENT="savons" WC="0.99" CC="000360"/>
						<SP ID="P13_SP00211" HPOS="2370" VPOS="2377" WIDTH="34"/>
						<String ID="P13_ST00233" HPOS="2404" VPOS="2286" WIDTH="148" HEIGHT="56" CONTENT="rien." WC="0.99" CC="03033"/>
						<SP ID="P13_SP00212" HPOS="2552" VPOS="2377" WIDTH="43"/>
						<String ID="P13_ST00234" HPOS="2595" VPOS="2283" WIDTH="82" HEIGHT="57" CONTENT="Le" WC="0.93" CC="01"/>
					</TextLine>
					<TextLine ID="P13_TL00023" HPOS="140" VPOS="2373" WIDTH="2537" HEIGHT="97">
						<String ID="P13_ST00235" HPOS="140" VPOS="2386" WIDTH="107" HEIGHT="60" CONTENT="fait" WC="0.97" CC="7420"/>
						<SP ID="P13_SP00213" HPOS="247" VPOS="2446" WIDTH="35"/>
						<String ID="P13_ST00236" HPOS="282" VPOS="2404" WIDTH="85" HEIGHT="43" CONTENT="est" WC="0.98" CC="005"/>
						<SP ID="P13_SP00214" HPOS="367" VPOS="2447" WIDTH="37"/>
						<String ID="P13_ST00237" HPOS="404" VPOS="2390" WIDTH="338" HEIGHT="80" CONTENT="cependant" WC="1.00" CC="000020000"/>
						<SP ID="P13_SP00215" HPOS="742" VPOS="2470" WIDTH="28"/>
						<String ID="P13_ST00238" HPOS="770" VPOS="2410" WIDTH="118" HEIGHT="60" CONTENT="que" WC="0.97" CC="043"/>
						<SP ID="P13_SP00216" HPOS="888" VPOS="2470" WIDTH="34"/>
						<String ID="P13_ST00239" HPOS="922" VPOS="2389" WIDTH="83" HEIGHT="58" CONTENT="les" WC="1.00" CC="100"/>
						<SP ID="P13_SP00217" HPOS="1005" VPOS="2470" WIDTH="44"/>
						<String ID="P13_ST00240" HPOS="1049" VPOS="2385" WIDTH="335" HEIGHT="61" CONTENT="créanciers" WC="1.00" CC="0450201000"/>
						<SP ID="P13_SP00218" HPOS="1384" VPOS="2470" WIDTH="50"/>
						<String ID="P13_ST00241" HPOS="1434" VPOS="2381" WIDTH="420" HEIGHT="62" CONTENT="actionnèrent" WC="0.99" CC="904343270040"/>
						<SP ID="P13_SP00219" HPOS="1854" VPOS="2470" WIDTH="50"/>
						<String ID="P13_ST00242" HPOS="1904" VPOS="2394" WIDTH="58" HEIGHT="44" CONTENT="et" WC="0.88" CC="02"/>
						<SP ID="P13_SP00220" HPOS="1962" VPOS="2470" WIDTH="52"/>
						<String ID="P13_ST00243" HPOS="2014" VPOS="2377" WIDTH="312" HEIGHT="60" CONTENT="obtinrent" WC="1.00" CC="010200003"/>
						<SP ID="P13_SP00221" HPOS="2326" VPOS="2470" WIDTH="50"/>
						<String ID="P13_ST00244" HPOS="2376" VPOS="2395" WIDTH="80" HEIGHT="37" CONTENT="un" WC="0.84" CC="30"/>
						<SP ID="P13_SP00222" HPOS="2456" VPOS="2470" WIDTH="42"/>
						<String ID="P13_ST00245" HPOS="2498" VPOS="2373" WIDTH="144" HEIGHT="79" CONTENT="juge" SUBS_TYPE="HypPart1" SUBS_CONTENT="jugement" WC="0.97" CC="5750"/>
						<HYP HPOS="2642" VPOS="2373" WIDTH="35" CONTENT="-"/>
					</TextLine>
					<TextLine ID="P13_TL00024" HPOS="139" VPOS="2464" WIDTH="2537" HEIGHT="95">
						<String ID="P13_ST00246" HPOS="139" VPOS="2493" WIDTH="167" HEIGHT="43" CONTENT="ment" SUBS_TYPE="HypPart2" SUBS_CONTENT="jugement" WC="0.98" CC="0071"/>
						<SP ID="P13_SP00223" HPOS="306" VPOS="2536" WIDTH="35"/>
						<String ID="P13_ST00247" HPOS="341" VPOS="2476" WIDTH="16" HEIGHT="27" CONTENT="3" STYLE="superscript" WC="0.43" CC="5"/>
						<String ID="P13_ST00248" HPOS="363" VPOS="2526" WIDTH="12" HEIGHT="11" CONTENT="." WC="0.93" CC="0"/>
						<SP ID="P13_SP00224" HPOS="375" VPOS="2537" WIDTH="40"/>
						<String ID="P13_ST00249" HPOS="415" VPOS="2479" WIDTH="51" HEIGHT="57" CONTENT="Il" WC="0.98" CC="00"/>
						<SP ID="P13_SP00225" HPOS="466" VPOS="2537" WIDTH="54"/>
						<String ID="P13_ST00250" HPOS="520" VPOS="2500" WIDTH="73" HEIGHT="37" CONTENT="ne" WC="0.79" CC="03"/>
						<SP ID="P13_SP00226" HPOS="593" VPOS="2537" WIDTH="51"/>
						<String ID="P13_ST00251" HPOS="644" VPOS="2480" WIDTH="287" HEIGHT="79" CONTENT="s'agissait" WC="1.00" CC="0000000002"/>
						<SP ID="P13_SP00227" HPOS="931" VPOS="2559" WIDTH="52"/>
						<String ID="P13_ST00252" HPOS="983" VPOS="2499" WIDTH="120" HEIGHT="60" CONTENT="que" WC="0.96" CC="460"/>
						<SP ID="P13_SP00228" HPOS="1103" VPOS="2559" WIDTH="39"/>
						<String ID="P13_ST00253" HPOS="1142" VPOS="2475" WIDTH="74" HEIGHT="60" CONTENT="de" WC="0.87" CC="02"/>
						<SP ID="P13_SP00229" HPOS="1216" VPOS="2559" WIDTH="49"/>
						<String ID="P13_ST00254" HPOS="1265" VPOS="2494" WIDTH="197" HEIGHT="61" CONTENT="7,490" WC="0.58" CC="52506"/>
						<SP ID="P13_SP00230" HPOS="1462" VPOS="2559" WIDTH="35"/>
						<String ID="P13_ST00255" HPOS="1497" VPOS="2474" WIDTH="181" HEIGHT="58" CONTENT="livres" WC="0.99" CC="530400"/>
						<SP ID="P13_SP00231" HPOS="1678" VPOS="2559" WIDTH="35"/>
						<String ID="P13_ST00256" HPOS="1713" VPOS="2471" WIDTH="72" HEIGHT="59" CONTENT="de" WC="1.00" CC="00"/>
						<SP ID="P13_SP00232" HPOS="1785" VPOS="2559" WIDTH="34"/>
						<String ID="P13_ST00257" HPOS="1819" VPOS="2489" WIDTH="251" HEIGHT="39" CONTENT="menues" WC="1.00" CC="020100"/>
						<SP ID="P13_SP00233" HPOS="2070" VPOS="2559" WIDTH="33"/>
						<String ID="P13_ST00258" HPOS="2103" VPOS="2465" WIDTH="262" HEIGHT="60" CONTENT="factures" WC="0.99" CC="67004000"/>
						<SP ID="P13_SP00234" HPOS="2365" VPOS="2559" WIDTH="34"/>
						<String ID="P13_ST00259" HPOS="2399" VPOS="2464" WIDTH="277" HEIGHT="68" CONTENT="diverses," WC="1.00" CC="040000000"/>
					</TextLine>
					<TextLine ID="P13_TL00025" HPOS="140" VPOS="2554" WIDTH="2536" HEIGHT="96">
						<String ID="P13_ST00260" HPOS="140" VPOS="2566" WIDTH="321" HEIGHT="60" CONTENT="réclamées" WC="1.00" CC="060000400"/>
						<SP ID="P13_SP00235" HPOS="461" VPOS="2626" WIDTH="46"/>
						<String ID="P13_ST00261" HPOS="507" VPOS="2591" WIDTH="104" HEIGHT="59" CONTENT="par" WC="0.95" CC="904"/>
						<SP ID="P13_SP00236" HPOS="611" VPOS="2650" WIDTH="43"/>
						<String ID="P13_ST00262" HPOS="654" VPOS="2568" WIDTH="102" HEIGHT="59" CONTENT="des" WC="1.00" CC="000"/>
						<SP ID="P13_SP00237" HPOS="756" VPOS="2650" WIDTH="33"/>
						<String ID="P13_ST00263" HPOS="789" VPOS="2566" WIDTH="399" HEIGHT="61" CONTENT="fournisseurs" WC="1.00" CC="001003000510"/>
						<SP ID="P13_SP00238" HPOS="1188" VPOS="2650" WIDTH="24"/>
						<String ID="P13_ST00264" HPOS="1212" VPOS="2588" WIDTH="11" HEIGHT="37" CONTENT=":" WC="0.67" CC="3"/>
						<SP ID="P13_SP00239" HPOS="1223" VPOS="2650" WIDTH="40"/>
						<String ID="P13_ST00265" HPOS="1263" VPOS="2565" WIDTH="355" HEIGHT="69" CONTENT="bourrelier," WC="0.99" CC="01404005050"/>
						<SP ID="P13_SP00240" HPOS="1618" VPOS="2650" WIDTH="57"/>
						<String ID="P13_ST00266" HPOS="1675" VPOS="2560" WIDTH="369" HEIGHT="69" CONTENT="chandelier," WC="1.00" CC="03020050040"/>
						<SP ID="P13_SP00241" HPOS="2044" VPOS="2650" WIDTH="59"/>
						<String ID="P13_ST00267" HPOS="2103" VPOS="2558" WIDTH="303" HEIGHT="67" CONTENT="rôtisseur," WC="1.00" CC="0000000440"/>
						<SP ID="P13_SP00242" HPOS="2406" VPOS="2650" WIDTH="58"/>
						<String ID="P13_ST00268" HPOS="2464" VPOS="2554" WIDTH="212" HEIGHT="67" CONTENT="sellier," WC="1.00" CC="00203000"/>
					</TextLine>
					<TextLine ID="P13_TL00026" HPOS="141" VPOS="2643" WIDTH="2539" HEIGHT="75">
						<String ID="P13_ST00269" HPOS="141" VPOS="2658" WIDTH="333" HEIGHT="60" CONTENT="marchand" WC="1.00" CC="09000000"/>
						<SP ID="P13_SP00243" HPOS="474" VPOS="2718" WIDTH="49"/>
						<String ID="P13_ST00270" HPOS="523" VPOS="2659" WIDTH="72" HEIGHT="59" CONTENT="de" WC="1.00" CC="00"/>
						<SP ID="P13_SP00244" HPOS="595" VPOS="2718" WIDTH="45"/>
						<String ID="P13_ST00271" HPOS="640" VPOS="2659" WIDTH="286" HEIGHT="59" CONTENT="dentelles" WC="1.00" CC="005001000"/>
						<SP ID="P13_SP00245" HPOS="926" VPOS="2718" WIDTH="43"/>
						<String ID="P13_ST00272" HPOS="969" VPOS="2673" WIDTH="60" HEIGHT="45" CONTENT="et" WC="0.59" CC="43"/>
						<SP ID="P13_SP00246" HPOS="1029" VPOS="2718" WIDTH="43"/>
						<String ID="P13_ST00273" HPOS="1072" VPOS="2655" WIDTH="376" HEIGHT="61" CONTENT="l'inévitable" WC="1.00" CC="225050020300"/>
						<SP ID="P13_SP00247" HPOS="1448" VPOS="2718" WIDTH="46"/>
						<String ID="P13_ST00274" HPOS="1494" VPOS="2654" WIDTH="255" HEIGHT="60" CONTENT="tailleur." WC="0.99" CC="403040504"/>
						<SP ID="P13_SP00248" HPOS="1749" VPOS="2718" WIDTH="43"/>
						<String ID="P13_ST00275" HPOS="1792" VPOS="2653" WIDTH="114" HEIGHT="57" CONTENT="Ces" WC="0.96" CC="350"/>
						<SP ID="P13_SP00249" HPOS="1906" VPOS="2718" WIDTH="45"/>
						<String ID="P13_ST00276" HPOS="1951" VPOS="2649" WIDTH="192" HEIGHT="58" CONTENT="dettes" WC="1.00" CC="000020"/>
						<SP ID="P13_SP00250" HPOS="2143" VPOS="2718" WIDTH="43"/>
						<String ID="P13_ST00277" HPOS="2186" VPOS="2643" WIDTH="237" HEIGHT="62" CONTENT="infimes" WC="0.99" CC="2079000"/>
						<SP ID="P13_SP00251" HPOS="2423" VPOS="2718" WIDTH="35"/>
						<String ID="P13_ST00278" HPOS="2458" VPOS="2643" WIDTH="185" HEIGHT="58" CONTENT="témoi" SUBS_TYPE="HypPart1" SUBS_CONTENT="témoignent" WC="0.99" CC="40040"/>
						<HYP HPOS="2643" VPOS="2643" WIDTH="37" CONTENT="-"/>
					</TextLine>
					<TextLine ID="P13_TL00027" HPOS="141" VPOS="2732" WIDTH="2539" HEIGHT="96">
						<String ID="P13_ST00279" HPOS="141" VPOS="2762" WIDTH="188" HEIGHT="66" CONTENT="gnent" SUBS_TYPE="HypPart2" SUBS_CONTENT="témoignent" WC="0.98" CC="06060"/>
						<SP ID="P13_SP00252" HPOS="329" VPOS="2828" WIDTH="36"/>
						<String ID="P13_ST00280" HPOS="365" VPOS="2747" WIDTH="152" HEIGHT="59" CONTENT="chez" WC="0.99" CC="0600"/>
						<SP ID="P13_SP00253" HPOS="517" VPOS="2828" WIDTH="32"/>
						<String ID="P13_ST00281" HPOS="549" VPOS="2751" WIDTH="53" HEIGHT="55" CONTENT="le" WC="0.90" CC="10"/>
						<SP ID="P13_SP00254" HPOS="602" VPOS="2828" WIDTH="34"/>
						<String ID="P13_ST00282" HPOS="636" VPOS="2749" WIDTH="421" HEIGHT="59" CONTENT="surintendant" WC="1.00" CC="000430310030"/>
						<SP ID="P13_SP00255" HPOS="1057" VPOS="2828" WIDTH="26"/>
						<String ID="P13_ST00283" HPOS="1083" VPOS="2770" WIDTH="119" HEIGHT="36" CONTENT="une" WC="0.98" CC="050"/>
						<SP ID="P13_SP00256" HPOS="1202" VPOS="2828" WIDTH="33"/>
						<String ID="P13_ST00284" HPOS="1235" VPOS="2747" WIDTH="289" HEIGHT="59" CONTENT="situation" WC="0.99" CC="030603007"/>
						<SP ID="P13_SP00257" HPOS="1524" VPOS="2828" WIDTH="36"/>
						<String ID="P13_ST00285" HPOS="1560" VPOS="2739" WIDTH="388" HEIGHT="71" CONTENT="embarassée," WC="0.80" CC="30500600600"/>
						<SP ID="P13_SP00258" HPOS="1948" VPOS="2828" WIDTH="38"/>
						<String ID="P13_ST00286" HPOS="1986" VPOS="2738" WIDTH="107" HEIGHT="81" CONTENT="qui" WC="0.97" CC="043"/>
						<SP ID="P13_SP00259" HPOS="2093" VPOS="2828" WIDTH="34"/>
						<String ID="P13_ST00287" HPOS="2127" VPOS="2733" WIDTH="314" HEIGHT="84" CONTENT="surprend," WC="1.00" CC="060000500"/>
						<SP ID="P13_SP00260" HPOS="2441" VPOS="2828" WIDTH="37"/>
						<String ID="P13_ST00288" HPOS="2478" VPOS="2748" WIDTH="58" HEIGHT="42" CONTENT="et" WC="0.93" CC="10"/>
						<SP ID="P13_SP00261" HPOS="2536" VPOS="2828" WIDTH="36"/>
						<String ID="P13_ST00289" HPOS="2572" VPOS="2732" WIDTH="108" HEIGHT="80" CONTENT="qui" WC="0.98" CC="013"/>
					</TextLine>
					<TextLine ID="P13_TL00028" HPOS="144" VPOS="2824" WIDTH="2535" HEIGHT="97">
						<String ID="P13_ST00290" HPOS="144" VPOS="2860" WIDTH="72" HEIGHT="37" CONTENT="ne" WC="0.96" CC="00"/>
						<SP ID="P13_SP00262" HPOS="216" VPOS="2897" WIDTH="57"/>
						<String ID="P13_ST00291" HPOS="273" VPOS="2838" WIDTH="108" HEIGHT="60" CONTENT="dut" WC="0.97" CC="014"/>
						<SP ID="P13_SP00263" HPOS="381" VPOS="2898" WIDTH="51"/>
						<String ID="P13_ST00292" HPOS="432" VPOS="2860" WIDTH="104" HEIGHT="60" CONTENT="pas" WC="1.00" CC="000"/>
						<SP ID="P13_SP00264" HPOS="536" VPOS="2920" WIDTH="52"/>
						<String ID="P13_ST00293" HPOS="588" VPOS="2840" WIDTH="471" HEIGHT="81" CONTENT="impressionner" WC="1.00" CC="0000200040400"/>
						<SP ID="P13_SP00265" HPOS="1059" VPOS="2921" WIDTH="55"/>
						<String ID="P13_ST00294" HPOS="1114" VPOS="2837" WIDTH="481" HEIGHT="61" CONTENT="favorablement" WC="1.00" CC="7504002200042"/>
						<SP ID="P13_SP00266" HPOS="1595" VPOS="2921" WIDTH="54"/>
						<String ID="P13_ST00295" HPOS="1649" VPOS="2833" WIDTH="189" HEIGHT="60" CONTENT="Louis" WC="0.99" CC="00120"/>
						<SP ID="P13_SP00267" HPOS="1838" VPOS="2921" WIDTH="34"/>
						<String ID="P13_ST00296" HPOS="1872" VPOS="2831" WIDTH="179" HEIGHT="69" CONTENT="XIV," WC="0.65" CC="1560"/>
						<SP ID="P13_SP00268" HPOS="2051" VPOS="2921" WIDTH="59"/>
						<String ID="P13_ST00297" HPOS="2110" VPOS="2827" WIDTH="243" HEIGHT="58" CONTENT="ennemi" WC="0.99" CC="033600"/>
						<SP ID="P13_SP00269" HPOS="2353" VPOS="2921" WIDTH="55"/>
						<String ID="P13_ST00298" HPOS="2408" VPOS="2824" WIDTH="72" HEIGHT="57" CONTENT="de" WC="0.71" CC="50"/>
						<SP ID="P13_SP00270" HPOS="2480" VPOS="2921" WIDTH="65"/>
						<String ID="P13_ST00299" HPOS="2545" VPOS="2836" WIDTH="134" HEIGHT="44" CONTENT="tout" WC="0.98" CC="0550"/>
					</TextLine>
					<TextLine ID="P13_TL00029" HPOS="140" VPOS="2926" WIDTH="895" HEIGHT="62">
						<String ID="P13_ST00300" HPOS="140" VPOS="2926" WIDTH="279" HEIGHT="61" CONTENT="désordre" WC="1.00" CC="06030000"/>
						<SP ID="P13_SP00271" HPOS="419" VPOS="2987" WIDTH="36"/>
						<String ID="P13_ST00301" HPOS="455" VPOS="2927" WIDTH="152" HEIGHT="60" CONTENT="chez" WC="0.97" CC="0605"/>
						<SP ID="P13_SP00272" HPOS="607" VPOS="2987" WIDTH="33"/>
						<String ID="P13_ST00302" HPOS="640" VPOS="2950" WIDTH="85" HEIGHT="38" CONTENT="ses" WC="1.00" CC="000"/>
						<SP ID="P13_SP00273" HPOS="725" VPOS="2988" WIDTH="35"/>
						<String ID="P13_ST00303" HPOS="760" VPOS="2930" WIDTH="275" HEIGHT="58" CONTENT="officiers." WC="1.00" CC="2000010003"/>
					</TextLine>
					<TextLine ID="P13_TL00030" HPOS="324" VPOS="3002" WIDTH="2356" HEIGHT="99">
						<String ID="P13_ST00304" HPOS="324" VPOS="3019" WIDTH="51" HEIGHT="58" CONTENT="Il" WC="0.78" CC="04"/>
						<SP ID="P13_SP00274" HPOS="375" VPOS="3077" WIDTH="34"/>
						<String ID="P13_ST00305" HPOS="409" VPOS="3040" WIDTH="74" HEIGHT="37" CONTENT="ne" WC="0.70" CC="50"/>
						<SP ID="P13_SP00275" HPOS="483" VPOS="3077" WIDTH="34"/>
						<String ID="P13_ST00306" HPOS="517" VPOS="3017" WIDTH="189" HEIGHT="61" CONTENT="fallait" WC="0.99" CC="0050021"/>
						<SP ID="P13_SP00276" HPOS="706" VPOS="3078" WIDTH="33"/>
						<String ID="P13_ST00307" HPOS="739" VPOS="3041" WIDTH="104" HEIGHT="59" CONTENT="pas" WC="0.97" CC="700"/>
						<SP ID="P13_SP00277" HPOS="843" VPOS="3100" WIDTH="33"/>
						<String ID="P13_ST00308" HPOS="876" VPOS="3040" WIDTH="218" HEIGHT="61" CONTENT="songer" WC="0.99" CC="034003"/>
						<SP ID="P13_SP00278" HPOS="1094" VPOS="3101" WIDTH="33"/>
						<String ID="P13_ST00309" HPOS="1127" VPOS="3017" WIDTH="30" HEIGHT="60" CONTENT="à" WC="0.02" CC="9"/>
						<SP ID="P13_SP00279" HPOS="1157" VPOS="3101" WIDTH="36"/>
						<String ID="P13_ST00310" HPOS="1193" VPOS="3017" WIDTH="327" HEIGHT="60" CONTENT="substituer" WC="0.99" CC="0300032205"/>
						<SP ID="P13_SP00280" HPOS="1520" VPOS="3101" WIDTH="33"/>
						<String ID="P13_ST00311" HPOS="1553" VPOS="3036" WIDTH="74" HEIGHT="37" CONTENT="en" WC="1.00" CC="00"/>
						<SP ID="P13_SP00281" HPOS="1627" VPOS="3101" WIDTH="36"/>
						<String ID="P13_ST00312" HPOS="1663" VPOS="3014" WIDTH="264" HEIGHT="80" CONTENT="quelque" WC="1.00" CC="0000051"/>
						<SP ID="P13_SP00282" HPOS="1927" VPOS="3101" WIDTH="35"/>
						<String ID="P13_ST00313" HPOS="1962" VPOS="3008" WIDTH="176" HEIGHT="82" CONTENT="façon" WC="0.99" CC="03040"/>
						<SP ID="P13_SP00283" HPOS="2138" VPOS="3101" WIDTH="38"/>
						<String ID="P13_ST00314" HPOS="2176" VPOS="3006" WIDTH="188" HEIGHT="60" CONTENT="Louis" WC="0.98" CC="00560"/>
						<SP ID="P13_SP00284" HPOS="2364" VPOS="3101" WIDTH="26"/>
						<String ID="P13_ST00315" HPOS="2390" VPOS="3005" WIDTH="73" HEIGHT="57" CONTENT="de" WC="1.00" CC="00"/>
						<SP ID="P13_SP00285" HPOS="2463" VPOS="3101" WIDTH="37"/>
						<String ID="P13_ST00316" HPOS="2500" VPOS="3002" WIDTH="180" HEIGHT="79" CONTENT="Lully" WC="0.72" CC="05016"/>
					</TextLine>
					<TextLine ID="P13_TL00031" HPOS="142" VPOS="3090" WIDTH="2538" HEIGHT="97">
						<String ID="P13_ST00317" HPOS="142" VPOS="3106" WIDTH="32" HEIGHT="60" CONTENT="à" WC="0.33" CC="6"/>
						<SP ID="P13_SP00286" HPOS="174" VPOS="3166" WIDTH="33"/>
						<String ID="P13_ST00318" HPOS="207" VPOS="3129" WIDTH="107" HEIGHT="37" CONTENT="son" WC="0.99" CC="002"/>
						<SP ID="P13_SP00287" HPOS="314" VPOS="3166" WIDTH="35"/>
						<String ID="P13_ST00319" HPOS="349" VPOS="3106" WIDTH="155" HEIGHT="60" CONTENT="frère" WC="0.98" CC="03700"/>
						<SP ID="P13_SP00288" HPOS="504" VPOS="3166" WIDTH="35"/>
						<String ID="P13_ST00320" HPOS="539" VPOS="3106" WIDTH="232" HEIGHT="61" CONTENT="défunt." WC="0.98" CC="0606524"/>
						<SP ID="P13_SP00289" HPOS="771" VPOS="3167" WIDTH="39"/>
						<String ID="P13_ST00321" HPOS="810" VPOS="3111" WIDTH="87" HEIGHT="56" CONTENT="Ce" WC="1.00" CC="00"/>
						<SP ID="P13_SP00290" HPOS="897" VPOS="3167" WIDTH="37"/>
						<String ID="P13_ST00322" HPOS="934" VPOS="3110" WIDTH="212" HEIGHT="71" CONTENT="Louis," WC="0.99" CC="031002"/>
						<SP ID="P13_SP00291" HPOS="1146" VPOS="3181" WIDTH="37"/>
						<String ID="P13_ST00323" HPOS="1183" VPOS="3107" WIDTH="138" HEIGHT="59" CONTENT="bien" WC="0.97" CC="5610"/>
						<SP ID="P13_SP00292" HPOS="1321" VPOS="3181" WIDTH="37"/>
						<String ID="P13_ST00324" HPOS="1358" VPOS="3128" WIDTH="118" HEIGHT="59" CONTENT="que" WC="0.98" CC="040"/>
						<SP ID="P13_SP00293" HPOS="1476" VPOS="3187" WIDTH="34"/>
						<String ID="P13_ST00325" HPOS="1510" VPOS="3102" WIDTH="187" HEIGHT="61" CONTENT="filleul" WC="0.98" CC="2232325"/>
						<SP ID="P13_SP00294" HPOS="1697" VPOS="3187" WIDTH="34"/>
						<String ID="P13_ST00326" HPOS="1731" VPOS="3102" WIDTH="75" HEIGHT="59" CONTENT="de" WC="1.00" CC="00"/>
						<SP ID="P13_SP00295" HPOS="1806" VPOS="3187" WIDTH="33"/>
						<String ID="P13_ST00327" HPOS="1839" VPOS="3102" WIDTH="111" HEIGHT="69" CONTENT="roi," WC="0.99" CC="3000"/>
						<SP ID="P13_SP00296" HPOS="1950" VPOS="3187" WIDTH="36"/>
						<String ID="P13_ST00328" HPOS="1986" VPOS="3099" WIDTH="158" HEIGHT="58" CONTENT="avait" WC="0.99" CC="00035"/>
						<SP ID="P13_SP00297" HPOS="2144" VPOS="3187" WIDTH="34"/>
						<String ID="P13_ST00329" HPOS="2178" VPOS="3095" WIDTH="94" HEIGHT="59" CONTENT="été" WC="0.95" CC="506"/>
						<SP ID="P13_SP00298" HPOS="2272" VPOS="3187" WIDTH="50"/>
						<String ID="P13_ST00330" HPOS="2322" VPOS="3092" WIDTH="208" HEIGHT="80" CONTENT="l'objet" WC="0.99" CC="2006330"/>
						<SP ID="P13_SP00299" HPOS="2530" VPOS="3187" WIDTH="52"/>
						<String ID="P13_ST00331" HPOS="2582" VPOS="3090" WIDTH="98" HEIGHT="58" CONTENT="des" WC="0.99" CC="020"/>
					</TextLine>
					<TextLine ID="P13_TL00032" HPOS="140" VPOS="3181" WIDTH="2539" HEIGHT="99">
						<String ID="P13_ST00332" HPOS="140" VPOS="3196" WIDTH="287" HEIGHT="63" CONTENT="sévérités" WC="0.99" CC="050504060"/>
						<SP ID="P13_SP00300" HPOS="427" VPOS="3259" WIDTH="33"/>
						<String ID="P13_ST00333" HPOS="460" VPOS="3200" WIDTH="376" HEIGHT="79" CONTENT="paternelles." WC="1.00" CC="005002136004"/>
						<SP ID="P13_SP00301" HPOS="836" VPOS="3279" WIDTH="39"/>
						<String ID="P13_ST00334" HPOS="875" VPOS="3200" WIDTH="182" HEIGHT="80" CONTENT="Lully" WC="0.79" CC="04211"/>
						<SP ID="P13_SP00302" HPOS="1057" VPOS="3280" WIDTH="53"/>
						<String ID="P13_ST00335" HPOS="1110" VPOS="3200" WIDTH="144" HEIGHT="59" CONTENT="dans" WC="1.00" CC="0000"/>
						<SP ID="P13_SP00303" HPOS="1254" VPOS="3280" WIDTH="45"/>
						<String ID="P13_ST00336" HPOS="1299" VPOS="3219" WIDTH="105" HEIGHT="38" CONTENT="son" WC="0.96" CC="036"/>
						<SP ID="P13_SP00304" HPOS="1404" VPOS="3280" WIDTH="36"/>
						<String ID="P13_ST00337" HPOS="1440" VPOS="3208" WIDTH="324" HEIGHT="48" CONTENT="testament" WC="1.00" CC="100000303"/>
						<SP ID="P13_SP00305" HPOS="1764" VPOS="3280" WIDTH="47"/>
						<String ID="P13_ST00338" HPOS="1811" VPOS="3191" WIDTH="158" HEIGHT="60" CONTENT="avait" WC="0.99" CC="00025"/>
						<SP ID="P13_SP00306" HPOS="1969" VPOS="3280" WIDTH="35"/>
						<String ID="P13_ST00339" HPOS="2004" VPOS="3190" WIDTH="123" HEIGHT="80" CONTENT="pris" WC="0.98" CC="0430"/>
						<SP ID="P13_SP00307" HPOS="2127" VPOS="3280" WIDTH="33"/>
						<String ID="P13_ST00340" HPOS="2160" VPOS="3187" WIDTH="133" HEIGHT="60" CONTENT="soin" WC="1.00" CC="0000"/>
						<SP ID="P13_SP00308" HPOS="2293" VPOS="3280" WIDTH="36"/>
						<String ID="P13_ST00341" HPOS="2329" VPOS="3185" WIDTH="71" HEIGHT="58" CONTENT="de" WC="1.00" CC="00"/>
						<SP ID="P13_SP00309" HPOS="2400" VPOS="3280" WIDTH="54"/>
						<String ID="P13_ST00342" HPOS="2454" VPOS="3181" WIDTH="148" HEIGHT="60" CONTENT="faire" WC="0.98" CC="65300"/>
						<SP ID="P13_SP00310" HPOS="2602" VPOS="3280" WIDTH="46"/>
						<String ID="P13_ST00343" HPOS="2648" VPOS="3182" WIDTH="31" HEIGHT="56" CONTENT="à" WC="0.64" CC="3"/>
					</TextLine>
					<TextLine ID="P13_TL00033" HPOS="141" VPOS="3287" WIDTH="1185" HEIGHT="83">
						<String ID="P13_ST00344" HPOS="141" VPOS="3308" WIDTH="104" HEIGHT="38" CONTENT="son" WC="0.99" CC="003"/>
						<SP ID="P13_SP00311" HPOS="245" VPOS="3346" WIDTH="37"/>
						<String ID="P13_ST00345" HPOS="282" VPOS="3288" WIDTH="150" HEIGHT="71" CONTENT="sujet" WC="0.99" CC="00501"/>
						<SP ID="P13_SP00312" HPOS="432" VPOS="3359" WIDTH="34"/>
						<String ID="P13_ST00346" HPOS="466" VPOS="3288" WIDTH="101" HEIGHT="60" CONTENT="des" WC="0.99" CC="020"/>
						<SP ID="P13_SP00313" HPOS="567" VPOS="3359" WIDTH="34"/>
						<String ID="P13_ST00347" HPOS="601" VPOS="3287" WIDTH="395" HEIGHT="61" CONTENT="déclarations" WC="0.99" CC="050000046360"/>
						<SP ID="P13_SP00314" HPOS="996" VPOS="3359" WIDTH="28"/>
						<String ID="P13_ST00348" HPOS="1024" VPOS="3288" WIDTH="255" HEIGHT="82" CONTENT="précises" WC="0.99" CC="00500040"/>
						<SP ID="P13_SP00315" HPOS="1279" VPOS="3370" WIDTH="36"/>
						<String ID="P13_ST00349" HPOS="1315" VPOS="3311" WIDTH="11" HEIGHT="35" CONTENT=":" WC="0.81" CC="1"/>
					</TextLine>
					<TextLine ID="P13_TL00034" HPOS="141" VPOS="3381" WIDTH="2539" HEIGHT="94">
						<String ID="P13_ST00350" HPOS="141" VPOS="3406" WIDTH="34" HEIGHT="24" CONTENT='"' WC="0.96" CC="0"/>
						<SP ID="P13_SP00316" HPOS="175" VPOS="3430" WIDTH="32"/>
						<String ID="P13_ST00351" HPOS="207" VPOS="3402" WIDTH="215" HEIGHT="71" CONTENT="n'ayant" WC="0.98" CC="4009614"/>
						<SP ID="P13_SP00317" HPOS="422" VPOS="3473" WIDTH="29"/>
						<String ID="P13_ST00352" HPOS="451" VPOS="3420" WIDTH="105" HEIGHT="55" CONTENT="que" WC="0.96" CC="640"/>
						<SP ID="P13_SP00318" HPOS="556" VPOS="3475" WIDTH="30"/>
						<String ID="P13_ST00353" HPOS="586" VPOS="3414" WIDTH="123" HEIGHT="59" CONTENT="trop" WC="0.98" CC="0503"/>
						<SP ID="P13_SP00319" HPOS="709" VPOS="3475" WIDTH="28"/>
						<String ID="P13_ST00354" HPOS="737" VPOS="3402" WIDTH="377" HEIGHT="53" CONTENT="connaissance" WC="0.99" CC="000094006501"/>
						<SP ID="P13_SP00320" HPOS="1114" VPOS="3475" WIDTH="29"/>
						<String ID="P13_ST00355" HPOS="1143" VPOS="3401" WIDTH="67" HEIGHT="53" CONTENT="de" WC="1.00" CC="00"/>
						<SP ID="P13_SP00321" HPOS="1210" VPOS="3475" WIDTH="30"/>
						<String ID="P13_ST00356" HPOS="1240" VPOS="3400" WIDTH="49" HEIGHT="53" CONTENT="la" WC="0.84" CC="30"/>
						<SP ID="P13_SP00322" HPOS="1289" VPOS="3475" WIDTH="36"/>
						<String ID="P13_ST00357" HPOS="1325" VPOS="3398" WIDTH="274" HEIGHT="55" CONTENT="mauvaise" WC="0.99" CC="00350700"/>
						<SP ID="P13_SP00323" HPOS="1599" VPOS="3475" WIDTH="43"/>
						<String ID="P13_ST00358" HPOS="1642" VPOS="3395" WIDTH="257" HEIGHT="54" CONTENT="conduite" WC="0.99" CC="05203800"/>
						<SP ID="P13_SP00324" HPOS="1899" VPOS="3475" WIDTH="43"/>
						<String ID="P13_ST00359" HPOS="1942" VPOS="3393" WIDTH="67" HEIGHT="54" CONTENT="de" WC="1.00" CC="00"/>
						<SP ID="P13_SP00325" HPOS="2009" VPOS="3475" WIDTH="43"/>
						<String ID="P13_ST00360" HPOS="2052" VPOS="3389" WIDTH="171" HEIGHT="55" CONTENT="Louis" WC="0.99" CC="00050"/>
						<SP ID="P13_SP00326" HPOS="2223" VPOS="3475" WIDTH="34"/>
						<String ID="P13_ST00361" HPOS="2257" VPOS="3386" WIDTH="180" HEIGHT="73" CONTENT="Lully," WC="0.42" CC="737374"/>
						<SP ID="P13_SP00327" HPOS="2437" VPOS="3475" WIDTH="32"/>
						<String ID="P13_ST00362" HPOS="2469" VPOS="3405" WIDTH="97" HEIGHT="31" CONTENT="son" WC="0.96" CC="009"/>
						<SP ID="P13_SP00328" HPOS="2566" VPOS="3475" WIDTH="33"/>
						<String ID="P13_ST00363" HPOS="2599" VPOS="3381" WIDTH="81" HEIGHT="53" CONTENT="fils" WC="0.99" CC="0030"/>
					</TextLine>
					<TextLine ID="P13_TL00035" HPOS="140" VPOS="3459" WIDTH="2540" HEIGHT="94">
						<String ID="P13_ST00364" HPOS="140" VPOS="3480" WIDTH="137" HEIGHT="67" CONTENT="aîné," WC="0.96" CC="07874"/>
						<SP ID="P13_SP00329" HPOS="277" VPOS="3547" WIDTH="31"/>
						<String ID="P13_ST00365" HPOS="308" VPOS="3499" WIDTH="57" HEIGHT="33" CONTENT="ce" WC="1.00" CC="00"/>
						<SP ID="P13_SP00330" HPOS="365" VPOS="3547" WIDTH="30"/>
						<String ID="P13_ST00366" HPOS="395" VPOS="3480" WIDTH="92" HEIGHT="73" CONTENT="qui" WC="0.94" CC="393"/>
						<SP ID="P13_SP00331" HPOS="487" VPOS="3553" WIDTH="30"/>
						<String ID="P13_ST00367" HPOS="517" VPOS="3478" WIDTH="69" HEIGHT="54" CONTENT="l'a" WC="0.98" CC="410"/>
						<SP ID="P13_SP00332" HPOS="586" VPOS="3553" WIDTH="28"/>
						<String ID="P13_ST00368" HPOS="614" VPOS="3480" WIDTH="177" HEIGHT="72" CONTENT="obligé" WC="0.98" CC="005647"/>
						<SP ID="P13_SP00333" HPOS="791" VPOS="3553" WIDTH="31"/>
						<String ID="P13_ST00369" HPOS="822" VPOS="3480" WIDTH="67" HEIGHT="53" CONTENT="de" WC="1.00" CC="00"/>
						<SP ID="P13_SP00334" HPOS="889" VPOS="3553" WIDTH="28"/>
						<String ID="P13_ST00370" HPOS="917" VPOS="3478" WIDTH="51" HEIGHT="55" CONTENT="le" WC="1.00" CC="00"/>
						<SP ID="P13_SP00335" HPOS="968" VPOS="3553" WIDTH="29"/>
						<String ID="P13_ST00371" HPOS="997" VPOS="3477" WIDTH="128" HEIGHT="55" CONTENT="faire" WC="0.99" CC="00700"/>
						<SP ID="P13_SP00336" HPOS="1125" VPOS="3553" WIDTH="30"/>
						<String ID="P13_ST00372" HPOS="1155" VPOS="3475" WIDTH="271" HEIGHT="57" CONTENT="enfermer" WC="0.99" CC="07004401"/>
						<SP ID="P13_SP00337" HPOS="1426" VPOS="3553" WIDTH="32"/>
						<String ID="P13_ST00373" HPOS="1458" VPOS="3496" WIDTH="90" HEIGHT="52" CONTENT="par" WC="0.96" CC="505"/>
						<SP ID="P13_SP00338" HPOS="1548" VPOS="3553" WIDTH="28"/>
						<String ID="P13_ST00374" HPOS="1576" VPOS="3473" WIDTH="235" HEIGHT="55" CONTENT="autorité" WC="0.99" CC="95002406"/>
						<SP ID="P13_SP00339" HPOS="1811" VPOS="3553" WIDTH="31"/>
						<String ID="P13_ST00375" HPOS="1842" VPOS="3473" WIDTH="66" HEIGHT="52" CONTENT="de" WC="0.97" CC="00"/>
						<SP ID="P13_SP00340" HPOS="1908" VPOS="3553" WIDTH="23"/>
						<String ID="P13_ST00376" HPOS="1931" VPOS="3469" WIDTH="198" HEIGHT="77" CONTENT="justice" WC="1.00" CC="0000300"/>
						<SP ID="P13_SP00341" HPOS="2129" VPOS="3553" WIDTH="29"/>
						<String ID="P13_ST00377" HPOS="2158" VPOS="3487" WIDTH="65" HEIGHT="33" CONTENT="en" WC="0.64" CC="07"/>
						<SP ID="P13_SP00342" HPOS="2223" VPOS="3553" WIDTH="33"/>
						<String ID="P13_ST00378" HPOS="2256" VPOS="3466" WIDTH="49" HEIGHT="52" CONTENT="la" WC="0.93" CC="10"/>
						<SP ID="P13_SP00343" HPOS="2305" VPOS="3553" WIDTH="43"/>
						<String ID="P13_ST00379" HPOS="2348" VPOS="3463" WIDTH="206" HEIGHT="52" CONTENT="maison" WC="0.99" CC="006107"/>
						<SP ID="P13_SP00344" HPOS="2554" VPOS="3553" WIDTH="32"/>
						<String ID="P13_ST00380" HPOS="2586" VPOS="3459" WIDTH="94" HEIGHT="52" CONTENT="des" WC="0.99" CC="300"/>
					</TextLine>
				</TextBlock>
				<TextBlock ID="P13_TB00005" HPOS="254" VPOS="3579" WIDTH="1271" HEIGHT="173" STYLEREFS="TXT_3 PAR_LEFT">
					<TextLine ID="P13_TL00036" HPOS="259" VPOS="3581" WIDTH="615" HEIGHT="51">
						<String ID="P13_ST00381" HPOS="259" VPOS="3584" WIDTH="8" HEIGHT="23" CONTENT="1" STYLE="superscript" WC="0.65" CC="3"/>
						<SP ID="P13_SP00345" HPOS="267" VPOS="3607" WIDTH="24"/>
						<String ID="P13_ST00382" HPOS="291" VPOS="3582" WIDTH="128" HEIGHT="39" CONTENT="Arch." WC="0.69" CC="05162"/>
						<SP ID="P13_SP00346" HPOS="419" VPOS="3621" WIDTH="26"/>
						<String ID="P13_ST00383" HPOS="445" VPOS="3584" WIDTH="91" HEIGHT="37" CONTENT="Nat." WC="0.77" CC="0314"/>
						<SP ID="P13_SP00347" HPOS="536" VPOS="3621" WIDTH="26"/>
						<String ID="P13_ST00384" HPOS="562" VPOS="3585" WIDTH="34" HEIGHT="36" CONTENT="O" WC="1.00" CC="0"/>
						<String ID="P13_ST00385" HPOS="612" VPOS="3581" WIDTH="8" HEIGHT="22" CONTENT="1" STYLE="superscript" WC="0.31" CC="6"/>
						<SP ID="P13_SP00348" HPOS="620" VPOS="3621" WIDTH="44"/>
						<String ID="P13_ST00386" HPOS="664" VPOS="3598" WIDTH="47" HEIGHT="34" CONTENT="33" WC="0.34" CC="66"/>
						<SP ID="P13_SP00349" HPOS="711" VPOS="3632" WIDTH="37"/>
						<String ID="P13_ST00387" HPOS="748" VPOS="3582" WIDTH="37" HEIGHT="38" CONTENT="f°" WC="0.46" CC="64"/>
						<SP ID="P13_SP00350" HPOS="785" VPOS="3632" WIDTH="25"/>
						<String ID="P13_ST00388" HPOS="810" VPOS="3586" WIDTH="64" HEIGHT="37" CONTENT="62." WC="0.83" CC="301"/>
					</TextLine>
					<TextLine ID="P13_TL00037" HPOS="257" VPOS="3639" WIDTH="639" HEIGHT="52">
						<String ID="P13_ST00389" HPOS="257" VPOS="3640" WIDTH="12" HEIGHT="22" CONTENT="2" STYLE="superscript" WC="0.26" CC="7"/>
						<SP ID="P13_SP00351" HPOS="269" VPOS="3662" WIDTH="21"/>
						<String ID="P13_ST00390" HPOS="290" VPOS="3640" WIDTH="129" HEIGHT="38" CONTENT="Arch." WC="0.67" CC="40560"/>
						<SP ID="P13_SP00352" HPOS="419" VPOS="3678" WIDTH="27"/>
						<String ID="P13_ST00391" HPOS="446" VPOS="3642" WIDTH="91" HEIGHT="37" CONTENT="Nat." WC="0.78" CC="0440"/>
						<SP ID="P13_SP00353" HPOS="537" VPOS="3679" WIDTH="26"/>
						<String ID="P13_ST00392" HPOS="563" VPOS="3643" WIDTH="35" HEIGHT="35" CONTENT="O" WC="1.00" CC="0"/>
						<String ID="P13_ST00393" HPOS="615" VPOS="3644" WIDTH="9" HEIGHT="23" CONTENT="1" STYLE="superscript" WC="0.32" CC="6"/>
						<SP ID="P13_SP00354" HPOS="624" VPOS="3679" WIDTH="29"/>
						<String ID="P13_ST00394" HPOS="653" VPOS="3656" WIDTH="49" HEIGHT="34" CONTENT="34" WC="0.64" CC="07"/>
						<SP ID="P13_SP00355" HPOS="702" VPOS="3690" WIDTH="24"/>
						<String ID="P13_ST00395" HPOS="726" VPOS="3639" WIDTH="37" HEIGHT="39" CONTENT="f°" WC="0.76" CC="04"/>
						<SP ID="P13_SP00356" HPOS="763" VPOS="3690" WIDTH="38"/>
						<String ID="P13_ST00396" HPOS="801" VPOS="3655" WIDTH="95" HEIGHT="36" CONTENT="257." WC="0.84" CC="0005"/>
					</TextLine>
					<TextLine ID="P13_TL00038" HPOS="256" VPOS="3692" WIDTH="1268" HEIGHT="57">
						<String ID="P13_ST00397" HPOS="256" VPOS="3692" WIDTH="13" HEIGHT="23" CONTENT="3" STYLE="superscript" WC="0.26" CC="7"/>
						<SP ID="P13_SP00357" HPOS="269" VPOS="3715" WIDTH="22"/>
						<String ID="P13_ST00398" HPOS="291" VPOS="3699" WIDTH="127" HEIGHT="37" CONTENT="Arch." WC="0.69" CC="05143"/>
						<SP ID="P13_SP00358" HPOS="418" VPOS="3736" WIDTH="27"/>
						<String ID="P13_ST00399" HPOS="445" VPOS="3700" WIDTH="90" HEIGHT="37" CONTENT="Nat." WC="0.90" CC="0003"/>
						<SP ID="P13_SP00359" HPOS="535" VPOS="3737" WIDTH="25"/>
						<String ID="P13_ST00400" HPOS="560" VPOS="3700" WIDTH="36" HEIGHT="37" CONTENT="Y" WC="0.49" CC="5"/>
						<SP ID="P13_SP00360" HPOS="596" VPOS="3737" WIDTH="29"/>
						<String ID="P13_ST00401" HPOS="625" VPOS="3712" WIDTH="133" HEIGHT="37" CONTENT="14250" WC="0.44" CC="67940"/>
						<SP ID="P13_SP00361" HPOS="758" VPOS="3749" WIDTH="23"/>
						<String ID="P13_ST00402" HPOS="781" VPOS="3708" WIDTH="38" HEIGHT="29" CONTENT="et" WC="0.86" CC="20"/>
						<SP ID="P13_SP00362" HPOS="819" VPOS="3749" WIDTH="23"/>
						<String ID="P13_ST00403" HPOS="842" VPOS="3700" WIDTH="43" HEIGHT="37" CONTENT="B." WC="0.60" CC="61"/>
						<SP ID="P13_SP00363" HPOS="885" VPOS="3749" WIDTH="26"/>
						<String ID="P13_ST00404" HPOS="911" VPOS="3700" WIDTH="51" HEIGHT="36" CONTENT="N." WC="0.81" CC="03"/>
						<SP ID="P13_SP00364" HPOS="962" VPOS="3749" WIDTH="25"/>
						<String ID="P13_ST00405" HPOS="987" VPOS="3699" WIDTH="102" HEIGHT="38" CONTENT="Mss." WC="0.77" CC="0053"/>
						<SP ID="P13_SP00365" HPOS="1089" VPOS="3749" WIDTH="26"/>
						<String ID="P13_ST00406" HPOS="1115" VPOS="3698" WIDTH="64" HEIGHT="38" CONTENT="Fr." WC="0.52" CC="453"/>
						<SP ID="P13_SP00366" HPOS="1179" VPOS="3749" WIDTH="30"/>
						<String ID="P13_ST00407" HPOS="1209" VPOS="3710" WIDTH="132" HEIGHT="37" CONTENT="11735" WC="0.36" CC="77645"/>
						<SP ID="P13_SP00367" HPOS="1341" VPOS="3749" WIDTH="26"/>
						<String ID="P13_ST00408" HPOS="1367" VPOS="3695" WIDTH="39" HEIGHT="39" CONTENT="f°" WC="0.26" CC="68"/>
						<SP ID="P13_SP00368" HPOS="1406" VPOS="3749" WIDTH="29"/>
						<String ID="P13_ST00409" HPOS="1435" VPOS="3711" WIDTH="12" HEIGHT="23" CONTENT="i" WC="0.26" CC="7"/>
						<SP ID="P13_SP00369" HPOS="1447" VPOS="3749" WIDTH="15"/>
						<String ID="P13_ST00410" HPOS="1462" VPOS="3699" WIDTH="62" HEIGHT="45" CONTENT="36." WC="0.21" CC="994"/>
					</TextLine>
				</TextBlock>
			</PrintSpace>
		</Page>
	</Layout>
</alto>
