3017 4252
554 305 388 119 REVUE
1018 307 150 117 DE
1249 307 150 117 LA
1480 307 417 119 PRESSE
1978 309 793 137 QUOTIDIENNE

1148 566 418 54 L'HEURE
1623 568 549 54 ESPAGNOLE

569 680 89 82 Se

441 821 31 32 Il
503 821 92 33 n'est
616 820 75 34 rien
712 822 40 32 de
773 820 117 34 moins
914 821 137 45 lyrique
1071 833 66 33 que
1166 823 31 32 le

387 871 106 34 livret
514 873 40 31 de
584 873 152 31 l'Heure
757 873 208 43 Espagnole.
1000 873 49 33 Ce
1069 874 109 32 vaude-

387 922 85 34 ville
501 922 143 45 grivois,
676 923 236 43 d'originalité
942 924 188 43 médiocre,
1158 925 40 32 de

388 976 90 42 style
498 981 120 27 tantôt
648 976 74 43 plat
754 981 34 27 et
815 974 118 35 tantôt
963 976 235 43 prétentieux,

388 1025 169 34 convient
572 1026 70 33 fort
658 1027 71 31 mal
744 1026 17 33 à
776 1028 33 31 la
825 1026 176 45 musique.
1016 1028 56 33 M.
1088 1028 111 32 Ravel

387 1077 45 32 l'a
463 1084 169 37 pourtant
664 1077 123 44 choisi,
817 1090 72 20 non
921 1091 88 31 pour
1037 1091 22 32 y
1085 1090 115 21 semer

387 1129 168 45 quelques
588 1130 170 43 couplets,
780 1141 141 21 comme
950 1142 45 21 on
1027 1128 60 36 eût
1116 1142 84 21 avec

388 1179 117 33 raison
525 1179 64 34 fait
618 1192 43 20 au
682 1186 115 39 temps
819 1181 40 33 de
886 1193 64 21 nos
978 1182 111 44 pères,
1110 1181 89 33 mais

388 1243 89 32 pour
495 1232 32 32 le
557 1238 131 27 mettre
718 1244 43 21 en
789 1231 164 46 musique
973 1239 80 27 tout
1073 1232 126 44 entier,

388 1294 84 21 avec
491 1282 245 45 l'application
755 1284 33 31 la
809 1285 77 42 plus
907 1284 237 33 industrieuse
1164 1291 36 26 et

387 1335 33 31 le
440 1334 138 33 sérieux
603 1336 32 32 le
656 1336 77 43 plus
761 1336 121 32 tendu.
905 1336 55 32 M.
983 1337 110 32 Ravel
1114 1343 85 26 veut

387 1385 163 45 produire
566 1387 32 31 le
615 1385 164 46 comique
795 1386 148 33 musical
960 1399 60 33 par
1039 1386 160 46 l'unique

387 1448 130 33 moyen
546 1439 41 31 de
616 1437 195 44 l'humour,
843 1450 45 20 ou
909 1439 104 32 d'une
1045 1439 154 33 certaine

386 1487 114 34 ironie
520 1488 112 34 froide
653 1496 34 26 et
706 1489 151 42 guindée
878 1489 86 45 qu'il
998 1501 106 33 pense
1126 1488 73 35 être

386 1540 41 32 de
446 1538 198 36 l'humour.
667 1541 71 32 Son
759 1540 163 46 comique
943 1540 175 45 précieux,
1144 1553 56 21 sec

387 1597 36 27 et
442 1590 94 35 raide
556 1593 58 31 n'a
645 1604 59 32 pas
725 1604 49 21 un
802 1599 165 27 moment
992 1593 40 32 de
1060 1592 122 33 laisser-

387 1643 85 32 aller
492 1650 35 26 et
547 1644 41 32 de
607 1642 127 35 liberté
755 1658 9 30 ;
795 1644 23 32 il
838 1644 104 43 garde
971 1642 160 47 toujours
1151 1656 47 21 un

387 1693 133 34 sourire
541 1694 114 45 pincé,
673 1707 69 21 une
764 1694 151 35 attitude
937 1696 196 44 composée,
1151 1708 48 20 un

386 1745 89 44 petit
502 1745 51 33 air
583 1746 182 44 supérieur
794 1753 34 27 et
859 1746 67 43 figé
947 1746 57 46 qui
1036 1745 163 35 chassent

386 1802 101 28 toute
515 1797 114 43 gaieté
660 1805 34 27 et
715 1798 198 34 détruisent
933 1805 99 27 toute
1062 1797 115 34 anima-

386 1847 89 34 tion.
498 1849 60 33 Ses
587 1861 236 32 personnages
851 1856 198 38 manquent
1078 1851 41 31 de
1142 1849 56 34 vie

385 1906 36 27 et
451 1898 115 35 d'âme
597 1908 125 26 autant
753 1901 85 46 qu'il
870 1908 52 26 est
952 1900 150 45 possible
1121 1915 9 30 5
1161 1913 38 21 ce

386 1957 81 27 sont
487 1952 57 32 des
577 1959 211 37 automates,
811 1954 56 31 des
898 1953 151 44 poupées
1081 1953 95 32 méca-

385 2001 137 46 niques,
561 2003 177 34 d'ailleurs
776 2004 70 33 fort
888 2003 310 43 ingénieusement

387 2055 166 41 agencées
599 2062 36 26 et
680 2056 201 43 façonnées,
923 2054 59 46 qui
1028 2062 89 27 vont
1162 2061 35 28 et

385 2104 186 44 viennent,
592 2107 78 33 font
691 2107 57 32 des
768 2114 126 36 gestes,
915 2108 150 43 parlent,
1091 2105 85 34 chan-

387 2162 90 38 tent,
510 2156 89 34 mais
629 2169 44 21 ne
701 2159 159 32 donnent
891 2170 59 32 pas
982 2170 48 20 un
1061 2157 136 34 instant

384 2207 241 45 l'impression
646 2210 40 32 de
714 2211 33 31 la
768 2209 236 44 spontanéité,
1025 2209 35 33 ni
1092 2208 104 34 l'idée

387 2259 145 45 qu'elles
564 2267 80 26 sont
674 2260 175 34 vivantes.
878 2262 50 31 La
959 2260 237 33 déclamation

386 2308 119 35 même
526 2323 66 32 que
624 2313 76 31 leur
730 2310 98 46 prête
861 2313 56 33 M.
938 2314 123 41 Ravel,
1083 2312 95 33 décla-

386 2361 138 34 mation
545 2362 238 35 bizarrement
799 2365 168 43 appuyée,
982 2364 212 44 compassée,

383 2415 182 42 gourmée,
586 2415 44 32 où
658 2415 75 32 l'on
762 2422 163 26 retrouve
954 2416 166 44 quelques
1142 2414 36 33 in-

385 2463 148 34 flexions
554 2472 34 26 et
608 2465 203 34 intervalles
832 2465 174 35 habituels
1028 2466 17 32 à
1059 2464 135 44 Pelléas,

385 2515 89 33 mais
512 2528 79 21 sans
630 2516 75 34 rien
745 2519 39 31 de
821 2519 33 31 la
896 2517 149 44 fluidité,
1084 2518 40 32 de
1162 2518 32 31 la

382 2566 154 35 vivacité
567 2575 35 26 et
635 2569 40 32 de
706 2570 32 31 la
770 2570 177 43 souplesse
978 2580 140 34 propres
1151 2580 43 21 au

385 2618 154 33 discours
569 2619 146 34 musical
738 2622 40 31 de
809 2622 54 32 M.
888 2620 172 45 Debussy,
1082 2621 95 32 décla-

384 2669 138 34 mation
544 2670 57 45 qui
635 2670 65 35 fait
719 2684 125 30 songer
865 2672 17 33 à
903 2673 85 32 celle
1009 2673 40 32 de
1071 2670 123 34 Pelléas

385 2722 140 43 répétée
563 2734 60 32 par
662 2735 46 20 un
747 2722 250 46 phonographe
1034 2724 87 32 dont
1161 2724 32 32 le

385 2780 233 27 mouvement
639 2774 105 34 serait
759 2775 278 33 excessivement
1053 2773 139 45 ralenti,

385 2830 93 27 cette
509 2825 237 33 déclamation
778 2825 130 35 accroît
942 2827 76 32 leur
1044 2837 129 22 ressem-

385 2874 123 34 blance
539 2888 83 21 avec
653 2877 57 33 des
741 2884 199 27 automates
972 2878 155 43 parlants
1158 2883 34 27 et

384 2924 204 36 chantants.
621 2928 99 33 Tout
754 2940 43 21 en
835 2940 65 21 eux
937 2935 53 27 est
1025 2929 96 42 glacé
1159 2935 35 26 et

381 2977 126 42 glacial
529 2991 10 31 5
569 2985 35 26 et
624 2985 79 27 tout
724 2987 52 26 est
806 2979 102 45 petit,
931 2992 120 31 menu,
1072 2978 120 44 étroit,

384 3028 137 46 étriqué
545 3042 7 20 :
588 3031 33 31 la
656 3037 144 37 stature,
837 3032 33 31 la
908 3029 197 45 démarche,
1143 3032 49 31 les

381 3087 128 37 gestes,
540 3081 33 32 la
606 3083 118 42 parole
754 3080 118 35 même
903 3089 35 27 et
967 3094 62 21 son
1059 3088 133 27 accent.

386 3131 49 33 Ce
466 3138 81 26 sont
578 3133 57 31 des
667 3134 151 43 poupées
849 3134 174 42 d'étagère
1061 3145 44 21 ou
1143 3134 49 33 les

384 3181 167 44 figurines
572 3184 105 33 d'une
696 3183 145 44 horloge
861 3185 18 32 à
900 3184 214 46 musique....
1143 3185 49 32 La

383 3234 241 44 personnalité
644 3236 41 32 de
707 3236 54 32 M.
784 3236 109 33 Ravel
914 3234 168 35 s'affirme
1103 3242 34 27 et
1158 3247 35 21 se

384 3284 125 35 définit
541 3287 77 43 plus
653 3286 207 34 clairement
894 3286 128 46 qu'elle
1059 3286 134 34 n'avait

383 3348 128 22 encore
532 3337 74 34 fait.
630 3339 78 36 Que
738 3350 87 32 pour
850 3339 32 31 la
914 3337 149 34 matière
1083 3337 89 34 musi-

385 3389 73 31 cale
504 3388 85 46 qu'il
641 3389 164 45 emploie,
853 3401 87 32 pour
988 3391 49 31 les
1084 3388 108 34 suites

384 3439 177 33 d'accords
595 3447 34 27 et
661 3441 49 33 les
740 3439 203 35 recherches
971 3439 221 35 d'harmonie

383 3490 59 46 qui
480 3490 48 34 lui
576 3498 81 27 sont
696 3491 250 44 coutumières,
985 3492 59 33 M.
1081 3493 111 31 Ravel

385 3542 101 34 doive
515 3542 178 45 beaucoup
724 3543 17 33 à
765 3544 56 33 M.
845 3542 173 45 Debussy,
1040 3544 84 33 c'est
1145 3554 47 21 un

381 3593 66 34 fait
463 3594 200 35 manifeste.
679 3594 95 34 Mais
795 3593 106 35 l'âme
918 3596 40 31 de
975 3606 35 21 sa
1030 3594 162 46 musique

383 3652 36 27 et
439 3646 41 32 de
500 3657 64 22 son
585 3653 52 27 art
667 3653 52 27 est
751 3645 224 34 absolument
995 3645 198 34 différente.

385 3697 58 34 M.
475 3697 163 45 Debussy
668 3704 53 27 est
750 3704 80 27 tout
870 3697 195 34 sensibilité
1084 3711 9 31 ;
1137 3698 55 33 M.

1255 671 111 32 Ravel
1396 677 80 27 tout
1507 670 248 34 insensibilité.
1787 672 56 33 Où
1874 673 57 32 M.
1952 673 111 32 Ravel

1255 733 17 20 a
1293 733 85 32 paru
1399 722 234 45 uniquement
1650 722 214 45 debussyste,
1879 724 84 33 c'est
1980 725 83 32 dans

1255 773 57 32 des
1343 772 114 45 pièces
1488 774 45 32 où
1567 773 23 33 il
1625 786 17 20 a
1673 773 64 34 fait
1766 776 40 31 de
1834 776 33 31 la
1900 774 163 46 musique

1255 823 230 46 pittoresque,
1517 837 101 31 parce
1649 837 66 33 que
1748 826 146 44 n'ayant
1931 838 60 32 pas
2023 828 39 31 de

1256 875 195 33 sensibilité
1472 878 234 42 personnelle,
1728 876 22 33 il
1773 877 229 43 empruntait,
2020 889 42 21 en

1256 924 117 36 même
1404 933 114 38 temps
1550 939 66 33 que
1653 929 49 31 les
1733 929 163 42 procédés
1925 927 119 34 techni-

1255 989 97 33 ques,
1383 979 32 31 la
1447 978 194 33 sensibilité
1673 979 164 33 d'autrui.
1863 979 95 33 Mais
1979 980 83 32 dans

1255 1040 69 21 une
1356 1041 114 21 œuvre
1501 1031 82 32 telle
1617 1042 66 33 que
1711 1030 139 33 l'Heure
1883 1029 180 48 espagnole,

1256 1092 45 20 ou
1336 1092 126 21 encore
1495 1082 85 31 dans
1618 1083 56 30 des
1712 1081 113 44 pièces
1858 1083 100 32 telles
1996 1094 67 33 que

1255 1132 50 32 les
1333 1132 160 33 Histoires
1521 1131 172 34 naturelles
1695 1158 10 18 ,
1733 1133 80 32 d'où
1844 1139 79 27 tout
1954 1133 92 33 senti-

1256 1190 101 27 ment
1378 1190 51 27 est
1458 1183 134 43 absent,
1619 1185 32 31 la
1679 1191 126 26 nature
1825 1183 171 43 originale
2022 1185 41 32 de

1258 1235 54 33 M.
1334 1236 110 32 Ravel
1474 1233 169 46 apparaît,
1674 1242 35 26 et
1740 1247 63 21 son
1829 1234 233 35 insensibilité

1256 1284 205 43 ingénieuse
1492 1293 34 27 et
1556 1285 128 35 subtile
1713 1285 49 34 lui
1794 1285 63 35 fait
1888 1298 68 21 une
1986 1298 59 33 per-

1257 1337 189 34 sonnalité.

1735 1389 136 32 PIERRE
1901 1389 110 33 LALO.

1309 1646 55 32 M.
1397 1644 163 34 Maurice
1599 1645 110 32 Ravel
1748 1651 63 36 est,
1851 1644 128 44 dit-on,
2015 1657 47 20 un

1256 1695 84 34 chef
1356 1697 131 32 d'école
1506 1710 9 30 ;
1530 1694 36 47 je
1587 1695 88 34 crois
1692 1708 66 33 que
1779 1703 91 26 cette
1891 1696 171 33 assertion

1256 1755 52 26 est
1329 1760 47 20 un
1405 1760 66 32 peu
1493 1747 148 45 risquée,
1669 1748 135 42 Certes,
1827 1748 56 33 M.
1905 1749 110 32 Ravel
2046 1760 17 20 a

1255 1799 179 44 beaucoup
1455 1800 40 32 de
1516 1800 125 42 talent,
1662 1806 35 26 et
1723 1811 63 21 son
1809 1805 53 27 art
1890 1811 17 20 a
1937 1798 126 45 parfois

1256 1863 68 21 une
1355 1849 183 35 séduction
1568 1849 203 44 singulière.
1793 1849 96 34 Mais
1920 1849 24 33 il
1973 1851 91 32 n'est

1255 1915 59 32 pas
1334 1903 116 32 donné
1481 1901 17 33 à
1531 1900 134 34 chacun
1686 1903 40 32 de
1756 1903 32 31 le
1818 1901 190 46 pratiquer.
2032 1903 30 31 Il

1256 1954 73 33 faut
1343 1952 183 35 connaître
1541 1952 295 35 admirablement
1851 1954 33 31 la
1900 1952 162 46 musique

1254 2017 88 32 pour
1362 2017 42 21 en
1425 2002 244 35 méconnaître
1690 2005 17 32 à
1723 2016 38 21 ce
1781 2004 100 44 point
1902 2005 49 31 les
1973 2004 65 33 lois
2053 2018 10 29 5

1255 2056 22 33 il
1309 2056 87 44 faut,
1427 2068 88 33 pour
1544 2057 33 31 la
1602 2055 176 46 disloquer
1808 2054 90 33 aussi
1929 2056 112 42 galam-

1254 2115 112 35 ment,
1387 2120 44 20 en
1462 2107 115 33 savoir
1606 2106 207 35 l'anatomie
1840 2108 134 32 muscle
2003 2118 60 32 par

1253 2161 136 31 muscle
1409 2172 7 20 :
1444 2161 32 30 la
1505 2157 191 46 technique
1721 2160 39 31 de
1790 2159 59 33 M.
1870 2159 110 32 Ravel
2010 2164 52 27 est

1253 2223 69 21 une
1360 2217 93 27 sorte
1500 2211 40 32 de
1575 2207 158 48 jiu-jitsu
1771 2211 290 32 transcendant...

1255 2262 55 33 M.
1333 2263 111 32 Ravel
1464 2274 18 20 a
1502 2262 114 32 tramé
1636 2274 43 20 en
1710 2260 118 45 points
1858 2260 149 43 inégaux
2027 2268 35 26 et

1254 2326 43 21 en
1329 2315 205 42 employant
1562 2313 17 32 à
1601 2312 136 34 dessein
1758 2314 58 31 des
1848 2311 212 34 colorations

1253 2364 252 43 discordantes,
1526 2365 86 32 dont
1632 2363 241 42 l'assemblage
1900 2370 52 26 est
1981 2375 60 21 sou-

1253 2423 85 26 vent
1368 2415 245 43 harmonieux,
1644 2427 70 21 une
1745 2414 161 46 musique
1937 2414 70 46 qui,
2043 2415 17 32 à

1253 2479 43 22 en
1327 2467 111 33 croire
1469 2479 52 21 ses
1552 2465 253 44 thuriféraires,
1836 2477 45 21 ne
1913 2467 147 43 procède

1253 2531 58 33 pas
1350 2519 40 32 de
1430 2519 54 32 M.
1524 2517 175 44 Debussy,
1737 2516 88 34 mais
1863 2517 71 45 qui,
1972 2529 86 21 vous

1252 2582 135 33 pouvez
1416 2570 96 32 m'en
1543 2568 108 34 croire
1680 2569 211 42 également,
1913 2569 145 43 procède

1252 2634 126 21 encore
1399 2621 117 33 moins
1536 2622 40 31 de
1609 2620 184 42 Pergolèse
1822 2626 35 27 et
1878 2621 39 31 de
1939 2618 97 35 Cima-

1252 2684 89 32 rosa,
1362 2674 86 31 dont
1479 2673 56 32 M.
1557 2672 109 32 Ravel
1695 2670 175 44 voudrait,
1890 2669 168 45 paraît-il,

1252 2723 203 34 ressusciter
1474 2724 32 32 le
1525 2722 116 43 génie.
1656 2723 65 33 Sur
1737 2729 92 26 cette
1848 2720 210 46 symphonie

1251 2782 224 27 savamment
1496 2773 275 45 cacophonique,
1789 2774 56 32 M.
1860 2774 122 42 Ravel,
1998 2773 58 45 qui

1251 2834 52 26 est
1324 2826 227 33 observateur
1571 2832 35 26 et
1625 2824 173 46 ironique,
1881 2823 176 45 peut-être

1251 2889 48 22 un
1333 2889 65 33 peu
1429 2884 78 37 trop
1538 2876 172 45 ironique,
1813 2888 17 20 a
1861 2875 196 34 déterminé

1252 2941 82 22 avec
1355 2928 241 45 clairvoyance
1626 2934 34 26 et
1691 2928 84 31 noté
1803 2938 82 21 avec
1905 2926 152 34 minutie

1251 2982 32 31 la
1303 2981 118 44 parole
1441 2981 57 32 des
1519 2989 247 34 personnages.
1788 2976 248 35 Malheureuse-

1251 3038 112 36 ment,
1385 3037 91 27 cette
1496 3029 164 34 notation
1686 3029 91 33 n'est
1808 3040 57 33 pas
1897 3027 159 47 toujours

1251 3083 165 33 observée
1450 3093 60 33 par
1547 3083 49 31 les
1633 3080 222 44 interprètes,
1893 3086 34 26 et
1965 3081 92 32 leurs

1251 3133 254 33 incorrections
1526 3133 40 31 de
1587 3143 139 21 mesure
1754 3130 204 45 produisent
1981 3143 58 33 par-

1250 3184 66 34 fois
1363 3186 57 32 des
1467 3194 238 23 consonances
1749 3194 65 33 que
1853 3182 55 33 M.
1947 3183 110 32 Ravel

1251 3236 134 33 n'avait
1415 3248 58 33 pas
1495 3236 187 33 voulues...
1715 3232 254 45 L'impression
1998 3235 40 41 gé-

1251 3288 118 32 nérale
1389 3293 53 27 est
1462 3287 155 42 étrange,
1637 3292 35 27 et
1697 3283 36 47 je
1753 3297 43 20 ne
1820 3283 151 46 jurerais
1998 3297 59 32 pas

1251 3339 127 45 qu'elle
1399 3337 53 34 fût
1473 3337 224 33 absolument
1712 3333 159 47 joyeuse.
1890 3337 94 31 Pour
1999 3348 58 20 ma

1251 3396 88 38 part,
1363 3401 37 21 ce
1426 3401 67 33 que
1518 3387 62 46 j'ai
1612 3387 133 45 préféré
1776 3387 84 32 dans
1888 3388 33 31 la
1949 3386 91 45 parti-

1250 3440 90 43 tion,
1371 3453 38 21 ce
1439 3447 81 26 sont
1549 3438 174 34 certaines
1744 3437 176 34 éclaircies
1949 3439 45 32 où
2021 3450 36 21 se

1251 3492 114 33 révèle
1396 3504 69 20 une
1497 3497 126 27 nature
1656 3488 169 34 musicale
1858 3488 199 35 abondante

1251 3550 35 26 et
1319 3542 216 46 diatonique,
1567 3553 66 34 que
1667 3541 56 33 M.
1756 3541 109 32 Ravel
1898 3539 159 34 s'efforce

1251 3593 288 44 soigneusement
1585 3594 39 31 de
1670 3590 201 34 dissimuler
1916 3598 35 26 et

1250 3645 219 45 triomphera
1506 3646 40 32 de
1583 3655 53 21 ses
1683 3641 134 35 efforts.
1859 3642 196 48 J'apprécie

1251 3697 179 44 beaucoup
1451 3697 32 33 la
1503 3694 163 46 musique
1687 3694 150 32 actuelle
1858 3694 40 32 de
1913 3694 58 33 M.
1987 3695 47 31 Ra-

2121 674 66 42 vel,
2210 673 87 33 mais
2323 671 218 47 j'admirerai
2564 673 251 44 entièrement,
2831 672 36 47 je
2896 675 32 32 le

2121 736 91 32 sens,
2233 737 36 20 sa
2290 724 162 46 musique
2472 726 129 32 future.

2514 790 200 33 REYNALDO
2745 790 130 33 HAHN.

2299 947 86 77 Le
2421 947 262 80 Gaulois

2177 1082 91 43 jadis
2298 1094 48 21 un
2377 1082 174 33 musicien
2581 1081 60 36 eût
2673 1083 65 34 tiré
2761 1085 40 32 de
2833 1090 92 27 cette

2121 1132 124 35 facétie
2283 1146 46 20 un
2374 1134 197 33 vaudeville
2617 1132 92 35 mêlé
2747 1134 179 34 d'ariettes

2121 1197 139 21 comme
2284 1186 43 32 ï.e
2347 1185 110 33 Sourd
2482 1198 37 21 ou
2539 1184 193 49 VAuberge
2752 1185 108 47 pleine
2866 1211 7 8 .
2895 1188 31 31 Il

2120 1235 203 34 semblerait
2356 1236 150 44 possible
2538 1238 78 32 d'en
2649 1237 97 43 faire,
2786 1236 121 46 aujour-

2121 1286 108 45 d'hui,
2245 1289 32 31 la
2297 1287 100 33 thèse
2418 1289 40 31 de
2478 1289 150 44 quelque
2648 1289 84 33 folle
2754 1290 172 42 opérette,

2120 1337 95 34 riche
2232 1339 40 32 de
2285 1338 258 34 bouffonnerie.
2559 1340 54 32 M.
2626 1339 162 33 Maurice
2803 1341 122 42 Ravel,

2120 1389 121 34 artiste
2264 1391 38 32 de
2333 1391 123 32 l'école
2488 1392 162 41 avancée,
2678 1403 17 20 a
2727 1402 59 21 cru
2807 1391 120 33 devoir

2119 1447 104 27 noter
2267 1448 221 27 exactement
2533 1443 33 32 la
2605 1442 235 33 déclamation
2880 1444 45 31 du

2120 1491 158 43 dialogue
2309 1499 35 27 et
2365 1494 160 32 dérouler
2555 1505 52 21 ses
2638 1494 119 32 scènes
2789 1505 58 21 sur
2878 1505 47 21 un

2119 1544 140 32 dessous
2280 1543 237 35 d'harmonies
2539 1544 250 46 compliquées,
2806 1543 104 34 infini-

2119 1601 100 27 ment
2235 1593 262 47 chromatiques
2507 1607 82 22 avec
2603 1597 56 31 des
2671 1595 92 33 idées
2775 1594 149 35 hachées

2119 1658 107 20 menu
2248 1653 33 26 et
2302 1658 68 21 une
2392 1646 318 34 instrumentation
2730 1649 70 31 tort
2829 1646 79 43 ingé-

2119 1696 133 35 nieuse.
2286 1698 185 44 Beaucoup
2505 1699 40 32 de
2576 1698 123 33 détails
2737 1705 80 27 sont
2855 1699 70 32 très

2120 1748 142 33 curieux
2300 1756 34 25 et
2372 1755 193 37 amusants,
2595 1755 138 27 surtout
2771 1750 83 32 dans
2892 1751 33 30 la

2120 1799 111 44 partie
2262 1807 187 37 purement
2480 1800 217 46 pittoresque
2728 1813 44 20 ou
2806 1800 103 33 incita-

2119 1849 85 35 tive.
2235 1850 368 44 Malheureusement,
2635 1851 23 33 il
2689 1853 60 43 n'y
2777 1863 17 21 a
2824 1851 99 45 point

2120 1903 121 31 accord
2262 1909 99 26 entre
2382 1904 32 32 le
2434 1903 125 44 poème
2580 1909 33 27 et
2634 1904 32 31 la
2686 1902 182 45 partition,
2890 1909 35 27 et

2118 1955 33 30 la
2170 1952 113 43 gaieté
2311 1955 40 32 de
2370 1955 33 31 la
2424 1953 95 45 pièce
2540 1961 52 26 est
2620 1966 61 32 par
2706 1961 78 37 trop
2810 1955 97 32 étouf-

2119 2004 53 33 fée
2210 2016 78 21 sous
2326 2004 178 45 l'appareil
2540 2005 159 34 musical.
2737 2007 66 31 Les
2836 2006 89 31 deux

2120 2056 172 33 éléments
2325 2063 92 37 sont,
2438 2068 87 32 pour
2555 2056 86 33 ainsi
2664 2056 84 44 dire,
2769 2068 43 21 en
2842 2068 63 21 con-

2119 2107 202 34 tradiction.

2459 2159 106 33 Louis
2595 2171 44 21 DE
2668 2159 206 33 FOURCAUD.

2125 2308 305 87 L'ECHO
2473 2314 120 81 DE
2633 2314 282 81 PARIS

2199 2401 23 22 «S

2170 2451 277 34 Franc-Nohain
2468 2452 66 34 sait
2554 2453 107 33 rimer
2681 2465 44 21 ou
2755 2465 147 21 assonan-

2118 2515 56 22 cer
2189 2505 57 31 des
2262 2515 77 21 vers
2355 2503 57 45 qui
2434 2511 63 27 ont
2512 2505 76 32 leur
2603 2503 162 46 musique
2785 2516 135 32 propre.

2170 2556 104 32 Cette
2307 2555 162 45 musique
2502 2567 136 32 propre,
2672 2557 31 31 le
2736 2555 184 44 musicien,

2118 2607 58 33 M.
2198 2606 161 33 Maurice
2380 2608 123 41 Ravel,
2533 2608 83 32 s'est
2645 2606 128 33 efforcé
2804 2608 39 31 de
2877 2618 43 21 ne

2116 2669 60 33 pas
2204 2659 32 31 la
2258 2657 164 34 détruire.
2445 2660 28 31 Il
2505 2670 17 20 a
2552 2670 147 33 presque
2720 2664 78 27 tout
2819 2658 17 32 à
2856 2657 64 34 fait

2116 2709 122 33 réussi.
2272 2710 42 32 Sa
2344 2708 235 34 déclamation
2610 2710 104 32 notée
2748 2715 51 27 est
2828 2709 90 33 aussi

2116 2761 76 43 près
2230 2762 44 31 du
2311 2761 145 41 langage
2489 2772 66 33 que
2592 2760 161 44 possible.
2787 2761 65 32 Sur
2884 2773 36 20 sa

2116 2811 182 44 partition,
2319 2811 23 33 il
2364 2823 18 21 a
2402 2811 87 33 écrit
2508 2809 199 46 lui-même,
2728 2818 34 27 et
2782 2812 18 32 à
2823 2810 97 46 juste

2115 2862 84 34 titre
2222 2876 8 19 :

2211 2914 97 33 C'est
2328 2924 146 35 presque
2495 2920 78 27 tout
2591 2914 33 32 le
2644 2920 114 37 temps
2777 2914 33 33 le
2829 2915 92 45 quasi

2109 2963 169 48 parlando
2298 2966 44 31 du
2364 2964 157 34 récitatif
2537 2964 116 33 bouffe
2674 2964 134 34 italien.

2166 3018 33 31 A
2220 3028 37 21 ce
2288 3015 139 44 mérite,
2458 3015 23 34 il
2512 3016 75 33 faut
2617 3015 137 45 ajouter
2785 3018 32 31 la
2850 3016 69 34 très

2116 3067 191 45 capiteuse,
2327 3068 32 31 la
2388 3067 69 33 très
2479 3066 179 46 pimentée
2678 3067 181 33 séduction
2880 3068 40 32 de

2114 3117 219 34 l'orchestre.
2357 3119 65 32 Les
2453 3117 190 34 musiciens
2675 3125 35 26 et
2739 3120 48 32 les
2819 3118 85 33 dilet-

2115 3177 116 26 tantes
2263 3169 216 34 admireront
2512 3171 32 30 la
2572 3169 186 34 virtuosité
2787 3171 40 31 de
2862 3170 55 33 M.

2116 3222 110 32 Ravel
2258 3221 18 32 à
2307 3227 145 27 trouver
2471 3221 196 42 d'étranges
2699 3228 34 26 et
2765 3232 153 22 cocasses

2114 3270 327 44 échantillonnages
2488 3283 153 22 sonores.
2688 3271 33 34 Si
2768 3271 151 34 certains

2115 3323 173 33 écrivains
2326 3329 155 27 mettent
2517 3324 41 32 de
2594 3323 134 43 l'esprit
2765 3324 83 32 dans
2884 3323 33 32 la

2114 3375 103 42 façon
2236 3375 42 32 de
2297 3373 85 34 faire
2408 3372 104 46 jouer
2542 3375 49 31 les
2621 3381 105 36 mots,
2747 3385 38 21 ce
2810 3373 88 33 musi-

2116 3425 76 33 cien
2224 3437 43 21 en
2293 3432 73 26 met
2396 3424 177 45 beaucoup
2594 3426 84 31 dans
2707 3437 35 20 sa
2762 3424 156 34 manière

2116 3478 39 32 de
2176 3477 126 33 frotter
2331 3477 48 32 les
2399 3475 146 34 timbres
2565 3477 48 32 les
2634 3488 65 20 uns
2720 3482 121 27 contre
2867 3476 49 32 les

2115 3534 131 27 autres.
2276 3528 29 33 Il
2338 3539 22 32 y
2393 3539 18 20 a
2448 3527 32 32 là
2518 3538 47 21 un
2599 3525 225 35 raffinement
2852 3538 66 33 que

2116 3579 208 45 Huysmans
2356 3577 153 34 n'aurait
2541 3590 59 32 pas
2628 3578 152 45 manqué
2803 3578 41 32 de
2873 3577 30 33 si-

2113 3631 122 43 gnaler
2255 3631 83 31 dans
2359 3641 68 21 une
2448 3640 84 34 page
2552 3629 30 33 d'
2587 3629 39 33 A
2645 3627 153 35 Rebours.

2491 3694 171 32 ADOLPHE
2692 3693 174 33 BOSCHOT.
