3520 4417
1673 138 104 51 187

106 277 132 50 einen
271 277 127 51 Chor
433 278 80 50 für
541 280 417 49 Männerstimmen
1005 280 82 49 mit
1120 281 277 67 Begleitung
1443 300 88 32 von
1575 284 94 48 vier

104 357 223 51 Hörnern
369 358 95 50 und
501 360 127 49 einer
657 361 232 56 Posaune,
929 370 208 56 genannt
1176 362 126 56 „Der
1331 364 142 64 Jäger
1505 362 134 50 Heim-

322 455 86 33 von
450 440 140 49 Karl
637 440 298 49 Beinecke
979 440 300 51 vernahmen.
1340 442 118 49 Dem
1507 442 140 50 Grütz-

106 517 349 52 macher'schen
487 520 184 52 Werke
710 521 135 48 zollte
888 518 81 50 das
1012 520 251 51 Publicum
1310 539 89 32 nur
1443 524 230 64 mässigen

106 597 180 61 Beifall,
329 598 191 53 obwohl
551 600 73 49 die
654 600 172 49 Motive
858 604 232 62 prägnant
1122 601 321 51 hervortraten
1476 602 94 50 und
1602 602 73 51 die

103 678 417 53 Instrumentation
551 698 84 33 von
668 680 237 67 tüchtiger
934 681 485 52 Orchester-Routine
1447 685 227 65 Zeugniss

104 758 201 69 ablegte.
336 761 202 50 Freilich
569 760 261 51 entbehren
860 760 74 49 die
958 762 171 50 Motive
1160 770 114 42 trotz
1305 764 127 49 ihrer
1463 764 209 67 feurigen

106 840 181 67 Anlage
317 841 82 50 der
428 845 248 62 grösseren
708 841 130 50 Tiefe
880 841 93 50 und
1005 859 81 33 vor
1127 842 117 50 allen
1279 844 183 64 Dingen
1494 845 81 48 der
1606 846 43 48 lo-

104 920 129 66 gisch
277 921 426 66 fortgesponnenen
734 922 400 68 Durchführung,
1179 922 143 51 deren
1367 924 306 50 thematische

104 1000 168 49 Arbeit
300 1001 94 50 sich
421 1001 125 50 nicht
571 1000 116 52 über
710 1002 103 49 eine
836 1002 337 66 aphoristische
1194 1004 479 67 Zusammensetzung

104 1080 206 51 erheben
343 1081 170 52 dürfte.
553 1082 89 50 Die
673 1082 361 51 Reinecke'sche
1067 1084 319 67 Composition
1416 1085 144 49 nahm
1592 1084 54 50 da-

103 1179 151 48 gegen
286 1161 72 51 die
381 1162 369 51 Zuhörerschaft
779 1164 82 48 mit
892 1165 335 65 ungetheiltem
1263 1165 92 49 und
1387 1165 258 66 gerechtfer-

102 1241 164 66 tigtem
313 1241 189 51 Beifalle
545 1242 95 59 auf,
701 1242 59 51 da
802 1242 95 50 sich
940 1250 118 43 trotz
1103 1244 176 66 einiger
1324 1245 247 66 Anklänge
1616 1263 56 31 an

104 1322 152 49 Franz
285 1322 363 51 Schubert'sche
672 1324 260 49 Harmonik
967 1324 81 49 das
1080 1325 212 49 reizende
1321 1325 273 49 Werkchen
1626 1327 43 47 in

102 1401 427 67 stimmungsvoller
558 1404 188 49 Einheit
774 1404 283 58 offenbarte,
1100 1406 150 48 zumal
1293 1421 47 33 es
1381 1421 103 33 vom
1518 1406 129 50 Pauli-

104 1481 313 51 ner-Vereine
446 1484 43 48 in
522 1484 319 66 vorzüglicher
874 1484 163 50 Weise
1067 1485 282 66 ausgeführt
1380 1485 177 49 wurde.

226 1564 181 48 Ferner
457 1562 168 50 kamen
676 1564 62 49 im
786 1562 238 51 siebenten
1079 1565 591 49 Gewandhaus-Concerte

104 1641 112 51 zwei
249 1644 271 49 Tonstücke
550 1660 85 33 von
668 1645 186 48 Franz
885 1644 301 49 Schubert
1223 1663 103 31 zum
1368 1654 151 40 ersten
1552 1646 122 48 Male

104 1740 53 31 zu
184 1724 180 58 Gehör,
394 1724 144 49 deren
563 1725 256 49 Schönheit
849 1724 81 49 das
957 1725 245 49 Publicum
1227 1744 53 30 zu
1307 1725 236 49 lebhaften
1569 1726 78 48 Bei-

107 1802 527 68 falls-Kundgebungen
667 1804 180 49 hinriss.
906 1805 138 48 Diese
1076 1805 267 50 Tonstücke
1376 1823 155 32 waren
1562 1805 113 48 zwei

104 1884 248 49 Entreacts
389 1903 55 30 zu
475 1885 104 50 dem
621 1901 87 32 von
739 1885 220 50 Helmine
991 1886 151 66 Chezy
1171 1885 295 66 gedichteten
1500 1888 176 48 Drama

529 1982 54 31 zu
610 1965 223 48 welchem
861 1965 83 48 der
969 1966 182 64 geniale
1169 1965 321 67 Tonschöpfer
1515 1966 161 57 Arien,

107 2042 171 59 Chöre,
308 2045 152 50 Tänze
492 2045 92 50 und
609 2045 444 66 Stimmungsbilder
1084 2046 308 66 componirte,
1416 2063 83 32 von
1526 2045 149 50 denen

104 2122 84 50 der
215 2125 183 65 Jäger-,
428 2125 191 50 Hirten-
653 2125 93 50 und
780 2125 312 58 Geisterchor,
1126 2126 72 49 die
1222 2128 239 48 Romanze
1487 2125 92 50 und
1602 2125 73 50 die

106 2204 269 49 Ouvertüre
404 2204 694 67 (Zauberharfen-Ouverture)
1129 2206 65 49 als
1226 2206 90 66 Op.
1349 2205 71 51 26
1457 2205 70 50 bei
1562 2206 81 49 Dia-

104 2282 107 51 belli
243 2285 43 48 in
320 2285 143 51 Wien
510 2285 270 50 erschienen
825 2285 116 50 sind.
1002 2285 102 50 Von
1136 2285 87 50 den
1258 2285 166 50 beiden
1465 2286 43 49 in
1543 2285 127 50 Rede

103 2364 257 51 stehenden
404 2365 205 50 Stücken
654 2365 179 50 fesselte
879 2366 81 49 das
1014 2373 120 42 erste
1192 2366 146 49 durch
1393 2366 102 49 eine
1540 2366 103 49 herz-

103 2445 315 69 erquickende
449 2445 158 67 Lyrik,
652 2445 141 50 deren
825 2445 297 50 Einfachheit
1159 2445 130 67 jedes
1326 2446 346 66 empfängliche

104 2525 207 50 Gemüth
343 2543 85 32 von
461 2526 120 49 allen
609 2525 423 50 zukünftlerischen
1065 2526 256 49 Schlacken
1354 2525 81 50 der
1463 2526 210 49 Jetztzeit

106 2606 205 65 reinigen
346 2614 189 49 musste,
582 2605 223 50 während
837 2605 82 50 das
962 2606 161 49 zweite
1167 2606 146 49 durch
1360 2605 312 50 dramatische

106 2686 151 59 Kraft,
294 2704 49 32 so
388 2688 87 48 wie
507 2686 145 50 durch
694 2686 241 66 originelle
965 2688 285 56 Harmonik,
1288 2686 257 68 Rhythmik
1579 2686 90 49 und

107 2768 414 48 Instrumentation
548 2766 195 59 fesselte,
775 2768 175 48 welche
976 2766 362 66 Eigenschaften
1364 2766 146 50 durch
1542 2766 105 50 treff-

104 2846 117 50 liche
253 2848 315 64 Ausführung
598 2846 45 49 in
675 2846 81 49 das
789 2846 128 50 beste
948 2848 132 48 Licht
1110 2855 173 57 gesetzt
1313 2846 211 50 wurden.

224 2926 119 51 Eine
372 2926 176 50 andere
578 2928 184 48 Novität
793 2928 277 64 präsentirte
1109 2928 97 48 sich
1251 2944 83 32 uns
1373 2928 60 48 im
1466 2934 204 42 neunten

106 3006 230 51 Concerte
376 3008 46 49 in
463 3008 127 48 einer
637 3006 306 65 fünfsätzigen
976 3008 130 49 Suite
1138 3008 90 64 Op.
1264 3006 70 51 70
1368 3024 86 32 von
1487 3008 145 47 Hein-

104 3088 124 49 rich
264 3089 193 55 Esser,
504 3086 176 50 welche
711 3086 81 50 das
822 3086 246 50 Publicum
1117 3088 80 48 mit
1237 3086 431 50 enthusiastischem

241 3145 16 16 V

106 3168 189 50 Beifalle
339 3169 237 48 aufnahm.
638 3168 178 49 Gewiss
863 3168 160 48 besitzt
1067 3169 118 48 auch
1232 3168 74 48 die
1352 3168 316 66 Composition

102 3249 86 48 alle
219 3249 381 63 Eigenschaften,
649 3248 176 48 welche
855 3246 243 50 derselben
1143 3248 73 48 die
1258 3252 247 44 wärmsten
1536 3248 100 66 Sym-

103 3329 216 66 pathieen
364 3330 248 62 gewinnen
658 3332 202 52 müssen,
911 3326 155 49 indem
1113 3326 82 51 der
1254 3328 81 47 mit
1392 3328 277 48 Bach'scher

104 3408 394 67 Contrapunktik,
544 3408 87 49 wie
670 3408 80 49 mit
780 3406 419 50 Beethoven'scher
1232 3406 93 49 und
1358 3408 309 48 Schumann'-

102 3489 136 48 scher
264 3489 252 50 Romantik
543 3489 127 65 innig
691 3494 235 43 vertraute
952 3488 273 64 Componist
1256 3486 125 49 nicht
1405 3488 136 47 allein
1567 3488 102 48 eine

103 3569 267 66 geschickte
395 3569 311 50 Detailarbeit
731 3569 210 66 geliefert
973 3568 94 57 hat,
1098 3566 202 51 sondern
1330 3568 118 48 auch
1480 3568 44 49 in
1548 3568 119 48 allen

104 3649 110 50 fünf
239 3650 165 50 Sätzen
437 3649 257 58 bekundet,
733 3650 103 49 däss
865 3648 125 49 seine
1021 3648 182 54 frische,
1236 3648 197 65 kräftige
1465 3648 172 48 Phanta-

102 3729 66 50 sie
210 3729 44 48 in
299 3729 89 48 den
433 3729 148 48 durch
624 3746 165 31 unsere
819 3726 272 51 classischen
1124 3729 187 48 Meister
1340 3726 328 67 geschaffenen

107 3809 94 51 und
224 3810 297 50 erweiterten
548 3812 203 48 Formen
776 3810 123 49 ohne
926 3809 184 48 Fesseln
1141 3809 94 48 sich
1269 3808 225 66 bewegen
1528 3808 140 58 kann,

107 3890 93 50 und
225 3889 202 51 dieselbe
457 3890 138 49 somit
624 3892 66 48 als
718 3889 364 66 schöpferisches
1113 3888 184 67 Princip
1321 3889 149 48 seines
1494 3889 143 48 Kunst-

108 3972 182 48 werkes
320 3970 262 50 anzusehen
612 3970 70 50 ist.
745 3972 106 48 Wir
899 3969 205 67 glauben
1148 3969 366 57 zuversichtlich,
1564 3968 103 49 dass

107 4050 146 50 dieses
292 4052 172 48 schöne
498 4050 153 49 Werk
692 4049 73 51 die
809 4050 263 50 Rundreise
1117 4049 115 50 nach
1279 4049 120 50 allen
1446 4049 218 50 Concert-

108 4132 245 48 Instituten
385 4129 343 51 Deutschlands
772 4130 197 49 machen
1002 4128 94 51 und
1139 4128 317 51 allenthalben
1489 4128 150 49 densel-

108 4210 90 50 ben
229 4212 162 49 Beifall
426 4210 85 50 wie
540 4210 43 50 in
616 4210 187 66 Leipzig
836 4210 154 50 finden
1024 4208 128 51 wird.

1895 286 164 50 Dieser
2098 285 322 67 Composition
2467 285 139 65 folgte
2650 285 59 48 im
2755 282 197 51 zehnten
2996 284 230 48 Concerte
3272 281 71 50 ein

1777 383 84 31 von
1907 365 101 49 dem
2059 365 334 67 Componisten
2440 364 240 53 mehrerer
2726 362 287 59 Sinfonieen,
3070 360 274 51 Theodor

1777 447 221 66 Gouvy,
2023 446 313 66 gearbeitetes
2357 445 92 49 und
2476 444 137 50 nobel
2639 444 276 49 erfundenes
2935 441 409 58 Orchesterwerk,

1787 526 239 66 „Allegro,
2070 526 263 56 Sicilienne,
2374 526 213 48 Menuett
2627 524 94 49 und
3024 522 177 51 welche
3245 522 95 47 vier

1776 607 133 49 Sätze
1937 607 94 49 sich
2064 607 128 49 einer
2223 605 321 51 freundlichen
2576 605 269 49 Aufnahme
2877 605 235 48 erfreuten
3135 621 11 40 ;
3177 602 168 68 gewiss

1776 687 164 50 würde
1984 686 116 51 aber
2143 687 80 49 das
2266 687 107 49 sehr
2418 684 414 67 achtungswerthe
2879 684 149 49 Werk
3076 685 102 48 eine
3222 682 120 50 noch

1774 771 215 62 grössere
2025 766 241 67 Wirkung
2298 766 155 50 erzielt
2483 765 174 58 haben,
2700 781 134 32 wenn
2874 764 151 64 einige
3060 762 251 52 Wiederho-

1774 849 173 64 lungen
1979 846 74 50 die
2074 864 126 32 zwar
2224 847 126 49 nicht
2373 846 176 66 gerade
2573 863 170 39 neuen,
2777 844 111 49 aber
2914 844 129 49 recht
3065 844 252 49 interessan-

1774 936 77 41 ten
1896 927 94 50 und
2036 927 83 49 mit
2163 927 316 65 feinsinnigem
2514 925 179 51 Colorit
2738 925 327 65 überzogenen
3111 922 206 50 musicali-

1773 1009 140 49 schen
1945 1007 334 66 Zeichnungen
2317 1007 126 50 nicht
2473 1007 71 49 ein
2577 1006 155 65 wenig
2761 1006 45 48 in
2837 1004 73 50 die
2940 1005 160 66 Länge
3132 1020 206 50 gezogen

1774 1090 172 48 hätten.

1895 1170 95 48 Der
2013 1167 61 50 im
2101 1167 154 50 eilften
2282 1167 227 50 Concerte
2531 1185 82 32 zur
2632 1166 312 64 Aufführung
2968 1165 219 65 gelangte
3213 1162 127 50 Chor

2107 1265 85 33 von
2224 1249 165 48 Ferd.
2409 1249 116 48 Hill
2542 1265 59 32 er
2634 1247 54 49 ist
2712 1246 42 50 in
2782 1245 156 49 diesen
2966 1246 204 48 Blättern
3196 1244 143 48 schon

1776 1329 288 66 besprochen
2097 1327 222 58 wurden;
2366 1345 84 31 uns
2489 1327 284 49 interessirte
2813 1324 256 50 besonders
3099 1322 72 51 die
3205 1322 113 65 geist-

1776 1409 153 49 reiche
1956 1409 302 66 Conception,
2290 1407 72 49 die
2396 1407 313 49 meisterhafte
2742 1407 174 47 Factur
2943 1404 95 50 und
3070 1404 74 49 die
3169 1405 136 48 Anwe-

1774 1489 181 49 senheit
1981 1489 81 49 des
2091 1489 256 66 gefeierten
2382 1489 346 66 Componisten.

1896 1570 116 48 Eine
2044 1587 136 40 neue,
2211 1569 60 48 im
2304 1567 213 51 zwölften
2543 1567 228 50 Concerte
2802 1584 51 30 zu
2888 1565 162 51 Gehör
3080 1564 263 67 gebrachte

1777 1650 267 50 Ouvertüre
2088 1667 52 30 zu
2187 1649 182 48 Kleist's
3017 1661 85 33 von
3149 1645 194 63 Georg

1776 1730 296 64 Vierling,
2116 1729 202 48 welcher
2357 1730 94 47 sein
2486 1726 420 68 Manuscriptwerk
2945 1725 141 49 selbst
3116 1724 226 66 dirigirte,

1776 1827 170 48 errang
1976 1827 89 31 nur
2097 1810 131 47 einen
2263 1808 412 64 Achtungserfolg,
2707 1805 224 51 trotzdem
2964 1804 73 51 die
3069 1802 271 66 anständige

1777 1890 318 65 Composition
2140 1889 261 49 natürliche
2448 1888 260 49 Harmonik
2756 1885 94 51 und
2907 1885 59 48 im
3020 1885 187 50 Ganzen
3258 1900 53 48 ge-

1776 1970 202 48 schickte
2003 1970 164 48 Mache
2191 1969 131 66 zeigt.
2357 1969 84 48 Die
2468 1969 187 59 Motive,
2685 1985 85 31 von
2803 1966 148 49 denen
2984 1964 81 51 das
3095 1971 121 42 erste
3248 1962 91 49 und

1777 2067 74 33 am
1885 2050 192 48 meisten
2110 2049 308 48 verwerthete
2460 2049 80 48 mit
2578 2048 105 49 dem
2723 2054 153 42 ersten
2909 2045 181 50 Thema
3132 2060 83 33 aus
3246 2044 62 48 Ro-

1778 2130 102 50 bert
1913 2130 302 50 Volkmann's
2244 2128 419 52 i?-wo//-Sinfonie
2710 2128 86 49 fast
2826 2126 391 57 übereinstimmt,
3262 2124 51 49 be-

1776 2209 185 49 kunden
1995 2209 251 66 allerdings
2279 2209 150 62 wenig
2470 2208 310 64 selbständige
2811 2205 343 67 schöpferische
3187 2202 153 59 Kraft,

1773 2290 118 50 auch
1924 2290 168 48 erhebt
2122 2290 93 48 sich
2249 2290 73 48 die
2355 2290 164 48 Arbeit
2549 2290 125 48 nicht
2705 2289 66 48 bis
2803 2304 52 32 zu
2888 2288 127 48 einer
3046 2293 291 57 compacten,

1773 2370 355 64 geschlossenen
2163 2371 160 55 Form,
2370 2369 90 48 und
2507 2369 179 48 endlich
2732 2366 99 50 sind
2876 2365 73 50 die
2984 2364 354 51 Instrumental-

1774 2450 176 48 Effecte
1980 2450 65 48 oft
2073 2468 52 29 zu
2158 2450 108 47 sehr
2296 2449 87 48 den
2417 2450 266 47 Partituren
2718 2448 48 49 C.
2793 2448 61 48 M.
2879 2463 36 33 v.
2944 2445 220 51 Weber's
3196 2444 114 65 abge-

1771 2530 197 60 lauscht,
2009 2547 77 31 um
2129 2530 103 47 dem
2277 2529 42 48 in
2365 2529 126 48 Rede
2530 2528 255 49 stehenden
2822 2526 182 51 Werke
3036 2519 302 71 Originalität

1771 2610 280 66 zugestehen
2083 2628 53 29 zu
2168 2609 201 49 können.

1890 2691 66 47 Im
1998 2690 358 48 siebenzehnten
2389 2689 226 51 Concerte
2661 2688 208 48 fesselten
2914 2685 110 50 zwei
3071 2685 99 48 hier
3216 2684 117 48 noch

1772 2770 126 48 nicht
1941 2771 195 64 gehörte
2171 2770 374 66 Compositionen
2587 2770 179 47 Franz
2811 2766 341 50 Schubert's
3196 2782 141 31 unser

1772 2851 241 49 Interesse.
2064 2851 88 47 Ein
2185 2850 329 64 grossentheils
2544 2848 267 66 homophon
2845 2846 272 64 gehaltenes
3154 2883 16 18 „
3180 2840 159 70 Kyrie

1781 2928 239 53 eleison—
2282 2928 182 54 Christe
2465 2947 82 30 aus
2580 2930 80 47 der
2911 2929 150 47 Messe
3102 2925 78 50 des
3212 2926 93 47 Ton-

1771 3011 237 65 schöpfers
2054 3011 145 64 zeigte
2229 3010 255 64 durchweg
2516 3009 117 49 Adel
2666 3009 83 48 der
2780 3006 322 68 Empfindung
3136 3005 91 50 und
3262 3005 70 47 bei

1771 3091 214 55 schöner,
2031 3090 281 50 natürlicher
2345 3089 383 65 Stimmführung
2775 3089 102 47 eine
2917 3088 177 54 wahre,
3140 3085 197 48 fromme

1771 3171 155 67 Lyrik,
1952 3171 140 47 deren
2122 3171 136 47 Form
2288 3170 115 47 auch
2431 3169 219 66 nirgends
2681 3168 102 49 dem
2812 3168 279 48 kirchlichen
3121 3164 180 49 Charak-

1769 3259 70 41 ter
1868 3268 53 30 zu
1952 3252 121 46 nahe
2103 3258 103 40 trat.
2241 3250 64 47 Im
2336 3250 287 64 Gegensatze
2655 3249 155 48 hierzu
2841 3255 90 41 trat
2962 3246 71 49 die
3065 3246 269 49 Ouvertüre

1769 3348 51 31 zu
1854 3330 162 50 Alfons
2056 3330 93 49 und
2182 3330 197 49 Estrella
2423 3330 42 47 in
2512 3329 277 48 ritterlicher
2824 3328 133 48 Kraft
3000 3325 93 50 und
3133 3318 173 73 jugend-

1771 3410 164 49 lichem
1971 3412 151 47 Feuer
2152 3410 101 56 auf;
2286 3409 73 50 die
2396 3409 248 65 Festigkeit
2675 3409 42 47 in
2751 3408 276 64 Gestaltung
3060 3405 82 50 der
3175 3406 160 47 klaren

1772 3490 256 50 Gedanken
2069 3490 93 49 und
2194 3489 81 50 das
2305 3489 253 66 glänzende
2590 3488 176 49 Colorit
2794 3488 182 48 sichern
3009 3486 103 50 dem
3150 3484 180 51 Werke

1771 3572 58 48 im
1865 3572 327 48 Concertsaale
2224 3568 466 66 durchschlagenden
2723 3568 178 66 Erfolg.

2303 3648 325 67 (Fortsetzung
2662 3645 146 69 folgt.)

2340 3861 141 55 Aus
2542 3861 213 74 Prag.

2813 3968 129 37 Ende
2977 3968 97 35 Mai
3114 3965 113 40 1866.

1886 4045 89 49 Die
2004 4045 277 50 Lobredner
2310 4063 323 51 vergangener
2662 4047 158 48 Zeiten
2853 4044 208 66 gehören
3105 4044 196 48 bekannt-

1768 4125 88 50 lich
1886 4141 52 33 zn
1966 4124 132 67 jener
2131 4127 155 49 Classe
2317 4144 84 32 von
2436 4125 468 59 Menschenkindern,
2945 4125 178 49 welche
3154 4124 179 50 überall

1769 4205 333 64 fortkommen,
2147 4208 73 48 nie
2265 4207 288 50 aussterben.
2616 4207 157 50 Wenn
2817 4207 65 48 sie
2933 4205 114 50 aber
3090 4204 243 65 irgendwo

3024 4283 72 69 [*]
