2710 4043
568 3152 69 44 316

1284 958 283 48 PROTEUS

2043 1053 219 40 (Concluded)

1053 1160 36 37 A
1119 1160 174 38 Satiric
1315 1171 150 27 drama
1491 1172 47 26 in
1568 1170 92 28 two
1691 1170 114 29 acts.

1337 1284 102 39 ACT
1467 1287 56 35 11.

619 1397 115 38 Same
755 1409 108 25 scene
885 1410 43 25 as
950 1399 44 36 in
1014 1398 60 37 the
1093 1399 205 48 preceding
1329 1404 71 33 act.
1460 1399 119 37 When
1616 1398 59 38 the
1712 1399 155 38 curtain
1907 1400 97 37 rises
2040 1409 227 31 menei,aus
2298 1402 34 37 is

517 1459 213 38 discovered
752 1460 109 48 lying
884 1472 49 26 on
957 1460 60 37 the
1040 1459 124 46 beach,
1191 1462 140 48 asleep,
1357 1461 79 38 and
1459 1461 156 49 holding
1638 1462 45 37 in
1709 1461 62 38 his
1794 1461 105 38 hand
1922 1462 60 37 the
2004 1462 106 37 hand
2133 1463 40 47 of
2196 1463 134 45 Helen,

514 1522 119 37 veiled
654 1522 79 37 and
753 1522 136 38 seated.
943 1522 55 37 At
1018 1522 59 37 the
1098 1523 76 47 left,
1199 1524 153 47 against
1372 1524 60 37 the
1451 1524 257 48 proscenium,
1727 1524 157 48 leaning
1903 1528 106 45 upon
2029 1536 23 25 a
2067 1525 132 37 rubber
2201 1526 131 48 tipped

546 1596 106 33 cane,
688 1585 133 36 stands
854 1585 60 37 the
949 1593 306 37 satyr-major,
1291 1586 184 48 listening
1507 1590 36 33 to
1568 1586 59 37 the
1649 1586 200 38 orchestra.
1907 1587 78 38 The
2007 1586 186 38 orchestra
2203 1588 125 48 plays.

1136 1742 287 38 Bacchanale
1459 1750 243 30 nocturne.

1134 1833 18 49 (■
1152 1834 261 48 pianissimo).

512 1958 93 40 The
632 1958 314 46 Satyr-major,
976 1962 36 34 to
1040 1959 59 37 the
1126 1959 200 37 orchestra.

614 2021 161 46 Gently,
806 2021 111 49 quite
944 2021 139 46 softly.
1137 2023 138 40 Lower
1294 2021 7 38 !
1331 2023 138 40 Lower
1493 2023 7 37 !
1543 2023 140 40 Lower
1702 2023 7 36 !

613 2084 39 37 If
675 2084 34 37 it
732 2096 82 25 was
839 2096 24 25 a
887 2083 187 49 question
1099 2084 42 37 of
1164 2084 165 48 making
1352 2084 112 37 noise
1488 2096 59 25 we
1569 2084 147 38 should
1740 2084 106 38 have
1872 2096 53 25 no
1949 2084 102 38 need
2075 2085 41 37 of
2140 2084 138 39 music.

614 2148 84 36 Our
727 2147 94 36 task
852 2145 34 38 is
917 2150 45 33 to
994 2146 119 37 make
1145 2147 71 36 the
1246 2146 146 37 silence
1425 2146 174 38 audible.
1653 2146 115 39 Shhh
1787 2147 7 37 !

1130 2239 75 49 [He
1232 2239 101 37 beats
1361 2239 102 38 time.
1522 2240 79 37 The
1627 2240 137 44 music,
1812 2241 155 47 already
2007 2241 115 47 faint,
2168 2241 161 37 becomes

1077 2303 136 36 almost
1239 2301 315 50 imperceptible).

611 2425 144 38 That's
779 2426 147 37 better.
981 2426 67 39 Sss
1067 2427 6 36 !
1129 2428 140 39 Lower
1294 2427 107 36 still!
1457 2427 125 38 What
1606 2427 71 37 the
1714 2427 124 38 deuce
1857 2428 6 37 !
1920 2429 41 35 It
1987 2427 35 38 is
2037 2431 73 34 not
2136 2428 62 37 for
2222 2428 86 37 tink-

509 2500 62 26 ers
606 2489 95 37 that
735 2501 83 34 you
853 2489 107 47 play.

613 2553 83 35 But
718 2552 62 36 for
802 2551 224 48 demi-gods
1049 2552 133 36 whose
1204 2551 144 37 bestial
1371 2563 87 26 ears
1479 2552 217 37 terminate
1717 2552 42 37 in
1782 2564 24 25 a
1829 2552 116 49 point
1967 2564 44 26 as
2032 2552 80 38 fine
2134 2564 44 26 as
2200 2565 23 25 a
2250 2553 60 37 sin-

507 2613 62 48 gle
595 2614 89 37 hair

608 2676 95 39 And
729 2688 83 34 you
839 2689 67 24 are
931 2677 120 47 going
1076 2680 45 33 to
1149 2677 167 36 awaken
1341 2676 85 38 this
1451 2677 125 37 brave
1603 2689 95 25 man
1725 2677 90 37 who
1842 2678 74 37 has
1942 2677 125 37 taken
2093 2677 120 47 Troy,
2250 2678 79 37 and

506 2738 160 37 thrown
693 2751 24 25 a
743 2738 82 38 seal
851 2743 45 33 to
924 2739 128 44 earth,
1082 2739 81 37 and
1190 2739 90 37 who
1305 2739 35 37 is
1368 2740 122 36 much
1515 2739 196 48 fatigued.

607 2802 95 38 And
727 2814 103 25 even
855 2802 131 37 Helen
1011 2802 186 47 perhaps.
1253 2801 91 40 Still
1369 2802 134 37 lower.

1126 2896 95 48 [The
1247 2896 190 37 orchestra
1461 2897 115 48 plays
1603 2897 139 37 almost
1768 2896 44 37 in
1838 2896 116 37 dumb
1981 2896 113 44 show,
2123 2896 59 37 the
2208 2896 121 38 violin

1020 2958 97 38 bows
1157 2958 80 48 just
1277 2958 185 50 brushing
1501 2959 60 37 the
1601 2959 157 48 strings,
1784 2958 167 48 cymbals
1984 2963 65 33 not
2077 2958 190 50 touching,

1021 3020 146 38 brasses
1196 3021 189 48 stopped).
