2710 4043
681 3203 68 36 350

1135 977 128 47 THE
1295 978 318 46 OFFERING
1646 980 79 44 OF
1757 980 192 47 PLEBS

810 1167 105 40 You
944 1165 121 42 have
1094 1166 224 52 betrayed
1348 1181 86 35 me,
1469 1166 147 43 Weak
1646 1167 93 43 and
1771 1166 111 44 Cold
1913 1169 98 42 One

809 1227 167 42 Whom
1007 1227 134 43 Plebs
1171 1228 232 42 bestowed
1432 1242 61 28 on
1525 1243 86 28 me.

807 1288 204 54 Hearing
1041 1303 80 38 my
1150 1289 112 43 cries
1292 1289 47 42 in
1370 1290 79 42 the
1479 1289 132 55 night

807 1352 104 40 You
942 1351 121 42 have
1094 1352 200 54 brought
1325 1366 72 27 me
1426 1352 141 41 onion
1597 1366 152 41 soups,

805 1412 85 42 Art
921 1413 49 41 of
1000 1413 164 54 frying,
1198 1413 80 43 red
1308 1414 93 43 and
1431 1414 112 42 then
1574 1414 105 51 soft,

805 1474 235 55 Cabbages
1071 1476 93 41 and
1194 1475 225 54 energetic
1451 1476 165 43 dishes.

790 1537 106 43 And
926 1538 80 42 the
1037 1537 142 43 bread
1208 1538 49 42 of
1287 1538 173 43 flowers
1491 1539 188 42 become
1708 1540 129 47 stale,

805 1601 91 40 Yet
927 1600 80 41 the
1037 1600 142 42 bread
1210 1601 211 42 matured
1451 1600 47 42 in
1529 1601 80 42 the
1639 1602 230 54 kneading
1899 1604 180 53 trough,

854 1662 140 42 What
1015 1662 16 42 ?
1067 1662 80 42 the
1177 1661 187 44 humble
1395 1668 108 45 arts,
1537 1664 81 41 the
1649 1664 113 42 mud
1791 1664 49 42 of
1870 1664 124 51 floor,

803 1722 97 44 The
929 1724 155 50 bread,
1118 1724 80 42 the
1256 1739 113 41 poor
1400 1726 148 42 man's
1578 1725 169 56 insipid
1776 1726 174 43 walnut
1971 1728 17 41 ?

802 1881 106 40 You
937 1879 119 43 have
1088 1884 83 38 not
1200 1894 107 28 seen
1337 1881 105 41 that
1473 1883 24 39 I
1530 1895 77 27 am
1637 1881 80 42 the
1746 1895 114 41 poor
1891 1896 108 28 man

800 1941 107 44 And
937 1946 83 37 not
1051 1941 80 42 the
1162 1941 149 43 dealer
1341 1943 116 50 who,

802 2002 128 44 With
960 2004 219 42 buttocks
1210 2004 227 44 breached
1466 2004 115 43 with
1612 2006 119 43 dead
1761 2006 125 50 flesh,

800 2067 99 42 Has
931 2080 27 27 a
989 2065 128 44 mind
1148 2067 99 42 well
1278 2068 223 53 arranged
1531 2067 48 42 in
1609 2068 146 50 order,

800 2130 57 40 In
887 2128 80 42 the
997 2128 143 42 boxes
1170 2128 48 42 of
1249 2143 27 27 a
1306 2129 277 44 chessboard
1614 2135 49 38 at
1694 2135 105 45 rest,

800 2190 128 43 With
958 2190 80 42 the
1068 2196 256 48 symmetry
1353 2191 49 42 of
1432 2206 27 28 a
1489 2192 117 55 shop
1637 2192 217 55 enjoying
1884 2194 118 53 good
2032 2199 192 38 custom.

802 2347 104 41 You
937 2346 119 42 have
1086 2350 82 38 not
1198 2361 107 27 seen
1335 2348 105 41 that
1473 2349 23 40 I
1531 2361 75 28 am
1635 2348 81 42 the
1745 2362 115 41 poor
1890 2363 122 36 man,

800 2408 106 43 And
936 2422 93 38 you
1059 2408 120 43 have
1209 2408 119 43 tried
1358 2414 50 37 to
1439 2414 69 37 ret
1543 2423 72 28 me
1644 2424 61 28 on
1736 2411 80 42 the
1847 2410 125 43 bank
2002 2411 49 42 of
2081 2412 80 42 the
2193 2413 111 52 days

800 2469 127 43 With
957 2470 204 54 tangible
1177 2470 268 56 provisions.

797 2628 24 41 I
851 2625 172 44 wished
1053 2626 111 53 only
1193 2626 71 43 for
1294 2627 153 50 bread,

798 2690 107 48 But,
939 2688 48 42 in
1017 2688 108 50 him,

797 2749 96 43 The
923 2750 274 56 companion
1229 2750 48 43 of
1307 2751 245 55 mornings,

796 2812 233 55 Evenings
1059 2813 93 43 and
1181 2812 168 55 nights,

799 2877 107 40 You
936 2875 80 44 did
1045 2880 83 37 not
1159 2890 104 27 care
1292 2881 51 37 to
1374 2876 237 55 recognize
1641 2891 28 28 a
1700 2891 121 37 man,

797 2939 94 41 But
923 2952 27 28 a
980 2938 220 42 woman's
1230 2938 226 50 husband,

795 2997 42 44 A
867 2999 210 43 function
1108 2999 47 42 of
1186 3014 120 28 man.

797 3064 23 39 I
850 3076 94 28 was
976 3061 47 42 in
1054 3062 80 42 the
1164 3061 144 54 night,
1343 3062 121 43 Wise
1496 3063 94 42 and
1620 3062 186 54 Logical
1837 3065 114 49 One,
