2710 4043
543 3153 70 44 366

472 589 34 37 it
527 589 35 37 is
584 592 44 32 to
651 589 161 44 suggest
835 584 94 37 that
952 582 114 37 there
1089 580 130 47 might
1241 578 50 38 be
1315 589 24 25 a
1364 576 106 37 little
1493 575 78 37 less
1594 570 395 50 misrepresentation
2012 569 118 48 going
2164 581 52 24 on
2248 569 42 36 in

474 649 187 49 England
689 649 127 36 about
835 645 199 38 members
1054 643 42 37 of
1114 642 111 36 what
1242 640 35 38 is
1296 640 149 36 known
1465 637 52 37 all
1536 648 97 26 over
1651 636 72 36 the
1742 633 124 38 world
1886 645 43 24 as
1949 633 70 35 the
2039 633 98 35 New
2156 632 107 36 Move-

474 716 112 34 ment
607 711 43 37 in
672 711 70 37 the
763 709 188 37 Theatre.
972 737 8 7 .
1001 736 7 8 .
1025 706 94 37 that
1140 705 234 36 Movement
1397 699 132 38 which
1549 701 226 45 represents
1799 696 51 36 all
1872 696 95 36 that
1989 694 33 37 is
2045 694 90 36 best
2157 693 42 37 in
2220 694 70 36 the

473 775 174 38 Theatre
672 773 41 37 of
738 771 141 46 today.
900 800 7 7 .
928 799 8 8 .
977 769 94 36 that
1096 769 21 36 I
1142 765 114 38 write
1279 764 97 37 this.

576 839 21 35 I
618 836 163 47 happen
802 837 45 33 to
869 833 51 37 be
940 843 77 25 one
1038 830 42 36 of
1100 830 114 36 these
1234 826 201 37 members
1453 836 8 33 ;
1486 823 80 38 and
1587 823 42 37 in
1651 818 351 51 misrepresenting
2023 830 71 34 my
2115 817 100 37 aims
2248 839 40 4 —

473 900 56 46 by
546 898 154 46 stating
717 897 94 37 that
830 908 71 33 my
918 894 82 37 sole
1016 891 177 48 thought
1209 890 34 37 is
1260 889 63 36 for
1341 887 214 42 Sceneries,
1576 897 96 34 you,
1692 896 70 34 my
1780 882 133 38 critics
1931 885 73 32 not
2022 880 96 46 only
2157 880 113 37 misre-

473 964 161 46 present
654 972 64 24 me
738 959 76 37 but
835 958 72 36 the
926 955 128 37 whole
1073 951 229 40 Theatrical
1322 952 246 35 Movement.
1604 946 132 47 Doing
1750 945 86 38 this
1856 956 81 35 you
1957 955 76 25 run
2053 943 70 36 the
2144 942 148 37 chance

473 1024 41 37 of
532 1023 122 47 doing
674 1035 22 23 a
715 1020 106 49 good
841 1018 90 38 deal
949 1017 42 37 of
1009 1018 117 36 harm
1143 1019 45 33 to
1206 1014 70 37 the
1294 1012 169 48 English
1479 1010 176 37 Theatre
1674 1008 80 37 and
1773 1005 236 48 misleading
2027 1005 69 37 the
2115 1015 178 36 younger

473 1098 94 26 men
587 1085 90 37 who
700 1096 66 24 are
788 1094 44 26 so
855 1081 74 37 full
951 1080 41 37 of
1014 1078 174 49 promise
1211 1076 80 37 and
1313 1075 133 36 whose
1468 1072 111 38 work
1600 1071 183 37 deserves
1806 1070 134 36 better
1977 1068 102 36 than
2121 1067 93 36 that
2251 1066 41 36 of

473 1161 94 34 you.
621 1146 61 38 To
708 1157 137 34 annoy
868 1143 105 48 good
995 1141 150 38 fellows
1169 1140 89 36 who
1283 1137 51 38 do
1359 1135 105 49 good
1488 1134 111 37 work
1623 1133 80 37 and
1728 1133 110 36 show
1861 1131 157 45 loyaity
2041 1133 44 32 to
2109 1129 71 36 the
2203 1129 90 36 best

473 1211 126 38 ideals
619 1210 42 36 of
681 1208 123 44 work,
828 1210 64 33 art
913 1204 80 38 and
1014 1200 276 48 comradeship
1311 1200 43 36 in
1374 1198 120 44 work,
1518 1197 34 37 is
1573 1200 73 33 not
1665 1195 71 37 the
1756 1195 90 36 best
1867 1205 90 33 way
1994 1195 44 33 to
2075 1203 112 25 serve
2223 1191 70 36 the

475 1273 168 48 English
661 1271 186 42 Theatre,
869 1280 75 24 nor
961 1267 34 37 is
1013 1266 34 37 it
1067 1277 101 34 your
1187 1262 206 39 conscious
1412 1260 100 38 wish
1538 1263 45 33 to
1613 1261 65 34 act
1706 1269 56 25 so.
1806 1278 41 4 —
1870 1255 39 37 If
1928 1266 81 35 you
2037 1265 93 26 ever
2164 1253 52 36 do
2251 1264 44 27 so

475 1347 82 36 you
576 1334 52 37 do
659 1345 44 26 so
734 1329 312 45 unconsciously
1076 1330 21 35 I
1128 1338 67 25 am
1225 1337 103 26 sure.

576 1399 93 34 You
687 1395 122 45 fancy
840 1415 40 4 —
912 1391 130 47 owing
1060 1393 44 33 to
1122 1389 71 37 the
1211 1386 144 49 simple
1375 1386 84 37 fact
1475 1385 94 36 that
1587 1394 83 35 you
1687 1383 104 35 have
1809 1384 73 32 not
1903 1379 72 37 the
1992 1378 101 37 time
2110 1381 44 33 to
2173 1376 124 47 study

475 1472 71 34 my
569 1458 111 38 work
702 1469 74 25 nor
798 1457 110 36 learn
933 1466 70 34 my
1027 1463 160 26 reasons
1212 1451 62 36 for
1298 1452 72 33 not
1397 1445 228 49 competing
1642 1444 99 37 with
1756 1444 71 36 the
1844 1440 251 39 commercial
2117 1440 178 36 theatres

475 1534 44 25 or
542 1522 70 36 the
681 1518 155 39 artistic
859 1518 193 42 theatres,
1129 1536 40 3 —
1202 1512 81 37 and
1306 1512 171 37 because
1501 1520 82 35 you
1607 1508 103 36 have
1735 1509 73 33 not
1834 1505 70 36 the
1943 1503 167 37 faintest
2150 1501 141 37 notion

476 1585 42 36 of
530 1585 91 36 how
632 1582 122 37 much
766 1583 22 36 I
800 1581 107 37 have
920 1578 136 48 gladly
1068 1574 205 40 sacrificed
1284 1574 44 37 in
1347 1574 70 36 the
1445 1572 79 37 last
1554 1571 139 36 fifteen
1721 1579 115 35 years
1865 1571 44 32 to
1938 1569 61 34 set
2029 1578 52 23 an
2109 1564 183 47 example

475 1651 44 33 to
540 1659 71 33 my
630 1645 196 37 followers
857 1664 42 4 —
929 1652 83 36 you
1030 1640 122 45 fancy
1171 1638 94 37 that
1285 1648 83 34 you
1387 1635 128 47 ought
1536 1637 73 33 not
1628 1636 44 32 to
1693 1630 124 46 study
1853 1642 70 33 my
1957 1628 112 36 work
2170 1626 127 47 ought

476 1713 73 33 not
568 1713 45 33 to
633 1708 110 37 learn
762 1706 95 46 why
876 1706 22 36 I
919 1707 66 34 act
1006 1715 43 25 as
1069 1704 21 35 I
1110 1701 52 37 do
1181 1731 7 6 .
1210 1731 7 7 .
1257 1698 80 38 and
1359 1709 109 25 more
1487 1696 102 36 than
1608 1694 83 37 this
1711 1705 83 34 you
1813 1692 122 46 fancy
1954 1691 98 36 that
2071 1701 82 35 you
2173 1689 125 47 ought

476 1774 74 35 not
576 1775 44 33 to
647 1769 126 46 study
800 1766 193 46 carefully
1013 1765 111 36 what
1143 1763 71 37 the
1235 1764 113 45 great
1371 1763 172 34 masters
1562 1758 43 37 of
1625 1757 71 36 the
1717 1755 187 38 different
1925 1753 124 38 crafts
2070 1753 105 36 have
2196 1750 102 37 done

477 1833 82 39 and
589 1832 163 38 written
783 1831 43 36 in
856 1830 72 36 the
960 1830 110 35 Past.

586 1897 102 36 Now
705 1896 22 35 I
745 1896 162 45 suggest
925 1891 94 37 that
1036 1889 134 37 unless
1182 1898 82 36 you
1275 1886 53 38 do
1340 1885 82 37 this
1442 1883 80 37 and
1533 1882 136 37 unless
1680 1892 82 35 you
1773 1879 118 37 make
1910 1876 228 48 yourselves
2156 1875 119 37 under-

476 1958 122 39 stand
611 1958 110 37 what
736 1956 34 37 it
783 1955 35 38 is
832 1957 21 35 I
868 1954 105 37 have
988 1952 103 38 done
1107 1950 80 38 and
1201 1948 83 39 still
1299 1947 191 39 continue
1503 1950 49 32 to
1567 1945 65 43 do,
1649 1943 81 37 and
1743 1942 111 37 what
1868 1941 101 45 they
1983 1940 105 36 have
2102 1938 103 37 done
2220 1937 80 37 and

476 2021 100 44 said,
593 2032 84 35 you
689 2018 82 38 will
786 2018 51 37 be
854 2016 135 47 acting
1005 2015 42 36 in
1065 2026 22 25 a
1103 2024 167 25 manner
1286 2009 216 46 unworthy
1517 2008 42 37 of
1574 2018 127 35 every
1716 2005 78 37 fine
1805 2003 197 38 tradition
2013 2002 42 37 of
2066 1999 234 50 journalism

479 2083 81 38 and
594 2094 122 34 every
750 2079 169 49 English
952 2076 209 39 tradition.

579 2145 108 38 That
710 2143 35 38 it
767 2143 35 37 is
825 2145 75 34 not
924 2139 173 46 entirely
1121 2149 102 36 your
1246 2136 105 37 fault
1374 2134 35 38 is
1433 2133 182 38 obvious.

579 2207 86 38 The
680 2206 69 38 life
766 2205 41 37 of
823 2205 71 37 the
921 2201 199 39 dramatic
1148 2199 113 38 critic
1286 2199 42 36 of
1344 2197 146 45 to-day
1505 2195 35 38 is
1555 2207 53 24 no
1625 2205 96 34 easy
1736 2192 88 48 job.
1860 2213 40 4 —
1933 2189 60 38 To
2012 2190 104 36 have
2131 2191 46 33 to
2191 2187 113 36 write

479 2271 127 38 about
632 2270 72 37 the
731 2268 99 38 stuff
858 2266 134 37 which
1017 2265 72 36 the
1118 2260 261 41 Commercial
1406 2258 117 49 spirit
1551 2257 42 37 of
1622 2268 81 34 any
1732 2252 229 39 Theatrical
1988 2253 190 45 Manager
2206 2253 94 44 puts

478 2334 138 37 before
635 2343 83 35 you
738 2334 110 33 must
868 2329 51 37 be
939 2326 240 47 nauseating
1197 2336 8 33 \
1227 2328 45 33 to
1293 2324 104 36 have
1417 2326 44 33 to
1484 2319 157 38 awctkcu
1663 2330 52 25 an
1735 2317 170 37 interest
1926 2315 130 36 where
2090 2324 104 25 none
2232 2315 70 43 yet

480 2395 124 39 exists
627 2397 110 34 must
758 2393 51 37 be
832 2404 24 24 a
877 2390 106 38 little
1004 2388 231 38 wearisome
1258 2390 45 33 at
1324 2385 133 43 times,
1482 2394 110 26 more
1615 2379 214 49 especially
1849 2378 117 36 when
1997 2377 36 36 it
2065 2376 33 37 is
2131 2374 169 38 obvious

478 2459 94 37 that
595 2470 24 24 a
641 2456 126 47 living
788 2454 169 38 interest
979 2452 43 37 in
1044 2451 101 38 such
1166 2449 136 47 things
1324 2447 35 38 is
1383 2458 42 26 as
1448 2444 160 38 natural
1633 2455 43 26 as
1699 2441 138 48 eating
1860 2440 81 37 and
1964 2438 199 46 drinking.
2220 2439 82 34 But

478 2533 103 35 your
603 2531 135 37 power
759 2518 34 37 is
817 2529 101 34 very
940 2518 113 45 great
1086 2535 41 5 —
1158 2512 82 36 and
1261 2522 104 35 your
1386 2512 109 34 trust
1520 2520 23 24 a
1568 2519 102 33 very
1693 2505 78 37 fine
1796 2515 86 32 one,
1909 2501 81 38 and
2013 2513 102 25 were
2138 2502 22 36 I
2183 2503 74 33 not
2281 2511 23 24 a

479 2582 262 50 practitioner
760 2581 43 37 in
819 2580 71 37 the
901 2578 77 38 Art
995 2576 82 38 and
1093 2578 21 35 I
1133 2587 75 26 can
1227 2573 174 48 imagine
1418 2583 52 25 no
1490 2573 156 45 greater
1662 2567 215 48 happiness
1895 2566 102 36 than
2016 2568 44 32 to
2077 2563 50 37 be
2139 2562 124 46 solely
2282 2574 23 24 a

477 2646 168 38 student
664 2644 42 38 of
724 2646 94 46 past
837 2644 160 47 present
1018 2637 238 40 conditions.
1289 2666 7 8 .
1328 2665 7 8 .
1358 2648 24 24 a
1400 2633 116 38 rabid
1535 2632 166 38 student
1720 2630 62 37 for
1800 2628 105 37 facts
1924 2627 81 37 and
2025 2626 126 37 dates.
2178 2626 82 35 But
2283 2626 21 35 I

479 2708 85 38 find
583 2708 94 37 that
698 2705 169 49 English
888 2703 133 38 critics
1039 2701 52 38 do
1109 2703 74 35 not
1200 2698 133 39 reveal
1351 2710 25 25 a
1392 2695 232 48 knowledge
1641 2694 42 37 of
1699 2693 71 37 the
1787 2692 106 37 facts
1914 2689 80 38 and
2011 2689 115 37 dates
2145 2686 161 47 beyond

480 2770 187 48 knowing
693 2769 110 37 what
829 2768 74 36 has
929 2763 190 40 occurred
1145 2763 43 37 in
1213 2762 71 37 the
1310 2759 165 50 English
1501 2757 155 39 branch
1681 2756 42 36 of
1749 2755 71 37 the
1847 2757 114 43 stage
1979 2751 135 37 crafts.

582 2835 51 35 In
658 2830 186 39 America
869 2829 69 38 it's
965 2840 44 25 as
1036 2825 171 39 difficult
1234 2823 81 38 and
1343 2835 44 25 as
1415 2820 240 49 unpleasing
1681 2831 25 24 a
1731 2817 70 48 job
1818 2816 146 45 to-day
1982 2826 43 25 as
2043 2813 41 37 in
2096 2811 209 49 England,

479 2896 77 39 but
578 2898 22 35 I
624 2894 126 46 really
773 2893 115 37 don't
910 2891 122 37 think
1052 2889 35 38 it
1108 2889 35 37 is
1164 2892 71 34 too
1260 2885 171 39 difficult
1455 2884 32 37 if
1510 2883 97 46 only
1629 2893 111 26 some
1762 2891 77 25 one
1861 2876 136 39 would
2021 2875 131 48 begin.

581 2959 51 37 In
658 2957 85 37 fact
769 2958 22 36 I
818 2955 118 37 know
963 2954 42 36 of
1030 2952 97 45 only
1152 2962 76 26 one
1250 2949 113 38 critic
1379 2950 44 35 in
1437 2945 186 40 America
1638 2944 92 37 who
1747 2943 73 36 has
1837 2940 82 38 real
1937 2939 273 37 discernment
2227 2936 81 38 and

480 3022 134 48 pluck,
632 3020 76 38 but
724 3019 100 37 then
840 3018 51 37 he
907 3017 73 36 has
996 3013 163 40 studied
1175 3012 80 37 and
1272 3012 140 36 knows
1428 3021 111 25 more
1555 3008 103 36 than
1672 3006 72 37 the
1761 3008 94 34 rest.
1909 3004 66 35 He
1992 3001 142 48 enjoys
2155 3001 70 36 the
2241 2999 68 38 old
