2710 4043
543 3079 69 45 296

477 509 223 42 Levantine
721 507 173 38 solitaire
915 518 52 25 on
989 518 24 24 a
1034 504 231 47 horoscopic
1284 503 107 43 base,
1415 502 80 37 and
1514 505 44 33 to
1581 501 71 36 kill
1672 500 94 37 bees
1787 499 42 37 in
1850 499 113 37 order
1984 503 44 32 to
2065 498 98 37 suck
2193 496 102 38 their

477 574 142 44 honey.
672 570 96 37 This
783 582 82 25 was
879 569 70 36 the
965 568 146 47 regime
1127 567 41 36 of
1183 566 164 43 lemons,
1365 564 42 37 of
1422 563 238 44 shaddocks,
1677 563 42 36 of
1735 562 160 47 jujubes
1917 561 79 37 and
2013 560 41 38 of
2069 560 227 37 tri-colored

476 635 192 37 bonbons.
723 632 165 38 Isabelle
936 630 166 48 painted
1133 629 180 46 lozenges
1330 627 80 37 and
1425 626 139 49 spirals
1581 638 51 24 on
1648 626 70 36 her
1749 626 153 42 trunks,
1921 622 188 39 searched
2140 622 61 37 far
2217 622 79 37 and

476 697 102 37 wide
598 696 60 36 for
680 695 168 43 devices,
871 697 90 33 sent
983 703 248 35 anonymous
1251 690 138 38 letters
1409 693 44 33 to
1474 692 231 39 statesmen,
1743 687 155 47 bought
1925 685 149 38 mosaic
2093 685 202 44 brooches,

476 771 103 25 wore
606 757 217 44 chasubles,
853 755 207 38 disturbed
1103 755 70 36 her
1201 757 160 44 quarter
1387 752 56 46 by
1469 750 212 38 nocturnal
1706 760 180 38 uproars,
1913 748 175 37 extolled
2114 751 181 44 poverty,

476 821 80 37 and
579 819 227 38 discovered
828 819 69 37 she
919 830 81 25 was
1023 816 173 38 afflicted
1217 816 57 45 by
1295 814 125 38 aortic
1441 813 134 38 lesion.

578 883 153 46 During
750 882 82 36 this
852 880 136 49 period
1008 882 21 34 I
1049 891 82 25 was
1150 879 76 37 less
1241 878 203 47 unhappy.
1498 875 167 38 Isabelle
1685 874 235 38 summoned
1937 885 63 25 me
2018 876 44 34 to
2082 885 24 24 a
2125 871 174 47 meeting

475 946 42 37 in
537 946 69 37 the
627 944 133 49 public
779 944 179 47 gardens.
1013 944 64 36 On
1098 954 23 24 a
1140 941 130 37 bench
1305 941 69 36 she
1392 939 87 37 told
1500 951 63 24 me
1583 938 92 36 that
1695 938 69 37 she
1793 936 132 37 would
1956 935 165 37 commit
2151 934 147 38 suicide

477 1008 99 37 with
614 1019 81 36 gas,
719 1007 78 36 and
817 1006 92 37 that
929 1005 70 37 she
1020 1004 69 37 did
1107 1007 73 33 not
1199 1003 100 37 wish
1317 1006 44 33 to
1382 1002 48 37 be
1451 1001 150 37 carried
1620 1000 87 37 into
1728 1012 23 24 a
1772 999 234 48 drug-store.

581 1068 233 49 Laughable
842 1068 81 36 and
950 1067 103 48 pale,
1082 1067 71 36 she
1180 1064 190 49 repeated
1389 1076 6 25 :

623 1134 21 35 I
667 1144 68 24 am
757 1135 43 32 at
823 1143 23 24 a
868 1129 246 38 cross-roads

580 1194 58 38 To
657 1194 159 37 console
833 1193 72 37 her
921 1195 21 34 I
959 1191 108 38 cited
1098 1191 114 37 these
1244 1201 134 26 verses
1404 1188 42 37 of
1477 1188 71 36 the
1580 1186 106 48 good
1720 1188 58 40 La
1796 1185 200 38 Fontaine
2012 1185 42 36 of
2088 1184 211 47 Ravignan

480 1261 124 34 street
623 1268 6 26 :

633 1318 114 38 Child
774 1317 192 38 Hercules
992 1315 129 38 found
1146 1318 81 34 two
1254 1315 120 35 roads
1398 1325 53 25 on
1477 1312 63 37 his
1566 1315 117 33 route

631 1383 86 36 One
741 1380 159 47 leading
923 1383 45 33 to
992 1378 88 38 vice
1103 1378 71 36 the
1198 1378 117 35 other
1337 1379 45 33 to
1406 1376 134 36 virtue

632 1442 243 47 Continuing
896 1442 70 36 the
989 1441 87 37 first
1097 1440 51 37 he
1168 1439 134 37 would
1324 1438 207 37 doubtless
1552 1437 105 37 have
1679 1435 129 37 found

634 1506 118 39 Some
780 1504 264 39 bifurcations
1083 1502 132 37 which
1253 1501 133 37 would
1413 1501 104 36 have
1557 1498 196 38 confused
1779 1498 97 36 him.

580 1633 21 35 I
626 1635 84 33 met
732 1631 160 37 Wanda
917 1640 75 25 one
1016 1627 197 47 morning.
1268 1628 42 35 It
1333 1637 81 26 was
1439 1637 53 24 on
1515 1625 70 36 the
1611 1623 145 37 Piazza
1790 1621 39 41 S.
1855 1621 171 39 Isidoro.
2051 1623 51 35 In
2120 1619 181 48 building

479 1707 22 24 a
526 1694 153 37 branch
703 1694 41 36 of
767 1693 70 36 the
864 1694 137 35 Banca
1027 1689 294 44 Commerciale,
1340 1689 100 45 they
1457 1687 81 37 had
1556 1685 224 39 excavated
1799 1686 56 46 by
1876 1685 148 37 chance
2049 1696 23 24 a
2095 1684 151 47 temple
2260 1683 42 37 of

480 1757 172 47 Jupiter.
707 1755 85 38 The
820 1753 229 39 illustrated
1078 1764 145 36 papers
1247 1764 101 24 were
1370 1751 143 46 taking
1537 1748 288 49 photographs.
1881 1749 43 36 It
1945 1759 82 25 was
2049 1758 52 25 an
2118 1745 185 38 occasion

478 1820 61 36 for
559 1832 23 24 a
601 1818 257 49 promenade.
913 1820 42 34 It
977 1827 83 26 was
1082 1815 169 47 raining.
1305 1814 66 39 All
1394 1825 147 25 mauve
1559 1811 82 38 and
1664 1823 131 36 green,
1814 1809 160 39 Wanda
1991 1821 81 25 was
2091 1808 212 38 domiciled

477 1882 43 37 in
551 1894 52 25 an
632 1880 242 39 unsinkable
903 1878 256 48 waterproof.

581 1947 21 34 I
635 1943 225 49 upbraided
891 1943 72 36 her
994 1941 63 37 for
1089 1941 71 36 her
1193 1939 117 48 spirit
1342 1938 43 37 of
1416 1937 268 43 domination,
1724 1936 70 37 her
1832 1934 152 39 skillful
2015 1934 173 47 fencing,
2232 1933 70 37 her

478 2011 123 33 sweet
634 2007 80 37 and
747 2009 123 43 nasty
902 2004 148 43 habits,
1086 2004 42 36 in
1164 2015 23 24 a
1220 2001 122 45 word,
1378 2001 62 36 for
1472 2000 72 37 the
1578 1998 244 38 ambuscade
1855 1999 88 35 into
1977 1997 130 36 which
2133 1995 170 38 Isabelle

477 2070 82 37 had
581 2070 133 36 fallen.

623 2132 127 37 Don't
770 2142 83 35 you
874 2131 129 42 know,
1069 2127 88 39 said
1178 2127 82 44 she,
1326 2127 92 36 how
1438 2127 22 35 I
1481 2129 84 33 met
1585 2124 172 38 Isabelle
1775 2124 14 36 ?
1846 2124 72 45 My
1949 2122 89 37 hair
2067 2122 34 37 is
2123 2121 81 45 red,
2227 2120 76 38 but

477 2195 35 37 it
534 2195 34 37 is
590 2195 71 37 she
684 2195 89 38 who
796 2194 34 36 is
852 2192 165 49 jealous.
1074 2190 78 40 She
1175 2189 148 38 waited
1345 2188 105 37 until
1474 2187 184 47 morning
1681 2187 42 36 in
1745 2187 112 36 front
1879 2185 44 37 of
1945 2185 128 48 Igor's
2097 2184 110 37 door.
2262 2185 41 35 It

477 2270 81 25 was
583 2260 21 36 I
629 2258 90 36 who
745 2268 112 25 came
881 2259 85 33 out.
1022 2253 80 40 She
1126 2253 127 48 spoke
1276 2252 174 37 without
1477 2250 189 47 knowing
1690 2261 76 25 me.

622 2321 21 36 I
672 2323 110 33 want
811 2331 23 24 a
862 2317 110 38 word
1000 2317 100 36 with
1127 2328 95 34 you,
1295 2315 70 37 she
1393 2314 100 37 said.

623 2385 21 35 I
663 2383 65 36 led
758 2383 70 35 her
859 2393 116 34 away
1003 2384 45 32 to
1079 2392 70 33 my
1179 2390 145 24 rooms.
1379 2376 79 40 She
1477 2375 206 38 remained
1702 2376 114 35 there
1835 2403 36 9 ..
1892 2404 8 7 .
1955 2374 74 37 We
2060 2384 102 25 were
2195 2383 108 26 more

477 2446 102 36 than
600 2458 23 24 a
641 2446 111 36 week
770 2444 174 37 without
963 2442 142 47 daring
1122 2446 46 32 to
1186 2441 156 36 confess
1360 2444 44 33 to
1432 2441 106 45 Igor.

580 2507 199 40 Unclosed
800 2507 56 46 by
878 2519 24 24 a
922 2517 137 26 screen
1080 2505 42 36 of
1143 2504 93 37 reed
1258 2515 110 32 cane,
1387 2502 71 37 the
1477 2501 325 38 sub-basements
1824 2498 41 38 of
1886 2499 72 37 the
1978 2498 112 37 bank
2105 2510 102 24 were
2225 2496 59 39 vis-

476 2571 80 37 ible
578 2582 146 36 among
744 2569 131 37 which
896 2582 24 24 a
940 2567 217 38 two-faced
1179 2566 161 48 Jupiter
1360 2565 82 37 had
1462 2564 85 49 just
1568 2564 102 37 been
1700 2562 178 48 brought
1907 2565 45 33 to
1980 2561 81 44 life,
2083 2560 120 48 frigid
2224 2559 79 37 and

477 2634 265 47 dominating,
777 2633 71 36 the
881 2632 88 36 first
1001 2629 324 48 vice-president.

622 2697 71 45 My
717 2699 113 42 story
855 2695 160 36 doesn't
1039 2693 134 48 please
1197 2703 82 35 you
1298 2691 14 37 ?

623 2761 42 34 It
689 2759 117 36 hurts
832 2769 63 25 me
920 2761 44 33 to
989 2768 66 26 see
1079 2756 92 36 how
1196 2754 53 37 all
1273 2766 83 34 you
1380 2765 157 25 women
1563 2752 41 37 of
1629 2751 129 46 today
1784 2762 67 25 are
1876 2748 224 46 disorderly
2126 2747 82 38 and
2232 2759 48 25 un-

476 2822 251 47 productive.

623 2883 209 49 Complain
854 2882 52 37 all
928 2894 80 34 you
1027 2881 81 37 like
1126 2910 35 8 ..
1183 2910 7 8 .
1249 2881 83 35 But
1352 2879 154 37 believe
1527 2890 76 31 me,
1627 2877 51 37 all
1691 2877 114 37 these
1817 2874 235 48 vagrancies
2071 2873 43 37 of
2135 2872 168 38 Isabelle

477 2959 68 24 are
564 2947 96 45 only
679 2945 237 47 mortifying
936 2944 254 48 experiences
1211 2942 185 38 destined
1415 2945 44 33 to
1480 2940 213 38 humiliate
1713 2940 71 36 her
1804 2938 126 49 pride.
