2710 4043
593 3205 69 37 354

656 632 61 45 Of
745 630 149 45 which
923 642 94 40 you
1048 627 134 43 made
1213 639 28 28 a
1269 625 106 54 long
1404 620 214 57 synoptic
1648 620 143 50 table,

655 694 108 43 And
792 693 112 41 then
933 704 94 39 you
1056 689 204 53 brought
1290 691 51 38 to
1371 700 73 27 me

655 755 97 44 The
768 752 160 45 lustral
960 751 93 43 and
1083 747 241 46 medicinal
1354 746 167 56 jacket,

655 817 97 43 The
781 816 161 53 Straps
971 813 50 43 of
1049 811 217 52 ordinary
1295 821 356 35 commonsense,

655 879 97 43 The
782 877 183 44 Clothes
996 875 47 42 of
1121 873 206 43 searches
1356 870 71 44 for
1457 868 174 56 Utopia

655 941 97 44 The
782 944 147 39 Roast
959 938 103 43 beef
1092 936 70 44 for
1192 936 153 51 heavy
1374 931 232 51 buttocks,

655 1004 97 43 The
781 1000 322 46 bouillabaisse
1135 997 47 44 of
1210 995 259 57 happiness,

655 1066 97 43 The
781 1065 155 56 jacket
966 1062 148 43 which
1143 1058 165 45 carries

656 1127 97 44 The
782 1126 93 44 seal
905 1124 49 44 of
983 1124 80 44 the
1092 1136 133 40 camp
1257 1118 307 50 commander,

655 1190 108 45 And
792 1190 106 42 that
927 1187 49 43 of
1006 1184 265 58 pathology.

656 1347 129 47 Now,
816 1355 117 41 your
956 1354 140 45 gown
1125 1352 94 29 was
1248 1343 79 37 too
1357 1335 136 55 tight,

658 1409 95 40 But
782 1404 94 44 still
907 1409 78 38 too
1017 1402 123 54 large
1171 1400 92 43 and
1293 1405 81 37 too
1404 1399 121 53 long.

656 1470 148 43 When
833 1481 95 40 you
957 1466 94 43 had
1081 1465 156 42 thrust
1266 1461 98 44 him
1392 1460 48 43 in
1471 1458 92 45 this
1587 1472 154 45 gown,

656 1532 92 43 For
776 1531 81 43 the
888 1527 257 44 madman's
1175 1524 151 44 friend
1355 1523 119 43 finds
1505 1521 291 53 everywhere

656 1590 312 58 Accomplices
993 1589 113 43 with
1135 1587 186 57 praises,

658 1656 89 44 For
777 1655 81 43 the
886 1653 150 57 poet's
1067 1650 148 43 friend
1244 1662 229 43 possesses
1504 1662 27 28 a
1561 1644 200 56 straight
1792 1643 157 55 jacket

658 1716 165 45 Which
853 1716 38 42 is
921 1712 212 46 invisible
1163 1711 93 43 and
1284 1710 129 43 hard.

659 1780 96 43 The
786 1778 149 44 friend
964 1776 119 43 finds
1115 1778 154 40 assent
1298 1772 120 43 from
1446 1771 82 43 the
1558 1770 84 50 fat,

659 1843 140 43 From
828 1841 81 43 the
937 1838 172 59 poised,
1143 1837 119 43 from
1291 1836 82 43 the
1402 1833 132 56 good,
1567 1833 121 42 from
1717 1830 81 44 the
1829 1828 156 56 nagels
2015 1841 129 36 even,

659 1904 255 43 Whenever
943 1902 115 52 they
1087 1898 171 44 stuffed
1288 1897 99 43 him
1415 1895 49 42 in
1493 1893 94 45 this
1617 1893 171 56 jacket,

658 1966 129 54 They
816 1964 153 44 would
998 1964 94 42 lose
1121 1961 111 43 him.

658 2032 75 40 He
762 2041 93 31 was
885 2040 112 39 very
1027 2025 104 53 tiny
1161 2022 146 45 under
1336 2021 81 43 the
1448 2020 177 44 violent
1656 2017 192 50 leather,

658 2091 108 43 And
795 2104 60 29 no
885 2092 107 52 part
1021 2086 49 44 of
1100 2084 179 44 neither
1307 2088 153 51 straps
1490 2096 83 28 nor
1604 2081 141 49 cloth,
1779 2077 203 44 touched
2012 2074 99 45 him
2141 2079 51 38 at
2222 2073 71 43 all.

659 2153 203 55 Perhaps
891 2152 59 42 he
979 2163 95 29 was
1105 2147 193 51 outside,

659 2219 65 42 Or
752 2215 199 56 perhaps
980 2211 160 44 inside.

658 2278 91 43 For
780 2291 78 39 my
888 2280 120 51 part,
1043 2276 24 42 X
1097 2274 136 42 know
1262 2271 107 43 that
1399 2272 25 40 I
1454 2283 94 29 was
1578 2266 205 45 resisted.

658 2341 61 46 So
749 2338 263 46 sometimes
1043 2351 27 28 a
1100 2336 104 42 lean
1233 2333 114 44 flesh

659 2406 161 40 Passes
849 2398 202 56 through
1081 2398 81 43 the
1192 2397 190 42 meshes.

660 2559 164 45 Before
853 2554 217 56 choosing
1101 2553 194 45 another
1326 2552 109 43 dear
1464 2548 290 57 companion,

659 2624 74 42 He
762 2618 273 47 summoned
1065 2632 27 28 a
1123 2615 219 50 minister,
1375 2613 49 43 in
1454 2610 325 51 consultation,

659 2684 130 44 With
819 2697 28 28 a
876 2681 163 45 doctor
1069 2679 93 43 and
1191 2676 71 45 his
1291 2675 218 55 syringes,

660 2747 107 44 And
796 2745 113 44 with
940 2758 61 29 an
1030 2740 223 46 aesthetic
1276 2751 250 47 governess

660 2808 146 45 These
836 2807 157 43 heroes
1025 2805 134 43 made
1189 2801 312 56 fumigations,

659 2872 108 43 And
796 2871 113 43 then
938 2866 313 44 incantations
1280 2864 50 43 of
1359 2862 237 45 exorcism.

659 2934 98 43 The
786 2937 109 52 poet
924 2929 187 56 coughs,
1143 2940 194 37 sneezes,
1373 2926 92 42 and
1493 2938 111 29 runs
1636 2937 146 39 away.

659 2996 98 45 The
785 2995 108 45 wise
923 3006 122 37 man,
1079 2991 80 43 the
1189 2987 219 46 scientific
1439 2986 227 50 comrade,
1700 2984 113 44 cries
1834 2998 10 30 :

710 3060 108 41 You
846 3070 75 30 see
950 3053 110 48 him,
1093 3053 59 42 he
1182 3051 103 50 lied,
