2710 4043
1982 3205 67 47 289

838 962 342 48 SUBURBAN
1223 967 377 50 LANDSCAPE.

547 1180 150 45 Pallid
726 1181 115 44 with
872 1184 122 51 heat,
1032 1199 27 28 a
1090 1190 106 40 taut
1228 1188 201 44 metallic
1459 1189 88 55 sky

545 1255 47 41 Is
622 1254 168 57 looped
822 1256 148 45 above
1002 1259 80 43 the
1112 1258 164 57 siding,
1310 1261 166 55 drably
1505 1265 183 43 scarred

543 1326 130 45 With
703 1327 110 45 rails
843 1330 107 43 that
980 1330 129 44 flank
1140 1347 28 29 a
1197 1339 135 48 sooty
1363 1335 311 56 engine-yard,

541 1400 263 57 Ash-heaps
836 1402 92 44 and
957 1404 139 43 sheds
1128 1406 95 42 and
1252 1407 177 56 roofing
1459 1409 61 43 all
1552 1424 137 41 awry.

540 1557 202 44 Derelict
773 1573 292 42 mouse-grey
1095 1562 158 44 trucks
1286 1579 77 28 are
1394 1565 221 44 mirrored
1647 1568 64 54 by

538 1627 98 46 The
665 1630 129 57 sepia
825 1632 49 42 of
904 1649 25 25 a
957 1639 130 38 mute
1119 1636 144 51 canal,
1298 1637 147 45 where
1476 1640 194 43 charred

538 1701 292 47 Gasometers
861 1712 143 50 squat
1036 1707 196 55 sullenly
1262 1725 61 27 on
1354 1712 160 54 guard,

536 1775 108 44 And
673 1777 164 56 barges
869 1780 180 43 drowse
1079 1782 93 42 and
1203 1782 166 45 boilers
1399 1785 171 54 faintly
1599 1786 114 56 sigh.

533 1931 203 57 Tonight
767 1935 81 43 the
882 1936 263 57 arc-lamps,
1180 1938 161 56 poised
1371 1941 121 43 from
1523 1942 179 45 slender
1732 1950 155 47 stems,

533 2004 107 45 Will
670 2007 158 43 bloom
858 2008 93 45 like
980 2009 173 56 silvery
1182 2012 150 44 fruits.
1396 2015 180 55 Signals
1606 2017 89 43 will
1726 2018 150 56 gleam

532 2078 128 45 With
691 2081 194 55 shifting
916 2084 165 55 specks
1111 2084 50 44 of
1190 2086 107 54 jade
1328 2088 92 43 and
1451 2089 201 44 crimson
1681 2106 140 39 gems.

531 2150 129 46 Then
692 2154 145 45 music
860 2169 7 31 :
902 2157 95 43 hiss
1029 2158 94 43 and
1152 2173 113 43 gasp
1298 2161 47 43 of
1375 2162 229 44 throttled
1633 2169 161 47 steam,

528 2224 217 46 Staccato
777 2233 163 50 gamut
973 2230 48 42 of
1051 2232 80 42 the
1162 2229 202 47 shunted
1394 2234 158 52 trains,

532 2299 108 43 And
673 2314 292 32 murmurous
999 2304 223 56 diapason
1252 2307 48 43 of
1331 2308 80 43 the
1444 2324 170 30 cranes.

1708 2502 49 41 P.
1791 2500 191 45 Selves.
