2710 4043
599 3199 70 43 368

634 635 102 34 Now
753 632 41 37 in
812 645 75 25 our
905 633 172 37 Theatre
1096 633 41 37 of
1157 632 159 49 Europe
1336 645 44 26 as
1398 634 34 36 it
1452 634 212 44 advances,
1686 634 132 38 critics
1837 639 108 33 must
1965 635 103 38 have
2098 649 23 23 a
2140 637 148 37 chance
2306 641 44 32 to

534 695 179 38 advance
741 696 101 36 with
870 707 59 25 us.

636 759 84 36 Our
745 757 167 48 English
938 757 134 38 critics
1097 770 96 34 may
1218 759 50 36 be
1293 758 125 46 badly
1442 759 199 37 informed
1659 789 7 8 .
1687 789 7 8 .
1717 790 7 7 .
1753 759 81 36 and
1858 760 115 36 when
1999 772 59 25 we
2094 761 140 37 realize
2260 762 92 37 that

531 819 82 38 this
647 820 34 37 is
715 819 156 38 seldom
906 820 106 37 their
1046 833 92 24 own
1176 821 104 36 fault
1314 821 34 37 it
1383 833 127 25 seems
1546 834 22 24 a
1597 821 105 37 little
1726 828 70 30 too
1820 821 93 38 bad.
1968 825 41 34 It
2033 822 34 37 is
2092 823 82 36 bad
2197 824 63 36 for
2284 825 70 36 the

533 882 152 44 Public,
712 882 90 37 who
833 886 68 43 get
935 882 288 45 misinformed,
1260 884 81 36 bad
1373 884 62 36 for
1467 884 256 45 Journalism,
1747 884 101 37 wich
1867 885 183 37 becomes
2070 885 224 39 incorrect.
2316 917 6 7 .
2343 917 8 7 .

533 945 81 37 bad
633 945 62 36 for
714 945 70 36 the
804 945 108 42 Arts,
937 945 81 37 bad
1039 946 62 35 for
1122 957 198 36 progress.

636 1006 59 37 To
720 1019 91 25 sum
835 1019 67 35 up,
928 1007 34 37 it
986 1007 33 37 is
1043 1007 84 48 just
1153 1020 24 24 a
1201 1007 105 37 little
1329 1007 91 46 silly
1444 1008 169 37 because
1638 1009 112 47 quite
1774 1009 124 45 easily
1922 1014 74 42 put
2031 1013 43 33 to
2100 1010 139 48 rights.

637 1072 50 35 In
707 1069 175 44 Politics,
902 1069 43 37 in
963 1069 239 45 Commerce,
1216 1070 42 36 in
1270 1070 52 36 all
1339 1070 70 37 the
1427 1071 115 36 other
1559 1071 112 36 fields
1684 1072 41 35 of
1737 1071 229 37 endeavour
1988 1072 79 38 I'm
2088 1084 90 25 sure
2195 1076 21 34 I
2236 1074 116 36 know

533 1135 74 34 not
619 1136 43 33 at
681 1132 52 36 all
751 1132 157 37 whether
927 1136 44 33 to
991 1133 50 36 be
1061 1136 117 33 exact
1197 1133 33 36 is
1251 1133 40 35 of
1310 1133 118 36 value
1448 1145 45 24 or
1511 1133 206 37 valueless.
1775 1136 41 34 It
1837 1134 129 47 might
1986 1134 51 37 do
2058 1147 23 24 a
2100 1134 59 37 lot
2178 1136 42 36 of
2239 1136 115 36 harm

534 1197 20 35 I
577 1194 57 48 (as
660 1206 52 24 an
734 1194 193 48 outsider)
954 1207 172 35 suppose
1159 1195 63 36 for
1243 1195 70 36 the
1336 1199 90 32 true
1449 1195 104 37 facts
1576 1195 42 37 of
1642 1207 24 24 a
1691 1195 181 37 Political
1897 1208 90 26 case
2009 1200 44 34 to
2077 1197 50 37 be
2150 1198 200 37 recorded.

536 1259 19 34 I
581 1268 172 36 suppose
781 1256 34 37 it
844 1257 130 47 might
1002 1258 50 36 be
1086 1258 42 36 in
1167 1269 110 25 some
1311 1268 108 26 cases
1453 1270 101 24 even
1587 1270 110 24 more
1730 1258 176 36 truthful
1938 1263 45 33 to
2016 1260 63 43 lie,
2110 1289 8 8 .
2150 1290 7 7 .
2178 1289 7 9 .
2206 1260 56 37 let
2291 1272 63 25 me

534 1331 182 35 suppose.

635 1383 50 35 In
703 1381 71 37 the
793 1381 96 38 Arts
922 1404 40 3 —
993 1381 42 37 in
1054 1394 74 24 our
1145 1381 174 37 Theatre
1337 1382 76 38 Art
1446 1404 40 3 —
1507 1382 33 37 it
1558 1382 34 37 is
1611 1387 73 33 not
1703 1395 56 25 so.
1796 1383 139 37 About
1954 1383 82 38 this
2055 1387 21 34 I
2096 1385 52 36 do
2170 1392 72 29 not
2262 1397 69 36 sup-

534 1455 96 36 pose
663 1465 40 3 —
734 1446 21 34 I
779 1444 131 37 know.
966 1446 80 35 Yet
1068 1444 35 37 it
1126 1456 128 25 seems
1277 1448 44 32 to
1345 1456 64 25 me
1431 1445 93 36 that
1562 1445 71 37 the
1673 1446 112 36 critic
1830 1446 213 47 journalist
2067 1447 135 47 brings
2226 1451 44 33 to
2293 1448 61 37 his

535 1507 96 36 task
651 1505 52 36 all
722 1506 70 36 the
812 1506 150 37 doubts
983 1506 82 37 and
1084 1507 104 36 fears
1209 1518 44 25 as
1271 1510 44 33 to
1335 1507 111 36 what
1465 1507 33 37 is
1519 1508 76 36 best
1613 1512 44 32 to
1677 1508 71 36 tell
1768 1508 71 37 the
1860 1508 140 37 Public
2021 1509 126 37 about
2168 1522 72 24 our
2258 1510 96 38 Arts

537 1580 44 25 as
607 1568 97 37 does
729 1568 63 37 his
816 1568 167 37 brother
1007 1569 43 36 in
1074 1569 71 36 the
1173 1569 184 37 Political
1382 1569 104 39 field.

637 1633 21 34 I
680 1631 122 36 make
823 1642 24 25 a
866 1631 89 47 plea
974 1632 93 36 that
1086 1631 42 37 in
1146 1632 72 36 the
1238 1635 150 33 matter
1408 1632 41 36 of
1468 1633 70 35 the
1557 1633 96 36 Arts
1674 1632 132 38 critics
1825 1633 50 37 be
1894 1633 74 37 left
1987 1634 82 36 free
2100 1656 41 4 —
2173 1635 92 37 that
2285 1635 70 37 the

535 1693 96 46 only
651 1693 121 36 order
790 1694 99 45 they
907 1693 152 38 receive
1077 1694 106 36 from
1200 1694 105 37 their
1324 1693 163 40 Editors
1519 1695 46 43 is,
1628 1696 56 35 Be
1704 1696 83 36 well
1804 1696 190 47 informed
2025 1718 40 3 —
2096 1696 80 37 and

635 1757 65 35 No
729 1756 118 36 harm
877 1768 79 24 can
984 1757 50 36 be
1063 1756 104 37 done
1199 1778 41 4 —
1271 1757 121 36 much
1418 1757 104 47 good
1548 1757 134 37 would
1708 1769 124 26 come.

638 1820 82 35 But
749 1818 232 48 something
1010 1831 112 24 more
1150 1819 134 36 would
1312 1820 104 36 have
1444 1823 45 33 to
1517 1820 50 36 be
1596 1820 104 36 done
1728 1823 46 33 to
1803 1820 67 37 aid
1897 1821 71 36 the
1996 1822 210 36 Dramatic
2236 1821 119 38 Critic

532 1881 101 36 than
648 1884 44 33 to
708 1880 91 48 give
815 1881 86 36 him
920 1893 52 24 an
988 1881 132 37 order.
1174 1882 65 35 He
1255 1881 121 38 needs
1392 1885 44 33 to
1452 1882 50 37 be
1519 1893 43 26 as
1577 1882 188 37 versatile
1780 1882 43 37 in
1839 1882 61 38 his
1917 1895 89 24 own
2021 1896 90 33 way
2127 1896 44 25 as
2187 1896 24 25 a
2226 1888 108 44 stage-

534 1954 189 36 manager
754 1964 41 4 —
825 1943 100 37 such
948 1956 23 24 a
992 1947 323 44 stage-manager
1336 1956 44 25 as
1400 1947 20 34 I
1441 1945 105 37 have
1566 1944 137 37 drawn
1734 1945 42 37 in
1808 1957 70 34 my
1908 1945 108 37 book
2050 1946 212 47 published
2298 1947 56 46 by

534 2005 268 37 Heinemann.
823 2006 12 15 1

638 2067 80 37 For
739 2068 200 47 example,
959 2068 107 37 since
1083 2070 153 35 Drama
1255 2069 80 36 and
1352 2068 172 37 Theatre
1543 2082 65 24 are
1627 2082 22 23 a
1668 2070 221 47 composite
1912 2074 63 33 art
1997 2070 51 37 he
2070 2071 145 37 should
2237 2072 118 37 know

534 2129 111 37 what
666 2129 36 37 it
722 2130 35 37 is
777 2130 95 36 that
893 2143 24 23 a
939 2131 227 36 Dramatist
1187 2143 46 25 or
1255 2143 23 24 a
1300 2131 329 47 Stage-manager
1649 2131 33 38 is
1705 2132 126 37 about
1852 2133 116 36 when
1988 2133 51 36 he
2061 2133 133 37 writes
2216 2146 23 24 a
2260 2135 95 47 play

534 2192 80 37 like
678 2192 86 37 The
785 2192 205 48 Tempest,
1056 2205 45 24 or
1121 2194 195 47 produces
1338 2206 75 24 one
1433 2194 79 36 like
1574 2193 86 37 The
1681 2194 175 45 Miracle,
1923 2195 81 37 and
2024 2196 180 36 whether
2223 2197 42 35 in
2285 2197 70 37 the

534 2255 171 45 History
731 2255 43 36 of
800 2255 72 36 the
899 2255 174 37 Theatre
1102 2268 81 34 any
1209 2256 99 37 such
1336 2260 198 44 attempts
1560 2269 102 24 were
1690 2270 93 25 ever
1811 2258 118 36 made
1956 2257 137 38 before
2125 2280 41 4 —
2197 2271 45 24 or
2268 2263 84 33 not.

635 2319 64 35 He
726 2317 146 37 should
899 2317 51 37 be
978 2318 89 37 able
1093 2322 45 32 to
1164 2318 97 38 visit
1287 2319 71 36 the
1384 2319 263 37 Dowdeswell
1674 2319 191 38 Galleries
1893 2320 80 36 and
1999 2321 126 47 speak
2150 2321 99 36 with
2275 2321 80 37 real

533 2379 319 48 understanding
872 2380 81 37 and
972 2380 272 37 illumination
1262 2382 42 36 of
1322 2382 71 36 the
1413 2382 157 47 designs
1589 2382 139 36 shown
1746 2383 114 36 there
1879 2383 56 46 by
1955 2383 140 44 Bakst,
2117 2383 236 45 Wilkinson,

534 2454 44 24 or
598 2442 263 37 Rutherston.
917 2444 65 35 He
1000 2443 145 36 should
1162 2443 49 38 be
1232 2444 88 37 able
1338 2448 44 33 to
1400 2456 93 35 pass
1512 2444 105 37 from
1634 2445 114 36 there
1766 2449 44 32 to
1828 2445 71 37 the
1918 2445 152 37 models
2088 2445 56 46 by
2162 2446 40 37 C.
2223 2448 132 39 Lovat

532 2504 145 38 Fraser
695 2505 81 36 and
795 2505 251 37 understand
1065 2506 109 36 what
1192 2506 34 37 is
1260 2506 43 36 in
1336 2507 126 37 them.
1517 2506 113 38 Then
1664 2520 53 24 on
1752 2511 44 33 to
1832 2508 70 36 the
1936 2507 131 40 South
2102 2509 253 47 Kensington

531 2570 186 34 Museum
731 2567 81 37 and
825 2568 57 36 let
896 2580 50 24 us
982 2568 97 36 hear
1110 2568 52 36 all
1192 2569 100 37 abut
1321 2570 71 36 the
1424 2570 188 36 Bibienas
1642 2570 113 37 there
1788 2592 40 4 —
1860 2570 82 36 and
1970 2570 71 37 the
2072 2571 282 37 architectural

531 2630 199 47 drawings
757 2630 63 36 for
852 2629 206 38 Theatres.

634 2694 65 35 He
717 2692 146 37 should
882 2693 118 36 know
1017 2693 231 47 something
1267 2705 109 26 more
1393 2695 102 36 than
1513 2707 58 24 we
1588 2695 97 36 hear
1703 2695 129 37 about
1849 2695 72 36 the
1939 2695 167 36 modern
2123 2695 232 38 inventions

532 2754 63 37 for
618 2758 113 44 stage
753 2755 246 46 machinery,
1025 2756 80 36 and
1127 2756 52 37 he
1202 2756 143 37 should
1367 2757 72 37 tell
1460 2769 48 25 us
1529 2758 110 36 what
1661 2758 51 36 he
1736 2758 73 37 has
1834 2758 127 36 found
1983 2761 84 33 out.
2123 2759 65 35 He
2211 2758 144 37 should

532 2817 120 37 know
673 2817 127 37 about
822 2817 50 36 all
894 2818 72 37 the
987 2818 161 37 ancient
1170 2818 159 38 devices
1348 2819 63 37 for
1430 2819 172 48 lighting
1623 2832 23 25 a
1667 2824 113 43 stage
1804 2820 82 37 and
1907 2832 52 25 an
1981 2820 258 38 auditorium.
2293 2822 62 35 He

532 2879 145 37 should
697 2879 131 45 know,
850 2879 42 37 in
913 2881 126 44 short,
1061 2881 111 37 what
1193 2893 75 25 can
1286 2881 50 38 be
1356 2882 177 46 actually
1551 2893 173 33 known,
1747 2886 75 33 not
1851 2882 167 48 guessed
2046 2882 127 37 about
2204 2905 41 4 —
2277 2883 78 37 and

532 2942 50 36 he
607 2942 144 37 should
776 2954 93 36 pass
895 2942 34 36 it
955 2954 53 24 on
1035 2947 45 33 to
1106 2955 47 25 us
1179 2944 64 36 all.

665 3089 12 16 1
830 3082 62 32 the
915 3084 67 31 Art
1004 3082 38 31 of
1064 3085 62 30 the
