<?xml version="1.0" encoding="UTF-8"?>
<alto xmlns:xsi="http://www.w3.org/2001/XMLSchema-instance" xmlns="http://www.loc.gov/standards/alto/ns-v2#" xsi:schemaLocation="http://www.loc.gov/standards/alto/ns-v2# http://www.loc.gov/standards/alto/alto-v2.0.xsd" xmlns:xlink="http://www.w3.org/1999/xlink">
	<Description>
		<MeasurementUnit>mm10</MeasurementUnit>
		<sourceImageInformation>
			<fileName>//fileserver7/IN2/Princeton/Batch2/bmtnaap/1922/02_01/00000073.tif</fileName>
		</sourceImageInformation>
		<OCRProcessing ID="OCRPROCESSING_1">
			<preProcessingStep>
				<processingSoftware>
					<softwareCreator>CCS Content Conversion Specialists GmbH, Germany</softwareCreator>
					<softwareName>CCS docWORKS</softwareName>
					<softwareVersion>6.6-0.29</softwareVersion>
				</processingSoftware>
			</preProcessingStep>
			<ocrProcessingStep>
				<processingSoftware>
					<softwareCreator>ABBYY (BIT Software), Russia</softwareCreator>
					<softwareName>FineReader</softwareName>
					<softwareVersion>10.0</softwareVersion>
				</processingSoftware>
			</ocrProcessingStep>
		</OCRProcessing>
		<OCRProcessing ID="OCRPROCESSING_2">
			<preProcessingStep>
				<processingSoftware>
					<softwareCreator>CCS Content Conversion Specialists GmbH, Germany</softwareCreator>
					<softwareName>CCS docWORKS</softwareName>
					<softwareVersion>6.6-0.29</softwareVersion>
				</processingSoftware>
			</preProcessingStep>
			<ocrProcessingStep>
				<processingSoftware>
					<softwareCreator>ABBYY (BIT Software), Russia</softwareCreator>
					<softwareName>NA</softwareName>
				</processingSoftware>
			</ocrProcessingStep>
		</OCRProcessing>
	</Description>
	<Styles>
		<TextStyle ID="TXT_0" FONTSIZE="10" FONTFAMILY="Times New Roman"/>
		<ParagraphStyle ID="PAR_RIGHT" ALIGN="Right"/>
		<ParagraphStyle ID="PAR_LEFT" ALIGN="Left"/>
	</Styles>
	<Layout>
		<Page ID="P73" PHYSICAL_IMG_NR="73" HEIGHT="4043" WIDTH="2710" PRINTED_IMG_NR="359" PC="0.953">
			<TopMargin ID="P73_TM00001" HPOS="0" VPOS="0" WIDTH="2710" HEIGHT="6"/>
			<LeftMargin ID="P73_LM00001" HPOS="0" VPOS="6" WIDTH="8" HEIGHT="3119"/>
			<RightMargin ID="P73_RM00001" HPOS="2703" VPOS="6" WIDTH="7" HEIGHT="3119"/>
			<BottomMargin ID="P73_BM00001" HPOS="0" VPOS="3125" WIDTH="2710" HEIGHT="918">
				<TextBlock ID="P73_TB00001" HPOS="2066" VPOS="3128" WIDTH="71" HEIGHT="39" STYLEREFS="TXT_0 PAR_RIGHT">
					<TextLine ID="P73_TL00001" HPOS="2068" VPOS="3129" WIDTH="69" HEIGHT="38">
						<String ID="P73_ST00001" HPOS="2068" VPOS="3129" WIDTH="69" HEIGHT="38" CONTENT="359" WC="0.62" CC="315"/>
					</TextLine>
				</TextBlock>
			</BottomMargin>
			<PrintSpace ID="P73_PS00001" HPOS="8" VPOS="6" WIDTH="2695" HEIGHT="3119">
				<TextBlock ID="P73_TB00002" HPOS="370" VPOS="540" WIDTH="1815" HEIGHT="1808" STYLEREFS="TXT_0 PAR_LEFT">
					<TextLine ID="P73_TL00002" HPOS="375" VPOS="541" WIDTH="1165" HEIGHT="56">
						<String ID="P73_ST00002" HPOS="375" VPOS="545" WIDTH="121" HEIGHT="40" CONTENT="Born" WC="0.97" CC="5602"/>
						<SP ID="P73_SP00001" HPOS="496" VPOS="585" WIDTH="31"/>
						<String ID="P73_ST00003" HPOS="527" VPOS="542" WIDTH="402" HEIGHT="55" CONTENT="orange-coloured" WC="1.00" CC="410600322337001"/>
						<SP ID="P73_SP00002" HPOS="929" VPOS="597" WIDTH="29"/>
						<String ID="P73_ST00004" HPOS="958" VPOS="541" WIDTH="114" HEIGHT="43" CONTENT="with" WC="1.00" CC="0001"/>
						<SP ID="P73_SP00003" HPOS="1072" VPOS="597" WIDTH="30"/>
						<String ID="P73_ST00005" HPOS="1102" VPOS="541" WIDTH="100" HEIGHT="42" CONTENT="hair" WC="0.98" CC="4320"/>
						<SP ID="P73_SP00004" HPOS="1202" VPOS="597" WIDTH="28"/>
						<String ID="P73_ST00006" HPOS="1230" VPOS="541" WIDTH="111" HEIGHT="49" CONTENT="that," WC="0.99" CC="00017"/>
						<SP ID="P73_SP00005" HPOS="1341" VPOS="597" WIDTH="24"/>
						<String ID="P73_ST00007" HPOS="1365" VPOS="555" WIDTH="175" HEIGHT="38" CONTENT="waves;" WC="0.99" CC="302036"/>
					</TextLine>
					<TextLine ID="P73_TL00003" HPOS="373" VPOS="614" WIDTH="891" HEIGHT="44">
						<String ID="P73_ST00008" HPOS="373" VPOS="616" WIDTH="105" HEIGHT="42" CONTENT="And" WC="0.94" CC="680"/>
						<SP ID="P73_SP00006" HPOS="478" VPOS="658" WIDTH="30"/>
						<String ID="P73_ST00009" HPOS="508" VPOS="614" WIDTH="111" HEIGHT="43" CONTENT="each" WC="1.00" CC="0000"/>
						<SP ID="P73_SP00007" HPOS="619" VPOS="658" WIDTH="30"/>
						<String ID="P73_ST00010" HPOS="649" VPOS="614" WIDTH="49" HEIGHT="42" CONTENT="of" WC="1.00" CC="00"/>
						<SP ID="P73_SP00008" HPOS="698" VPOS="658" WIDTH="29"/>
						<String ID="P73_ST00011" HPOS="727" VPOS="614" WIDTH="129" HEIGHT="43" CONTENT="them" WC="1.00" CC="0000"/>
						<SP ID="P73_SP00009" HPOS="856" VPOS="658" WIDTH="29"/>
						<String ID="P73_ST00012" HPOS="885" VPOS="627" WIDTH="120" HEIGHT="29" CONTENT="wore" WC="0.99" CC="5000"/>
						<SP ID="P73_SP00010" HPOS="1005" VPOS="658" WIDTH="31"/>
						<String ID="P73_ST00013" HPOS="1036" VPOS="628" WIDTH="28" HEIGHT="28" CONTENT="a" WC="1.00" CC="0"/>
						<SP ID="P73_SP00011" HPOS="1064" VPOS="658" WIDTH="30"/>
						<String ID="P73_ST00014" HPOS="1094" VPOS="614" WIDTH="170" HEIGHT="42" CONTENT="turban" WC="0.99" CC="070000"/>
					</TextLine>
					<TextLine ID="P73_TL00004" HPOS="374" VPOS="686" WIDTH="1096" HEIGHT="55">
						<String ID="P73_ST00015" HPOS="374" VPOS="687" WIDTH="169" HEIGHT="44" CONTENT="Picked" WC="0.99" CC="600000"/>
						<SP ID="P73_SP00012" HPOS="543" VPOS="731" WIDTH="29"/>
						<String ID="P73_ST00016" HPOS="572" VPOS="691" WIDTH="82" HEIGHT="39" CONTENT="out" WC="1.00" CC="000"/>
						<SP ID="P73_SP00013" HPOS="654" VPOS="731" WIDTH="31"/>
						<String ID="P73_ST00017" HPOS="685" VPOS="686" WIDTH="113" HEIGHT="43" CONTENT="with" WC="1.00" CC="0000"/>
						<SP ID="P73_SP00014" HPOS="798" VPOS="731" WIDTH="29"/>
						<String ID="P73_ST00018" HPOS="827" VPOS="686" WIDTH="81" HEIGHT="43" CONTENT="the" WC="1.00" CC="000"/>
						<SP ID="P73_SP00015" HPOS="908" VPOS="731" WIDTH="29"/>
						<String ID="P73_ST00019" HPOS="937" VPOS="686" WIDTH="180" HEIGHT="55" CONTENT="plumes" WC="0.99" CC="600204"/>
						<SP ID="P73_SP00016" HPOS="1117" VPOS="741" WIDTH="29"/>
						<String ID="P73_ST00020" HPOS="1146" VPOS="686" WIDTH="49" HEIGHT="42" CONTENT="of" WC="1.00" CC="00"/>
						<SP ID="P73_SP00017" HPOS="1195" VPOS="741" WIDTH="30"/>
						<String ID="P73_ST00021" HPOS="1225" VPOS="700" WIDTH="28" HEIGHT="28" CONTENT="a" WC="1.00" CC="0"/>
						<SP ID="P73_SP00018" HPOS="1253" VPOS="741" WIDTH="28"/>
						<String ID="P73_ST00022" HPOS="1281" VPOS="686" WIDTH="189" HEIGHT="55" CONTENT="pelican." WC="0.99" CC="60100003"/>
					</TextLine>
					<TextLine ID="P73_TL00005" HPOS="374" VPOS="759" WIDTH="1021" HEIGHT="55">
						<String ID="P73_ST00023" HPOS="374" VPOS="763" WIDTH="93" HEIGHT="41" CONTENT="But" WC="0.98" CC="600"/>
						<SP ID="P73_SP00019" HPOS="467" VPOS="804" WIDTH="29"/>
						<String ID="P73_ST00024" HPOS="496" VPOS="760" WIDTH="49" HEIGHT="42" CONTENT="of" WC="1.00" CC="00"/>
						<SP ID="P73_SP00020" HPOS="545" VPOS="804" WIDTH="30"/>
						<String ID="P73_ST00025" HPOS="575" VPOS="760" WIDTH="60" HEIGHT="42" CONTENT="all" WC="0.99" CC="002"/>
						<SP ID="P73_SP00021" HPOS="635" VPOS="804" WIDTH="30"/>
						<String ID="P73_ST00026" HPOS="665" VPOS="760" WIDTH="80" HEIGHT="42" CONTENT="her" WC="0.99" CC="020"/>
						<SP ID="P73_SP00022" HPOS="745" VPOS="804" WIDTH="29"/>
						<String ID="P73_ST00027" HPOS="774" VPOS="759" WIDTH="123" HEIGHT="55" CONTENT="gifts," WC="1.00" CC="000000"/>
						<SP ID="P73_SP00023" HPOS="897" VPOS="814" WIDTH="34"/>
						<String ID="P73_ST00028" HPOS="931" VPOS="759" WIDTH="64" HEIGHT="53" CONTENT="by" WC="0.49" CC="55"/>
						<SP ID="P73_SP00024" HPOS="995" VPOS="814" WIDTH="30"/>
						<String ID="P73_ST00029" HPOS="1025" VPOS="759" WIDTH="71" HEIGHT="42" CONTENT="far" WC="1.00" CC="000"/>
						<SP ID="P73_SP00025" HPOS="1096" VPOS="814" WIDTH="30"/>
						<String ID="P73_ST00030" HPOS="1126" VPOS="759" WIDTH="80" HEIGHT="42" CONTENT="the" WC="1.00" CC="000"/>
						<SP ID="P73_SP00026" HPOS="1206" VPOS="814" WIDTH="31"/>
						<String ID="P73_ST00031" HPOS="1237" VPOS="763" WIDTH="158" HEIGHT="45" CONTENT="rarest," WC="1.00" CC="0000100"/>
					</TextLine>
					<TextLine ID="P73_TL00006" HPOS="374" VPOS="831" WIDTH="1068" HEIGHT="57">
						<String ID="P73_ST00032" HPOS="374" VPOS="834" WIDTH="206" HEIGHT="54" CONTENT="Brought" WC="0.99" CC="6207000"/>
						<SP ID="P73_SP00027" HPOS="580" VPOS="888" WIDTH="31"/>
						<String ID="P73_ST00033" HPOS="611" VPOS="833" WIDTH="120" HEIGHT="42" CONTENT="from" WC="1.00" CC="0002"/>
						<SP ID="P73_SP00028" HPOS="731" VPOS="888" WIDTH="29"/>
						<String ID="P73_ST00034" HPOS="760" VPOS="832" WIDTH="80" HEIGHT="43" CONTENT="the" WC="1.00" CC="000"/>
						<SP ID="P73_SP00029" HPOS="840" VPOS="888" WIDTH="30"/>
						<String ID="P73_ST00035" HPOS="870" VPOS="831" WIDTH="184" HEIGHT="43" CONTENT="terrible" WC="1.00" CC="00000000"/>
						<SP ID="P73_SP00030" HPOS="1054" VPOS="888" WIDTH="30"/>
						<String ID="P73_ST00036" HPOS="1084" VPOS="831" WIDTH="175" HEIGHT="43" CONTENT="central" WC="1.00" CC="4000003"/>
						<SP ID="P73_SP00031" HPOS="1259" VPOS="888" WIDTH="30"/>
						<String ID="P73_ST00037" HPOS="1289" VPOS="831" WIDTH="153" HEIGHT="50" CONTENT="forest," WC="1.00" CC="0000002"/>
					</TextLine>
					<TextLine ID="P73_TL00007" HPOS="373" VPOS="903" WIDTH="1022" HEIGHT="56">
						<String ID="P73_ST00038" HPOS="373" VPOS="906" WIDTH="127" HEIGHT="44" CONTENT="With" WC="0.99" CC="0300"/>
						<SP ID="P73_SP00032" HPOS="500" VPOS="950" WIDTH="31"/>
						<String ID="P73_ST00039" HPOS="531" VPOS="920" WIDTH="27" HEIGHT="28" CONTENT="a" WC="1.00" CC="0"/>
						<SP ID="P73_SP00033" HPOS="558" VPOS="950" WIDTH="30"/>
						<String ID="P73_ST00040" HPOS="588" VPOS="905" WIDTH="106" HEIGHT="43" CONTENT="vein" WC="0.97" CC="5105"/>
						<SP ID="P73_SP00034" HPOS="694" VPOS="950" WIDTH="29"/>
						<String ID="P73_ST00041" HPOS="723" VPOS="905" WIDTH="49" HEIGHT="42" CONTENT="of" WC="1.00" CC="00"/>
						<SP ID="P73_SP00035" HPOS="772" VPOS="950" WIDTH="28"/>
						<String ID="P73_ST00042" HPOS="800" VPOS="905" WIDTH="108" HEIGHT="54" CONTENT="gold" WC="1.00" CC="0010"/>
						<SP ID="P73_SP00036" HPOS="908" VPOS="959" WIDTH="29"/>
						<String ID="P73_ST00043" HPOS="937" VPOS="905" WIDTH="48" HEIGHT="42" CONTENT="in" WC="0.70" CC="05"/>
						<SP ID="P73_SP00037" HPOS="985" VPOS="959" WIDTH="30"/>
						<String ID="P73_ST00044" HPOS="1015" VPOS="904" WIDTH="61" HEIGHT="43" CONTENT="its" WC="1.00" CC="000"/>
						<SP ID="P73_SP00038" HPOS="1076" VPOS="959" WIDTH="30"/>
						<String ID="P73_ST00045" HPOS="1106" VPOS="904" WIDTH="132" HEIGHT="53" CONTENT="ivory" WC="0.99" CC="00005"/>
						<SP ID="P73_SP00039" HPOS="1238" VPOS="959" WIDTH="29"/>
						<String ID="P73_ST00046" HPOS="1267" VPOS="903" WIDTH="128" HEIGHT="52" CONTENT="horn," WC="0.99" CC="00063"/>
					</TextLine>
					<TextLine ID="P73_TL00008" HPOS="371" VPOS="976" WIDTH="970" HEIGHT="52">
						<String ID="P73_ST00047" HPOS="371" VPOS="980" WIDTH="109" HEIGHT="41" CONTENT="Was" WC="0.97" CC="304"/>
						<SP ID="P73_SP00040" HPOS="480" VPOS="1021" WIDTH="31"/>
						<String ID="P73_ST00048" HPOS="511" VPOS="992" WIDTH="28" HEIGHT="28" CONTENT="a" WC="1.00" CC="0"/>
						<SP ID="P73_SP00041" HPOS="539" VPOS="1021" WIDTH="28"/>
						<String ID="P73_ST00049" HPOS="567" VPOS="978" WIDTH="237" HEIGHT="50" CONTENT="love-lorn," WC="0.99" CC="5000450052"/>
						<SP ID="P73_SP00042" HPOS="804" VPOS="1028" WIDTH="33"/>
						<String ID="P73_ST00050" HPOS="837" VPOS="976" WIDTH="273" HEIGHT="44" CONTENT="milk-white" WC="1.00" CC="0440300000"/>
						<SP ID="P73_SP00043" HPOS="1110" VPOS="1028" WIDTH="30"/>
						<String ID="P73_ST00051" HPOS="1140" VPOS="976" WIDTH="201" HEIGHT="44" CONTENT="unicorn." WC="0.99" CC="70020150"/>
					</TextLine>
					<TextLine ID="P73_TL00009" HPOS="489" VPOS="1049" WIDTH="1028" HEIGHT="56">
						<String ID="P73_ST00052" HPOS="489" VPOS="1053" WIDTH="94" HEIGHT="41" CONTENT="But" WC="0.95" CC="560"/>
						<SP ID="P73_SP00044" HPOS="583" VPOS="1094" WIDTH="29"/>
						<String ID="P73_ST00053" HPOS="612" VPOS="1051" WIDTH="82" HEIGHT="43" CONTENT="the" WC="1.00" CC="000"/>
						<SP ID="P73_SP00045" HPOS="694" VPOS="1094" WIDTH="30"/>
						<String ID="P73_ST00054" HPOS="724" VPOS="1050" WIDTH="137" HEIGHT="55" CONTENT="King," WC="0.98" CC="40501"/>
						<SP ID="P73_SP00046" HPOS="861" VPOS="1105" WIDTH="33"/>
						<String ID="P73_ST00055" HPOS="894" VPOS="1050" WIDTH="179" HEIGHT="55" CONTENT="though" WC="1.00" CC="000000"/>
						<SP ID="P73_SP00047" HPOS="1073" VPOS="1105" WIDTH="30"/>
						<String ID="P73_ST00056" HPOS="1103" VPOS="1055" WIDTH="137" HEIGHT="38" CONTENT="sweet" WC="1.00" CC="00100"/>
						<SP ID="P73_SP00048" HPOS="1240" VPOS="1105" WIDTH="32"/>
						<String ID="P73_ST00057" HPOS="1272" VPOS="1064" WIDTH="50" HEIGHT="28" CONTENT="as" WC="1.00" CC="00"/>
						<SP ID="P73_SP00049" HPOS="1322" VPOS="1105" WIDTH="32"/>
						<String ID="P73_ST00058" HPOS="1354" VPOS="1049" WIDTH="163" HEIGHT="53" CONTENT="honey," WC="1.00" CC="000000"/>
					</TextLine>
					<TextLine ID="P73_TL00010" HPOS="487" VPOS="1122" WIDTH="977" HEIGHT="54">
						<String ID="P73_ST00059" HPOS="487" VPOS="1124" WIDTH="110" HEIGHT="42" CONTENT="Had" WC="0.98" CC="600"/>
						<SP ID="P73_SP00050" HPOS="597" VPOS="1166" WIDTH="29"/>
						<String ID="P73_ST00060" HPOS="626" VPOS="1138" WIDTH="61" HEIGHT="28" CONTENT="an" WC="0.30" CC="76"/>
						<SP ID="P73_SP00051" HPOS="687" VPOS="1166" WIDTH="31"/>
						<String ID="P73_ST00061" HPOS="718" VPOS="1138" WIDTH="83" HEIGHT="38" CONTENT="eye" WC="1.00" CC="000"/>
						<SP ID="P73_SP00052" HPOS="801" VPOS="1176" WIDTH="29"/>
						<String ID="P73_ST00062" HPOS="830" VPOS="1124" WIDTH="70" HEIGHT="42" CONTENT="for" WC="0.99" CC="010"/>
						<SP ID="P73_SP00053" HPOS="900" VPOS="1176" WIDTH="31"/>
						<String ID="P73_ST00063" HPOS="931" VPOS="1124" WIDTH="80" HEIGHT="42" CONTENT="the" WC="1.00" CC="000"/>
						<SP ID="P73_SP00054" HPOS="1011" VPOS="1176" WIDTH="31"/>
						<String ID="P73_ST00064" HPOS="1042" VPOS="1122" WIDTH="136" HEIGHT="44" CONTENT="value" WC="0.99" CC="00070"/>
						<SP ID="P73_SP00055" HPOS="1178" VPOS="1176" WIDTH="29"/>
						<String ID="P73_ST00065" HPOS="1207" VPOS="1122" WIDTH="49" HEIGHT="42" CONTENT="of" WC="1.00" CC="00"/>
						<SP ID="P73_SP00056" HPOS="1256" VPOS="1176" WIDTH="30"/>
						<String ID="P73_ST00066" HPOS="1286" VPOS="1136" WIDTH="178" HEIGHT="39" CONTENT="money." WC="1.00" CC="000000"/>
					</TextLine>
					<TextLine ID="P73_TL00011" HPOS="371" VPOS="1195" WIDTH="955" HEIGHT="57">
						<String ID="P73_ST00067" HPOS="371" VPOS="1196" WIDTH="61" HEIGHT="45" CONTENT="So" WC="0.72" CC="50"/>
						<SP ID="P73_SP00057" HPOS="432" VPOS="1241" WIDTH="29"/>
						<String ID="P73_ST00068" HPOS="461" VPOS="1197" WIDTH="57" HEIGHT="42" CONTENT="he" WC="1.00" CC="00"/>
						<SP ID="P73_SP00058" HPOS="518" VPOS="1241" WIDTH="30"/>
						<String ID="P73_ST00069" HPOS="548" VPOS="1197" WIDTH="110" HEIGHT="53" CONTENT="only" WC="0.98" CC="0440"/>
						<SP ID="P73_SP00059" HPOS="658" VPOS="1250" WIDTH="29"/>
						<String ID="P73_ST00070" HPOS="687" VPOS="1212" WIDTH="117" HEIGHT="40" CONTENT="gave" WC="0.99" CC="0103"/>
						<SP ID="P73_SP00060" HPOS="804" VPOS="1252" WIDTH="29"/>
						<String ID="P73_ST00071" HPOS="833" VPOS="1198" WIDTH="80" HEIGHT="41" CONTENT="her" WC="1.00" CC="000"/>
						<SP ID="P73_SP00061" HPOS="913" VPOS="1252" WIDTH="31"/>
						<String ID="P73_ST00072" HPOS="944" VPOS="1211" WIDTH="27" HEIGHT="28" CONTENT="a" WC="1.00" CC="0"/>
						<SP ID="P73_SP00062" HPOS="971" VPOS="1252" WIDTH="31"/>
						<String ID="P73_ST00073" HPOS="1002" VPOS="1196" WIDTH="200" HEIGHT="43" CONTENT="heraldic" WC="1.00" CC="00000000"/>
						<SP ID="P73_SP00063" HPOS="1202" VPOS="1252" WIDTH="30"/>
						<String ID="P73_ST00074" HPOS="1232" VPOS="1195" WIDTH="94" HEIGHT="43" CONTENT="lion" WC="0.97" CC="6006"/>
					</TextLine>
					<TextLine ID="P73_TL00012" HPOS="371" VPOS="1269" WIDTH="1195" HEIGHT="56">
						<String ID="P73_ST00075" HPOS="371" VPOS="1270" WIDTH="255" HEIGHT="45" CONTENT="Embossed" WC="1.00" CC="70000000"/>
						<SP ID="P73_SP00064" HPOS="626" VPOS="1315" WIDTH="28"/>
						<String ID="P73_ST00076" HPOS="654" VPOS="1270" WIDTH="114" HEIGHT="42" CONTENT="with" WC="1.00" CC="0000"/>
						<SP ID="P73_SP00065" HPOS="768" VPOS="1315" WIDTH="29"/>
						<String ID="P73_ST00077" HPOS="797" VPOS="1270" WIDTH="80" HEIGHT="42" CONTENT="the" WC="1.00" CC="000"/>
						<SP ID="P73_SP00066" HPOS="877" VPOS="1315" WIDTH="31"/>
						<String ID="P73_ST00078" HPOS="908" VPOS="1284" WIDTH="124" HEIGHT="28" CONTENT="arms" WC="1.00" CC="0002"/>
						<SP ID="P73_SP00067" HPOS="1032" VPOS="1315" WIDTH="36"/>
						<String ID="P73_ST00079" HPOS="1068" VPOS="1270" WIDTH="109" HEIGHT="54" CONTENT="(and" WC="0.98" CC="1060"/>
						<SP ID="P73_SP00068" HPOS="1177" VPOS="1324" WIDTH="30"/>
						<String ID="P73_ST00080" HPOS="1207" VPOS="1270" WIDTH="122" HEIGHT="55" CONTENT="nose)" WC="0.99" CC="50000"/>
						<SP ID="P73_SP00069" HPOS="1329" VPOS="1325" WIDTH="36"/>
						<String ID="P73_ST00081" HPOS="1365" VPOS="1269" WIDTH="48" HEIGHT="42" CONTENT="of" WC="1.00" CC="00"/>
						<SP ID="P73_SP00070" HPOS="1413" VPOS="1325" WIDTH="29"/>
						<String ID="P73_ST00082" HPOS="1442" VPOS="1269" WIDTH="124" HEIGHT="43" CONTENT="Zion." WC="0.92" CC="00004"/>
					</TextLine>
					<TextLine ID="P73_TL00013" HPOS="487" VPOS="1341" WIDTH="1161" HEIGHT="57">
						<String ID="P73_ST00083" HPOS="487" VPOS="1342" WIDTH="193" HEIGHT="56" CONTENT="Though" WC="0.99" CC="700600"/>
						<SP ID="P73_SP00071" HPOS="680" VPOS="1398" WIDTH="30"/>
						<String ID="P73_ST00084" HPOS="710" VPOS="1343" WIDTH="80" HEIGHT="43" CONTENT="the" WC="1.00" CC="000"/>
						<SP ID="P73_SP00072" HPOS="790" VPOS="1398" WIDTH="31"/>
						<String ID="P73_ST00085" HPOS="821" VPOS="1343" WIDTH="157" HEIGHT="54" CONTENT="Queen" WC="0.98" CC="67000"/>
						<SP ID="P73_SP00073" HPOS="978" VPOS="1398" WIDTH="30"/>
						<String ID="P73_ST00086" HPOS="1008" VPOS="1342" WIDTH="48" HEIGHT="43" CONTENT="of" WC="1.00" CC="00"/>
						<SP ID="P73_SP00074" HPOS="1056" VPOS="1398" WIDTH="32"/>
						<String ID="P73_ST00087" HPOS="1088" VPOS="1341" WIDTH="152" HEIGHT="46" CONTENT="Sheba" WC="0.86" CC="60000"/>
						<SP ID="P73_SP00075" HPOS="1240" VPOS="1398" WIDTH="28"/>
						<String ID="P73_ST00088" HPOS="1268" VPOS="1342" WIDTH="136" HEIGHT="43" CONTENT="loved" WC="1.00" CC="30000"/>
						<SP ID="P73_SP00076" HPOS="1404" VPOS="1398" WIDTH="28"/>
						<String ID="P73_ST00089" HPOS="1432" VPOS="1341" WIDTH="216" HEIGHT="45" CONTENT="Solomon" WC="0.99" CC="6000006"/>
					</TextLine>
					<TextLine ID="P73_TL00014" HPOS="488" VPOS="1415" WIDTH="856" HEIGHT="56">
						<String ID="P73_ST00090" HPOS="488" VPOS="1415" WIDTH="90" HEIGHT="45" CONTENT="She" WC="1.00" CC="000"/>
						<SP ID="P73_SP00077" HPOS="578" VPOS="1460" WIDTH="31"/>
						<String ID="P73_ST00091" HPOS="609" VPOS="1430" WIDTH="90" HEIGHT="28" CONTENT="was" WC="0.94" CC="880"/>
						<SP ID="P73_SP00078" HPOS="699" VPOS="1460" WIDTH="31"/>
						<String ID="P73_ST00092" HPOS="730" VPOS="1420" WIDTH="82" HEIGHT="38" CONTENT="not" WC="1.00" CC="000"/>
						<SP ID="P73_SP00079" HPOS="812" VPOS="1460" WIDTH="30"/>
						<String ID="P73_ST00093" HPOS="842" VPOS="1416" WIDTH="159" HEIGHT="55" CONTENT="happy" WC="0.99" CC="70000"/>
						<SP ID="P73_SP00080" HPOS="1001" VPOS="1471" WIDTH="32"/>
						<String ID="P73_ST00094" HPOS="1033" VPOS="1420" WIDTH="50" HEIGHT="37" CONTENT="at" WC="1.00" CC="00"/>
						<SP ID="P73_SP00081" HPOS="1083" VPOS="1471" WIDTH="30"/>
						<String ID="P73_ST00095" HPOS="1113" VPOS="1415" WIDTH="231" HEIGHT="47" CONTENT="Lebanon." WC="0.98" CC="75007054"/>
					</TextLine>
					<TextLine ID="P73_TL00015" HPOS="372" VPOS="1487" WIDTH="1069" HEIGHT="51">
						<String ID="P73_ST00096" HPOS="372" VPOS="1491" WIDTH="47" HEIGHT="40" CONTENT="It" WC="0.73" CC="50"/>
						<SP ID="P73_SP00082" HPOS="419" VPOS="1531" WIDTH="30"/>
						<String ID="P73_ST00097" HPOS="449" VPOS="1503" WIDTH="92" HEIGHT="30" CONTENT="was" WC="1.00" CC="000"/>
						<SP ID="P73_SP00083" HPOS="541" VPOS="1533" WIDTH="31"/>
						<String ID="P73_ST00098" HPOS="572" VPOS="1494" WIDTH="83" HEIGHT="37" CONTENT="not" WC="1.00" CC="000"/>
						<SP ID="P73_SP00084" HPOS="655" VPOS="1533" WIDTH="29"/>
						<String ID="P73_ST00099" HPOS="684" VPOS="1489" WIDTH="81" HEIGHT="42" CONTENT="the" WC="1.00" CC="000"/>
						<SP ID="P73_SP00085" HPOS="765" VPOS="1533" WIDTH="30"/>
						<String ID="P73_ST00100" HPOS="795" VPOS="1503" WIDTH="178" HEIGHT="28" CONTENT="women" WC="0.99" CC="00006"/>
						<SP ID="P73_SP00086" HPOS="973" VPOS="1533" WIDTH="29"/>
						<String ID="P73_ST00101" HPOS="1002" VPOS="1488" WIDTH="49" HEIGHT="42" CONTENT="of" WC="1.00" CC="00"/>
						<SP ID="P73_SP00087" HPOS="1051" VPOS="1533" WIDTH="29"/>
						<String ID="P73_ST00102" HPOS="1080" VPOS="1488" WIDTH="80" HEIGHT="43" CONTENT="the" WC="1.00" CC="000"/>
						<SP ID="P73_SP00088" HPOS="1160" VPOS="1533" WIDTH="30"/>
						<String ID="P73_ST00103" HPOS="1190" VPOS="1487" WIDTH="251" HEIGHT="51" CONTENT="Edomites," WC="0.76" CC="600040054"/>
					</TextLine>
					<TextLine ID="P73_TL00016" HPOS="372" VPOS="1560" WIDTH="1657" HEIGHT="53">
						<String ID="P73_ST00104" HPOS="372" VPOS="1561" WIDTH="95" HEIGHT="43" CONTENT="The" WC="0.97" CC="701"/>
						<SP ID="P73_SP00089" HPOS="467" VPOS="1604" WIDTH="29"/>
						<String ID="P73_ST00105" HPOS="496" VPOS="1562" WIDTH="257" HEIGHT="50" CONTENT="Zidonians," WC="0.76" CC="0400540504"/>
						<SP ID="P73_SP00090" HPOS="753" VPOS="1612" WIDTH="35"/>
						<String ID="P73_ST00106" HPOS="788" VPOS="1562" WIDTH="80" HEIGHT="42" CONTENT="the" WC="1.00" CC="000"/>
						<SP ID="P73_SP00091" HPOS="868" VPOS="1612" WIDTH="30"/>
						<String ID="P73_ST00107" HPOS="898" VPOS="1560" WIDTH="239" HEIGHT="51" CONTENT="Moabites," WC="0.92" CC="200000004"/>
						<SP ID="P73_SP00092" HPOS="1137" VPOS="1612" WIDTH="34"/>
						<String ID="P73_ST00108" HPOS="1171" VPOS="1561" WIDTH="80" HEIGHT="42" CONTENT="the" WC="1.00" CC="000"/>
						<SP ID="P73_SP00093" HPOS="1251" VPOS="1612" WIDTH="35"/>
						<String ID="P73_ST00109" HPOS="1286" VPOS="1560" WIDTH="195" HEIGHT="43" CONTENT="Hittites" WC="0.89" CC="60000010"/>
						<SP ID="P73_SP00094" HPOS="1481" VPOS="1612" WIDTH="33"/>
						<String ID="P73_ST00110" HPOS="1514" VPOS="1575" WIDTH="52" HEIGHT="28" CONTENT="or" WC="1.00" CC="00"/>
						<SP ID="P73_SP00095" HPOS="1566" VPOS="1612" WIDTH="33"/>
						<String ID="P73_ST00111" HPOS="1599" VPOS="1561" WIDTH="80" HEIGHT="42" CONTENT="the" WC="1.00" CC="000"/>
						<SP ID="P73_SP00096" HPOS="1679" VPOS="1612" WIDTH="34"/>
						<String ID="P73_ST00112" HPOS="1713" VPOS="1560" WIDTH="286" HEIGHT="44" CONTENT="Ammonites" WC="1.00" CC="100002000"/>
						<SP ID="P73_SP00097" HPOS="1999" VPOS="1612" WIDTH="20"/>
						<String ID="P73_ST00113" HPOS="2019" VPOS="1575" WIDTH="10" HEIGHT="38" CONTENT=";" WC="0.13" CC="8"/>
					</TextLine>
					<TextLine ID="P73_TL00017" HPOS="372" VPOS="1633" WIDTH="1813" HEIGHT="57">
						<String ID="P73_ST00114" HPOS="372" VPOS="1634" WIDTH="89" HEIGHT="45" CONTENT="She" WC="1.00" CC="000"/>
						<SP ID="P73_SP00098" HPOS="461" VPOS="1679" WIDTH="22"/>
						<String ID="P73_ST00115" HPOS="483" VPOS="1650" WIDTH="115" HEIGHT="28" CONTENT="even" WC="1.00" CC="0000"/>
						<SP ID="P73_SP00099" HPOS="598" VPOS="1679" WIDTH="21"/>
						<String ID="P73_ST00116" HPOS="619" VPOS="1634" WIDTH="195" HEIGHT="44" CONTENT="listened" WC="1.00" CC="00000000"/>
						<SP ID="P73_SP00100" HPOS="814" VPOS="1679" WIDTH="21"/>
						<String ID="P73_ST00117" HPOS="835" VPOS="1640" WIDTH="51" HEIGHT="37" CONTENT="to" WC="1.00" CC="00"/>
						<SP ID="P73_SP00101" HPOS="886" VPOS="1679" WIDTH="22"/>
						<String ID="P73_ST00118" HPOS="908" VPOS="1634" WIDTH="71" HEIGHT="43" CONTENT="his" WC="0.98" CC="060"/>
						<SP ID="P73_SP00102" HPOS="979" VPOS="1679" WIDTH="21"/>
						<String ID="P73_ST00119" HPOS="1000" VPOS="1634" WIDTH="232" HEIGHT="56" CONTENT="proverbs." WC="1.00" CC="000003004"/>
						<SP ID="P73_SP00103" HPOS="1232" VPOS="1690" WIDTH="29"/>
						<String ID="P73_ST00120" HPOS="1261" VPOS="1633" WIDTH="90" HEIGHT="46" CONTENT="She" WC="0.97" CC="600"/>
						<SP ID="P73_SP00104" HPOS="1351" VPOS="1690" WIDTH="21"/>
						<String ID="P73_ST00121" HPOS="1372" VPOS="1639" WIDTH="86" HEIGHT="51" CONTENT="put" WC="0.98" CC="060"/>
						<SP ID="P73_SP00105" HPOS="1458" VPOS="1690" WIDTH="23"/>
						<String ID="P73_ST00122" HPOS="1481" VPOS="1648" WIDTH="62" HEIGHT="42" CONTENT="up" WC="1.00" CC="00"/>
						<SP ID="P73_SP00106" HPOS="1543" VPOS="1690" WIDTH="23"/>
						<String ID="P73_ST00123" HPOS="1566" VPOS="1633" WIDTH="113" HEIGHT="44" CONTENT="with" WC="1.00" CC="0200"/>
						<SP ID="P73_SP00107" HPOS="1679" VPOS="1690" WIDTH="21"/>
						<String ID="P73_ST00124" HPOS="1700" VPOS="1648" WIDTH="112" HEIGHT="38" CONTENT="very" WC="1.00" CC="0000"/>
						<SP ID="P73_SP00108" HPOS="1812" VPOS="1690" WIDTH="23"/>
						<String ID="P73_ST00125" HPOS="1835" VPOS="1649" WIDTH="140" HEIGHT="38" CONTENT="many" WC="0.99" CC="0050"/>
						<SP ID="P73_SP00109" HPOS="1975" VPOS="1690" WIDTH="21"/>
						<String ID="P73_ST00126" HPOS="1996" VPOS="1648" WIDTH="189" HEIGHT="42" CONTENT="wrongs," WC="0.99" CC="0700004"/>
					</TextLine>
					<TextLine ID="P73_TL00018" HPOS="373" VPOS="1706" WIDTH="1812" HEIGHT="57">
						<String ID="P73_ST00127" HPOS="373" VPOS="1710" WIDTH="93" HEIGHT="40" CONTENT="But" WC="0.95" CC="660"/>
						<SP ID="P73_SP00110" HPOS="466" VPOS="1750" WIDTH="15"/>
						<String ID="P73_ST00128" HPOS="481" VPOS="1707" WIDTH="48" HEIGHT="43" CONTENT="in" WC="0.71" CC="05"/>
						<SP ID="P73_SP00111" HPOS="529" VPOS="1750" WIDTH="14"/>
						<String ID="P73_ST00129" HPOS="543" VPOS="1708" WIDTH="194" HEIGHT="53" CONTENT="secretly" WC="1.00" CC="00240020"/>
						<SP ID="P73_SP00112" HPOS="737" VPOS="1761" WIDTH="11"/>
						<String ID="P73_ST00130" HPOS="748" VPOS="1707" WIDTH="188" HEIGHT="56" CONTENT="reading" WC="1.00" CC="5000100"/>
						<SP ID="P73_SP00113" HPOS="936" VPOS="1763" WIDTH="14"/>
						<String ID="P73_ST00131" HPOS="950" VPOS="1707" WIDTH="70" HEIGHT="43" CONTENT="his" WC="1.00" CC="000"/>
						<SP ID="P73_SP00114" HPOS="1020" VPOS="1763" WIDTH="15"/>
						<String ID="P73_ST00132" HPOS="1035" VPOS="1707" WIDTH="264" HEIGHT="50" CONTENT="note-book," WC="1.00" CC="0000403044"/>
						<SP ID="P73_SP00115" HPOS="1299" VPOS="1763" WIDTH="16"/>
						<String ID="P73_ST00133" HPOS="1315" VPOS="1707" WIDTH="80" HEIGHT="43" CONTENT="she" WC="1.00" CC="000"/>
						<SP ID="P73_SP00116" HPOS="1395" VPOS="1763" WIDTH="11"/>
						<String ID="P73_ST00134" HPOS="1406" VPOS="1707" WIDTH="144" HEIGHT="42" CONTENT="found" WC="0.99" CC="00630"/>
						<SP ID="P73_SP00117" HPOS="1550" VPOS="1763" WIDTH="12"/>
						<String ID="P73_ST00135" HPOS="1562" VPOS="1706" WIDTH="254" HEIGHT="46" CONTENT="Solomon's" WC="1.00" CC="003000040"/>
						<SP ID="P73_SP00118" HPOS="1816" VPOS="1763" WIDTH="14"/>
						<String ID="P73_ST00136" HPOS="1830" VPOS="1706" WIDTH="123" HEIGHT="55" CONTENT="Song" WC="1.00" CC="0000"/>
						<SP ID="P73_SP00119" HPOS="1953" VPOS="1763" WIDTH="13"/>
						<String ID="P73_ST00137" HPOS="1966" VPOS="1707" WIDTH="49" HEIGHT="42" CONTENT="of" WC="0.94" CC="01"/>
						<SP ID="P73_SP00120" HPOS="2015" VPOS="1763" WIDTH="14"/>
						<String ID="P73_ST00138" HPOS="2029" VPOS="1707" WIDTH="156" HEIGHT="56" CONTENT="Songs," WC="0.99" CC="004070"/>
					</TextLine>
					<TextLine ID="P73_TL00019" HPOS="372" VPOS="1779" WIDTH="1813" HEIGHT="57">
						<String ID="P73_ST00139" HPOS="372" VPOS="1780" WIDTH="89" HEIGHT="45" CONTENT="She" WC="0.98" CC="600"/>
						<SP ID="P73_SP00121" HPOS="461" VPOS="1825" WIDTH="19"/>
						<String ID="P73_ST00140" HPOS="480" VPOS="1781" WIDTH="132" HEIGHT="42" CONTENT="knew" WC="0.98" CC="0800"/>
						<SP ID="P73_SP00122" HPOS="612" VPOS="1825" WIDTH="19"/>
						<String ID="P73_ST00141" HPOS="631" VPOS="1780" WIDTH="38" HEIGHT="43" CONTENT="it" WC="1.00" CC="00"/>
						<SP ID="P73_SP00123" HPOS="669" VPOS="1825" WIDTH="21"/>
						<String ID="P73_ST00142" HPOS="690" VPOS="1785" WIDTH="49" HEIGHT="38" CONTENT="at" WC="1.00" CC="00"/>
						<SP ID="P73_SP00124" HPOS="739" VPOS="1825" WIDTH="21"/>
						<String ID="P73_ST00143" HPOS="760" VPOS="1795" WIDTH="112" HEIGHT="28" CONTENT="once" WC="0.98" CC="0630"/>
						<SP ID="P73_SP00125" HPOS="872" VPOS="1825" WIDTH="20"/>
						<String ID="P73_ST00144" HPOS="892" VPOS="1806" WIDTH="56" HEIGHT="4" CONTENT="—" WC="0.20" CC="8"/>
						<SP ID="P73_SP00126" HPOS="948" VPOS="1825" WIDTH="20"/>
						<String ID="P73_ST00145" HPOS="968" VPOS="1780" WIDTH="38" HEIGHT="43" CONTENT="it" WC="1.00" CC="00"/>
						<SP ID="P73_SP00127" HPOS="1006" VPOS="1825" WIDTH="20"/>
						<String ID="P73_ST00146" HPOS="1026" VPOS="1794" WIDTH="94" HEIGHT="29" CONTENT="was" WC="1.00" CC="000"/>
						<SP ID="P73_SP00128" HPOS="1120" VPOS="1825" WIDTH="19"/>
						<String ID="P73_ST00147" HPOS="1139" VPOS="1785" WIDTH="176" HEIGHT="51" CONTENT="poetry." WC="1.00" CC="0000104"/>
						<SP ID="P73_SP00129" HPOS="1315" VPOS="1836" WIDTH="28"/>
						<String ID="P73_ST00148" HPOS="1343" VPOS="1780" WIDTH="107" HEIGHT="43" CONTENT="And" WC="0.97" CC="070"/>
						<SP ID="P73_SP00130" HPOS="1450" VPOS="1836" WIDTH="19"/>
						<String ID="P73_ST00149" HPOS="1469" VPOS="1780" WIDTH="80" HEIGHT="43" CONTENT="she" WC="1.00" CC="000"/>
						<SP ID="P73_SP00131" HPOS="1549" VPOS="1836" WIDTH="19"/>
						<String ID="P73_ST00150" HPOS="1568" VPOS="1780" WIDTH="83" HEIGHT="42" CONTENT="left" WC="0.98" CC="5300"/>
						<SP ID="P73_SP00132" HPOS="1651" VPOS="1836" WIDTH="19"/>
						<String ID="P73_ST00151" HPOS="1670" VPOS="1779" WIDTH="80" HEIGHT="43" CONTENT="the" WC="1.00" CC="000"/>
						<SP ID="P73_SP00133" HPOS="1750" VPOS="1836" WIDTH="30"/>
						<String ID="P73_ST00152" HPOS="1780" VPOS="1779" WIDTH="157" HEIGHT="56" CONTENT="palace" WC="1.00" CC="001010"/>
						<SP ID="P73_SP00134" HPOS="1937" VPOS="1836" WIDTH="18"/>
						<String ID="P73_ST00153" HPOS="1955" VPOS="1780" WIDTH="107" HEIGHT="42" CONTENT="that" WC="1.00" CC="0000"/>
						<SP ID="P73_SP00135" HPOS="2062" VPOS="1836" WIDTH="20"/>
						<String ID="P73_ST00154" HPOS="2082" VPOS="1780" WIDTH="103" HEIGHT="54" CONTENT="day." WC="0.98" CC="0007"/>
					</TextLine>
					<TextLine ID="P73_TL00020" HPOS="374" VPOS="1853" WIDTH="1811" HEIGHT="54">
						<String ID="P73_ST00155" HPOS="374" VPOS="1856" WIDTH="93" HEIGHT="41" CONTENT="But" WC="0.95" CC="660"/>
						<SP ID="P73_SP00136" HPOS="467" VPOS="1897" WIDTH="15"/>
						<String ID="P73_ST00156" HPOS="482" VPOS="1853" WIDTH="216" HEIGHT="46" CONTENT="Solomon" WC="0.99" CC="0040005"/>
						<SP ID="P73_SP00137" HPOS="698" VPOS="1899" WIDTH="14"/>
						<String ID="P73_ST00157" HPOS="712" VPOS="1854" WIDTH="129" HEIGHT="43" CONTENT="knew" WC="1.00" CC="0000"/>
						<SP ID="P73_SP00138" HPOS="841" VPOS="1899" WIDTH="17"/>
						<String ID="P73_ST00158" HPOS="858" VPOS="1858" WIDTH="83" HEIGHT="39" CONTENT="not" WC="0.98" CC="600"/>
						<SP ID="P73_SP00139" HPOS="941" VPOS="1899" WIDTH="14"/>
						<String ID="P73_ST00159" HPOS="955" VPOS="1854" WIDTH="149" HEIGHT="42" CONTENT="where" WC="1.00" CC="00300"/>
						<SP ID="P73_SP00140" HPOS="1104" VPOS="1899" WIDTH="15"/>
						<String ID="P73_ST00160" HPOS="1119" VPOS="1854" WIDTH="80" HEIGHT="43" CONTENT="she" WC="0.97" CC="700"/>
						<SP ID="P73_SP00141" HPOS="1199" VPOS="1899" WIDTH="14"/>
						<String ID="P73_ST00161" HPOS="1213" VPOS="1858" WIDTH="123" HEIGHT="38" CONTENT="went" WC="1.00" CC="0000"/>
						<SP ID="P73_SP00142" HPOS="1336" VPOS="1899" WIDTH="13"/>
						<String ID="P73_ST00162" HPOS="1349" VPOS="1858" WIDTH="64" HEIGHT="46" CONTENT="to," WC="0.99" CC="002"/>
						<SP ID="P73_SP00143" HPOS="1413" VPOS="1904" WIDTH="18"/>
						<String ID="P73_ST00163" HPOS="1431" VPOS="1867" WIDTH="50" HEIGHT="28" CONTENT="or" WC="0.82" CC="30"/>
						<SP ID="P73_SP00144" HPOS="1481" VPOS="1904" WIDTH="14"/>
						<String ID="P73_ST00164" HPOS="1495" VPOS="1853" WIDTH="106" HEIGHT="53" CONTENT="why" WC="1.00" CC="000"/>
						<SP ID="P73_SP00145" HPOS="1601" VPOS="1906" WIDTH="25"/>
						<String ID="P73_ST00165" HPOS="1626" VPOS="1853" WIDTH="79" HEIGHT="42" CONTENT="she" WC="1.00" CC="000"/>
						<SP ID="P73_SP00146" HPOS="1705" VPOS="1906" WIDTH="24"/>
						<String ID="P73_ST00166" HPOS="1729" VPOS="1853" WIDTH="94" HEIGHT="44" CONTENT="had" WC="1.00" CC="000"/>
						<SP ID="P73_SP00147" HPOS="1823" VPOS="1906" WIDTH="18"/>
						<String ID="P73_ST00167" HPOS="1841" VPOS="1853" WIDTH="186" HEIGHT="42" CONTENT="roamed" WC="1.00" CC="000010"/>
						<SP ID="P73_SP00148" HPOS="2027" VPOS="1906" WIDTH="15"/>
						<String ID="P73_ST00168" HPOS="2042" VPOS="1867" WIDTH="143" HEIGHT="40" CONTENT="away." WC="1.00" CC="00004"/>
					</TextLine>
					<TextLine ID="P73_TL00021" HPOS="490" VPOS="1926" WIDTH="844" HEIGHT="55">
						<String ID="P73_ST00169" HPOS="490" VPOS="1930" WIDTH="94" HEIGHT="40" CONTENT="But" WC="0.95" CC="570"/>
						<SP ID="P73_SP00149" HPOS="584" VPOS="1970" WIDTH="30"/>
						<String ID="P73_ST00170" HPOS="614" VPOS="1942" WIDTH="139" HEIGHT="39" CONTENT="every" WC="1.00" CC="20000"/>
						<SP ID="P73_SP00150" HPOS="753" VPOS="1981" WIDTH="30"/>
						<String ID="P73_ST00171" HPOS="783" VPOS="1926" WIDTH="193" HEIGHT="55" CONTENT="evening" WC="1.00" CC="0000050"/>
						<SP ID="P73_SP00151" HPOS="976" VPOS="1981" WIDTH="30"/>
						<String ID="P73_ST00172" HPOS="1006" VPOS="1926" WIDTH="48" HEIGHT="42" CONTENT="in" WC="0.73" CC="05"/>
						<SP ID="P73_SP00152" HPOS="1054" VPOS="1981" WIDTH="31"/>
						<String ID="P73_ST00173" HPOS="1085" VPOS="1926" WIDTH="249" HEIGHT="53" CONTENT="Jerusalem" WC="0.99" CC="422700200"/>
					</TextLine>
					<TextLine ID="P73_TL00022" HPOS="488" VPOS="1999" WIDTH="882" HEIGHT="56">
						<String ID="P73_ST00174" HPOS="488" VPOS="1999" WIDTH="97" HEIGHT="44" CONTENT="The" WC="1.00" CC="000"/>
						<SP ID="P73_SP00153" HPOS="585" VPOS="2043" WIDTH="32"/>
						<String ID="P73_ST00175" HPOS="617" VPOS="2001" WIDTH="149" HEIGHT="54" CONTENT="almug" WC="0.64" CC="64070"/>
						<SP ID="P73_SP00154" HPOS="766" VPOS="2055" WIDTH="30"/>
						<String ID="P73_ST00176" HPOS="796" VPOS="2001" WIDTH="94" HEIGHT="42" CONTENT="and" WC="0.98" CC="060"/>
						<SP ID="P73_SP00155" HPOS="890" VPOS="2055" WIDTH="30"/>
						<String ID="P73_ST00177" HPOS="920" VPOS="2001" WIDTH="81" HEIGHT="42" CONTENT="the" WC="1.00" CC="000"/>
						<SP ID="P73_SP00156" HPOS="1001" VPOS="2055" WIDTH="30"/>
						<String ID="P73_ST00178" HPOS="1031" VPOS="2004" WIDTH="191" HEIGHT="50" CONTENT="nutmeg" WC="0.99" CC="350000"/>
						<SP ID="P73_SP00157" HPOS="1222" VPOS="2055" WIDTH="29"/>
						<String ID="P73_ST00179" HPOS="1251" VPOS="2004" WIDTH="119" HEIGHT="38" CONTENT="trees" WC="1.00" CC="00200"/>
					</TextLine>
					<TextLine ID="P73_TL00023" HPOS="489" VPOS="2072" WIDTH="979" HEIGHT="46">
						<String ID="P73_ST00180" HPOS="489" VPOS="2073" WIDTH="170" HEIGHT="43" CONTENT="Flaunt" WC="0.98" CC="640060"/>
						<SP ID="P73_SP00158" HPOS="659" VPOS="2116" WIDTH="30"/>
						<String ID="P73_ST00181" HPOS="689" VPOS="2074" WIDTH="81" HEIGHT="42" CONTENT="the" WC="1.00" CC="000"/>
						<SP ID="P73_SP00159" HPOS="770" VPOS="2116" WIDTH="30"/>
						<String ID="P73_ST00182" HPOS="800" VPOS="2073" WIDTH="184" HEIGHT="45" CONTENT="Sheban" WC="0.86" CC="000008"/>
						<SP ID="P73_SP00160" HPOS="984" VPOS="2118" WIDTH="29"/>
						<String ID="P73_ST00183" HPOS="1013" VPOS="2072" WIDTH="221" HEIGHT="44" CONTENT="National" WC="0.99" CC="60000500"/>
						<SP ID="P73_SP00161" HPOS="1234" VPOS="2118" WIDTH="29"/>
						<String ID="P73_ST00184" HPOS="1263" VPOS="2072" WIDTH="205" HEIGHT="44" CONTENT="Anthem" WC="0.99" CC="090000"/>
					</TextLine>
					<TextLine ID="P73_TL00024" HPOS="489" VPOS="2145" WIDTH="1072" HEIGHT="56">
						<String ID="P73_ST00185" HPOS="489" VPOS="2147" WIDTH="113" HEIGHT="47" CONTENT="Iyike" WC="0.82" CC="17000"/>
						<SP ID="P73_SP00162" HPOS="602" VPOS="2194" WIDTH="30"/>
						<String ID="P73_ST00186" HPOS="632" VPOS="2161" WIDTH="28" HEIGHT="28" CONTENT="a" WC="1.00" CC="0"/>
						<SP ID="P73_SP00163" HPOS="660" VPOS="2194" WIDTH="29"/>
						<String ID="P73_ST00187" HPOS="689" VPOS="2147" WIDTH="174" HEIGHT="42" CONTENT="banner" WC="0.99" CC="005530"/>
						<SP ID="P73_SP00164" HPOS="863" VPOS="2194" WIDTH="31"/>
						<String ID="P73_ST00188" HPOS="894" VPOS="2161" WIDTH="61" HEIGHT="28" CONTENT="on" WC="0.81" CC="03"/>
						<SP ID="P73_SP00165" HPOS="955" VPOS="2194" WIDTH="30"/>
						<String ID="P73_ST00189" HPOS="985" VPOS="2146" WIDTH="81" HEIGHT="43" CONTENT="the" WC="1.00" CC="000"/>
						<SP ID="P73_SP00166" HPOS="1066" VPOS="2194" WIDTH="30"/>
						<String ID="P73_ST00190" HPOS="1096" VPOS="2145" WIDTH="278" HEIGHT="56" CONTENT="spice-laden" WC="1.00" CC="00040453000"/>
						<SP ID="P73_SP00167" HPOS="1374" VPOS="2201" WIDTH="28"/>
						<String ID="P73_ST00191" HPOS="1402" VPOS="2145" WIDTH="159" HEIGHT="43" CONTENT="breeze" WC="0.99" CC="003200"/>
					</TextLine>
					<TextLine ID="P73_TL00025" HPOS="377" VPOS="2218" WIDTH="1566" HEIGHT="58">
						<String ID="P73_ST00192" HPOS="377" VPOS="2220" WIDTH="122" HEIGHT="56" CONTENT="(And" WC="0.98" CC="2060"/>
						<SP ID="P73_SP00168" HPOS="499" VPOS="2276" WIDTH="28"/>
						<String ID="P73_ST00193" HPOS="527" VPOS="2220" WIDTH="61" HEIGHT="42" CONTENT="oh" WC="1.00" CC="00"/>
						<SP ID="P73_SP00169" HPOS="588" VPOS="2276" WIDTH="19"/>
						<String ID="P73_ST00194" HPOS="607" VPOS="2220" WIDTH="8" HEIGHT="43" CONTENT="!" WC="0.83" CC="1"/>
						<SP ID="P73_SP00170" HPOS="615" VPOS="2276" WIDTH="64"/>
						<String ID="P73_ST00195" HPOS="679" VPOS="2220" WIDTH="113" HEIGHT="42" CONTENT="each" WC="1.00" CC="0000"/>
						<SP ID="P73_SP00171" HPOS="792" VPOS="2276" WIDTH="27"/>
						<String ID="P73_ST00196" HPOS="819" VPOS="2219" WIDTH="166" HEIGHT="55" CONTENT="golden" WC="0.99" CC="005007"/>
						<SP ID="P73_SP00172" HPOS="985" VPOS="2276" WIDTH="28"/>
						<String ID="P73_ST00197" HPOS="1013" VPOS="2218" WIDTH="90" HEIGHT="44" CONTENT="bell" WC="0.98" CC="0053"/>
						<SP ID="P73_SP00173" HPOS="1103" VPOS="2276" WIDTH="28"/>
						<String ID="P73_ST00198" HPOS="1131" VPOS="2233" WIDTH="144" HEIGHT="29" CONTENT="seems" WC="1.00" CC="00000"/>
						<SP ID="P73_SP00174" HPOS="1275" VPOS="2276" WIDTH="30"/>
						<String ID="P73_ST00199" HPOS="1305" VPOS="2233" WIDTH="28" HEIGHT="28" CONTENT="a" WC="1.00" CC="0"/>
						<SP ID="P73_SP00175" HPOS="1333" VPOS="2276" WIDTH="27"/>
						<String ID="P73_ST00200" HPOS="1360" VPOS="2218" WIDTH="279" HEIGHT="44" CONTENT="turtle-dove" WC="1.00" CC="06000140000"/>
						<SP ID="P73_SP00176" HPOS="1639" VPOS="2276" WIDTH="28"/>
						<String ID="P73_ST00201" HPOS="1667" VPOS="2218" WIDTH="106" HEIGHT="42" CONTENT="that" WC="1.00" CC="0000"/>
						<SP ID="P73_SP00177" HPOS="1773" VPOS="2276" WIDTH="28"/>
						<String ID="P73_ST00202" HPOS="1801" VPOS="2218" WIDTH="142" HEIGHT="42" CONTENT="cooed" WC="1.00" CC="00000"/>
					</TextLine>
					<TextLine ID="P73_TL00026" HPOS="372" VPOS="2291" WIDTH="1370" HEIGHT="56">
						<String ID="P73_ST00203" HPOS="372" VPOS="2293" WIDTH="178" HEIGHT="44" CONTENT="Within" WC="1.00" CC="000005"/>
						<SP ID="P73_SP00178" HPOS="550" VPOS="2337" WIDTH="22"/>
						<String ID="P73_ST00204" HPOS="572" VPOS="2294" WIDTH="80" HEIGHT="42" CONTENT="the" WC="1.00" CC="000"/>
						<SP ID="P73_SP00179" HPOS="652" VPOS="2337" WIDTH="24"/>
						<String ID="P73_ST00205" HPOS="676" VPOS="2292" WIDTH="192" HEIGHT="46" CONTENT="moonlit" WC="0.98" CC="9504400"/>
						<SP ID="P73_SP00180" HPOS="868" VPOS="2338" WIDTH="24"/>
						<String ID="P73_ST00206" HPOS="892" VPOS="2293" WIDTH="190" HEIGHT="43" CONTENT="shadow" WC="1.00" CC="000000"/>
						<SP ID="P73_SP00181" HPOS="1082" VPOS="2338" WIDTH="23"/>
						<String ID="P73_ST00207" HPOS="1105" VPOS="2292" WIDTH="48" HEIGHT="43" CONTENT="of" WC="0.71" CC="50"/>
						<SP ID="P73_SP00182" HPOS="1153" VPOS="2338" WIDTH="22"/>
						<String ID="P73_ST00208" HPOS="1175" VPOS="2293" WIDTH="80" HEIGHT="42" CONTENT="the" WC="1.00" CC="000"/>
						<SP ID="P73_SP00183" HPOS="1255" VPOS="2338" WIDTH="22"/>
						<String ID="P73_ST00209" HPOS="1277" VPOS="2291" WIDTH="278" HEIGHT="54" CONTENT="Abyssinian" WC="1.00" CC="0000145005"/>
						<SP ID="P73_SP00184" HPOS="1555" VPOS="2345" WIDTH="22"/>
						<String ID="P73_ST00210" HPOS="1577" VPOS="2291" WIDTH="165" HEIGHT="56" CONTENT="wood)." WC="1.00" CC="000010"/>
					</TextLine>
				</TextBlock>
				<TextBlock ID="P73_TB00003" HPOS="372" VPOS="2436" WIDTH="1819" HEIGHT="130" STYLEREFS="TXT_0 PAR_LEFT">
					<TextLine ID="P73_TL00027" HPOS="375" VPOS="2437" WIDTH="1816" HEIGHT="56">
						<String ID="P73_ST00211" HPOS="375" VPOS="2441" WIDTH="93" HEIGHT="41" CONTENT="But" WC="0.95" CC="670"/>
						<SP ID="P73_SP00185" HPOS="468" VPOS="2482" WIDTH="16"/>
						<String ID="P73_ST00212" HPOS="484" VPOS="2454" WIDTH="68" HEIGHT="29" CONTENT="we" WC="1.00" CC="00"/>
						<SP ID="P73_SP00186" HPOS="552" VPOS="2483" WIDTH="19"/>
						<String ID="P73_ST00213" HPOS="571" VPOS="2440" WIDTH="185" HEIGHT="43" CONTENT="wonder" WC="0.99" CC="005002"/>
						<SP ID="P73_SP00187" HPOS="756" VPOS="2483" WIDTH="19"/>
						<String ID="P73_ST00214" HPOS="775" VPOS="2439" WIDTH="126" HEIGHT="43" CONTENT="what" WC="1.00" CC="0000"/>
						<SP ID="P73_SP00188" HPOS="901" VPOS="2483" WIDTH="22"/>
						<String ID="P73_ST00215" HPOS="923" VPOS="2439" WIDTH="80" HEIGHT="43" CONTENT="she" WC="1.00" CC="000"/>
						<SP ID="P73_SP00189" HPOS="1003" VPOS="2483" WIDTH="20"/>
						<String ID="P73_ST00216" HPOS="1023" VPOS="2439" WIDTH="166" HEIGHT="43" CONTENT="looked" WC="1.00" CC="000010"/>
						<SP ID="P73_SP00190" HPOS="1189" VPOS="2483" WIDTH="19"/>
						<String ID="P73_ST00217" HPOS="1208" VPOS="2438" WIDTH="102" HEIGHT="52" CONTENT="like," WC="1.00" CC="00003"/>
						<SP ID="P73_SP00191" HPOS="1310" VPOS="2490" WIDTH="20"/>
						<String ID="P73_ST00218" HPOS="1330" VPOS="2438" WIDTH="94" HEIGHT="43" CONTENT="this" WC="0.99" CC="0020"/>
						<SP ID="P73_SP00192" HPOS="1424" VPOS="2490" WIDTH="16"/>
						<String ID="P73_ST00219" HPOS="1440" VPOS="2438" WIDTH="275" HEIGHT="54" CONTENT="fascinating" WC="1.00" CC="00061600100"/>
						<SP ID="P73_SP00193" HPOS="1715" VPOS="2492" WIDTH="13"/>
						<String ID="P73_ST00220" HPOS="1728" VPOS="2437" WIDTH="404" HEIGHT="56" CONTENT="phantasmagoria" WC="1.00" CC="00050000003000"/>
						<String ID="P73_ST00221" HPOS="2135" VPOS="2464" WIDTH="56" HEIGHT="3" CONTENT="—" WC="0.20" CC="8"/>
					</TextLine>
					<TextLine ID="P73_TL00028" HPOS="373" VPOS="2509" WIDTH="1614" HEIGHT="57">
						<String ID="P73_ST00222" HPOS="373" VPOS="2512" WIDTH="233" HEIGHT="51" CONTENT="Atalanta," WC="0.84" CC="000305004"/>
						<SP ID="P73_SP00194" HPOS="606" VPOS="2563" WIDTH="28"/>
						<String ID="P73_ST00223" HPOS="634" VPOS="2511" WIDTH="248" HEIGHT="52" CONTENT="Gioconda," WC="0.76" CC="600054004"/>
						<SP ID="P73_SP00195" HPOS="882" VPOS="2563" WIDTH="28"/>
						<String ID="P73_ST00224" HPOS="910" VPOS="2512" WIDTH="264" HEIGHT="44" CONTENT="Semiramis" WC="0.98" CC="000000010"/>
						<SP ID="P73_SP00196" HPOS="1174" VPOS="2563" WIDTH="22"/>
						<String ID="P73_ST00225" HPOS="1196" VPOS="2538" WIDTH="57" HEIGHT="4" CONTENT="—" WC="0.20" CC="8"/>
						<SP ID="P73_SP00197" HPOS="1253" VPOS="2563" WIDTH="24"/>
						<String ID="P73_ST00226" HPOS="1277" VPOS="2526" WIDTH="51" HEIGHT="28" CONTENT="or" WC="0.78" CC="40"/>
						<SP ID="P73_SP00198" HPOS="1328" VPOS="2563" WIDTH="22"/>
						<String ID="P73_ST00227" HPOS="1350" VPOS="2512" WIDTH="80" HEIGHT="42" CONTENT="the" WC="1.00" CC="000"/>
						<SP ID="P73_SP00199" HPOS="1430" VPOS="2563" WIDTH="22"/>
						<String ID="P73_ST00228" HPOS="1452" VPOS="2511" WIDTH="93" HEIGHT="43" CONTENT="late" WC="0.99" CC="3300"/>
						<SP ID="P73_SP00200" HPOS="1545" VPOS="2563" WIDTH="24"/>
						<String ID="P73_ST00229" HPOS="1569" VPOS="2512" WIDTH="157" HEIGHT="54" CONTENT="Queen" WC="0.98" CC="56220"/>
						<SP ID="P73_SP00201" HPOS="1726" VPOS="2566" WIDTH="23"/>
						<String ID="P73_ST00230" HPOS="1749" VPOS="2509" WIDTH="202" HEIGHT="45" CONTENT="Victoria" WC="1.00" CC="02100030"/>
						<SP ID="P73_SP00202" HPOS="1951" VPOS="2566" WIDTH="20"/>
						<String ID="P73_ST00231" HPOS="1971" VPOS="2511" WIDTH="16" HEIGHT="41" CONTENT="?" WC="1.00" CC="0"/>
					</TextLine>
				</TextBlock>
				<TextBlock ID="P73_TB00004" HPOS="1619" VPOS="2696" WIDTH="450" HEIGHT="48" STYLEREFS="TXT_0 PAR_RIGHT">
					<TextLine ID="P73_TL00029" HPOS="1619" VPOS="2696" WIDTH="450" HEIGHT="46">
						<String ID="P73_ST00232" HPOS="1619" VPOS="2696" WIDTH="193" HEIGHT="46" CONTENT="osbert" WC="0.96" CC="000000"/>
						<SP ID="P73_SP00203" HPOS="1812" VPOS="2742" WIDTH="32"/>
						<String ID="P73_ST00233" HPOS="1844" VPOS="2696" WIDTH="225" HEIGHT="46" CONTENT="sitwell" WC="0.96" CC="0000000"/>
					</TextLine>
				</TextBlock>
			</PrintSpace>
		</Page>
	</Layout>
</alto>
