2710 4043
2106 3114 66 35 373

428 529 21 36 I
473 529 104 37 have
600 528 87 38 said
711 528 93 37 that
827 540 81 34 you
933 541 74 24 can
1031 540 74 35 say
1171 531 80 35 Yes
1319 529 74 36 and
1593 529 82 37 and
1698 533 70 42 yet
1792 530 112 47 reply
1928 531 205 45 correctly.
2187 532 38 36 If

425 591 22 36 I
470 590 104 38 have
593 594 71 33 not
684 590 88 38 said
791 602 44 25 so
854 602 82 35 you
956 590 117 37 know
1093 590 112 48 quite
1224 590 86 37 well
1329 591 93 36 that
1442 590 80 38 this
1541 590 35 38 is
1595 595 91 33 true
1717 613 40 5 —
1787 593 73 35 tha
1880 592 121 37 under
2021 604 100 25 some
2140 605 65 25 con-

425 653 144 36 ditions
597 655 80 34 Yes
703 652 34 37 is
763 653 70 36 the
861 653 95 45 only
982 653 114 47 reply
1120 656 45 33 to
1192 653 118 36 make
1336 656 45 33 to
1409 665 24 24 a
1460 653 186 47 question
1671 658 45 32 to
1743 655 131 36 which
1899 656 64 35 No
1980 654 33 37 is
2048 655 71 36 the
2146 656 81 37 sole

426 726 162 26 answer.

529 778 75 40 Let
626 788 63 25 me
711 776 72 37 ask
803 788 82 34 you
904 780 45 33 to
971 776 50 37 be
1042 789 24 23 a
1087 776 103 37 little
1211 789 108 24 more
1341 776 182 37 cautions
1546 777 133 37 before
1701 778 192 47 asserting
1914 778 92 37 that
2027 780 21 36 I
2071 782 135 34 contra-

425 838 87 38 dict
529 839 142 46 myself
702 860 41 4 —
772 838 63 36 for
850 838 92 36 here
958 840 20 34 I
995 838 160 48 happen
1170 842 72 33 not
1261 842 53 34 to.
1368 839 130 37 When
1513 841 21 35 I
1550 839 125 47 spoke
1691 840 41 36 of
1747 839 271 49 Shakespeare
2035 852 43 25 as
2108 841 119 47 being

425 904 72 33 not
521 900 168 43 actable,
713 904 72 32 not
807 900 62 36 for
890 900 70 36 the
982 900 133 47 Stage,
1160 903 21 34 I
1204 901 135 47 spoke,
1362 900 31 36 if
1414 912 82 35 you
1517 900 79 37 will
1618 902 230 44 remember,
1874 915 42 24 as
1939 915 75 23 one
2035 903 89 35 who
2146 914 81 26 was

426 962 212 47 reviewing
659 962 72 37 the
746 962 127 36 whole
898 962 184 47 question
1105 963 41 35 of
1169 963 70 36 the
1258 962 172 37 Theatre
1447 963 41 36 of
1504 963 71 36 the
1592 963 138 38 World
1752 985 40 5 —
1814 964 79 37 and
1909 964 71 37 the
1995 963 172 38 Theatre
2185 976 42 25 as

426 1036 24 24 a
465 1023 174 39 creative
653 1024 88 37 Art.
764 1025 106 36 Here
886 1026 20 34 I
922 1024 127 48 speak
1065 1036 42 25 as
1134 1036 77 25 one
1226 1025 91 36 who
1347 1025 164 37 reviews
1527 1037 75 25 one
1618 1025 152 37 section
1786 1027 41 35 of
1842 1027 70 36 the
1927 1026 127 37 whole
2085 1048 41 4 —
2155 1027 70 36 the

425 1090 105 33 most
558 1086 216 37 backward
790 1086 151 37 section
973 1108 41 4 —
1043 1086 93 37 that
1163 1086 46 44 is,
1249 1087 71 36 the
1348 1086 167 48 English
1540 1086 185 38 Theatre.
1755 1088 92 38 And
1875 1088 62 36 for
1964 1089 71 36 the
2063 1088 166 47 English

423 1147 172 38 Theatre
616 1148 33 37 it
671 1148 79 36 will
773 1148 51 37 do
846 1148 87 37 well
964 1170 41 4 —
1057 1161 75 24 can
1155 1148 51 37 do
1229 1160 53 25 no
1303 1149 134 36 better
1468 1171 40 4 —
1538 1153 44 32 to
1604 1149 120 47 begin
1747 1154 43 33 at
1811 1150 283 47 Shakespeare.
2147 1150 80 37 For

423 1210 42 36 in
483 1210 270 48 Shakespeare
769 1210 34 38 is
822 1210 51 36 all
891 1211 186 48 Burbage,
1097 1210 220 38 remember
1334 1222 9 33 ;
1362 1211 43 36 in
1421 1210 272 49 Shakespeare
1710 1211 34 38 is
1762 1224 24 24 a
1803 1212 104 48 huge
1926 1211 158 49 deposit
2101 1213 41 36 of
2158 1213 70 36 the

425 1271 221 38 Commedia
672 1272 194 37 dell'Arte.
893 1273 11 16 1

525 1337 92 34 You
639 1335 88 36 who
751 1334 70 37 fail
844 1338 44 33 to
911 1334 249 37 understand
1182 1335 90 36 how
1294 1337 21 34 I
1338 1347 76 24 can
1437 1335 117 36 make
1576 1339 81 33 two
1680 1337 97 36 such
1813 1336 239 48 apparently
2074 1340 134 33 contra-

424 1396 157 47 dictory
598 1400 240 34 statements
858 1396 125 37 about
1000 1397 71 37 the
1089 1396 326 48 Shakespearean
1433 1397 120 46 Plays
1571 1397 134 37 would
1721 1398 71 36 fail
1809 1402 44 33 to
1870 1397 250 38 understand
2136 1399 93 36 that

425 1470 24 24 a
466 1458 180 47 paradox
663 1471 137 25 covers
816 1458 70 37 the
903 1458 126 37 whole
1045 1459 126 37 truth.
1226 1460 39 35 If
1281 1471 82 34 you
1379 1463 148 33 cannot
1543 1459 248 38 understand
1817 1460 93 37 that
1927 1460 303 47 Shakespeare's

426 1520 118 46 Plays
569 1533 65 24 are
656 1521 215 36 unactable
894 1521 80 36 and
997 1524 69 42 yet
1089 1533 66 24 are
1177 1521 70 36 the
1269 1521 90 37 best
1381 1521 99 37 stuff
1501 1533 53 24 on
1576 1522 131 37 which
1727 1526 46 33 to
1795 1522 157 38 rebuild
1973 1523 70 36 the
2065 1521 166 49 English

424 1581 171 39 Theatre
626 1583 41 37 of
699 1594 97 37 1921
830 1604 41 5 —
901 1583 100 37 then
1030 1595 83 34 you
1142 1587 149 33 cannot
1321 1584 248 36 understand
1600 1596 24 24 a
1655 1584 192 48 paradox.

529 1645 148 37 Bother
702 1657 102 34 your
826 1645 105 36 head
953 1657 53 24 no
1030 1645 135 48 longer
1188 1646 126 37 about
1339 1646 227 37 Paradoxes
1588 1668 41 4 —
1649 1646 50 37 be
1722 1646 76 38 less
1821 1647 130 37 clever
1973 1646 62 37 till
2062 1658 81 35 you
2167 1658 66 25 are

426 1706 171 38 cleverer
619 1729 40 4 —
680 1707 153 37 remain
847 1707 42 37 in
905 1707 71 37 the
993 1707 101 37 dark
1109 1708 136 36 rather
1259 1708 103 36 than
1378 1720 104 36 open
1499 1720 91 34 eyes
1607 1709 130 36 which
1753 1713 148 32 cannot
1914 1709 120 36 stand
2046 1709 69 36 the
2126 1709 106 47 glare

424 1769 42 36 of
489 1769 93 37 that
605 1769 116 37 torch
743 1771 131 35 which
898 1782 100 25 even
1021 1769 130 37 Truth
1174 1770 143 36 herself
1340 1770 115 37 holds
1480 1771 129 37 above
1632 1771 70 36 her
1726 1783 90 25 own
1839 1771 115 37 head.
2008 1770 127 38 There
2168 1783 65 24 are

428 1831 143 47 plenty
590 1832 41 36 of
650 1831 129 38 hands
799 1831 164 48 waiting
980 1836 44 33 to
1043 1832 96 37 take
1158 1844 120 34 yours
1298 1832 80 37 and
1397 1832 92 48 help
1508 1845 82 34 you
1609 1833 117 48 along
1744 1833 43 37 in
1805 1834 70 36 the
1895 1834 102 36 dark
2028 1855 40 4 —
2098 1832 32 37 if
2150 1845 83 34 yon

426 1893 124 37 won't
570 1893 103 45 talk,
697 1905 133 36 argue,
853 1893 80 37 and
953 1898 177 44 attempt
1149 1898 44 33 to
1213 1906 141 26 reason
1374 1895 115 37 when
1510 1896 174 47 crossing
1703 1907 53 25 on
1777 1908 23 24 a
1820 1907 155 25 narrow
1994 1895 125 48 plank
2138 1907 96 26 over

425 1967 53 25 an
499 1956 118 45 abyss
638 1966 139 37 30,000
800 1956 81 37 feet
903 1956 99 48 deep
1034 1978 41 4 —
1106 1956 80 37 and
1205 1957 93 36 that
1317 1957 35 37 is
1371 1958 109 36 what
1501 1957 67 37 life
1590 1961 188 34 amounts
1797 1962 56 34 to.

524 2017 132 38 Truth
675 2019 34 36 is
729 2022 72 33 not
823 2018 217 45 one-sided,
1063 2023 73 32 not
1155 2019 124 44 three,
1302 2023 73 32 not
1396 2031 80 34 any
1496 2019 170 38 number
1686 2020 41 36 of
1748 2020 115 37 sides.
1918 2022 41 35 It
1985 2020 35 37 is
2041 2031 43 25 as
2107 2018 128 38 round

424 2091 44 25 as
493 2079 34 38 it
553 2080 33 38 is
612 2092 143 36 square
774 2092 7 26 :
811 2092 43 26 as
880 2081 98 37 fluid
1005 2092 44 26 as
1075 2081 106 37 fixed
1200 2093 6 25 :
1237 2093 42 25 as
1305 2085 138 44 strong
1469 2093 43 26 as
1539 2082 34 37 it
1597 2082 35 37 is
1658 2083 113 36 weak
1788 2093 7 26 :
1825 2094 43 25 as
1894 2083 73 36 hot
1985 2093 43 26 as
2054 2082 100 37 cold.

527 2144 41 35 It
588 2142 34 38 is
643 2147 73 33 not
739 2144 157 47 enough
916 2143 62 37 for
998 2154 49 26 us
1066 2147 46 33 to
1132 2155 73 34 say
1225 2144 94 36 that
1339 2144 116 36 while
1487 2144 84 36 half
1592 2145 70 36 the
1683 2145 115 36 earth
1818 2144 33 37 is
1874 2144 136 37 awake
2030 2144 71 37 the
2122 2144 114 36 other

424 2204 84 37 half
525 2205 35 37 is
579 2205 143 47 asleep,
736 2205 62 37 for
809 2206 93 36 that
920 2205 34 37 is
971 2210 73 32 not
1061 2210 44 33 at
1122 2206 52 36 all
1192 2210 101 33 true.
1325 2205 85 38 The
1428 2206 137 45 world,
1585 2207 132 36 thank
1731 2208 183 42 Heaven,
1932 2206 34 38 is
1984 2206 51 37 all
2051 2207 70 36 the
2137 2207 98 36 time

424 2267 150 47 having
598 2279 43 25 as
665 2268 121 37 much
809 2268 170 47 evening
1003 2267 80 37 and
1107 2269 183 47 morning
1314 2280 45 26 as
1383 2269 81 45 day
1488 2269 79 37 and
1590 2269 128 47 night.
1771 2268 129 38 There
1921 2269 34 37 is
1979 2281 52 25 no
2054 2272 179 34 moment

424 2328 75 38 but
513 2329 42 37 in
569 2342 109 24 some
693 2330 112 47 place
819 2342 92 25 men
925 2342 67 25 are
1005 2330 140 48 falling
1158 2332 53 35 off
1226 2335 44 32 to
1284 2331 108 48 sleep
1407 2331 80 37 and
1501 2332 158 47 waking
1673 2343 67 37 up.
1793 2331 128 37 There
1934 2332 34 36 is
1990 2344 52 24 no
2058 2334 178 33 moment

424 2391 75 36 but
518 2391 40 36 in
577 2403 110 26 some
706 2393 112 47 place
837 2405 24 24 a
878 2393 79 36 bell
975 2393 34 37 is
1028 2393 125 36 heard
1171 2393 169 47 striking
1357 2394 71 36 the
1446 2394 102 36 hour
1586 2394 41 37 of
1666 2405 133 26 seven.
1852 2393 212 38 Therefore
2082 2394 62 36 for
2161 2394 73 35 Mr.

424 2453 175 37 William
617 2453 150 38 Archer
786 2459 44 33 to
851 2459 137 40 assert,
1011 2467 44 25 as
1075 2455 50 37 he
1144 2456 133 37 strolls
1296 2468 96 25 over
1425 2459 44 33 to
1489 2457 70 36 the
1578 2457 158 36 theatre
1755 2468 110 25 some
1884 2455 179 48 evening,
2084 2456 92 36 that
2202 2455 33 37 it

423 2514 34 38 is
473 2527 122 26 seven
612 2516 153 37 o'clock
781 2517 132 36 would
931 2517 50 37 be
1006 2517 196 37 incorrect
1219 2518 42 36 of
1277 2520 73 35 Mr.
1369 2518 162 38 Archer.
1586 2521 41 35 It
1644 2518 33 38 is
1694 2519 150 46 merely
1859 2530 120 26 seven
2011 2518 153 36 o'clock
2191 2520 44 33 to

423 2577 95 38 him.
575 2580 41 35 It
631 2578 33 37 is
682 2579 108 47 eight
808 2579 153 37 o'clock
976 2583 43 32 to
1037 2579 141 48 Signor
1194 2580 145 37 Danilo
1358 2592 8 33 ;
1385 2581 75 37 but
1476 2580 142 48 Signor
1633 2580 147 37 Danilo
1796 2580 132 37 would
1945 2592 121 25 never
2077 2580 51 37 be
2143 2579 93 37 rash

424 2641 157 47 enough
598 2644 46 33 to
662 2652 124 26 swear
804 2645 45 33 to
867 2641 71 37 the
955 2642 113 43 hour,
1089 2642 63 36 for
1171 2643 103 36 after
1293 2643 52 36 all
1362 2643 35 37 it
1414 2643 33 37 is
1468 2654 111 35 10.30
1600 2643 42 36 in
1661 2644 70 36 the
1750 2643 184 47 morning
1962 2647 45 32 to
2027 2643 39 37 II
2083 2642 131 47 Profes-

424 2714 82 25 sore
540 2703 42 36 in
617 2702 82 38 San
733 2703 224 37 Francisco.

507 2883 13 17 1
542 2878 75 32 The
641 2880 194 31 Commedia
858 2880 168 37 dell'Arte,
1057 2888 39 23 or
1123 2880 237 33 Professional
1385 2881 166 40 Comedy,
1578 2890 74 23 was
1681 2881 63 32 the
1769 2880 190 38 sixteenth,
1987 2883 244 39 seventeenth,

423 2930 72 32 and
510 2930 215 42 eighteenth,
740 2931 188 32 centuries'
951 2931 81 32 idea
1054 2932 37 31 of
1112 2932 150 40 genuine
1276 2933 221 32 Theatricals
1511 2933 172 32 unmixed
1705 2933 89 33 with
1815 2934 63 31 the
1897 2933 155 41 literary,
2066 2934 63 32 the
2144 2935 73 42 phil-

422 2982 182 44 osophical
626 2984 71 31 and
719 2984 62 31 the
802 2984 268 42 metaphysical.
1095 2986 36 30 It
1151 2994 72 23 was
1244 2985 63 32 the
1328 2984 150 43 genuine
1500 2985 205 42 expression
1726 2986 37 31 of
1784 2986 62 31 the
1869 2988 108 30 actor.
