2710 4043
1079 232 561 102 BROOM

268 448 78 44 An
379 449 401 43 International
811 447 258 42 Magazine
1103 453 59 33 of
1193 452 98 33 the
1323 439 129 43 Arts
1484 442 283 43 Published
1801 449 66 31 by
1893 435 291 45 Americans
2218 447 53 29 in
2303 435 152 45 Italy

300 536 201 44 Editors,
520 536 183 39 Harold
721 534 48 37 A.
789 536 130 41 Loeb,
938 532 174 40 Alfred
1132 532 274 37 Kreymborc.
1424 550 41 5 —
1479 528 235 38 Associate
1733 524 178 45 Editor,
1931 524 213 39 Giuseppe
2166 524 255 38 Prezzolini

2184 689 68 25 Vol
2253 707 19 10 *-
2298 688 14 25 J
2315 709 7 11 >
2345 688 57 26 No>
2427 694 32 27 4-

269 703 212 30 FEBRUARY,
507 706 78 26 1922

2389 862 68 27 Page

269 945 236 40 Suburban
531 946 255 40 Landscape
818 963 41 4 —
891 943 44 35 P.
964 939 167 40 Server
2382 941 20 24 2
2408 929 48 48 &9

269 1006 356 42 Czecko-Slovak
652 1008 212 35 Painting
895 1025 41 3 —
968 1004 86 44 Jan
1081 1004 169 34 Zrzavy
2382 1002 71 37 290

268 1071 37 38 A
333 1072 160 36 Roman
519 1071 142 36 Night
693 1089 40 4 —
765 1069 118 37 Paul
908 1066 188 36 Morand
1142 1062 169 50 (Trans,
1341 1071 56 27 by
1432 1061 54 37 H.
1522 1059 48 37 A.
1590 1058 66 48 L.)
2382 1065 72 36 291

270 1132 122 42 Still
418 1136 105 38 Life
555 1153 41 5 —
628 1131 138 40 Carlo
796 1128 146 38 Carra
2382 1127 21 35 3
2406 1127 50 25 00

270 1199 108 36 New
404 1198 139 41 York,
571 1195 36 37 A
634 1193 240 39 Farewell
905 1212 40 4 —
976 1188 134 41 Emmy
1138 1189 225 38 Veronica
1390 1185 199 40 Sanders
2382 1190 21 35 3
2406 1189 49 25 01

272 1261 209 36 Princess
510 1259 226 37 Brambila
762 1257 225 36 Designed
1017 1263 57 26 by
1102 1253 253 44 Jakouloff
2382 1249 74 38 3°5

271 1322 36 38 A
333 1324 122 36 Note
482 1331 59 26 on
567 1328 84 30 the
677 1320 108 37 New
813 1319 191 35 Russian
1032 1317 175 36 Poetry
1239 1334 40 4 —
1309 1314 133 39 Louis
1476 1310 222 39 Sozowick
2384 1302 74 48 306

273 1385 281 41 «L'annonce
581 1390 124 30 faite
735 1390 28 26 a
786 1381 145 37 Marie
946 1392 16 21 »
989 1376 223 39 Costumes
1244 1396 42 4 —
1317 1374 47 38 G.
1393 1375 168 37 Vesnin
1601 1402 6 7 .
2384 1376 21 36 3
2412 1375 47 27 12

270 1449 37 37 A
333 1449 121 37 Note
482 1456 59 27 on
567 1453 84 31 the
677 1445 108 37 New
813 1444 191 35 Russian
1030 1439 204 39 Theatre
1267 1458 40 5 —
1337 1435 107 42 Elie
1472 1433 302 42 Ehrenbourg
2384 1437 75 36 3*4

272 1513 196 36 Proteus
500 1529 42 5 —
573 1509 118 37 Paul
718 1505 201 41 Claudel

270 1576 310 37 Heliographs
612 1591 40 4 —
685 1571 181 35 Bayard
896 1569 207 35 Boyeson
2385 1562 74 38 347

270 1639 179 42 Ishijma
480 1654 42 6 —
553 1635 118 37 Paul
697 1630 225 42 Eldridge
2383 1615 76 46 34$

269 1699 93 39 The
390 1700 221 36 Offering
637 1703 53 29 of
717 1696 137 38 Plebs
887 1713 41 4 —
960 1693 113 43 Jean
1100 1698 57 29 de
1187 1687 250 39 Bossch&re
2384 1686 73 38 35°

270 1765 99 35 You
395 1762 128 36 Have
549 1760 94 35 Not
669 1756 116 40 Seen
811 1764 110 28 that
948 1753 111 39 lAm
1086 1760 83 30 the
1199 1753 115 35 Poor
1340 1751 102 35 Man
1474 1770 40 4 —
1546 1750 114 43 Jean
1686 1755 58 30 de
1784 1746 249 37 Bosschere
2384 1749 73 38 352

272 1827 301 36 Institutrice
600 1819 197 41 Esthete
830 1839 40 4 —
902 1819 114 44 Jean
1042 1825 58 29 de
1129 1812 249 39 Bosschere
1404 1842 7 7 .
1450 1840 6 8 .
1501 1840 7 7 .
2384 1811 74 38 353

273 1887 94 38 Fox
392 1886 117 37 Trot
540 1905 41 5 —
613 1884 169 37 Osbert
808 1880 189 40 Sitwell
2385 1874 75 38 357

271 1947 383 42 Czecho-Slovack
691 1947 212 34 Painting
934 1962 43 6 —
1007 1943 162 44 Joseph
1197 1932 142 44 Capek
2385 1927 73 47 360

271 2010 382 42 Czecho-Slovack
691 2009 212 35 Painting
934 2026 41 4 —
1007 2006 162 44 Joseph
1197 1994 141 45 Capek
2384 1990 73 47 361

269 2075 93 39 The
392 2074 250 38 Cockerell
673 2091 43 6 —
745 2069 261 41 Allardyce
1034 2065 248 38 Cromartie
2385 2051 72 48 362

270 2141 254 36 Dedicated
552 2143 51 28 to
632 2142 83 30 the
743 2131 160 40 Enemy
936 2152 40 3 —
1009 2128 183 39 Gordon
1220 2126 132 37 Craig
2316 2145 6 7 •
2384 2114 74 48 3^3

272 2201 214 37 Comment
517 2218 41 5 —
589 2198 54 36 H.
672 2195 50 39 A.

369 2461 86 37 The
473 2459 164 41 Editors
656 2457 41 37 of
717 2459 149 34 Broom
883 2453 79 38 will
980 2453 50 37 be
1049 2449 160 51 pleased
1227 2453 44 34 to
1291 2448 181 38 consider
1491 2459 92 25 mss.
1603 2443 228 41 submitted
1849 2446 44 34 to
1912 2443 125 41 them,
2058 2441 77 37 but
2164 2441 51 36 all
2238 2450 93 26 mss.
2352 2441 109 34 must

269 2541 50 38 be
347 2536 283 51 accompanied
656 2536 57 46 by
740 2547 23 24 a
789 2530 316 45 self-addressed,
1150 2528 186 48 stamped
1373 2526 204 47 envelope.
1630 2523 87 38 The
1738 2521 166 40 Editors
1926 2523 148 34 cannot
2097 2518 101 37 hold
2221 2517 243 37 themselves

271 2616 243 52 responsible
543 2616 63 37 for
635 2615 79 37 loss
744 2613 41 37 of
816 2623 92 26 mss.
940 2611 43 37 in
1012 2608 159 38 transit.

371 2698 93 37 Mss.
478 2692 276 48 fromEurope
769 2689 143 40 should
929 2689 50 37 be
995 2691 89 35 sent
1095 2691 43 33 to
1150 2686 70 37 the
1234 2687 127 34 Rome
1378 2683 134 44 office;
1531 2692 92 26 mss.
1637 2680 106 37 from
1752 2677 186 40 America
1954 2680 44 33 to
2015 2676 70 36 the
2097 2677 101 35 New
2210 2674 115 36 York
2338 2672 127 38 office.

372 2775 85 38 The
483 2773 108 49 price
616 2771 42 37 of
687 2773 148 34 Broom
859 2769 34 37 is
912 2779 7 25 :

373 2855 80 36 For
474 2851 196 44 America,
696 2849 94 46 fifty
813 2851 111 34 cents
948 2846 70 37 the
1042 2856 114 37 copy,
1183 2843 81 37 and
1288 2842 78 37 five
1390 2840 146 37 dollars
1560 2838 61 36 for
1646 2849 24 24 a
1710 2848 94 35 year
1820 2846 17 26 s
1878 2832 283 49 subscription.
2222 2830 79 37 For
2342 2829 127 45 Italy,.

273 2945 46 26 10
334 2933 70 38 lire
416 2931 71 39 the
501 2942 115 36 copy,
632 2928 80 37 and
727 2938 71 26 100
813 2927 69 36 lire
896 2925 61 37 for
971 2937 24 24 a
1007 2923 129 47 year's
1159 2919 280 49 subscription.
1493 2917 79 37 For
1585 2915 164 44 France,
1764 2914 23 37 6
1802 2914 135 36 francs
1951 2912 70 37 the
2043 2923 115 36 copy,
2175 2909 80 37 and
2270 2908 48 37 60
2333 2908 132 37 francs

273 3013 61 37 for
357 3024 24 24 a
402 3010 131 47 year's
552 3005 279 50 subscription.
886 3003 78 38 For
986 3002 123 39 Great
1133 2999 167 44 Britain,
1329 2995 69 57 3/6
1420 2997 70 36 the
1513 3007 114 36 copy,
1653 2993 80 37 and
1754 3005 76 25 one
1852 2990 139 50 pound
2014 2990 80 37 and
2122 2989 141 37 fifteen
2288 2986 178 47 shillings

274 3091 61 38 for
361 3102 24 24 a
409 3087 131 49 year's
562 3084 281 49 subscription.

375 3167 86 39 The
481 3168 186 36 contents
687 3163 41 37 of
747 3161 82 38 this
848 3161 104 37 issue
973 3171 66 25 are
1059 3156 208 50 protected
1297 3156 56 46 by
1374 3152 222 51 copyright,
1620 3153 192 45 January,
1836 3160 111 39 1922.
1970 3147 302 48 Infringement
2295 3143 40 38 of
2356 3154 111 26 same

275 3247 80 39 will
379 3247 51 37 be
456 3242 249 52 prosecuted.

376 3523 363 43 Headquarters,
768 3516 63 45 18,
856 3513 186 38 Trinita
1068 3520 76 31 dei
1171 3511 155 43 Monti,
1358 3510 127 37 Rome
1519 3506 66 49 (6),
1616 3507 144 38 Italy.

377 3601 106 38 New
508 3600 127 36 York
659 3598 169 41 Office,
855 3592 149 39 Three
1031 3589 113 41 East
1169 3591 146 36 Ninth
1342 3587 174 40 Street.

377 3681 182 38 London
586 3678 168 41 Office,
784 3672 125 41 Cecil
937 3673 187 41 Palmer,
1165 3670 178 39 Oakley
1370 3668 163 41 House,
1564 3663 114 48 15-18
1706 3660 266 46 Bloomsbury
2000 3657 72 45 St.,
2102 3657 62 36 W.
2197 3653 40 39 C.
2270 3655 31 35 I.
