2710 4043
542 3191 71 46 346

588 635 41 35 It
648 632 34 38 is
700 632 42 36 in
762 632 156 37 heaven
937 644 101 32 now,
1061 644 69 34 my
1150 636 120 34 sweet
1291 633 104 37 little
1414 633 71 37 isle
1504 633 42 37 of
1565 635 149 42 Naxos,
1737 634 100 36 with
1857 635 51 35 all
1928 634 41 37 of
1988 635 53 37 its
2063 635 228 37 collections

487 695 80 36 and
593 695 54 36 its
673 694 62 38 six
760 694 170 37 tobacco
957 694 147 47 plants.

589 757 59 37 Go
675 757 113 36 there
814 760 45 32 to
885 756 95 36 look
1004 756 63 37 for
1092 756 33 36 it
1144 758 7 35 !

588 820 41 35 It
648 818 34 37 is
700 818 42 38 in
761 818 157 37 heaven
938 818 80 37 and
1037 830 132 26 waves
1188 818 42 37 of
1249 830 117 25 azure
1386 820 75 45 sky
1479 819 149 37 whiten
1649 819 157 48 against
1825 820 53 37 its
1898 820 111 37 reefs.

586 881 56 37 As
663 880 63 37 for
746 892 76 32 me,
845 880 94 37 here
960 882 21 36 I
1003 893 66 24 am
1090 880 126 45 alone,
1240 880 153 44 ruined,
1417 881 192 48 deprived
1630 882 41 37 of
1692 894 70 34 my
1781 883 229 47 spectacles.

586 945 41 35 It
648 942 34 38 is
703 942 99 37 well.
858 944 21 35 I
902 942 154 48 depart.
1101 945 21 34 I
1146 943 89 47 quit
1255 943 71 37 the
1348 943 167 38 surface.
1569 943 113 47 They
1703 943 102 38 shall
1828 948 73 33 not
1922 957 64 24 see
2009 957 62 24 me
2093 955 120 26 more.

585 1006 22 36 I
633 1004 159 48 plunge,
821 1016 105 25 nunc
953 1010 53 31 est
1033 1004 229 38 bibendum!

586 1069 21 34 I
636 1067 101 36 shall
763 1067 119 36 make
909 1079 70 33 my
1005 1070 149 34 retreat
1179 1067 44 37 in
1248 1068 70 36 the
1350 1071 114 42 story
1496 1068 139 44 below,
1669 1068 43 37 in
1745 1081 24 24 a
1803 1081 109 24 more
1944 1069 179 48 tranquil
2155 1068 136 44 world,

483 1130 22 36 I
522 1129 102 37 shall
641 1129 79 37 live
736 1128 42 37 in
798 1141 23 24 a
839 1129 184 47 splendid
1040 1130 150 47 palace,
1211 1129 52 37 all
1280 1130 117 36 made
1415 1130 41 37 of
1473 1130 169 37 bubbles
1659 1130 41 36 of
1719 1131 69 43 air,
1807 1131 41 35 in
1865 1131 71 36 the
1954 1131 123 37 midst
2094 1131 41 37 of
2152 1131 138 44 corals,

484 1202 180 37 sponges,
696 1192 80 35 and
802 1203 300 25 sea-anemones
1120 1192 7 36 !

588 1254 205 45 Goodbye,
823 1254 215 43 Menelaus,
1065 1253 78 37 fair
1169 1254 149 44 breeze,
1351 1253 104 48 good
1485 1266 154 35 voyage
1670 1258 43 33 to
1744 1267 93 33 you,
1870 1254 233 48 navigator!

585 1317 42 35 It
643 1315 33 37 is
693 1315 62 36 for
771 1315 82 37 this
870 1315 50 36 he
936 1316 73 36 has
1024 1316 125 36 taken
1164 1315 108 46 Troy
1291 1317 5 35 !

586 1376 58 38 To
672 1376 231 38 disembark
929 1390 52 23 on
1007 1378 71 36 the
1103 1378 203 40 Laconian
1333 1378 116 36 shore
1475 1378 82 37 this
1578 1379 246 36 snub-nosed
1846 1383 108 43 goat,
1978 1379 82 37 this
2080 1378 73 38 full
2176 1390 117 35 cargo

485 1439 40 36 of
552 1439 151 37 horned
730 1439 137 37 beasts
885 1440 7 36 !

585 1501 177 37 Where's
781 1501 71 37 the
872 1501 104 47 good
995 1514 113 25 sense
1126 1502 42 36 in
1188 1501 52 37 all
1258 1501 83 39 this
1359 1502 14 38 ?
1430 1505 21 34 I
1470 1507 75 43 put
1564 1502 33 37 it
1616 1507 43 32 to
1679 1515 93 33 you.
1828 1503 177 38 Where's
2023 1503 70 37 the
2112 1503 144 47 justice
2274 1503 14 37 ?

483 1564 177 37 Where's
678 1564 71 36 the
768 1563 105 48 good
894 1564 115 37 order
1028 1564 80 37 and
1127 1564 70 37 the
1217 1564 103 47 good
1339 1568 295 44 temperament
1651 1566 15 36 ?

584 1625 92 37 And
699 1630 43 32 to
767 1625 122 37 think
911 1627 92 36 that
1026 1627 82 36 this
1132 1626 79 37 will
1235 1627 148 46 always
1406 1627 50 37 be
1480 1639 43 24 so
1548 1639 43 25 as
1614 1628 94 46 long
1732 1640 43 24 as
1798 1628 70 36 the
1891 1628 124 36 world
2037 1628 33 37 is
2094 1627 199 48 governed

482 1688 56 46 by
564 1692 115 44 poets
698 1689 6 36 !
758 1688 79 44 Ah,
866 1688 68 38 it's
962 1693 71 32 not
1063 1689 139 46 nearly
1230 1689 129 37 ended
1388 1693 81 42 yet.

584 1751 123 37 What
736 1750 241 37 misfortune
995 1752 7 36 !
1057 1751 123 37 What
1207 1751 238 37 misfortune
1464 1752 6 37 !

638 1813 75 45 (He
739 1813 135 45 dives).

1200 1880 171 31 Curtain
1391 1888 79 24 and
1490 1880 96 35 Bnd.

1570 2055 116 38 Paul,
1724 2053 197 40 Claudel,

1192 2120 217 38 (Translated
1429 2120 85 39 from
1537 2121 49 29 the
1611 2121 129 30 French
1768 2121 40 39 by
1833 2121 93 40 John
1952 2121 121 39 Strong
2091 2120 204 39 Newberry).
