2799 4173
677 1183 506 63 PEINTURES
1259 1173 634 75 DÉCORATIVES

1264 1356 47 22 DU

470 1486 371 77 FOYER
932 1491 158 72 DU
1181 1491 455 74 NOUVEL
1722 1476 378 89 OPÉRA

1946 1957 12 10 /

849 1971 252 44 UJOURD'HUI
1124 1985 111 28 nous
1263 1985 112 28 nous
1409 1983 190 29 sommes
1625 1971 189 50 trouvés,
1846 1975 23 36 à
1899 1969 161 42 l'Ecole
2089 1971 72 40 des

851 2049 290 48 Beaux-Arts,
1166 2060 52 28 en
1237 2048 200 55 présence
1458 2046 134 40 d'une
1613 2044 106 41 série
1740 2045 50 39 de
1812 2044 223 54 peintures
2056 2057 79 27 con-

848 2135 101 40 çues
978 2135 79 41 par
1087 2121 38 40 le
1159 2122 142 40 même
1335 2120 172 53 artiste,
1537 2119 220 40 exécutées
1786 2131 74 41 par
1886 2117 63 40 lui
1978 2117 114 53 seul,
2121 2126 40 32 et

850 2196 107 40 dont
984 2194 302 42 l'élaboration
1310 2195 70 40 n'a
1401 2208 74 40 pas
1497 2192 126 42 coûté
1647 2191 141 41 moins
1808 2190 51 41 de
1883 2190 109 42 neuf
2007 2204 57 28 ou
2087 2189 74 44 dix

851 2270 157 40 années
1027 2269 51 40 de
1098 2270 322 54 persévérance.

907 2342 36 42 Il
964 2356 30 40 y
1016 2356 23 27 a
1058 2342 111 42 neuf
1188 2356 95 38 ans,
1307 2355 52 28 en
1381 2340 115 55 effet,
1526 2354 61 28 un
1609 2340 256 41 événement
1893 2338 97 42 vint
2011 2338 148 56 préoc-

400 2432 135 42 cuper
555 2418 40 41 le
616 2418 163 41 monde
797 2417 73 40 des
892 2417 189 54 peintres
1103 2417 252 52 modernes;
1374 2415 30 40 il
1427 2413 210 56 s'agissait
1658 2413 51 42 de
1730 2413 265 55 représenter
2011 2411 127 54 digne-

400 2500 122 34 ment
543 2492 115 42 l'Art
679 2490 189 58 français
891 2490 109 41 dans
1016 2504 61 27 un
1100 2490 87 41 lieu
1203 2490 96 55 qui,
1317 2489 52 41 de
1390 2502 44 28 sa
1456 2497 172 43 nature,
1642 2486 145 42 devait
1808 2493 153 33 mettre
1982 2486 179 40 l'œuvre

398 2580 101 29 sans
531 2579 116 29 cesse
680 2579 55 27 en
765 2564 199 53 lumière,
1002 2564 38 42 le
1075 2563 120 55 foyer
1230 2563 60 41 du
1320 2561 162 42 nouvel
1510 2561 158 54 Opéra.
1702 2559 123 42 Cette
1857 2558 121 41 tâche
2011 2558 150 40 venait

399 2641 135 43 d'être
558 2639 164 44 confiée
745 2643 24 37 à
790 2652 62 28 un
879 2638 130 55 jeune
1030 2638 186 55 peintre,
1239 2636 92 55 déjà
1362 2648 184 43 presque
1572 2634 164 41 célèbre
1756 2646 76 41 par
1853 2631 49 41 de
1931 2631 228 41 brillantes

398 2728 241 45 promesses
666 2722 41 34 et
727 2726 77 44 par
831 2712 214 56 quelques
1076 2711 125 42 toiles
1223 2709 212 49 estimées,
1461 2708 63 41 M.
1551 2706 110 43 Paul
1692 2705 191 56 Baudry.
1980 2704 79 55 Or,
2083 2704 49 40 de-

398 2791 101 55 puis
519 2803 46 29 ce
588 2797 159 48 temps,
771 2801 45 28 ce
843 2786 126 57 jeune
990 2786 197 49 homme,
1211 2798 56 29 au
1292 2798 49 27 su
1364 2783 52 41 de
1442 2789 100 35 tous
1568 2781 59 41 les
1655 2780 186 50 artistes,
1867 2778 97 40 s'est
1985 2776 172 42 confiné

396 2865 109 42 dans
525 2863 267 43 l'exécution
810 2860 51 43 de
882 2874 45 29 ce
948 2868 120 35 vaste
1086 2866 276 48 ouvrage,et,
1384 2871 86 27 aux
1491 2855 160 56 dépens
1672 2854 52 41 de
1748 2853 98 41 bien
1868 2853 71 39 des
1961 2851 190 49 intérêts,

396 2939 100 42 s'est
524 2940 115 42 voué
667 2940 24 41 à
724 2937 42 43 la
797 2935 218 57 gestation
1042 2933 219 45 exclusive
1292 2932 52 43 de
1376 2932 181 41 l'œuvre
1586 2928 109 57 qu'il
1727 2940 111 30 nous
1872 2933 171 34 montre
2077 2937 52 28 au-

392 3013 241 58 jourd'hui.

449 3089 126 44 Cette
595 3102 151 30 œuvre
775 3085 240 57 comprend
1048 3081 276 47 trente-trois
1352 3078 329 58 compositions,
1711 3074 221 44 exécutées
1959 3085 99 29 avec
2091 3083 59 28 un

397 3164 243 43 sentiment
665 3164 27 41 d
696 3163 141 42 'unité
856 3161 77 56 qui
955 3174 54 29 en
1030 3167 63 34 est
1119 3158 40 42 le
1183 3157 209 41 caractère
1413 3152 228 58 principal.
1667 3151 61 42 La
1758 3149 210 51 dernière,
1999 3147 37 40 le
2062 3145 69 54 pla-

399 3238 106 43 fond
527 3239 143 42 même
691 3238 59 42 du
773 3237 135 55 foyer,
934 3236 111 41 n'est
1067 3247 74 42 pas
1162 3244 155 30 encore
1338 3228 210 43 terminée
1569 3229 23 38 à
1613 3232 108 35 cette
1742 3224 149 40 heure.

453 3316 106 39 Aux
581 3313 117 41 deux
719 3310 246 43 extrémités
992 3309 50 41 de
1068 3307 40 42 la
1131 3305 211 58 première
1518 3301 112 40 deux
1651 3298 139 48 toiles,
1816 3297 49 39 de
1886 3292 269 43 dimensions

400 3387 384 56 exceptionnelles,
816 3385 295 55 représentent
1143 3381 118 41 l'une
1294 3379 40 41 le
1366 3378 227 40 Parnasse
1629 3380 40 35 et
1702 3372 153 40 l'autre
1884 3370 63 40 les
1981 3369 172 39 Poètes.

401 3462 137 41 Entre
564 3475 68 27 ces
659 3460 115 42 deux
801 3458 203 41 tableaux
1035 3464 98 34 sont
1157 3453 200 56 exposées
1385 3450 71 42 dix
1485 3457 144 34 autres
1651 3446 218 56 peintures
1895 3451 39 34 et
1962 3441 72 41 dix
2067 3441 60 39 mé-

398 3537 202 40 daillons.
