2799 4173
879 521 0 0 198

1253 468 76 42 LA
1362 467 385 53 CHRONIQUE
1782 468 318 43 MUSICALE

854 613 80 41 Les
955 614 219 55 quolibets
1201 618 250 40 accumulés
1472 621 23 37 à
1519 618 39 41 la
1580 618 62 42 fin
1665 620 51 40 de
1744 625 108 35 cette
1877 618 122 41 lettre
2021 618 231 54 déguisent
2279 618 88 40 mal
2389 617 38 41 le
2450 630 73 42 pro-

796 687 104 41 fond
919 687 118 56 dépit
1062 689 51 41 de
1136 703 78 28 son
1237 699 179 43 auteur;
1440 691 114 42 voici
1578 706 45 27 ce
1645 693 76 54 qui
1744 692 147 41 venait
1911 692 52 41 de
1993 705 43 27 se
2060 705 143 41 passer
2229 705 9 27 :
2273 693 198 39 Rameau
2497 705 53 27 ne

807 770 198 46 pouvant
1034 762 90 42 rien
1147 765 104 41 tirer
1272 766 59 40 du
1358 765 176 44 libretto
1561 767 50 40 de
1633 768 188 40 Samson
1853 774 40 33 et
1914 766 187 41 voulant
2122 764 120 42 enfin
2276 780 43 26 se
2342 765 207 55 produire

799 850 75 27 sur
894 837 40 40 la
955 840 125 38 scène
1110 838 186 56 lyrique,
1319 840 116 40 avait
1455 842 168 53 accepté
1644 841 52 41 de
1716 841 141 41 Pabbé
1883 840 230 54 Pellegrin,
2138 840 84 40 mis
2241 853 52 27 en
2327 839 219 54 musique,

799 908 77 41 fait
912 908 118 42 enfin
1060 911 191 41 recevoir
1280 919 41 33 et
1345 912 121 53 jouer
1498 926 101 28 avec
1629 917 144 37 succès
1803 914 160 55 l'opéra
1989 913 301 54 tfHippolyte
2322 919 41 34 et
2394 912 158 42 Aricie

801 982 34 53 (i
847 988 27 16 cr
893 984 172 39 octobre
1089 984 145 54 1733).
1258 987 40 38 A
1321 999 60 26 un
1400 985 110 41 mois
1531 987 51 40 de
1602 987 206 54 distance,
1832 988 38 40 le
1891 987 208 42 souvenir
2119 987 51 40 de
2189 1001 46 26 ce
2250 985 173 42 déboire
2441 999 113 42 pour

804 1054 193 44 Voltaire
1018 1056 136 42 datait
1173 1060 22 39 à
1216 1057 127 56 peine
1366 1058 151 42 d'hier.
1560 1060 36 40 Il
1618 1060 192 51 écrivait,
1834 1062 72 40 dès
1927 1062 38 42 le
1993 1076 57 43 27
2071 1061 244 58 septembre
2335 1094 9 20 ,
2376 1065 23 36 à
2422 1060 104 43 Gide-

796 1128 101 41 ville
922 1143 8 27 :

847 1258 17 15 «
893 1242 75 36 Les
1001 1242 160 48 paroles
1197 1251 92 29 sont
1326 1244 49 37 de
1411 1245 131 37 l'abbé
1578 1246 218 49 Pellegrin,
1834 1256 38 28 et
1905 1247 139 49 dignes
2077 1249 48 36 de
2162 1249 129 37 l'abbé
2318 1249 230 49 Pellegrin.

800 1290 54 36 La
876 1291 187 48 musique
1086 1300 59 28 est
1165 1292 88 37 d'un
1273 1293 159 37 nommé
1446 1295 183 37 Rameau
1635 1324 8 19 ,
1663 1295 167 37 homme
1850 1296 69 48 qui
1939 1309 22 24 a
1982 1298 36 35 le
2038 1297 187 37 malheur
2242 1298 48 36 de
2312 1298 133 38 savoir
2461 1297 93 49 plus

797 1340 47 36 de
864 1340 187 48 musique
1073 1353 79 36 que
1169 1342 120 36 Lulli.
1310 1343 106 36 C'est
1434 1355 55 24 un
1507 1344 148 48 pédant
1671 1356 50 25 en
1740 1345 207 49 musique;
1968 1345 25 37 il
2016 1354 60 29 est
2097 1354 116 30 exact
2234 1354 38 29 et
2293 1358 258 38 ennuyeux.»

865 1446 122 41 Voilà
1002 1448 52 39 de
1075 1447 40 41 la
1138 1448 186 54 critique
1347 1449 209 42 musicale
1581 1450 98 41 bien
1699 1451 244 42 sommaire.
1970 1452 69 41 Ah
2062 1457 9 39 !
2102 1453 61 42 M.
2190 1453 51 40 de
2262 1452 209 51 Voltaire,
2504 1475 46 6 —

804 1521 154 39 eût-on
994 1534 59 41 pu
1088 1521 63 41 lui
1184 1521 107 50 dire,
1328 1547 52 5 -—
1409 1536 108 28 vous
1549 1525 85 41 êtes
1662 1524 189 55 orfèvre,
1888 1543 18 20 «
1930 1526 265 43 c'est-à-dire
2229 1540 62 28 un
2323 1525 231 43 librettiste

804 1594 299 42 malheureux.
1124 1612 18 20 »

862 1666 137 51 Donc,
1034 1668 191 41 Voltaire
1247 1671 161 41 n'avait
1425 1685 73 41 pas
1518 1686 112 41 pour
1652 1674 168 54 unique
1842 1674 236 52 intention,
2100 1688 52 28 en
2175 1675 158 41 offrant
2365 1676 188 40 Samson

805 1744 22 36 à
853 1740 217 54 Rameau,
1105 1743 51 40 de
1192 1742 182 43 faciliter
1395 1745 174 42 l'entrée
1603 1747 58 40 du
1693 1748 216 41 musicien
1943 1753 24 36 à
1991 1748 191 56 l'Opéra.
2209 1750 56 40 Et
2298 1750 102 53 quel
2438 1749 118 55 dépit

806 1813 107 41 dans
948 1828 65 27 ces
1041 1823 137 33 mots:
1206 1832 17 22 «
1262 1831 58 26 un
1358 1820 175 39 nommé
1564 1820 214 54 Rameau,
1805 1837 18 23 »
1851 1821 227 42 succédant
2106 1823 32 40 si
2176 1823 319 54 brusquement
2532 1826 23 36 à

809 1903 21 21 «
858 1896 122 34 notre
1019 1889 171 55 Orphée
1208 1895 8 38 !
1246 1906 17 23 »
1292 1891 156 50 Quelle
1475 1893 289 43 dissonnance
1799 1909 88 28 non
1927 1897 201 55 préparée
2152 1904 41 34 et
2223 1910 154 29 encore
2411 1896 145 42 moins

800 1962 167 41 résolue
986 1966 63 38 !...

1211 2005 12 13 •

859 2036 280 55 Cependant,
1164 2039 158 42 faisant
1356 2050 149 33 contre
1533 2044 172 41 fortune
1729 2044 85 42 bon
1838 2058 137 38 cœur,
2002 2046 192 42 Voltaire
2224 2046 106 42 écrit
2351 2060 155 28 encore
2531 2051 23 39 à

799 2110 157 55 Berger
981 2112 105 54 (mai
1119 2115 129 53 1734)
1274 2128 7 27 :

847 2234 14 21 «
885 2222 128 47 Vous,
1037 2223 222 48 monsieur,
1282 2225 69 47 qui
1380 2227 83 36 êtes
1496 2227 37 37 le
1564 2232 79 33 très
1672 2231 120 48 digne
1826 2232 214 37 secrétaire
2072 2234 94 37 d'un
2197 2234 138 49 prince
2363 2235 70 47 qui
2460 2243 97 29 veut

797 2270 94 35 bien
914 2271 83 36 être
1018 2274 22 33 à
1062 2271 36 37 la
1119 2273 78 36 tête
1216 2273 48 37 de
1286 2286 76 25 nos
1384 2276 160 47 plaisirs
1570 2279 12 47 (
1594 2279 134 37 Victor
1744 2281 178 37 Amédée
1942 2282 48 36 de
2010 2283 156 47 Savoie,
2187 2284 144 49 prince
2358 2284 48 37 de
2429 2284 103 37 Cari-

795 2330 122 39 gnan,
943 2319 202 37 directeur
1177 2321 48 37 de
1254 2323 12 35 l
1283 2323 160 50 Opéra),
1465 2324 237 49 faites-moi,
1726 2327 37 51 je
1781 2342 100 24 vous
1905 2331 98 47 prie,
2035 2331 166 38 l'amitié
2223 2333 49 36 de
2300 2345 64 25 me
2387 2335 169 35 mander

795 2369 136 45 quand
952 2368 26 35 il
999 2368 139 38 faudra
1154 2370 58 36 lui
1233 2384 176 36 envoyer
1427 2375 58 35 les
1507 2376 158 46 paroles
1688 2377 48 36 de
1754 2379 181 36 Samson.
1955 2380 44 36 Je
2022 2381 78 36 n'ai
2121 2380 71 38 fait
2213 2390 63 28 cet
2291 2394 176 37 ouvrage
2484 2395 72 36 par

795 2428 134 25 aucun
962 2425 113 29 autre
1119 2419 122 37 motif
1268 2432 79 36 que
1380 2434 71 35 par
1489 2424 105 36 celui
1623 2425 49 36 de
1712 2428 237 37 contribuer
1983 2429 47 36 de
2064 2429 82 37 fort
2182 2431 85 36 loin
2300 2434 22 33 à
2356 2432 38 35 la
2425 2432 129 47 gloire

795 2465 49 35 de
879 2466 55 35 M.
961 2467 179 37 Rameau
1162 2477 38 27 et
1222 2469 47 36 de
1291 2471 125 36 servir
1444 2475 20 32 à
1486 2483 61 26 ses
1577 2474 160 49 talents,
1762 2488 159 25 comme
1944 2478 104 36 celui
2069 2479 70 47 qui
2157 2479 156 38 fournit
2335 2480 37 36 la
2396 2481 97 37 toile
2516 2489 39 28 et

795 2514 37 35 le
854 2514 181 37 chevalet
1062 2516 214 38 contribue
1298 2531 19 23 a
1345 2519 38 37 la
1402 2519 126 49 gloire
1557 2523 54 35 du
1638 2524 170 48 peintre.
1832 2526 106 37 Mais
1968 2528 179 48 quoique
2175 2529 34 47 je
2232 2541 51 25 ne
2312 2529 94 48 joue
2427 2531 126 47 qu'un

796 2563 85 36 rôle
910 2562 80 37 fort
1023 2565 232 38 subalterne
1286 2569 99 36 dans
1416 2577 105 29 cette
1554 2572 151 48 affaire,
1736 2575 225 48 cependant
1980 2577 37 47 je
2043 2577 193 39 voudrais
2271 2578 92 37 bien
2399 2579 157 38 n'avoir

794 2623 158 25 aucune
974 2613 197 39 difficulté
1192 2618 22 34 à
1231 2628 164 38 essuyer
1418 2626 38 29 et
1482 2621 173 46 pouvoir
1683 2631 183 40 compter
1893 2627 372 46 personnellement
2297 2639 69 25 sur
2392 2627 37 37 la
2457 2641 73 36 pro-

795 2660 153 37 tection
966 2662 48 37 de
1042 2664 57 38 M.
1121 2665 34 35 le
1177 2664 138 48 prince
1334 2667 48 36 de
1402 2668 220 49 Carignan,
1644 2671 80 37 soit
1745 2685 105 36 pour
1863 2673 37 38 la
1921 2676 179 37 manière
2119 2676 101 37 dont
2242 2685 62 30 cet
2326 2678 120 45 opéra
2467 2689 87 26 sera

795 2718 179 38 execute,
994 2720 78 29 soit
1093 2725 104 36 pour
1215 2714 198 39 l'examen
1435 2717 70 37 des
1525 2719 173 47 paroles.
1724 2738 17 16 »

851 2834 221 55 Toujours
1105 2838 40 40 la
1175 2839 140 41 même
1355 2841 307 56 allégation!...
1693 2846 35 41 Il
1759 2861 23 27 a
1804 2849 135 41 voulu
1963 2849 172 41 fournir
2159 2864 61 27 un
2258 2851 129 41 livret
2413 2855 24 37 à
2463 2852 60 41 Ra-

797 2922 127 28 meau
941 2922 10 40 ;
972 2911 109 40 mais
1104 2925 46 27 ce
1165 2912 77 54 qui
1268 2914 223 56 l'inquiète
1514 2919 39 40 le
1575 2919 111 54 plus,
1705 2923 98 39 c'est
1822 2922 50 40 de
1893 2923 144 40 savoir
2057 2924 33 39 si
2114 2925 37 40 le
2170 2925 151 54 public
2341 2926 211 41 entendra

795 2997 65 27 ses
883 2985 128 41 rimes
1033 3000 101 28 sous
1169 3003 87 26 une
1279 2991 207 55 musique
1509 2994 287 56 quelconque.
1820 2996 100 42 Une
1939 2998 207 41 anecdote
2175 2999 51 40 de
2248 3001 202 53 parolier,
2474 3003 80 53 qui

794 3071 113 28 nous
929 3060 166 42 revient
1124 3067 23 36 à
1170 3064 40 39 la
1233 3065 223 51 mémoire,
1493 3068 210 54 complète
1742 3071 62 52 (ce
1838 3085 111 26 nous
1971 3073 180 52 semble)
2185 3073 40 41 la
2256 3076 155 52 pensée
2434 3084 120 34 toute

795 3135 270 51 personnelle
1086 3136 50 40 de
1160 3137 192 42 Voltaire
1380 3152 7 28 :
1413 3153 60 27 un
1498 3140 108 54 jour,
1632 3142 142 42 c'était
1810 3144 107 40 dans
1946 3159 44 27 sa
2013 3146 226 52 vieillesse,
2262 3149 190 42 l'auteur
2481 3151 73 40 des

1223 3198 11 9 /

794 3207 385 57 Deux-Gendres,
1206 3211 203 56 Etienne,
1432 3214 189 43 assistait
1643 3221 22 36 à
1689 3231 60 27 un
1773 3227 174 33 concert
1975 3224 56 36 où
2055 3220 87 43 l'on
2164 3224 216 42 exécutait
2403 3239 60 26 un
2490 3226 65 40 air

794 3280 50 40 de
865 3281 198 42 Joconde
1075 3315 9 21 ,
1121 3297 60 28 un
1206 3285 50 41 de
1277 3299 62 28 ses
1360 3287 147 41 livrets
1529 3288 82 42 mis
1632 3304 53 26 en
1716 3292 205 54 musique
1943 3307 76 41 par
2055 3295 172 56 Nicolo,
2264 3311 57 26 011
2349 3297 81 42 sait
2453 3312 101 27 avec

796 3354 100 52 quel
929 3359 160 38 succès.
1121 3358 34 40 L
1173 3358 63 40 air
1276 3374 17 26 s
1312 3361 158 42 achève
1504 3377 55 27 au
1593 3364 152 42 milieu
1781 3366 73 40 des
1893 3368 447 55 applaudissements;
2368 3363 184 51 Étienne

799 3430 235 49 îayonnait
1066 3430 254 46 démotion.
1362 3451 18 23 «
1406 3436 69 40 Ah
1498 3437 9 41 !
1549 3437 128 55 (dit-il
1698 3442 23 38 à
1754 3454 58 27 un
1834 3441 52 42 de
1907 3456 64 27 ses
1994 3444 186 55 voisins)
2201 3479 9 19 ,
2247 3459 57 28 on
2342 3447 123 40 vient
2503 3448 51 40 de

797 3499 177 42 chanter
995 3502 49 40 de
1068 3516 88 28 mes
1178 3507 179 53 paroles.
1382 3525 22 22 »
