2799 4173
716 453 85 42 226

1176 450 79 42 LA
1286 448 392 51 CHRONIQUE
1711 447 320 43 MUSICALE

710 617 56 27 au
790 603 152 41 milieu
966 603 60 41 du
1044 617 106 41 pays
1167 603 51 41 de
1233 602 320 53 Cornouailles,
1571 614 102 29 avec
1693 614 78 28 son
1794 602 163 52 bagage
1979 597 365 57 mythologique?
2362 597 127 48 Non,

710 678 90 42 cela
822 680 77 39 eût
920 678 193 54 manqué
1134 678 51 40 de
1205 691 162 42 gazons
1387 677 233 56 découpés,
1642 675 99 42 d'ifs
1766 674 141 42 taillés
1938 687 55 28 en
2021 673 160 53 brosse,
2214 671 54 42 de
2289 671 202 43 cascades

711 753 208 41 écumant
951 751 366 43 artificiellement
1347 766 102 28 sous
1475 752 60 41 les
1566 746 182 47 Tritons
1779 756 42 35 et
1846 749 61 41 les
1936 747 235 56 Neptunes
2200 746 180 42 barbus.
2412 744 75 43 On

715 830 76 40 eût
811 828 168 54 envoyé
1004 827 60 41 Le
1087 828 138 41 Notre
1247 841 54 27 en
1322 835 133 34 avant
1477 840 112 42 pour
1607 825 194 43 civiliser
1821 824 39 40 le
1882 822 180 44 terrain.

769 905 72 39 Au
863 909 381 35 commencement
1264 901 52 42 de
1339 915 47 28 ce
1407 900 141 55 siècle,
1566 900 41 41 la
1623 913 241 43 pompeuse
1885 895 301 59 personnalité
2206 896 52 42 de
2274 894 192 44 Chateau-

714 976 159 43 briand
894 978 176 55 pénétra
1091 976 109 41 dans
1222 976 61 41 les
1303 975 173 55 sphères
1505 974 236 47 officielles,
1767 987 173 29 comme
1962 987 63 27 un
2046 971 121 43 reflet
2195 971 74 41 des
2302 969 189 42 fidélités

715 1052 249 40 bretonnes.
993 1051 61 40 Le
1077 1050 123 54 passé
1231 1062 87 41 que
1341 1047 221 43 défendait
1597 1047 360 43 Chateaubriand
1980 1046 118 43 avait
2127 1052 214 49 pourtant
2362 1044 129 41 coûté

711 1125 101 41 cher
833 1138 58 27 au
913 1123 102 42 coin
1036 1122 52 42 de
1110 1131 113 33 terre
1243 1127 58 37 où
1330 1122 32 41 il
1391 1121 105 43 était
1517 1123 76 41 né!
1616 1121 237 55 Jusqu'ici,
1875 1121 43 41 la
1938 1122 216 54 Bretagne
2176 1133 56 29 ne
2254 1133 44 29 se
2317 1118 175 43 dessine

712 1199 126 55 point
856 1211 170 28 comme
1048 1197 189 42 élément
1258 1197 60 41 du
1340 1197 127 41 beau.
1487 1195 261 42 Cendrillon
1766 1209 43 28 se
1826 1195 112 42 tient
1957 1195 113 43 coite
2089 1197 94 54 près
2204 1195 53 41 de
2277 1195 15 42 l
2296 1194 10 20 7
2308 1196 108 51 âtre,
2434 1206 57 29 en

717 1272 84 43 tête
822 1277 25 37 à
875 1274 85 41 tête
980 1286 104 28 avec
1111 1272 40 41 le
1179 1271 161 55 grillon
1370 1270 292 56 domestique,
1689 1270 140 50 triste,
1860 1270 154 52 douce,
2042 1270 211 54 résignée,
2282 1268 209 56 jusqu'au

713 1347 99 55 jour
833 1351 61 39 où
915 1347 42 41 la
978 1346 203 43 fantaisie
1200 1346 75 42 des
1296 1345 174 43 artistes
1492 1353 41 35 et
1552 1345 74 41 des
1644 1347 145 54 poètes
1811 1345 42 41 la
1873 1344 232 42 chaussera
2127 1343 54 42 de
2202 1344 41 41 la
2263 1341 228 57 pantoufle

717 1423 53 41 de
791 1435 139 29 verre.

767 1496 125 44 C'est
916 1510 95 28 vers
1040 1496 127 54 iB3o,
1193 1508 112 44 pour
1324 1508 45 29 se
1389 1494 239 44 continuer
1658 1493 176 57 jusqu'à
1856 1506 78 30 nos
1950 1493 133 55 jours,
2123 1506 86 43 que
2228 1493 44 43 la
2300 1491 168 43 circula-

712 1571 95 43 tion
826 1571 308 43 intellectuelle
1156 1570 182 43 s'ouvrit
1358 1578 121 34 entre
1507 1569 41 42 la
1571 1570 219 54 Bretagne
1810 1576 42 35 et
1872 1569 38 41 le
1936 1576 125 35 tronc
2083 1567 190 56 gaulois,
2298 1581 103 28 avec
2423 1567 44 42 le-

714 1647 103 55 quel
838 1646 80 41 elle
947 1645 204 42 semblait
1167 1645 123 54 jouer
1314 1648 25 38 à
1359 1644 41 42 la
1424 1644 190 42 branche
1637 1651 156 35 morte.
1808 1646 41 38 A
1866 1653 163 33 travers
2050 1643 62 41 les
2133 1645 119 39 âcres
2272 1650 42 33 et
2340 1642 152 42 lourds

710 1720 196 55 parfums
920 1720 61 40 du
999 1719 332 42 dix-neuvième
1348 1719 144 54 siècle,
1515 1732 89 28 une
1623 1718 160 42 fraîche
1798 1718 136 41 odeur
1945 1718 54 41 de
2011 1718 128 55 genêt
2156 1717 125 42 bénit
2303 1731 46 27 se
2367 1715 124 56 fraya

713 1807 193 42 passage,
929 1794 233 55 précédant
1188 1794 42 41 la
1251 1794 179 41 marche
1466 1792 134 43 d'une
1621 1794 212 54 poétique
1869 1792 220 52 nouvelle,
2126 1792 109 41 d'un
2267 1794 222 39 caractère

717 1868 160 42 intime
899 1875 42 35 et
962 1869 250 55 pénétrant.
1245 1867 188 43 Comme
1466 1881 59 29 on
1560 1867 94 42 voit
1675 1880 68 28 ces
1766 1867 81 41 îles
1864 1867 225 42 flottantes
2111 1865 76 57 qui
2211 1865 280 52 descendent,

717 1948 141 35 toutes
875 1941 192 52 fleuries,
1091 1955 58 28 au
1171 1940 47 43 fil
1238 1940 53 43 de
1312 1941 113 42 l'eau
1443 1941 74 41 des
1533 1943 264 52 Amazones,
1821 1954 58 27 on
1898 1939 67 42 vit
1982 1940 43 41 la
2039 1939 148 42 vieille
2218 1940 276 54 Armorique

732 2030 174 41 rompre
938 2030 102 28 avec
1061 2029 64 28 ses
1148 2014 153 44 assises
1327 2014 52 43 de
1410 2014 149 56 granit
1579 2023 42 34 et
1643 2014 308 56 entreprendre
1983 2028 80 28 son
2085 2021 104 35 tour
2225 2013 52 41 de
2301 2013 183 41 France.

777 2090 200 56 Pensive,
1004 2090 81 42 elle
1110 2090 97 43 vint
1226 2089 197 43 s'asseoir
1444 2103 57 29 au
1536 2090 158 43 chevet
1717 2091 61 41 du
1809 2090 124 55 poète
1953 2097 43 34 et
2028 2089 60 42 du
2122 2088 265 51 romancier,
2411 2086 80 43 elle

724 2164 99 42 vint
844 2165 251 41 s'accouder
1118 2179 57 27 au
1197 2164 197 42 chevalet
1414 2164 59 42 du
1496 2164 184 56 peintre.

776 2239 90 42 Son
906 2240 153 41 ombre
1098 2253 43 28 se
1172 2238 181 57 projette
1385 2253 74 27 sur
1481 2239 41 42 la
1553 2238 292 56 philosophie.
1873 2237 288 54 Lamennais,
2201 2251 80 28 son
2322 2237 171 56 enfant,

718 2315 226 55 s'échappe
967 2315 73 41 des
1063 2314 228 42 méandres
1306 2315 59 40 du
1396 2313 274 56 mysticisme
1691 2312 253 55 catholique
1967 2322 40 32 et
2027 2326 141 41 gagne
2189 2312 62 42 les
2273 2312 220 42 clairières

717 2390 108 41 delà
845 2389 108 41 libre
968 2390 171 55 pensée.
1158 2388 150 42 Moins
1327 2388 126 42 hardi
1476 2402 86 42 que
1579 2387 80 57 lui,
1686 2387 200 42 Maurice
1907 2387 53 41 de
1980 2386 173 43 Guérin
2176 2387 243 54 n'emporte
2442 2388 52 41 de

715 2479 80 26 son
823 2464 142 55 séjour
986 2467 24 38 à
1033 2464 43 42 la
1098 2463 231 56 Chesnaye
1358 2477 88 42 que
1468 2463 77 43 des
1571 2475 233 43 croyances
1843 2462 219 55 confuses,
2096 2462 223 56 partagées
2352 2475 79 42 par
2449 2476 45 27 sa

715 2554 118 27 sœur
857 2539 216 55 Eugénie.

771 2614 205 50 Brizeux,
1000 2615 40 40 le
1062 2614 119 41 doux
1208 2615 141 54 poète,
1371 2613 173 54 chante,
1567 2613 110 42 dans
1696 2626 64 28 ses
1783 2626 93 28 vers
1894 2619 98 36 tout
2016 2612 258 43 embaumés
2300 2613 75 41 des
2396 2625 73 29 sen-

717 2696 118 34 teurs
856 2689 52 41 de
927 2689 43 40 la
991 2688 143 48 lande,
1158 2688 40 41 le
1221 2689 89 40 bon
1330 2688 105 41 curé
1460 2687 267 53 d'Arzanno,
1752 2688 40 41 le
1813 2687 96 42 bois
1929 2687 52 41 de
1998 2686 269 55 Ker-Malô,
2291 2686 40 42 le
2359 2700 99 28 mou-

715 2763 64 42 lin
815 2763 60 41 du
905 2763 123 55 Teir,
1052 2763 40 41 le
1113 2762 184 56 limpide
1317 2769 188 35 courant
1529 2762 60 42 du
1618 2761 141 43 Scorff
1781 2776 9 28 :
1811 2762 101 55 puis
1938 2762 39 41 le
2007 2761 115 42 voici
2156 2760 79 56 qui
2268 2768 127 35 conte
2427 2774 65 27 ses

712 2837 293 56 printanières
1040 2850 181 29 amours
1256 2837 108 42 dans
1402 2850 82 28 son
1518 2836 152 42 tendre
1701 2837 155 54 poème
1884 2836 53 41 de
1973 2836 151 41 Marie
2130 2869 10 21 ,
2176 2834 120 56 plein
2326 2835 166 41 d'ébats

713 2914 108 40 dans
842 2913 59 41 les
925 2913 207 55 bruyères
1148 2920 42 34 et
1211 2912 52 41 de
1284 2913 291 40 rendez-vous
1597 2916 58 38 où
1670 2912 89 41 Ton
1781 2924 54 29 ne
1853 2924 43 29 se
1918 2911 65 41 dit
1997 2910 112 55 rien,
2126 2913 97 53 près
2247 2910 72 42 des
2341 2919 147 47 ponts,

712 3001 102 28 sous
834 2987 60 41 les
917 2986 240 55 bouleaux,
1176 2985 187 42 derrière
1383 2986 59 41 les
1463 2987 181 54 pierres,
1668 2994 193 47 partout.
1890 2985 120 42 Dans
2030 2999 44 27 sa
2098 2985 203 54 rustique
2322 2985 164 54 épopée

710 3062 74 41 des
828 3063 198 40 Bretons
1026 3095 14 19 5
1068 3060 31 42 il
1130 3061 161 41 rimera
1327 3061 59 41 les
1421 3060 219 43 émotions
1676 3060 52 41 de
1769 3060 41 41 la
1842 3058 169 55 veillée,
2049 3059 60 41 les
2147 3057 182 43 hasards
2366 3058 52 40 de
2450 3058 41 42 la

713 3137 161 42 récolte
898 3169 10 19 ,
944 3135 60 41 les
1043 3142 183 35 travaux
1256 3135 286 54 d'automne,
1579 3135 63 40 les
1677 3133 158 42 fileries
1877 3133 74 41 des
1986 3132 174 42 fileuses
2202 3140 44 34 et
2292 3131 60 42 les
2390 3131 102 55 jeux

711 3211 75 41 des
826 3211 205 42 lutteurs.
1072 3210 60 41 Le
1171 3210 209 42 souvenir
1414 3211 53 40 de
1517 3223 78 28 son
1637 3222 106 42 pays
1792 3208 40 41 le
1869 3206 230 57 poursuit,
2147 3207 244 55 énergique
2448 3215 43 33 et

712 3288 165 53 vivace,
932 3293 25 37 à
994 3295 165 35 travers
1198 3286 61 42 les
1292 3284 144 43 bruits
1475 3284 61 41 du
1564 3283 140 55 grand
1753 3281 124 42 Paris
1894 3297 11 38 ;
1947 3281 33 43 il
2014 3295 44 29 se
2108 3281 112 43 mêle
2253 3281 212 56 impérieu-

711 3371 170 33 sement
918 3377 88 27 aux
1044 3360 283 58 impressions
1342 3359 53 42 de
1417 3372 79 29 son
1534 3370 167 43 voyage
1722 3356 188 43 d'ltalie.
1945 3356 79 43 Un
2067 3365 125 34 autre
2215 3357 184 49 Breton,
2428 3356 61 42 La

711 3436 308 55 Morvonnais,
1042 3445 222 41 trouvera,
1287 3435 66 42 lui
1376 3433 135 54 aussi,
1529 3433 72 41 des
1621 3439 171 35 accents
1814 3432 127 41 émus
1967 3437 23 37 à
2006 3432 41 41 la
2073 3431 114 42 suite
2206 3431 52 41 de
2282 3429 204 44 Brizeux.

767 3509 202 55 Ceux-ci,
990 3525 172 27 comme
1177 3511 124 41 Jules
1322 3509 134 42 Janin
1478 3516 42 35 et
1543 3505 393 55 Pitre-Chevalier,
1953 3506 195 43 écriront
2166 3504 212 44 l'histoire
2397 3503 91 57 pit-
