2799 4173
583 448 358 43 PEINTURES
976 452 84 40 DU
1098 453 202 41 FOYER
1339 455 85 41 DU
1459 456 260 43 NOUVEL
1752 452 207 50 OPÉRA

2057 474 84 42 217

385 596 152 41 valeur
564 595 73 42 des
669 608 187 43 groupes
891 605 98 33 sont
1010 598 51 41 de
1092 599 186 54 premier
1312 600 139 41 ordre.
1488 602 126 41 Toile
1644 608 57 36 où
1734 605 40 41 la
1811 607 193 41 maîtrise
2042 609 104 43 d'un

387 672 108 40 beau
517 670 137 42 talent
671 684 44 26 se
738 673 226 39 reconnaît
984 671 74 41 dès
1079 672 38 40 le
1132 673 187 53 premier
1339 686 112 42 coup
1475 674 134 41 d'œii.

442 744 134 43 Entre
597 758 69 27 ces
699 744 116 41 deux
847 745 219 52 tableaux,
1101 745 41 41 la
1174 745 160 54 galerie
1368 747 72 40 des
1475 748 155 41 Muses
1663 749 104 41 offre
1802 764 61 28 un
1892 762 145 46 aspect
2074 756 74 41 des

386 820 101 55 plus
508 818 249 43 séduisants
779 827 40 33 et
841 818 73 42 des
948 818 98 56 plus
1080 819 219 55 gracieux.
1338 820 168 42 Toutes
1541 829 101 34 sont
1672 822 74 41 des
1774 823 166 56 visages
1976 828 169 54 exquis,

385 893 143 55 parmi
551 892 191 55 lesquels
762 893 59 40 les
842 894 106 41 têtes
976 893 217 42 d'Uranie
1225 903 41 33 et
1298 895 52 41 de
1379 895 286 55 Terpsichore
1700 910 111 28 nous
1847 907 77 33 ont
1959 913 105 41 paru
2098 902 50 41 de

386 975 153 33 nature
557 971 23 37 à
604 966 116 42 ravir
739 966 102 56 plus
863 967 309 56 spécialement
1192 968 39 41 le
1252 969 170 54 regard.
1461 969 82 42 Les
1577 978 234 46 costumes,
1847 971 131 42 d'une
2007 987 111 43 oppo-

385 1041 134 41 sition
543 1042 51 40 de
612 1041 183 41 couleur
819 1041 117 42 riche
958 1050 40 35 et
1017 1043 206 41 nouvelle
1228 1076 10 21 ,
1261 1052 99 34 sont
1380 1044 154 55 drapés
1556 1058 102 28 avec
1680 1058 87 29 une
1795 1046 134 42 haute
1962 1047 162 43 distinc-

384 1115 96 42 tion
503 1123 41 34 et
566 1129 62 28 un
651 1124 66 35 art
738 1115 173 57 parfait.
939 1117 60 41 Le
1019 1117 200 42 lambeau
1243 1119 51 40 de
1317 1132 188 43 pourpre
1527 1121 116 40 noué
1663 1127 162 35 autour
1851 1121 59 41 du
1950 1121 118 43 front
2099 1124 51 41 de

384 1190 174 53 Thalie_,
581 1197 42 35 et
644 1191 80 55 qui
747 1191 192 56 rappelle
960 1191 38 42 le
1018 1193 95 40 côté
1136 1192 233 42 bohémien
1390 1194 52 40 de
1473 1206 64 28 ses
1571 1193 170 42 enfants
1774 1194 197 55 préférés,
2096 1197 52 42 de

383 1279 111 28 ceux
517 1267 78 53 qui
617 1274 108 34 vont
746 1279 78 42 par
844 1267 60 40 les
925 1276 143 31 routes
1089 1281 75 27 sur
1185 1265 38 42 le
1243 1267 169 41 chariot
1444 1267 51 41 de
1525 1267 201 56 Thespis,
1846 1277 63 33 est
1948 1283 62 28 un
2050 1271 98 43 effet

387 1340 207 41 moderne
609 1340 73 41 des
705 1340 99 56 plus
826 1340 339 42 heureusement
1186 1342 176 40 rendus.
1390 1342 81 40 Les
1491 1342 264 50 carnations,
1781 1356 112 41 pour
1913 1344 132 41 n'être
2074 1359 73 40 pas

387 1413 193 50 célestes,
602 1415 35 40 si
657 1413 89 42 l'on
767 1422 119 44 veut,
918 1423 101 32 sont
1040 1414 204 42 toutefois
1266 1414 101 41 bien
1392 1414 200 42 éclairées
1613 1423 42 34 et
1675 1416 268 41 sévèrement
1962 1417 181 55 peintes.

442 1488 130 42 Voilà
593 1488 216 42 l'Œuvre.

445 1561 191 53 Faut-il,
677 1561 296 53 maintenant,
1002 1561 216 56 exprimer
1245 1561 41 43 le
1319 1563 238 43 sentiment
1570 1568 245 48 personnel
1847 1565 156 56 qu'elle
2037 1580 111 28 nous

387 1636 194 56 inspire?
605 1636 174 41 Faut-il
800 1650 44 27 se
859 1636 192 41 déclarer
1069 1650 56 27 au
1147 1636 126 55 point
1294 1636 52 41 de
1366 1650 85 28 vue
1472 1637 52 41 de
1545 1637 113 43 l'Art
1679 1639 197 56 suprême
1896 1640 74 41 des
1990 1641 158 54 grands

385 1709 191 57 peintres
597 1710 161 55 passés,
786 1710 192 54 présents
1000 1717 42 33 et
1061 1712 23 38 à
1115 1710 147 40 venir?
1292 1710 192 54 Faut-il,
1506 1724 54 28 en
1582 1724 62 28 un
1666 1720 108 46 mot,
1792 1726 137 28 cesser
1949 1713 51 42 de
2026 1713 121 56 juger

385 1799 55 28 en
462 1784 180 42 homme
662 1784 60 41 du
738 1784 161 41 monde
920 1792 43 33 et
985 1792 164 34 statuer
1164 1798 76 27 sur
1261 1797 68 28 ces
1352 1784 139 53 toiles,
1513 1785 132 42 d'une
1666 1786 127 53 façon
1813 1787 99 55 plus
1929 1787 148 52 haute,
2092 1802 53 27 en

387 1860 60 42 les
471 1858 209 42 éclairant
699 1858 60 41 du
784 1858 219 41 flambeau
1026 1871 86 42 que
1132 1865 122 35 toute
1273 1858 275 55 intelligence
1569 1859 133 55 éprise
1724 1860 52 42 de
1795 1860 200 54 lumière,
2023 1861 96 42 d'en-

388 1934 271 43 thousiasme
683 1942 39 33 et
744 1933 51 42 de
818 1933 170 51 beauté,
1014 1943 93 32 sent
1128 1933 241 56 resplendir
1389 1947 52 28 en
1463 1933 157 45 e11e?...
1717 1934 35 42 Il
1785 1944 62 32 est
1882 1935 174 42 difficile
2094 1937 52 41 de

386 2008 38 44 le
447 2008 121 45 faire.

444 2084 170 41 Toutes
628 2082 61 42 les
710 2082 97 54 fois,
830 2090 116 33 —et
967 2081 99 42 c'est
1100 2081 38 42 le
1159 2095 71 28 cas
1266 2081 159 51 actuel,
1551 2081 110 56 qu'il
1694 2082 140 54 s'agit,
1870 2085 120 53 après
2027 2084 121 41 avoir

386 2157 204 42 examiné
612 2170 103 29 avec
734 2157 271 48 conscience,
1028 2156 50 41 de
1101 2168 242 44 prononcer
1375 2170 62 27 un
1472 2155 167 42 verdict
1672 2156 50 41 de
1754 2156 191 56 quelque
1986 2156 133 55 impor-

388 2240 127 34 tance
539 2246 76 27 sur
634 2245 61 28 un
718 2245 208 41 ouvrage,
951 2231 37 41 1«
1011 2231 199 55 Critique
1230 2231 170 43 devrait
1428 2232 89 40 être
1550 2230 100 41 saisi
1684 2230 107 41 d'un
1830 2231 235 41 sentiment
2098 2232 51 40 de

387 2305 196 44 défiance
614 2306 105 56 (non
741 2307 51 40 de
814 2305 270 56 lui-même),
1109 2305 111 42 mais
1249 2305 101 42 bien
1379 2305 53 42 de
1466 2304 277 57 l'expression
1776 2304 108 55 qu'il
1917 2318 92 29 sera
2044 2318 78 28 con-

391 2381 137 41 traint
548 2381 270 55 d'employer
839 2394 113 42 pour
972 2380 211 41 formuler
1205 2393 78 28 son
1306 2379 239 55 jugement.

445 2455 68 41 En
536 2469 46 28 ce
600 2464 139 46 temps
760 2455 52 40 de
833 2468 195 28 nuances
1063 2453 280 56 spirituelles,
1379 2457 58 37 où
1473 2454 61 41 les
1571 2453 167 56 paroles
1774 2466 53 28 ne
1863 2452 288 55 parviennent

388 2542 87 42 que
497 2528 238 42 déformées
758 2542 78 41 par
857 2528 40 41 la
915 2526 207 42 diversité
1143 2525 290 57 d'acceptions
1448 2540 85 42 que
1548 2526 187 53 chacun,
1753 2525 176 42 suivant
1945 2539 75 27 son
2039 2533 83 33 tem-

391 2605 228 55 pérament
640 2601 205 51 cérébral,
867 2601 97 42 leur
984 2600 208 50 attribue,
1218 2600 31 42 il
1266 2609 63 33 est
1357 2600 172 41 devenu
1561 2599 255 57 impossible
1843 2603 24 37 à
1905 2612 61 28 un
2002 2598 146 41 artiste

387 2677 171 43 sérieux
578 2677 52 41 de
652 2676 89 42 dire
762 2684 97 34 tout
883 2675 206 43 uniment
1113 2688 11 30 :
1155 2692 12 20 «
1195 2674 103 43 Ceci
1319 2682 64 34 est
1406 2674 118 54 bien,
1547 2674 88 42 ceci
1658 2683 62 33 est
1741 2673 103 54 mal,
1865 2688 21 24 »
1911 2681 40 34 et
1964 2673 50 40 de
2032 2680 92 33 tran-

385 2753 119 54 cher,
528 2746 350 57 militairement,
901 2750 75 41 des
997 2748 229 56 questions
1246 2748 222 42 devenues
1489 2749 261 54 complexes.

446 2826 34 41 Il
504 2826 94 41 faut
615 2824 178 44 d'abord
816 2823 189 43 nettifier
1026 2837 47 28 ce
1094 2823 136 56 qu'on
1249 2824 162 41 entend
1437 2837 76 41 par
1533 2836 45 29 ce
1599 2822 97 42 bien
1719 2830 41 34 et
1779 2835 45 28 ce
1846 2822 91 40 mal
1943 2852 9 11 .
1987 2821 134 41 Autre-

388 2910 123 34 ment
529 2902 90 41 l'on
643 2901 207 56 s'expose,
876 2900 179 56 n'ayant
1077 2913 73 42 pas
1170 2909 105 31 tenu
1308 2906 172 48 compte
1512 2898 50 42 de
1602 2911 63 28 ses
1708 2897 243 53 auditeurs,
1993 2899 23 37 à
2060 2894 87 41 être

388 2976 189 56 compris
598 2976 159 55 parfois
779 2990 56 27 au
857 2976 179 41 rebours
1056 2974 52 42 de
1130 2989 44 26 sa
1197 2975 154 54 pensée
1374 2981 56 46 et,
1454 2974 40 40 le
1512 2972 100 57 plus
1644 2980 200 44 souvent,
1879 2970 51 41 de
1967 2977 176 33 travers.

391 3050 114 54 Bref,
542 3050 109 42 dans
687 3050 39 42 la
762 3050 134 42 Babel
929 3050 73 42 des
1037 3048 188 43 théories
1261 3047 263 56 esthétiques
1566 3046 250 51 modernes,
1875 3043 30 41 il
1960 3043 187 54 importe

389 3124 199 42 d'établir
609 3124 214 56 toujours,
847 3134 133 33 avant
1001 3138 61 27 un
1084 3123 221 57 prononcé
1326 3121 274 57 quelconque
1621 3133 74 28 sur
1717 3132 87 28 une
1839 3130 148 28 œuvre
2018 3116 126 52 d'art,

388 3212 46 28 ce
460 3212 87 42 que
567 3199 90 42 l'on
680 3200 162 41 entend
866 3200 235 41 soi-même
1120 3212 78 42 par
1218 3206 66 34 cet
1303 3199 82 39 Art
1403 3193 219 45 universel
1653 3205 55 28 au
1744 3203 104 29 nom
1885 3189 166 55 duquel
2088 3203 57 27 on

385 3286 236 42 prononce.
643 3273 157 50 Sinon,
820 3274 51 41 de
887 3273 101 56 quel
1003 3273 114 42 droit
1137 3270 284 58 pourrait-on
1437 3273 190 49 accepter
1645 3273 39 33 et
1703 3264 103 42 faire
1824 3264 270 40 reconnaître
2108 3262 38 40 le

385 3348 182 41 mandat
588 3351 84 38 très
694 3362 146 41 grave,
865 3362 53 28 en
936 3356 123 34 toute
1079 3347 319 46 circonstance,
1419 3342 52 41 de
1491 3341 122 55 juger
1629 3339 192 56 quelque
1842 3338 154 41 chose?

442 3421 122 42 Tout
583 3422 165 42 lecteur
768 3422 95 42 doit
896 3421 182 43 d'abord
1113 3420 205 42 réclamer
1350 3417 107 42 d'un
1491 3414 198 55 Critique
1722 3425 47 28 ce
1808 3424 86 42 que
1933 3410 213 42 l'électeur

384 3509 253 30 commence
659 3511 77 41 par
758 3497 209 42 réclamer
988 3496 50 41 de
1062 3509 77 28 son
1168 3493 160 56 député
1362 3507 11 28 :
1405 3488 160 55 savoir,
1601 3501 88 29 une
1724 3485 237 57 profession
1994 3483 51 42 de
2086 3482 58 43 foi
