2799 4173
691 481 82 40 232

1152 483 78 41 LA
1262 482 389 55 CHRONIQUE
1684 485 321 44 MUSICALE

747 630 231 56 L'analyse
1012 631 52 41 de
1100 631 40 43 la
1173 633 211 56 partition
1415 636 348 41 m'entraînerait
1797 643 99 49 trop
1930 635 108 54 loin,
2075 650 73 27 car
2180 637 80 41 elle
2288 645 64 35 est
2383 640 84 41 très

688 704 170 42 touffue
879 706 109 40 dans
1018 706 268 58 l'ensemble,
1310 718 39 33 et
1379 710 121 43 brille
1523 724 53 28 en
1599 711 142 41 même
1761 718 142 47 temps
1928 724 77 42 par
2025 710 39 41 le
2085 710 145 43 détail.
2264 711 64 42 De
2349 713 115 54 plus,

689 779 256 54 Meyerbeer
974 781 63 56 s'y
1067 790 63 33 est
1156 782 120 42 taillé
1309 784 73 41 des
1408 798 27 28 a
1452 792 139 48 parte
1623 785 78 56 qui
1739 793 101 35 sont
1873 785 51 41 de
1958 784 234 44 véritables
2229 799 236 30 morceaux

687 853 282 57 d'éloquence
1000 863 41 34 et
1072 870 76 27 sur
1178 858 187 55 lesquels
1396 859 31 42 il
1457 873 70 27 me
1562 860 191 41 faudrait
1787 859 318 58 m'appesantir
2137 860 291 55 longuement
2453 875 13 32 :

686 928 38 55 je
746 929 122 55 parle
886 931 52 40 de
958 930 272 42 Vouverture
1245 940 42 32 et
1308 932 51 41 de
1379 932 27 40 Y
1411 934 245 41 intermède
1667 935 216 54 pastoral
1905 935 60 41 du
1986 934 224 42 troisième
2230 943 109 36 acte.

744 1002 375 54 Ordinairement,
1145 1005 39 40 le
1221 1007 157 40 maître
1415 1021 54 27 ne
1508 1008 236 56 développe
1775 1023 76 41 pas
1890 1023 65 28 ses
1991 1018 260 33 ouvertures
2282 1025 10 27 :
2326 1010 75 54 ici,
2436 1012 31 40 il

686 1077 158 53 déroge
856 1081 22 36 à
907 1090 64 27 ses
986 1077 250 41 habitudes.
1257 1078 356 44 L'introduction
1634 1082 328 55 symphonique
1980 1085 165 53 coupée
2160 1098 78 41 par
2259 1084 40 41 le
2316 1084 152 42 chœur

687 1149 159 41 chanté
867 1149 188 43 derrière
1075 1151 39 40 le
1135 1150 151 43 rideau
1310 1162 65 33 est
1401 1167 88 28 une
1509 1168 111 41 page
1641 1157 187 53 superbe
1850 1170 55 27 en
1926 1156 137 42 forme
2085 1158 52 40 de
2158 1158 228 55 prologue,
2408 1164 59 36 où

686 1225 61 40 les
768 1224 174 42 violons
960 1233 42 34 et
1023 1226 61 41 les
1114 1229 155 55 petites
1303 1228 143 51 flûtes,
1468 1230 185 41 associés
1680 1230 107 42 dans
1813 1232 73 40 des
1907 1245 197 40 gammes
2135 1233 332 56 chromatiques

685 1298 326 57 dissonnantes,
1027 1301 214 43 simulent
1261 1315 103 28 avec
1383 1316 63 27 un
1465 1303 201 42 réalisme
1687 1312 100 34 tout
1807 1305 208 41 moderne
2028 1305 157 54 l'orage
2206 1306 79 54 qui
2300 1307 168 42 détruit

684 1372 43 43 la
748 1372 250 44 chaumière
1018 1375 53 41 de
1095 1376 217 42 Dinorah.
1336 1376 82 42 J'ai
1438 1391 88 27 une
1548 1378 125 41 envie
1695 1378 98 42 folle
1813 1379 52 40 de
1886 1392 112 29 vous
2020 1379 106 43 citer
2143 1388 97 33 tous
2261 1381 61 40 les
2344 1395 92 28 mor-

685 1461 135 29 ceaux
849 1449 63 42 du
945 1450 190 54 premier
1161 1459 90 33 acte
1278 1465 10 30 :
1318 1451 27 41 Y
1350 1452 307 42 introduction
1664 1486 10 22 ,
1697 1453 107 41 d'un
1836 1454 207 55 rhythme
2072 1456 35 38 si
2141 1454 138 55 franc,
2304 1463 42 33 et
2380 1470 87 40 que

686 1522 141 42 relève
850 1536 155 30 encore
1024 1524 41 42 là
1089 1525 104 55 jolie
1214 1526 222 41 villanelle
1456 1527 74 41 des
1550 1527 114 42 deux
1687 1528 257 53 chevrières,
1973 1529 89 41 Gui
2083 1531 73 40 lon
2189 1529 45 41 la
2249 1530 18 41 !
2287 1529 39 42 le
2345 1531 96 40 réci-

687 1598 121 53 tatif
820 1606 41 33 et
880 1597 27 43 r
912 1599 73 40 air
1008 1613 62 27 un
1092 1613 85 41 peu
1199 1601 200 54 précieux
1420 1602 53 40 de
1498 1602 200 42 Dinorah
1720 1606 96 52 près
1848 1604 51 40 de
1918 1618 45 26 sa
1986 1604 175 53 chèvre;
2185 1603 60 42 les
2265 1606 202 53 couplets

686 1672 227 55 comiques
950 1673 54 42 de
1034 1673 237 58 Corentin,
1309 1677 38 40 le
1378 1690 341 43 cornemuseux,
1750 1679 168 41 saturés
1947 1679 53 41 de
2032 1680 230 42 curiosités
2298 1681 144 43 instru-

686 1746 227 54 mentales,

1105 1804 109 38 Dieu
1233 1817 98 26 nous
1354 1806 129 38 donne
1503 1811 24 33 à
1547 1807 151 38 chacun
1721 1820 47 25 en
1783 1816 183 45 partage

1116 1873 89 38 Une
1224 1873 172 39 humeur
1414 1875 215 52 différente
1650 1876 146 39 ici-bas
1813 1893 14 31 ;
2420 1901 9 13 *

688 1959 38 41 le
747 1959 88 42 duo
860 1962 309 41 mouvementé
1190 1962 109 41 dans
1314 1963 143 55 lequel
1479 1964 213 41 Corentin
1709 1978 43 28 se
1775 1965 110 42 croit
1905 1980 87 27 aux
2011 1966 136 55 prises
2163 1981 100 28 avec
2285 1967 42 42 la
2347 1967 120 42 reine

685 2034 74 41 des
796 2035 220 54 Korigans
1035 2053 11 36 ;
1079 2035 37 42 le
1142 2037 177 42 fameux
1347 2039 74 40 air
1450 2039 181 53 d'Hoël,
1654 2054 63 27 un
1751 2040 72 41 des
1857 2039 99 56 plus
1990 2042 140 41 beaux
2162 2042 142 56 qu'ait
2343 2043 124 41 écrits

689 2108 254 55 Meyerbeer
974 2119 42 32 et
1042 2111 77 55 qui
1143 2111 141 41 soient
1310 2126 58 28 au
1394 2112 189 52 théâtre;
1616 2127 44 28 sa
1690 2114 278 56 magnifique
1992 2115 155 56 phrase
2170 2115 162 44 fondue
2358 2117 109 41 dans

686 2181 61 42 les
769 2183 168 42 moules
958 2183 187 43 d'airain
1166 2187 52 40 de
1237 2187 180 49 Weber,

1128 2277 47 37 Si
1196 2284 40 30 tu
1256 2278 106 37 crois
1383 2279 136 38 revoir
1540 2286 65 30 ton
1622 2282 102 49 père
1745 2279 219 52 expirant;

686 2367 41 34 et
749 2360 121 41 enfin
886 2361 38 40 le
953 2361 89 41 trio
1074 2361 107 42 final
1205 2363 108 42 dont
1331 2364 315 54 l'agencement
1665 2367 125 41 vocal
1815 2368 162 41 semble
2004 2369 153 55 tripler
2187 2369 39 42 la
2255 2371 209 52 sonorité,

686 2444 99 33 tout
815 2449 55 28 en
890 2436 224 43 dessinant
1135 2437 370 45 admirablement
1526 2441 40 41 le
1585 2445 213 38 caractère
1818 2442 53 41 de
1895 2443 231 43 Corentin.

743 2510 61 41 Ce
827 2511 191 55 premier
1042 2519 95 34 acte
1166 2526 28 27 n
1213 2520 63 34 est
1305 2528 77 40 pas
1407 2514 199 55 toujours
1630 2524 173 47 exempt
1832 2517 53 41 de
1907 2517 257 54 longueurs,
2186 2519 113 42 ainsi
2321 2534 87 41 que
2429 2522 38 42 le

686 2583 174 43 second.
894 2583 81 42 Les
1008 2583 199 56 frayeurs
1237 2587 52 40 de
1322 2587 215 43 Corentin
1563 2603 29 41 y
1616 2589 206 42 tiennent
1850 2593 219 53 peut-être
2098 2607 87 27 une
2218 2595 121 54 place
2370 2603 98 48 trop

685 2658 182 53 grande,
889 2658 204 43 d'autant
1113 2674 86 41 que
1228 2662 39 40 le
1291 2663 155 40 maître
1469 2662 59 41 les
1550 2677 23 27 a
1595 2665 149 41 notées
1765 2665 108 41 dans
1901 2679 63 28 un
1986 2667 112 55 style
2121 2667 346 45 uniformément

682 2734 193 53 syncopé
896 2733 78 55 qui
997 2733 100 42 frise
1119 2735 160 54 parfois
1299 2736 42 42 la
1363 2740 274 40 monotonie.

742 2808 62 40 Le
824 2808 158 40 second
1004 2816 92 33 acte
1125 2816 64 34 est
1220 2814 85 37 très
1341 2811 200 42 musical.
1590 2813 34 43 Il
1659 2815 215 41 renferme
1904 2816 264 42 néanmoins
2196 2818 115 41 deux
2346 2833 90 27 mor-

684 2896 136 28 ceaux
841 2882 79 55 qui
943 2896 71 28 me
1049 2884 216 42 semblent
1286 2885 260 43 au-dessous
1580 2888 61 41 du
1675 2888 162 42 niveau
1861 2890 117 41 élevé
1998 2895 59 37 où
2092 2905 44 26 se
2166 2892 240 42 maintient
2426 2895 39 40 le

683 2964 109 33 reste
812 2957 51 40 de
884 2956 40 41 la
945 2957 226 55 partition.
1194 2958 50 41 Je
1265 2959 178 55 désigne
1470 2961 54 40 ici
1547 2962 41 41 la
1610 2962 130 54 petite
1761 2963 198 42 chanson
1985 2964 54 41 de
2062 2966 216 41 contralto
2293 2966 171 56 ajoutée

681 3032 127 54 après
860 3045 114 41 coup
1008 3045 78 41 par
1121 3032 268 56 Meyerbeer,
1436 3035 76 55 qui
1546 3050 24 27 a
1615 3037 109 40 servi
1763 3037 155 42 l'autre
1955 3039 85 41 soir
2079 3053 86 27 aux
2203 3039 158 44 débuts
2409 3043 54 40 de

689 3105 320 43 mademoiselle
1030 3106 113 42 Lina
1166 3107 110 56 Bell,
1298 3116 42 33 et
1359 3108 41 42 la
1422 3123 205 28 romance
1650 3110 52 42 de
1725 3110 198 44 Dinorah
1950 3128 11 26 :

1150 3213 58 38 Le
1235 3213 126 38 vieux
1387 3215 156 38 sorcier
1564 3217 49 38 de
1636 3217 40 37 la
1704 3225 232 45 montagne,

683 3325 168 43 conçue
871 3312 110 42 dans
1002 3312 40 42 le
1060 3315 108 52 goût
1185 3314 251 57 archaïque.
1463 3316 117 42 Mais
1603 3317 39 41 le
1670 3317 154 43 chœur
1857 3319 73 42 des
1966 3320 250 43 bûcherons
2253 3337 58 27 au
2349 3324 116 42 lever

681 3386 60 40 du
763 3386 170 55 rideau,
957 3395 124 34 toute
1100 3387 41 42 la
1161 3391 131 40 scène
1312 3391 56 40 de
1391 3391 199 55 l'ombre,
1622 3391 42 43 la
1697 3394 121 41 valse
1824 3427 10 21 ,
1869 3403 42 33 et
1944 3394 40 42 le
1991 3395 151 55 finale
2180 3396 282 57 dramatique

682 3458 79 56 qui
781 3460 87 42 clôt
884 3460 143 56 l'acte,
1050 3471 99 33 sont
1170 3473 159 35 autant
1347 3465 50 41 de
1420 3479 235 30 morceaux
1678 3468 227 56 complets.

738 3532 155 50 Quant
914 3549 57 27 au
990 3536 223 43 troisième
1234 3547 109 43 acte,
1367 3540 103 42 c'est
1491 3542 112 42 celui
1626 3557 87 41 que
1729 3542 38 56 je
1785 3544 177 55 préfère.
1987 3545 51 41 Je
2058 3545 75 56 n'y
2153 3547 95 42 vois
2270 3561 75 40 pas
2369 3562 88 27 une
