3513 4371
1722 179 109 50 288

204 318 178 47 folgende
418 316 178 37 Künstler
636 327 208 35 gewonnen
886 315 103 36 sind:
1033 315 58 35 die
1133 317 147 34 Herren
1323 318 117 34 Otto
1484 318 120 35 Bach
1649 318 77 34 und

209 378 342 44 Freudenberg
591 375 53 35 als
688 375 306 46 Capellmeister;
1041 377 178 35 Fräulein
1262 377 349 46 Klingelhöfer
1652 388 74 23 von

209 438 168 45 Breslau,
412 445 96 28 erste
537 437 250 34 dramatische
815 438 205 46 Sängerin;
1067 438 179 36 Fräulein
1276 438 249 35 Brückner
1553 450 74 23 von
1657 438 48 34 Re-

209 499 199 46 gensburg,
430 497 397 45 Coloratursängerin;
857 496 179 35 Fräulein
1064 499 342 34 Franceschini
1428 498 215 46 (Schülerin
1665 498 64 34 des

210 559 100 35 Prof.
340 557 172 46 Mulder),
553 556 216 43 Soubrette;
813 556 176 35 Fräulein
1035 558 203 36 Gindele
1279 559 75 34 und
1384 560 179 35 Fräulein
1594 559 108 35 Gall-

211 629 174 34 meyer,
415 617 255 42 Altistinnen;
713 616 175 34 Fräulein
921 617 195 35 Lamara
1143 630 67 24 aus
1239 619 209 47 Hamburg,
1481 619 248 47 jugendliche

211 679 200 44 Sängerin;
442 678 58 33 die
521 678 145 33 Herren
696 677 155 34 Avoni
879 689 73 22 von
978 676 164 46 Olmütz,
1172 678 279 35 Waldmann
1482 691 74 24 von
1577 680 127 34 Schwe-

209 739 70 40 rin,
322 737 163 34 Brofft
527 748 74 23 von
632 737 235 48 Düsseldorf
912 738 143 46 Jäger
1095 751 74 23 von
1206 740 92 45 hier,
1341 740 244 43 Tenoristen;
1631 741 100 33 Herr

211 798 118 34 Rose
342 796 41 35 hl
395 809 54 22 au
477 808 73 23 von
581 796 167 44 Aachen,
779 798 177 42 Bariton;
997 799 98 34 Herr
1124 798 207 35 Tümmel
1373 810 72 23 von
1474 800 136 43 Posen,
1639 800 69 34 Bas-

211 859 86 41 sist;
327 859 96 33 Herr
446 857 185 35 Freund
659 869 73 23 von
762 857 99 44 Ulm,
891 859 237 34 Bass-Buffo.

316 977 457 42 Sclilaiijseiilmcl.
820 979 71 33 Am
923 977 58 35 11.
1009 979 149 45 August
1195 979 81 34 hier
1316 981 76 33 und
1436 981 36 33 in
1513 980 186 35 Schwal-

210 1038 117 36 bach
364 1048 57 22 am
454 1033 58 38 10.
555 1037 63 33 hat
646 1037 99 33 Herr
774 1038 57 32 W.
863 1037 246 47 Wülfingh
1123 1038 89 46 off,
1255 1040 144 33 Pianist
1441 1040 77 34 und
1562 1040 147 36 Clavier-

207 1097 125 35 lehrer
370 1097 38 33 in
439 1096 240 43 Wiesbaden,
722 1095 163 37 Concert
924 1099 171 45 gegeben
1136 1099 79 35 und
1257 1100 168 34 mehrere
1468 1099 141 36 Stücke
1654 1113 75 23 von

209 1157 233 36 classischen
487 1157 192 43 Meistern,
722 1158 70 33 wie
834 1158 37 35 J.
909 1158 36 35 S.
983 1158 115 44 Bach,
1141 1158 119 47 Field,
1302 1160 232 44 Beethoven,
1578 1160 152 44 Weber,

211 1218 162 45 Chopin,
415 1216 76 34 und
530 1215 210 46 glänzende
782 1217 447 47 Salon-Compositionen
1270 1230 72 24 von
1371 1220 173 47 Henselt,
1586 1221 145 35 Döhler

209 1291 37 22 u.
275 1290 27 22 s.
333 1289 43 22 w.
406 1277 68 34 mit
500 1288 167 34 grossem
696 1277 157 35 Beifalle
881 1278 173 46 gespielt.
1110 1280 232 33 Interessant
1382 1292 123 23 waren
1549 1281 59 35 die
1637 1282 71 34 Vor-

208 1342 107 43 träge
344 1338 64 34 der
435 1336 150 35 kleinen
616 1338 184 34 Amalie
830 1338 350 47 Wülfinghoff,
1213 1339 44 34 Kl
1277 1341 119 35 Jahre
1425 1341 63 44 alt,
1517 1353 74 23 von
1620 1343 89 34 Beet-

209 1398 157 35 hovens
394 1398 245 34 Variationen
668 1398 91 35 über
788 1398 76 36 Nel
890 1411 65 23 cor
975 1399 73 45 piu
1076 1412 77 23 non
1180 1400 52 35 mi
1257 1407 104 29 sento
1389 1403 78 34 und
1495 1404 103 33 eines
1627 1402 79 36 Wal-

210 1470 81 24 zers
319 1470 75 22 von
423 1458 158 46 Chopin,
604 1460 54 43 ja,
686 1470 110 35 sogar
825 1459 63 34 der
917 1458 143 37 Sonate
1083 1460 220 46 pathetique
1331 1473 75 24 von
1426 1462 238 36 Beethoven!

211 1522 79 33 Das
318 1520 218 44 Programm
565 1518 156 34 enthielt
748 1517 174 48 zugleich
952 1520 83 35 eine
1063 1522 119 46 artige
1210 1523 295 46 Interpretation
1533 1534 75 23 von
1632 1522 74 36 Cho-

207 1579 98 49 pin's
333 1579 187 36 Berceuse
546 1579 39 33 in
614 1578 79 35 drei
720 1578 199 48 Strophen.

309 1696 71 33 Die
409 1694 250 35 Grossfürstin
690 1693 185 36 Helene
916 1706 73 23 von
1019 1697 190 34 Russland
1238 1699 63 33 hat
1328 1710 67 23 aus
1425 1699 188 35 Karlsbad
1644 1701 84 35 dem

204 1757 234 34 Mozarteum
467 1755 38 33 in
535 1754 183 46 Salzburg
747 1756 59 33 ein
837 1755 242 37 werthvolles
1109 1759 202 34 Geschenk
1339 1760 186 45 gemacht.
1554 1762 50 33 Es
1634 1763 90 34 fand

204 1816 165 35 nämlich
398 1817 98 33 Herr
524 1816 240 33 Dessauer
793 1816 59 33 ein
882 1816 94 35 altes
1005 1817 205 36 Notenheft
1237 1825 109 29 unter
1375 1820 82 34 dem
1485 1822 219 46 geschriebe-

204 1889 71 23 nen
318 1876 119 34 Titel:
482 1874 74 46 „Ce
584 1875 93 35 livre
706 1874 194 47 apartient
926 1875 24 35 h
980 1876 127 37 Marie
1137 1879 113 36 Anne
1278 1881 152 35 Mozart
1654 1884 74 35 Die

206 1941 120 32 ersten
355 1938 129 45 Bogen
515 1936 192 36 enthalten
736 1938 317 45 Uebungsstücke
1081 1940 60 34 für
1170 1939 161 46 Ciavier,
1376 1943 245 44 geschrieben
1651 1956 75 23 von

205 1997 64 35 der
296 1997 112 35 Hand
438 1997 63 35 des
530 1998 132 34 Vaters
691 1997 191 35 Mozart's.
917 1999 93 33 Zum
1040 1999 177 36 Schlüsse
1247 2002 64 35 des
1340 2003 134 36 Heftes
1505 2005 220 35 erscheinen

203 2058 90 34 aber
321 2065 96 26 etwa
447 2054 149 38 10—12
623 2056 145 35 Blätter
805 2068 74 24 von
910 2058 64 35 der
1012 2060 158 45 eigenen
1199 2061 250 37 Handschrift
1477 2064 64 35 des
1571 2065 124 35 Wolf-

203 2129 121 35 gang
354 2117 237 35 Amadäus
620 2119 183 33 Mozart
830 2130 68 23 aus
926 2119 69 34 den
1025 2121 146 34 Jahren
1202 2120 98 39 1762
1328 2124 77 34 und
1435 2122 111 49 1763,
1577 2126 126 34 enthal-

201 2177 88 35 tend
319 2177 87 34 fünf
428 2177 98 34 noch
555 2177 105 34 nicht
688 2177 188 36 bekannte
906 2178 310 47 Compositionen
1260 2181 64 36 des
1352 2194 155 34 grossen
1538 2185 185 38 Meisters.

203 2238 73 34 Die
304 2238 251 34 Grossfürstin
599 2238 153 35 brachte
794 2239 64 34 das
888 2240 91 34 Heft
1022 2252 46 23 an
1110 2242 79 33 sich
1233 2242 76 35 und
1352 2244 148 35 machte
1530 2245 82 35 dem
1641 2247 55 33 Mo-

202 2305 167 27 zarteum
411 2298 59 34 ein
501 2298 201 34 Geschenk
742 2298 128 45 damit,
913 2300 46 33 da
999 2302 66 43 sie,
1108 2303 71 33 wie
1209 2314 39 23 es
1275 2304 39 33 in
1342 2304 83 34 dem
1455 2305 244 47 Schenkungs-

200 2358 119 34 briefe
348 2358 126 44 heisst,
505 2359 83 33 eine
616 2369 40 24 so
685 2358 177 35 kostbare
890 2359 174 46 Reliquie
1092 2360 105 36 nicht
1226 2362 199 36 entführen
1455 2364 123 47 wolle,
1608 2366 92 34 nach-

200 2419 86 34 dem
316 2420 53 33 sie
397 2420 37 32 in
465 2419 112 34 deren
606 2420 126 34 Besitz
761 2419 238 47 gekommen.

305 2545 76 33 Der
408 2543 144 46 königl.
583 2543 287 47 Capellmeister
898 2546 58 36 W.
987 2547 231 44 Taubert,
1261 2548 174 47 Mitglied
1475 2550 65 35 der
1578 2550 145 49 königl.

197 2604 211 36 Akademie
437 2604 64 34 der
529 2605 146 35 Künste
702 2605 38 34 in
770 2605 142 46 Berlin,
941 2608 49 33 ist
1018 2619 83 23 zum
1122 2608 197 47 Mitgliede
1340 2611 63 33 der
1430 2611 294 37 musicalischen

197 2665 155 36 iSection
383 2665 65 35 des
477 2665 156 35 Senates
663 2666 63 34 der
753 2667 211 45 gedachten
994 2668 209 36 Akademie
1232 2677 160 28 ernannt
1421 2672 163 35 worden.

552 2796 175 34 Fräulein
771 2797 119 35 Ilma
919 2811 33 24 v.
985 2799 191 35 Murska
1217 2801 102 34 hatte
1361 2802 80 34 sich
1486 2802 117 36 durch
1643 2804 82 35 ihre

201 2858 176 47 doppelte
406 2858 244 47 Darstellung
689 2860 63 33 der
778 2860 121 34 Lucia
938 2872 41 23 so
1020 2861 194 46 glücklich
1257 2863 237 47 introducirt,
1536 2865 85 35 dass
1664 2865 61 35 bei

202 2919 65 35 der
521 2919 49 33 im
601 2919 273 46 Operntheater
915 2920 261 36 buchstäblich
1210 2922 108 46 „kein
1350 2923 114 46 Apfel
1508 2937 47 22 zu
1592 2924 131 36 Boden

198 2979 116 35 fallen
559 2980 50 33 Es
638 2979 50 34 ist
715 2979 223 47 unläugbar,
968 2982 84 35 dass
1082 2983 58 34 die
1163 2983 249 47 jugendliche
1442 2985 132 35 Gastin
1606 2986 117 35 durch

199 3039 70 35 den
298 3038 202 36 brillanten
531 3039 158 45 Vortrag
719 3038 63 34 der
820 3038 261 50 berüchtigten
1114 3041 251 36 Proch'schen
1397 3044 246 36 Variationen
1671 3047 51 34 im

196 3102 144 33 vierten
371 3100 96 34 Acte
496 3100 64 34 das
587 3099 200 35 Publicum
818 3112 46 23 zu
891 3102 204 45 gerechten
1114 3103 426 37 Beifalls-Ausbrüchei?
1572 3107 8 7 '
1599 3107 7 20 :
1613 3108 109 35 nriss.

197 3161 100 35 Aber
326 3161 68 33 wir
421 3163 165 32 wüssten
615 3163 36 31 in
683 3162 63 33 der
774 3161 255 47 eigentlichen
1058 3163 108 36 Rolle
1196 3165 97 34 aüch
1322 3166 112 34 keine
1462 3166 88 35 SteL
1624 3173 79 28 inzu-

195 3222 134 46 geben,
359 3222 58 34 die
443 3222 79 34 sich
553 3222 141 34 diesem
1124 3224 257 36 vollkommen
1411 3227 146 46 würdig
1586 3238 46 23 an
1662 3229 59 34 die

197 3281 100 36 Seite
325 3290 125 27 setzen
480 3281 123 38 liesse.
659 3282 72 34 Die
761 3281 156 36 Stimme
946 3283 65 34 des
1039 3284 200 35 Fräuleins
1268 3296 35 25 v.
1331 3286 159 35 Murska
1518 3288 49 33 ist
1596 3288 124 35 weder

196 3342 112 43 stark,
339 3343 96 33 noch
463 3354 72 23 von
564 3343 204 35 besonders
799 3344 274 45 angenehmem
1105 3346 172 44 Timbre;
1321 3347 64 34 der
1413 3347 199 47 Vortrags-
1643 3349 77 34 und

194 3402 229 34 namentlich
445 3403 63 34 der
528 3403 381 47 Darstellungsweise
929 3404 90 35 aber
1038 3406 148 34 scheint
1209 3418 50 35 es,
1290 3408 97 33 nach
1410 3408 129 45 jenem
1558 3408 159 35 Abende

195 3476 46 22 zu
271 3465 199 45 urtheilen,
513 3476 47 22 an
603 3465 160 34 frischer
790 3465 277 47 Lebendigkeit
1108 3468 77 34 und
1212 3469 305 38 Naturwabrheit
1557 3469 86 34 sehr
1671 3481 47 23 zu

192 3524 139 44 fehlen,
376 3537 41 23 so
448 3525 84 34 dass
561 3537 58 22 am
648 3524 105 35 Ende
782 3525 124 34 nichts
935 3525 109 47 übrig
1072 3526 129 45 bleibt,
1245 3528 55 35 als
1342 3529 59 34 die
1443 3528 159 35 trefflich
1632 3530 63 34 fun-

194 3586 106 44 dirte,
327 3587 146 33 virtuos
502 3585 243 34 entwickelte
766 3585 365 46 Gesangs-Technik
1159 3600 67 23 zur
1244 3589 235 45 Ausfüllung
1508 3589 65 34 der
1599 3589 99 35 Inter-

192 3646 162 36 mezzo's
383 3647 254 35 aufzubieten.
694 3647 98 34 Dass
832 3646 106 35 dabei
978 3648 134 35 immer
1147 3650 50 33 im
1227 3650 210 35 Einzelnen
1467 3650 77 34 viel
1574 3650 119 35 Gelun-

190 3719 127 35 genes,
354 3709 54 44 ja,
436 3709 234 45 Frappantes
698 3709 69 33 mit
795 3708 218 47 unterläuft,
1054 3709 94 36 lässt
1175 3711 80 34 sich
1286 3711 162 37 denken.
1504 3712 105 33 Beim
1636 3712 52 34 An-

190 3770 164 34 schauen
383 3770 122 34 dieser
532 3769 244 47 anmuthigen
807 3769 312 47 Stimmgaukelei
1150 3771 127 36 wollte
1305 3785 72 23 uns
1406 3773 90 35 aber
1525 3773 189 35 durchaus

191 3831 63 34 der
281 3831 260 34 verwünschte
572 3829 182 35 Gedanke
796 3830 106 34 nicht
943 3842 66 23 aus
1054 3832 83 34 dem
1173 3833 129 45 Sinne,
1345 3834 68 35 das
1441 3833 180 35 Fräulein
1658 3836 54 33 sei

188 3889 204 48 eigentlich
420 3902 67 34 gar
514 3890 87 35 kein
631 3890 217 36 wirkliches
876 3891 192 46 Fräulein,
1098 3893 162 35 sondern
1291 3895 84 34 eine
1400 3895 110 44 jener
1538 3894 153 47 pfirsich-

188 3952 81 33 roth
307 3951 287 45 geschminkten
625 3952 564 48 Phantasie-Puppen-Figuren
1234 3957 37 33 in
1315 3956 177 34 Theodor
1520 3956 193 35 Amadeus

187 4013 202 34 Hoftmann
408 4026 15 22 s
452 4013 157 45 Manier,
653 4014 59 35 die
747 4025 45 24 an
823 4014 116 36 Stelle
969 4016 63 34 der
1061 4017 108 35 Seele
1194 4019 84 34 eine
1308 4018 180 47 Spieluhr
1515 4019 49 33 im
1595 4017 117 36 Leibe

187 4074 135 35 haben.
1330 4079 140 46 (Wien.
1502 4079 106 47 Ree.)

1930 318 40 35 P.
2017 318 177 45 Scudo,
2236 320 63 34 der
2340 320 195 35 berühmte
2563 320 318 36 Musik-Kritiker
2910 320 62 36 der
3001 321 129 37 Revue
3159 323 63 36 des
3252 324 98 39 deux

1829 377 160 35 Mondes
1992 405 7 16 ,
2029 379 49 34 ist
2104 379 212 46 gefährlich
2344 379 189 35 erkrankt.

1932 509 78 33 Der
2038 508 219 47 Nachricht,
2293 510 98 34 nach
2432 510 164 35 welcher
2626 512 191 34 Gounod
2843 514 265 45 geisteskrank
3137 518 202 44 geworden

1828 569 80 34 sein
1936 567 111 35 sollte
2051 594 7 17 :
2105 569 91 34 wird
2224 581 76 23 von
2328 571 108 34 Paris
2473 582 67 23 aus
2575 573 68 33 auf
2669 572 64 35 das
2763 574 305 36 entschiedenste
3097 577 223 48 wiederspro-

1827 628 108 35 chen.
1992 628 163 35 Gounod
2184 629 71 35 soll
2284 631 79 33 sich
2405 631 104 34 einer
2546 631 271 48 vorzüglichen
2845 635 188 46 geistigen
3062 637 77 35 und
3168 638 164 47 körperli-

1827 688 95 35 chen
1955 689 234 34 Gesundheit
2216 690 183 34 erfreuen.

1928 819 268 38 liOlldoil*
2250 821 136 35 Balfe
2423 823 65 33 hat
2528 823 85 33 eine
2655 834 97 24 neue
2788 823 196 37 komische
3014 826 99 47 Oper
3141 830 69 33 auf
3234 831 112 35 einen

1827 882 220 47 englischen
2079 884 116 33 Text:
2234 883 78 35 The
2340 882 179 47 Sleeping
2550 880 128 46 Queen
2706 883 90 48 (Die
2820 885 220 37 schlafende
3060 889 199 48 Königin),
3287 904 44 33 ge-

1827 943 209 34 schrieben.
2082 943 72 34 Die
2183 944 288 46 Bemühungen,
2500 943 84 34 eine
2613 943 195 47 englische
2838 945 100 46 Oper
2965 946 82 35 hier
3076 960 45 23 zu
3152 950 185 36 errichten

1827 1002 145 36 welche
2012 1004 74 33 fast
2120 1004 109 44 jedes
2257 1004 97 35 Jahr
2394 1004 98 34 nach
2523 1003 155 36 Schluss
2714 1005 64 34 der
2808 1005 134 35 Saison
2974 1007 64 35 der
3064 1008 181 37 Italiäner
3274 1014 62 33 auf-

1825 1064 178 46 tauchen,
2047 1064 90 35 aber
2165 1064 93 35 eben
2288 1076 40 23 so
2359 1066 54 33 oft
2441 1064 139 35 wieder
2619 1066 248 45 untergehen,
2911 1067 99 35 ohne
3039 1075 114 29 etwas
3181 1082 75 24 von
3284 1073 48 35 Be-

1827 1125 110 35 stand
1965 1135 155 35 zuwege
2149 1136 47 23 zu
2234 1125 169 47 bringen,
2452 1136 182 24 erneuern
2676 1126 82 34 sich
2795 1127 119 35 dieses
2956 1129 77 35 Mal
3075 1132 68 34 mit
3186 1144 168 34 grossem

1827 1189 114 34 Eifer.

1932 1311 80 35 Aus
2039 1311 192 35 London
2274 1311 92 34 wird
2407 1312 271 45 geschrieben:
2725 1313 99 47 „Der
2853 1315 266 47 Schauspieler
3148 1318 206 37 Thomas

1827 1372 331 35 Potte-Cooke
2186 1374 49 33 ist
2262 1373 181 46 unlängst
2470 1376 69 33 mit
2561 1374 296 48 Hinterlassung
2887 1376 104 35 eines
3011 1378 237 47 Vermögens
3278 1393 74 23 von

1827 1430 141 47 30,000
1997 1433 56 34 Pf.
2083 1433 52 35 St.
2164 1433 213 44 gestorben.
2433 1434 71 34 Mit
2540 1435 123 35 einem
2694 1436 147 46 Capital
2869 1448 75 23 von
2974 1435 101 39 2000
3102 1440 58 35 Pf.
3193 1440 64 45 St.,
3288 1442 65 36 das

1828 1504 39 23 er
1894 1492 83 34 dem
2019 1492 184 35 londoner
2229 1493 204 36 Dramatic
2464 1494 144 49 College
2652 1496 263 48 hinterlassen,
2959 1498 49 35 ist
3045 1500 61 34 ein
3146 1502 106 35 Preis
3292 1504 61 34 für

1827 1554 60 33 ein
1913 1553 425 48 National-Schauspiel
2365 1557 182 45 gestiftet,
2591 1557 66 35 der
2676 1558 110 44 jedes
2815 1558 79 34 Mal
2922 1571 60 22 am
3011 1557 61 38 23.
3103 1562 120 47 April,
3267 1563 84 35 dem

1828 1614 251 46 Geburtstage
2108 1614 372 48 Shakespeare's
2507 1619 78 33 und
2612 1619 142 35 seinem
2785 1621 171 45 eigenen,
2996 1621 178 37 vertheilt
3202 1625 150 34 werden

1929 1799 227 37 Flotow's
2191 1812 97 25 neue
2317 1801 101 48 Oper
2648 1804 72 34 soll
2747 1804 39 34 in
2817 1805 64 34 der
2909 1805 185 37 nächsten
3123 1807 133 36 Saison
3292 1808 64 36 der

1823 1860 266 36 italiänischen
2119 1861 101 47 Oper
2246 1863 39 33 in
2314 1862 230 48 Petersburg
2572 1875 67 24 zur
2666 1865 243 47 Aufführung
2935 1865 190 39 kommen.

2182 3626 71 51 pie

1814 3684 187 35 erscheint
2032 3686 115 45 jeden
2186 3688 172 47 Samstag
2400 3691 38 33 in
2482 3691 123 34 einem
2648 3704 147 34 ganzen
2829 3693 131 47 Bogen
3004 3694 69 34 mit
3107 3693 242 47 zwanglosen

1815 3736 194 47 Beilagen.
2118 3739 76 33 Der
2217 3740 385 49 Abonnementspreis
2622 3744 150 47 beträgt
2805 3745 60 34 für
2894 3745 64 34 das
2980 3745 187 44 Halbjahr
3195 3743 23 36 2
3234 3745 115 44 Thlr.,

1813 3787 61 35 bei
1902 3787 71 35 den
1995 3789 47 34 K.
2071 3801 142 34 preuss.
2237 3792 309 36 Post-Anstalten
2575 3793 24 37 2
2615 3794 103 35 Thlr.
2744 3795 21 37 5
2786 3796 80 46 Sgr.
2922 3796 96 35 Eine
3047 3796 169 35 einzelne
3236 3796 84 35 Num-

1813 3850 79 23 mer
1918 3837 25 37 4
1972 3839 81 47 Sgr.

1916 3891 126 35 Briefe
2069 3892 79 36 und
2167 3893 277 49 Zusendungen
2478 3895 93 36 aller
2590 3897 70 35 Art
2688 3897 150 35 werden
2867 3902 111 31 unter
3007 3898 63 36 der
3095 3898 164 37 Adresse
3289 3898 64 37 der

1812 3942 52 36 M.
1895 3944 182 34 DuMont-
2088 3944 218 48 Schauberg
2309 3945 7 13 1
2322 3947 115 35 sehen
2466 3947 306 49 Buchhandlung
2799 3951 39 33 in
2866 3951 102 34 Köln
2998 3951 164 36 erbeten.

1930 4046 360 36 Verantwortlicher
2317 4048 287 47 Herausgeber:
2634 4049 101 36 Prof.
2768 4048 35 35 L
2807 4075 11 11 ♦
2848 4048 175 47 Bischoff
3045 4052 39 33 in
3113 4050 114 38 Köln.

1888 4097 197 48 Verleger:
2117 4098 53 36 M.
2200 4098 351 38 DuMont-Schaub
2752 4102 303 47 Buchhandlung
3085 4104 39 33 in
3154 4102 115 36 Köln.

1845 4149 191 36 Drucker:
2072 4149 50 36 M.
2153 4149 417 50 DuMont-Schauberg
2599 4153 37 34 in
2666 4152 113 46 Köln,
2819 4154 242 36 Breitstrasse
3091 4153 48 38 76
3165 4166 35 24 u.
3233 4153 61 38 78.

2360 2094 458 75 ZttJuittMpttpjt.

1939 2267 169 65 Verlag
2146 2283 85 32 von
2268 2263 279 72 Breitkopf
2580 2266 105 53 und
2725 2266 173 57 Härtel
2944 2273 43 48 in
3030 2276 197 66 Leipzig.

1926 2356 53 37 So
2006 2357 92 37 eben
2127 2357 170 37 erschien
2337 2357 82 37 und
2459 2358 124 38 durch
2621 2361 75 35 alle
2724 2361 126 37 Buch-
2879 2362 84 37 und
2993 2365 362 39 Musicalienhand-

1822 2410 143 47 lungen
1991 2422 47 23 zu
2066 2409 193 37 beziehen:

1824 2474 164 42 Marx,
2027 2474 46 33 A.
2104 2473 60 41 8.,
2206 2471 355 37 Musicalische
2607 2473 132 47 Comp
2750 2488 20 23 o
2780 2476 149 37 sition
2941 2490 17 23 s
2970 2479 14 35 l
2994 2478 82 36 ehr
3086 2491 28 25 e.
3159 2483 36 33 2.
3234 2481 119 38 Theil.

2133 2526 33 32 5.
2195 2524 227 36 verbesserte
2452 2526 185 46 Ausgabe.
2694 2528 22 34 3
2753 2527 105 38 Thlr.

1822 2574 221 43 Richter,
2073 2575 46 36 E.
2150 2575 358 37 FLehrbuch
2544 2577 86 35 der
2659 2577 276 40 Harmonie.
2972 2583 35 34 5.
3037 2582 100 48 Aufl.
3191 2585 17 34 I
3249 2586 106 38 Thlr.

1824 2626 294 45 Schneider,
2147 2627 50 35 K.
2228 2627 60 44 E.,
2327 2627 99 37 Das
2455 2629 346 38 Musicalische
2829 2633 121 36 Lied
2989 2633 49 36 in
3078 2648 25 33 g
3115 2647 70 24 esc
3198 2636 158 38 hicht-

2135 2678 92 36 lieh
2240 2691 49 23 er
2318 2679 356 49 Entwicklung.
2711 2682 134 37 Zweite
2873 2687 362 45 contrapunktische
3264 2690 94 37 oder

2131 2730 289 49 mehrstimmige
2450 2732 174 36 Periode.
2681 2736 23 34 3
2735 2734 103 36 Thlr.
2871 2739 48 33 15
2951 2739 96 45 Kgr.

1828 2837 186 44 Gläser,
2057 2836 29 55 R
2115 2836 29 55 1
2173 2836 287 55 Choralbuch
2502 2840 78 45 für
2622 2840 74 36 den
2737 2842 292 49 vierstimmigen
3072 2845 279 40 Männerchor.

2134 2889 242 36 Enthaltend
2418 2890 82 36 eine
2528 2892 185 36 Auswahl
2751 2894 211 37 bekannter
3002 2897 84 36 und
3113 2900 240 36 iverthvoller

2138 2941 162 36 Choräle
2341 2942 69 35 der
2450 2944 288 46 evangelischen
2767 2946 146 36 Kirche
2954 2948 68 36 mit
3061 2953 294 46 untergelegtem

2140 2993 126 36 Texte.
2321 2994 96 35 Zum
2448 2995 221 37 Gebrauche
2694 2997 78 46 für
2801 2997 258 51 Seminarien,
3106 3003 235 45 Gymnasien

2133 3044 169 48 Gesang-
2316 3045 158 37 Vereine
2502 3048 84 35 und
2612 3048 207 37 kirchliche
2852 3050 131 39 Chore.
3038 3056 50 34 20
3119 3055 96 46 Ngr.

1834 3095 287 47 Wohlfahrt,
2166 3097 258 45 Heinrich,
2477 3101 69 43 Op.
2585 3103 62 42 47,
2695 3102 385 49 Anthologische
3130 3106 223 38 Ciavier-

2129 3149 164 36 schule
2335 3150 56 35 als
2420 3151 289 47 angenehmster
2746 3153 221 38 Unterricht
2986 3158 79 45 für
3097 3158 252 38 Ciavier-An-

2123 3201 162 47 fänger.
2340 3204 49 32 25
2420 3203 97 46 Ngr.

1924 3306 83 35 Alle
2036 3320 40 22 in
2103 3307 128 36 dieser
2259 3308 318 50 Musik-Zeitung
2604 3311 287 46 besprochenen
2929 3315 85 35 und
3040 3317 315 48 angekündigten

1817 3356 234 37 Musicalien
2080 3365 66 29 etc.
2183 3360 90 35 sind
2306 3373 48 22 zu
2384 3361 178 37 erhalten
2588 3363 43 36 in
2657 3365 71 34 der
2755 3370 89 30 stets
2870 3367 233 48 vollständig
3128 3370 225 35 assortirten

1816 3408 473 51 Musicalien-Handlung
2310 3413 85 35 und
2411 3413 252 38 Leihanstalt
2688 3428 76 24 von
2784 3417 316 38 BERNHARD
3120 3420 233 36 BREUER

1812 3462 44 35 in
1885 3461 117 45 Köln,
2036 3475 133 34 grosse
2196 3464 254 47 Budengasse
2482 3466 73 36 Nr.
2587 3471 35 43 1,
2665 3480 42 23 so
2751 3468 70 35 wie
2863 3469 59 35 bei
2948 3469 37 35 J.
3019 3471 84 34 FR.
3145 3471 208 44 WEBER,

1815 3513 133 36 Hohle
1979 3514 77 36 Nr.
2083 3518 38 32 1.
