2207 3632
725 153 249 27 SOUVENIRS
1009 144 175 34 INÉDITS
1220 154 54 24 DE
1309 153 161 26 CHOPIN

99 154 74 37 394

98 246 268 52 Tropianski
388 244 78 54 (1),
508 247 73 49 qui
619 259 46 26 se
703 257 191 39 propose
919 244 53 39 de
995 244 170 39 donner
1187 259 60 24 un
1282 253 176 31 concert
1498 258 103 26 avec
1624 245 38 39 la
1700 248 312 50 participation
2045 247 53 39 de

98 315 182 48 Dohler,
302 323 40 30 et
361 314 83 39 elle
467 313 40 40 le
523 315 93 50 prie
632 311 243 54 d'appuyer
896 312 297 39 chaudement
1213 325 47 26 ce
1280 321 188 30 concert.
1499 312 170 52 (29-III.
1696 316 137 47 1847.)

153 418 46 40 M
205 426 40 14 ME
266 418 152 40 MARIE
442 418 263 48 KALERGI[S]
743 420 104 38 écrit
872 432 56 36 qu
948 418 84 39 elle
1054 419 191 50 espérait
1279 419 97 38 voir
1399 417 180 52 Chopin
1611 418 103 39 chez
1738 418 98 47 elle,
1865 421 113 37 mais
2013 433 85 36 que

98 496 111 30 cette
243 491 236 47 espérance
505 501 20 25 a
550 491 67 35 été
637 489 145 37 vaine.
808 486 98 39 Elle
935 487 39 38 le
1009 487 108 51 prie,
1151 486 111 39 dans
1287 485 61 40 les
1375 494 160 31 termes
1561 486 62 39 les
1648 486 101 51 plus
1788 486 231 48 aimables,
2047 487 53 39 de

98 557 123 38 venir
237 555 101 39 chez
356 555 82 39 elle
459 555 199 40 attendre
682 555 38 39 la
755 568 143 26 venue
917 555 57 39 du
998 553 172 41 Nouvel
1201 553 95 49 An;
1323 554 29 39 il
1378 562 204 31 trouvera
1608 553 229 53 beaucoup
1872 555 53 39 de
1955 568 143 26 cœurs

99 625 291 38 sincèrement
411 624 216 39 dévoués.

154 734 46 40 M
207 734 36 24 1Ie
261 734 128 42 VÉRA
412 749 54 25 DE
498 734 323 40 KOLOGRIVOFF
860 736 120 45 écrit,
1006 734 111 39 dans
1150 748 86 25 une
1280 734 125 39 lettre
1444 734 206 39 adressée
1679 734 124 51 place
1843 732 252 49 d'Orléans,

101 811 45 32 n°
168 818 40 36 9,
235 802 162 52 qu'elle
421 817 22 25 a
466 803 123 51 parlé
609 801 106 40 àM.
752 802 148 40 Rubio
940 816 112 38 pour
1090 803 38 39 la
1164 804 207 50 question
1395 803 56 39 du
1482 804 186 50 portrait
1691 803 53 39 cle
1783 801 180 53 Chopin
2018 801 79 50 Or,

99 870 62 41 M.
181 870 148 42 Rubio
353 880 181 31 consent
559 875 87 35 àse
686 871 194 51 départir
923 884 112 38 pour
1058 879 109 31 cette
1192 870 84 40 fois
1314 871 52 39 de
1408 884 68 26 ses
1512 873 222 49 principes
1757 880 41 30 et
1823 875 21 35 à
1867 885 45 25 se
1943 871 158 39 rendre

100 939 102 40 chez
224 938 178 52 Chopin
427 951 102 27 avec
547 952 46 25 sa
618 938 162 50 palette
804 946 40 30 et
865 951 69 27 ses
958 940 229 49 pinceaux,
1216 937 86 41 afin
1336 939 53 39 de
1414 939 59 39 lui
1496 944 220 47 épargner
1741 940 42 39 la
1823 945 178 34 montée
2025 940 76 39 des

101 1007 219 39 escaliers.
348 1006 31 39 Il
403 1019 161 39 pourra
581 1007 209 38 terminer
806 1019 54 25 en
880 1006 112 38 deux
1016 1011 181 35 séances
1216 1006 38 40 le
1271 1009 447 49 portrait-miniature
1749 1012 21 34 à
1806 1006 169 41 l'huile.
2003 1007 97 40 Elle

99 1075 174 51 supplie
296 1076 172 37 ensuite
487 1073 178 51 Chopin
689 1073 52 39 de
764 1075 226 38 consentir
1025 1078 21 34 à
1070 1087 45 26 ce
1143 1075 160 51 projet,
1335 1088 71 25 car
1444 1075 82 39 elle
1568 1075 146 39 désire
1739 1075 107 51 qu'il
1886 1077 137 38 existe
2048 1076 54 38 de

100 1142 76 46 lui,
204 1155 52 25 au
278 1142 162 44 moins,
466 1155 58 24 un
545 1141 184 49 portrait
750 1140 322 40 ressemblant.

155 1208 97 41 Une
274 1208 189 39 seconde
487 1207 125 39 lettre
636 1213 86 33 très
746 1207 183 50 longue,
955 1217 163 30 venant
1142 1206 241 52 d'Odessa,
1408 1214 20 34 à
1463 1211 39 38 la
1527 1211 100 38 date
1650 1211 57 38 du
1737 1209 109 41 18-V
1891 1214 118 47 1847,

98 1278 130 38 écrite
250 1289 79 38 par
364 1284 110 30 cette
498 1275 128 39 dame
666 1280 126 46 après
817 1288 81 26 son
922 1277 198 49 mariage
1144 1285 40 30 et
1209 1279 155 48 signée
1396 1289 20 26 ((
1453 1277 115 40 Véra
1594 1277 148 41 Rubio
1783 1289 34 28 )).
1844 1277 99 40 Elle
1975 1280 122 47 écrit,

99 1345 110 38 dans
233 1352 111 31 cette
366 1343 140 47 lettre,
534 1341 208 53 qu'après
769 1358 60 24 un
853 1343 105 50 long
983 1344 164 39 silence
1184 1345 85 39 elle
1312 1343 103 42 s'est
1448 1346 179 39 décidée
1653 1350 21 35 à
1698 1348 117 49 prier
1835 1345 180 53 Chopin
2050 1347 52 39 de

100 1413 58 38 lui
185 1413 168 39 donner
375 1413 76 38 des
470 1413 229 40 nouvelles
736 1413 52 38 de
813 1425 47 26 sa
886 1417 141 44 santé,
1059 1427 130 37 parce
1221 1427 87 37 que
1347 1414 117 39 leurs
1502 1416 112 37 amis
1653 1428 235 26 communs
1913 1424 5 30 (
1932 1414 139 40 Franc-

99 1481 181 39 homme
299 1489 40 32 et
361 1480 46 39 M
414 1480 37 23 lle
475 1479 225 52 Stirling),
726 1482 75 49 qui
827 1480 59 39 lui
914 1481 174 38 avaient
1112 1481 93 51 juré
1248 1481 52 39 de
1324 1481 59 39 lui
1408 1494 193 39 envoyer
1632 1482 52 39 de
1709 1481 254 52 fréquentes
1985 1496 87 25 nou-

99 1548 136 40 velles
259 1549 53 39 de
335 1549 39 39 la
399 1554 126 34 santé
548 1549 52 39 de
624 1548 194 52 Chopin,
861 1561 54 26 ne
940 1548 58 39 lui
1023 1557 75 30 ont
1119 1548 99 51 plus
1260 1550 106 38 écrit
1402 1548 160 53 depuis
1598 1551 64 37 six
1705 1552 113 37 mois
1858 1548 162 52 Quand
2063 1551 40 39 la

101 1619 224 49 princesse
357 1629 20 27 «
412 1617 316 51 Troubetzkoy
761 1628 22 27 »
817 1625 63 31 est
904 1617 140 50 partie
1067 1629 112 38 pour
1213 1616 144 47 Paris,
1399 1616 45 39 M
1451 1624 40 15 me
1528 1616 148 41 Rubio
1720 1618 60 39 lui
1822 1632 21 24 a
1872 1618 148 39 donné
2044 1634 59 24 un

101 1684 124 40 billet
263 1686 53 38 de
352 1685 412 39 recommandation
800 1698 114 37 pour
956 1682 194 53 Chopin,
1186 1686 113 38 mais
1336 1685 84 39 elle
1457 1700 21 24 a
1517 1688 148 48 appris
1705 1686 108 50 qu'il
1855 1687 73 50 n'y
1976 1701 21 25 a
2022 1701 80 37 pas

102 1751 199 51 répondu
336 1766 59 24 un
416 1751 93 39 seul
541 1759 106 31 mot.
689 1749 98 40 Elle
829 1764 156 38 essaye
1025 1752 113 38 donc
1176 1765 159 26 encore
1373 1767 86 25 une
1496 1752 85 40 fois
1643 1767 54 25 en
1730 1764 222 42 envoyant
1992 1764 111 31 cette

104 1819 125 39 lettre
254 1821 118 37 aussi
396 1833 79 37 par
495 1819 39 38 la
553 1820 223 50 princesse
793 1817 51 39 T.
868 1818 97 40 Elle
988 1825 153 45 espère
1166 1834 86 36 que
1275 1829 111 31 cette
1424 1820 145 50 dame,
1606 1827 127 45 après
1758 1823 123 38 avoir
1901 1837 56 24 vu
1983 1821 88 41 Cho-

103 1888 90 49 pin,
216 1887 60 39 lui
296 1887 171 51 parlera
487 1886 230 51 beaucoup
738 1886 53 39 de
809 1886 75 48 lui,
912 1900 46 26 ce
981 1889 75 48 qui
1080 1889 164 38 évitera
1271 1891 21 35 à
1317 1902 46 25 ce
1387 1888 173 40 dernier
1597 1889 10 39 1
1627 1888 229 41 embarras
1881 1889 181 40 d'écrire
2089 1905 8 32 ;

104 1954 83 40 elle
204 1957 83 37 sait
303 1954 205 40 combien
531 1955 28 38 il
583 1955 167 39 déteste
773 1954 106 39 cela.
900 1953 95 41 Elle
1020 1957 208 38 continue
1247 1961 21 34 à
1286 1957 147 51 parler
1455 1954 142 52 d'elle,
1623 1957 53 39 de
1697 1971 46 25 sa
1760 1959 69 38 vie
1849 1972 21 24 a
1896 1955 173 42 Odessa
2090 1973 7 32 ;

104 2022 82 40 elle
209 2023 228 39 désirerait
457 2021 181 40 s'enfuir
661 2022 52 38 de
737 2022 39 38 là
804 2022 38 38 le
867 2022 100 51 plus
1001 2025 61 37 tôt
1100 2023 200 51 possible
1343 2023 140 53 Après
1507 2025 94 38 leur
1619 2025 152 51 départ
1792 2025 25 39 d
1839 2023 190 48 Odessa,
2049 2026 53 39 ils

105 2093 115 38 iront
237 2104 52 26 en
308 2091 166 38 France
496 2105 79 37 par
592 2089 388 52 Constantinople,
994 2089 166 53 Naples
1185 2100 40 31 et
1249 2091 156 41 Rome.
1434 2092 38 39 A
1489 2091 189 51 Odessa,
1695 2092 45 39 M
1747 2100 39 15 rae
1811 2093 148 40 Rubio
1980 2108 21 24 a
2026 2093 77 40 fait

106 2159 40 39 la
169 2161 319 37 connaissance
526 2159 53 38 de
611 2158 39 39 la
686 2157 208 51 générale
929 2157 289 52 Danenberg,
1261 2164 80 35 née
1382 2159 245 50 Zablocka,
1669 2162 74 49 qui
1770 2175 21 24 a
1827 2159 104 40 bien
1956 2173 145 26 connu

106 2227 179 51 Chopin
306 2230 23 35 à
346 2225 216 42 Varsovie
579 2235 132 30 avant
734 2225 106 51 qu'il
860 2231 73 34 eût
954 2228 140 48 quitté
1125 2227 39 39 le
1187 2241 124 38 pays.
1350 2227 63 40 La
1436 2241 84 26 vue
1556 2229 53 38 de
1649 2228 218 51 quelques
1894 2237 185 41 autogra-

107 2296 109 51 phes
234 2295 52 39 de
303 2293 191 53 Chopin,
519 2296 221 49 propriété
771 2294 53 39 cle
862 2303 111 30 cette
1008 2294 146 47 dame,
1191 2303 175 32 surtout
1388 2309 86 26 une
1508 2296 141 46 valse,
1676 2309 86 26 une
1786 2295 243 40 mazourka
2066 2303 40 31 et

109 2364 112 39 deux
242 2364 155 39 chants
421 2363 221 52 polonais,
667 2377 22 25 a
713 2368 132 34 causé
867 2367 20 34 à
908 2361 47 40 M
962 2370 44 15 me
1030 2363 151 41 Rubio
1208 2378 85 26 une
1331 2363 216 40 véritable
1577 2365 99 51 joie.
1700 2363 97 40 Elle
1823 2366 187 37 termine
2030 2377 79 37 par

110 2430 76 40 des
210 2430 201 39 souhaits
436 2431 53 39 de
513 2436 126 34 santé
661 2439 40 30 et
719 2431 93 50 prie
832 2430 53 39 de
903 2444 54 26 ne
988 2445 79 37 pas
1091 2431 224 40 l'oublier.

168 2498 139 51 Signé
332 2512 7 26 :
360 2510 19 27 ((
400 2498 136 41 Votre
560 2497 130 41 fidèle
703 2507 41 31 et
765 2498 196 40 dévouée
980 2501 117 37 amie
1121 2509 40 30 et
1195 2500 140 48 élève,

1503 2580 19 26 ((
1557 2567 126 41 VÉRA
1717 2566 166 41 RUBIO.
1922 2578 20 26 ))

167 2677 47 41 M
219 2686 40 16 me
283 2693 56 26 ou
362 2677 46 40 M
413 2677 38 24 lle
475 2679 39 38 la
539 2677 234 42 Comtesse
791 2678 230 41 CAROLINE
1044 2694 55 24 DE
1122 2678 174 50 LOBAU,
1317 2680 111 39 dans
1451 2693 86 26 une
1560 2680 126 39 lettre
1705 2681 131 37 écrite
1872 2679 38 38 le
1947 2683 39 36 6-
1991 2678 99 41 VI11
2101 2712 8 16 ,

117 2751 116 46 1835,
256 2756 40 31 et
331 2747 204 39 adressée
574 2745 284 42 Chaussée-cl
878 2747 153 47 Antin,
1068 2749 197 51 apprend
1321 2762 85 37 que
1441 2762 47 25 sa
1514 2748 194 39 maladie
1744 2748 25 39 d
1788 2761 129 38 yeux,
1955 2749 75 48 qui
2057 2747 9 38 1
2090 2761 20 24 a

113 2816 254 51 longtemps
396 2814 143 41 forcée
568 2819 21 35 à
614 2815 240 49 l'inaction,
882 2825 65 31 est
964 2821 172 46 passée,
1165 2825 40 30 et
1228 2817 83 38 elle
1331 2818 92 50 prie
1446 2815 179 52 Chopin
1648 2816 53 39 cle
1724 2817 59 38 lui
1809 2816 207 50 indiquer
2042 2827 68 27 ses

113 2884 160 39 heures
303 2883 53 39 de
379 2883 170 50 leçons.

168 2950 122 40 Dans
306 2965 87 25 une
416 2952 188 38 seconde
627 2952 125 39 lettre
768 2952 83 40 elle
868 2952 59 39 lui
954 2952 195 51 apprend
1175 2950 160 53 qu'elle
1360 2951 90 39 doit
1472 2952 132 38 sortir
1640 2954 22 34 à
1687 2949 167 40 l'heure
1874 2947 109 41 fixée
2002 2962 109 37 pour

114 3019 39 39 la
171 3019 139 47 leçon,
340 3027 41 31 et
399 3018 38 40 le
453 3020 93 51 prie
564 3019 52 39 de
639 3019 40 39 la
697 3027 206 32 remettre
929 3024 21 34 à
969 3020 99 51 plus
1100 3020 112 39 tard.
1237 3018 171 52 (13-IX.
1440 3016 140 54 1837.)

167 3123 47 42 M
219 3123 37 24 1IE
280 3124 52 41 K.
357 3123 222 42 MABERLY
602 3126 218 39 demande
864 3126 170 51 pardon
1058 3125 53 40 de
1134 3138 54 27 ne
1212 3126 189 50 pouvoir
1434 3126 123 37 venir
1584 3128 21 34 à
1640 3137 46 25 sa
1712 3123 141 49 leçon.
1886 3119 223 54 (Samedi,

119 3208 41 35 13
188 3195 110 46 mai;
320 3207 172 26 comme
515 3193 211 41 l'adresse
749 3194 52 39 cle
836 3193 46 39 M
889 3192 37 25 LLE
950 3192 62 40 M.
1037 3203 65 29 est
1133 3193 109 39 celle
1272 3193 52 39 de
1359 3191 218 45 Londres,
1601 3205 80 36 par
1714 3194 276 47 conséquent
2027 3191 82 39 elle

114 3260 64 40 fut
201 3263 130 37 écrite
345 3275 54 25 en
421 3264 140 48 1848.)

158 3396 47 43 (i)
240 3398 213 31 Constantin
496 3398 230 40 Tropianski,
768 3397 248 37 clarinettiste,
1040 3396 194 32 violoniste
1256 3403 33 24 et
1322 3394 256 40 compositeur,
1609 3394 44 31 né
1684 3395 18 29 à
1725 3392 108 32 Vilna
1856 3403 42 21 en
1938 3392 116 40 1820-;
2091 3392 20 30 il

112 3457 163 32 voyagea
299 3447 87 32 dans
408 3457 156 31 presque
583 3454 101 24 toute
706 3447 167 39 l'Europe
893 3454 32 24 et
948 3446 124 31 habita
1099 3444 170 34 Varsovie
1291 3446 18 30 à
1326 3443 113 41 partir
1462 3443 41 31 de
1532 3442 103 32 1860.
