2207 3632
112 156 77 47 376

982 165 237 27 SCHUMANN

161 257 88 40 Car
272 272 54 25 au
348 257 150 39 milieu
522 257 58 39 du
598 271 69 25 xix
672 263 12 15 e
705 256 129 40 siècle
854 269 56 27 on
934 257 116 39 avait
1074 257 34 39 si
1133 256 100 40 bien
1267 256 148 41 oublié
1434 257 38 40 le
1495 259 141 49 grand
1661 263 172 36 ancêtre
1858 258 237 42 Sébastien

107 324 120 41 Bach
252 325 133 51 qu'on
407 337 54 26 ne
484 337 45 26 se
549 325 231 39 souvenait
799 323 100 53 plus
920 323 105 53 qu'il
1051 339 21 24 a
1094 332 93 32 tout
1206 326 192 46 inventé,
1424 333 40 32 et
1489 339 84 38 que
1601 329 171 36 revenir
1795 331 21 35 à
1844 327 58 40 lui
1928 329 168 50 passait

105 405 114 38 pour
243 405 83 26 une
345 396 264 35 nouveauté.

162 457 259 42 Schumann
443 468 64 31 est
525 461 218 38 vraiment
782 463 198 36 créateur
1001 460 110 39 dans
1143 460 40 39 la
1217 462 196 38 manière
1444 461 106 40 dont
1573 461 28 39 il
1640 463 125 38 traite
1787 462 63 39 les
1883 463 208 50 rythmes.

107 525 118 41 Avec
244 527 75 47 lui,
346 535 141 43 temps
510 526 108 41 forts
642 541 56 26 ou
733 526 158 41 faibles
915 541 45 26 se
983 526 268 42 confondent
1286 541 53 27 en
1362 543 59 25 un
1457 530 110 50 parti
1606 530 90 50 pris
1731 529 54 40 de
1808 543 215 38 syncopes
2059 532 34 37 si

108 591 252 54 fréquentes
381 594 181 51 qu'elles
582 592 202 43 finissent
816 609 79 37 par
916 595 172 40 donner
1107 597 232 38 naissance
1362 599 113 36 àun
1502 597 224 38 troisième
1749 604 101 43 type
1874 600 21 35 à
1921 599 94 38 côté
2037 597 57 40 du

106 673 20 27 ((
163 660 171 41 binaire
359 672 20 27 »
400 670 39 31 et
462 662 58 39 du
543 673 20 28 ((
586 664 189 38 ternaire
800 673 20 27 ))
843 663 194 40 d'antan.

164 727 106 41 Cela
294 733 142 48 paraît
459 738 93 31 tout
585 730 158 51 simple
767 731 280 50 aujourd'hui
1070 754 52 4 -—
1145 744 113 28 nous
1287 744 54 27 en
1362 744 138 27 avons
1520 731 192 40 entendu
1742 730 102 41 bien
1877 731 215 41 d'autres!

106 818 49 5 —
182 798 129 45 mais,
333 797 27 38 il
383 811 27 37 y
430 811 21 25 a
477 798 237 51 cinquante
738 811 94 34 ans,
865 798 181 40 l'oreille
1068 800 149 49 privée
1239 798 53 40 de
1313 812 80 27 son
1416 800 123 50 point
1562 799 179 52 d'appui
1766 804 258 34 accoutumé
2044 812 53 26 en

106 865 103 39 était
232 864 252 52 horripilée.

165 931 119 41 C'est
299 941 209 43 pourtant
531 932 102 40 bien
655 948 80 37 par
754 934 55 47 là,
837 934 257 51 cependant,
1121 948 84 38 que
1228 933 275 49 Schumann,
1526 936 35 38 si
1585 935 321 50 légitimement
1930 934 168 40 admiré

111 1000 53 39 de
181 1013 80 27 nos
284 1001 135 50 jours,
442 1014 45 26 se
510 1009 172 31 montre
703 1001 252 40 réellement
978 1010 214 32 novateur
1213 1011 41 31 et
1277 1015 84 39 que
1384 1016 46 26 sa
1446 1004 205 50 musique
1672 1015 45 27 se
1734 1006 225 37 reconnaît
1975 1011 122 31 entre

109 1076 158 31 toutes.

167 1134 30 40 Il
220 1134 141 40 fallait
383 1134 230 52 beaucoup
637 1135 52 39 de
707 1136 135 38 talent
858 1148 113 38 pour
992 1138 136 37 écrire
1147 1136 39 39 le
1211 1135 211 48 Quintette
1437 1137 66 47 ;il
1528 1136 139 40 fallait
1686 1137 58 39 du
1760 1138 128 48 génie
1908 1150 113 37 pour
2043 1150 54 26 en

109 1203 231 39 concevoir
360 1202 23 38 Y
390 1202 160 52 adagio
568 1204 34 37 si
626 1203 216 49 poignant
865 1211 40 31 et
926 1204 35 37 si
978 1203 296 51 dramatique.

165 1268 31 40 Il
211 1268 138 41 fallait
369 1282 85 26 une
479 1275 85 33 très
583 1270 170 49 grande
777 1268 245 42 sensibilité
1057 1284 113 37 pour
1205 1272 135 38 écrire
1363 1283 69 26 ces
1465 1268 210 40 Mélodies
1703 1269 107 41 dont
1844 1270 99 51 plus
1973 1270 53 40 de
2058 1270 39 39 la

108 1338 152 38 moitié
283 1345 100 31 sont
405 1336 53 40 de
479 1336 236 40 véritables
736 1336 358 41 chefs-d'œuvre.

165 1404 32 40 Il
216 1403 141 41 fallait
379 1402 119 42 enfin
521 1418 86 26 une
625 1408 97 36 âme
741 1405 196 40 d'artiste
960 1414 41 31 et
1032 1406 54 39 de
1111 1419 191 38 penseur
1336 1419 113 39 pour
1467 1406 135 39 écrire
1629 1404 111 40 dans
1763 1405 39 39 la
1836 1404 263 55 Symphonie

105 1471 186 40 rhénane
298 1505 8 17 ,
332 1486 46 26 ce
401 1473 176 39 curieux
597 1486 207 27 morceau
819 1480 56 33 où
895 1473 77 39 des
995 1485 19 27 «
1035 1482 153 31 tenues
1211 1485 94 28 »en
1328 1473 192 51 grandes
1537 1473 175 39 valeurs
1728 1474 210 50 peignent
1958 1474 113 38 musi-

108 1540 230 47 calement,
360 1548 41 32 et
425 1553 103 27 avec
551 1548 91 32 tant
665 1541 53 40 de
742 1540 217 48 bonheur,
985 1541 294 40 l'audacieuse
1311 1541 288 40 architecture
1622 1540 53 40 de
1703 1541 40 39 la
1774 1541 250 40 cathédrale
2046 1541 53 39 de

108 1607 218 51 Cologne.

163 1675 187 41 Comme
385 1689 112 38 pour
531 1675 193 53 Chopin,
766 1690 170 27 comme
958 1691 114 38 pour
1108 1677 336 48 Mendelssohn,
1484 1691 56 26 on
1573 1679 286 50 interprétera
1900 1677 198 40 d'autant

108 1745 144 38 mieux
277 1742 259 41 Schumann
560 1744 134 51 qu'on
713 1759 27 36 y
762 1753 157 32 mettra
943 1746 100 51 plus
1067 1746 53 39 de
1143 1747 253 39 soi-même.

164 1810 103 41 Ceci
287 1814 142 48 paraît
452 1815 89 36 être
564 1824 86 27 une
673 1812 53 39 de
749 1825 69 26 ces
847 1814 159 38 vérités
1036 1813 81 40 àla
1138 1811 63 42 La
1222 1813 149 40 Palice
1400 1812 247 53 applicable
1665 1816 21 35 à
1709 1821 99 31 tous
1834 1812 62 39 les
1919 1816 179 35 maîtres

108 1879 54 39 de
181 1878 40 40 la
242 1880 218 51 musique.
484 1877 262 53 Cependant
769 1880 28 38 il
821 1893 53 26 en
897 1889 64 31 est
984 1882 74 50 qui
1088 1889 197 42 gagnent
1304 1881 142 52 plutôt
1470 1884 21 35 à
1514 1884 90 36 être
1623 1881 124 51 joués
1770 1879 125 40 selon
1915 1880 38 39 la
1975 1879 124 40 lettre

112 1947 130 38 écrite
280 1954 40 31 et
350 1946 104 39 dont
479 1959 55 26 on
558 1946 301 41 dénaturerait
892 1947 38 40 le
966 1947 109 52 style
1107 1961 54 26 en
1183 1962 26 37 y
1248 1955 235 44 apportant
1512 1947 191 40 d'autres
1737 1947 189 52 qualités
1950 1960 83 38 que
2060 1947 38 39 la

112 2014 186 39 sérénité
324 2014 52 39 de
400 2014 38 39 la
460 2015 201 38 notation
681 2016 274 47 rigoureuse.

164 2081 32 39 Il
216 2094 53 27 en
287 2095 52 25 va
361 2090 93 31 tout
474 2081 322 41 différemment
820 2096 102 26 avec
947 2081 259 41 Schumann
1223 2097 7 32 ;
1261 2095 171 27 comme
1460 2095 113 39 pour
1593 2094 69 27 ses
1684 2079 137 42 frères
1841 2094 54 26 en
1919 2094 151 27 roman-

110 2151 144 46 tisme,
280 2147 277 42 l'exactitude
596 2148 184 42 absolue
804 2150 76 40 des
917 2158 310 32 mouvements
1264 2162 131 39 passe
1437 2163 54 26 au
1515 2148 162 40 second
1719 2148 104 52 plan
1843 2156 85 40 ;et
1957 2150 34 37 si
2013 2148 87 40 l'on

112 2224 168 31 ressent
301 2216 190 52 quelque
513 2218 196 38 émotion
733 2230 53 26 en
803 2217 334 52 l'interprétant,
1164 2231 56 27 on
1238 2217 95 40 ade
1349 2216 193 51 grandes
1562 2216 186 40 chances
1773 2216 53 39 de
1849 2215 39 40 le
1907 2216 194 39 traduire

108 2281 266 42 fidèlement.

168 2349 48 41 Si
240 2351 180 39 l'œuvre
439 2351 53 39 de
517 2349 258 42 Schumann
802 2360 65 31 est
889 2366 57 25 un
976 2354 174 49 poison,
1171 2353 28 38 il
1235 2353 103 38 était
1356 2352 246 39 nécessaire
1626 2351 158 51 qu'elle
1803 2354 86 48 prît
1913 2364 109 37 rang
2046 2364 54 26 au

113 2420 239 50 répertoire
371 2418 76 39 des
469 2419 166 49 grands
658 2428 197 31 concerts
879 2428 40 30 et
944 2420 111 38 dans
1087 2420 38 38 la
1150 2418 305 52 bibliothèque
1484 2419 53 39 de
1557 2427 98 31 tous
1678 2418 62 39 les
1771 2420 256 38 musiciens.
2048 2441 53 4 —

113 2485 98 41 Elle
228 2494 183 43 apporte
432 2489 21 35 à
472 2486 95 40 l'art
590 2501 59 25 un
667 2496 149 31 accent
837 2487 238 52 personnel
1098 2487 130 40 d'une
1247 2486 134 40 haute
1397 2498 171 27 saveur.
1594 2483 141 53 Après
1761 2498 85 26 une
1874 2482 195 54 Sympho-

110 2554 72 38 nie
201 2553 53 39 de
276 2552 255 40 Beethoven
555 2566 56 28 ou
631 2554 53 40 de
712 2553 186 52 Mozart,
931 2553 261 42 Schumann
1220 2555 235 39 intervient
1482 2566 171 27 comme
1677 2566 58 26 un
1763 2560 151 32 accent
1945 2552 107 39 utile
2076 2556 22 36 à

112 2620 248 52 l'équilibre
395 2620 104 40 d'un
522 2634 300 38 programme.

167 2688 122 41 Pour
301 2689 52 39 de
376 2689 151 51 jeunes
543 2691 239 38 musiciens
799 2691 28 38 il
847 2703 54 27 ne
921 2691 92 39 doit
1035 2703 79 39 pas
1133 2694 89 36 être
1239 2689 148 53 l'objet
1406 2689 129 40 d'une
1551 2688 129 40 étude
1702 2688 217 39 exclusive
1935 2702 8 33 ;
1970 2688 128 46 mais,

112 2762 129 46 après
261 2757 63 39 les
347 2756 259 53 classiques,
632 2758 28 39 il
684 2763 201 47 apparaît
908 2771 171 27 comme
1101 2771 86 27 une
1211 2759 214 38 nécessité
1443 2757 135 48 ;etsi
1602 2756 11 39 1
1634 2754 191 42 aimable
1850 2759 156 36 maître
2027 2756 74 51 qui

109 2825 39 39 le
180 2824 285 40 condamnait
494 2826 112 50 jadis
637 2826 147 40 l'avait
813 2828 318 38 sérieusement
1169 2827 192 49 négligé,
1387 2826 28 38 il
1439 2839 54 26 ne
1532 2826 131 38 serait
1704 2828 223 48 peut-être
1961 2837 80 39 pas
2064 2823 38 40 le

112 2892 232 39 mélodiste
366 2892 301 51 indépendant
689 2902 41 31 et
750 2893 305 41 l'harmoniste
1072 2895 384 49 ingénieusement
1477 2893 142 39 adroit
1640 2891 105 52 qu'il
1759 2900 64 31 est
1843 2891 188 40 devenu.

165 2958 125 41 Ainsi
319 2960 128 48 donc,
473 2961 227 40 admirons
733 2960 260 41 Schumann
1016 2975 104 26 sans
1156 2963 163 38 crainte
1350 2974 114 39 pour
1491 2968 125 32 notre
1648 2965 123 44 goût.
1810 2959 148 40 Même
1990 2972 112 39 pour

110 3041 104 26 ceux
237 3029 73 50 qui
331 3041 52 26 ne
410 3030 142 50 jurent
576 3043 85 38 que
683 3043 79 38 par
785 3030 75 47 lui,
884 3030 28 39 il
932 3029 93 41 faut
1054 3043 46 26 se
1122 3030 203 52 rappeler
1350 3042 85 39 que
1458 3030 35 38 si
1513 3030 159 50 poison
1695 3027 28 39 il
1748 3041 90 37 ya,
1862 3027 38 40 le
1923 3031 179 36 nommé

110 3095 258 41 Mithridate
392 3098 89 51 qui,
507 3097 126 51 jadis,
675 3110 46 27 se
743 3100 265 38 nourrissait
1031 3100 120 38 aussi
1174 3098 53 39 de
1249 3099 173 50 poison,
1448 3097 187 51 dépassa
1660 3096 62 39 les
1742 3106 20 27 ((
1785 3102 201 43 septante
2011 3105 21 27 ))
2062 3102 40 33 et

111 3176 54 27 ne
185 3161 90 43 s'en
308 3173 124 43 porta
453 3178 80 39 pas
556 3165 99 51 plus
678 3166 106 38 mal.

1431 3163 145 40 HENRI
1608 3161 270 41 MARÉCHAL.

272 3352 69 44 Le
370 3353 243 59 prochain
648 3363 52 36 n°
732 3355 58 44 de
821 3354 45 45 la
1192 3352 283 46 cMiiôicale
1566 3365 108 31 sera
1704 3354 233 43 consacré

792 3438 26 40 à
854 3434 205 44 HECTOR
1096 3432 318 46 BERLIOZ.
