2207 3632
917 141 204 27 ADOLPHE
1153 142 116 25 ADAM

2009 141 71 36 373

99 230 45 40 M
151 238 44 19 me
215 231 115 54 J.-B.
353 232 53 40 de
425 232 39 39 la
485 231 139 42 Motte
646 246 113 27 nous
797 241 65 32 est
901 247 194 38 apparue
1118 246 172 28 comme
1328 245 86 28 une
1433 233 236 40 cantatrice
1697 232 134 49 digne
1853 231 233 51 d'occuper

100 299 61 40 les
184 301 215 50 premiers
422 314 152 36 rangs.
601 299 58 42 Sa
683 302 99 39 voix
804 302 53 39 de
878 315 147 27 mezzo
1046 310 63 31 est
1134 301 103 40 d'un
1270 301 160 40 timbre
1466 302 154 51 exquis
1640 309 40 32 et
1699 299 131 40 d'une
1862 298 225 41 fraîcheur

102 381 96 26 rare
212 381 8 34 ;
245 381 45 26 sa
311 368 208 40 méthode
537 369 53 39 de
614 369 131 41 chant
763 382 152 27 assure
935 374 21 34 à
980 370 197 49 l'organe
1209 382 85 26 une
1309 370 213 39 émission
1544 367 201 53 parfaite,
1768 368 191 50 l'égalité
1977 367 112 39 dans

102 444 99 31 tous
218 435 62 40 les
300 438 227 48 registres,
553 445 40 31 et
613 450 86 26 une
724 437 279 40 articulation
1027 436 251 40 excellente.
1302 435 133 41 Enfin
1471 436 183 40 l'artiste
1673 436 188 53 possède
1897 434 173 41 l'intelli-

103 517 137 37 gence
257 504 76 40 des
354 505 135 51 styles
509 514 55 41 et,
597 504 158 53 qu'elle
779 508 236 50 interprète
1051 504 187 47 Mozart,
1265 502 276 50 Schumann,
1568 515 56 26 ou
1654 502 62 40 les
1755 502 214 40 mélodies
1992 515 65 27 mo-

101 572 156 40 dernes
274 572 52 40 de
360 572 163 42 Widor
543 582 41 32 et
599 574 53 39 de
673 573 38 54 J.
737 573 188 47 Bouval,
950 572 82 40 elle
1051 572 137 50 garde
1212 572 200 50 toujours
1433 583 84 27 une
1536 570 234 51 simplicité
1793 571 195 50 exquise.
2026 569 63 40 Le

105 645 150 34 succès
274 640 53 39 de
349 639 47 40 M
401 647 45 19 me
468 641 51 39 de
540 641 39 39 la
600 640 140 40 Motte
758 640 64 40 fut
845 640 76 40 des
939 640 100 50 plus
1057 638 84 40 vifs
1159 652 87 35 ;on
1265 638 58 40 lui
1349 636 268 41 redemanda
1642 640 143 36 même
1809 637 38 39 le
1868 636 148 53 Noyer
2035 636 54 40 de

105 706 277 52 Schumann,
403 709 35 39 si
460 708 199 52 joliment
681 711 298 47 accompagné
1000 706 80 40 àla
1104 706 138 51 harpe
1263 720 80 37 par
1382 704 46 39 M
1435 703 38 26 lle
1495 703 153 41 Renié.
1686 703 63 40 La
1786 708 178 47 réputée
1984 704 79 40 har-

106 777 111 49 piste
233 774 64 42 fut
319 776 216 40 acclamée
558 776 120 38 seule
697 776 111 38 dans
831 775 40 38 la
902 773 160 39 Source
1080 774 53 39 de
1152 772 136 41 Zabel
1310 781 40 31 et
1374 770 359 54 Contemplation,
1753 772 153 49 signée
1934 772 53 38 de
2007 784 81 27 son

106 855 121 35 nom,
252 842 144 40 tandis
420 855 85 37 que
527 841 151 41 Victor
702 840 142 41 Staub
864 840 256 52 triomphait
1143 853 172 27 comme
1334 841 204 50 pianiste,
1565 838 136 40 Henri
1725 836 161 42 Saïller
1912 851 173 27 comme

102 910 251 45 violoniste,
379 918 40 31 et
442 908 61 40 M.
529 908 293 42 Warmbrodt
852 921 171 27 comme
1057 910 239 49 interprète
1318 908 78 40 des
1419 908 321 50 compositions
1763 906 53 40 de
1837 905 37 54 J.
1901 906 188 40 Bouval.

718 1154 177 41 Notes
928 1153 543 53 bibliographiques.

166 1265 71 42 On
261 1281 21 25 a
303 1281 59 37 pu
385 1267 78 40 lire
498 1271 267 36 récemment
798 1267 110 40 dans
932 1267 61 39 les
1032 1267 214 50 journaux
1270 1279 99 38 que,
1393 1280 80 37 par
1495 1266 61 39 les
1580 1267 121 38 soins
1721 1266 52 39 de
1794 1263 62 42 M.
1892 1263 195 42 Gustave

113 1333 311 52 Charpentier,
465 1335 38 39 le
526 1336 300 50 compositeur
868 1335 84 38 ami
995 1334 58 39 du
1076 1334 175 51 peuple,
1277 1349 59 24 un
1355 1336 165 37 certain
1543 1333 185 40 nombre
1747 1333 269 40 d'ouvrières
2035 1332 54 39 de

110 1401 127 40 Paris
272 1403 176 40 avaient
471 1407 67 35 été
579 1402 193 40 admises
809 1403 317 48 gratuitement
1146 1415 54 26 au
1221 1401 183 40 théâtre.
1425 1400 61 40 Ce
1508 1405 221 46 généreux
1762 1400 256 41 socialisme
2037 1399 54 39 de

111 1469 186 41 l'auteur
337 1470 53 39 de
427 1469 154 40 Louise
616 1469 110 40 n'est
746 1483 79 38 pas
861 1483 103 26 sans
983 1469 256 51 précédents
1261 1480 9 37 ;
1298 1483 54 26 au
1369 1469 145 38 moins
1535 1482 27 36 y
1581 1467 130 40 eut-il
1745 1467 191 50 quelque
1961 1466 132 39 chose

110 1537 269 50 d'analogue
414 1550 106 26 sous
555 1538 40 38 la
633 1536 281 42 Révolution.
943 1535 96 41 Aux
1057 1535 205 41 Archives
1288 1534 372 55 départementales
1683 1540 35 33 et
1741 1533 282 39 communales
2041 1533 56 38 du

111 1604 284 54 département
418 1605 49 38 de
498 1604 41 39 la
572 1604 129 39 Seine
737 1602 87 53 (30,
861 1605 103 50 quai
1000 1602 255 53 Henri-IV),
1282 1616 45 27 se
1352 1610 203 33 trouvent
1581 1602 62 39 les
1678 1601 111 40 deux
1823 1603 145 49 pièces
2007 1601 66 39 sui-

111 1680 156 31 vantes
291 1687 6 23 :

168 1737 148 40 Fonds
330 1737 291 55 municipaux,
641 1737 36 40 D
706 1741 104 48 1986
836 1749 8 27 :
871 1749 20 27 ((
914 1737 243 40 Circulaire
1191 1737 56 40 du
1289 1737 176 40 Bureau
1503 1737 165 40 central
1693 1738 74 49 qui
1788 1743 87 32 met
1893 1739 21 35 à
1939 1735 39 39 la
2003 1735 69 39 dis-

113 1807 196 50 position
329 1806 53 39 de
418 1806 170 51 chaque
611 1806 319 50 municipalité,
952 1818 113 39 pour
1083 1806 38 39 le
1143 1806 98 51 jour
1261 1806 54 38 de
1340 1806 39 39 la
1403 1804 84 42 fête
1510 1806 76 38 des
1607 1804 254 46 Vieillards,
1886 1817 85 26 une
1994 1803 101 50 loge

115 1873 55 39 du
193 1873 171 40 théâtre
385 1873 77 39 des
480 1871 118 49 Arts,
618 1882 40 30 et
681 1873 62 39 les
766 1874 199 50 prévient
983 1886 84 38 que
1087 1873 62 39 les
1172 1870 107 42 frais
1299 1873 52 40 de
1385 1874 172 38 voiture
1580 1872 94 40 leur
1696 1880 148 32 seront
1867 1870 203 40 rembour-

115 1945 84 35 sés.
224 1963 54 4 —
297 1955 25 35 4
345 1938 214 42 fructidor
597 1954 56 26 an
677 1938 73 42 IV.
785 1952 20 26 »

167 2006 128 51 Ibid.,
320 2006 36 40 D
385 2020 95 38 1995
505 2018 8 28 :
546 2019 20 27 ((
592 2006 245 41 Circulaire
868 2008 58 39 du
950 2006 175 41 Bureau
1146 2007 164 40 central
1352 2021 82 25 aux
1474 2006 344 52 municipalités,
1851 2006 63 39 les
1945 2010 130 47 préve-

117 2083 105 32 nant
252 2075 105 52 qu'il
377 2089 22 25 a
424 2076 103 50 jugé
542 2074 248 52 préférable
812 2075 54 39 de
889 2075 193 39 célébrer
1098 2075 40 39 la
1161 2074 85 40 fête
1264 2074 77 39 des
1357 2073 238 41 Vieillards
1614 2074 112 39 dans
1750 2074 171 50 chaque
1946 2086 129 26 arron-

115 2143 259 46 dissement,
407 2156 85 38 que
531 2143 195 40 chacune
748 2142 151 40 d'elles
924 2156 105 26 aura
1045 2146 20 35 à
1091 2141 108 40 faire
1222 2142 211 39 conduire
1456 2142 62 38 les
1539 2140 224 41 vieillards
1781 2155 53 25 au
1856 2140 168 40 théâtre
2046 2140 54 39 de

117 2211 38 39 la
193 2210 284 52 République
506 2219 40 31 et
581 2211 78 39 des
694 2208 102 42 Arts
819 2224 80 38 par
917 2210 112 40 deux
1051 2208 190 42 officiers
1261 2210 284 51 municipaux
1580 2217 40 31 et
1656 2208 162 52 qu'une
1853 2221 169 27 somme
2046 2208 54 39 de

122 2291 73 39 150
215 2278 51 40 fr.
289 2279 95 39 leur
402 2291 96 27 sera
521 2280 159 38 remise
705 2282 21 35 à
752 2278 194 40 chacune
984 2290 113 40 pour
1124 2276 385 40 remboursement
1524 2276 53 40 de
1601 2285 98 31 tous
1722 2276 122 40 frais.
1868 2298 52 5 —
1943 2279 23 36 6
1985 2274 93 40 fruc-

118 2345 128 48 tidor,
282 2359 55 26 an
361 2345 51 41 V.
442 2357 22 27 »
487 2345 70 51 (V.
598 2358 86 27 une
706 2346 121 50 pièce
847 2345 58 40 du
929 2349 143 35 même
1092 2358 151 36 genre,
1268 2344 109 39 ibid.
1420 2344 52 48 D,
1500 2355 121 39 2917,
1644 2358 25 36 4
1701 2342 210 42 fructidor
1929 2357 55 25 an
2007 2340 93 52 VI.)

867 2576 256 54 Adolphe
1165 2576 199 41 Adam.

708 2682 68 53 (24
808 2683 140 52 juillet
985 2678 125 57 1803
1141 2678 32 57 —
1204 2678 31 57 3
1270 2682 88 38 mai
1386 2678 140 53 1856.)

188 2807 418 53 Adolphe-Charles
649 2805 159 45 Adam,
849 2806 107 39 dont
979 2818 57 27 on
1053 2819 21 25 a
1099 2803 170 41 célébré
1307 2817 45 26 ce
1393 2804 178 39 mois-ci
1611 2803 38 38 le
1671 2803 263 48 centenaire,
1957 2811 65 31 est
2045 2817 60 24 un

123 2878 120 40 élève
266 2878 53 38 de
350 2876 244 42 Boïeldieu,
635 2875 214 39 musicien
872 2873 247 47 charmant,
1157 2872 143 39 dénué
1319 2871 52 40 de
1390 2870 271 53 profondeur
1697 2883 102 26 sans
1818 2870 148 47 doute,
1993 2871 112 38 mais

122 2946 118 52 plein
264 2946 53 38 de
330 2956 131 28 verve
484 2951 41 32 et
548 2944 53 38 de
620 2942 178 46 facilité,
818 2940 211 40 excellent
1052 2940 193 39 écrivain
1268 2939 200 49 musical,
1493 2947 155 32 auteur
1667 2939 52 39 de
1736 2938 214 51 quelques
1967 2937 115 40 chefs-

123 3013 195 40 d'œuvre
339 3021 141 43 types,
499 3019 41 32 et
564 3012 74 50 qui
663 3018 73 31 eut
760 3008 39 40 le
839 3010 170 47 mérite,
1034 3007 85 40 fort
1141 3008 125 39 envié
1288 3021 79 38 par
1406 3007 54 40 de
1484 3007 99 52 plus
1606 3006 181 51 grands,
1813 3006 134 39 d'être
1967 3019 112 38 popu-

124 3082 107 39 laire
250 3092 9 27 :
285 3081 28 39 il
337 3093 258 36 commença
620 3091 70 27 ses
713 3077 153 40 études
879 3089 104 27 sous
1000 3075 39 39 la
1056 3075 212 39 direction
1286 3074 53 40 de
1355 3088 80 27 son
1451 3080 102 46 père
1569 3072 233 53 (d'origine
1820 3070 283 53 alsacienne),

125 3149 74 51 qui
240 3148 106 39 était
387 3145 260 53 professeur
669 3145 53 39 de
753 3144 133 51 piano
908 3157 55 25 au
986 3142 358 51 Conservatoire,
1389 3149 57 34 où
1486 3142 29 39 il
1550 3150 123 31 entra
1693 3154 54 26 en
1774 3144 99 47 1817
1899 3149 40 31 et
1962 3139 143 41 obtint

125 3230 59 26 un
207 3227 19 27 ((
252 3215 230 40 deuxième
522 3213 161 41 second
700 3212 143 50 grand
876 3212 95 51 prix
990 3222 37 28 )).
1063 3210 70 41 On
1153 3212 61 39 lui
1236 3211 92 39 doit
1345 3222 84 28 une
1449 3209 292 52 quarantaine
1762 3206 218 53 d'opéras,
1999 3207 108 40 dont

126 3284 39 40 le
187 3285 205 50 premier,
430 3281 150 40 Pierre
603 3288 37 33 et
682 3278 244 49 Catherine,
948 3287 65 32 est
1053 3280 52 38 de
1148 3281 117 49 1829.
1286 3277 86 40 Les
1396 3285 146 31 autres
1566 3288 219 37 ouvrages
1801 3275 306 52 dramatiques

129 3360 100 32 sont
251 3361 9 29 :
278 3349 263 51 Damilowa,
566 3348 125 41 Trois
702 3348 128 53 jours
845 3353 36 33 et
895 3360 81 26 une
989 3345 139 53 heure,
1136 3345 233 56 Joséphine
1383 3343 160 53 (1830),
1568 3344 36 39 le
1621 3342 202 41 Morceau
1843 3342 263 50 d'ensemble,

130 3419 37 39 le
193 3417 151 40 Grand
361 3417 128 49 Prix,
534 3415 187 42 Casimir
742 3414 163 52 (1831),
923 3414 36 40 le
979 3414 195 41 Proscrit
1209 3412 158 54 (1833),
1399 3411 89 42 Une
1526 3412 135 40 bonne
1683 3412 197 52 fortune,
1906 3410 36 39 le
1965 3408 149 42 Chalet
