2207 3632
2004 150 76 47 389

511 168 191 27 LETTRES
736 168 55 25 DE
824 168 51 25 LA
908 168 184 25 FAMILLE
1122 165 263 28 WODZINSKA
1417 167 24 24 A
1474 164 163 27 CHOPIN

872 417 280 43 LETTRE
1196 417 94 43 VII

790 526 133 41 [Lettre
946 527 43 32 de
1012 530 32 29 la
1061 529 94 30 mère
1178 528 43 31 de
1243 527 126 42 Marie]

299 652 224 41 Monsieur
544 653 200 40 Frédéric
770 652 190 55 Chopin,

1666 743 117 37 Paris,

1446 828 56 40 38,
1524 828 364 34 Chaussée-d'Antin.

123 938 241 40 (Estampilles
386 949 6 20 :
417 950 13 14 «
452 936 136 37 Thorn,
621 945 39 32 25
687 934 24 32 I.
739 947 28 24 »,
791 941 34 25 et
851 947 13 15 u
879 933 112 38 Paris,
1017 943 16 33 3
1059 932 86 32 févr.
1178 932 88 44 1837
1293 932 45 41 ».)

1251 1057 178 42 [Sluzewo
1458 1058 61 41 (1),
1547 1061 31 29 le
1599 1068 40 33 25
1658 1058 138 41 janvier
1818 1058 118 44 1837].

303 1140 107 41 MON
441 1155 251 25 EXCELLENT
715 1140 152 48 FRITZ,

139 1247 32 40 Il
186 1263 28 36 y
238 1262 22 25 a
284 1248 272 51 longtemps,
578 1246 102 40 bien
698 1246 256 51 longtemps
988 1259 86 37 que
1098 1258 113 26 nous
1236 1259 137 26 avons
1409 1260 101 35 reçu
1532 1256 124 30 votre
1681 1247 126 39 lettre
1838 1255 41 31 et
1917 1245 170 41 bientôt

83 1321 127 47 après
235 1316 38 39 le
296 1324 165 42 paquet
485 1329 103 25 avec
609 1315 62 39 les
694 1328 235 26 morceaux
952 1314 53 39 de
1038 1315 207 49 musique
1266 1326 112 38 pour
1400 1312 196 52 lesquels
1617 1313 37 51 je
1678 1326 54 26 ne
1752 1314 213 38 remercie
1987 1326 95 38 pas,

82 1385 113 38 mais
218 1385 38 50 je
280 1383 188 50 gronde.
488 1382 239 41 Comment
753 1394 237 28 avez-vous
1016 1395 57 37 pu
1099 1394 193 38 envoyer
1314 1394 46 26 ce
1381 1379 308 53 Keepsake(2)
1714 1385 15 35 ?
1768 1380 65 40 De
1865 1385 146 35 même
2033 1394 53 26 en

82 1451 175 51 parlant
285 1449 58 40 du
379 1451 133 50 piano
550 1463 112 26 vous
706 1448 149 41 n'avez
898 1462 78 38 pas
1000 1449 105 39 écrit
1129 1448 204 40 combien
1369 1449 28 39 il
1435 1448 141 40 fallait
1599 1462 111 26 vous
1734 1463 209 37 envoyer,
1969 1458 40 31 et
2034 1450 52 38 ici

82 1533 20 25 c
121 1528 65 30 est
210 1531 87 26 une
322 1517 134 40 chose
480 1516 106 52 qu'il
603 1516 93 41 faut
713 1519 148 38 savoir
884 1516 210 39 d'avance
1117 1530 112 38 pour
1247 1519 187 49 pouvoir
1456 1515 283 41 rassembler.

138 1586 50 55 Je
209 1600 112 26 vous
344 1588 162 50 prierai
544 1587 119 38 aussi
687 1586 52 39 de
774 1599 114 26 nous
932 1585 245 51 apprendre
1202 1589 21 34 à
1259 1585 147 50 quelle
1444 1585 179 39 adresse
1646 1585 27 38 il
1698 1599 22 24 a
1758 1590 67 35 été
1848 1586 180 50 expédié
2066 1589 21 34 à

83 1654 190 50 Dantzig
301 1654 75 52 (3),
401 1667 130 38 parce
555 1668 85 37 que
670 1667 113 26 nous
809 1666 137 26 avons
969 1653 167 39 calculé
1160 1667 84 37 que
1282 1656 35 37 si
1354 1653 206 51 Adolphe
1593 1655 105 38 était
1721 1652 191 41 informé
1932 1653 53 39 de
2007 1666 82 26 son

83 1724 183 41 arrivée,
292 1722 255 51 j'enverrais
572 1723 202 45 aussitôt,
810 1719 114 47 d'ici,
951 1735 60 24 un
1035 1720 169 39 chariot
1243 1725 22 34 à
1303 1720 206 51 Dantzig.
1543 1720 30 40 Il
1611 1719 70 53 n'y
1719 1735 21 25 a
1782 1721 97 39 d'ici
1923 1721 41 38 là
2005 1734 85 37 que

83 1803 45 39 25
158 1790 154 47 lieues,
349 1790 54 39 de
427 1798 117 32 sorte
586 1789 107 51 qu'il
725 1790 199 51 pourrait
963 1792 91 35 être
1076 1789 103 38 chez
1203 1803 112 26 nous
1341 1797 131 32 avant
1495 1789 38 39 le
1559 1790 261 50 printemps.
1848 1788 31 40 Il
1903 1788 78 41 fait
2005 1794 85 34 très

83 1862 124 38 triste
229 1861 53 37 ici
306 1870 7 34 ;
336 1859 156 51 depuis
516 1867 126 31 notre
664 1866 150 31 retour
836 1857 53 39 de
913 1856 231 51 Varsovie,
1158 1870 114 26 nous
1295 1856 185 41 n'avons
1505 1870 79 38 pas
1605 1858 84 38 mis
1705 1872 60 24 un
1787 1856 100 52 pied
1910 1856 177 48 dehors,

84 1936 40 30 et
159 1939 222 38 personne
420 1941 25 23 n
466 1935 64 30 est
567 1939 114 26 venu
720 1939 113 25 nous
861 1926 113 38 voir.

137 1993 63 41 La
226 1996 216 51 jeunesse,
482 1994 271 40 c'est-à-dire
776 2008 106 26 mon
905 1996 127 44 mari,
1060 1994 62 39 les
1147 1994 121 39 Félix
1288 2003 40 31 et
1352 1993 209 50 Casimir,
1593 1993 282 51 fréquentent
1897 1994 37 38 le
1956 1995 111 37 voisi-

84 2076 115 36 nage
222 2071 41 31 et
286 2063 258 46 s'amusent,
565 2077 72 25 car
665 2064 38 51 je
724 2076 112 26 vous
857 2063 94 50 prie
974 2062 54 38 de
1052 2064 140 38 croire
1216 2076 85 36 que
1324 2065 145 36 même
1490 2062 112 39 dans
1628 2070 110 31 cette
1760 2066 177 35 contrée
1961 2061 28 39 il
2011 2076 27 36 y
2064 2075 22 25 a

83 2131 78 39 des
199 2130 112 50 bals,
347 2131 76 39 des
457 2140 197 31 concerts
678 2140 40 30 et
742 2131 77 39 des
859 2131 207 39 théâtres.
1096 2128 126 42 Nous
1252 2139 147 31 autres
1433 2131 145 46 vieux,
1614 2128 276 41 c'est-à-dire
1931 2128 156 50 Marie,

83 2199 197 40 Thérèse
312 2207 41 30 et
391 2200 105 44 moi,
523 2211 114 26 nous
660 2211 189 26 menons
873 2211 86 26 une
978 2199 69 38 vie
1068 2197 197 40 solitaire
1290 2213 53 24 au
1381 2197 203 49 château,
1620 2206 41 31 et
1699 2197 219 49 l'horloge
1952 2210 139 26 sonne

85 2267 101 52 plus
206 2265 85 40 fort
316 2279 85 38 que
424 2267 159 50 jamais
606 2279 113 38 pour
744 2279 112 26 nous
885 2265 204 52 rappeler
1113 2265 40 40 le
1175 2274 199 31 moment
1397 2265 77 40 des
1498 2278 128 38 repas
1653 2278 55 26 ou
1731 2265 112 40 celui
1865 2265 57 39 du
1943 2278 146 38 repos,

86 2349 72 25 car
181 2347 113 26 nous
335 2347 54 26 ne
428 2347 203 38 pouvons
656 2335 124 38 avoir
817 2331 195 42 d'autres
1037 2336 302 49 occupations,
1379 2338 21 34 à
1433 2333 150 40 défaut
1620 2333 53 39 de
1710 2335 150 49 piano,
1886 2346 203 39 crayons,

87 2404 146 45 livres,
260 2411 79 30 etc.
367 2401 38 38 A
427 2415 165 38 propos
616 2402 52 39 de
691 2415 202 38 crayons,
920 2400 195 41 Thérèse
1144 2415 112 26 vous
1279 2403 157 38 envoie
1459 2416 58 25 un
1559 2401 151 39 dessin
1733 2400 78 41 fait
1831 2415 79 38 par
1931 2401 97 47 elle,
2053 2410 40 31 et

87 2484 69 26 me
176 2469 314 40 recommande
512 2469 53 40 de
583 2483 111 26 vous
717 2468 109 40 faire
849 2468 102 40 bien
973 2469 76 39 des
1079 2470 327 51 compliments.
1429 2468 30 39 Il
1482 2483 70 25 me
1575 2478 115 30 reste
1714 2472 21 35 à
1762 2482 111 26 vous
1903 2471 118 49 prier
2041 2469 53 39 de

86 2537 310 52 m'apprendre
418 2539 36 38 si
477 2536 62 40 M.
570 2536 320 53 Dzierozynski
915 2550 45 26 se
984 2545 155 32 trouve
1159 2541 22 35 à
1204 2537 144 46 Paris,
1375 2550 57 25 ou
1462 2535 102 40 bien
1591 2533 67 42 s'il
1682 2534 69 53 n'y
1793 2551 19 24 a
1842 2550 79 37 pas
1945 2541 82 42 été,
2053 2547 41 30 et

86 2604 120 41 enfin
229 2612 56 33 où
309 2605 29 39 il
358 2606 201 50 pourrait
596 2604 102 40 bien
727 2618 45 25 se
796 2613 178 31 trouver
997 2618 54 25 en
1068 2618 47 26 ce
1134 2613 213 32 moment.
1375 2603 34 40 C
1430 2613 64 30 est
1517 2618 60 25 un
1602 2613 152 30 avocat
1779 2603 53 40 de
1855 2603 234 46 Varsovie,

86 2675 112 38 mais
218 2686 171 26 comme
405 2673 28 38 il
456 2674 115 38 avait
596 2686 121 26 1.000
734 2672 145 40 francs
904 2680 293 43 appartenant
1221 2677 21 34 à
1268 2685 86 26 une
1376 2685 165 38 pauvre
1565 2673 134 49 petite
1723 2684 236 38 personne,
1981 2670 105 40 c'est

87 2743 220 51 pourquoi
340 2742 37 50 je
401 2755 44 24 m
463 2740 189 40 informe
675 2742 36 37 si
735 2743 366 47 soigneusement
1124 2740 53 39 de
1200 2740 76 39 lui.
1309 2738 87 40 Les
1427 2739 300 51 autographes
1768 2748 100 30 sont
1900 2739 164 39 admira-

87 2810 94 39 bles
204 2822 8 32 ;
239 2809 62 39 les
323 2810 336 49 post-scriptum
678 2808 54 38 de
756 2806 143 40 Heine
921 2816 40 31 et
984 2806 301 41 d'Arlincourt
1308 2808 138 38 m'ont
1482 2806 78 40 fait
1585 2806 232 52 beaucoup
1843 2807 53 38 de
1922 2806 169 51 plaisir,

88 2878 114 39 ainsi
226 2890 85 37 que
328 2876 38 38 le
390 2875 125 39 billet
532 2875 52 39 de
608 2874 199 40 Custine.

127 3019 50 41 (L
196 3017 171 42 Quoique
391 3016 167 32 l'endroit
581 3016 80 31 d'où
696 3018 31 29 la
751 3018 103 29 lettre
875 3013 52 33 fut
963 3015 110 32 écrite
1103 3015 85 32 n'ait
1214 3026 63 29 pas
1309 3015 55 31 été
1384 3013 161 42 indiqué,
1572 3015 23 30 il
1616 3014 59 41 n'y
1701 3025 17 21 a
1744 3024 117 22 aucun
1895 3013 108 32 doute
2026 3023 70 31 que

83 3076 91 25 cette
208 3071 103 30 lettre
343 3067 92 32 ainsi
456 3076 71 31 que
550 3068 32 30 la
617 3076 40 21 10
662 3070 13 16 e
710 3066 117 31 furent
854 3064 128 32 écrites
1007 3064 42 32 de
1074 3064 178 38 Sluzewo,
1290 3071 92 24 terre
1411 3063 256 41 patrimoniale
1697 3064 61 31 des
1789 3062 228 33 Wodzinski.
2045 3063 49 31 La

83 3120 131 40 phrase
238 3117 165 32 suivante
426 3124 85 33 peut
534 3126 43 21 en
597 3114 111 33 servir
732 3114 43 32 de
797 3124 156 30 preuve:
978 3123 16 23 u
1011 3114 254 40 Dépêche-toi,
1290 3124 59 22 car
1372 3113 22 31 il
1412 3125 22 29 y
1458 3125 17 21 a
1495 3125 17 33 3
1538 3113 116 32 milles
1677 3116 18 29 à
1711 3113 88 32 faire
1822 3123 42 21 en
1886 3120 117 33 poste,
2026 3123 14 19 »
2061 3120 33 24 et

85 3172 30 28 le
148 3168 129 32 timbre
299 3167 43 31 de
368 3170 32 29 la
425 3173 102 33 poste
563 3165 42 31 de
642 3165 137 31 Thorn.
811 3165 46 31 Le
890 3165 247 31 Dictionnaire
1162 3164 268 42 géographique
1471 3163 51 32 dit
1549 3173 70 32 que
1654 3166 32 28 la
1715 3170 92 24 terre
1855 3162 42 32 de
1931 3161 164 33 Sluzewo

85 3217 153 43 (district
254 3217 43 31 de
317 3216 200 39 Nieszawa)
551 3222 52 25 est
624 3215 93 32 situé
734 3217 17 29 à
780 3216 178 39 quelques
981 3221 135 25 verstes
1136 3213 43 32 de
1199 3216 31 29 la
1258 3213 172 32 frontière
1452 3212 46 31 du
1523 3222 174 31 royaume
1715 3220 34 24 et
1777 3212 43 31 de
1843 3215 32 28 la
1899 3212 146 38 Prusse,
2078 3213 18 30 à

87 3278 68 22 une
173 3267 160 32 distance
356 3266 42 31 de
425 3266 40 31 18
497 3265 207 32 kilomètres
727 3264 43 31 de
793 3264 135 31 Thorn.
964 3264 210 41 Egalement
1204 3270 92 25 cette
1327 3263 152 39 phrase:
1503 3272 16 21 «
1542 3262 102 31 Nous
1666 3272 153 30 passons
1844 3262 61 31 des
1926 3261 170 42 journées

82 3316 179 33 solitaires
296 3327 43 20 au
362 3316 151 31 château
545 3325 30 26 )),
599 3314 182 32 s'accorde
804 3324 84 22 avec
926 3316 50 28 les
1000 3313 254 32 informations
1287 3312 46 32 du
1371 3312 248 30 Dictionnaire
1641 3312 269 43 géographique
1918 3337 6 13 ,
1960 3311 63 41 qui
2046 3310 49 31 dit

84 3377 71 31 que
179 3369 32 30 la
231 3366 139 32 maison
388 3365 238 33 d'habitation
645 3365 42 31 de
711 3363 165 32 Sluzewo
901 3365 88 29 n'est
1010 3370 101 24 autre
1133 3372 71 31 que
1219 3361 153 33 l'ancien
1396 3361 154 33 château
1575 3363 171 31 restauré.

131 3416 49 42 (2)
203 3416 200 40 Iveepsake,
425 3415 201 33 almanach.

131 3466 48 45 (3)
199 3465 48 32 Ce
270 3466 109 40 piano
400 3464 50 33 fut
475 3465 279 41 probablement
781 3462 150 42 expédié
957 3473 65 29 par
1045 3472 86 22 mer.
