2207 3632
675 214 191 26 LETTRES
900 215 81 26 DES
1016 207 162 34 ÉLÈVES
1212 216 55 25 DE
1301 214 163 27 CHOPIN

1989 212 75 39 397

124 301 47 40 M
178 301 36 24 Ue
237 302 32 41 F
275 309 256 41 RÉDÉRIQUE
574 305 211 49 MULLER,
819 307 110 40 clans
954 322 86 26 une
1080 309 128 39 lettre
1235 310 130 38 écrite
1404 308 53 39 de
1488 306 172 42 Vienne
1691 306 37 39 le
1770 305 145 50 14-IX.
1944 310 119 48 1841,

72 371 196 50 apprend
308 386 85 36 que
418 373 38 39 la
494 373 236 41 Comtesse
753 374 143 52 Banfy
931 389 47 25 se
1001 377 106 38 rend
1146 381 21 34 à
1192 376 127 40 Paris
1355 389 103 26 avec
1488 375 38 39 le
1549 375 127 51 jeune
1700 376 191 49 pianiste
1931 373 134 40 Carlo

72 437 196 42 Fieltsch
286 437 73 54 (ou
379 440 143 51 plutôt
547 442 202 51 Filtsch),
776 444 72 49 qui
876 457 21 24 a
921 443 96 51 déjà
1050 449 148 45 gagné
1232 457 86 26 une
1342 445 190 38 certaine
1563 446 257 36 renommée
1840 446 20 35 à
1891 441 173 41 Vienne

73 515 41 30 et
136 520 53 26 en
215 507 213 51 Hongrie.

131 573 59 41 Sa
212 578 258 49 protectrice
492 576 45 40 M
544 585 40 14 me
608 578 53 38 de
680 577 143 52 Banfy
846 578 231 38 désirerait
1101 576 105 51 qu'il
1230 578 148 38 devînt
1400 576 150 40 l'élève
1573 578 52 38 de
1646 576 193 52 Chopin.

131 642 122 40 Dans
272 658 84 25 une
376 646 190 38 seconde
587 646 125 38 lettre
733 643 208 53 (Vienne,
965 645 38 38 le
1024 644 147 39 21-XII
1218 644 134 51 1841),
1371 644 46 39 M
1423 643 36 24 île
1479 644 162 40 Muller
1657 656 178 28 raconte
1855 646 38 38 le
1916 650 151 34 succès

73 710 53 39 de
143 724 80 26 son
245 714 190 48 premier
453 722 189 35 concert,
660 713 146 39 donné
827 712 113 39 dans
959 712 39 38 la
1017 712 108 38 salle
1146 710 236 41 Streicher.
1399 710 97 40 Elle
1517 726 21 24 a
1553 712 98 51 joué
1670 725 105 25 avec
1795 711 269 48 l'orchestre,

75 792 106 26 sous
206 779 39 39 la
281 780 214 39 direction
531 780 52 39 de
607 779 62 39 M.
708 779 147 54 Jamb,
883 779 39 38 le
961 787 174 30 concert
1169 778 53 38 de
1245 778 177 52 Chopin
1451 792 52 25 en
1521 779 50 49 fa
1608 780 187 47 mineur,
1836 781 112 37 ainsi
1983 792 84 36 que

75 844 238 42 l'Andante
329 849 204 49 spianato
557 856 40 30 et
615 848 39 38 la
679 847 231 51 polonaise
950 846 195 51 Déplus,
1168 846 83 38 elle
1275 860 21 24 a
1321 847 114 49 joué,
1462 848 139 48 parmi
1623 846 192 40 d'autres
1850 848 190 49 composi-

76 917 117 38 tions
218 918 145 37 moins
395 918 292 49 importantes
704 930 7 24 :
739 917 38 38 le
801 924 214 30 nocturne
1037 914 126 38 dédié
1187 917 21 34 à
1241 912 138 40 Miller
1402 922 39 30 et
1465 914 111 38 deux
1611 913 153 39 études
1797 914 53 38 de
1872 912 192 52 Chopin.

75 982 97 40 Elle
192 984 187 50 prendra
399 992 111 43 part,
534 997 104 26 sans
655 984 147 44 doute,
831 997 54 25 au
912 990 174 32 concert
1103 982 52 38 de
1183 980 46 39 M
1279 980 150 54 Jansa,
1457 982 111 38 ainsi
1593 980 99 51 qu'à
1716 981 40 39 la
1780 982 140 37 soirée
1941 994 101 36 orga-

76 1052 123 37 nisée
221 1065 78 37 par
321 1050 171 41 Mozart
516 1049 121 53 (fils).
667 1051 183 40 Ensuite
885 1051 84 40 elle
1009 1051 208 38 remercie
1249 1051 292 37 sincèrement
1569 1048 176 51 Chopin
1770 1048 51 39 de
1854 1048 58 39 lui
1949 1049 120 38 avoir

75 1118 129 39 dédié
227 1132 47 26 sa
296 1121 313 49 composition.

130 1186 122 40 Dans
275 1201 85 25 une
381 1189 226 38 troisième
626 1188 124 39 lettre
769 1189 132 38 écrite
922 1187 52 38 de
997 1185 186 45 Vienne,
1205 1185 38 38 le
1271 1183 138 51 23-IV
1427 1184 142 39 (selon
1587 1192 120 31 toute
1731 1182 266 52 probabilité
2014 1197 55 25 en

82 1258 137 47 1842),
235 1254 47 41 M
286 1254 38 24 lle
346 1255 60 40 M.
430 1257 59 39 lui
510 1256 195 51 apprend
730 1270 157 26 encore
909 1256 39 39 le
963 1260 149 35 succès
1130 1255 52 38 de
1199 1267 80 26 son
1296 1260 173 32 concert
1493 1251 159 51 auquel
1674 1253 194 38 assistait
1886 1251 38 39 la
1950 1256 119 34 mère

77 1324 55 38 de
155 1322 327 53 l'Impératrice.
505 1323 46 40 M
557 1323 36 23 lle
612 1323 62 40 M.
698 1338 21 25 a
740 1326 99 50 joué
866 1338 74 26 sur
964 1338 59 25 un
1049 1324 131 49 piano
1206 1320 203 51 fabriqué
1431 1325 152 45 exprès
1603 1333 112 37 pour
1731 1319 83 39 elle
1836 1333 78 37 par
1935 1317 111 41 Strei-

75 1390 120 49 cher,
222 1399 40 30 et
293 1391 83 39 elle
401 1406 22 24 a
447 1396 191 41 exécuté,
666 1394 141 49 parmi
845 1392 62 38 les
943 1403 173 27 œuvres
1149 1390 52 38 de
1234 1389 192 50 Chopin,
1449 1388 38 39 le
1519 1387 181 51 prélude
1721 1401 54 25 en
1797 1386 60 39 mi
1879 1389 186 43 mineur,

77 1460 115 36 ainsi
217 1472 85 37 que
326 1459 39 39 la
406 1459 232 51 polonaise
670 1473 50 25 en
753 1459 41 38 la
816 1460 171 52 majeur
1020 1458 151 38 dédiée
1190 1461 21 34 à
1236 1456 217 40 Fontana.
1486 1455 96 39 Elle
1622 1456 146 46 ajoute
1806 1468 85 37 que
1919 1456 35 37 si
1986 1454 83 39 elle

77 1530 149 46 répète
250 1526 62 40 les
331 1526 216 50 louanges
568 1526 161 51 qu'elle
753 1541 21 25 a
795 1540 169 36 reçues,
991 1524 103 41 c'est
1117 1526 287 49 uniquement
1434 1523 110 39 dans
1569 1523 38 38 le
1641 1522 76 39 but
1750 1523 52 38 de
1837 1522 63 39 les
1924 1531 121 30 trans-

77 1594 165 38 former
266 1608 82 25 aux
370 1608 112 38 yeux
506 1594 53 39 de
584 1594 178 51 Chopin
785 1608 52 25 en
863 1595 279 49 expressions
1166 1592 51 38 de
1256 1592 367 38 reconnaissance
1646 1603 154 26 envers
1824 1590 74 39 lui.

134 1697 45 40 M
185 1706 40 15 me
251 1698 52 40 E.
329 1713 56 24 DE
411 1713 50 24 LA
484 1698 161 40 ROCIIE
670 1700 91 49 prie
782 1697 179 52 Chopin
983 1698 53 39 de
1059 1698 60 38 lui
1142 1697 194 48 changer
1359 1709 68 25 ses
1448 1695 174 38 heures.

132 1803 47 39 M
186 1811 40 14 me
250 1803 84 39 CH.
361 1817 55 24 DE
440 1803 297 40 ROTHSCHILD
763 1804 93 49 prie
881 1801 176 52 Chopin
1082 1802 52 38 de
1155 1803 124 37 venir
1302 1800 100 39 chez
1428 1799 96 48 elle,
1552 1813 71 24 car
1645 1799 83 38 elle
1767 1798 227 39 désirerait
2017 1797 52 39 de

77 1885 205 26 nouveau
306 1884 46 26 se
377 1879 196 42 compter
597 1872 141 49 parmi
758 1884 69 26 ses
846 1871 160 38 élèves.
1030 1869 123 47 (Adr.
1180 1867 98 40 Cité
1294 1868 25 39 d
1340 1865 203 49 Orléans,
1568 1866 57 51 8.)

133 1938 123 40 Dans
276 1952 86 26 une
385 1939 189 39 seconde
598 1938 124 40 lettre
742 1938 83 39 elle
846 1938 57 39 lui
929 1939 155 38 envoie
1107 1951 69 25 ses
1202 1937 260 38 honoraires
1486 1947 111 38 pour
1615 1934 140 39 douze
1780 1934 146 49 leçons
1949 1942 40 31 et
2010 1933 59 39 lui

78 2006 220 40 demande
315 2008 36 37 si
369 2006 39 39 le
428 2006 124 39 dîner
569 2006 54 39 de
647 2006 40 39 la
709 2006 130 38 veille
856 2006 59 38 lui
942 2019 21 25 a
987 2006 78 38 lait
1088 2004 57 39 du
1166 2003 118 40 bien.

132 2074 122 40 Dans
278 2088 86 26 une
382 2076 241 45 troisième,
650 2074 126 38 datée
798 2074 58 38 du
881 2088 11 23 i
905 2079 28 14 er
938 2072 73 44 -V,
1041 2075 116 47 1842,
1198 2072 83 39 elle
1303 2072 193 49 exprime
1530 2074 21 34 à
1576 2069 178 51 Chopin
1785 2083 46 25 sa
1855 2067 216 52 profonde

78 2144 285 50 compassion
380 2156 112 37 pour
515 2140 119 41 l'état
675 2142 52 39 de
752 2156 46 25 sa
837 2145 125 35 santé
978 2150 40 30 et
1042 2141 59 38 lui
1142 2141 154 38 envoie
1319 2152 54 26 en
1408 2142 192 47 présent,
1636 2137 114 39 delà
1783 2145 96 42 part
1903 2137 52 38 de
1990 2149 80 26 son

79 2212 128 48 mari,
233 2225 59 25 un
312 2211 247 38 nécessaire
576 2210 52 38 de
649 2222 187 38 voyage,
856 2222 54 26 en
933 2209 39 39 le
988 2210 145 49 priant
1149 2208 53 38 de
1225 2205 92 41 s'en
1340 2208 151 37 servir.

134 2314 64 40 La
221 2314 232 40 Princesse
477 2314 262 40 CATHERINE
764 2312 178 42 SOUTZO
981 2311 193 41 s'excuse
1193 2312 23 39 d
1241 2313 120 38 avoir
1376 2311 57 39 dû
1457 2318 184 32 omettre
1670 2323 86 26 une
1778 2310 139 48 leçon.
1943 2305 124 54 (Adr.

79 2397 77 25 rue
181 2382 337 47 Saint-Lazare,
543 2384 82 38 cité
649 2380 270 52 d'Orléans.)

132 2493 48 40 M
185 2493 38 23 lle
247 2494 152 39 FANNY
424 2492 131 52 STAL,
581 2494 111 39 dans
716 2507 86 26 une
826 2493 126 39 lettre
994 2493 130 38 écrite
1146 2505 53 25 en
1224 2490 237 46 allemand,
1504 2489 218 39 demande
1746 2492 22 35 à
1792 2487 178 52 Chopin
2004 2485 67 41 s'il

83 2575 55 26 ne
160 2564 198 49 pourrait
378 2575 78 38 pas
482 2562 59 39 lui
560 2561 171 40 donner
762 2574 157 26 encore
941 2573 87 26 une
1051 2560 124 49 leçon
1201 2567 130 31 avant
1355 2572 81 25 son
1460 2558 167 50 départ.

135 2629 123 40 Dans
286 2644 85 25 une
409 2629 190 40 seconde
623 2629 126 40 lettre
791 2630 131 37 écrite
958 2641 53 26 en
1034 2627 205 49 français,
1283 2626 83 39 elle
1405 2626 60 38 lui
1503 2624 195 52 apprend
1723 2636 99 38 que,
1844 2636 77 37 par
1959 2623 113 38 suite

79 2697 52 40 de
152 2698 40 39 la
213 2698 193 39 maladie
449 2698 52 39 de
527 2711 47 26 sa
600 2703 135 40 mère,
770 2697 84 38 elle
877 2695 69 39 n'a
970 2709 58 37 pu
1049 2695 253 49 longtemps
1326 2693 181 39 toucher
1529 2692 58 39 du
1606 2693 150 49 piano,
1783 2692 113 36 mais
1916 2702 85 37 que
2024 2703 47 25 sa

79 2771 120 34 mère
221 2768 278 37 maintenant
516 2779 46 25 se
587 2772 175 32 sentant
785 2766 161 44 mieux,
980 2763 83 38 elle
1082 2764 92 49 prie
1199 2760 177 52 Chopin
1397 2761 52 39 de
1472 2771 326 28 recommencer
1813 2770 69 26 ses
1905 2757 164 49 leçons.

134 2875 47 40 M
186 2874 37 24 LLE
244 2875 110 55 JANE
377 2875 76 41 W.
500 2874 231 47 STIRLING,
776 2875 112 38 dans
929 2888 85 25 une
1043 2874 124 38 lettre
1198 2873 58 38 du
1291 2885 42 36 13
1347 2871 70 50 -II,
1449 2873 117 47 1848,
1597 2871 104 38 écrit
1725 2882 85 37 que
1851 2881 47 26 sa
1935 2881 134 31 sœur,

76 2943 48 40 M
130 2949 42 17 ME
194 2943 206 47 Erskine,
427 2942 68 40 n'a
533 2944 156 50 jamais
710 2942 38 40 le
773 2942 208 40 bonheur
1003 2942 52 38 de
1078 2949 177 31 trouver
1293 2939 179 51 Chopin
1512 2938 84 39 àla
1629 2939 175 37 maison
1830 2951 8 32 ;
1863 2936 83 39 elle
1981 2937 91 49 prie

79 3013 113 38 donc
214 3010 46 40 M
266 3019 40 15 ME
333 3011 110 41 Rich
482 3010 243 52 d'appuyer
753 3023 46 26 sa
824 3014 181 46 requête
1034 3016 266 32 concernant
1336 3008 38 39 le
1411 3015 173 32 concert
1620 3006 52 39 de
1710 3004 229 39 mercredi.
1976 3002 96 40 Elle

77 3080 219 40 demande
338 3079 368 51 principalement
729 3092 7 25 :
776 3092 85 36 que
889 3077 179 51 Chopin
1103 3090 45 26 se
1191 3078 118 38 fasse
1332 3088 192 39 envoyer
1557 3074 103 39 chez
1695 3074 59 38 lui
1779 3073 38 38 le
1841 3074 132 49 piano
1998 3085 74 26 sur

78 3148 145 50 lequel
241 3148 28 39 il
293 3148 150 52 jouera
466 3162 8 32 ;
502 3160 85 38 que
615 3147 39 39 la
677 3145 210 40 chambre
912 3154 223 31 attenante
1172 3149 21 34 à
1230 3144 40 39 la
1295 3144 109 39 salle
1443 3143 53 39 de
1535 3149 174 32 concert
1733 3142 84 37 soit
1839 3138 197 40 chauffée
2062 3154 7 32 ;

79 3225 40 30 et
143 3214 118 41 enfin
286 3229 85 38 que
404 3215 89 40 l'on
526 3221 99 33 aère
649 3215 39 39 la
726 3214 108 40 salle
872 3213 111 40 dans
1007 3214 62 38 les
1090 3212 252 40 intervalles
1366 3218 56 33 où
1446 3210 177 51 Chopin
1646 3222 54 26 ne
1731 3210 132 38 serait
1886 3222 79 37 pas
1998 3221 74 25 sur

76 3283 218 40 l'estrade.
322 3282 98 40 Elle
445 3284 145 50 ajoute
629 3284 121 37 avoir
793 3283 147 49 appris
963 3295 79 37 par
1079 3279 256 41 Neukomm
1359 3292 85 37 que
1465 3277 47 39 M
1554 3276 226 41 Orlowski
1818 3290 101 25 avec
1942 3274 102 51 quel-

78 3365 109 36 ques
212 3353 111 38 amis
345 3353 259 38 assisteront
630 3365 54 25 au
704 3358 189 31 concert.
915 3348 38 39 A
974 3358 111 30 cette
1110 3349 124 39 lettre
1253 3346 46 40 M
1305 3346 37 23 LLE
1367 3346 46 40 S.
1440 3348 108 50 joint
1573 3360 59 24 un
1651 3344 235 51 fragment,
1911 3343 161 40 traduit

75 3420 54 38 de
145 3418 221 51 l'anglais,
391 3421 180 38 traitant
599 3433 54 25 en
669 3418 184 51 phrases
881 3417 146 49 larges
1048 3425 40 30 et
1110 3416 171 39 élevées
1305 3415 53 39 de
1381 3415 39 39 la
1447 3415 150 51 poésie
1620 3422 40 30 et
1679 3413 52 39 de
1752 3413 9 39 1
1783 3421 64 31 art
1866 3421 41 31 et
1924 3425 46 26 se
1993 3420 60 30 ter-

74 3488 172 38 minant
268 3501 78 35 par
383 3501 70 25 ces
484 3495 117 32 mots
624 3497 7 28 :
669 3498 20 27 ((
724 3484 66 41 Ne
814 3485 135 40 doute
972 3497 93 38 pas,
1092 3487 23 37 ô
1139 3483 152 45 Poète,
1333 3484 111 38 mais
1470 3483 186 50 persiste
1688 3490 40 30 et
1764 3483 113 37 tiens
1919 3479 150 40 ferme.
