2207 3632
117 139 75 47 378

742 151 248 26 SOUVENIRS
1025 143 175 34 INÉDITS
1235 153 55 24 DE
1324 152 163 26 CHOPIN

116 243 134 41 fût-ce
268 248 146 35 même
431 258 59 24 un
511 242 95 54 Juif
624 255 103 26 avec
744 256 46 26 sa
817 241 150 50 barbe,
988 256 171 26 comme
1179 244 102 38 chez
1306 258 128 37 nous,
1454 258 169 37 pourvu
1647 242 105 53 qu'il
1776 259 54 25 en
1853 254 85 32 soit
1962 246 149 50 digne,

114 310 185 39 veuillez
326 308 272 42 rassembler
621 318 40 30 et
678 323 207 39 envoyer,
922 319 40 31 et
997 312 38 50 je
1058 324 110 26 vous
1197 324 54 26 en
1289 313 113 37 serai
1437 310 252 41 infiniment
1714 315 363 38 reconnaissante
2103 325 8 37 ;

115 380 113 36 mais
250 377 263 51 par-dessus
540 386 93 31 tout
656 391 371 27 conservez-nous
1047 387 123 32 votre
1191 381 164 46 amitié,
1376 392 112 27 vous
1512 380 210 50 possédez
1747 381 39 38 la
1811 384 123 37 nôtre
1957 382 154 52 depuis

113 446 271 50 longtemps.

1644 514 298 41 WODZINSKA.

939 780 279 47 LETTRE
1244 783 46 45 II

799 893 137 42 [Lettre
960 895 42 32 de
1023 895 110 33 Marie
1157 896 261 43 Wodzinska]:

331 1017 223 40 Monsieur
576 1017 184 55 Chopin,

282 1103 113 38 Paris,
418 1103 362 39 Chaussée-d'Antin,
800 1107 40 27 n°
861 1111 30 34 5.

1397 1176 164 40 [Dresde,
1587 1179 203 37 septembre
1818 1179 117 42 1835.]

164 1277 212 52 Quoique
398 1291 112 27 vous
554 1277 203 40 n'aimiez
786 1278 43 37 ni
856 1280 21 35 à
903 1278 206 40 recevoir,
1145 1277 43 38 ni
1212 1277 135 38 écrire
1371 1276 75 39 cles
1481 1277 164 48 lettres,
1681 1278 37 51 je
1753 1291 110 26 veux
1898 1288 210 42 pourtant

106 1344 186 54 profiter
325 1346 58 40 du
416 1346 153 51 départ
598 1346 53 38 de
674 1344 63 40 M.
764 1343 257 41 Cichowski
1044 1357 112 38 pour
1187 1357 111 26 vous
1319 1344 170 39 donner
1510 1344 75 39 des
1609 1346 228 39 nouvelles
1862 1346 53 40 de
1937 1346 170 41 Dresde

106 1414 157 51 depuis
294 1428 129 26 vous.
465 1414 49 53 Je
557 1416 92 38 vais
682 1414 113 38 donc
836 1426 157 26 encore
1031 1426 107 26 vous
1180 1426 212 38 ennuyer,
1436 1414 113 38 mais
1586 1413 99 51 plus
1722 1428 103 26 avec
1879 1428 105 27 mon
2019 1416 86 52 jeu.

106 1481 206 48 Samedi,
343 1482 182 51 lorsque
550 1496 111 26 vous
686 1495 113 26 nous
825 1483 226 49 quittâtes,
1078 1481 170 39 chacun
1281 1480 52 39 de
1365 1494 113 26 nous
1515 1494 46 26 se
1597 1484 250 48 promenait
1879 1485 138 49 triste,
2044 1484 63 39 les

103 1564 112 38 yeux
245 1551 185 51 remplis
454 1551 53 39 de
538 1551 178 49 larmes,
747 1550 111 39 dans
881 1563 48 25 ce
965 1549 127 39 salon
1115 1555 72 40 où,
1221 1548 216 50 quelques
1462 1558 193 30 minutes
1686 1558 148 40 avant,
1858 1564 113 26 nous
1993 1566 112 26 vous

103 1621 257 49 comptions
385 1633 156 26 encore
566 1621 141 49 parmi
732 1631 130 27 nous.
888 1616 109 41 Mon
1020 1623 102 45 père
1147 1625 146 31 rentra
1317 1615 171 41 bientôt
1510 1626 40 30 et
1573 1616 63 40 fut
1669 1617 150 39 désolé
1849 1618 53 40 cle
1937 1617 170 42 n'avoir

105 1699 78 38 pas
207 1701 58 36 pu
286 1699 117 27 vous
421 1686 109 39 faire
548 1699 73 26 ses
647 1686 171 40 adieux.
844 1685 73 40 Ma
942 1691 119 34 mère
1084 1699 53 25 en
1161 1685 147 51 pleurs
1327 1698 112 26 nous
1462 1685 216 51 rappelait
1702 1690 20 34 à
1744 1686 171 52 chaque
1938 1689 167 39 instant

105 1754 205 51 quelque
334 1756 100 38 trait
463 1770 16 19 «
508 1755 52 38 de
587 1767 81 27 son
693 1757 246 48 quatrième
967 1752 71 41 fils
1061 1753 203 40 Frédéric
1287 1768 17 20 »
1332 1753 189 51 (comme
1550 1753 82 39 elle
1662 1754 38 38 le
1726 1753 96 53 dit).
1846 1755 122 39 Félix
1989 1758 115 38 avait

103 1836 87 25 une
215 1824 123 37 mine
363 1831 92 31 tout
479 1821 179 41 abattue
685 1837 7 33 ;
733 1821 194 40 Casimir
950 1820 59 53 (1)
1028 1822 169 39 voulait
1216 1821 108 40 faire
1345 1821 75 39 des
1441 1821 308 51 plaisanteries
1769 1836 172 26 comme
1965 1828 21 34 à
2022 1837 81 26 son

103 1890 242 48 ordinaire,
372 1892 114 37 mais
512 1904 45 25 ce
585 1891 162 50 jour-là
771 1891 107 38 elles
901 1904 55 25 ne
979 1890 60 39 lui
1063 1891 312 38 réussissaient
1397 1903 94 37 pas,
1518 1904 72 25 car
1611 1890 28 38 il
1663 1889 148 41 faisait
1834 1891 39 39 le
1892 1892 212 50 paillasse

103 1959 156 38 moitié
282 1958 221 50 pleurant.
535 1957 107 41 Mon
668 1964 102 45 père
793 1971 45 26 se
858 1960 202 49 moquait
1090 1958 51 39 cle
1170 1971 114 26 nous
1308 1966 39 30 et
1376 1958 28 38 il
1429 1959 100 38 riait
1552 1958 227 39 lui-même
1808 1961 295 49 uniquement

102 2039 112 37 pour
237 2039 56 26 ne
315 2039 80 38 pas
412 2026 190 51 pleurer.
634 2025 38 39 A
694 2039 108 26 onze
825 2026 158 39 heures
1003 2023 53 54 (2)
1078 2028 94 37 vint
1195 2026 38 39 le
1255 2030 158 35 maître
1437 2026 52 39 de
1512 2026 131 39 chant
1666 2037 8 38 ;
1698 2026 38 39 la
1762 2026 125 50 leçon
1911 2028 84 38 alla
2019 2028 85 40 fort

101 2094 106 47 mal,
251 2106 113 27 nous
396 2107 54 26 ne
474 2096 219 49 pouvions
717 2108 78 37 pas
819 2094 197 40 chanter.
1046 2093 121 41 Vous
1192 2095 106 38 étiez
1329 2094 39 39 le
1392 2094 112 51 sujet
1534 2094 53 39 de
1610 2102 144 31 toutes
1787 2094 62 40 les
1873 2108 205 28 conversa-

101 2163 134 38 tions.
272 2161 121 39 Félix
418 2176 69 25 me
505 2162 257 40 demandait
784 2163 200 51 toujours
1008 2162 39 40 la
1080 2160 121 41 Valse
1222 2160 62 52 (3)
1305 2161 216 50 (dernière
1545 2162 132 39 chose
1701 2176 85 37 que
1811 2176 113 26 nous
1949 2166 154 38 avions

99 2244 129 35 reçue
252 2239 40 31 et
319 2231 220 39 entendue
564 2231 52 39 de
637 2228 130 55 vous)
809 2230 125 41 Nous
954 2233 229 37 trouvions
1204 2230 57 40 du
1284 2230 155 51 plaisir
1461 2242 7 26 :
1493 2244 82 26 eux
1599 2235 21 34 à
1646 2230 223 50 l'écouter,
1895 2234 89 38 moi
2010 2236 21 35 à
2062 2233 39 39 la

100 2299 138 50 jouer,
268 2313 72 25 car
367 2299 83 39 elle
474 2312 112 26 nous
615 2299 217 51 rappelait
855 2299 39 39 le
916 2298 113 40 frère
1052 2301 74 49 qui
1154 2301 149 37 venait
1325 2299 53 39 cle
1401 2312 113 26 nous
1535 2301 177 47 quitter.
1736 2299 50 53 Je
1808 2298 72 41 l'ai
1903 2305 151 46 portée
2079 2305 22 34 à

100 2366 130 39 relier
251 2377 8 37 ;
286 2364 273 42 l'Allemand
592 2381 21 25 a
639 2376 153 30 ouvert
816 2367 53 39 de
901 2367 167 49 grands
1096 2380 129 38 yeux,
1253 2366 149 50 quand
1427 2378 57 26 on
1519 2365 61 39 lui
1605 2380 21 24 a
1659 2371 175 35 montré
1855 2380 87 26 une
1981 2368 122 39 seule

100 2433 151 40 feuille
279 2445 8 38 ;
325 2433 47 51 (il
396 2447 55 26 ne
475 2436 144 37 savait
645 2447 95 38 pas,
767 2435 39 39 le
825 2434 196 41 Niemiec
1046 2433 74 53 (4),
1147 2449 78 37 par
1248 2436 74 48 qui
1346 2434 83 38 elle
1456 2435 115 37 avait
1589 2438 66 34 été
1683 2435 166 49 écrite).
1871 2434 231 41 Personne

102 2499 69 41 n'a
193 2501 104 39 dîné
319 2512 7 27 :
362 2515 56 26 on
439 2501 222 50 regardait
685 2503 200 52 toujours
910 2512 124 30 votre
1065 2503 123 51 place
1203 2501 245 40 habituelle
1465 2505 21 35 à
1508 2499 132 47 table,
1667 2503 98 49 puis
1796 2504 118 37 aussi
1938 2503 37 38 le
1990 2503 110 54 petit

99 2569 97 39 coin
220 2569 50 39 de
291 2568 118 40 Fritz
416 2601 7 6 .
452 2567 64 41 La
541 2571 133 49 petite
697 2571 148 40 chaise
868 2580 65 31 est
957 2572 199 51 toujours
1181 2574 21 35 à
1220 2583 47 26 sa
1288 2570 137 51 place,
1451 2578 41 31 et
1511 2567 340 53 probablement
1876 2570 29 39 il
1932 2584 53 25 en
2003 2584 95 26 sera

101 2639 112 38 ainsi
240 2640 124 37 aussi
388 2638 254 51 longtemps
677 2651 85 38 que
793 2651 114 26 nous
935 2651 271 38 occuperons
1230 2646 64 31 cet
1328 2645 320 43 appartement.
1679 2634 63 41 Le
1764 2637 103 47 soir,
1896 2649 58 26 on
1986 2650 113 27 nous

99 2705 226 40 conduisit
351 2705 103 40 chez
480 2720 71 25 ma
576 2714 120 31 tante
715 2719 112 38 pour
856 2719 112 26 nous
992 2708 136 37 éviter
1150 2705 40 40 la
1221 2707 196 38 tristesse
1440 2705 53 38 de
1515 2712 110 31 cette
1643 2705 216 50 première
1888 2706 156 45 soirée,
2076 2709 21 34 à

98 2773 197 51 laquelle
319 2787 111 26 vous
466 2773 195 40 n'auriez
684 2787 79 38 pas
788 2775 172 38 assisté.
985 2772 109 41 Mon
1127 2778 102 46 père
1260 2774 93 38 vint
1383 2785 113 26 nous
1518 2771 203 52 prendre,
1747 2771 146 40 disant
1914 2770 106 52 qu'il
2037 2771 61 40 lui

98 2844 135 37 serait
257 2841 282 52 impossible,
573 2844 114 38 ainsi
719 2840 98 53 qu'à
843 2855 129 32 nous,
1000 2841 53 39 de
1084 2849 138 32 rester
1237 2841 111 40 dans
1373 2849 110 31 cette
1505 2842 176 37 maison
1707 2853 45 26 ce
1775 2840 174 51 jour-là.
1974 2839 124 40 Nous

98 2913 299 47 éprouvâmes
419 2925 61 24 un
509 2910 144 50 grand
691 2909 104 40 bien
827 2914 20 34 à
880 2912 164 48 quitter
1072 2924 59 24 un
1156 2909 86 39 lieu
1279 2910 74 49 qui
1386 2908 273 40 renouvelait
1682 2917 96 43 trop
1814 2921 81 26 nos
1930 2910 151 49 peines

141 3062 46 44 (1)
212 3063 146 32 Casimii
381 3062 226 41 Wodzinski,
631 3063 89 31 frère
743 3062 42 31 de
806 3061 124 33 Marie.

140 3113 48 42 (2)
214 3113 59 31 On
296 3113 74 32 voit
393 3123 65 30 par
485 3123 58 21 ces
567 3115 141 38 paroles
724 3122 71 31 que
818 3111 142 41 Chopin
983 3111 116 41 quitta
1125 3109 135 33 Dresde
1279 3113 31 28 le
1330 3109 124 38 matin,
1472 3116 32 25 et
1527 3119 71 21 non
1625 3111 31 28 le
1675 3108 85 38 soir,
1782 3117 139 22 comme
1945 3111 31 28 le
1999 3108 50 32 dit
2069 3111 30 29 ie

96 3170 116 26 comte
233 3162 212 33 Wodzinski
463 3163 87 32 dans
567 3165 30 29 le
620 3162 87 32 livre
726 3162 290 40 précédemment
1036 3160 81 32 cité.

141 3212 47 45 (3)
213 3212 93 33 C'est
327 3216 31 28 la
375 3215 97 29 valse
494 3222 43 22 en
564 3213 33 30 la
625 3219 17 34 \)
668 3213 138 39 majeur
835 3221 60 21 sur
913 3212 155 40 laquelle
1091 3209 142 40 Chopin
1254 3208 146 32 écrivit:
1424 3217 16 21 ((
1463 3208 96 30 Pour
1577 3207 34 30 M
1619 3205 34 21 !le
1685 3205 124 38 Marie,
1834 3206 149 38 Dresde,
2007 3214 91 33 sept.

101 3262 87 44 1835
216 3272 27 29 )),
270 3269 31 24 et
325 3262 86 32 dont
434 3264 31 30 le
487 3269 116 25 comte
623 3260 215 34 Wodzinski
862 3261 119 31 donne
1002 3262 31 29 le
1056 3259 192 32 fac-similé
1268 3258 88 32 dans
1388 3268 64 21 son
1474 3257 99 37 livre,
1601 3256 215 40 prétendant
1850 3266 71 30 que
1957 3256 142 41 Chopin

95 3311 222 40 l'improvisa
336 3322 41 21 au
403 3319 157 24 moment
593 3311 42 31 de
658 3322 64 21 son
746 3310 125 41 départ
898 3310 43 31 de
970 3309 149 39 Dresde,
1139 3317 33 24 et
1207 3308 87 32 dont
1317 3308 23 30 il
1364 3309 176 38 n'envoya
1556 3309 31 27 le
1605 3304 195 32 manuscrit
1826 3315 71 31 que
1922 3309 177 38 quelques

97 3361 176 31 semaines
290 3363 81 37 plus
394 3360 90 38 tard,
504 3360 42 31 de
569 3360 113 31 Paris.
707 3360 224 40 Cependant,
952 3362 18 29 à
990 3369 43 21 en
1051 3360 104 40 juger
1173 3369 64 30 par
1252 3368 40 21 ce
1314 3367 69 31 que
1400 3355 150 42 qu'écrit
1574 3355 123 36 Marie,
1721 3353 144 42 Chopin
1886 3355 49 31 lui
1956 3355 95 33 offrit
2068 3358 31 30 le

97 3409 196 33 manuscrit
317 3409 43 30 de
378 3417 91 23 cette
484 3412 95 29 valse
603 3417 105 24 avant
728 3420 63 21 son
816 3409 123 40 départ
960 3409 42 31 de
1023 3409 148 31 Dresde.

139 3460 49 39 (41
209 3459 26 31 C
250 3466 51 25 est
322 3461 18 29 à
367 3458 77 32 dire
466 3459 225 31 l'Allemand.
