5016 6654
140 6564 85 45 328

76 105 136 44 Wegs,
278 94 107 42 dass
444 89 67 44 sie
567 87 78 45 mit
697 83 274 58 denjenigen
1028 83 79 42 der
1160 81 236 54 Impotenz
1441 77 122 56 (halb-

76 160 278 61 jesuitisch!)
406 155 305 59 handgemein
750 154 214 56 gemacht
1000 153 184 43 werden
1318 148 127 44 bloss
1485 148 77 43 des-

76 244 159 45 wegen
292 230 276 46 wiederhole
627 227 71 44 ich
752 226 241 44 sterbend:
1052 221 79 45 mit
1189 221 127 44 Hans
1376 217 213 44 Harbeck

77 304 219 49 kämpfen
336 302 167 45 Götter
541 299 143 46 selbst
721 297 268 55 vergebens.

982 366 85 42 Dr.
1099 362 49 46 S.
1180 357 352 49 Friedlaender

80 788 152 85 Ein
295 783 218 87 alter
572 771 581 110 Tibetteppich

83 952 148 46 Deine
271 950 146 53 Seele,
458 946 71 45 die
571 944 70 45 die
683 942 150 45 meine
873 939 137 45 liebet

83 1025 60 43 Ist
180 1021 208 46 verwirkt
427 1018 79 44 mit
544 1016 68 43 ihr
642 1014 60 44 im
741 1009 317 58 Teppichtibet

84 1135 147 45 Strahl
271 1132 44 44 in
356 1130 162 52 Strahl,
557 1126 215 46 verliebte
814 1125 191 51 Farben,

84 1207 175 49 Sterne,
300 1202 70 44 die
410 1200 97 44 sich
547 1195 292 54 himmellang
879 1192 279 45 umwarben.

84 1319 178 45 Unsere
301 1314 145 45 Füsse
485 1311 147 44 ruhen
673 1308 77 45 auf
791 1309 80 43 der
910 1301 294 49 Kostbarkeit

84 1375 848 57 Maschentausendabertausendweit.

87 1501 165 43 Süsser
292 1494 262 48 Lamasohn
595 1491 78 44 auf
712 1486 546 56 Moschuspflanzentron

85 1569 96 46 Wie
221 1568 131 55 lange
393 1566 132 43 küsst
566 1562 102 45 dein
699 1561 145 44 Mund
884 1560 87 41 den
1014 1556 183 44 meinen
1226 1552 122 45 wohl

87 1640 105 44 Und
230 1639 144 52 Wang
415 1635 70 44 die
524 1634 174 53 Wange
738 1627 361 57 buntgeknüpfte
1142 1623 160 45 Zeiten
1341 1622 160 43 schon.

987 1725 112 45 Else
1132 1720 417 48 Lasker-Schüler

1719 74 328 135 Lyrik
2117 72 177 108 für
2376 65 167 114 die
2621 65 400 110 Presse

1831 298 94 44 Der
1978 295 133 44 Geist
2152 296 79 41 der
2288 288 371 49 Feuilletonisten
2718 287 212 44 schäumt
2989 285 113 42 über
3142 284 89 42 den

1719 366 335 57 Doppelstrich.
2151 364 85 45 Die
2292 359 342 55 Volkszählung
2703 356 146 56 bringt
2908 353 168 46 Politik
3141 354 94 42 und

1720 438 145 46 Kunst
1924 447 161 33 ausser
2142 435 129 46 Rand
2328 433 94 43 und
2481 431 144 44 Band.
2721 429 94 43 Der
2876 421 359 56 Lokalanzeiger

1720 508 179 44 äussert
1937 506 120 44 sich:
2100 506 203 53 „Wovon
2344 514 107 32 man
2769 497 175 44 Zahlen
2986 493 155 46 reizen
3173 505 57 31 zu

1720 575 402 49 Kombinationen.
2180 574 87 45 Die
2307 572 296 45 Zählerkarte
2642 568 203 54 verlangt
2876 566 72 44 ein
2980 563 227 56 Sprachen-

1721 646 276 47 bekenntnis
2010 662 9 28 :

1917 746 128 44 Auch
2083 743 70 44 die
2184 741 144 54 Frage
2360 740 116 44 nach
2509 740 80 42 der
2618 736 203 56 Sprache
2843 735 174 44 könnte
3040 731 168 46 Schwie-

1798 801 220 56 rigkeiten
2058 798 227 46 bereiten:
2334 795 170 56 spricht
2551 806 106 31 man
2696 790 276 53 wallonisch,
3014 789 222 55 polnisch,

1800 858 253 44 masurisch
2103 857 114 43 oder
2263 863 81 45 gar
2391 849 311 47 kassubisch?
2785 849 94 43 Der
2922 844 313 57 gewöhnliche

1800 917 173 53 Bürger
2024 912 109 45 wird
2185 910 47 56 ja
2285 909 97 45 hier
2425 907 122 45 wohl
2591 919 77 30 um
2724 903 102 46 eine
2865 904 204 44 Antwort
3117 901 122 43 nicht

1799 972 211 55 verlegen
2046 968 113 53 sein,
2201 966 110 44 aber
2351 965 183 43 denken
2571 961 79 45 wir
2690 959 165 46 einmal
2898 972 58 30 an
2997 958 72 44 die
3112 959 101 42 deut-

1799 1029 144 43 schen
1988 1022 317 49 Schriftsteller
2353 1022 94 42 und
2509 1019 223 55 gestehen
2790 1015 79 45 wir
2931 1027 85 31 nns
3069 1012 169 45 ehrlich

1801 1088 85 49 ein,
1943 1086 106 41 dass
2106 1079 124 45 diese
2285 1078 176 44 Herren
2511 1074 232 45 bisweilen
2810 1071 72 45 ein
2940 1071 142 44 Idiom
3139 1068 72 44 hin-

1799 1140 254 52 schreiben,
2092 1149 93 32 von
2226 1136 104 42 dem
2372 1146 106 30 man
2516 1129 200 47 wirklich
2749 1127 121 45 nicht
2898 1127 168 45 wissen
3097 1127 138 51 kann,

1800 1198 60 44 ob
1904 1209 50 31 es
1995 1192 252 46 masurisch
2289 1192 113 43 oder
2440 1187 272 45 kassubisch
2753 1185 68 44 ist.

1838 1295 117 52 Nun,
1998 1292 71 44 die
2104 1287 317 48 Schriftsteller
2458 1298 109 32 vom
2597 1281 360 55 Lokalanzeiger
2996 1278 242 47 schreiben

1727 1366 161 43 immer
1921 1363 71 45 ein
2032 1362 158 52 Idiom,
2231 1361 82 43 das
2354 1370 50 32 es
2434 1356 257 54 überhaupt
2722 1352 121 45 nicht
2872 1351 105 56 gibt.
3037 1348 205 46 Deutsch

1728 1436 59 44 ist
1836 1447 51 31 es
1936 1431 239 59 jedenfalls
2227 1430 131 44 nicht.
2438 1426 85 46 Die
2565 1423 317 47 Schriftsteller
2930 1433 106 33 vom
3079 1419 135 44 Lokal-

1730 1504 213 56 anzeiger
1981 1505 185 42 kennen
2208 1498 216 46 natürlich
2467 1497 72 44 ein
2578 1494 303 57 lyrisches
2921 1491 139 44 Idiom
3103 1488 135 54 nicht,

1728 1588 96 32 was
1879 1587 51 32 es
1985 1574 118 44 eben
2156 1571 104 56 gibt.
2339 1570 96 44 Das
2489 1564 324 49 Kennzeichen
2869 1564 79 43 der
2999 1560 134 55 Lyrik
3187 1557 58 45 ist

1729 1646 73 44 für
1850 1645 124 45 diese
2023 1640 317 49 Schriftsteller
2380 1641 80 43 der
2500 1636 138 48 Reim.
2716 1635 132 44 Noch
2889 1633 174 42 immer.
3141 1629 105 45 Und

1733 1720 82 42 das
2249 1712 47 44 In
2365 1708 213 46 deutsch:
2644 1701 392 50 Sentimentalität.
3140 1701 106 44 Wer

3363 55 137 45 keine
3551 54 143 44 Prosa
3748 50 214 51 versteht,
4015 47 98 45 darf
4162 44 72 45 bei
4277 45 79 44 der
4411 41 164 46 Poesie
4619 39 120 46 nicht
4780 39 76 44 mit-

3363 127 154 43 reden.
3610 125 133 43 Denn
3811 120 70 44 die
3947 119 157 52 Prosa,
4157 115 71 45 die
4278 115 291 54 sogenannte
4627 110 251 45 nüchterne

3366 197 144 43 Prosa
3561 194 55 44 ist
3666 192 68 44 ihr
3782 187 311 48 Fundament!
4173 185 240 46 Gestehen
4462 182 79 45 wir
4581 193 85 32 uns
4709 178 167 46 ehrlich

3367 265 86 55 ein,
3514 267 106 42 dass
3681 260 133 57 Lyrik
3873 260 101 44 eine
4032 268 81 46 gar
4166 254 302 47 kassubische
4523 250 360 56 Angelegenheit

3365 335 149 46 b,eibt
4676 374 150 46 Trust

3370 629 760 90 Beachtenswerte
4189 622 332 85 Bücher

3362 769 272 37 Ausführliche
3669 766 273 42 Besprechung
3975 762 254 34 vorbehalten

3365 826 284 40 Rücksendung
3662 823 120 33 findet
3796 821 37 33 in
3848 820 153 33 keinem
4018 818 102 33 Falle
4135 817 94 34 statt

3365 897 152 54 MAX
3558 889 486 59 DAUTHENDEY

3534 977 276 66 Weltspuk
3846 975 22 69 /
3908 975 183 54 Lieder
4129 973 93 51 der
4257 966 463 70 Vergänglichkeit

3620 1061 164 55 Verlag
3823 1060 154 44 Albert
4017 1058 186 53 Langen
4243 1055 234 44 München

3370 1146 369 61 FRIEDRICH
3781 1143 183 55 KURT
4002 1138 386 57 BENNDORF

3538 1232 215 55 Samain
3792 1229 20 69 /
3853 1227 267 65 Gesangs-
4161 1224 106 52 und
4308 1220 423 67 Umdichtungen

3623 1314 163 56 Verlag
3826 1312 48 46 E.
3914 1312 65 44 W.
4021 1309 187 45 Bonsch
4249 1320 42 30 u.
4332 1306 67 43 Co
4439 1303 251 47 München'

3372 1512 373 45 Verantwortlich
3784 1511 72 43 für
3897 1508 70 45 die
4008 1503 337 55 Schriftleitung

3374 1582 330 47 HERWARTH
3744 1579 253 47 WALDEN
4038 1579 16 54 /
4095 1569 542 52 BERLIN-HALENSEE

3457 1651 319 36 Verantwortlich
3800 1650 62 33 für
3885 1648 58 34 die
3967 1646 289 40 Schriftleitung
4280 1644 37 33 in
4343 1638 424 42 Oesterreich-Ungarn

3460 1710 23 32 I.
3505 1709 60 33 V.:
3588 1707 128 34 Oskar
3740 1705 235 35 Kokoschka

1056 3383 2885 237 BUCHDRUCKARBEITEN

2092 3688 454 115 ALLER
2620 3681 292 115 ART

1645 4013 108 88 IN
1828 4009 653 95 MODERNER
2556 3982 809 112 AUSFOHRUNG

1645 4155 169 88 BEI
1862 4148 650 92 BILLIGSTER
2559 4138 800 98 BERECHNUNG

1652 4290 433 105 IIEFERT
2150 4287 182 88 DIE
2383 4277 979 98 BUCHDRUCKEREI

1049 4612 460 159 CARL
1611 4578 1057 180 SCHOSSLER
2779 4673 48 27 -
2962 4582 1006 159 HANNOVER

1906 4802 1050 112 ARTILLERIESTRASSE
3030 4798 81 89 IS
3806 4832 152 27 —
