5115 7317
163 7029 83 41 104

177 286 424 61 Gedankengang
657 286 138 53 ihres
855 285 189 53 Urteils
1103 284 82 49 für
1242 279 437 61 unverständlich,

177 377 332 55 widersinnig
547 376 106 48 und
684 404 79 4 —
799 372 322 59 unfreiwillig
1157 371 232 49 komisch
1430 367 248 57 erklärte;

175 472 73 46 sie
273 466 216 48 würden
517 463 424 50 wahrscheinlich
966 459 258 59 garnichts
1254 473 174 44 sagen,
1455 456 222 52 sondern

178 554 81 48 die
304 550 224 49 Achseln
574 548 193 52 zucken
815 551 102 47 und
962 546 196 50 lachen.
1234 542 86 49 Ich
1365 541 182 64 denke,
1596 542 82 49 die

174 636 263 52 Dichterin
468 640 135 48 wird
630 635 324 58 desgleichen
987 640 101 42 tun.
1149 632 83 47 Ich
1260 630 314 51 meinesteils
1603 655 72 6 —■

177 726 66 49 da
275 723 86 51 Sie
393 726 167 47 meine
596 722 209 48 Ansicht
836 735 61 35 zu
931 720 166 47 hören,
1124 715 282 50 wünschen
1436 740 79 7 -—
1543 712 139 51 halte

177 810 93 51 das
305 807 338 58 abgeurteilte
677 806 218 49 Gedicht
928 805 81 47 für
1040 806 142 45 eines
1215 802 138 52 ihrer
1384 799 296 58 schönsten,

171 895 119 47 weil
320 893 338 58 einfachsten;
687 891 92 49 das
799 905 125 44 sage
950 890 80 53 ich
1064 885 359 54 ausdrücklich
1450 884 232 66 deshalb,

177 984 117 46 weil
345 981 246 49 manches
644 978 160 50 andre
856 974 220 51 Gedicht
1124 989 107 35 von
1282 971 118 52 Else
1450 969 224 49 Lasker-

175 1069 218 50 Schüler
425 1072 46 45 in
503 1070 92 47 der
625 1065 99 49 Tat
754 1080 60 35 so
846 1061 373 58 labyrinthisch
1250 1060 188 57 gebaut
1469 1062 82 59 ist,
1581 1057 98 48 daß

177 1160 110 50 sich
337 1160 91 48 der
476 1152 356 60 gewöhnliche
881 1148 400 65 Zeitungsleser,
1330 1145 187 52 dessen
1569 1142 88 48 lite-

178 1245 254 51 rarisches
475 1241 163 48 Urteil
681 1239 98 48 den
822 1238 201 49 Herren
1067 1234 252 54 Richtern'
1358 1227 321 60 maßgebend

175 1334 214 62 scheint,
436 1330 166 57 gewiß
651 1328 136 49 nicht
831 1326 135 49 ohne
1010 1322 280 57 vorherige
1334 1314 343 55 Erweichung

174 1425 172 49 seines
394 1413 408 54 vertrockneten
853 1407 224 51 Gehirns
1129 1401 341 52 hineinfinden
1522 1398 150 48 kann.

171 1505 260 51 Natürlich
466 1501 148 50 stelle
647 1499 83 48 ich
759 1497 155 49 Ihnen
945 1496 111 62 frei,
1090 1495 142 49 diese
1265 1492 167 46 meine
1466 1482 177 52 unmaß-

172 1589 233 61 gebliche
445 1586 246 59 Meinung
730 1597 63 35 zu
832 1578 440 52 veröffentlichen.

1148 1705 191 49 Besten
1369 1696 140 52 GruB

1145 1754 365 114 Dehmel

282 1969 69 52 Es
374 1972 152 56 möge
553 1971 109 47 hier
685 1966 262 50 nochmals
972 1966 93 48 das
1087 1955 343 54 mißhandelte
1456 1950 220 51 Gedicht

174 2057 162 50 selbst
376 2055 196 51 stehen.

174 2358 228 83 Leise
465 2382 251 78 sagen

257 2618 78 50 Du
369 2616 201 50 nahmst
604 2615 79 48 dir
712 2611 95 50 alle
840 2610 183 49 Sterne

255 2701 172 49 Ueber
463 2699 218 48 meinem
717 2693 218 53 Herzen.

257 2811 173 51 Meine
472 2809 279 50 Gedanken
792 2807 240 49 kräuseln
1074 2803 108 51 sich

260 2897 87 49 Ich
380 2894 117 50 muß
535 2899 198 44 tanzen.

283 3007 187 50 Immer
502 3010 104 44 tust
641 3005 66 49 du
741 3005 110 60 das,
886 3019 115 34 was
1033 3001 131 48 mich
1201 2999 316 50 aufschauen
1552 2995 118 57 läßt,

251 3092 141 49 Mein
426 3092 173 49 Leben
635 3104 61 35 zu
729 3090 202 52 müden.

255 3204 83 50 Ich
371 3205 132 48 kann
538 3207 97 47 den
667 3203 183 49 Abend
879 3203 138 50 nicht
1049 3200 147 52 mehr

251 3287 173 52 Ueber
460 3291 79 50 die
575 3288 209 51 Hecken
822 3292 195 54 tragen.

253 3403 73 50 Im
360 3403 206 58 Spiegel
602 3406 93 49 der
729 3402 172 50 Bäche

278 3489 156 52 Finde
471 3489 80 48 ich
587 3493 135 47 mein
759 3489 114 49 Bild
909 3489 138 49 nicht
1083 3485 160 50 mehr.

250 3603 131 50 Dem
409 3603 251 57 Erzengel
685 3601 118 50 hast
829 3605 68 49 du

251 3689 97 55 Die
376 3688 381 53 schwebenden
789 3689 178 58 Augen
1000 3684 284 58 gestohlen.

252 3806 137 50 Aber
421 3806 87 48 ich
540 3804 192 49 nasche
767 3814 124 36 vom
928 3800 142 49 Seim

250 3894 142 50 Ihrer
420 3892 176 48 Bläue.

248 4010 139 49 Mein
417 4008 137 49 Herz
585 4006 121 60 geht
735 4005 232 56 langsam
996 4004 152 47 unter

254 4097 84 50 Ich
371 4095 134 49 weiß
541 4092 138 50 nicht
712 4103 87 36 wo
830 4115 78 8 —

249 4207 266 51 Vielleicht
552 4209 47 47 in
637 4206 176 49 deiner
848 4199 163 53 Hand.

251 4291 241 52 Ueberall
531 4288 150 58 greift
717 4291 73 45 sie
829 4301 64 34 an
929 4284 135 50 mein
1101 4278 124 50 Gew
1226 4292 7 10 r
1238 4277 110 51 ebe.

1014 4394 119 51 Else
1175 4387 440 54 Lasker-Schüler

283 4658 84 49 Ich
414 4656 132 49 habe
595 4654 276 51 denselben
916 4649 204 64 jProzeß
1171 4650 48 47 in
1267 4645 178 54 Berlin!
1484 4640 184 51 führen

168 4746 186 48 lassen.
420 4741 123 51 Hier
580 4743 47 46 in
664 4738 171 49 Berlin
871 4742 65 46 ist
974 4753 57 35 er
1066 4733 263 58 endgültig
1366 4744 78 36 zu
1480 4727 141 49 Gun-

168 4833 161 46 sten
364 4827 124 49 der
523 4822 397 50 Dichterin
956 4816 331 53 entschieden
1324 4816 102 50 und
1463 4816 82 49 die
1579 4810 62 50 be-

166 4914 175 58 klagte
373 4912 216 58 Zeitung
623 4922 117 36 zum
776 4906 413 49 Schadenersatz
1224 4899 270 52 verurteilt
1529 4910 106 36 wor-

169 5003 114 47 den.
348 4997 84 48 Ich
466 4993 178 51 werde
680 4992 220 50 darüber
937 4997 47 46 in
1020 4992 91 48 der
1144 4986 249 50 nächsten
1428 4982 242 50 Nummer

168 5086 173 49 dieser
371 5077 291 53 Zeitschrift
693 5074 310 51 ausführlich
1036 5071 279 51 berichten.
1375 5070 85 49 Ich
1493 5079 179 40 warne

169 5167 126 47 aber
321 5164 160 51 schon
506 5163 154 49 heute
688 5164 80 49 die
796 5158 282 53 deutschen
1105 5151 569 62 Zeitungsredakteure,

170 5251 181 58 irgend
387 5252 114 47 eine
539 5246 257 57 Dichtung
833 5245 170 50 dieser
1042 5239 290 52 Zeitschrift
1369 5241 147 49 unter
1555 5237 118 49 dem

175 5331 469 62 „Gesichtspunkte
689 5331 91 49 der
824 5325 392 59 unfreiwilligen
1257 5321 184 57 Komik
1446 5322 27 19 44
1521 5319 124 51 nach-

171 5418 311 49 zudrucken.
544 5416 82 48 Ich
659 5415 132 49 habe
823 5414 165 49 nichts
1019 5412 250 61 dagegen,
1302 5409 97 49 daß
1434 5407 80 50 die
1546 5405 98 49 Her-

171 5515 92 38 ren
288 5501 164 54 Kunst
479 5500 233 49 komisch
738 5497 188 52 finden.
985 5498 87 50 Ich
1096 5497 179 50 werde
1302 5498 75 46 sie
1406 5494 123 51 aber
1559 5493 88 49 dar-

172 5600 63 35 an
270 5586 229 62 hindern,
535 5584 141 49 ihren
710 5583 148 51 Geist
893 5597 62 36 an
992 5583 165 55 Kunst
1191 5577 336 59 aufzugeilen.
1590 5574 82 49 Ich

169 5674 180 48 werde
390 5671 133 46 mich
564 5671 47 45 in
653 5670 107 51 ihre
802 5666 501 57 Verstandesregion
1345 5661 329 51 hinunterbe*

173 5752 167 58 geben
386 5754 103 48 und
534 5752 149 49 ihnen
729 5753 282 61 beweisen,
1059 5749 98 52 daß
1208 5749 264 58 Impotenz
1517 5745 149 49 keine

169 5836 320 51 Gesundheit
529 5838 78 49 ist.
675 5837 204 54 Kranke
919 5837 157 49 Laien
1118 5836 170 50 halten
1331 5835 108 50 sich
1479 5830 75 51 oft
1590 5831 81 49 für

169 5922 215 56 gesund.
456 5919 122 50 Man
619 5920 133 48 kann
798 5940 56 35 es
893 5923 151 52 ihnen
1090 5924 217 53 gönnen.
1379 5920 86 50 Sie
1509 5915 162 52 sollen

169 6006 124 49 aber
321 6003 138 52 nicht
489 6005 321 51 exzentrisch
840 6008 212 49 werden
1082 6006 189 52 wollen
1301 6007 102 49 und
1431 6001 242 56 Künstler

164 6091 97 47 mit
294 6089 117 48 dem
445 6086 208 51 Ausfluß
689 6083 133 57 ihrer
858 6090 389 56 Unfähigkeiten
1283 6087 262 56 besudeln.
1583 6087 90 50 Sie

169 6173 168 49 sollen
366 6175 70 48 im
469 6173 177 48 Lande
680 6171 200 50 bleiben
916 6179 99 48 und
1052 6177 107 47 sich
1195 6176 191 51 redlich
1421 6174 90 50 mit
1543 6172 97 49 Ver-

168 6257 271 49 mischtem
475 6257 209 62 nähren,
720 6259 107 49 ihre
862 6257 410 62 Vergnügungen
1308 6265 66 47 im
1411 6257 260 59 Radsport

168 6343 105 47 und
306 6342 66 47 im
404 6339 321 58 Rasensport
758 6342 207 61 suchen,
1000 6345 101 47 und
1136 6345 106 49 sich
1279 6364 63 34 an
1378 6350 90 49 der
1505 6343 164 52 Börse

165 6424 104 49 und
301 6424 87 50 auf
418 6427 117 49 dem
566 6423 514 60 Hypothekenmarkt
1112 6428 274 60 betätigen.
1448 6427 223 54 Lokales

167 6509 151 50 diene
347 6510 150 49 ihnen
526 6524 94 35 zur
644 6509 360 62 Zerstreuung.
1060 6511 164 55 Kunst
1252 6516 126 49 aber
1406 6515 161 51 sollen
1595 6519 76 49 sie

166 6593 140 52 nicht
346 6594 278 57 begreifen.
693 6594 162 55 Kunst
898 6596 117 49 muß
1058 6610 98 39 vor
1196 6597 339 53 Prostitution
1578 6616 62 44 ge-

167 6677 203 51 schützt
407 6681 229 49 werden.
701 6677 146 50 Denn
884 6680 164 56 Kunst
1086 6682 198 53 fordert
1320 6683 173 54 Liebe.

1434 6797 72 52 H.
1542 6797 71 52 W.

1820 277 152 81 Die
2035 277 244 83 blaue
2343 278 269 82 Dohle

1816 479 110 52 Von
1959 479 165 53 Franz
2158 479 234 53 Herczeg

1922 647 122 51 Man
2091 649 271 51 unterhielt
2407 651 107 48 sich
2561 650 128 50 über
2732 650 96 49 das
2870 648 173 53 Leben
3091 649 101 51 und
3236 652 82 49 die

1812 735 228 62 Frauen;
2106 741 156 63 einer,
2329 741 91 49 der
2487 741 173 49 bisher
2727 739 345 57 schweigsam
3142 741 177 60 dasaß,

1813 825 186 54 sprach
2027 823 239 58 plötzlich
2292 825 102 49 und
2423 822 227 50 erzählte
2675 820 239 60 folgende
2943 823 375 60 Begebenheit:

1925 964 51 50 In
2002 967 188 57 jtlngen
2218 963 190 54 Jahren
2435 964 114 52 fuhr
2572 963 85 48 ich
2683 977 105 37 von
2815 964 90 51 der
2932 963 162 52 Sankt
3120 964 200 50 Annen*

1818 1053 193 50 Puszta
2048 1055 47 46 in
2133 1054 80 48 die
2252 1051 165 54 Stadt.
2482 1050 78 50 An
2598 1050 167 49 einem
2801 1049 226 52 schönen
3067 1049 254 51 Oktober*

1812 1139 329 59 nachmittag.
2208 1137 95 54 Die
2343 1137 175 50 Sonne
2557 1136 242 50 beschien
2838 1138 81 50 die
2956 1135 213 52 Wiesen
3207 1149 113 38 sen=

1808 1226 138 56 gend
1983 1228 101 48 und
2123 1226 161 56 gierig
2323 1225 101 48 und
2463 1225 134 47 trotz
2638 1221 219 50 alledem
2896 1225 90 48 mit
3026 1221 117 50 dem
3182 1226 109 47 trau-

1810 1313 143 56 rigen
1997 1309 194 50 Glänze
2237 1309 93 51 der
2371 1308 159 50 Liebe
2576 1309 258 52 alternder
2880 1307 235 53 Männer.
3190 1308 126 55 Kein

1806 1395 221 50 Mensch
2060 1394 85 50 auf
2177 1396 91 48 der
2301 1397 191 47 weiten
2524 1392 191 53 Ebene.
2775 1392 114 50 Wir
2919 1394 185 51 kamen
3138 1408 64 35 an
3236 1394 81 48 die

1813 1484 468 59 Ziegelbrennerei;
2342 1486 134 49 auch
2535 1486 112 50 hier
2706 1487 387 55 gespenstische
3157 1483 162 56 Ruhe»

1816 1569 75 50 als
1955 1571 179 47 wären
2200 1569 85 48 die
2349 1569 162 50 Leute
2580 1582 96 36 vor
2745 1569 116 49 dem
2928 1569 176 52 Nahen
3173 1570 140 49 einer

1809 1650 394 51 schreckhaften
2268 1649 193 51 Gefahr
2526 1650 251 57 geflohen.
2866 1652 105 50 Vor
3037 1654 97 53 den
3201 1649 114 53 ruß*

1808 1735 303 52 schwarzen
2151 1736 164 52 Oefen
2353 1737 147 58 lagen
2537 1738 348 66 Lehmkisten,
2922 1739 395 67 Schiebkarren,

1816 1825 101 48 und
1935 1823 328 61 Werkzeuge
2285 1828 46 46 in
2352 1825 273 51 lächerlich
2646 1827 209 49 wildem
2874 1827 439 60 Durcheinander.

1922 1966 182 54 Hinter
2143 1970 93 52 der
2276 1968 281 54 Brennerei
2596 1972 138 57 biegt
2776 1975 91 50 der
2909 1972 134 61 Weg
3084 1976 80 51 ins
3205 1972 85 50 Bir-

1806 2049 373 54 kenwäldchen
2206 2053 80 52 ab.
2343 2051 123 53 Eine
2491 2054 206 52 feuchte
2722 2055 161 58 Kühle
2910 2055 245 51 berührte
3182 2056 135 53 mein

1806 2135 214 53 Gesicht
2056 2139 103 48 und
2198 2139 80 49 die
2316 2140 94 50 das
2450 2139 347 53 Blätterwerk
2838 2141 478 58 durchdringenden

1811 2225 438 55 Sonnenstrahlen
2288 2227 203 54 führten
2534 2236 147 46 einen
2722 2232 358 51 betäubenden
3121 2232 196 59 Reigen

1813 2325 82 34 um
1935 2311 158 61 mich;
2134 2313 81 50 ich
2250 2314 177 51 mußte
2467 2318 80 52 die
2586 2318 181 57 Augen
2806 2319 274 54 schließen.

1917 2452 78 50 An
2022 2455 142 51 einer
2191 2454 251 62 Lichtung
2471 2458 165 62 drang
2662 2462 82 47 ein
2772 2458 152 52 leiser
2950 2459 113 54 Ton
3090 2477 64 36 an
3181 2462 136 51 mein

1812 2534 124 55 Ohr.
2017 2536 92 55 Ein
2157 2545 262 48 munterer
2471 2541 249 60 Vogelruf
2769 2544 251 57 ungefähr
3072 2547 100 50 wie
3223 2546 93 50 das

1811 2624 282 55 Wörtchen
2402 2633 185 53 jedoch
2644 2635 47 48 in
2752 2637 92 48 der
2904 2636 412 58 langgedehnten

1809 2706 428 57 oberländischen
2288 2712 261 54 Mundart.
2628 2715 93 51 Ein
2770 2717 190 58 großer
3010 2717 165 58 Vogel
3224 2719 93 49 mit

1806 2796 417 57 ausgebreiteten
2265 2799 309 60 Schwingen
2616 2803 190 50 schnitt
2848 2806 46 47 in
2936 2804 207 50 zierlich
3187 2803 131 50 ruhi*

1806 2893 118 44 gern
1961 2880 179 60 Bogen
2176 2884 82 51 die
2292 2884 118 53 Luft
2447 2888 104 48 und
2585 2886 105 61 flog
2725 2889 170 57 knapp
2931 2889 127 51 über
3094 2890 224 49 meinem

1803 2957 169 65 Kopfe
2020 2970 52 47 in
2125 2968 80 51 die
2256 2968 163 53 Höhe.
2451 3007 12 12 .
2543 2971 156 50 Seine
2750 2972 306 58 pfauhlauen
3108 2971 203 56 Federen

1808 3055 269 57 glitzerten
2138 3062 46 47 in
2242 3061 91 51 der
2395 3060 189 66 Sonne,
2645 3065 227 51 indische
2930 3066 172 53 Seide.
3175 3066 107 50 Mär-

1809 3138 240 55 chenhaft
2104 3147 49 47 in
2211 3148 170 50 seiner
2436 3148 232 52 fremden
2725 3150 279 53 Schönheit
3061 3155 142 52 hatte
3260 3171 56 38 er

1808 3225 109 51 sich
1984 3227 205 54 hierher
2255 3235 192 51 verirrt
2513 3248 105 37 von
2685 3236 169 51 feinen
2922 3237 395 61 Palmeninseln,

1809 3312 130 50 wich
2007 3314 80 49 ich
2150 3319 76 48 sie
2290 3324 47 46 in
2403 3324 194 50 meiner
2659 3323 237 55 Kindheit
2960 3329 236 47 träumte.
3263 3327 53 49 In

1805 3393 196 50 seinem
2039 3394 159 62 Fluge
2238 3398 243 53 berührte
2521 3418 56 34 er
2614 3404 161 51 schon
2817 3406 216 56 beinahe
3073 3408 82 51 die
3189 3407 130 51 Nes«

1802 3480 315 66 selstauden,
2150 3484 67 50 da
2247 3483 103 52 hob
2382 3504 56 37 er
2470 3490 81 48 die
2584 3489 178 59 Flügel
2793 3496 101 50 und
2927 3495 249 58 schwang
3208 3496 107 50 sich

1803 3564 230 57 spielend
2074 3568 86 49 auf
2200 3572 81 51 die
2319 3567 172 60 Krone
2533 3577 141 51 einer
2714 3579 186 59 jungen
2942 3579 172 63 Birke,
3184 3579 133 53 Dort

1804 3648 96 49 ließ
1932 3668 56 38 er
2017 3654 110 51 sich
2157 3656 191 52 nieder.
2403 3658 141 52 Mein
2574 3661 232 68 Gefährt,
2837 3668 93 49 das
2959 3667 174 50 seinen
3164 3664 152 54 Wald

1802 3734 333 53 schnaubend
2198 3742 339 70 entlangfuhr,
2601 3747 172 52 mußte
2836 3751 141 49 seine
3022 3750 293 61 Neugierde

1806 3822 232 52 erweckt
2076 3825 183 52 haben.

1913 3949 118 55 Und
2063 3954 137 51 mich
2235 3958 176 57 ergriff
2445 3960 238 57 plötzlich
2718 3963 198 53 wieder
2951 3966 171 52 dieses
3156 3966 161 52 wohl*

1802 4037 189 53 tuende
2031 4037 201 67 Fieber,
2274 4044 93 51 das
2406 4046 109 49 sich
2557 4048 194 50 meiner
2789 4049 77 53 als
2905 4053 129 56 Kind
3074 4053 242 50 bemäch»

1804 4120 144 68 tigte,
1979 4137 61 37 so
2071 4125 75 51 oft
2176 4128 80 49 ich
2287 4131 149 50 einen
2467 4131 189 50 wilden
2689 4134 178 66 Vogel,
2899 4137 127 51 oder
3057 4138 131 50 auch
3220 4153 95 37 nur

1802 4208 114 52 eine
1944 4208 158 55 bunte
2132 4211 166 55 Feder
2329 4217 264 57 erblickte.
2654 4219 106 51 Das
2793 4223 389 58 eigentümliche
3213 4230 102 49 und

1803 4294 359 55 verzehrende
2204 4298 219 65 Wollen,
2464 4303 93 51 das
2599 4303 127 52 freie
2766 4306 262 60 Geschöpf
3068 4311 93 51 der
3199 4309 120 52 Luft

1805 4379 48 49 in
1890 4379 93 53 der
2021 4381 149 52 Hand
2206 4399 64 36 zu
2308 4388 172 50 halten
2518 4393 102 49 und
2656 4394 133 50 mein
2827 4407 63 37 zu
2928 4409 215 51 nennen,
3181 4395 133 51 Herr

1801 4463 94 51 des
1938 4466 248 71 fremden,
2228 4486 93 37 aus
2364 4473 371 54 Waldestiefen
2776 4481 101 50 und
2921 4482 248 57 sonnigen
3211 4481 103 51 Hö=

1801 4548 100 52 hen
1933 4552 243 57 geholten
2209 4556 229 55 Zaubers
2473 4563 170 50 seiner
2677 4563 201 54 Federn
2915 4581 63 36 zu
3013 4568 126 51 sein.

1917 4678 83 50 Ich
2032 4683 142 52 hatte
2203 4689 165 49 meine
2397 4688 165 54 Flinte
2590 4693 82 51 bei
2701 4698 96 48 mir
2824 4738 14 11 .
2869 4738 12 11 .
2911 4694 171 55 Rasch
3111 4697 202 56 steckte

1800 4765 81 50 ich
1913 4772 136 49 zwei
2080 4770 196 58 Kugeln
2314 4775 48 46 in
2396 4775 98 49 den
2530 4776 129 50 Lauf
2691 4779 103 48 und
2828 4778 112 50 hieß
2977 4779 98 52 den
3110 4778 202 60 Wagen

1804 4857 181 53 stehen
2022 4857 217 53 bleiben.
2302 4860 83 50 Ich
2419 4864 152 51 zielte
2605 4865 129 49 nach
2767 4866 93 52 der
2894 4865 180 65 Dohle,
3110 4868 76 49 sie
3223 4865 93 52 rief

1809 4944 346 53 erschrocken
2209 4949 157 60 „csak
2371 4950 12 19 4
2449 4954 103 49 und
2601 4956 196 48 stürzte
2846 4955 92 49 mit
2985 4955 325 56 gespreizten

1803 5029 210 61 Flügeln
2057 5047 125 36 vom
2229 5034 196 52 Baume
2471 5037 259 54 herunter.
2806 5037 84 50 Ich
2934 5038 199 54 feuerte
3178 5037 135 49 zwei

1803 5119 184 55 rasche
2027 5119 229 51 Schüsse
2296 5122 80 48 ab.
2447 5122 107 53 Der
2593 5125 187 48 zweite
2821 5123 101 52 traf
2961 5127 75 49 sie
3077 5137 84 35 am
3200 5122 112 50 Flü=

1808 5202 98 57 gel.
1977 5204 87 50 Sie
2104 5206 96 51 ließ
2242 5209 110 48 sich
2393 5211 68 46 im
2502 5209 251 50 Zickzack
2795 5210 113 53 aufs
2946 5208 137 51 Gras
3124 5209 193 50 nieder.

1806 5291 97 56 Ein
1944 5295 199 51 dünner
2185 5294 177 56 Rauch
2408 5295 286 51 schwamm
2740 5297 48 48 in
2832 5296 92 50 der
2969 5294 133 65 Luft,
3148 5298 170 47 etwas

1804 5378 178 53 Flaum
2018 5382 237 50 wirbelte
2293 5386 148 47 unter
2481 5384 119 49 dem
2638 5381 327 52 Birkenlaub.

1917 5506 86 52 Ich
2042 5521 193 47 sprang
2271 5523 126 38 vom
2435 5509 204 59 Wagen
2679 5511 102 50 und
2821 5509 94 51 sah
2954 5510 130 50 nach
3121 5509 196 51 meiner

1806 5590 179 58 Beute.
2060 5594 176 61 Lange
2284 5596 182 50 suchte
2518 5595 81 50 ich
2647 5594 303 60 vergeblich
2999 5598 68 49 im
3117 5594 193 61 Grase;

1806 5678 199 50 endlich
2051 5679 120 53 fand
2215 5681 79 50 ich
2342 5683 79 50 die
2469 5680 189 51 Dohle:
2708 5683 118 49 dort
2870 5681 189 53 hockte
3105 5683 75 48 sie
3225 5678 88 52 auf

1808 5764 166 50 einem
2023 5763 515 68 Maulwurfshaufen,
2590 5781 62 35 zu
2706 5770 147 46 einer
2907 5767 185 49 blauen
3144 5763 164 59 Kugel

1805 5850 222 59 gebläht.
2088 5854 84 49 Ich
2198 5854 115 57 griff
2339 5858 130 50 nach
2496 5855 90 65 ihr,
2615 5860 74 46 sie
2716 5859 202 55 entglitt
2944 5858 201 49 meinen
3172 5854 104 49 Hän-

1809 5937 98 49 den
1927 5939 102 47 und
2048 5940 222 48 entwich
2291 5942 46 46 in
2360 5941 218 48 Waschen
2598 5942 542 58 Spenljngssprüngen.
3191 5940 117 49 Den

1801 6021 452 57 angeschossenen
2296 6023 175 61 Flügel
2520 6025 264 57 schleppte
2832 6027 76 48 sie
2955 6025 148 50 nach.
3177 6024 102 51 Zwi-

1802 6105 157 49 schen
2000 6107 276 64 Gestrüpp,
2320 6111 97 49 den
2461 6110 218 60 Abhang
2719 6110 222 63 entlang,
2984 6111 79 51 bis
3105 6124 64 36 an
3213 6113 99 50 den

1803 6191 344 54 Waldesrand
2182 6202 181 45 rannte
2402 6196 80 50 ich
2520 6196 76 50 ihr
2634 6196 145 51 nach.
2816 6196 124 52 Hier
2976 6202 202 53 sperrte
3214 6198 99 51 mir

1806 6282 192 54 spitzes
2034 6280 386 60 Drahtgeflecht
2459 6289 97 47 den
2595 6284 150 59 Weg.
2785 6285 84 51 Ich
2908 6284 135 51 blieb
3079 6302 99 36 vor
3218 6286 94 48 der

1803 6361 335 63 Umfriedung
2169 6374 182 46 stehen
2381 6370 102 49 und
2517 6368 162 49 brach
2710 6372 48 46 in
2789 6369 208 49 Lachen
3028 6384 109 37 aus.
3170 6369 108 50 Wel-

1803 6447 125 53 cher
1973 6447 193 56 Unsinn
2477 6454 147 50 Doch
2673 6455 229 58 sogleich
2951 6456 176 58 ergriff
3176 6456 133 50 mich

1801 6533 302 58 Eigensinn:
2176 6538 135 50 habe
2358 6540 79 49 ich
2483 6555 115 38 was
2643 6542 338 67 angefangen,
3054 6555 61 38 so
3159 6541 149 51 führe

1802 6619 79 50 ich
1909 6638 58 35 es
1997 6635 63 35 zu
2091 6621 167 52 Ende!
2290 6624 145 51 Auch
2464 6626 143 51 hätte
2637 6627 76 50 ich
2746 6629 135 49 mich
2911 6642 99 35 vor
3041 6629 117 50 dem
3187 6627 94 56 Kut-

1801 6706 154 53 scher
1993 6708 284 64 geschämt,
2318 6710 133 54 ohne
2494 6713 99 52 den
2632 6713 165 57 Vogel
2838 6713 472 52 zurückzukehren.

1914 6847 83 50 Ich
2027 6851 137 57 stieg
2192 6849 126 52 über
2347 6853 81 50 die
2458 6853 177 51 Hecke
2668 6859 103 49 und
2800 6855 165 52 zerriß
2997 6857 150 50 dabei
3176 6856 133 48 mein

1805 6935 248 69 Gewand,
2095 6936 320 53 Verfluchter
2456 6942 181 63 Vogel,
2674 6946 126 51 jetzt
2840 6944 226 53 kommst
3106 6947 66 50 du
3213 6946 96 49 mir

3452 287 109 45 erst
3601 283 145 49 recht
3787 278 137 51 nicht
3964 278 150 53 mehr
4155 282 186 61 davon,
4344 277 3 66 :
4384 285 106 49 und
4529 278 151 53 sollte
4725 277 80 50 ich
4849 277 116 52 dich

3453 365 80 54 bis
3573 365 499 64 Sonnenuntergang
4112 369 166 57 lagen.

3567 465 144 49 Flink
3755 468 102 47 wie
3901 472 113 47 eine
4055 467 155 57 Ratte
4252 470 208 51 enteilte
4501 487 59 35 er
4603 471 97 49 mir
4745 467 86 49 auf
4871 466 96 51 der

3452 548 195 50 Wiese.
3683 547 256 59 Plötzlich
3980 551 206 57 begann
4223 554 93 50 der
4356 552 178 53 Boden
4577 556 148 50 unter
4766 552 98 50 mir
4899 564 64 34 zu

3452 636 197 51 sinken.
3680 636 88 50 Bis
3800 651 66 37 au
3895 639 82 51 die
4006 636 226 56 Knöchel
4263 636 129 53 sank
4424 640 82 48 ich
4534 642 50 47 in
4614 639 97 52 den
4741 635 224 61 Morast,

3451 724 167 50 meine
3663 721 204 53 Schuhe
3910 722 204 67 troffen;,
4153 724 143 52 doch
4334 725 198 52 endlich
4574 726 143 51 hatte
4761 720 80 51 ich
4882 723 85 48 die

3455 810 219 50 Strecke
3732 811 294 55 überquert.
4097 813 85 49 Ich
4236 827 111 35 war
4401 815 124 49 weit
4578 826 105 35 von
4740 812 220 48 meinem

3451 895 219 59 Wagen.

3562 1009 97 48 Am
3702 1009 379 52 Wasserrande
4123 1009 208 51 blühten
4375 1011 137 50 dicht
4555 1013 80 50 die
4678 1009 252 51 Brombee-

3449 1111 108 38 ren.
3597 1095 111 52 Der;
3744 1096 166 57 Vogel
3946 1096 135 49 warf
4118 1098 112 48 sich
4269 1101 147 47 unter
4457 1098 81 51 die
4578 1096 352 50 Dornensträu-

3446 1182 140 52 cher.
3620 1180 107 53 Das
3760 1181 243 51 Gebüsch
4036 1183 152 49 nahm
4223 1184 83 47 ihn
4340 1184 47 47 in
4422 1185 175 47 seinen
4632 1182 195 50 Schutz
4860 1179 106 53 und!

3446 1268 275 50 Tausende
3758 1267 388 59 kampflustiger
4186 1267 209 52 Domen
4435 1267 250 49 richteten
4724 1267 107 49 sich
4871 1277 62 46 ge-

3446 1369 101 47 gen
3589 1354 98 49 den
3729 1354 287 60 Verfolger.
4060 1354 130 52 Dort
4231 1354 188 50 hockte
4463 1354 82 52 die
4588 1352 182 63 Dohle,
4811 1352 153 49 keine

3449 1442 135 48 zwei
3632 1439 227 50 Schritte
3909 1454 105 38 von
4066 1442 111 61 mir,
4259 1438 290 63 keuchend),,
4623 1440 92 48 mit
4766 1436 191 50 offnem

3446 1526 274 53 Schnabel.
3756 1525 88 49 Ich
3877 1525 117 57 griff
4027 1534 129 41 nach
4196 1525 77 51 ihr
4304 1552 78 6 —
4416 1527 198 48 wieder
4651 1523 202 57 entglitt
4886 1525 75 49 sie

3446 1615 199 49 meiner
3673 1611 164 52 Hand.
3867 1610 151 53 Blind
4044 1624 99 37 vor
4175 1609 124 52 Wut
4330 1613 181 47 rannte
4541 1609 81 50 ich
4652 1610 48 47 in
4733 1608 94 50 das
4858 1606 71 50 Ge-

3448 1702 194 55 strüpp.
3719 1696 95 54 Die
3864 1696 209 50 Dornen
4122 1696 366 50 zerfleischten
4528 1696 106 56 jmin
4679 1691 126 55 Hals
4854 1691 108 51 und

3449 1785 204 62 Hände;
3689 1786 282 62 vorwärts,
4006 1784 104 49 und
4142 1781 174 50 müßte
4353 1782 79 48 ich
4468 1784 52 50 in
4551 1780 192 50 Fetzen
4779 1776 183 61 gehen.

3450 1871 91 51 Als
3601 1869 181 57 (.müßte
3849 1867 80 50 ich
3998 1867 347 58 Genugtuung
4412 1867 244 55 erringen
4723 1862 89 78 fürj
4871 1860 87 51 die

3449 1956 271 68 Schmach,
3766 1958 82 51 die
3893 1961 81 46 ein
4020 1955 252 61 dummer,
4317 1952 196 53 kleiner
4555 1952 164 59 Vogel
4760 1950 202 50 meiner

3447 2042 472 58 Menschenwürde
3970 2044 159 47 antat.

3560 2157 82 52 Icti
3687 2158 140 51 hatte
3871 2157 109 48 ihn!
4961 2160 6 21 :

3562 2275 89 50 Als
3679 2275 79 50 ich
3786 2276 82 52 ihn
3896 2270 48 51 in
3971 2274 80 50 die
4080 2271 153 53 Hand
4257 2270 187 50 bekam
4472 2269 96 51 rief
4594 2285 60 35 er
4677 2269 109 49 sein
4816 2265 117 55 kläg-

3448 2358 159 51 liches
3866 2359 101 49 und
3998 2359 111 49 sein
4142 2354 138 50 Herz
4313 2353 180 58 schlug
4526 2350 114 51 heiß
4677 2351 105 50 und
4816 2346 151 51 rasch

3449 2437 395 62 unter'meinen
3885 2445 239 63 Fingern.
4170 2442 131 52 Dort
4345 2441 152 50 stand
4543 2436 81 54 ich
4669 2437 180 49 mitten
4894 2436 73 48 im

3451 2531 279 64 Gestrüpp,
3783 2529 279 65 erschöpft,
4108 2529 96 51 mit
4253 2525 287 52 blutenden
4586 2520 220 53 Händen
4856 2518 109 51 und

3451 2621 409 52 zerschlissenen
3892 2619 238 54 Kleidern
4160 2647 78 6 —
4270 2618 124 50 aber
4429 2608 401 61 triumpfierend.
4864 2608 101 50 Die

3451 2702 166 53 Dohle
3650 2702 135 51 warf
3820 2704 100 49 den
3950 2701 135 58 Kopf
4116 2702 87 50 hin
4236 2709 103 44 und
4373 2700 109 64 her,
4517 2701 49 48 in
4602 2696 144 49 ihren
4782 2695 183 56 Augen

3449 2791 156 50 bebte
3641 2790 82 49 die
3760 2789 164 56 Angst
3958 2789 76 49 als
4070 2786 421 49 blausciiwarzer
4528 2782 304 52 Schimmer.
4869 2776 93 51 Ei»

3447 2873 178 60 Flügel
3651 2888 115 38 war
3794 2872 358 61 zerschossen,
4179 2871 131 50 auch
4336 2868 174 52 mußte
4537 2872 74 46 sie
4639 2868 86 49 ein
4748 2865 186 51 Schrot-

3448 2959 132 54 korn
3623 2961 49 52 in
3715 2960 82 50 die
3838 2959 178 59 Lunge
4059 2956 309 51 bekommen
4411 2954 186 63 haben,
4667 2954 132 49 denn
4843 2949 120 50 Blut

3455 3044 227 52 sickerte
3733 3059 94 36 aus
3879 3043 119 50 dem
4045 3042 209 50 offenen
4306 3039 278 52 Schnabel
4633 3032 299 62 Urplötzlich-

3452 3137 250 50 überkam
3728 3135 134 47 mich
3893 3137 110 47 eine
4032 3134 121 50 tiefe
4178 3130 200 55 Unlust.
4407 3126 248 50 Weshalb
4679 3127 144 49 hatte
4851 3123 114 53 ichs>

3449 3219 196 62 getan?
3691 3221 130 50 Was
3864 3220 151 52 sollte
4058 3220 79 48 ich
4182 3220 91 48 mit
4313 3217 94 50 der
4449 3212 206 52 Dohle?
4697 3209 234 51 Fortwer-

3447 3308 127 50 fen?
3610 3307 108 51 Das
3754 3310 145 47 wäre
3934 3303 401 63 unmenschlich.
4369 3303 173 55 Rasch
4578 3306 81 47 ein
4693 3297 145 55 Ende
4871 3297 96 50 mit

3448 3393 79 50 ihr
3557 3394 233 63 machen,
3822 3393 159 50 damit
4010 3396 77 46 sie
4117 3391 109 50 sich
4256 3389 140 52 nicht
4426 3389 179 57 länger
4638 3385 156 57 Quält.

3562 3479 85 50 Ich
3689 3479 161 50 entriß
3895 3479 117 48 dem
4054 3477 177 60 Flügel
4274 3478 112 50 eine
4429 3473 167 52 Feder
4639 3477 105 48 und
4784 3468 182 53 wollte

3448 3565 77 52 ihr
3590 3568 131 48 nach
3788 3563 350 58 Jägerbrauch
4204 3562 98 48 den
4355 3558 223 55 Schädel
4625 3554 334 61 zerstechen);

3446 3666 115 37 war
3590 3651 79 49 ich
3699 3665 62 36 zu
3794 3648 377 59 ungeschickt?
4203 3648 140 52 hatte
4377 3651 75 46 sie
4484 3650 147 46 einen
4664 3641 302 52 allzufestsn

3444 3736 173 59 Kopf?
3655 3766 73 6 —
3766 3750 60 36 es
3863 3737 188 58 gelang
4087 3733 153 55 nicht.
4277 3729 334 54 Verzweifelt
4650 3728 168 52 schrie
4860 3725 107 53 und!

3447 3825 180 49 wandt
3672 3822 109 49 sich
3827 3824 93 49 der
3965 3821 165 57 Vogel
4175 3824 152 47 unter
4368 3821 205 48 meinen
4617 3815 157 60 Griff;
4822 3810 137 53 mich

3449 3911 199 51 erfaßte
3682 3914 80 51 ein
3795 3910 126 51 Ekel
3954 3924 101 36 vor
4088 3914 220 45 meinem
4342 3908 334 49 widerlichen
4710 3904 112 47 Tun
4856 3903 102 49 und

3445 4010 100 38 vor
3575 3995 240 51 Abscheu
3847 3993 245 52 röchelnd
4125 3992 73 51 riß
4233 3994 80 49 ich
4346 3991 103 48 ihm
4480 3991 98 52 den
4609 3986 134 60 Kopf
4773 3986 156 49 herun-

3446 4088 94 46 ter.
3573 4081 134 50 noch
3739 4085 181 47 immer
3954 4080 238 57 pendelte
4223 4080 102 46 wie
4357 4076 335 58 wahnwitzig
4726 4072 94 50 das
4854 4070 81 50 hei-

3446 4166 62 53 ße
3556 4166 139 49 Herz
3741 4169 48 46 in
3837 4168 119 49 dem
4002 4163 429 51 verstümmelten
4478 4158 351 60 Körperehenj.

3554 4280 95 49 Die
3695 4279 243 61 geköpfte
3986 4277 165 49 Dohle
4199 4282 48 48 in
4292 4278 93 48 der
4431 4272 154 51 Hand
4628 4270 207 52 machte
4880 4267 82 51 ich

3443 4368 137 49 mich
3613 4367 85 49 auf
3733 4367 82 50 die
3849 4365 171 49 Suche
4050 4363 128 50 nach
4215 4363 221 48 meinem
4473 4359 220 57 Wagen.
4727 4357 70 50 Es
4834 4355 94 49 dau-

3446 4460 113 46 erte
3598 4454 170 62 lange,
3802 4452 80 49 bis
3921 4449 81 51 ich
4041 4450 82 49 ihn
4161 4448 137 49 fand.
4335 4446 110 50 Der
4476 4443 259 58 Kutscher
4773 4438 186 52 dachte

3446 4542 97 50 mir
3594 4536 584 62 entgegenzukommen,
4230 4548 56 35 er
4336 4533 143 49 hatte
4528 4530 136 49 mich
4714 4524 241 53 verfehlt

3442 4625 113 49 Wir
3592 4624 186 49 fanden
3817 4636 93 36 uns
3946 4626 111 48 erst
4092 4618 131 51 nach
4262 4618 203 57 langem
4501 4615 352 52 Herumirren.
4887 4608 77 53 Es

3448 4712 287 53 dämmerte
3779 4711 186 61 bereit,,
4019 4708 76 52 als
4141 4709 79 49 ich
4268 4706 244 51 todmüde
4556 4706 136 48 mein
4739 4700 218 50 Gefährt

3443 4803 218 56 bestieg.

3557 4909 95 50 Die
3695 4907 165 49 Dohle
3903 4907 83 58 Sag
4026 4921 63 34 zu
4131 4906 203 48 meinen
4376 4901 191 53 Füßen.
4611 4900 88 50 Ich
4738 4899 102 49 hob
4883 4899 79 49 sie

3445 4994 107 50 auf:
3605 4992 328 52 Strohhalme
3982 4992 208 49 klebten
4242 5003 66 38 an
4362 4989 143 48 ihren
4555 4983 404 54 blutbefleckten

3443 5080 219 57 Federn.
3706 5078 86 51 Ich
3834 5076 164 52 entriß
4043 5080 133 48 ihrer
4219 5077 114 53 vier
4372 5102 80 7 —
4490 5087 120 38 zum
4647 5072 312 56 mitbringen

3441 5167 83 51 für
3554 5168 81 51 die
3662 5164 197 56 Kinder
3887 5192 79 6 —
3997 5165 103 49 und
4131 5163 133 50 warf
4294 5163 95 50 das
4422 5160 105 52 Aas
4559 5158 86 51 auf
4678 5158 81 51 die
4789 5153 138 53 Land-

3443 5251 191 54 straße.
3673 5250 187 57 Später
3898 5250 271 51 bemerkte
4207 5248 96 63 ich,
4341 5246 99 51 daß
4479 5248 115 48 eine
4633 5242 90 50 der
4761 5238 199 51 Federn

3450 5345 261 48 zerrissen
3760 5343 103 49 und
3910 5339 296 59 gebrochen
4255 5349 138 46 war;
4446 5335 133 50 auch
4628 5333 145 51 diese
4821 5344 43 34 w
4865 5344 9 11 r
4878 5329 80 47 arf

3449 5435 80 49 ich
3563 5437 49 46 in
3649 5435 99 49 den
3783 5430 171 53 Wind.
3992 5428 95 47 Die
4123 5429 216 56 übrigen
4374 5425 110 49 drei
4519 5423 205 49 steckte
4757 5418 82 50 ich
4873 5415 86 50 auf

3443 5522 100 50 den
3586 5517 170 50 Bock:
3803 5515 143 52 recht
3984 5512 169 53 sicher
4194 5514 48 46 in
4283 5510 81 52 die
4406 5506 219 65 Schnur,
4666 5504 82 49 die
4789 5498 172 51 weiße

3446 5604 466 57 Porzellanknöpfe
3953 5601 325 57 befestigten.

3556 5716 70 51 Es
3672 5715 243 51 dunkelte
3960 5717 181 48 immer
4186 5710 162 54 mehr,
4399 5710 67 46 im
4513 5704 219 50 Westen
4780 5698 177 60 glühte

3442 5805 264 52 zwischen
3751 5803 224 56 riesigen
4020 5788 357 61 senkrechten
4377 5788 391 61 Wolkensäulen
4812 5784 117 49 blau-

3443 5897 84 46 rot
3558 5891 168 57 feurig
3758 5890 92 48 der
3884 5883 235 54 Himmel.
4156 5881 147 50 Dann
4337 5879 152 48 ward
4520 5875 126 50 alles
4682 5886 143 45 grau.
4861 5870 101 49 Di©

3444 5975 193 51 Birken
3690 5988 85 36 am
3827 5971 270 58 Wegrand
4148 5968 169 56 bogen
4376 5964 108 48 sich
4541 5960 290 50 rauschend
4887 5959 74 46 im

3441 6063 204 51 Winde.

3561 6163 85 52 Ich
3678 6165 182 52 suchte
3888 6169 91 47 mit
4010 6167 119 49 dem
4157 6163 178 50 Blicke
4367 6168 168 48 meine
4568 6164 220 66 Federn,
4823 6164 139 50 doch;

3447 6249 144 51 stach
3624 6266 94 35 nur
3747 6251 131 50 noch
3908 6253 113 48 eine
4049 6255 71 46 im
4148 6251 404 56 Kutschersitze.
4614 6251 97 52 Die
4741 6255 220 56 übrigen

3446 6339 134 45 zwei
3616 6335 173 54 mußte
3827 6339 93 48 der
3953 6335 153 49 Wind
4142 6336 167 57 längst
4343 6342 241 48 verweht
4619 6340 183 53 haben.

3557 6445 137 52 Jetzt
3726 6447 104 55 bog
3860 6445 109 49 sich
3999 6446 132 48 auch
4159 6447 84 51 die
4275 6447 154 51 letzte
4461 6449 167 53 Feder
4658 6456 150 45 unter
4838 6451 120 50 dem

3436 6528 430 60 Wagengerüttel
3927 6543 99 38 um,
4101 6529 105 55 Der
4252 6530 160 56 Wind
4470 6534 180 60 ergriff
4708 6538 78 49 sie
4844 6538 104 48 und

3446 6618 180 59 schlug
3656 6624 75 47 sie
3762 6621 98 49 mir
3890 6621 75 50 ins
3998 6619 229 56 Gesicht.
4289 6625 87 49 Ich
4401 6625 139 53 faßte
4573 6627 215 66 danach,
4820 6627 137 50 doch

3442 6702 76 47 sie
3562 6700 227 53 flatterte
3833 6702 173 50 davon
4048 6705 104 49 und
4193 6709 355 52 verschwand
4589 6714 68 46 im
4701 6709 255 52 Finstern.

3558 6787 164 52 Sollte
3740 6788 79 49 ich
3839 6790 320 60 ihretwegen
4180 6795 97 50 den
4296 6796 203 59 Wagen
4519 6798 171 50 halten
4710 6797 215 53 lassen?
