2263 3731
715 159 230 32 MUSIQUES
979 160 54 25 ET
1066 159 267 28 CHANTEURS
1367 158 192 28 D'ITALIE

2134 199 0 0 275

127 254 102 35 sont
271 264 51 26 ex
353 265 129 38 aequo
520 263 106 27 avec
658 250 65 40 les
762 251 122 39 Fran-

127 325 96 38 çais
237 335 15 40 ;
285 325 125 38 leurs
436 326 330 51 compositeurs
797 332 117 44 sont,

126 411 52 26 en
213 410 186 39 somme,
443 412 57 26 au
555 400 167 39 second
764 414 125 40 rang

125 473 121 38 leurs
292 473 247 40 chanteurs
574 483 99 30 sont
719 487 57 26 au
809 487 80 39 pre-

127 547 132 39 mier.

184 620 86 39 Ces
305 623 249 38 chanteurs
590 630 76 32 ont
691 636 82 27 une
814 636 76 27 sou-

117 697 151 49 plesse
304 696 240 54 d'organe,
572 711 56 25 un
668 699 136 47 éclat,
830 711 87 28 une

120 782 243 39 puissance
384 803 10 18 ,
459 784 83 27 une
603 772 197 40 richesse
863 775 54 37 de

125 846 188 38 matière
343 849 247 48 première,
627 861 50 25 en
719 861 56 26 un
809 856 104 40 mot,

125 917 75 40 des
223 919 200 52 qualités
446 920 246 41 éminentes
715 929 57 38 et,
793 936 124 38 pour

127 993 44 39 la
230 996 204 49 plupart,
505 995 168 49 innées,
728 999 78 51 qui
864 1011 51 26 en

129 1067 193 51 France,
347 1069 126 40 hélas
495 1069 16 39 !
539 1084 47 26 se
605 1070 105 53 font
732 1071 52 40 de
814 1074 101 51 plus

124 1155 51 26 en
222 1145 108 50 plus
398 1158 150 26 rares.
621 1147 89 38 Des
761 1146 156 41 ténors

125 1230 171 27 comme
358 1218 256 55 Tamagno,
672 1221 150 39 disant
873 1223 42 38 la

125 1291 195 40 douleur
348 1292 200 41 d'Otello
572 1297 134 51 après
729 1297 43 38 la
797 1305 119 31 mort

125 1366 52 39 de
206 1367 297 49 Desdémone,
536 1382 170 27 comme
735 1371 180 40 Caruso

125 1440 114 40 dans
264 1443 15 38 l
299 1442 228 42 Adrienne
549 1443 286 44 Lecouvreur
863 1447 54 39 de

127 1517 68 40 M.
221 1517 54 40 F.
302 1518 55 39 Ci
363 1519 37 38 le
405 1532 40 34 a,
474 1531 170 28 comme
678 1524 51 34 de
775 1522 63 38 Lu
846 1522 40 38 ci
891 1536 24 24 a

125 1591 113 41 dans
281 1594 42 37 la
370 1593 169 42 Fedora
581 1594 52 39 de
671 1595 63 41 M.
780 1596 109 40 Gior-

126 1666 135 49 dano,
326 1680 166 26 comme
555 1669 190 41 Bassi...
812 1679 105 32 sont

127 1741 227 41 vraiment
390 1742 53 40 de
478 1742 147 42 beaux
665 1745 253 54 spécimens

547 3503 192 49 GARBIN,
776 3509 125 37 ténor

1378 1850 262 44 SAMMARCO,
1674 1851 188 52 baryton

1361 2013 54 38 de
1472 2011 261 41 l'humanité
1789 2014 244 38 chantante
2102 2018 40 32 et

1361 2088 186 40 artiste.
1599 2088 61 39 Ce
1707 2093 107 34 sont
1866 2087 53 38 de
1966 2086 176 53 grands

1361 2163 252 50 expressifs
1635 2169 40 32 et
1713 2162 53 39 de
1795 2161 177 53 grands
2009 2161 107 39 chat-

1360 2250 167 35 meur-,
1648 2238 165 51 auprès
1852 2236 206 53 desquels
2100 2238 40 37 la

1358 2311 215 53 majorité
1596 2312 78 40 des
1697 2313 299 39 chanteurs...
2032 2312 88 40 alle-

1359 2387 158 40 mands
1559 2387 295 40 ressemblent
1883 2385 27 41 à
1933 2387 77 40 des
2049 2388 93 39 oies

1357 2461 223 40 criardes.
1626 2462 65 38 La
1725 2463 99 37 sève
1874 2460 262 54 généreuse,

1358 2536 39 38 le
1447 2534 133 54 génie
1639 2534 329 51 démonstratif
2006 2541 43 32 et
2100 2536 39 37 le

1355 2609 132 40 soleil
1510 2609 183 40 d'ltalie
1715 2616 102 32 sont
1841 2622 52 26 en
1916 2622 88 26 eux
2025 2608 16 39 !

1410 2686 54 37 Je
1496 2684 114 38 tiens
1653 2687 23 35 à
1732 2684 102 38 dire
1891 2683 249 53 cependant

1355 2771 83 39 que
1485 2759 99 37 leur
1619 2757 113 53 goût
1769 2757 111 40 n'est
1910 2771 88 38 pas
2037 2764 75 32 tou-

1345 2830 144 54 jours
1543 2832 361 52 irréprochable.
1947 2832 43 38 Il
2040 2832 96 38 leur

1354 2908 156 39 arrive
1535 2914 100 45 trop
1667 2914 187 33 souvent
1887 2907 53 39 de
1967 2907 169 54 forcer

1356 2983 41 39 la
1416 2990 117 33 note.
1557 2983 63 40 Ils
1641 2983 279 51 multiplient
1938 2995 45 27 ce
2005 2995 128 40 quen

1352 3065 137 46 argot
1538 3058 54 39 de
1637 3057 177 40 théâtre
1856 3071 55 26 on
1961 3057 175 52 appelle

1355 3135 64 38 les
1478 3147 18 24 ((
1534 3132 191 53 canapés
1762 3147 38 33 »,
1853 3131 282 41 c'est-à-dire

1354 3209 61 38 les
1433 3208 155 51 points
1605 3206 30 40 d
1651 3220 144 40 orgue
1813 3204 321 56 intempestifs.

1352 3282 45 40 Il
1428 3284 99 38 leur
1550 3283 155 38 arrive
1739 3282 140 39 même
1915 3283 51 38 de
2001 3294 108 39 pren-

1354 3357 81 40 dre
1454 3390 10 16 ,
1522 3370 106 26 avec
1704 3357 61 39 les
1820 3356 322 52 compositions

1357 3431 266 41 consacrées
1658 3432 78 39 des
1771 3431 232 39 meilleurs
2034 3427 81 43 maî-

1361 3516 108 41 tres,
1523 3507 76 40 des
1642 3505 186 42 libertés
1876 3506 111 51 qu'il
2034 3518 108 26 nous
