2263 3368
797 286 324 28 PUBLICATIONS
1155 286 259 28 NOUVELLES

2042 290 73 37 293

757 380 150 40 Storia
940 380 113 40 délia
1076 379 297 55 Semiografia
1395 380 220 42 musicale.
1652 383 181 54 Origine
1867 399 20 25 e
1927 383 197 55 sviluppo

109 452 111 40 délia
242 450 213 42 Scrittura
473 450 203 41 musicale
697 450 110 40 nelle
834 449 118 42 varie
979 449 156 55 epoche
1154 464 19 25 e
1195 448 164 42 ne'vari
1379 449 133 55 paesi.
1544 450 187 51 Milano,
1768 452 150 42 Ulrico
1941 452 178 54 Hoepli,

114 536 10 24 1
135 534 96 39 9°5-

166 589 126 41 Cette
321 590 186 41 histoire
528 589 54 40 de
605 590 40 39 la
670 590 207 39 notation
909 588 234 48 musicale,
1182 601 137 39 parue
1342 587 112 40 dans
1474 588 39 40 la
1550 589 231 41 collection
1817 591 78 40 des
1928 590 200 41 Manuels

109 658 160 55 Hoepli
275 692 9 18 ,
309 667 66 33 est
397 674 60 26 un
479 660 109 51 petit
611 659 109 40 livre
757 657 56 42 tel
838 671 87 38 que
949 671 115 27 nous
1098 659 181 38 aurions
1317 659 116 38 aimé
1452 661 288 37 nous-même
1773 663 21 36 à
1819 657 178 43 l'écrire.
2031 658 94 42 Nos

112 729 177 40 artistes
324 737 101 32 sont
458 742 80 38 par
568 728 39 40 le
629 728 166 40 monde
832 728 141 39 entier
1004 726 335 51 généralement
1362 728 36 38 si
1421 727 234 50 ignorants
1678 728 52 39 de
1754 735 94 33 tout
1871 742 46 26 ce
1957 730 77 50 qui
2074 742 53 26 en

111 798 208 52 musique
339 796 111 42 n'est
472 810 82 40 pas
577 797 39 40 le
649 798 173 49 métier,
849 798 35 38 si
908 809 87 40 peu
1018 797 180 39 curieux
1220 795 55 41 de
1298 808 46 28 ce
1368 797 76 51 qui
1467 796 162 40 touche
1653 796 95 41 leur
1787 806 66 32 art
1885 810 54 27 en
1962 797 165 40 dehors

112 865 52 41 de
184 865 40 41 la
251 867 207 51 pratique
493 865 268 49 elle-même,
795 878 86 39 que
911 864 64 40 les
1011 864 170 40 érudits
1221 864 124 40 n'ont
1377 869 139 45 guère
1540 868 68 36 été
1631 869 143 36 tentés
1800 863 179 42 d'écrire
2017 879 113 38 pour

112 947 96 28 eux.
234 933 136 42 Aussi
392 934 119 49 bien,
533 934 63 40 les
619 935 243 40 musiciens
887 935 75 51 qui
987 947 55 27 en
1064 932 123 42 Italie
1205 933 226 41 voudront
1457 933 82 41 lire
1561 934 40 40 le
1625 934 157 40 travail
1806 934 53 40 de
1878 933 63 41 M.
1961 932 141 54 Gaspe-

113 1005 83 39 rini
219 1017 55 26 en
298 1003 310 41 recevront-ils
627 1003 143 51 grand
792 1001 148 54 profit.
967 1000 258 43 Infiniment
1263 1004 236 51 supérieur
1535 1017 56 26 au
1620 1003 110 40 livre
1763 1003 53 40 de
1835 1001 114 41 MM.
1987 1001 143 41 David

114 1081 40 32 et
176 1071 148 54 Lussy
343 1087 77 26 sur
442 1072 37 41 le
502 1076 146 37 même
668 1073 130 52 sujet,
824 1072 100 53 plus
947 1071 216 41 moderne
1180 1080 42 32 et
1246 1071 101 53 plus
1368 1071 196 53 complet
1584 1076 147 36 même
1758 1085 85 39 que
1864 1071 63 40 les
1949 1070 184 41 Studien

112 1156 74 25 zur
204 1141 247 41 Geschichte
473 1142 74 39 der
566 1140 302 56 Notenschrift
891 1141 180 51 d'Hugo
1093 1141 240 50 Riemann,
1358 1139 229 52 l'ouvrage
1623 1141 53 40 de
1699 1141 62 40 M.
1801 1139 240 54 Gasperini
2066 1148 65 32 est

116 1225 56 26 au
186 1219 186 33 courant
388 1211 78 40 des
494 1211 101 53 plus
608 1215 198 37 récentes
839 1210 157 41 études
1021 1223 76 27 sur
1120 1207 216 43 l'histoire
1366 1210 78 40 des
1464 1211 229 39 notations
1716 1217 41 33 et
1787 1224 56 26 au
1865 1208 79 42 fait
1967 1209 76 41 des
2069 1213 42 35 ré-

117 1280 160 41 sultats
300 1281 168 52 acquis.
492 1279 119 42 C'est
629 1280 40 40 la
693 1280 231 41 condition
944 1278 342 54 indispensable
1316 1292 114 40 pour
1459 1278 110 42 faire
1589 1280 176 40 ensuite
1787 1279 53 41 de
1863 1278 147 40 bonne
2032 1278 75 40 vul-

117 1350 264 50 garisation,
403 1362 47 27 ce
467 1350 76 51 qui
566 1357 68 32 est
654 1349 38 40 le
709 1348 79 41 but
810 1349 54 40 de
879 1348 63 40 M.
970 1347 238 53 Gasperini
1231 1360 8 27 :
1263 1348 112 40 dans
1396 1361 80 27 son
1500 1348 124 47 livre,
1646 1348 30 40 il
1697 1347 170 41 semble
1888 1356 174 32 surtout
2086 1360 46 26 se

118 1422 274 48 préoccuper
410 1417 231 52 d'exposer
663 1415 176 54 d'après
867 1417 64 40 les
969 1417 277 51 spécialistes
1279 1417 123 40 l'état
1431 1417 54 40 de
1512 1417 39 40 la
1577 1417 224 52 question,
1832 1425 41 31 et
1895 1429 91 28 non
2021 1414 91 41 d'ex-

117 1488 167 51 primer
302 1486 78 40 des
401 1499 109 28 vues
533 1486 322 52 personnelles.
879 1485 221 40 Pourtant
1133 1498 113 27 nous
1281 1487 182 38 aurions
1489 1484 171 53 préféré
1688 1486 98 39 voir
1809 1483 189 42 l'auteur
2031 1499 77 37 sup-

119 1556 165 52 primer
312 1556 190 40 certains
521 1555 242 52 chapitres,
787 1555 57 40 tel
864 1553 113 42 celui
1011 1554 54 40 de
1088 1554 40 39 la
1153 1555 204 39 notation
1380 1553 253 52 hébraïque
1657 1555 381 50 contemporaine,
2076 1553 57 40 tel

119 1637 158 27 encore
296 1624 113 40 celui
433 1624 53 40 de
509 1624 39 40 la
570 1625 210 51 musique
808 1623 219 50 chinoise,
1060 1635 114 40 pour
1207 1622 196 52 lesquels
1431 1622 30 40 il
1495 1620 164 42 n'avait
1695 1635 86 38 que
1813 1622 77 40 des
1921 1622 214 40 autorités

121 1703 96 43 trop
241 1693 285 41 secondaires
550 1697 22 36 à
596 1695 106 38 citer
725 1694 113 38 ainsi
867 1705 86 39 que
985 1691 78 42 des
1093 1691 287 41 conclusions
1408 1690 184 52 fragiles
1617 1695 22 35 à
1673 1704 240 39 proposer:
1953 1704 47 26 ce
2035 1699 101 31 sont

121 1763 77 40 des
222 1763 232 52 questions
477 1763 75 51 qui
578 1776 54 26 ne
655 1769 101 33 sont
772 1774 81 40 pas
876 1766 151 36 mûres
1048 1759 424 53 scientifiquement.
1494 1758 69 42 En
1584 1760 238 49 revanche,
1854 1768 95 32 tout
1983 1772 47 28 ce
2064 1761 72 51 qui

121 1845 215 28 concerne
359 1831 40 40 le
425 1844 163 39 moyen
611 1834 83 47 âge
714 1839 65 32 est
807 1830 229 40 excellent.
1064 1829 97 42 Une
1194 1831 249 39 restriction
1470 1836 211 45 pourtant
1709 1840 8 28 :
1760 1828 39 41 la
1840 1828 296 53 typographie

123 1901 214 41 musicale
359 1915 22 25 a
414 1899 77 41 fait
514 1913 123 27 assez
658 1900 53 40 de
733 1904 188 47 progrès
944 1912 116 39 pour
1090 1898 139 53 qu'un
1253 1898 173 40 éditeur
1448 1899 152 51 puisse
1620 1911 47 26 se
1696 1897 231 53 dispenser
1961 1897 150 53 aujour-

124 1969 120 41 d'hui
262 1970 53 40 de
348 1969 260 53 reproduire
630 1983 70 26 ces
721 1969 164 40 hideux
908 1970 133 51 petits
1063 1967 168 42 clichés
1255 1967 204 41 dessinés
1480 1971 22 36 à
1527 1967 39 40 la
1588 1968 123 39 main
1733 1968 75 51 qui
1843 1966 214 53 déparent
2099 1967 37 39 le

123 2037 109 43 livre
248 2039 54 40 de
321 2038 61 40 M.
404 2037 253 53 Gasperini.
677 2037 70 42 Un
773 2038 125 49 livre,
921 2038 110 40 dont
1054 2050 114 27 nous
1192 2037 235 52 parlerons
1452 2036 193 52 quelque
1669 2037 113 52 jour,
1808 2035 53 40 de
1884 2035 61 40 M.
1970 2035 139 54 Johan-

123 2121 78 27 nes
219 2106 140 49 Wolf,
387 2116 82 40 est,
495 2111 22 36 à
534 2115 67 33 cet
621 2108 155 48 égard,
807 2120 175 27 comme
1006 2110 22 36 à
1053 2105 104 41 bien
1180 2103 209 50 d'autres,
1417 2103 264 41 admirable.

165 380 247 43 GASPERINI
445 379 208 56 (GUIDO).

179 2176 120 49 Bref,
323 2177 30 39 il
370 2185 66 32 est
456 2181 22 35 à
502 2176 232 41 souhaiter
755 2190 87 38 que
864 2174 61 41 M.
947 2174 243 53 Gasperini
1212 2183 156 31 trouve
1391 2189 60 25 un
1475 2175 229 39 imitateur
1726 2172 193 52 français
1946 2183 41 31 et
2005 2170 131 56 qu'on

124 2259 113 27 nous
261 2246 167 39 délivre
467 2245 58 40 du
559 2247 126 38 triste
725 2244 158 41 travail
924 2244 53 40 de
1013 2244 142 40 David
1181 2251 41 33 et
1264 2242 163 54 Lussy,
1469 2243 295 52 compilation
1804 2242 208 52 informe,
2053 2255 83 39 que

131 2315 218 52 quelques
371 2313 115 42 naïfs
513 2316 133 39 citent
666 2327 158 27 encore
847 2311 170 54 parfois
1040 2325 173 27 comme
1233 2325 86 28 une
1349 2313 203 39 autorité.

1887 2417 51 40 P.
1962 2416 52 41 A.
