1673 2540
241 2216 61 41 112

251 256 139 31 durch
422 259 70 30 die
520 260 151 40 Kunst,
703 263 49 29 die
771 263 68 31 dem
862 266 250 31 revolutionären
1131 268 236 41 Klassenkampf
1387 273 46 29 ent-

251 304 126 37 spricht.
426 305 154 39 Bogda
592 316 53 21 no
656 318 41 29 w,
736 310 55 31 der
817 311 183 38 Begründer
1037 313 53 32 des
1128 316 177 31 russischen
1333 318 99 31 Prolet-

250 350 90 40 kults,
363 353 51 30 hat
438 362 58 21 uns
517 356 131 37 gezeigt,
672 358 61 28 wie
753 356 224 34 Wissenschaft
999 361 65 30 und
1086 362 101 31 Kunst
1208 363 56 30 mit
1286 364 162 31 Rücksicht

251 397 50 29 auf
325 396 58 31 den
406 396 246 41 Arbeitsprozeß
677 401 54 30 der
753 401 204 33 Gesellschaft
980 407 191 40 entstanden,
1195 409 60 30 wie
1278 410 44 30 sie
1347 410 99 32 Mittel

249 452 58 21 zur
333 443 226 39 Organisation
587 445 52 32 des
667 447 296 38 gesellschaftlichen
990 451 118 32 Lebens
1135 454 87 32 sind.’
1263 456 58 30 Die
1346 457 101 32 Kunst

249 488 54 32 der
327 489 217 39 bürgerlichen
569 492 205 33 Gesellschaft
800 498 182 36 propagiert
1007 497 48 32 die
1081 499 285 42 Weltanschauung
1392 504 54 30 des

249 535 219 39 Bürgertums:
499 537 75 40 \den
613 539 283 44 Individualismus,
934 543 50 31 die
1020 544 329 44 Massenverachtung,
1387 550 59 31 den

249 582 184 32 Pazifismus
458 584 66 30 und
549 584 49 32 die
624 586 426 43 Menschheitsvernichtung.
1100 593 134 31 Bewußt
1260 597 186 37 organisiert

248 629 41 29 ist
305 628 49 31 die
369 629 195 39 bürgerliche
579 632 101 31 Kunst
694 644 28 20 z.
741 635 34 29 B.
792 635 31 30 in
841 635 59 31 den
914 637 233 33 Volksbühnen.
1185 641 59 30 Die
1259 642 102 31 Kunst
1377 643 68 30 dem

248 675 105 31 Volke.
500 678 212 40 Volksbühne,
740 684 71 35 sagt
835 682 103 36 Julius
963 684 76 40 Bab,
1065 685 60 30 soll
1152 686 54 31 der
1231 688 138 38 „festlich
1394 695 34 33 ge-

246 722 142 38 steigerte
413 722 165 33 Ausdruck
604 725 49 31 für
680 726 56 31 das
762 729 208 37 gemeinsame
996 731 130 31 Erleben
1155 734 83 30 einer
1264 734 178 42 Gemeinde,

247 768 82 30 eines
350 769 116 30 Volks“
486 771 76 31 sein.

328 814 67 31 Aus
432 816 56 31 der
513 818 254 40 Notwendigkeit
802 821 122 40 heraus,
963 823 50 31 die
1039 824 132 32 Gefühle
1199 827 64 30 und
1291 828 50 31 die
1367 829 57 30 Vor-

246 861 173 39 stellungen
435 863 54 31 der
506 864 243 38 proletarischen
766 866 106 32 Masse
886 869 51 30 für
952 870 59 30 den
1028 870 218 41 Klassenkrieg
1262 884 41 20 zu
1319 877 106 36 organi-

245 908 109 38 sieren,
380 910 172 30 entwickelt
575 911 65 30 sich
668 912 48 31 die
741 914 223 37 proletarische
987 917 110 31 Kunst.
1145 918 33 30 In
1204 920 114 30 seinem
1345 922 78 29 Büch-

245 953 60 30 lein
329 955 80 38 „Die
430 955 101 31 Kunst
554 957 65 30 und
643 958 56 30 das
722 960 202 31 Proletariat“
948 962 53 31 hat
1023 964 190 38 Bogdanow
1239 966 49 31 die
1309 967 51 31 für
1383 968 58 30 den

245 1000 170 31 Proletkult
440 1002 306 34 charakteristischen
773 1006 259 40 Gesichtspunkte
1060 1010 54 30 der
1141 1011 224 33 Klassenkunst
1392 1024 34 21 an-

244 1047 149 38 gegeben.
443 1049 91 31 Ohne
560 1051 126 31 Zweifel
712 1053 99 39 liegen
839 1055 31 29 in
897 1055 55 30 der
976 1056 339 34 dramatischen
1342 1061 100 31 Kunst

244 1093 49 30 die
317 1094 150 31 stärksten
493 1098 334 37 propagandistischen
853 1101 252 38 Möglichkeiten.

327 1149 42 30 Es
392 1150 40 29 ist
457 1150 142 41 bekannt,
623 1153 61 30 wie
707 1155 31 29 in
764 1155 82 30 einer
870 1155 201 41 Aufführung
1096 1158 54 31 der
1176 1159 179 39 „Stummen
1378 1172 62 20 von

245 1194 133 31 Portici“
401 1205 48 21 am
472 1197 49 30 25.
545 1197 125 40 August
694 1200 78 30 1830
794 1202 31 29 in
849 1202 125 31 Brüssel
998 1204 49 30 die
1068 1205 186 32 Revolution
1276 1207 164 32 ausbrach.

246 1242 77 29 1848
346 1241 53 31 hat
419 1252 72 21 man
511 1245 32 28 in
566 1245 212 32 Deutschland
800 1257 56 21 aus
878 1249 55 30 der
955 1251 250 31 revolutionären
1227 1253 214 33 Wirksamkeit

243 1286 55 31 der
319 1288 109 31 Bühne
449 1289 123 31 Nutzen
595 1300 141 30 gezogen
760 1294 65 30 und
847 1294 146 32 Rußland
1014 1298 84 38 zeigt
1120 1308 31 20 es
1175 1308 59 21 uns
1257 1300 99 39 heute,
1380 1302 60 29 wie

243 1332 56 32 das
330 1334 131 31 Theater
489 1346 58 20 zur
576 1338 251 32 revolutionären
858 1341 211 40 Propaganda
1098 1348 186 35 ausgenutzt
1312 1347 125 31 werden

242 1379 91 32 kann.
374 1381 58 30 Die
450 1381 239 42 Aufführungen
708 1385 54 31 der
778 1388 122 37 großen
919 1388 132 32 Theater
1065 1391 126 30 werden
1209 1392 98 31 durch
1326 1393 113 40 Reden,

244 1426 219 42 Rezitationen,
481 1430 123 31 Plakate
620 1434 294 37 propagandistisch
933 1439 213 35 ausgemünzt.
1164 1438 33 30 In
1209 1439 56 29 den
1279 1440 160 32 Betrieben

242 1473 126 30 werden
387 1475 363 41 Theateraufführungen
771 1481 193 36 organisiert.
1007 1482 263 33 Wanderbühnen
1289 1486 71 30 sind
1379 1487 45 30 ein-

241 1519 159 40 gerichtet,
423 1521 49 30 die
493 1523 31 29 in
548 1522 49 31 die
620 1524 207 38 entlegensten
850 1527 115 31 Dörfer
988 1528 200 39 Vordringen.

324 1570 71 30 Nur
415 1571 148 39 insofern,
585 1572 45 30 als
652 1572 83 30 diese
755 1574 258 37 sowjetistischen
1035 1575 403 43 Theaterveranstaltungen

242 1626 62 20 von
327 1616 58 31 den
407 1618 280 38 Gesichtspunkten
708 1619 121 38 geleitet
849 1620 136 40 werden,
1008 1621 50 30 die
1077 1623 66 30 sich
1168 1632 55 22 aus
1246 1624 53 30 der
1320 1626 104 37 spezifi-

241 1663 95 30 schen
355 1663 354 40 Proletkulteinstellung
727 1665 49 31 für
795 1665 49 31 die
862 1666 224 33 Bühnenkunst
1105 1669 143 40 ergeben,
1267 1670 80 31 kann
1366 1682 70 20 man

240 1708 67 32 ihre
332 1709 185 39 Leistungen
544 1711 46 30 als
616 1712 54 29 mit
698 1712 98 30 denen
823 1713 82 30 eines
931 1714 243 38 proletarischen
1201 1716 147 32 Theaters
1373 1727 48 21 ver-

240 1755 108 32 wandt
370 1756 144 31 ansehen.

323 1810 124 31 Welche
475 1811 258 39 Gesichtspunkte
761 1814 74 30 muß
865 1814 54 31 der
947 1815 170 32 Proletkult
1143 1816 50 31 für
1221 1818 55 30 das
1307 1818 130 31 Theater

240 1856 180 31 entwickeln
428 1857 15 30 ?

322 1905 67 32 Aus
412 1907 54 31 der
488 1907 131 31 Absicht
642 1908 54 31 des
719 1909 212 40 Proletkultes,
954 1910 58 31 den
1034 1912 252 38 schöpferischen
1309 1914 128 32 Instinkt

241 1952 55 31 der
312 1952 106 31 Masse
435 1962 40 21 zu
491 1954 120 31 wecken
629 1955 65 29 und
710 1965 40 20 zu
767 1955 131 40 pflegen,
917 1957 133 38 ergeben
1067 1959 65 30 sich
1150 1959 219 40 Folgerungen
1387 1961 49 31 für

242 1999 91 29 Form
353 1999 64 31 und
437 2000 99 31 Inhalt
555 2001 54 30 der
628 2001 195 32 Dichtwerke
844 2003 65 30 und
929 2004 56 31 der
1002 2004 240 40 Aufführungen
1263 2006 55 31 der
1336 2008 83 38 prole-

240 2046 152 29 tarischen
429 2046 139 31 Theater.
616 2047 59 30 Die
711 2048 94 31 Form
842 2049 54 31 der
931 2051 244 37 proletarischen
1213 2053 223 32 Btihnenkunst

241 2091 107 31 richtet
373 2093 65 30 sich
461 2093 63 30 voll
548 2094 65 30 und
636 2103 82 29 ganz
742 2096 78 30 nach
844 2096 68 30 dem
938 2096 99 32 Inhalt
1060 2098 65 30 und
1149 2098 55 31 der
1227 2098 131 34 Absicht
1382 2100 54 31 der

242 2138 286 39 Veranstaltungen.
