1579 2540
1299 2194 64 51 119

552 267 427 40 REDAKTIONELLES

252 338 77 28 Dem
375 336 115 31 soeben
534 337 31 29 in
609 336 102 29 Berlin
758 336 165 29 eröffneten
969 331 391 42 „PROLETARISCHEN

168 383 214 31 THEATER“
407 382 80 30 wird
513 383 97 30 dieses
632 382 71 29 Heft
725 390 126 21 unserer
873 381 173 30 Zeitschrift
1070 390 56 21 zur
1149 388 191 30 programma-

168 430 118 30 tischen
307 430 181 38 Darlegung
506 430 100 29 seiner
625 428 168 30 Absichten
812 438 56 20 zur
887 428 182 38 Verfügung
1088 427 128 38 gestellt.
1257 426 104 30 Damit

169 478 40 29 ist
229 477 84 30 nicht
334 478 118 37 gesagt,
475 475 62 30 daß
562 484 109 21 unsere
693 474 190 38 Auffassung
904 475 65 29 sich
991 475 53 29 mit
1069 475 53 29 der
1146 473 53 30 der
1220 473 140 30 Autoren

172 523 94 31 deckt.
297 524 42 28 Es
354 524 39 29 ist
407 522 158 39 jedenfalls
581 522 73 38 klar,
670 521 61 30 daß
748 521 48 30 die
810 521 99 37 Frage
925 521 54 29 der
996 521 240 37 proletarischen
1252 520 108 30 Bühne

171 570 96 30 durch
288 569 48 30 die
352 569 219 38 vorliegenden
590 567 146 31 Arbeiten
753 569 31 28 in
802 567 101 30 keiner
919 567 101 30 Weise
1038 567 156 38 erschöpft
1213 567 48 38 ist,
1278 567 82 29 noch

168 618 139 36 weniger
328 616 55 30 das
405 616 115 29 Thema
541 614 177 39 Proletkult,
741 613 55 31 das
817 614 161 38 eigentlich
1001 623 60 20 nur
1082 614 50 29 auf
1155 613 113 31 Grund
1290 614 70 29 sehr

170 661 207 40 eingehender
406 662 193 37 Kenntnisse,
633 660 215 38 Erfahrungen
889 659 65 30 und
983 659 84 30 nicht
1095 669 62 20 von
1190 659 88 30 heute
1311 659 50 30 auf

167 717 132 29 morgen
321 706 164 32 behandelt
508 706 125 30 werden
657 705 108 31 dürfte.

252 768 57 30 Die
328 767 119 30 Photos
467 767 98 30 dieses
583 767 104 30 Heftes
706 767 71 30 sind
796 766 340 38 Originalaüfnahmen,
1158 766 49 30 die
1226 766 58 29 wir
1305 774 55 21 aus

170 815 134 30 Moskau
325 814 135 30 erhalten
481 814 110 31 haben.

251 875 535 31 DEUTSCH-HOLLÄNDISCHE
817 873 339 33 KULTURAKTION.
1216 872 62 30 Auf
1308 871 52 30 der

170 919 216 38 Dada-Messe,
410 918 49 30 die
482 918 125 38 Anfang
632 918 62 36 Juli
717 917 47 30 bis
788 917 123 38 August
932 917 32 29 in
988 915 103 31 Berlin
1116 914 155 39 stattfand,
1293 923 67 22 war

170 967 89 28 unter
273 965 143 30 anderem
435 965 78 30 auch
532 965 48 29 die
596 965 116 37 Mappe
729 964 97 38 „Gott
840 964 54 29 mit
909 964 78 29 uns“
1003 971 61 22 von
1082 962 124 38 George
1222 961 104 31 Grosz
1327 961 1 41 :

169 1012 170 38 ausgelegt.
381 1012 57 29 Ein
459 1011 297 38 Hakenkreuzritter,
778 1010 53 30 der
851 1010 64 29 sich
936 1011 53 29 mit
1012 1009 68 30 dem
1102 1009 188 29 Dadaismus
1311 1007 33 30 be-

169 1058 170 38 schäftigen
357 1058 114 38 wollte,
490 1058 68 29 kam
577 1058 82 29 eines
678 1056 99 38 Tages
798 1056 51 30 auf
869 1056 59 30 den
948 1056 120 38 Einfall,
1087 1056 65 30 sich
1175 1065 48 20 tue
1244 1054 116 37 Mappe

169 1105 185 30 anzusehen.
392 1105 41 29 Er
454 1105 67 29 kam
541 1104 63 30 und
622 1105 77 36 ging
718 1103 78 30 auch
816 1103 123 30 wieder.
978 1103 41 29 Er
1039 1103 81 30 hatte
1141 1110 115 29 genug.
1277 1101 83 37 Tags

170 1152 109 29 darauf
298 1151 114 30 erzählt
433 1160 31 20 er
485 1152 103 28 seinen
608 1149 98 31 lieben
727 1149 159 31 Teutonen
905 1150 31 29 in
956 1148 53 30 der
1029 1148 197 39 „Deutschen
1249 1148 93 37 Tages-

168 1199 146 36 zeitung“
323 1207 7 21 :
350 1197 75 39 „Als
443 1197 48 30 ich
511 1197 31 30 in
562 1196 49 31 die
627 1197 73 29 freie
716 1196 69 29 Luft
802 1197 83 36 trete,
906 1195 78 30 habe
1002 1195 48 30 ich
1069 1195 49 30 die
1139 1193 221 39 Empfindung,

169 1244 62 31 daß
255 1245 47 29 ein
323 1244 150 38 gewisser
494 1243 64 30 Teil
582 1242 167 30 Menschen
772 1251 39 21 zu
833 1242 58 30 viel
915 1243 31 29 in
969 1241 212 30 Deutschland
1205 1242 39 29 ist
1266 1240 94 38 (ganz

169 1300 110 20 unsere
299 1290 167 38 Meinung!
490 1290 58 30 Die
567 1289 97 39 Red.),
685 1289 61 30 daß
767 1288 212 30 Deutschland
1000 1288 64 30 sich
1087 1288 82 30 ihrer
1188 1287 172 37 entledigen

168 1338 86 38 muß,
273 1336 64 31 will
356 1346 31 20 es
408 1336 83 30 nicht
509 1335 94 31 selbst
622 1335 162 38 zugrunde
803 1335 109 38 gehen.
948 1336 90 28 Denn
1056 1344 31 20 es
1104 1335 73 38 liegt
1196 1334 115 39 System
1330 1334 31 28 in

168 1384 115 30 diesem
304 1383 168 38 Beginnen.
510 1383 76 37 Mag
605 1383 74 38 sein,
699 1382 61 30 daß
782 1382 48 30 die
849 1381 145 32 Künstler
1011 1381 95 30 selbst
1124 1382 138 29 verrückt
1280 1380 80 38 sind,

169 1430 62 30 daß
258 1431 44 29 sie
332 1430 45 30 als
405 1429 118 30 Idioten
553 1429 106 30 keinen
689 1428 165 38 Anspruch
904 1428 51 30 auf
995 1428 138 30 normale
1162 1427 198 37 Beurteilung

169 1476 116 38 haben;
309 1476 73 30 aber
405 1476 48 30 die
475 1475 212 39 Drahtzieher,
710 1475 48 30 die
781 1475 141 30 dahinter
946 1475 115 39 stehen,
1083 1474 49 31 die
1154 1474 70 30 sind
1247 1483 40 30 es,
1313 1473 47 31 die

170 1522 55 31 das
248 1524 83 37 stete,
356 1522 192 39 konsequent
570 1522 196 38 fortgesetzte
787 1521 192 31 Verbrechen
1003 1531 49 20 am
1078 1521 166 30 deutschen
1266 1521 95 29 Volke

168 1569 148 38 begehen.
338 1569 41 30 Es
399 1569 74 37 liegt
493 1568 116 40 System
633 1568 98 39 darin,
753 1568 56 30 das
829 1568 145 30 deutsche
993 1568 122 39 Gemüt,
1141 1568 54 30 das
1217 1567 143 30 deutsche

169 1616 83 29 Herz
274 1615 65 30 und
363 1615 47 30 die
433 1615 144 30 deutsche
602 1615 83 31 Seele
708 1616 54 29 mit
785 1615 122 30 Gewalt
949 1624 40 20 zu
1014 1615 163 38 vergiften;
1222 1624 32 20 es
1289 1614 71 38 liegt

168 1661 117 39 System
316 1661 98 39 darin,
441 1661 68 30 dem
535 1661 95 30 Volke
655 1661 83 39 jedes
765 1662 156 29 nationale
947 1661 123 39 Gefühl,
1096 1661 67 39 jede
1188 1660 172 39 Tradition,

169 1708 88 39 jeden
281 1708 86 30 Stolz
389 1708 51 30 auf
463 1708 48 30 die
536 1708 96 30 Taten
654 1710 99 28 seiner
776 1708 92 30 Väter
890 1717 40 21 zu
953 1708 130 30 nehmen
1106 1731 68 7 ...
1203 1717 8 29 ;
1235 1718 31 20 es
1288 1708 72 37 liegt

169 1755 118 39 System
312 1754 98 38 darin,
434 1764 93 21 wenn
553 1755 82 39 alles,
659 1764 66 21 was
751 1764 58 21 uns
831 1755 82 37 groß
940 1755 141 37 gemacht
1105 1754 62 40 hat,
1192 1755 64 30 und
1281 1756 79 28 trotz

168 1801 146 29 mancher
342 1800 108 30 Fehler
476 1801 80 29 doch
586 1801 55 30 das
670 1800 196 38 Volksganze
892 1799 163 40 darstellte,
1104 1802 32 29 in
1164 1801 197 30 widerlichen

172 1846 122 29 Morast
319 1845 237 38 herabgezogen
583 1845 95 39 wird;
706 1855 30 20 es
762 1846 71 38 liegt
859 1846 116 38 System
1005 1846 99 40 darin,
1129 1848 40 29 im
1196 1846 162 30 deutschen

168 1892 97 30 Volke
287 1892 57 30 den
364 1891 254 38 Wehrgedanken
639 1894 213 37 auszurotten;
872 1902 30 20 es
922 1893 74 38 liegt
1016 1893 116 38 System
1151 1893 98 39 darin,
1268 1903 92 20 wenn

169 1939 32 29 in
221 1948 140 20 unserem
381 1938 95 30 Volke
494 1938 113 38 gerade
625 1940 81 37 jetzt,
723 1949 52 20 wo
798 1949 31 20 es
849 1938 53 31 der
920 1939 82 31 Hilfe
1020 1950 56 19 zur
1096 1942 125 28 inneren
1240 1939 100 31 Gesun-

1328 960 30 39 ;*)

251 2021 27 32 *)
299 2022 50 25 Die
368 2022 98 32 Mappe
486 2022 118 24 erschien
625 2023 25 24 in
673 2022 71 25 einer
766 2022 109 32 Auflage
894 2030 53 17 von
967 2030 49 18 nur
1035 2023 46 24 125
1102 2022 179 33 Exemplaren.
1317 2023 42 25 Sie

167 2059 99 25 enthält
287 2061 138 25 satirische
450 2060 196 33 Zeichnungen,
662 2068 83 24 gegen
772 2059 103 26 Militär
901 2061 54 25 und
984 2060 182 32 Bourgeoisie,
1193 2060 51 25 wie
1270 2060 38 26 sie
1336 2061 24 25 in

170 2096 46 25 der
233 2096 132 25 mehrfach
384 2096 157 24 verbotenen
563 2095 149 24 Zeitschrift
731 2095 66 31 „Die
817 2095 96 24 Pleite“
933 2095 53 24 und
1005 2095 65 24 auch
1091 2095 35 24 im
1145 2095 139 32 „Gegner“
1303 2102 42 17 ver-

166 2133 144 25 öffentlicht
329 2133 118 25 wurden.
