1619 2540
206 2177 52 33 92

207 250 65 29 und
293 249 149 38 Begriffen
463 248 224 30 kennzeichnen
708 246 55 31 das
785 247 31 28 in
837 246 49 29 die
907 246 76 28 Ecke
1003 244 170 38 gedrängte
1194 241 192 31 Seelenleben

206 305 62 21 von
286 295 177 38 Menschen,
482 294 48 30 die
547 294 64 29 sich
631 303 38 19 an
687 293 48 29 die
752 291 199 32 Rockschöße
969 290 52 30 des
1038 289 137 39 Kapitals
1192 289 194 29 klammerten

207 341 65 30 und
289 351 36 20 so
344 341 57 29 den
420 339 269 37 Zusammenhang
707 340 54 28 mit
779 337 53 30 der
850 336 312 38 fortgeschrittensten
1182 335 116 37 Klasse,
1319 334 67 29 dem

207 387 191 38 Proletariat,
414 386 149 30 verloren.
600 385 40 38 O,
657 384 48 30 die
721 383 145 30 Bankiers
881 391 106 21 waren
1006 381 125 30 Meister
1147 381 82 29 ihrer
1247 379 139 39 Epoche:

206 435 45 28 sie
266 433 101 30 ließen
385 432 81 30 diese
482 432 91 29 Leute
588 430 64 30 sich
669 429 156 39 gebärden
842 430 58 28 wie
916 429 43 29 sie
975 427 136 31 wollten.
1150 426 237 39 „Revolutionär

206 480 32 28 in
259 479 58 29 den
336 477 178 31 Farben?!“
593 476 118 39 „Wenn
731 475 127 38 schon“,
877 475 108 37 sagten
1004 474 52 38 sie,
1076 473 122 29 lüfteten
1218 473 47 29 ein
1283 472 103 36 wenig

207 525 59 29 den
284 523 255 38 chapeamclaque
557 522 64 30 und
639 521 135 38 klopften
791 521 64 29 sich
874 519 139 31 lächelnd
1032 519 50 30 auf
1101 518 58 31 den
1178 518 105 29 dicken
1302 517 83 30 Sack.

207 570 239 38 „Revolutionär
468 569 32 29 in
523 568 162 30 Worten!“
730 567 72 30 Wer
825 566 80 30 lacht
929 565 61 30 da?

289 615 90 31 Dada
393 614 95 30 lacht!
510 613 75 31 Und
600 613 94 29 damit
710 612 92 30 findet
818 611 48 31 die
880 610 203 31 Harlekinade
1100 610 64 30 ihre
1180 609 206 37 Vollendung.

207 662 91 30 Doch
317 661 99 39 Dada,
437 660 129 31 obwohl
584 659 181 38 erkennend,
783 658 108 30 wohin
910 656 195 31 entwurzelte
1124 656 99 31 Kunst
1240 655 91 38 führt,
1350 653 39 29 ist

207 709 67 29 kein
297 708 145 37 Ausweg.
487 707 58 29 Die
569 705 192 38 bürgerliche
783 704 110 31 Kultur
913 712 125 28 vermag
1060 703 85 29 keine
1168 702 115 29 Inhalte
1304 700 85 29 mehr

206 763 40 20 zu
268 754 108 37 geben.
421 754 64 28 Das
508 761 99 28 ganze
630 750 188 32 Kunstleben
842 749 82 31 wird
947 758 55 20 zur
1026 748 149 30 formalen
1199 747 170 38 Angelegen-

207 800 70 30 heit.
324 799 57 30 Die
407 799 133 38 „Form“
565 798 39 29 ist
630 797 86 37 alles;
752 796 49 29 die
825 796 92 29 Form
943 794 89 30 allein
1058 794 80 29 kann
1164 793 73 30 aber
1261 792 126 30 niemals

207 845 210 30 revolutionär
440 844 74 30 sein.
559 844 64 28 Der
648 842 99 30 Inhalt
768 841 101 30 macht
893 842 43 28 sie
960 840 79 30 dazu
1124 839 65 30 und
1213 839 54 30 der
1290 838 98 30 Inhalt

208 891 53 30 der
282 892 42 29 im
346 891 183 37 Bürgertum
550 888 194 31 verankerten
767 888 100 30 Kunst
888 887 80 29 kann
990 886 89 30 heute
1100 895 59 20 nur
1191 884 173 30 reaktio-

206 938 77 28 när
313 936 75 30 sein.

289 980 358 32 Revolutionäre
684 979 100 32 Kunst
809 978 80 30 kann
915 987 59 20 nur
999 976 211 38 hervorgehen
1238 985 55 21 aus
1321 976 67 29 dem

207 1029 88 30 Geist
327 1028 54 30 der
421 1027 246 30 revolutionären
708 1023 247 31 Arbeiterschaft.
994 1023 48 30 Sie
1082 1022 81 31 wird
1204 1022 55 30 das
1299 1020 91 30 Werk

207 1075 65 28 sein
298 1074 82 29 eines
404 1072 193 38 Charakters,
624 1071 54 30 der
703 1070 134 39 gebildet
862 1069 109 31 wurde
996 1078 62 21 von
1085 1069 53 29 der
1163 1069 225 37 gemeinsamen

207 1119 117 39 Arbeit,
350 1119 68 30 dem
444 1117 182 31 selbstlosen
652 1117 110 37 Kampf
798 1116 63 29 und
900 1116 67 29 dem
1002 1114 161 30 zielklaren
1188 1114 110 29 Willen
1336 1114 52 29 der

209 1165 135 29 Massen.
388 1165 63 29 Der
474 1161 356 39 Selbsterhaltungstrieb
855 1161 55 31 der
935 1161 139 29 Arbeiter
1098 1160 136 38 bedingt,
1260 1159 61 30 daß
1346 1159 43 30 sie

207 1211 65 30 sich
294 1211 41 28 im
358 1210 103 29 selben
485 1210 94 29 Maße
600 1208 201 30 künstlerisch
824 1207 65 30 und
913 1206 140 30 kulturell
1075 1206 131 30 befreien
1230 1206 59 30 wie
1314 1204 60 39 poli-

208 1257 78 29 tisch
313 1256 64 30 und
404 1255 210 30 ökonomisch.
662 1254 74 30 Und
764 1254 77 29 auch
869 1253 48 30 die
943 1252 145 30 Tendenz
1115 1251 98 30 dieser
1238 1251 151 37 geistigen

208 1302 165 38 Befreiung
411 1302 73 29 muß
522 1302 55 29 mit
614 1300 53 30 der
705 1298 184 31 materiellen
927 1297 290 31 übereinstimmend
1254 1297 113 29 kommu-

206 1348 128 30 nistisch
357 1348 74 29 sein.

290 1394 77 29 Dem
388 1392 239 39 proletarischen
647 1392 128 29 Theater
794 1390 175 30 erwachsen
988 1391 93 29 somit
1100 1391 76 27 zwei
1200 1388 190 39 prinzipielle

208 1439 180 38 Aufgaben:
417 1438 48 31 die
484 1439 63 29 eine
567 1438 120 29 bezieht
705 1437 63 29 sich
788 1436 117 38 darauf,
926 1436 60 29 daß
1006 1445 31 20 es
1055 1435 44 30 als
1118 1434 120 31 Betrieb
1257 1435 55 29 mit
1331 1433 58 30 den

207 1485 218 38 kapitalischen
446 1484 199 30 Traditionen
663 1483 100 29 bricht
781 1482 65 30 und
863 1481 153 30 zwischen
1034 1481 139 38 Leitung,
1192 1479 197 39 Darstellern,

210 1531 239 37 Dekorateuren,
478 1530 40 29 all
546 1528 58 31 den
632 1528 130 38 übrigen
790 1527 154 31 technisch
973 1526 64 30 und
1064 1526 196 39 geschäftlich
1289 1524 80 39 Ange-

207 1577 119 29 stellten
350 1577 99 29 sowie
473 1575 154 30 zwischen
653 1574 98 30 dieser
774 1573 189 30 Gesamtheit
987 1572 64 30 und
1076 1572 58 30 den
1159 1572 230 31 Konsumenten

209 1622 44 38 (d.
277 1624 29 29 h.
331 1622 58 29 den
415 1620 314 37 Theaterbesuchern)
754 1620 47 30 ein
825 1618 215 38 ebenbürtiges
1063 1617 182 39 Verhältnis,
1269 1619 47 28 ein
1340 1626 33 28 ge-

208 1669 181 28 meinsames
414 1667 146 30 Interesse
595 1665 64 30 und
694 1666 87 29 einen
816 1664 178 31 kollektiven
1020 1664 226 29 Arbeitswillen
1271 1663 117 30 schafft.

207 1714 41 31 Es
265 1714 79 30 wird
364 1712 170 32 allmählich
546 1712 58 30 den
614 1711 214 39 bürgerlichen
849 1711 355 38 „Berufsschauspieler“
1225 1709 164 31 entbehren

207 1761 132 37 können,
362 1759 101 30 indem
486 1769 31 20 es
543 1768 54 21 aus
623 1758 53 30 der
699 1758 87 29 Mitte
809 1758 53 29 der
884 1757 177 30 Zuschauer
1084 1756 47 31 die
1154 1756 165 30 Darsteller
1340 1764 33 28 ge-

207 1808 107 29 winnt.
334 1807 92 29 Diese
442 1805 97 31 hören
559 1805 59 38 auf,
639 1804 184 30 Dilettanten
842 1813 40 20 zu
902 1804 74 38 sein,
997 1803 80 30 denn
1096 1803 55 30 das
1169 1801 221 31 Proletarische

209 1852 130 30 Theater
361 1851 99 30 erfüllt
493 1852 29 36 ja
556 1851 45 30 als
624 1852 77 27 erste
724 1849 142 38 Aufgabe
899 1848 48 31 die
970 1849 236 37 Propagierung
1230 1848 65 30 und
1319 1848 53 30 Ver-

208 1897 119 38 tiefung
352 1897 52 30 des
429 1896 292 30 kommunistischen
747 1895 193 38 Gedankens,
966 1895 64 29 und
1055 1894 54 31 das
1133 1895 80 30 kann
1237 1894 152 31 natürlich

209 1944 83 30 nicht
308 1944 86 29 mehr
414 1942 94 30 Sache
526 1942 82 30 eines
625 1941 125 31 Berufes
767 1942 74 37 sein,
860 1940 135 31 sondern
1014 1940 54 30 das
1088 1940 124 31 Streben
1232 1941 82 29 einer
1331 1940 39 30 Ge-

209 1989 188 38 meinschaft,
418 1989 31 29 in
468 1988 53 30 der
540 1988 54 30 das
614 1987 161 30 Publikum
797 1987 66 30 eine
883 1986 215 38 ebensogroße
1117 1986 86 31 Rolle
1223 1986 89 38 spielt
1330 1987 59 29 wie

209 2035 50 30 die
278 2034 116 30 Bühne.
433 2034 254 37 Voraussetzung
706 2032 115 30 hierbei
841 2034 38 28 ist
899 2033 65 29 eine
982 2032 97 38 völlig
1101 2041 77 21 neue
1198 2031 191 38 Einstellung

210 2081 54 30 der
288 2079 166 31 Darsteller
477 2089 70 20 zum
573 2079 114 30 Thema
712 2078 52 31 des
791 2078 264 33 darzustellenden
1081 2078 132 30 Stückes.
1259 2078 41 29 Er
1322 2077 67 30 darf

210 2127 83 30 nicht
317 2126 85 30 mehr
436 2126 60 30 wie
522 2125 104 30 bisher
660 2125 172 30 indifferent
867 2124 76 30 über
977 2125 98 29 seiner
1110 2124 168 38 jeweiligen
1303 2123 86 31 Rolle
