2265 3756
963 145 79 27 LES
1079 147 234 29 CONCERTS

2069 146 75 51 169

165 230 244 42 CONCERTS
428 229 236 42 COLONNE.
768 233 58 40 28
830 234 188 53 février.

1045 259 44 7 —
1112 236 65 42 La
1205 238 284 54 Symphonie
1515 255 103 28 avec
1635 243 182 42 chœurs
1841 253 207 34 retrouve
2062 261 83 28 son

110 301 233 40 exécution
367 299 263 50 magistrale
650 308 41 31 et
715 313 82 28 son
820 302 145 51 grand
988 311 153 36 succès
1158 306 60 41 du
1235 308 240 43 dimanche
1498 311 254 52 précédent.
1773 311 62 42 La

114 366 71 41 nie
200 367 55 41 de
278 366 193 43 Brahms
495 377 66 32 est
593 371 148 39 mieux
774 372 232 41 accueillie
1025 389 82 37 par
1131 375 40 41 le
1187 376 153 53 public
1362 393 88 38 que
1473 380 89 41 l'an
1582 386 150 49 passé,
1771 391 41 32 et
1836 380 85 56 j'en
1945 385 96 39 suis
2058 384 87 43 fort

110 437 107 39 aise.
244 435 194 43 Brahms
472 452 22 26 a
519 451 71 28 ses
611 437 210 42 ridicules
845 449 42 31 et
910 454 71 28 ses
1007 445 189 49 manies,
1226 447 115 40 mais
1362 447 28 40 il
1412 447 112 42 n'est
1555 451 45 39 ni
1620 450 102 52 plus
1742 451 166 52 pédant
1930 454 43 39 ni
1996 455 149 39 moins

111 507 171 52 inspiré
306 521 86 39 que
418 508 54 41 tel
494 509 218 41 musicien
729 507 212 53 français,
969 526 86 38 que
1069 526 116 29 nous
1209 516 377 52 applaudissons;
1609 529 40 31 et
1682 520 40 40 la
1746 521 168 52 phrase
1948 522 54 42 de
2030 522 12 42 1

117 574 181 56 legretto
313 589 70 28 me
404 582 144 48 paraît
565 576 203 55 toujours
791 578 279 43 charmante.

170 643 208 44 Sachons
401 652 80 47 gré
520 652 22 37 à
566 647 62 42 M.
652 647 209 42 Colonne
884 649 54 41 de
961 649 290 45 familiariser
1279 653 39 42 le
1338 654 151 54 public
1515 656 193 53 français
1732 672 107 29 avec
1863 661 79 40 des
1966 676 177 28 œuvres

113 715 106 53 qu'il
237 714 95 43 faut
357 722 246 36 connaître.

706 715 51 44 L.
783 717 55 42 L.

166 808 25 41 6
216 825 128 26 mars.

373 832 46 5 —
444 809 258 42 Excellente
721 813 249 47 exécution,
1009 812 126 53 large
1157 823 42 32 et
1223 814 161 52 pleine,
1409 816 56 41 de
1500 817 271 44 l'ouverture
1792 821 54 42 de

114 875 178 43 C-ellini.
317 878 65 42 La
418 894 20 26 2
443 884 16 18 e
873 878 271 57 Symphonie
778 882 54 40 de
845 880 196 44 Brahms
1060 892 66 33 est
1143 882 104 43 bien
1272 884 254 43 allemande
1545 902 82 39 par
1662 903 71 27 ses
1757 902 178 32 accents
1972 894 55 42 de
2052 904 69 33 ten-

111 946 154 42 dresse
296 948 181 42 affectée
499 958 42 32 et
569 949 54 41 de
654 963 302 41 romanesque
975 951 136 42 voulu
1140 964 8 38 ;
1192 953 23 40 Y
1220 953 245 56 Allegretto
1498 965 65 32 est
1590 957 40 41 la
1656 959 231 43 meilleure
1911 965 144 50 partie
2089 965 53 41 de

114 1015 234 56 beaucoup
371 1033 10 34 ;
407 1033 57 26 on
487 1033 55 26 en
574 1034 21 27 a
618 1021 229 41 vivement
868 1026 140 46 goûté
1031 1023 39 40 le
1092 1023 184 41 charme
1296 1025 176 53 simple.
1497 1025 66 43 La
1604 1026 183 44 Cantate
1808 1031 52 40 de
1882 1031 171 56 Pâques
2089 1037 53 40 de

113 1086 122 42 Bach
255 1101 259 28 commence
550 1104 82 38 par
650 1104 61 27 un
740 1090 55 41 de
818 1105 72 27 ces
941 1100 150 33 vastes
1130 1094 272 52 ensembles,
1430 1097 283 42 tumultueux
1748 1109 41 32 et
1813 1101 243 51 ordonnés,
2084 1113 57 34 où

115 1156 261 42 l'orchestre
396 1157 136 42 s'unit
547 1172 84 27 aux
651 1172 174 28 masses
839 1160 222 49 chorales,
1084 1161 64 42 les
1162 1165 197 39 soutient
1383 1174 40 31 et
1444 1165 261 44 lesentoure
1729 1169 55 40 de
1799 1174 338 52 contre-sujets,

117 1237 106 28 sans
238 1238 87 40 que
343 1226 161 52 jamais
522 1226 175 43 s'efface
720 1228 39 41 le
785 1228 133 42 motif
936 1231 236 52 principal.
1195 1231 62 40 M.
1285 1231 207 43 Colonne
1529 1244 87 33 met
1642 1249 54 28 en
1723 1237 131 42 relief
1896 1240 66 42 les
1996 1241 145 52 lignes

117 1294 259 51 puissantes
398 1296 55 40 de
485 1310 72 28 ces
580 1299 332 40 constructions
936 1299 270 42 solidement
1242 1301 278 43 assemblées
1558 1313 41 32 et
1638 1310 310 47 entretoisées,
1981 1311 160 42 hautes

114 1374 174 28 comme
310 1363 78 41 des
409 1364 202 41 clochers
642 1365 55 41 de
720 1367 272 42 cathédrale.
1019 1367 63 42 Le
1112 1373 146 37 même
1298 1372 227 40 orchestre
1566 1387 307 41 accompagne
1907 1393 106 27 avec
2052 1395 86 28 une

114 1430 241 42 discrétion
381 1437 195 36 extrême
597 1433 63 40 les
684 1434 116 41 duos
823 1444 40 32 et
881 1435 64 41 les
960 1439 89 38 airs
1065 1434 65 57 (M
1134 1435 56 26 1Ies
1206 1438 117 54 Julie
1347 1439 161 42 Cahun
1530 1451 41 31 et
1591 1442 122 42 Alice
1732 1444 188 48 Deville,
1945 1447 115 43 MM.
2086 1449 51 42 E.

115 1499 145 43 Gluck
283 1510 41 32 et
339 1501 38 55 J.
402 1501 182 54 Reder);
607 1512 42 31 et
670 1503 38 40 le
729 1503 151 42 choral
906 1503 125 52 final,
1053 1506 115 41 dans
1188 1520 46 27 sa
1256 1509 153 42 nudité
1425 1510 256 54 éloquente,
1708 1515 179 50 achève,
1908 1522 178 38 résume
2100 1529 41 32 et

115 1570 191 41 conclut.
329 1569 285 43 L'exécution
638 1585 22 27 a
682 1575 67 37 été
771 1571 54 41 de
849 1581 96 32 tout
962 1575 126 51 point
1112 1575 205 51 dignede
1351 1578 201 49 l'œuvre,
1574 1580 277 43 c'est-à-dire
1872 1589 144 43 émue,
2043 1593 75 47 pré-

115 1641 88 38 cise
226 1649 42 31 et
288 1640 175 53 simple.
490 1639 154 43 Grand
664 1646 279 48 succèspour
964 1641 45 41 M
1016 1647 48 18 me
1086 1642 217 54 Panthès,
1324 1647 75 50 qui
1420 1646 100 52 joue
1538 1661 106 28 avec
1661 1664 86 27 une
1769 1650 133 47 force,
1919 1669 86 27 une
2023 1655 96 52 légè-

118 1713 89 36 reté
242 1717 42 32 et
324 1722 86 28 une
453 1708 169 54 fougue
658 1710 363 53 incomparables
1060 1711 39 42 la
1134 1711 223 42 Fantaisie
1389 1713 238 56 hongroise
1663 1717 55 41 de
1759 1717 137 51 Liszt,
1933 1725 209 51 musique

117 1778 218 54 héroïque
368 1778 334 54 d'inspiration,
725 1788 42 32 et
791 1781 140 51 aussi,
955 1779 125 42 hélas
1107 1781 8 38 !
1139 1781 53 42 de
1215 1781 227 43 difficulté.
1470 1783 120 42 Mais
1610 1799 57 27 on
1693 1787 152 41 oublie
1869 1790 38 39 la
1930 1790 212 44 difficulté

117 1848 149 52 quand
292 1848 84 41 elle
402 1861 125 28 cesse
553 1848 138 42 d'être
715 1859 260 44 apparente,
1002 1863 175 28 comme
1211 1851 145 43 c'était
1383 1853 39 41 le
1464 1867 75 27 cas
1566 1866 7 37 ;
1623 1863 42 33 et
1700 1856 55 42 de
1799 1858 126 42 telles
1964 1875 178 29 œuvres

117 1918 271 41 deviennent
410 1918 53 41 de
485 1917 142 42 belles
651 1932 178 29 œuvres
848 1919 283 54 lorsqu'elles
1155 1931 207 33 trouvent
1387 1923 96 41 leur
1506 1926 260 52 interprète.

1867 1926 53 42 L.
1947 1927 37 42 L

174 2010 196 42 SOCIÉTÉ
394 2011 278 43 NATIONALE.
777 2028 21 42 5
820 2030 132 25 mars.

988 2040 45 4 —
1057 2016 63 42 Le
1143 2016 210 53 Quatuor
1374 2023 22 37 à
1420 2021 158 42 cordes
1597 2022 54 41 de
1669 2022 64 42 M.
1771 2025 157 52 Ravel,
1956 2033 89 36 très
2069 2045 50 38 ap-

117 2080 172 54 plaudi,
309 2094 70 28 me
397 2082 109 53 plaît
529 2082 235 54 beaucoup
786 2094 9 39 ;
821 2083 105 42 c'est
966 2083 185 43 l'œuvre
1192 2087 108 42 d'un
1333 2091 219 40 musicien
1588 2092 162 42 délicat
1790 2103 42 32 et
1862 2094 103 44 bien
2007 2098 133 51 doué,

117 2150 118 52 épris
256 2148 260 53 d'émotion,
541 2152 54 40 de
618 2152 137 40 clarté
778 2160 40 34 et
841 2153 282 42 d'harmonie
1150 2169 7 26 :
1185 2157 36 39 si
1239 2155 40 41 la
1301 2162 165 47 pensée
1486 2158 112 42 n'est
1621 2174 81 39 pas
1724 2164 204 52 toujours
1947 2172 87 35 très
2049 2182 72 38 per-

117 2219 203 41 sonnelle
339 2218 74 54 (en
437 2221 257 51 particulier
717 2221 113 41 dans
850 2221 262 55 bandante),
1140 2224 38 41 le
1198 2225 113 52 style
1334 2235 66 32 est
1423 2237 179 43 partout
1627 2229 201 55 limpide,
1856 2243 40 32 et
1933 2235 38 40 la
2009 2249 112 30 sono-

120 2289 81 39 rité
217 2290 299 39 intéressante
535 2301 9 36 ;
563 2287 123 44 enfin
705 2290 38 41 le
762 2290 183 41 Scherzo
966 2305 105 27 avec
1095 2305 79 28 son
1338 2294 90 42 lent
1452 2309 55 27 en
1528 2299 227 48 sourdine,
1775 2310 66 32 est
1856 2301 289 46 absolument

120 2356 103 41 bien
245 2370 117 28 venu
395 2357 83 55 J'ai
494 2357 38 41 le
557 2367 147 42 regret
725 2359 55 40 de
794 2373 55 26 ne
868 2374 81 38 pas
971 2362 139 40 aimer
1127 2360 235 56 beaucoup
1383 2364 38 40 le
1439 2362 196 51 Quatuor
1658 2367 54 41 de
1728 2366 221 46 Castillon
1970 2371 12 55 (
1995 2378 100 49 1872
2134 2393 8 33 ;

121 2426 29 39 il
176 2426 144 39 révèle
343 2423 314 45 d'excellentes
680 2427 172 47 études,
875 2427 40 41 le
949 2430 117 40 culte
1089 2430 53 40 de
1167 2430 277 53 Beethoven,
1481 2442 42 32 et
1545 2435 39 40 la
1620 2434 264 45 familiarité
1908 2440 53 42 de
1995 2441 120 45 Schu-

122 2510 136 25 mann
285 2507 7 36 ;
314 2497 113 39 mais
449 2496 28 40 il
499 2510 70 26 me
593 2496 173 42 semble
788 2506 195 46 quetrop
1001 2508 192 32 souvent
1213 2500 257 44 l'imitation
1494 2503 54 41 de
1570 2519 72 26 ces
1661 2511 201 47 maîtres,
1889 2524 176 30 comme
2088 2529 52 26 en

121 2564 103 54 plus
243 2564 135 41 d'une
399 2578 154 28 œuvre
572 2566 54 40 de
647 2564 240 51 Castillon,
905 2582 28 38 y
960 2567 177 42 confine
1160 2583 54 27 au
1239 2571 219 52 pastiche.
1482 2572 51 56 Je
1559 2587 54 27 ne
1645 2576 114 40 dirai
1795 2578 94 41 rien
1910 2580 79 41 des
2035 2586 108 39 trois

118 2633 237 41 Sonatines
378 2634 53 41 de
446 2632 53 44 G.
526 2633 236 53 Mauclair,
785 2637 136 39 mises
953 2651 54 26 en
1028 2639 211 51 musique
1255 2653 81 38 par
1358 2639 53 41 A.
1438 2641 229 43 Mariotte.
1695 2643 154 53 Quant
1889 2662 84 28 aux
1994 2649 150 45 Pièces

117 2703 282 54 pittoresques
431 2704 54 41 de
508 2703 238 53 Chabrier,
849 2712 14 16 e
897 2703 133 44 Selva
1070 2707 63 41 les
1157 2708 181 42 détaille
1373 2723 104 28 avec
1515 2724 88 28 une
1639 2713 266 44 délicatesse
1927 2723 213 48 extrême,

118 2773 115 40 dans
249 2785 47 28 ce
313 2773 112 53 style
442 2776 102 37 ému
567 2782 42 33 et
625 2774 163 53 simple
808 2776 76 51 qui
899 2784 68 33 est
985 2775 38 42 le
1047 2778 94 39 sien
1169 2789 9 38 ;
1202 2778 38 40 la
1260 2778 145 40 Danse
1427 2779 255 57 villageoise
1700 2792 41 31 et
1762 2784 39 41 le
1823 2784 321 47 Scherzo-valse

120 2855 70 27 me
220 2842 253 53 paraissent
511 2842 63 41 les
611 2844 149 40 mieux
803 2846 169 40 réussis
997 2860 8 35 ;
1046 2845 63 42 les
1141 2848 200 52 rythmes
1377 2849 175 52 joyeux,
1598 2850 39 41 la
1674 2865 132 28 verve
1837 2867 164 31 sonore
2025 2868 40 32 et
2100 2860 38 40 la

120 2911 104 41 folle
247 2910 296 53 exubérance,
564 2911 118 42 voilà
703 2912 38 41 le
763 2912 211 42 domaine
993 2929 164 39 propre
1180 2916 53 41 de
1258 2915 236 47 Çhabrier.

1590 2919 51 41 L.
1661 2919 52 42 L.

178 3002 183 46 CERCLE
386 3002 311 48 CATHOLIQUE.

721 3028 48 5 —
796 3003 64 44 Le
896 3010 51 38 26
981 3006 164 42 février
1175 3009 118 40 avait
1333 3009 104 50 lieu,
1467 3022 104 30 avec
1595 3011 39 41 le
1657 3012 102 54 plus
1783 3015 143 49 grand
1966 3024 171 47 succès,

122 3086 108 28 sous
246 3077 40 34 la
313 3077 218 37 direction
554 3077 54 37 de
630 3077 47 36 M
716 3073 113 42 Paul
851 3075 54 40 de
929 3073 261 52 Saunières,
1228 3092 60 26 un
1321 3087 179 32 concert
1524 3086 214 36 consacré
1763 3096 82 27 aux
1884 3097 181 30 œuvres
2084 3087 54 42 de

123 3139 320 44 Saint-Saëns.
470 3141 64 40 De
557 3142 286 42 charmantes
867 3144 219 42 mélodies
1230 3144 911 55 [Uflûte
1378 3146 217 53 invisible,
1629 3148 41 41 la
1863 3184 9 15 ,
1900 3151 238 58 1'Attente),

119 3210 315 42 délicatement
456 3210 211 42 chantées
692 3212 138 53 parM
837 3218 58 19 mes
918 3214 52 41 P.
997 3216 54 40 de
1079 3214 247 42 Saunières
1347 3226 42 30 et
1422 3216 50 40 P.
1501 3214 166 52 Smith,
1704 3227 42 32 et
1785 3219 79 42 des
1888 3221 252 53 fragments

119 3279 55 42 de
198 3279 24 41 Y
231 3278 203 40 Oratorio
467 3278 55 40 de
543 3276 131 51 Noël,
701 3279 85 42 fort
806 3279 103 43 bien
933 3283 137 42 rendu
1092 3298 81 38 par
1194 3284 273 50 l'orchestre,
1489 3285 64 42 les
1570 3287 179 43 chœurs
1780 3298 40 32 et
1845 3290 64 41 les
1940 3293 196 48 solistes,

123 3348 241 52 figuraient
388 3362 56 26 au
480 3362 305 38 programme.
816 3349 64 43 Le
918 3362 178 31 concert
1125 3355 105 40 était
1272 3354 187 53 précédé
1501 3354 132 43 d'une
1672 3356 263 45 conférence
1977 3369 57 34 où
2067 3365 70 52 j'ai

120 3423 158 48 essayé
298 3417 54 41 de
382 3425 196 33 montrer
602 3417 38 41 le
661 3425 224 37 caractère
909 3421 263 42 hautement
1206 3424 270 42 intellectuel
1516 3425 54 41 de
1595 3425 38 41 la
1657 3429 210 50 musique
1900 3430 54 41 de
1991 3430 130 46 Saint

123 3486 160 41 Saëns.

393 3485 51 42 L.
470 3483 53 44 L.

253 3569 38 31 R.
318 3568 32 30 M

2013 3596 36 34 C
