3553 4432
1073 458 122 125 für
1259 463 576 125 Utinsffmoifre
1902 461 147 124 raii
2117 463 407 125 Jßiinstlcr.

187 711 424 70 Herausgegeben
653 733 100 36 von
794 717 263 55 Professor
1099 715 68 61 L.
2258 717 284 80 Bisclioff.
1668 725 188 66 Verlag
1899 725 89 51 der
2032 720 79 60 M.
2996 730 413 67 Buchhandlung.

287 1056 229 40 Inhalt.

575 1060 75 36 Die
679 1061 134 37 Musik
840 1063 40 35 in
909 1063 185 37 America
1121 1065 54 35 im
1203 1065 123 37 Jahre
1355 1063 115 42 1865.
1580 1067 197 36 Pariser
1802 1067 169 36 Briefe
2017 1067 91 42 (Die
2136 1068 261 41 Opernmusik
2425 1070 52 35 im
2506 1069 123 37 Jahre
2659 1067 101 41 1865
2868 1069 60 38 Le
2954 1082 148 27 voyaqe
3132 1082 47 27 en
3212 1070 122 39 Chine

2020 1110 165 6 NX
3001 1110 21 8 i/
3053 1110 20 10 %J
3317 1110 14 1 ~

183 1119 168 37 Martha
459 1122 168 36 Neueste
654 1124 278 49 Erzeugnisse:
964 1126 76 38 Les
1068 1128 174 48 Bergers
1270 1141 77 24 von
1374 1129 39 36 J.
1445 1128 217 38 Offenbach
1769 1127 66 37 La
1855 1129 154 47 fiancie
2037 1129 197 49 d'Abydos
2262 1143 75 25 von
2368 1132 92 37 Adr.
2490 1133 141 36 Barthe
2740 1133 186 37 Leonora
2954 1147 75 23 von
3059 1135 280 49 Mercadante).

181 1182 174 36 Carlotta
381 1184 104 36 Patti
512 1185 40 35 in
583 1186 129 36 Wien.
743 1188 85 35 Von
858 1189 76 38 Ed.
965 1190 51 39 H.
1127 1192 179 47 Tages-
1336 1193 97 35 und
1463 1191 548 50 Unterhaltungsblatt
2050 1194 134 48 (Köln,
2216 1196 195 48 Gastspiel
2441 1197 128 48 Roger
2571 1196 8 15 1
2584 1209 17 25 s
2630 1199 70 35 auf
2723 1197 85 37 dem
2839 1198 260 37 Stadttheater
3205 1199 205 49 Bielefeld,

183 1243 163 39 Gluck's
720 1248 153 48 Kassel,
903 1250 162 38 Mortier
1094 1251 47 36 de
1169 1252 193 37 Fontaine
1470 1253 188 44 Dresden,
1688 1250 35 38 5.
1755 1253 497 50 Abonnements-Concert,
2283 1258 182 36 Fräulein
2495 1260 149 45 Santer,
3003 1262 111 36 Paris
3142 1274 39 24 u.
3210 1273 31 25 s.
3271 1263 65 46 w.)

378 1423 95 59 Die
514 1423 170 60 Musik
723 1428 56 55 in
819 1428 236 59 America
1094 1432 73 55 im
1207 1431 163 57 Jahre
1410 1432 144 56 1865.

856 1578 306 51 New-York,
1200 1580 63 37 im
1298 1582 191 36 Januar
1526 1578 115 42 1866.

302 1651 179 51 Völker
510 1652 277 52 entwickeln
833 1655 94 49 sich
971 1655 88 49 wie
1088 1655 273 50 Individuen
1412 1657 93 48 und
1549 1657 196 50 machen

183 1730 88 50 alle
296 1731 189 51 Stadien
510 1733 84 49 der
613 1733 206 66 Jugend,
851 1735 78 49 des
953 1736 340 49 Mannesalters
1322 1736 96 49 und
1442 1737 82 48 der
1554 1737 165 50 allmäh-

180 1810 149 50 lichen
362 1811 251 51 Abnahme
645 1812 82 51 der
757 1813 163 50 Kräfte
961 1813 118 51 eben
1120 1832 49 33 so
1210 1815 165 61 durch,
1416 1816 87 49 wie
1543 1816 203 51 einzelne

176 1891 272 51 Menschen.
494 1892 139 51 Diese
664 1893 316 68 Behauptung
1011 1895 56 49 ist
1097 1895 159 50 weder
1285 1914 109 42 neu,
1426 1897 118 50 noch
1578 1896 140 51 beson-

179 1970 105 50 ders
326 1972 264 66 geistreich,
633 1973 64 50 sie
741 1973 150 51 erhält
936 1975 212 50 indessen
1195 1976 133 51 einen
1379 1976 169 67 täglich
1592 1995 153 32 neuen

181 2051 174 51 Werth
402 2052 79 50 für
524 2052 89 51 den
658 2055 271 59 Menschen,
974 2056 203 49 welcher
1219 2055 150 52 dieser
1414 2057 332 66 Entwicklung

180 2130 330 53 beobachtend
542 2133 93 50 und
668 2135 198 66 prüfend
898 2135 127 67 folgt.
1083 2135 107 52 Und
1220 2136 45 51 in
1296 2137 150 50 dieser
1475 2137 270 68 Beziehung

180 2212 57 50 ist
264 2213 220 50 America
527 2213 81 51 das
650 2215 378 52 interessanteste
1058 2216 133 51 Land
1233 2217 82 50 der
1357 2217 134 51 Well
1533 2219 80 48 für
1656 2219 87 49 den

175 2291 278 51 denkenden
486 2293 98 50 und
623 2302 187 42 ernsten
843 2296 340 51 Kunstfreund.
1247 2296 245 51 Während
1525 2296 74 51 die
1630 2299 85 48 Ent-

178 2371 236 68 wicklung
444 2373 80 50 des
556 2375 352 49 musicalischen
940 2377 185 49 Lebens
1166 2377 44 49 in
1239 2377 196 68 Europa
1474 2379 84 48 auf
1592 2379 150 48 einem

176 2451 187 49 Punkte
406 2453 254 66 angelangt
701 2453 72 59 ist,
818 2455 203 51 welcher
1059 2473 85 33 von
1183 2456 145 50 vielen
1359 2457 155 49 Seiten
1561 2457 64 49 als
1670 2457 72 50 ein

172 2531 129 49 nicht
343 2532 136 50 mehr
520 2539 379 62 naturgemässer
946 2535 95 51 und
1100 2536 316 67 berechtigter
1472 2537 271 50 bezeichnet

175 2611 117 49 wird
311 2610 80 70 [?],
415 2612 56 50 ist
494 2612 72 51 die
590 2615 151 49 Musik
767 2615 44 49 in
832 2615 221 52 America
1078 2615 141 52 kaum
1246 2633 83 34 aus
1346 2616 89 51 den
1460 2625 150 42 ersten
1628 2617 84 51 Jah-

175 2707 85 33 ren
292 2691 82 51 der
405 2692 225 51 Kindheit
659 2701 227 59 getreten.
943 2696 117 50 Hier
1102 2696 56 50 ist
1196 2696 121 50 noch
1361 2697 71 50 ein
1464 2697 174 60 weites,
1676 2697 67 68 ja,

176 2771 88 49 fast
307 2772 413 52 unübersehbares
764 2773 116 51 Feld
927 2775 77 49 für
1047 2776 343 51 Kunststreben
1436 2776 93 50 und
1567 2777 146 50 Kunst-

175 2850 154 61 leben,
360 2852 93 50 und
481 2870 46 32 es
550 2854 57 49 ist
628 2854 234 66 geradezu
886 2856 234 66 unsinnig,
1152 2856 82 51 mit
1258 2857 149 50 einem
1435 2857 307 50 souverainen

176 2931 348 52 Achselzucken
569 2935 85 49 auf
691 2934 80 50 das
814 2935 134 51 Land
993 2936 371 60 herabzusehen,
1425 2937 198 50 welches
1667 2955 74 32 am

171 3011 135 51 Ende
329 3012 80 50 des
433 3014 307 50 achtzehnten
763 3016 351 51 Jahrhunderts
1141 3017 248 66 eigentlich
1414 3025 93 42 erst
1530 3017 186 68 geschaf-

174 3091 73 51 fen
278 3094 165 49 wurde
473 3094 94 49 und
598 3095 44 49 in
674 3095 74 49 die
778 3096 148 51 Reihe
956 3097 85 50 der
1072 3097 180 51 Völker
1293 3099 186 61 eintrat,
1522 3099 94 48 und
1647 3099 94 49 sich

174 3172 194 51 seitdem
412 3174 44 49 in
494 3174 137 67 jeder
663 3176 269 65 Beziehung
975 3177 102 50 eine
1121 3177 267 51 ehrenvolle
1418 3179 214 64 Stellung
1671 3195 48 33 er-

175 3252 197 51 worben
416 3254 96 49 und
556 3254 118 49 auch
717 3255 45 48 in
802 3255 83 49 der
914 3256 155 48 Kunst
1108 3257 136 50 mehr
1287 3257 209 66 geleistet
1538 3257 96 58 hat,
1679 3259 64 48 als

179 3349 108 33 man
318 3332 144 51 selbst
491 3332 74 51 bei
597 3334 89 49 den
729 3335 401 66 sanguinischsten
1163 3336 305 67 Hoffnungen
1508 3344 234 43 erwarten

179 3411 188 52 konnte.
414 3414 161 50 Wenn
609 3431 107 33 man
748 3415 43 49 in
823 3416 151 50 einem
1006 3416 186 50 solchen
1224 3417 180 59 Lande,
1435 3416 161 51 dessen
1627 3417 87 50 Ent-

175 3492 236 69 wicklung
435 3494 235 52 durchaus
701 3495 136 51 keine
868 3496 183 67 fertige,
1080 3496 204 51 sondern
1314 3497 103 51 eine
1440 3497 118 51 noch
1583 3497 45 50 in
1653 3497 88 51 den

175 3580 154 44 ersten
373 3576 254 66 Anfängen
673 3575 258 68 begriffene
975 3577 72 60 ist,
1105 3594 75 34 am
1225 3577 136 50 Ende
1395 3576 134 69 jedes
1571 3579 169 49 Jahres

174 3652 134 51 einen
340 3655 281 51 Fortschritt
651 3656 254 51 bemerken
937 3656 141 61 kann,
1115 3674 51 33 so
1200 3675 126 32 muss
1357 3675 108 33 man
1496 3657 242 51 sicherlich

172 3732 73 50 ein
278 3734 176 49 Gefühl
484 3735 82 49 der
598 3736 373 67 Genugthuung,
1008 3737 67 68 ja,
1115 3736 84 51 der
1229 3736 185 51 Freude
1455 3737 287 66 empfinden,

174 3811 254 53 besonders
458 3831 137 35 wenn
626 3834 127 42 man,
796 3817 237 66 gleichviel
1074 3817 83 49 mit
1194 3817 203 50 welcher
1427 3817 153 59 Kraft,
1624 3817 116 51 dazu

174 3892 303 69 beizutragen
509 3897 216 50 versucht
755 3896 97 60 hat,
882 3897 126 50 diese
1039 3896 335 67 Entwicklung
1402 3915 54 32 zu
1489 3897 210 51 fördern.

294 3976 122 51 Wer
457 3975 46 51 in
547 3976 173 51 diesem
766 3977 142 50 Sinne
953 3977 84 50 auf
1075 3976 82 51 das
1199 3977 118 50 Jahr
1352 3976 148 52 1865
1544 3977 167 50 zurück-

171 4052 160 64 blickt,
362 4056 117 51 wird
510 4056 176 60 finden,
716 4057 103 50 dass
843 4075 47 32 es
913 4059 44 48 in
976 4057 135 68 jeder
1135 4059 269 65 Beziehung
1427 4059 132 49 einen
1586 4057 124 50 merk-

176 4132 151 55 lichen
350 4136 283 51 Fortschritt
663 4137 44 50 in
738 4136 83 51 der
851 4137 207 51 schönen
1082 4137 155 50 Kunst
1266 4137 81 50 der
1371 4137 132 50 Töne
1533 4136 182 51 bezeich-

175 4223 94 43 net.
325 4216 52 51 In
411 4216 159 68 jedem
600 4217 192 67 Zweige
821 4217 84 51 der
942 4217 353 53 musicalischen
1326 4217 415 67 Kunstleistungen

1842 1419 180 49 scheint
2049 1419 94 49 sich
2175 1419 103 50 eine
2307 1423 215 63 grössere
2547 1422 303 68 Regsamkeit
2878 1441 54 32 zu
2964 1423 174 68 zeigen.
3168 1425 98 52 Das
3289 1426 87 51 Sän-

1844 1498 172 66 gerfest
2046 1498 80 51 des
2152 1501 169 49 Jahres
2359 1501 145 51 1865
2552 1502 80 50 hat
2660 1502 88 51 den
2789 1505 167 49 Anlass
2996 1523 56 31 zu
3095 1506 128 50 einer
3266 1506 143 52 festen

1844 1578 94 50 und
1971 1578 266 51 hoffentlich
2264 1580 272 52 dauernden
2561 1584 346 67 Organisirung
2931 1584 84 50 der
3038 1585 254 52 deutschen
3318 1587 60 51 Ge-

1841 1660 305 64 sangvereine
2168 1660 231 66 gegeben,
2430 1661 177 50 welche
2631 1671 136 41 unter
2796 1662 83 50 der
2902 1664 204 67 Leitung
3128 1665 82 51 des
3232 1683 146 49 gegen-

1842 1738 227 68 wärtigen
2090 1740 285 51 Vorstandes
2394 1740 163 51 höchst
2574 1742 356 66 Segensreiches
2954 1745 268 66 verspricht.
3251 1746 156 51 Schon

1842 1818 56 50 ist
1928 1835 47 33 es
2005 1820 199 66 möglich
2231 1821 273 66 geworden,
2536 1821 81 52 das
2640 1824 150 66 längst
2814 1825 281 66 projectirte,
3125 1825 145 51 leider
3293 1826 116 51 aber

1844 1898 120 51 noch
2005 1900 127 49 nicht
2168 1918 80 31 zur
2279 1901 280 67 Gestaltung
2598 1902 311 68 gekommene
2938 1904 221 50 deutsche
3192 1907 214 66 Hospital

1844 1978 147 50 durch
2025 1980 228 51 Concerte
2296 1981 82 50 der
2420 1982 285 66 vereinigten
2737 1984 372 68 Gesangvereine
3151 2004 54 32 zu
3250 1995 130 42 unter-

1845 2064 194 54 stützen,
2081 2060 93 51 und
2206 2060 84 51 der
2320 2062 136 50 Dank
2490 2064 78 48 für
2597 2064 124 49 diese
2754 2065 140 49 Hülfe
2925 2064 207 67 gebührt
3159 2065 106 52 dem
3295 2067 84 51 Prä-

1844 2140 209 49 sidenten
2094 2140 82 49 der
2207 2140 217 62 Vereine,
2467 2144 155 48 Herrn
2668 2144 254 59 Steffen,
2968 2145 94 49 und
3093 2145 106 52 dem
3231 2146 68 51 bis
3328 2165 81 32 zur

1845 2220 334 67 Aufopferung
2206 2221 208 67 thätigen
2443 2224 215 49 Secretär
2688 2225 157 48 Herrn
2878 2225 274 51 Geilfuss.

1962 2300 118 48 Dass
2104 2299 80 50 das
2211 2301 268 66 Sängerfest
2503 2302 175 66 gerade
2709 2304 133 49 einen
2874 2304 349 52 musicalischen
3246 2306 162 66 Erfolg

1842 2379 158 50 erzielt
2022 2380 143 57 hätte,
2183 2381 166 50 wollen
2376 2382 84 49 wir
2485 2384 125 48 nicht
2634 2382 282 69 behaupten.
2940 2386 312 65 Dergleichen
3273 2387 134 50 Feste

1841 2457 99 50 sind
1987 2460 209 66 weniger
2239 2460 233 68 geeignet,
2516 2461 72 51 die
2620 2464 280 66 Förderung
2928 2464 85 50 der
3043 2465 152 51 Kunst
3232 2483 53 33 zu
3327 2466 51 51 be-

1839 2539 237 59 zeichnen,
2121 2541 64 48 als
2229 2541 101 50 eine
2371 2542 307 66 Gelegenheit
2723 2545 78 48 für
2845 2544 439 53 freundschaftliche
3312 2547 62 50 Zu-

1840 2619 376 49 sammenkünfte
2245 2620 81 49 der
2357 2620 362 67 Sängerbrüder
2761 2641 54 32 zu
2855 2624 166 66 geben.
3078 2625 111 51 Man
3228 2625 180 51 kommt

1842 2697 82 50 mit
1973 2699 149 49 einem
2175 2699 325 52 bedeutenden
2546 2702 271 50 Feuereifer
2864 2721 53 31 zu
2969 2702 104 51 dem
3116 2705 137 49 Feste
3307 2707 94 49 und

1840 2786 156 42 trennt
2024 2779 97 49 sich
2151 2780 81 49 mit
2263 2781 148 50 einem
2451 2782 126 50 nicht
2620 2782 223 68 geringen
2876 2784 383 67 Katzenjammer
3288 2785 117 52 oder

1841 2859 280 67 wenigstens
2160 2860 83 49 mit
2270 2860 83 51 der
2385 2861 120 50 wohl
2549 2864 322 64 gegründeten
2903 2864 218 50 Aussicht
3152 2865 84 49 auf
3269 2866 133 50 einen

1840 2939 187 49 solchen
2053 2956 73 33 am
2152 2940 411 67 nächstfolgenden
2588 2944 145 64 Tage.
2765 2942 248 51 Trotzdem
3045 2944 116 50 aber
3190 2945 56 51 ist
3276 2946 126 50 nicht

1840 3036 52 31 zu
1925 3020 220 65 läugnen,
2189 3020 103 49 dass
2329 3021 231 51 nebenbei
2599 3022 120 50 auch
2753 3022 319 51 musicalische
3101 3025 299 67 Strebungen

1841 3097 244 66 gefördert
2116 3100 207 57 werden,
2353 3101 93 48 und
2477 3100 105 51 dass
2612 3102 71 49 ein
2715 3102 221 66 gewisser
2961 3104 127 49 Geist
3110 3102 82 51 der
3217 3105 188 49 Einheit

1842 3177 92 50 und
1980 3177 78 51 des
2100 3180 469 51 Zusammenhaltens
2612 3182 94 49 sich
2751 3182 184 65 geltend
2980 3184 171 58 macht,
3195 3182 88 51 den
3314 3185 88 48 wir

1840 3275 114 50 gern
1986 3259 157 50 sehen.
2201 3261 87 50 Die
2326 3260 254 52 deutschen
2613 3262 372 68 Gesangvereine
3026 3262 153 51 haben
3218 3264 60 49 im
3313 3266 56 50 Be-

1839 3337 230 51 sonderen
2114 3340 153 66 wenig
2312 3340 223 51 während
2565 3341 80 50 des
2691 3342 162 50 letzten
2884 3341 168 51 Jahres
3081 3342 227 68 geleistet,
3350 3362 50 33 so

1839 3419 108 49 weit
1969 3435 46 33 es
2039 3419 73 49 die
2137 3419 381 52 Oeffentlichkeit
2542 3422 191 67 anging,
2762 3421 212 69 dagegen
2999 3421 154 51 haben
3179 3424 64 49 sie
3266 3424 132 49 desto

1837 3499 135 49 mehr
2016 3500 79 48 für
2137 3500 102 49 ihre
2269 3500 297 67 Ausbildung
2606 3502 214 67 gewirkt.
2876 3504 99 48 Der
3015 3504 372 58 „Liederkranz*

1839 3577 92 50 und
1962 3577 82 50 der
2358 3581 175 48 welche
2564 3581 120 48 ohne
2712 3581 190 50 Zweifel
2932 3599 59 33 an
3021 3581 84 51 der
3134 3584 152 66 Spitze
3316 3584 84 49 der

1837 3660 394 49 americanischen
2264 3661 374 65 Gesangvereine
2676 3662 180 59 stehen,
2888 3661 152 52 haben
3078 3664 43 48 in
3153 3664 104 49 dem
3290 3665 85 48 letz-

1836 3745 76 42 ten
1943 3739 146 48 Jahre
2127 3739 133 49 keine
2303 3740 296 51 öffentlichen
2634 3740 227 51 Concerte
2904 3743 238 66 gegeben;
3182 3743 211 50 dennoch

1836 3817 81 50 hat
1947 3819 279 48 namentlich
2259 3817 83 51 der
2782 3821 164 50 höchst
2968 3821 303 51 Schätzbares
3302 3824 91 49 und

1836 3897 546 53 Anerkennenswerthes
2413 3900 191 66 getban,
2632 3900 155 51 indem
2819 3919 51 32 er
2897 3901 44 50 in
2972 3901 174 51 seinem
3176 3903 216 50 Vereins-

1835 3977 171 50 Locale
2032 3977 125 50 nicht
2180 3979 135 49 allein
2343 3980 181 50 Werke
2549 3980 278 69 aufgeführt
2846 3981 95 59 hat,
2974 3981 86 50 wie
3085 3983 309 50 Schumann's

1846 4057 257 69 „Requiem
2124 4057 77 50 für
2485 4060 202 51 sondern
2707 4061 116 50 auch
2842 4061 71 50 ein
2932 4061 255 50 Orchester
3204 4079 86 33 von
3309 4064 54 48 Di-

1835 4139 222 48 lettanten
2077 4139 263 66 geschaffen
2362 4140 96 60 hat,
2477 4141 200 50 welches
2698 4141 93 49 sich
2822 4141 142 51 schon
2988 4143 138 49 beute
3143 4143 108 49 sehr
3269 4141 122 52 wohl

1836 4217 83 50 mit
1948 4219 148 51 einem
2122 4220 255 50 Orchester
2406 4238 85 33 von
2518 4221 367 51 Fachmusikern
2911 4223 290 64 vergleichen
3232 4224 119 49 lässt.

3084 4304 32 50 7

2892 886 116 57 XIV.
3052 886 281 76 Jahrgang.

1456 867 177 83 KÖLN,
1680 880 73 57 17.
1795 880 238 58 Februar
2075 882 145 58 1860.

262 870 107 57 Nr..
386 872 47 55 7.
