3043 4389
2836 227 83 64 991

1260 232 245 47 BRUNO'S
1550 238 235 42 WEEKLY

123 333 207 71 Night
353 335 68 58 in
444 333 113 61 the
583 335 185 59 Back
793 336 192 61 Yard

124 425 151 93 NO,
303 432 75 35 not
402 425 174 43 silence.
632 427 108 43 That
764 430 153 51 golden
945 437 193 38 treasure
1162 430 87 44 will
1273 443 135 31 never
1432 434 54 41 be

256 485 133 39 found
416 486 42 41 in
486 498 25 28 a
536 485 83 53 city
646 487 90 42 that
759 489 148 42 knows
931 501 55 30 no
1014 495 100 36 rest.
1168 490 86 42 But
1278 491 207 42 darkness

118 542 84 41 and
224 540 121 53 quiet
364 543 109 41 have
492 545 156 40 settled
668 557 113 40 upon
803 546 71 41 the
897 547 108 41 back
1025 547 116 51 yard.
1192 546 90 44 The
1302 550 158 42 clothes-

118 598 111 42 lines
257 612 74 28 are
360 612 54 29 no
445 602 150 51 longer
623 601 181 50 distinct,
833 604 74 40 but
936 616 24 29 a
990 604 137 41 man's
1154 602 130 46 white
1311 606 108 42 shirt
1444 606 38 42 is

118 659 145 49 gently
296 658 188 52 flapping
517 660 85 42 like
638 661 71 40 the
745 661 80 41 sail
859 663 47 39 of
940 674 24 29 a
999 663 124 42 black
1157 663 94 52 ship
1287 677 54 29 on
1377 665 105 42 dark

116 722 154 35 waters
295 721 43 34 at
364 716 238 52 mid-night.
658 717 89 42 The
773 717 255 45 breath-'like
1054 721 154 42 breeze
1234 722 91 41 that
1349 724 132 42 blows

116 773 72 41 the
214 772 105 42 shirt
343 773 99 42 stirs
468 776 71 39 the
568 776 83 40 few
676 777 149 41 blades
850 778 46 40 of
921 788 120 41 grass
1067 791 24 28 a
1117 777 109 43 little
1251 780 92 41 that
1367 791 114 41 grow

115 832 164 39 around
298 832 71 40 the
389 833 130 51 edges
539 834 47 40 of
604 834 71 41 the
693 835 114 50 yard.
856 835 41 40 If
915 835 120 44 there
1054 837 39 40 is
1112 848 24 29 a
1154 838 171 42 belated
1344 849 115 41 grass-

115 890 165 50 hopper
308 890 120 42 down
459 891 133 50 there,
621 893 55 40 he
704 893 128 40 hears
860 905 24 30 a
914 905 134 40 queer
1075 895 110 42 little
1213 895 189 52 rattling,
1434 909 47 29 as

116 959 84 29 one
229 947 226 54 stiffening
483 951 124 39 blade
637 951 136 41 bends
799 962 117 40 upon
948 952 178 41 another
1155 955 84 39 and
1267 955 55 40 he
1353 955 37 42 is
1418 968 43 29 re-

116 1004 173 42 minded
312 1006 90 42 that
421 1008 71 40 the
516 1008 107 40 frost
644 1008 87 41 will
752 1015 75 34 not
847 1009 53 42 be
922 1011 102 51 long
1044 1011 43 42 in
1110 1011 182 52 coming.
1343 1012 37 41 A
1401 1015 81 39 low

116 1064 132 39 rustle
273 1064 125 39 could
422 1065 52 41 be
498 1065 132 40 heard
654 1065 42 41 in
723 1067 71 39 the
818 1068 323 51 walnut-shrub,
1165 1069 145 42 whose
1335 1072 146 40 leaves

115 1133 76 30 are
218 1133 96 29 now
342 1122 144 40 brown
517 1124 84 39 and
629 1122 142 42 brittle
800 1126 84 40 and
912 1125 118 51 quite
1060 1128 146 40 curled
1232 1139 70 39 up,
1333 1129 36 40 if
1397 1129 84 42 this

116 1189 119 30 same
280 1178 108 42 little
433 1181 154 41 breeze
632 1181 69 42 did
743 1187 77 36 not
860 1182 107 41 hear
1007 1182 100 43 with
1151 1185 33 40 it
1227 1186 73 41 the
1343 1187 138 51 heavy

116 1237 236 51 rumblings
389 1238 47 41 of
473 1239 71 40 the
582 1239 196 41 elevated
814 1242 98 51 only
949 1253 24 30 a
1009 1243 124 40 block
1170 1255 131 40 away.
1372 1246 37 39 It
1444 1246 37 40 is

115 1295 240 41 wonderful
388 1296 113 41 what
533 1309 22 28 a
590 1295 270 55 multiplicity
893 1300 48 40 of
972 1299 143 53 things
1147 1313 23 29 a
1202 1300 138 54 single
1372 1302 108 41 little

113 1352 155 41 breeze
296 1365 78 29 can
403 1355 52 39 do
484 1355 56 41 all
569 1361 44 35 at
639 1355 128 42 once!

172 1421 89 43 The
289 1435 125 30 moon
444 1425 38 42 is
507 1423 99 53 high
633 1437 60 40 up
722 1427 43 41 in
792 1427 72 41 the
891 1429 90 50 sky.
1038 1429 37 40 It
1100 1430 148 40 shines
1275 1431 121 42 down
1425 1443 54 30 on

115 1481 72 40 the
212 1481 108 40 shirt
347 1482 84 39 and
456 1482 150 42 makes
633 1483 32 41 it
691 1484 98 40 look
816 1484 164 42 whiter.
1041 1486 36 40 It
1101 1486 148 42 shines
1274 1488 122 41 down
1425 1500 55 29 on

113 1538 73 40 the
219 1539 228 52 back-yard
480 1545 83 40 and
595 1542 148 41 makes
775 1542 104 41 dark
910 1543 147 51 places
1086 1544 101 41 look
1217 1545 166 42 darker.
1443 1547 37 42 A

111 1603 71 34 cat
205 1608 145 30 comes
376 1597 110 41 from
511 1600 265 39 somewhere
802 1601 82 40 and
908 1600 78 42 sits
1013 1603 120 40 down
1159 1615 54 28 on
1239 1604 73 43 the
1336 1609 70 48 top
1434 1605 48 41 of

113 1655 74 40 the
218 1656 132 51 plank
381 1657 97 41 wall
510 1656 100 42 with
643 1658 79 41 her
752 1658 75 42 tail
858 1660 155 40 wound
1044 1662 164 41 around
1237 1662 91 43 her.
1392 1662 88 45 She

111 1712 79 40 sits
228 1712 251 43 motionless
515 1713 99 42 with
653 1716 112 41 head
802 1716 123 43 tilted
960 1718 177 51 upward
1175 1721 84 42 and
1296 1721 185 52 glowing

113 1782 103 40 eyes
247 1771 109 41 fixed
385 1784 55 29 on
470 1771 73 42 the
572 1784 141 31 moon.
773 1773 193 44 Another
994 1780 80 46 cat,
1104 1774 94 44 thin
1228 1779 84 39 and
1340 1779 137 51 black,

110 1839 148 30 comes
284 1829 110 40 from
421 1831 265 41 somewhere
713 1832 90 41 else
830 1832 85 41 and
939 1845 152 39 creeps
1115 1835 211 53 carefully
1352 1837 129 51 along

111 1887 72 42 the
205 1887 112 41 wall.
369 1888 67 41 He
458 1887 78 42 sits
558 1890 121 40 down
703 1890 194 52 opposite
919 1892 68 42 his
1009 1892 213 51 neighbor
1244 1895 84 42 and
1352 1907 127 41 gazes

108 1945 176 50 upward
309 1951 43 35 at
376 1947 71 39 the
473 1958 142 29 moon.
668 1947 96 42 And
788 1954 72 46 yet
884 1951 181 40 another
1087 1957 70 34 cat
1180 1963 146 31 comes
1352 1985 120 13 ....

107 2003 76 40 but
209 2004 71 41 the
306 2005 229 52 back-yard
562 2005 35 42 is
623 2017 54 30 no
704 2006 150 52 longer
879 2008 139 50 quiet!

969 2067 120 42 Alice
1123 2067 183 42 Goebell

105 2177 172 35 Coelum
303 2180 41 33 in
372 2179 126 34 Terra

106 2253 80 86 A
213 2245 96 36 little
339 2251 152 39 cottage
520 2253 65 30 not
618 2249 62 36 far
708 2256 226 37 awayyet
964 2257 66 31 not
1059 2257 63 31 too
1152 2264 114 35 near;

235 2305 214 36 Furnished
482 2312 66 30 not
581 2307 179 45 lavishly,
793 2314 63 37 yet
888 2310 196 42 plentiful.

108 2362 104 36 Each
240 2373 107 25 room
375 2364 97 35 built
498 2375 44 25 so
570 2366 82 35 that
680 2366 26 35 it
734 2377 89 33 may
849 2368 99 37 have
977 2379 22 25 a
1025 2370 169 35 share

102 2420 58 35 Of
188 2420 121 36 God's
339 2423 192 43 sun-light
560 2425 203 36 sometime
790 2426 140 43 during
958 2427 65 36 the
1053 2427 86 44 day.

105 2478 166 36 Outside
303 2490 21 24 a
354 2481 158 44 garden,
542 2486 65 31 not
637 2483 76 35 laid
745 2488 66 30 out
840 2484 39 34 in
909 2485 96 35 beds
1035 2486 129 36 where
1195 2496 101 27 none
1325 2488 93 36 dare

712 2542 120 42 tread,

102 2594 76 36 But
209 2595 177 37 trimmed
419 2598 225 43 carelessly,
673 2603 64 38 yet
767 2600 143 43 neatly,
941 2611 44 25 so
1017 2601 51 35 all
1098 2602 121 43 might
1249 2604 117 41 pluck
1396 2615 22 25 a

712 2657 138 36 flower.
1274 2659 33 53 J

101 2710 80 37 The
211 2711 122 36 entire
364 2714 246 42 atmosphere
639 2720 104 30 must
771 2716 160 35 breathe
960 2718 44 34 of
1032 2718 86 36 love
1149 2720 74 35 and
1254 2720 112 45 good,

99 2768 52 36 So
181 2770 81 35 that
292 2772 96 33 each
418 2773 209 42 passer-by
656 2783 89 33 may
776 2784 66 25 see
873 2785 49 25 on
950 2775 157 44 looking
1138 2777 49 43 in,

99 2826 34 34 A
158 2827 137 44 hearty
322 2829 184 37 welcome
534 2831 75 35 and
638 2841 22 25 a
687 2831 105 43 quiet
820 2832 110 42 place

99 2884 54 36 To
182 2890 79 30 rest
289 2886 61 34 his
378 2897 130 33 weary
536 2888 117 35 limbs
681 2890 74 34 and
786 2892 152 41 quench
966 2892 62 35 his
1057 2892 126 45 thirst,

98 2942 87 37 And
209 2944 90 35 with
324 2946 64 43 all,
412 2956 108 26 some
543 2947 143 43 saintly
710 2949 87 34 soul
821 2949 44 35 of
886 2959 151 26 woman
1063 2951 75 35 fair

99 3001 104 36 With
231 3012 61 26 me
319 3003 102 35 shall
447 3005 103 34 mold
579 3015 22 25 a
628 3006 151 35 heaven
807 3007 43 35 of
877 3017 71 26 our
975 3017 139 26 own

101 3059 61 36 On
191 3062 120 35 earth.
364 3062 92 35 This
484 3062 34 35 is
546 3064 43 33 of
616 3064 101 35 what
746 3065 13 34 I
788 3065 146 44 dream,

99 3116 33 37 A
161 3118 97 36 little
288 3120 114 36 home
403 3121 269 43 sometime,
702 3123 253 37 somewhere.

1088 3184 81 35 Hal
1203 3184 111 36 Cohn

101 3282 88 35 The
209 3284 250 41 Polygamist

99 3352 161 93 THE
285 3358 106 38 story
414 3364 107 35 runs,
543 3355 82 35 that
649 3366 108 34 once,
781 3357 38 34 in
842 3357 64 37 the
929 3359 96 35 dark
1049 3369 105 35 ages,
1180 3371 22 25 a
1224 3371 131 33 young
1378 3372 89 26 man

214 3421 81 26 was
318 3412 167 43 brought
508 3414 137 36 before
667 3415 64 36 the
755 3416 242 45 authorities,
1019 3418 169 43 charged
1211 3419 91 35 with
1326 3420 141 45 having

98 3468 166 37 married
296 3472 152 34 several
477 3472 132 36 wives.
663 3472 124 36 When
816 3474 125 36 called
971 3484 105 34 upon
1106 3477 62 35 for
1196 3477 61 36 his
1286 3478 178 44 defence,

179 3527 33 35 is
385 3529 84 35 said
493 3530 61 43 he,
731 3531 157 37 learned
913 3533 155 45 judges,
1092 3534 82 36 that
1202 3536 13 34 I
1241 3536 100 36 have
1364 3547 75 26 mar-

99 3586 81 35 ried
213 3587 152 35 several
396 3598 163 33 women,
591 3589 67 34 but
691 3589 120 43 judge
843 3590 62 35 for
935 3590 231 44 yburselves
1198 3594 173 36 whether
1403 3606 63 33 my

97 3644 129 42 object
249 3645 38 34 in
312 3655 43 25 so
380 3646 116 43 doing
522 3656 80 26 was
628 3652 65 30 not
718 3648 293 45 praiseworthy.
1061 3650 34 35 A
1119 3661 90 26 man
1234 3653 72 35 has
1332 3655 133 42 surely

98 3712 22 25 a
143 3702 112 44 right,
278 3703 33 35 if
333 3704 50 35 he
404 3705 100 42 buys
529 3715 48 25 an
602 3705 134 36 article
760 3707 61 34 for
844 3707 113 43 good,
983 3710 74 35 and
1082 3709 26 35 it
1131 3714 111 31 turns
1266 3715 67 32 out
1356 3716 37 31 to
1418 3712 48 36 be

96 3760 88 43 bad,
210 3766 37 29 to
275 3761 122 43 reject
424 3762 38 36 it.
515 3762 97 36 Now
640 3764 13 34 I
683 3764 121 35 found
831 3766 82 34 that
938 3766 65 36 the
1030 3767 83 35 first
1139 3768 92 36 wife
1259 3770 14 34 I
1301 3771 166 35 married

96 3816 82 26 was
209 3808 274 44 ill-tempered,
513 3810 64 34 the
609 3811 143 35 second
783 3812 99 44 lazy,
913 3813 74 35 and
1016 3814 65 37 the
1110 3814 101 37 third
1244 3816 114 44 false,
1390 3817 75 36 and

97 3874 44 26 so
172 3865 117 37 forth.
344 3866 63 36 All
438 3867 13 35 I
483 3872 101 31 want
614 3868 33 35 is
676 3873 38 30 to
744 3874 63 37 get
838 3880 21 25 a
889 3872 99 42 good
1008 3881 96 34 ~&ne,
1135 3874 74 35 and
1240 3874 14 35 I
1286 3874 101 36 shall
1415 3875 49 36 be

373 3925 79 36 The
485 3926 125 36 bench
645 3937 101 27 were
780 3929 165 40 puzzled
979 3934 38 32 at
1051 3929 84 38 first
1170 3936 37 31 at
1240 3932 78 36 this
1352 3934 114 35 novel

1557 340 179 45 defence,
1768 341 69 36 but
1870 343 103 35 after
2004 353 22 25 a
2057 345 107 36 short
2196 347 262 36 consultation
2488 349 177 45 decreed,
2698 352 81 36 that
2813 362 44 26 as
2890 353 28 37 it

1556 397 126 36 would
1705 399 47 35 be
1776 399 227 43 impossible
2026 401 61 36 for
2109 402 64 37 the
2195 404 215 38 defendant
2431 410 38 32 to
2492 406 78 37 find
2594 418 23 25 a
2638 409 151 42 perfect
2812 409 106 47 wife,

1556 460 137 38 except
1720 456 38 35 in
1786 457 65 36 the
1876 458 111 36 other
2013 460 132 43 world,
2172 461 48 35 he
2248 462 141 36 should
2417 462 47 37 be
2492 463 262 47 immediately
2780 471 69 41 put
2876 471 40 34 to

1555 512 128 44 death,
1711 518 37 30 to
1776 515 140 36 enable
1942 515 80 36 him
2049 521 38 31 to
2116 517 89 37 look
2234 519 63 36 for
2324 529 86 28 one.

1553 628 63 35 He
1645 629 106 36 That
1779 631 202 43 Escapeth

1554 693 80 85 A
1669 688 202 43 SPIDER
1899 700 91 34 cast
2016 693 79 42 her
2121 694 137 44 silken
2289 697 150 42 thread
2464 705 42 35 to
2535 700 73 41 the
2637 701 165 52 breeze,
2832 703 86 42 and

1698 748 179 42 awaited
1909 752 168 40 results.

1608 802 88 42 The
1715 806 171 41 viscous
1905 808 135 40 fabric
2058 810 153 42 floated
2230 816 42 36 to
2293 813 82 39 and
2396 813 78 50 fro,
2495 815 82 41 and
2599 815 143 53 finally
2761 818 155 52 caught

1551 865 194 49 securely
1776 870 42 34 to
1851 877 24 28 a
1907 866 288 52 neighboring
2225 870 172 42 branch.

1606 919 95 51 Just
1750 921 101 41 then
1902 935 25 27 a
1978 923 249 43 diminutive
2264 928 142 41 beetle
2440 929 158 42 rushed
2633 932 282 53 breathlessly

1552 978 127 51 along
1716 979 71 41 the
1825 979 111 53 twig,
1974 982 67 41 his
2079 982 108 43 little
2225 985 111 52 body
2373 987 216 53 gleaming
2628 989 42 42 in
2709 992 73 40 the
2820 1004 92 38 sun,

1550 1036 186 48 pursued
1761 1037 53 51 by
1836 1050 24 28 a
1884 1045 189 34 monster
2095 1040 99 42 with
2219 1042 117 51 eight
2357 1044 93 51 legs
2474 1046 83 40 and
2581 1046 119 43 three
2726 1045 118 53 pairs
2868 1050 47 41 of

1550 1092 143 41 horrid
1721 1106 115 38 eyes.
1890 1095 137 43 There
2055 1110 113 29 were
2196 1112 55 28 no
2280 1112 149 31 means
2455 1103 49 40 of
2533 1116 167 40 escape,
2730 1107 85 42 had
2841 1112 74 37 not

1551 1162 24 28 a
1598 1150 197 44 merciful
1818 1154 146 41 breath
1989 1156 48 40 of
2058 1157 63 40 air
2140 1158 154 41 stirred
2316 1161 72 40 the
2410 1161 212 53 spanning
2645 1163 161 52 thread,
2831 1167 84 41 and

1551 1208 51 41 ity
1641 1210 263 45 iridescence
1938 1214 158 51 caught
2130 1216 71 40 the
2236 1216 175 54 bulging
2448 1232 101 38 eyes
2584 1222 47 39 of
2666 1222 71 41 the
2773 1225 141 51 sorely

1550 1269 176 48 pressed
1757 1269 193 52 fugitive.

1747 1326 261 44 Providence
2040 1329 212 42 affordeth
2285 1333 156 51 always
2472 1346 53 28 an
2558 1347 155 41 escape
2745 1338 68 41 for
2841 1338 73 42 the

1814 1385 55 41 he
1894 1385 127 51 cried,
2048 1389 82 40 and
2154 1389 137 51 began
2318 1403 24 28 a
2368 1390 188 53 perilous
2580 1394 181 55 journey
2787 1398 128 52 along

1549 1440 71 41 the
1649 1440 189 53 swaying
1867 1440 163 55 bridge.

1606 1497 89 43 The
1729 1506 190 36 monster
1950 1505 180 48 stopped
2163 1505 117 42 short
2314 1511 43 36 at
2391 1507 72 41 the
2498 1509 83 41 end
2614 1510 48 40 of
2694 1511 71 42 the
2801 1512 110 52 twig,

1549 1558 210 51 gnashing
1790 1556 71 44 his
1890 1559 109 52 jaws
2031 1563 84 40 and
2148 1564 204 53 reaching
2382 1572 73 34 out
2486 1566 67 43 his
2585 1568 169 43 hooked
2785 1572 130 42 claws

1549 1615 158 40 toward
1731 1617 72 41 the
1828 1618 202 53 escaping
2050 1632 116 39 prey,
2190 1623 98 41 well
2312 1623 197 54 knowing
2531 1625 93 42 that
2646 1627 73 42 the
2741 1629 174 42 slender

1547 1677 101 40 cord
1673 1674 140 40 would
1838 1681 74 35 not
1937 1684 177 44 support
2139 1679 67 40 his
2232 1680 123 41 black
2380 1694 129 29 mass.

1604 1740 89 43 The
1714 1744 180 52 fugitive
1912 1747 180 51 stepped
2111 1754 99 35 onto
2230 1749 72 43 the
2321 1751 91 41 leaf
2430 1752 91 41 that
2539 1754 100 42 held
2660 1755 70 41 the
2750 1755 165 43 farther

1549 1801 82 40 end
1662 1802 47 39 of
1738 1802 72 42 the
1841 1803 162 51 thread,
2034 1806 100 42 with
2166 1818 25 30 a
2222 1808 108 52 deep
2361 1808 252 54 inspiration
2646 1816 48 39 of
2723 1815 75 54 joy
2829 1818 83 42 and

1547 1857 301 44 thankfulness
1876 1862 67 40 for
1966 1860 68 44 his
2059 1862 258 45 miraculous
2344 1868 283 44 deliverance.

1604 1925 83 43 His
1725 1928 88 54 tiny
1852 1931 194 44 footfalls
2083 1935 147 41 awoke
2267 1937 74 40 the
2377 1938 196 54 sleeping
2609 1942 155 52 spider,
2802 1945 108 50 who,

1549 1984 146 53 taking
1728 1985 41 42 in
1805 1987 72 41 the
1910 1989 201 43 situation
2147 1999 43 34 at
2223 2005 24 28 a
2281 1995 163 51 glance,
2479 2000 239 50 remarked,
2754 2014 48 31 as
2834 2004 77 42 she

1547 2043 205 50 gathered
1781 2045 41 41 in
1849 2047 79 41 her
1952 2047 158 52 victim,
2140 2050 99 41 "It's
2267 2064 54 29 an
2351 2053 45 41 ill
2422 2055 113 42 wind
2563 2057 90 41 that
2680 2060 132 42 blows
2839 2072 48 31 no-

1547 2102 109 50 body
1860 2103 95 43 And
1983 2104 70 43 the
2079 2116 202 43 monster,
2309 2112 93 39 who
2430 2125 88 29 was
2543 2114 176 54 holding
2744 2117 67 42 his
2839 2132 75 29 ear

1546 2165 42 34 to
1616 2160 71 41 the
1714 2161 161 50 thread,
1903 2164 134 41 which
2064 2169 155 39 served
2244 2169 41 39 in
2313 2168 86 42 lieu
2425 2172 47 39 of
2497 2184 24 28 a
2547 2173 363 54 telephone-wire,

1545 2216 179 53 hearing
1754 2220 71 40 the
1857 2224 182 48 remark,
2072 2226 153 39 turned
2256 2238 129 39 green
2418 2227 100 42 with
2552 2243 122 40 envy,
2709 2234 83 40 and
2824 2246 87 31 was

1545 2276 82 39 lost
1651 2276 42 42 in
1721 2277 71 41 the
1819 2281 174 49 general
2020 2282 117 42 color
2159 2283 49 41 of
2232 2281 70 44 his
2327 2286 321 54 surroundings.

2160 2354 150 51 Henry
2338 2356 181 50 Clayton
2542 2359 197 50 Hopkins

1749 2647 75 43 TO
1853 2647 137 55 YOU,
2022 2649 240 46 GENTLE
2289 2655 253 45 READER

1729 2751 152 44 Kindly
1905 2755 92 41 give
2022 2768 102 29 your
2147 2760 194 42 standing
2364 2762 126 35 order
2514 2764 68 35 for
2606 2766 169 36 Bruno's

1682 2809 173 44 Weekly
1894 2818 41 28 to
1975 2826 102 29 your
2114 2818 268 43 newsdealer,
2422 2821 35 34 if
2495 2835 80 29 you
2615 2824 53 34 do
2707 2832 71 29 not

1681 2868 101 34 wish
1810 2876 43 27 to
1881 2871 102 34 send
2011 2886 47 21 us
2090 2873 173 44 directly
2291 2890 25 21 a
2344 2878 288 44 subscription.
2691 2882 86 37 The

1679 2938 167 32 present
1880 2944 129 31 paper
2040 2935 133 41 prices
2207 2947 71 23 are
2311 2937 100 35 such
2444 2938 89 36 that
2566 2940 31 34 it
2629 2952 140 34 prove?

1680 2987 227 37 disastrous
1956 2990 68 35 for
2069 3006 24 20 a
2139 2996 213 40 magazine
2404 3003 43 28 to
2501 2998 110 41 print
2664 3011 112 24 more

1679 3047 138 41 copies
1853 3046 101 37 than
1987 3060 72 24 are
2095 3051 161 36 needed
2294 3053 69 34 for
2397 3055 52 35 its
2484 3056 165 42 regular
2683 3058 92 35 sub-

1678 3105 199 41 scription
1935 3107 244 37 circulation
2236 3111 83 34 and
2353 3111 69 36 for
2465 3126 26 22 a
2536 3115 147 42 supply
2726 3116 49 35 of

1677 3164 294 35 unreturnable
2025 3166 145 36 orders
2196 3168 47 35 of
2269 3182 109 23 news
2404 3174 235 41 companies
2694 3175 83 35 and

1677 3222 213 40 magazine
1915 3225 204 40 agencies.

1733 3317 101 35 Also
1860 3331 62 22 we
1949 3326 151 29 cannot
2127 3321 147 43 supply
2299 3335 81 29 you
2406 3323 99 35 with
2531 3324 107 36 back
2664 3339 111 22 num-

1677 3374 94 36 bers
1802 3376 133 35 which
1968 3390 80 30 you
2081 3378 104 36 have
2218 3381 152 34 missed
2431 3395 54 22 on
2531 3382 70 35 the
2648 3397 127 23 news-

1678 3434 157 35 stands.

1727 3530 242 43 Therefore,
2003 3532 34 34 if
2100 3547 80 28 you
2239 3534 82 36 like
2379 3535 69 36 the
2494 3545 187 28 contents
2726 3538 48 37 of

1678 3588 171 35 Bruno's
1887 3590 185 42 Weekly,
2112 3592 157 35 release
2307 3606 103 30 your
2446 3595 181 36 clutches
2667 3597 108 37 front

1675 3659 25 21 a
1725 3648 236 34 two-dollar
1985 3649 71 34 bill
2109 3651 81 34 and
2243 3652 102 34 send
2399 3654 41 34 in
2491 3667 103 30 your
2646 3655 129 36 check

1676 3705 144 42 to-day
1846 3718 47 22 or
1917 3707 92 41 give
2036 3721 23 21 a
2085 3709 192 43 standing
2303 3711 124 34 order
2451 3718 42 29 to
2519 3725 103 30 your
2646 3728 127 23 news-

1677 3763 153 34 dealer.
