3043 4389
2761 232 85 40 989

1183 243 246 45 BRUNO'S
1472 241 236 45 WEEKLY

140 2323 177 34 Thomas
347 2323 50 34 A.
428 2322 154 35 Edison
611 2324 42 33 in
682 2322 63 34 his
775 2322 238 41 laboratory
1040 2322 173 41 Etching
1242 2322 108 34 from
1376 2322 77 35 life
1481 2322 54 41 by
1562 2321 213 35 Bernhard
1803 2321 108 36 Wall

1106 2417 311 71 Literary
1449 2416 134 61 Jiu-
1594 2417 174 61 Jitsu

66 2511 70 87 A
197 2507 120 40 FEW
358 2519 125 39 years
526 2520 81 39 ago
649 2520 80 28 our
773 2509 177 41 athletic
992 2522 144 39 young
1178 2522 99 28 men
1320 2521 117 31 were

212 2566 235 50 practicing
505 2577 25 28 a
585 2564 261 44 marvellous
902 2568 215 50 Japanese
1175 2575 159 45 system
1391 2570 48 40 of

64 2623 190 51 physical
276 2624 166 40 culture
464 2625 133 40 based
620 2637 53 28 on
696 2638 26 27 a
743 2626 254 51 knowledge
1021 2627 47 40 of
1091 2627 72 40 the
1185 2628 252 40 vulnerable

64 2681 207 50 strategic
303 2681 142 51 points
478 2683 47 40 of
557 2683 72 40 the
660 2683 125 51 body,
819 2684 145 40 where
995 2684 142 52 major
1167 2697 158 30 nerves
1358 2698 78 28 run

64 2740 116 40 close
208 2745 43 35 to
278 2740 72 40 the
378 2741 174 41 surface
579 2742 84 39 and
691 2753 78 29 can
796 2742 56 40 be
880 2749 77 44 put
985 2749 74 35 out
1086 2744 48 40 of
1162 2742 139 42 action
1329 2744 55 52 by
1411 2756 25 28 a

64 2796 139 53 single
227 2799 130 49 blow;
385 2811 24 28 a
433 2804 160 46 system
619 2800 92 40 that
736 2800 210 50 appealed
972 2806 42 34 to
1040 2801 73 42 the
1138 2801 94 52 lazy
1256 2814 100 30 man
1383 2803 54 50 by

64 2855 56 42 its
144 2857 244 40 marvelous
414 2869 207 39 economy
646 2858 48 40 of
718 2858 142 42 effort.
917 2858 173 42 Instead
1115 2860 49 40 of
1188 2860 72 43 the
1286 2860 132 42 labori-

65 2926 79 28 ous
170 2914 167 41 routine
366 2916 48 40 of
438 2914 233 53 punishing
698 2928 106 40 your
830 2918 229 51 adversary
1086 2917 100 42 with
1214 2930 106 40 your
1347 2920 91 39 fists

64 2972 108 41 until
208 2973 56 40 he
299 2986 87 29 was
421 2975 158 40 unable
614 2980 42 35 to
690 2975 117 40 ward
839 2976 66 39 off
939 2988 26 27 a
1002 2975 202 52 finishing
1238 2977 111 42 blow
1392 2976 45 52 (a

64 3042 175 38 process
279 3031 219 52 involving
538 3032 295 42 considerable
887 3032 233 42 incidental
1175 3034 126 51 pains
1355 3036 84 40 and

64 3088 152 52 perils)
249 3102 84 38 you
358 3096 71 34 cut
454 3091 119 40 short
598 3091 72 41 the
695 3090 328 52 preliminaries,
1050 3099 116 34 went
1190 3093 181 51 straight
1395 3100 42 35 to

65 3147 72 40 the
162 3148 131 50 point,
320 3149 83 39 and
428 3154 76 45 put
525 3146 92 43 him
644 3155 73 35 out
741 3150 48 39 of
812 3149 140 42 action
976 3151 55 51 by
1057 3151 135 41 direct
1216 3152 142 41 attack
1383 3163 54 30 on

65 3216 24 29 a
116 3204 103 42 vital
248 3212 107 44 spot.

121 3263 197 51 Jiu-jitsu
349 3265 79 42 has
458 3266 158 51 passed
646 3272 74 35 out
764 3267 48 39 of
855 3279 140 38 vogue
1043 3278 159 40 among
1247 3267 191 53 physical

66 3321 263 51 instructors,
361 3324 76 39 but
466 3325 165 40 writers
664 3337 119 27 seem
816 3330 42 35 to
891 3325 54 40 be
977 3325 148 52 taking
1153 3338 58 39 up
1243 3327 72 41 the
1350 3327 87 41 fad.

65 3380 185 51 Notably
274 3380 111 41 Irvin
412 3381 44 41 S.
482 3382 134 41 Cobb.
671 3382 119 41 Cobb
816 3382 79 42 has
919 3385 110 40 been
1055 3383 188 53 slipping
1266 3386 48 40 of
1337 3386 99 49 late,

65 3438 130 52 going
225 3440 245 50 backward;
505 3441 75 40 but
611 3440 87 41 like
728 3438 71 43 his
831 3441 235 42 illustrious
1099 3448 338 47 contemporary,

66 3497 172 52 Christy
263 3499 281 48 Mathewson,
570 3500 56 40 he
652 3500 36 40 is
714 3500 130 51 going
868 3500 158 51 slowly,
1054 3500 168 53 staving
1248 3502 64 40 off
1336 3500 101 43 with

64 3555 190 53 cunning
284 3557 73 41 the
388 3557 258 42 ineluctable
679 3558 92 51 day.
833 3558 82 41 For
945 3559 136 52 Matty
1112 3559 222 42 remained
1366 3561 72 41 the

66 3614 84 41 Old
174 3615 164 40 Master
363 3616 68 41 for
454 3627 126 40 years
607 3617 113 40 after
743 3617 68 40 his
838 3617 87 40 fast
950 3629 82 29 one
1057 3619 157 40 ceased
1239 3624 41 35 to
1307 3618 130 42 sizzle

66 3673 84 40 and
181 3673 67 41 his
281 3685 152 30 curves
465 3674 156 42 ceased
653 3680 41 34 to
727 3675 146 41 break.
932 3675 70 41 He
1034 3676 127 41 knew
1191 3677 115 41 what
1338 3677 101 52 they

65 3732 189 40 couldn't
286 3731 192 42 hit—the
513 3743 85 31 one
631 3732 232 52 particular
897 3733 121 52 thing
1052 3734 92 42 that
1178 3735 260 42 bewildered

66 3791 105 40 each
193 3791 139 40 batter
353 3791 84 40 and
458 3791 81 42 left
558 3787 91 44 him
672 3791 211 52 swinging
905 3803 24 30 a
950 3791 234 43 ridiculous
1206 3794 84 40 and
1313 3794 124 42 futile

67 3850 72 39 bat
170 3855 43 35 at
244 3861 52 28 an
331 3848 165 43 elusive
527 3850 100 40 ball.
689 3849 97 41 And
817 3850 32 40 it
877 3850 40 42 is
946 3851 56 51 by
1032 3850 91 52 just
1154 3852 85 41 this
1270 3858 90 36 sort
1391 3854 48 40 of

66 3906 138 51 thing,
229 3908 55 51 by
308 3908 191 51 pitching
520 3906 101 43 with
646 3908 69 41 his
738 3908 113 41 head
875 3910 85 41 and
985 3909 318 53 remembering
1326 3911 114 42 what

66 3966 101 51 they
191 3965 112 42 can't
324 3966 76 49 hit,
425 3967 92 40 that
539 3966 122 42 Cobb
685 3967 79 41 has
788 3967 110 41 been
925 3966 164 55 getting
1110 3968 57 53 by
1190 3971 43 43 in
1260 3970 73 42 the
1357 3971 83 41 last

66 4036 104 40 year
202 4036 48 30 or
281 4036 62 30 so.

1564 2513 138 41 There
1727 2525 89 29 was
1843 2526 24 27 a
1895 2512 116 50 time,
2039 2512 83 40 and
2149 2512 142 51 lately,
2319 2512 123 40 when
2471 2512 121 42 Cobb
2618 2512 86 41 had
2731 2524 124 40 every-

1507 2571 452 53 thing—painstaking
1988 2573 84 40 and
2100 2572 208 41 balanced
2336 2571 103 53 plot,
2469 2584 24 28 a
2523 2572 128 52 finely
2681 2577 199 37 accurate

1508 2632 83 40 and
1618 2628 243 55 amazingly
1888 2630 208 42 inclusive
2124 2643 129 29 sense
2279 2631 47 40 of
2352 2630 231 50 character,
2611 2631 155 41 humor
2791 2641 89 33 raw

1508 2690 83 41 and
1611 2689 165 51 primal,
1797 2702 24 28 a
1841 2690 109 51 style
1969 2688 256 52 sufficiently
2246 2687 374 53 facile—perhaps
2640 2694 71 36 too
2735 2689 144 51 facile,

1507 2749 215 50 profound
1754 2748 82 41 and
1866 2749 194 50 paternal
2091 2747 244 52 sympathy;
2369 2747 83 41 and
2481 2746 100 42 with
2615 2747 55 42 all
2702 2747 47 41 of
2779 2747 100 50 this,

1508 2808 136 42 above
1665 2807 56 40 all
1743 2806 83 41 and
1846 2818 119 28 more
1985 2806 100 40 than
2108 2805 69 50 all,
2199 2806 71 41 the
2291 2812 160 34 master
2469 2818 128 30 sense
2619 2806 91 41 that
2730 2805 151 52 taught

1507 2866 87 40 him
1623 2866 96 39 how
1747 2871 41 34 to
1818 2864 133 45 direct
1976 2865 73 40 the
2077 2869 89 36 rest
2166 2864 129 41 —the
2323 2862 175 45 instinct
2526 2865 70 40 for
2622 2864 92 41 that
2740 2864 139 41 which

1507 2924 191 41 clutches
1718 2923 72 42 the
1811 2921 212 42 emotions
2040 2923 145 40 where
2205 2923 100 50 they
2324 2921 58 42 lie
2403 2935 88 28 raw
2510 2923 84 40 and
2613 2923 268 50 unguarded,

1509 2982 84 41 and
1622 2982 82 41 ties
1734 2982 72 41 the
1833 2982 124 40 heart
1985 2978 158 54 strings
2171 2992 57 40 up
2258 2980 43 42 in
2333 2993 25 29 a
2387 2982 115 40 knot.
2561 2979 102 43 This
2690 2993 91 31 was
2807 2977 74 45 his

1508 3046 121 45 great
1648 3041 94 51 gift,
1764 3041 75 40 but
1860 3040 31 41 it
1911 3052 88 29 was
2021 3040 72 40 the
2115 3045 190 46 greatest
2324 3040 47 39 of
2392 3051 148 39 many;
2565 3040 43 40 in
2630 3039 123 41 those
2777 3039 105 50 days

1509 3099 120 41 Cobb
1655 3111 88 28 was
1769 3111 106 29 near
1900 3098 287 51 immortality.
2243 3097 69 42 He
2338 3109 90 30 was
2452 3096 227 43 American
2707 3109 47 30 as
2780 3097 102 52 only

1508 3158 124 40 Mark
1654 3156 145 42 Twain
1825 3157 83 40 and
1931 3156 51 40 O.
2008 3156 147 51 Henry
2178 3168 114 29 were
2316 3154 241 49 American,
2582 3156 76 40 but
2679 3156 56 40 he
2761 3156 122 42 fitted

1508 3217 88 40 into
1620 3227 82 30 one
1726 3216 48 40 of
1797 3227 77 28 our
1896 3215 285 41 schools—he
2201 3215 85 40 had
2309 3227 47 30 as
2378 3213 108 42 little
2512 3214 243 52 fellowship
2778 3213 103 42 witii

1508 3276 72 38 the
1620 3273 158 41 furtive
1816 3270 175 54 passion
2030 3273 49 41 of
2117 3273 238 41 Chambers
2394 3285 49 29 as
2477 3273 99 41 with
2616 3273 73 41 the
2726 3271 134 54 pulpit-

1507 3331 219 53 pounding
1750 3333 47 39 of
1823 3332 136 40 David
1984 3332 189 41 Graham
2201 3330 180 52 Phillips
2406 3333 83 40 and
2514 3330 134 42 Owen
2674 3330 207 52 Johnson,

1508 3393 72 40 the
1614 3392 176 50 flippant
1825 3391 233 40 crudeness
2093 3391 48 39 of
2174 3391 71 40 the
2280 3389 211 42 imitators
2525 3391 47 38 of
2607 3389 164 51 Cohan,
2807 3389 74 42 the

1508 3450 181 42 rarefied
1715 3451 206 48 elegance
1945 3450 49 40 of
2019 3461 77 29 our
2120 3460 166 30 women
2313 3448 183 41 realists.
2552 3448 69 42 He
2647 3460 89 29 was
2762 3448 95 52 only-

1507 3511 216 49 begotten,
1750 3507 178 42 without
1952 3507 95 50 kin;
2076 3520 24 28 a
2125 3506 191 43 national
2343 3506 252 43 institution.
2651 3507 116 41 Most
2792 3505 91 44 like

1508 3574 42 34 to
1577 3567 161 48 Porter,
1763 3568 55 39 he
1845 3567 76 41 fell
1947 3567 118 40 short
2088 3567 48 40 of
2161 3565 185 42 Porter's
2369 3565 93 41 flair
2488 3566 68 40 for
2578 3565 72 43 the
2676 3576 206 41 perverse

1509 3626 83 41 and
1623 3623 148 52 ironic,
1803 3626 75 40 but
1907 3630 113 36 went
2052 3625 68 40 far
2149 3623 168 53 beyond
2347 3623 88 41 him
2468 3624 42 42 in
2542 3624 341 51 understanding

1508 3685 84 40 and
1621 3683 100 52 pity.
1781 3684 68 40 He
1878 3696 89 29 was
1995 3683 134 41 Cobb.

1567 3744 86 40 But
1679 3755 96 29 now
1802 3742 72 40 the
1903 3741 234 42 munitions
2166 3753 73 29 are
2265 3741 188 52 running
2478 3741 138 52 short;
2646 3741 72 41 the
2747 3741 136 52 speed

1509 3801 36 42 is
1573 3812 122 41 gone,
1723 3801 72 40 the
1823 3813 153 28 curves
2001 3812 55 29 no
2082 3801 157 48 longer
2263 3800 145 42 break.
2467 3799 120 42 Cobb
2615 3800 49 40 of
2690 3799 127 53 today
2841 3798 42 43 is

1507 3867 76 34 not
1602 3860 73 41 the
1696 3859 120 42 Cobb
1839 3861 47 39 of
1908 3872 24 28 a
1954 3859 86 41 few
2059 3870 126 41 years
2206 3870 93 39 ago.
2348 3858 82 42 His
2450 3859 113 50 plots
2585 3869 115 40 grow
2723 3857 160 43 fainter

1509 3919 84 41 and
1616 3918 179 49 fainter;
1818 3917 69 41 his
1910 3918 242 41 characters
2174 3918 180 40 become
2375 3916 290 52 perfunctory,
2690 3916 191 52 sketchy,

1508 3989 49 29 or
1582 3975 252 53 repetitions
1862 3977 48 40 of
1935 3976 247 41 characters
2209 3975 110 40 from
2347 3975 68 42 his
2444 3986 92 31 own
2567 3975 169 42 Golden
2764 3974 117 52 Age;

1512 4036 72 42 the
1602 4036 154 42 humor
1773 4036 112 43 halts
1905 4037 82 42 and
2008 4037 170 51 falters;
2202 4037 84 42 and
2302 4038 67 42 his
2389 4037 155 44 stories
2563 4051 73 30 are
2657 4040 232 54 damnably
