2934 3989
1406 3816 116 60 125

242 163 54 53 Ei
325 168 92 48 hän
446 169 67 47 ole
541 164 209 52 tahtonut
776 167 170 48 mitään
974 169 336 46 kuuluisuuksia
1338 168 46 44 kö-

182 234 433 57 mediateatteriinsa,
647 237 142 41 mutta
821 235 246 43 tunnetuita
1099 233 94 44 hän
1222 245 57 32 on
1312 231 73 46 tah-

184 301 136 42 tonut.
374 299 280 57 Rakastajan
687 301 127 55 pitää
846 299 93 43 olla
974 299 233 56 rakastaja
1242 298 46 57 ja
1321 296 66 57 pri-

184 362 257 45 madonnan
470 364 126 55 pitää
623 362 91 45 olla
743 362 172 45 kaunis.
958 361 108 44 Hän
1092 374 63 30 on
1183 361 201 44 kustanta-

182 430 82 42 nut
299 427 143 45 näillä
478 425 208 47 kahdella
734 423 426 59 näytäntökaudella
1209 426 175 43 rakasta-

184 492 110 56 jalle
320 492 124 56 neljä
475 491 450 55 rakkausseikkailua,
957 491 119 57 jotka
1105 492 106 42 ovat
1240 488 171 46 tehneet

186 558 153 41 tämän
381 554 287 45 kuuluisaksi.
725 553 291 47 Kuuluisaksi
1056 554 116 43 siinä
1212 553 170 56 kaupun-

184 620 139 56 gissa,
352 619 123 57 jossa
501 620 153 43 suuret
678 618 287 57 ihmisjoukot
988 619 237 54 näyttävät
1247 618 163 43 elävän

184 684 105 42 vain
314 682 357 45 rakastaakseen.
713 681 136 57 Neljä
875 681 151 45 kertaa
1052 694 57 30 on
1131 680 252 44 sanomaleh-

184 746 125 44 dissä
350 747 194 45 kerrottu
581 745 404 45 komediateatterin
1039 746 264 43 ensimäisen
1340 757 48 32 ra-

186 809 211 57 kastajan
419 813 214 41 menevän
657 811 226 43 naimisiin
987 809 272 45 kertaakaan
1283 809 38 44 ei
1343 808 68 45 ole

183 875 196 44 kerrottu
410 874 150 45 hänen
588 877 221 43 erostaan.
858 873 57 54 Ja
945 873 329 58 primadonnan
1303 873 108 57 yhtä

183 940 153 42 monta
372 939 152 43 kertaa
558 939 194 43 kerrottu
785 950 197 32 eroavan
1014 938 94 44 eikä
1141 938 272 43 kertaakaan

183 1001 70 45 ole
290 1002 193 44 kerrottu
518 1002 149 44 hänen
703 1002 501 44 naimisiinmenostaan.
1259 1000 152 46 Mutta

186 1066 217 57 laajoissa
444 1067 389 56 nuorisopiireissä
870 1079 60 31 on
968 1066 135 44 tullut
1141 1066 270 56 käytäntöön

184 1142 47 32 se
266 1128 299 59 hajuvesilaji,
602 1131 94 57 jota
731 1131 180 56 käyttää
946 1131 75 43 tuo
1056 1128 90 57 yhä
1181 1128 230 46 uudelleen

186 1194 242 45 rakastuva
469 1197 272 42 ensimäinen
776 1194 234 57 rakastaja
1049 1195 46 56 ja
1136 1207 47 32 se
1219 1194 170 45 naisten-

186 1259 316 56 vaatetusliike,
529 1260 123 56 jossa
680 1259 85 56 käy
788 1260 76 42 tuo
889 1260 103 43 aina
1019 1270 103 33 eroa
1150 1259 148 44 tekevä
1325 1259 65 57 pri-

184 1321 226 46 madonna
430 1357 64 10 ...

245 1396 327 58 Lisähöysteitä
615 1397 93 46 hän
748 1399 200 57 sijoittaa
988 1399 259 57 näytelmiin
1287 1399 126 57 perin

186 1461 209 46 osavasti.
450 1461 124 46 Siinä
605 1461 195 58 „Hänen
832 1462 250 56 kymmenes
1117 1463 268 45 aviovaimon-

595 1527 58 43 oli
681 1527 212 44 loistanto
918 1527 298 56 näyttämöllä
1245 1528 103 43 siitä
1366 1527 47 57 ja

183 1590 104 44 siitä
342 1590 324 56 toiminimestä,
705 1589 217 59 „Moulen
976 1590 242 58 Roug'esta
1255 1593 132 42 haare-

369 1656 100 44 taas
513 1655 117 45 tekee
670 1655 158 57 paljon
872 1654 374 58 hupaisemmaksi
1289 1655 121 45 oikea

183 1717 123 59 sade,
332 1719 101 58 joka
460 1731 57 33 on
539 1720 310 57 näyttämöllä.
889 1719 60 54 Ja
969 1720 325 44 ilmoituksessa
1320 1720 93 44 hän

186 1782 161 57 kertoo,
375 1782 160 45 kuinka
564 1783 158 58 paljon
750 1796 58 32 on
835 1783 293 58 näyttämölle
1153 1786 150 43 asetus
1330 1785 61 43 tul-

186 1847 66 43 lut
278 1847 295 44 maksamaan
602 1848 46 57 ja
676 1848 133 45 mistä
836 1848 223 45 liikkeestä
1084 1851 106 42 ovat
1212 1848 176 57 näytteli-

188 1912 210 56 jättärien
423 1914 153 55 puvut.

318 1975 134 45 Pitää
492 1978 150 42 tuntea
684 1975 157 57 yleisö!
884 1989 145 32 sanoo
1063 1976 141 46 väliin
1244 1976 141 45 huoah-

187 2041 114 56 taen,
333 2040 141 44 väliin
502 2041 383 45 veitikkamaisesti
917 2040 380 58 Napoleonimme.

244 2102 75 45 On
346 2103 134 45 tullut
506 2103 332 46 tarkoitukseksi
864 2105 133 44 kassa
1023 2106 45 56 ja
1092 2106 192 44 keinoksi
1307 2107 81 54 näy-

187 2169 138 42 täntö.
381 2167 121 47 Kuin
541 2169 365 56 säilykelaatikko
943 2182 59 33 on
1042 2169 371 46 komediateatteri

187 2230 136 58 johon
351 2234 179 43 muusta
559 2234 286 45 maailmasta
875 2234 408 57 eristäytytytetään
1312 2234 101 57 joka

186 2295 78 46 ilta
301 2308 79 33 sen
414 2296 165 45 seinien
618 2298 153 44 sisälle
805 2298 157 57 sopiva
996 2298 306 45 ihmismäärä.
1357 2298 57 54 Ja

187 2359 143 45 rahaa
374 2360 124 44 tulee.
553 2360 133 46 Tulee
739 2361 286 59 omistajalle,
1065 2363 114 44 tulee
1213 2363 179 57 näytteli-

187 2423 135 58 jöille,
362 2425 115 44 tulee
511 2425 289 58 kirjailijoille
838 2426 46 57 ja
921 2426 288 44 maalareille.
1269 2425 145 47 Yleisö

186 2488 199 56 maksaa,
414 2490 36 44 ei
478 2501 49 33 se
554 2490 196 45 ilmaista
780 2488 151 59 tahdo,
960 2490 258 45 rahoillaan
1244 2504 49 33 se
1319 2491 72 44 reh-

186 2552 70 56 kii,
292 2564 50 33 se
376 2554 161 45 nostaa
577 2554 216 57 teatterin,
832 2556 170 45 teatteri
1037 2556 240 44 valmistaa
1315 2556 100 44 sille

183 2618 282 56 näytäntöjä.

245 2679 263 48 Ennemmin
541 2683 63 44 tai
634 2681 309 59 myöhemmin,
990 2685 214 45 varmasti
1251 2684 140 44 kuiten-

187 2745 85 57 kin,
314 2758 57 31 on
410 2744 616 60 komediateatterinomistaja
1081 2749 164 45 tietävä
1301 2749 113 45 kuka

187 2808 93 46 hän
306 2822 79 33 on:

244 2883 254 60 Tehtailija.

248 2947 57 54 Ja
329 2951 149 44 hänen
503 2952 277 46 teatterinsa:

245 3013 230 59 Näytäntö
480 3014 171 48 tehdas.

247 3089 218 47 Suuressa
503 3092 323 58 kaupungissa,
861 3094 141 46 missä
1037 3107 58 33 on
1132 3095 164 45 rinnan
1331 3095 62 45 rik-

187 3155 152 46 kautta
376 3155 47 58 ja
459 3156 256 59 köyhyyttä;
753 3159 158 57 paljon
943 3158 179 47 ihmisiä
1157 3160 46 57 ja
1237 3160 180 45 korkeat

188 3220 123 56 talot,
341 3221 139 46 missä
511 3222 169 56 sykkiin
708 3222 367 57 nopeatahtisesti
1104 3225 311 56 nykyaikaisen

187 3283 177 46 elämän
393 3282 160 60 sydän,
584 3299 56 31 on
668 3287 158 57 paljon
855 3286 199 47 tehtaita.
1100 3287 207 59 Korkeat,
1335 3290 61 56 pil-

186 3347 90 44 viin
313 3348 198 56 pistävät
545 3349 271 59 savupiiput,
851 3349 211 47 koneiden
1100 3352 316 46 taukoamaton

187 3410 149 46 helske
374 3413 62 44 tai
475 3413 155 57 jvtinä,
670 3414 344 47 rahanhaluiset
1049 3415 178 46 ihmiset
1263 3417 132 45 hikiot-

186 3476 72 45 sin
299 3475 86 58 öin,
426 3478 151 57 päivin
616 3480 164 56 työssä.
837 3479 130 47 Mikä
1018 3481 256 58 valmistuu,
1312 3483 104 44 siitä

187 3540 273 45 maksetaan.

903 3669 181 42 ANTTI
1112 3669 311 44 TIITTANEN

1493 169 350 65 GLIMTAR
1874 173 106 61 UR
2003 173 165 59 VAN
2196 173 287 61 GOGHS
2516 173 199 64 BREV

1493 300 130 33 —av
1661 290 145 43 större
1847 286 138 47 värde
2026 291 53 42 är
2122 290 66 44 att
2229 290 95 43 leva
2364 292 63 42 än
2470 291 66 43 att
2572 290 142 57 skapa

1494 352 200 45 abstrakt
1722 351 143 46 konst.

1553 478 140 60 Ingen
1750 479 183 57 mystisk
1992 480 104 45 eller
2140 479 351 56 hemlighetsfull
2552 480 164 56 atelier,

1494 546 108 42 utan
1626 557 56 31 en
1707 555 98 33 som
1829 544 142 57 slagit
1993 545 102 43 sina
2121 545 136 45 rötter
2280 545 15 43 i
2318 544 150 57 själva
2496 541 73 47 det
2592 544 124 44 reala

1493 609 113 44 livet.
1645 606 71 46 En
1752 606 153 47 atelier
1942 609 97 43 med
2079 620 151 45 vagga
2265 607 82 45 och
2384 606 180 46 haistoi.
2618 606 99 46 Där

1494 671 136 46 alltsä
1663 672 109 45 intet
1801 670 254 47 stillestand
2091 670 144 58 räder,
2271 673 109 42 utan
2416 671 84 44 alit
2534 672 183 55 tränger

1494 734 80 45 och
1602 737 213 43 stämmer
1838 734 83 46 och
1948 737 299 56 uppmuntrar
2275 736 66 44 tili
2370 736 206 44 aktivitet.

1553 861 154 46 Folket
1730 861 85 46 här
1843 865 52 42 är
1919 864 74 43 väl
2020 864 90 43 inte
2134 860 192 60 ondsint,
2351 865 47 54 ty
2418 863 150 57 själva
2595 874 99 46 pros-

1494 929 73 43 ten
1599 926 87 45 har
1719 929 166 44 nastan
1921 940 53 32 en
2009 925 246 60 anständig
2289 927 212 46 mänskas
2538 927 181 45 ansikte.

1637 1054 82 58 jag
1747 1054 78 45 viii
1858 1054 37 59 ej
1931 1054 230 56 blomstra,
2190 1067 73 32 om
2293 1067 53 32 en
2379 1067 152 32 annan
2562 1053 157 46 därför

1493 1118 142 47 mäste
1659 1120 168 44 vissna.

1553 1244 101 47 Här
1683 1246 18 46 i
1733 1244 214 47 därhuset
1979 1245 85 46 har
2096 1244 53 45 de
2181 1246 152 56 rikligt
2361 1245 99 46 med
2492 1249 225 53 utrymme.

1496 1308 117 47 Man
1645 1308 143 46 kunde
1818 1311 167 44 inrätta
2021 1311 198 44 atelierer
2255 1310 71 45 för
2357 1312 59 43 30
2449 1311 184 44 mälare.

1556 1449 160 46 Denna
1755 1449 296 58 eftermiddag
2089 1449 117 46 hade
2244 1452 80 57 jag
2361 1465 52 31 en
2451 1451 167 56 mycket
2656 1452 44 43 ut-

1495 1512 107 45 vald
1636 1513 164 58 publik.
1838 1512 118 59 Fyra
1993 1514 107 45 eller
2133 1513 86 47 fem
2253 1515 258 44 soutenörer
2543 1513 84 46 och
2663 1515 59 44 ett

1495 1576 159 47 dussin
1696 1578 240 58 gatpojkar
1975 1579 113 44 fann
2129 1578 72 45 det
2239 1579 286 57 synnerligen
2566 1580 134 43 intres-

1494 1644 106 43 sant
1628 1644 68 43 att
1721 1642 98 45 titta
1847 1641 119 46 huru
1992 1641 161 57 färgen
2182 1642 100 45 kom
2308 1655 54 32 ur
2389 1642 200 45 tuberna.
2633 1641 89 57 Nä,

1495 1705 146 45 denna
1673 1706 165 57 publik,
1870 1705 85 47 den
1985 1710 52 42 är
2067 1707 76 45 väl
2176 1707 145 45 äran?
2359 1706 122 47 Eller
2509 1719 210 33 snarare:

1496 1769 80 58 jag
1616 1771 77 44 viii
1734 1769 203 58 bespotta
1976 1769 329 58 äregirigheten
2349 1769 80 46 och
2470 1773 115 42 äran
2625 1783 97 32 som

1495 1833 131 47 dessa
1658 1835 241 58 gatpojkar
1931 1834 80 47 och
2040 1835 140 46 busar

1556 1961 89 45 Det
1668 1964 54 42 är
1747 1961 54 46 sä
1823 1961 143 59 skönt,
1993 1964 67 43 att
2083 1962 80 58 jag
2188 1962 40 58 ej
2256 1961 147 56 vägar
2425 1962 122 45 mäla
2571 1961 84 46 och
2681 1961 38 57 ej

1496 2026 87 46 kan
1609 2026 144 46 förstä
1780 2023 83 47 det.

1626 2154 80 59 jag
1733 2157 72 43 vet
1828 2156 109 44 intet
1959 2152 174 48 därhus
2158 2153 85 47 där
2267 2168 108 32 man
2398 2156 144 45 skulle
2564 2156 157 55 intaga

1495 2220 93 56 mig
1616 2220 160 56 gratis,
1804 2223 111 42 även
1947 2233 73 32 om
2050 2220 79 57 jag
2155 2220 124 59 själv
2303 2219 207 46 betalade
2536 2220 161 45 omkost-

1494 2281 202 47 naderna
1730 2284 72 44 för
1830 2284 214 57 mäleriet,
2074 2283 83 45 och
2188 2285 173 45 överlät
2392 2284 101 46 hela
2525 2285 99 45 mitt
2655 2296 46 35 ar-

1496 2346 96 46 bete
1627 2347 50 45 ät
1712 2345 228 47 därhuset.
1978 2346 89 47 Det
2102 2350 66 54 är,
2208 2347 80 57 jag
2324 2349 78 43 viii
2439 2349 39 57 ej
2515 2351 117 52 säga
2671 2359 52 31 en

1495 2412 109 56 stor,
1634 2423 100 34 men
1762 2423 57 32 en
1849 2412 106 45 liten
1985 2410 361 58 orättfärdighet.

1557 2550 162 46 Denna
1759 2549 266 48 framtidens
2060 2552 186 58 mälare,
2285 2553 83 57 jag
2403 2553 90 44 kan
2531 2553 37 58 ej
2613 2553 89 44 före-

1496 2615 139 46 ställa
1658 2617 94 55 mig
1776 2618 66 43 att
1865 2615 91 46 han
1980 2615 55 46 sä
2059 2617 147 57 ligger
2228 2618 15 44 i
2267 2615 56 46 de
2345 2617 100 45 smä
2469 2619 230 43 restauran-

1496 2690 157 46 gerna,
1689 2679 179 44 arbetar
1901 2677 102 47 med
2037 2681 63 45 ett
2134 2693 85 45 par
2257 2681 152 45 ruttaa
2445 2679 279 58 kindtänder,

1495 2742 84 46 och
1609 2740 141 49 sedän
1778 2744 182 45 besöker
1992 2742 337 47 zuavbordeller
2356 2758 98 33 som
2486 2745 92 58 jag.

1559 2881 202 59 Mängen
1788 2882 87 46 har
1903 2896 53 33 en
1983 2885 95 44 stor
2108 2882 72 48 eld
2206 2885 115 45 isin
2347 2885 107 58 själ,
2483 2886 81 45 och
2591 2887 136 57 ingen

1498 2945 191 46 kommer
1721 2947 165 45 nänsin
1918 2947 71 45 för
2020 2949 67 45 att
2114 2951 158 43 värma
2302 2948 73 58 sig
2403 2948 78 47 vid
2511 2948 100 60 den,
2644 2949 82 47 och

1498 3008 53 45 de
1581 3009 289 58 förbigäende
1895 3012 177 44 märker
2100 3012 113 45 blott
2241 3013 95 45 litet
2362 3027 59 31 av
2446 3014 134 46 röken
2610 3027 117 45 uppe

1496 3071 77 47 vid
1595 3074 273 58 skorstenen,
1895 3075 83 46 och
2004 3075 88 57 gär
2116 3078 72 44 sin
2215 3079 93 54 väg
2335 3075 165 48 vidare.

1560 3213 90 59 Jag
1675 3216 79 46 viii
1780 3219 148 54 gärna
1956 3216 60 46 ha
2044 3229 54 34 en
2124 3219 223 57 veckolön,
2373 3232 97 34 som
2493 3232 55 32 en
2572 3232 155 34 annan

1500 3279 215 58 arbetare,
1745 3281 80 45 och
1854 3281 72 47 för
1955 3279 73 47 det
2055 3282 136 46 mälet
2215 3283 79 45 viii
2324 3285 80 57 jag
2435 3283 168 59 arbeta,
2628 3283 99 47 med

1500 3343 61 44 ali
1589 3344 94 45 min
1711 3344 122 46 kraft
1861 3344 81 46 och
1969 3346 100 45 mitt
2097 3346 217 47 förständ.
2347 3346 99 47 Och
2476 3347 59 46 dä
2563 3349 81 56 jag
2674 3351 52 43 är

1499 3419 53 32 en
1576 3408 216 58 arbetare,
1819 3409 154 46 tillhör
1997 3410 80 57 jag
2102 3412 371 57 arbetarklassen,
2500 3413 83 46 och
2610 3414 88 45 kom-

1498 3483 95 31 mer
1618 3484 93 32 mer
1740 3471 81 46 och
1848 3485 93 33 mer
1969 3476 65 44 att
2060 3475 97 45 leva
2185 3476 45 44 in
2258 3474 126 47 iden
2412 3475 81 46 och
2521 3490 52 32 en
2600 3478 128 58 gäng

1496 3533 111 58 ingä
1642 3533 150 47 iden.
1848 3536 90 57 Jag
1975 3537 89 46 kan
2098 3540 38 57 ej
2177 3541 141 45 annat
2351 3540 83 46 och
2470 3540 87 46 har
2591 3542 136 56 ingen

1499 3600 93 45 lust
1618 3601 68 44 tili
1719 3603 153 55 annat,
1907 3602 80 58 jag
2015 3603 88 46 kan
2131 3603 38 59 ej
2204 3603 233 49 föreställa
2465 3607 94 55 mig
2587 3606 141 57 nägot

1500 3666 153 42 annat.
