2667 3891
126 303 172 71 LA
408 302 437 74 CITE.

1001 304 355 73 VOL.
1463 306 114 71 5.

1737 306 64 70 N
1867 304 65 72 U
2001 304 75 69 M
2121 359 16 18 .
2243 303 64 71 7

2254 3671 138 71 121

270 558 131 51 mais
456 558 44 49 le
553 556 151 51 décor
760 556 73 51 du
887 556 261 56 mobilier,
1206 572 150 37 notre
1411 575 189 46 parure
1654 558 272 54 familière,
1988 555 318 51 l'harmonie

269 643 165 51 même
464 643 61 51 de
551 659 100 33 nos
679 642 281 55 demeures,
991 655 124 39 tout
1140 661 51 33 ce
1218 644 94 64 qui
1341 644 175 51 donne
1545 644 28 51 à
1602 662 74 33 un
1707 657 171 51 temps
1907 659 99 35 son
2035 642 266 54 caractère,

270 743 97 36 scfn
400 728 285 63 empreinte
717 743 48 36 et
797 746 54 33 sa
882 728 144 63 place
1059 728 129 51 dans
1220 728 272 57 l'histoire,
1527 748 141 46 pour
1703 742 123 38 tout
1859 728 109 51 dire
2001 728 132 51 d'un
2168 741 133 38 mot,

269 831 96 33 son
392 813 149 63 style,
670 812 127 51 était
826 812 285 52 désormais
1140 813 196 63 relégué
1364 816 130 49 dans
1522 816 44 52 le
1595 813 247 52 domaine
1870 814 61 51 de
1959 813 50 51 la
2038 812 260 63 fabrique.

268 898 210 51 Tandis
514 916 102 46 que
652 898 124 50 Fart
811 916 106 46 pur
950 898 249 64 poursuit
1238 899 25 50 à
1303 913 195 37 travers
1535 901 70 49 les
1639 899 208 51 hardies
1888 897 291 52 recherches
2216 897 86 49 des

268 983 161 51 écoles
458 983 70 50 les
557 983 122 64 plus
708 982 224 51 diverses
970 1001 11 30 :
1016 983 335 64 paysagistes,
1383 984 477 64 impressionnistes
1891 997 49 38 et
1974 996 191 43 autres,
2202 1000 101 33 une

266 1068 256 64 glorieuse
543 1067 228 57 carrière,
796 1068 70 50 les
890 1081 107 37 arts
1021 1068 59 51 de
1103 1068 50 50 la
1177 1068 96 56 vie,
1301 1087 65 32 au
1390 1070 273 55 contraire,
1691 1070 263 50 subissent
1981 1070 49 49 la
2058 1067 243 65 tyrannie

266 1155 87 49 des
386 1153 258 51 formules
675 1153 332 51 immuables.
1044 1153 118 51 Nos
1195 1153 230 52 maisons
1461 1156 333 49 ressemblent
1830 1155 111 50 fort
1977 1155 27 50 à
2039 1152 88 52 des
2159 1153 113 50 cabi-

266 1252 113 37 nets
406 1237 337 65 d'antiquité.
771 1237 83 51 De
881 1251 151 41 notre
1058 1237 62 51 lit
1146 1238 27 50 à
1201 1238 245 51 colonnes
1474 1238 269 65 qu'aurait
1773 1255 232 35 reconnu
2032 1238 167 51 Henri
2228 1238 70 54 11,

268 1343 66 30 au
373 1324 235 50 boudoir
645 1324 277 50 évocateur
960 1324 61 50 de
1058 1324 250 53 Madame
1346 1324 61 52 de
1442 1325 351 63 Pompadour
1832 1343 71 31 ou
1945 1325 27 49 à
2015 1324 50 50 la
2107 1324 124 53 salle
2273 1322 28 50 à

268 1426 214 46 manger
519 1409 142 63 prête
699 1426 139 46 pour
875 1409 43 50 le
956 1409 221 63 premier
1214 1410 222 58 Consul,
1475 1428 138 33 nous
1651 1428 274 45 repassons
1966 1429 61 32 en
2068 1423 124 36 tous
2231 1409 70 50 les

268 1509 132 37 actes
426 1495 61 51 de
514 1508 152 38 notre
694 1495 83 49 vie
804 1494 346 64 quotidienne
1179 1495 69 49 les
1275 1495 255 63 chapitres
1558 1496 61 51 de
1646 1509 152 41 notre
1825 1495 236 52 histoire.
2091 1495 104 51 Par
2226 1513 72 31 un

264 1580 250 64 singulier
541 1593 278 42 contraste,
851 1580 44 50 le
923 1579 142 51 siècle
1092 1581 44 50 le
1164 1580 122 64 plus
1314 1594 259 37 novateur
1601 1581 131 51 dans
1761 1581 48 50 la
1841 1581 264 50 recherche
2134 1580 135 51 scien-

266 1665 191 64 tifique
481 1679 49 37 et
555 1664 320 52 l'évolution
900 1664 185 54 sociale
1108 1683 242 33 conserve
1375 1665 321 64 pieusement
1722 1666 43 50 le
1792 1665 148 52 cadre
1967 1666 87 50 des
2084 1664 216 63 régimes

264 1750 133 64 qu'il
424 1750 184 51 abolit.
649 1768 30 32 «
706 1749 158 52 Nous
889 1749 194 51 vivons
1106 1750 171 64 parmi
1303 1750 69 51 les
1397 1750 188 57 ruines,
1613 1750 123 51 écrit
1761 1750 193 51 Alfred
1983 1752 61 50 de
2070 1749 225 57 Musset,

260 1854 203 32 comme
491 1837 41 49 si
561 1837 48 49 la
640 1835 81 51 fin
751 1835 74 51 du
854 1835 197 54 monde
1080 1834 126 52 était
1235 1835 192 64 proche
1461 1854 47 32 ».

421 1931 71 50 Le
523 1931 113 49 XX
640 1938 15 17 e
689 1931 142 50 siècle
864 1948 61 33 en
957 1931 236 50 naissant
1225 1950 27 30 a
1285 1945 188 36 ouvert
1503 1931 87 50 des
1621 1931 144 50 voies
1797 1931 289 50 nouvelles.
2126 1931 171 50 Emile

259 2016 152 52 Gallé
437 2030 49 38 et
511 2033 74 33 ses
610 2016 195 52 émules
829 2031 99 35 ont
952 2017 277 63 emprunté
1257 2017 27 51 à
1308 2018 49 50 la
1383 2017 150 56 flore,
1563 2017 27 49 à
1618 2017 312 51 l'ambiance
1957 2014 169 54 même
2155 2017 61 51 de
2242 2017 51 51 la

259 2102 96 55 vie,
392 2102 70 50 les
492 2101 247 51 éléments
772 2102 132 51 d'un
937 2119 316 33 renouveau.
1291 2101 206 51 Toutes
1529 2102 70 50 les
1630 2101 231 63 époques
1894 2101 263 51 créatrices
2194 2113 98 37 ont

260 2187 251 64 toujours
543 2187 148 64 puisé
727 2205 108 33 aux
871 2188 141 50 deux
1049 2205 217 38 sources,
1306 2187 27 51 à
1369 2187 48 51 la
1451 2187 107 51 fois
1591 2187 70 51 les
1695 2187 123 64 plus
1855 2187 244 64 antiques
2134 2201 50 36 et
2222 2187 70 50 les

259 2272 120 64 plus
407 2273 280 63 originales
721 2291 13 31 :
767 2273 48 49 la
844 2272 173 51 vision
1046 2273 60 50 de
1132 2273 49 49 la
1210 2286 184 37 nature
1421 2286 48 38 et
1496 2272 49 50 la
1573 2272 278 64 technique
1882 2273 72 50 du
1985 2271 196 52 métier.

414 2357 157 51 Nous
593 2375 226 33 sommes
842 2357 113 51 loin
979 2357 348 64 aujourd'hui
1351 2357 61 51 de
1435 2370 75 38 cet
1533 2356 165 52 effort
1720 2370 266 51 pourtant
2010 2357 42 51 si
2076 2357 211 63 proche,

257 2456 49 37 et
326 2444 44 49 le
393 2444 132 63 style
548 2442 61 51 de
640 2460 144 46 1900
807 2460 140 33 nous
967 2456 74 37 est
1063 2442 122 64 plus
1207 2442 234 63 étranger
1461 2441 261 65 peut-être
1745 2460 101 46 que
1870 2442 132 50 celui
2029 2442 61 51 de
2123 2444 163 49 1800.

257 2529 205 62 Depuis
486 2527 208 51 bientôt
721 2545 72 33 un
820 2541 161 51 quart
1005 2527 61 51 de
1093 2526 141 54 siècle
1259 2526 321 52 s'affirment
1605 2527 62 51 de
1691 2526 273 51 nouvelles
1992 2527 295 55 tendances,

257 2613 275 63 esquissées
583 2627 163 36 avant
778 2614 48 49 la
861 2629 195 48 guerre,
1089 2611 239 65 précisées
1360 2613 181 62 depuis
1572 2611 121 64 cinq
1727 2629 109 33 ans.
1872 2613 165 62 Quels
2070 2630 62 33 en
2166 2625 125 37 sont

259 2699 68 51 les
351 2698 303 52 caractères?
680 2698 74 52 Le
779 2696 154 54 décor
956 2696 277 66 emprunté
1259 2715 111 33 non
1397 2696 122 65 plus
1545 2696 28 51 à
1600 2695 474 52 l'ornementation
2101 2696 134 52 mais
2263 2696 26 50 à

256 2785 48 49 la
332 2795 258 42 structure
616 2783 304 57 elle-même,
951 2784 48 50 la
1025 2783 185 51 beauté
1238 2781 198 54 réalisée
1460 2801 94 44 par
1582 2781 51 51 la
1660 2781 198 64 qualité
1887 2781 61 53 de
1976 2784 48 50 la
2056 2783 230 54 matière,

257 2869 318 51 l'harmonie
605 2869 87 51 des
721 2869 367 65 proportions,
1121 2868 119 52 celle
1273 2868 86 51 des
1388 2868 167 63 pleins
1586 2882 49 37 et
1666 2867 86 52 des
1783 2868 162 57 vides,
1980 2868 87 52 des
2099 2868 192 52 cavités

255 2968 49 37 et
325 2954 86 51 des
431 2954 204 56 saillies,
660 2954 88 51 des
768 2954 208 51 ombres
997 2967 48 38 et
1065 2953 85 52 des
1171 2952 254 57 lumières,
1450 2971 99 31 une
1572 2952 340 52 affirmation
1935 2954 88 50 des
2046 2954 243 51 volumes

257 3039 101 51 très
401 3039 216 51 franche
661 3053 50 37 et
754 3039 335 65 quelquefois
1132 3038 221 56 brutale,
1403 3055 100 34 une
1548 3037 278 65 simplicité
1873 3039 94 63 qui
2013 3039 134 50 n'est
2197 3056 94 46 pas

257 3138 240 51 exempte
527 3126 61 53 de
613 3126 229 63 quelque
870 3124 285 56 sécheresse,
1187 3123 131 51 mais
1346 3124 91 63 qui
1468 3137 73 37 est
1569 3137 259 37 rarement
1859 3141 119 34 sans
2005 3124 281 64 grandeur.

257 3208 322 52 Considérez
612 3208 352 65 aujourd'hui
995 3209 50 51 la
1078 3208 179 64 façade
1291 3207 159 51 d'une
1482 3206 225 58 maison,
1743 3207 50 51 la
1828 3207 293 56 devanture
2156 3208 132 51 d'un

257 3296 254 63 magasin,
537 3296 70 51 les
630 3295 246 52 éléments
899 3295 131 52 d'un
1052 3293 260 56 mobilier,
1339 3295 49 49 la
1413 3306 268 51 maquette
1705 3295 132 49 d'un
1865 3293 153 52 décor
2043 3296 61 51 de
2129 3293 158 54 scène,

256 3397 136 33 vous
412 3380 315 50 discernerez
749 3397 72 33 un
843 3380 165 50 effort
1028 3380 61 54 de
1111 3377 274 65 simplicité
1408 3378 131 51 dans
1560 3378 70 50 les
1652 3377 250 64 lignes,de
1925 3378 364 52 construction

256 3467 131 50 dans
409 3467 69 50 les
499 3467 170 62 plans.
694 3466 74 51 Le
790 3466 132 63 style
942 3465 249 52 moderne
1215 3483 47 33 se
1285 3462 190 54 définit
1499 3463 27 51 à
1550 3480 99 36 nos
1672 3463 186 65 esprits
1883 3483 61 33 en
1971 3465 320 64 s'imposant
