2667 3891
1921 331 65 71 N
2051 328 65 72 U
2182 328 130 71 M.
2417 323 64 71 7

1185 337 356 74 VOL.
1648 334 114 73 5.

303 348 176 74 LA
598 342 433 75 CITE.

185 3727 179 75 138

301 624 30 32 »
377 604 211 52 linéaire
622 600 93 65 qui
750 597 160 56 avait,
948 593 343 66 jusqu'alors,
1332 590 112 52 aidé
1479 590 71 49 les
1586 604 220 47 organes
1842 585 426 50 architecturaux
2306 581 27 48 à

301 710 30 32 »
377 687 523 64 Taccomplissement
926 682 59 51 de
1012 678 274 53 fonctions
1312 676 110 65 qui,
1454 691 118 34 sans
1599 691 96 33 son
1723 671 377 53 intervention,
2135 680 204 39 eussent

306 794 30 32 »
382 792 133 47 paru
546 774 118 49 bien
696 767 209 54 au-delà
937 767 60 51 de
1028 764 136 52 leurs
1194 762 166 52 forces
1394 780 48 32 ».

456 870 231 52 N'est-ce
717 884 94 47 pas
840 865 50 51 la
922 860 420 55 condamnation
1376 874 295 48 vengeresse
1704 856 72 51 du
1808 852 243 53 mauvais
2084 852 160 63 esprit
2276 849 61 50 de

305 971 147 39 toute
487 974 30 32 «
546 952 301 66 stylisation
877 950 63 51 »?
971 949 71 51 Et
1068 948 213 53 n'est-ce
1307 945 175 65 point,
1511 960 97 47 par
1634 940 339 64 conséquent,
2001 939 52 51 la
2083 936 216 51 condam-

301 1042 188 52 nation
517 1057 118 34 sans
664 1037 154 64 appel
844 1035 62 51 de
936 1048 122 37 tous
1086 1049 74 35 ces
1199 1049 30 32 «
1262 1030 311 64 batiqueurs
1604 1047 30 32 »
1665 1040 49 37 et
1751 1044 31 32 «
1813 1024 338 65 batiqueuses
2180 1040 30 32 »
2240 1020 97 65 qui

302 1126 268 66 pullulent
602 1123 129 51 dans
763 1134 124 39 tous
918 1120 71 50 les
1022 1118 198 51 recoins
1252 1115 88 52 des
1371 1113 438 65 compartiments
1840 1109 173 64 belges
2047 1109 27 51 à
2107 1106 198 64 l'Expo-

303 1213 160 51 sition
495 1212 61 49 de
584 1209 161 51 Paris.
779 1207 234 51 N'est-ce
1045 1222 94 47 pas
1171 1204 137 50 aussi
1338 1202 50 51 la
1420 1202 125 49 mise
1578 1200 27 50 à
1635 1198 220 56 l'index,
1892 1211 165 36 avant
2086 1195 51 51 la
2168 1195 167 54 lettre,

299 1298 61 51 de
388 1308 173 40 toutes
589 1311 75 33 ces
689 1292 162 52 écoles
877 1288 426 55 d'amateurisme
1332 1286 222 64 intégral
1583 1298 49 41 et
1662 1283 338 65 d'ignorance
2029 1277 275 67 encyclopé-

299 1383 172 64 dique,
509 1397 105 35 aux
651 1377 276 53 méthodes
961 1373 394 67 pédagogiques
1389 1371 290 56 infantiles,
1719 1369 73 51 où
1827 1367 115 52 l'on
1977 1366 196 53 cultive
2208 1364 126 52 chez

301 1484 217 48 garçons
542 1477 50 38 et
616 1463 138 51 filles
778 1463 88 51 des
900 1462 233 51 «talents
1157 1460 61 50 de
1246 1456 334 54 demoiselle»
1606 1454 146 53 basés
1779 1472 90 33 sur
1893 1466 130 38 cette
2049 1449 285 55 absurdité,

301 1565 127 38 cette
454 1550 225 52 maladie
706 1547 301 54 infectieuse
1033 1546 61 51 de
1120 1546 123 51 l'art
1270 1541 252 66 appliqué
1549 1559 102 47 que
1676 1541 114 51 l'on
1820 1537 204 66 appelle
2049 1538 51 51 la
2128 1536 184 66 stylisa-

302 1637 132 55 tion,
475 1649 48 37 et
560 1634 94 64 qui
693 1632 250 66 provient
980 1631 161 53 d'une
1181 1640 136 41 sotte
1356 1625 499 64 incompréhension
1896 1625 72 50 du
2008 1620 331 67 phénomène

298 1720 306 65 esthétique,
637 1719 423 63 soigneusement
1091 1726 301 41 entretenue
1526 1729 181 34 encore
1737 1724 50 38 et
1817 1708 253 64 toujours
2207 1707 131 51 dans

299 1808 45 50 le
367 1806 249 52 bouillon
641 1805 62 55 de
727 1804 205 51 culture
957 1802 74 51 du
1055 1801 149 52 virus
1237 1819 30 32 «
1298 1797 255 55 décoratif
1582 1816 31 33 »
1641 1797 61 51 de
1727 1797 51 51 la
1802 1794 362 57 Renaissance,
2192 1792 147 52 virus

298 1890 300 58 semblable,
628 1890 74 51 du
731 1900 144 43 reste,
905 1888 28 50 à
961 1904 131 34 ceux
1120 1886 62 54 de
1210 1896 175 40 toutes
1413 1885 70 50 les
1510 1882 231 65 époques
1769 1881 61 51 de
1858 1880 279 52 décadence
2166 1894 50 37 et
2241 1877 96 66 qui

298 1990 99 39 ont
430 1975 162 65 rongé
622 1975 136 65 petit
790 1974 28 51 à
849 1974 151 63 petit,
1037 1987 50 36 et
1119 1971 125 51 chez
1276 1971 71 50 les
1378 1969 174 56 Grecs,
1586 1982 49 38 et
1670 1968 125 52 chez
1826 1968 71 50 les
1930 1966 301 65 gothiques,
2267 1965 71 51 les

297 2062 166 52 saines
495 2073 302 39 structures.
833 2058 73 53 Ce
938 2058 94 64 qui
1067 2054 301 66 n'empêche
1399 2072 102 47 que
1533 2053 354 56 maintenant,
1922 2068 72 35 on
2029 2049 308 53 administre

297 2159 223 52 partout
548 2158 130 38 cette
706 2144 141 52 sanie
876 2159 204 36 comme
1108 2161 74 31 un
1211 2158 172 47 germe
1412 2139 286 52 soi-disant
1728 2138 61 56 de
1821 2136 328 53 renouveau!

457 2243 99 51 Ces
594 2241 282 53 directions
914 2239 61 52 de
1014 2239 122 51 l'art
1174 2237 258 52 décoratif
1469 2249 51 39 et
1557 2234 279 51 industriel
1876 2233 62 52 de
1976 2233 49 51 la
2065 2230 273 51 deuxième

298 2328 212 65 période
553 2346 14 33 :
608 2340 122 38 art
799 2323 553 53 monumental
1425 2322 161 51 d'une
1622 2332 138 52 part,
1835 2317 500 67 stylisation

298 2415 206 52 d'autre
529 2426 139 52 part,
698 2425 125 38 sont
849 2427 121 35 sans
997 2410 150 50 issue.
1180 2408 139 52 Elles
1347 2420 125 38 sont
1498 2404 300 65 incapables
1825 2404 62 54 de
1917 2403 218 65 déposer
2164 2418 173 36 aucun

299 2500 244 50 alluvion
578 2498 172 51 fertile
792 2515 13 32 :
844 2514 140 34 nous
1017 2514 63 33 ne
1116 2511 255 48 pouvons
1404 2493 137 51 donc
1577 2491 160 66 point
1774 2491 188 51 retenir
1996 2490 74 52 les
2104 2488 198 65 produc-

301 2586 142 50 tions
472 2585 94 63 qui
595 2601 63 33 en
689 2582 301 65 procèdent,
1025 2581 26 51 à
1083 2580 169 52 l'actif
1285 2580 61 50 de
1378 2578 238 65 l'apport
1644 2577 148 65 belge
1823 2594 68 33 au
1921 2575 323 66 patrimoine
2277 2575 61 50 de

299 2669 124 50 l'art
447 2669 250 50 moderne
722 2666 261 65 européen
1011 2677 66 44 et,
1106 2683 141 41 pour
1271 2683 65 35 ne
1361 2662 159 65 point
1547 2662 69 51 les
1644 2661 247 52 attrister,
1921 2677 139 35 nous
2088 2677 63 33 ne
2180 2676 118 34 nom-

301 2771 209 35 merons
543 2770 96 47 pas
672 2752 123 65 plus
830 2752 71 51 les
937 2750 204 52 artistes
1176 2750 95 63 qui
1305 2749 71 52 les
1412 2746 349 57 enfantèrent,
1799 2764 102 47 que
1936 2763 139 34 nous
2108 2744 230 52 n'avons

301 2839 213 52 nommé
545 2840 71 50 les
646 2837 300 53 architectes
975 2834 460 66 correspondants,
1470 2853 63 34 en
1563 2846 130 38 cette
1724 2832 218 52 seconde
1971 2830 230 66 période,
2234 2848 103 48 que

301 2924 294 56 dominent,
950 2940 82 36 rat
1121 2923 17 52 i
1195 2933 186 42 nantes
1608 2923 57 52 in
1757 2920 211 65 gutgite
2218 2930 121 41 vasto
1450 2937 97 47 par
1567 2918 240 64 l'apport
1827 2916 327 65 intrinsèque
2175 2915 163 66 qu'ils

301 3022 96 38 ont
437 3009 101 51 fait
575 3027 66 33 au
679 3008 325 64 patrimoine
1041 3006 61 51 de
1139 3006 124 51 l'art
1301 3005 162 64 belge,
1503 3004 70 52 les
1611 3003 239 57 Bodson,
1892 3003 71 50 les
2000 3001 222 65 Pompe,
2264 3003 71 49 les

302 3093 232 65 Sneyers,
561 3093 71 51 les
654 3093 128 51 Van
805 3091 212 59 Huffel,
1045 3091 72 51 les
1138 3090 83 52 De
1243 3089 253 57 Praetere,
1521 3089 95 65 qui
1641 3088 182 52 furent
1850 3088 88 52 des
1963 3086 300 52 architectes
2287 3098 50 39 et

301 3178 223 51 artisans
545 3178 138 51 d'art
707 3177 391 64 authentiques,
1124 3193 120 34 eux.

454 3263 85 51 En
562 3281 217 38 somme,
804 3263 224 52 nombre
1049 3262 232 50 d'autres
1304 3260 203 52 artistes
1529 3262 62 50 de
1610 3273 130 38 cette
1761 3255 306 69 génération
2090 3273 99 38 ont
2212 3258 121 52 bien

301 3348 241 51 souhaité
566 3348 130 52 faire
722 3348 228 65 quelque
976 3347 154 52 chose
1157 3347 62 52 de
1244 3345 146 58 neuf,
1420 3347 123 63 plus
1568 3363 74 35 ou
1668 3343 194 58 moins,
1891 3344 133 52 mais
2051 3345 65 51 ils
2141 3343 196 52 étaient

299 3451 158 33 mous
481 3446 48 38 et
551 3433 197 65 malgré
771 3451 97 34 son
891 3451 123 33 vœu
1039 3432 214 52 louable
1279 3431 227 52 d'union
1533 3432 86 51 des
1644 3445 107 38 arts
1776 3431 134 52 dans
1933 3429 398 56 l'architecture,

302 3530 128 40 cette
461 3517 211 65 période
701 3518 89 52 n'a
820 3536 111 46 pas,
964 3536 204 34 comme
1199 3518 92 52 elle
1321 3517 71 52 l'a
1423 3535 106 39 cru,
1563 3536 72 33 ou
1668 3535 204 34 comme
1902 3516 94 53 elle
2028 3535 28 33 a
2086 3517 172 51 voulu
2290 3516 47 50 le
