2667 3891
2372 3612 145 73 117

312 1088 747 81 L'EXPOSITION
1100 1105 172 61 DES
1305 1095 285 76 ARTS
1653 1080 719 91 DÉCORATIFS

312 1220 158 76 ET
556 1222 940 81 INDUSTRIELS
1585 1227 787 76 MODERNES

967 1362 69 74 A
1196 1362 518 79 PARIS

668 1509 87 58 Le
800 1510 246 59 Procès
1087 1512 84 57 de
1214 1512 59 57 la
1317 1513 447 70 Participation
1814 1514 220 71 Belge.

1194 1659 296 58 Editorial

475 1815 44 51 Il
547 1830 76 39 est
650 1815 225 55 difficile
900 1818 61 52 de
988 1816 206 66 prédire
1216 1818 199 64 quelles
1440 1834 178 37 seront
1646 1820 71 52 les
1742 1819 382 66 conséquences
2152 1822 63 50 de
2243 1820 99 50 Fex-

311 1902 241 63 position
581 1902 61 50 de
670 1900 165 54 Paris.

472 1988 338 52 Devra-t-on
834 1989 51 51 la
907 1989 294 52 considérer
1323 1990 72 52 du
1420 1990 176 52 moins
1618 2008 142 48 pour
1783 1993 72 51 les
1878 1990 164 54 latins
2166 2008 209 36 comme

315 2091 73 34 un
411 2073 189 65 départ
621 2074 235 52 concerté
880 2092 114 34 vers
1014 2076 51 50 la
1089 2076 265 52 recherche
1375 2076 160 52 d'une
1557 2076 174 52 forme
1754 2077 95 65 qui
1873 2077 107 52 soit
2001 2077 370 65 l'expression,

316 2177 196 47 propre
546 2161 28 50 à
611 2159 265 66 l'époque,
914 2162 64 52 de
1012 2162 49 51 la
1098 2162 285 52 sensibilité
1420 2162 464 66 contemporaine?
1924 2163 94 52 Ou
2056 2163 319 52 faudra-t-il

315 2247 308 63 enregistrer
659 2265 103 35 une
797 2247 233 52 réaction
1065 2247 303 53 misonéiste
1401 2248 330 52 consécutive
1766 2250 28 50 à
1834 2267 75 35 un
1944 2248 149 54 échec
2127 2248 246 54 éventuel

316 2333 62 51 de
410 2333 49 51 la
494 2332 432 53 démonstration
959 2333 199 54 tentée?

479 2418 148 65 Quoi
661 2418 136 66 qu'il
830 2437 65 33 en
931 2420 122 56 soit,
1088 2420 37 52 il
1159 2434 74 38 est
1266 2420 194 64 permis
1495 2420 170 52 d'ores
1698 2434 51 38 et
1780 2418 120 66 déjà
1934 2420 306 53 d'affirmer
2273 2439 104 47 que

317 2505 351 65 l'exposition
694 2506 63 52 de
781 2506 150 51 Paris
957 2524 64 34 ne
1045 2520 131 52 peut
1202 2524 63 34 en
1291 2524 201 34 aucune
1517 2506 160 65 façon
1705 2524 49 34 se
1779 2524 260 48 proposer
2065 2525 209 37 comme
2302 2524 74 35 un

317 2591 149 52 bilan
491 2592 62 51 de
576 2591 211 53 l'effort
809 2592 270 58 moderne,
1106 2610 62 34 en
1196 2591 145 66 dépit
1366 2592 61 52 de
1453 2610 52 33 sa
1529 2591 305 66 prétention
1862 2592 29 51 à
1916 2592 106 52 être
2050 2610 102 34 une
2179 2592 199 65 riposte

321 2690 27 51 à
373 2690 352 65 l'exposition
753 2690 74 52 du
849 2690 327 54 Werkbund
1202 2690 267 54 allemand
1497 2704 155 38 tenue
1677 2690 28 52 à
1735 2690 247 65 Cologne
2008 2708 63 34 en
2108 2708 165 47 1914.

480 2777 159 52 Tout
664 2777 246 58 d'abord,
941 2778 35 51 il
1007 2794 34 47 y
1070 2791 89 38 eut
1186 2778 62 51 de
1275 2777 221 66 grandes
1524 2778 209 49 lacunes
1763 2777 134 50 dans
1924 2778 51 51 la
2003 2777 377 52 mobilisation

319 2863 87 51 des
434 2863 234 57 nations,
701 2864 226 64 laquelle
956 2863 174 53 aurait
1159 2863 74 52 dû
1265 2864 103 51 être
1397 2862 232 66 générale
1660 2881 120 33 sans
1811 2863 316 58 restriction,
2161 2878 50 38 et
2243 2864 108 51 l'ab-

320 2948 236 52 stention
592 2949 62 51 de
687 2948 374 66 l'Allemagne,
1100 2948 351 65 conséquence
1488 2948 160 52 d'une
1684 2947 297 53 invitation
2020 2948 361 53 tardivement

319 3036 146 57 faite,
499 3036 134 50 n'est
664 3053 96 47 pas
792 3037 51 51 la
875 3036 246 52 moindre
1152 3036 62 53 de
1244 3053 77 35 ces
1352 3036 224 52 lacunes.

482 3132 230 52 D'autre
752 3146 141 52 part,
934 3131 242 66 l'inégale
1215 3132 252 52 maturité
1517 3150 31 33 «
1591 3131 325 53 moderniste
1962 3151 30 33 »
2037 3132 89 53 des
2166 3132 218 66 peuples

325 3219 312 53 confrontés
669 3238 27 33 a
729 3219 77 53 été
837 3220 50 52 la
920 3238 150 34 cause
1102 3220 423 64 psychologique
1557 3219 272 65 profonde
1864 3220 164 52 d'une
2061 3219 323 65 incomplète

334 3452 126 74 LA
569 3438 275 89 CITÉ.

1697 3450 305 76 AOUT
2104 3452 281 74 1925.
