2667 3891
297 222 176 71 LA
582 217 437 76 CITE.

1174 214 355 74 VOL.
1633 212 112 76 5.

1915 209 399 76 NUM.
2416 208 63 72 7

192 3578 181 73 128

296 477 174 50 dition
494 473 287 67 spirituelle
804 469 250 65 intégrale
1078 469 61 55 de
1164 485 97 35 son
1283 468 190 64 peuple
1498 480 48 37 et
1570 465 305 64 l'exprimer
1898 482 62 34 en
1985 464 87 52 des
2097 464 235 65 rythmes

295 559 236 53 accordés
558 576 89 34 sur
672 557 130 52 celui
831 557 61 50 de
921 555 50 51 la
1000 554 81 52 vie
1110 553 233 57 actuelle,
1374 569 83 35 car
1486 552 81 52 s'il
1597 550 103 51 alla
1729 550 284 51 demander
2044 549 86 51 des
2158 549 174 63 leçons

296 663 66 32 au
396 644 206 64 Moyen
639 642 105 64 âge,
784 658 49 33 ce
868 639 183 51 furent
1086 638 86 52 des
1207 638 172 65 leçons
1416 634 341 53 d'honnêteté
1792 633 355 53 constructive
2185 647 49 38 et
2271 633 61 51 de

296 729 291 52 conscience
612 727 251 53 unanime
885 726 135 64 qu'il
1045 742 35 47 y
1104 724 199 51 voulut
1329 723 291 52 rechercher
1644 736 48 38 et
1717 739 112 34 non
1856 717 158 68 point
2042 737 75 34 un
2141 717 159 66 mysti-

297 814 154 51 cisme
480 811 412 53 conventionnel
924 809 94 65 qui
1048 827 64 33 ne
1142 808 155 52 serait
1327 809 124 64 plus
1482 808 131 51 dans
1641 808 46 53 le
1717 823 154 35 cœur.
1907 806 86 55 Et,
2027 802 62 53 de
2120 804 137 64 plus,
2294 803 41 51 si

299 900 111 52 l'on
440 912 125 38 veut
596 911 178 38 tresser
803 913 100 35 une
931 894 261 52 tradition
1219 912 186 40 neuve,
1435 894 37 51 il
1500 907 75 38 est
1602 892 123 52 clair
1753 891 134 66 qu'il
1915 891 122 52 faut
2064 906 231 35 commen-

300 1002 79 35 cer
403 1002 96 46 par
529 983 71 51 où
629 982 117 51 elles
772 995 99 38 ont
899 980 298 52 commencé
1227 993 177 39 toutes
1440 999 12 31 :
1486 980 102 50 être
1617 991 278 52 purement
1923 974 334 54 constructif.
2291 976 45 49 Il

295 1082 75 38 est
410 1068 337 64 simplement
789 1065 201 52 insensé
1031 1065 63 52 de
1136 1065 216 52 vouloir
1395 1063 178 52 brûler
1617 1063 85 51 des
1745 1061 173 65 étapes
1961 1061 94 63 qui
2100 1071 233 53 peuvent

299 1154 284 52 demander
611 1152 85 52 des
723 1151 184 56 siècles,
938 1151 59 52 de
1025 1150 170 52 s'aller
1222 1167 166 47 noyer
1414 1147 472 53 inconsidérément
1915 1147 132 52 dans
2074 1147 45 51 le
2144 1145 194 53 marais

297 1240 160 51 d'une
483 1239 263 52 débauche
771 1236 358 53 ornementale
1157 1237 41 50 si
1223 1235 296 66 ingénieuse
1546 1235 190 65 qu'elle
1760 1235 173 63 puisse
1959 1234 120 58 être,
2107 1232 144 64 signe
2276 1231 62 51 de

296 1336 175 38 toutes
503 1324 71 50 les
607 1321 305 52 décadences
944 1335 49 38 et
1024 1321 94 65 qui
1152 1339 48 33 se
1235 1321 232 51 rattache
1500 1338 108 33 aux
1641 1319 186 64 épaves
1858 1317 61 54 de
1951 1319 51 50 la
2034 1316 190 52 faillite
2258 1317 74 51 du

299 1409 144 65 passé
473 1409 122 51 bien
626 1408 124 64 plus
780 1408 191 64 qu'elle
1002 1408 225 50 n'ouvre
1260 1406 86 51 des
1379 1405 144 52 voies
1553 1405 287 52 nouvelles.

460 1589 344 57 HANKAR,
846 1588 292 57 HORTA,
1178 1588 167 51 VAN
1382 1587 102 52 DE
1520 1585 256 52 VELDE
1815 1598 123 38 sont
1975 1581 71 54 les
2082 1593 224 53 protago-

296 1675 160 51 nistes
493 1673 406 52 incontestables
936 1673 61 52 de
1034 1673 132 63 l'âge
1203 1672 254 64 héroïque
1495 1670 62 56 de
1594 1668 381 53 l'architecture
2013 1667 320 53 moderniste

297 1761 162 63 belge.

456 1843 328 53 HANKAR
813 1856 74 38 est
915 1857 144 37 mort
1090 1856 123 51 trop
1241 1842 171 63 jeune,
1447 1855 164 38 avant
1641 1839 208 52 d'avoir
1880 1857 75 46 pu
1987 1851 217 38 trouver
2234 1853 101 35 une

300 1929 302 65 expression
639 1928 241 52 formelle
916 1927 277 55 définitive
1226 1945 141 47 pour
1402 1943 52 35 sa
1491 1924 374 65 personnalité,
1903 1938 48 38 et
1987 1924 94 63 qui
2117 1921 186 67 synthé-

300 2015 123 50 tisât
450 2015 71 50 les
549 2013 185 52 vérités
764 2012 289 66 plastiques
1080 2011 265 52 éternelles
1374 2011 287 52 retombées
1691 2011 132 52 dans
1852 2008 208 54 l'oubli.
2094 2008 211 52 Pressen-

301 2112 116 38 tant
464 2098 214 64 qu'elles
727 2098 214 51 allaient
988 2096 183 53 devoir
1217 2096 103 52 être
1369 2095 388 53 redécouvertes
1802 2093 226 56 bientôt,
2078 2093 38 51 il
2166 2092 171 52 s'était

297 2183 169 51 élancé
515 2183 26 51 à
590 2183 113 51 leur
748 2182 262 52 recherche
1057 2182 132 52 dans
1237 2182 71 51 les
1358 2181 171 52 divers
1578 2181 274 52 domaines
1900 2178 358 52 ressortissant
2308 2178 28 51 à

296 2269 388 53 l'architecture,
723 2267 133 65 qu'il
884 2267 217 52 invitait
1129 2267 27 51 à
1184 2266 244 65 explorer
1453 2266 27 52 à
1508 2283 266 40 nouveau,
1804 2279 49 42 et
1879 2265 38 52 il
1945 2283 28 33 a
1998 2263 127 65 joué
2150 2262 186 68 plutôt

300 2355 44 49 le
381 2354 107 50 rôle
523 2354 131 50 d'un
691 2352 259 51 éclaireur.

459 2439 291 56 HORTA,
802 2437 270 65 puissante
1119 2436 357 66 personnalité
1524 2435 417 57 individualiste,
1993 2436 70 51 l'a
2111 2434 230 53 traduite

304 2525 131 51 dans
464 2542 101 33 une
593 2524 140 63 ligne
761 2524 137 51 dont
926 2524 36 51 il
993 2523 308 66 poursuivit
1332 2537 50 38 et
1410 2521 179 65 épuisa
1620 2521 321 52 l'évolution
1971 2538 120 35 avec
2122 2520 219 53 ténacité

304 2623 48 37 et
385 2608 166 52 succès
584 2609 61 51 de
678 2608 226 52 carrière.

459 2693 167 52 VAN
650 2693 102 52 DE
779 2693 274 58 VELDE,
1081 2691 286 65 préoccupé
1393 2690 432 54 essentiellement
1851 2691 137 51 aussi
2017 2691 61 51 de
2105 2691 50 51 la
2181 2690 156 64 ligne,

303 2794 49 35 se
376 2777 217 52 détacha
616 2778 74 51 du
715 2796 201 47 groupe
939 2796 98 45 par
1058 2778 46 51 le
1125 2777 103 52 fait
1252 2777 61 52 de
1338 2777 375 52 circonstances
1736 2775 94 65 qui
1857 2777 44 50 le
1927 2775 361 54 conduisirent
2313 2775 28 51 à

301 2862 205 52 s'exiler
526 2863 61 51 de
607 2879 97 35 son
724 2881 150 47 pays,
897 2862 188 64 lequel,
1109 2879 49 35 se
1179 2860 400 54 désintéressant
1602 2879 67 33 au
1691 2860 138 52 fond
1851 2860 61 52 de
1933 2878 75 34 ses
2032 2862 304 56 recherches,

301 2966 64 33 ne
399 2948 78 51 lui
510 2949 303 64 permettait
845 2966 96 48 pas
977 2948 91 65 d'y
1104 2961 218 38 trouver
1355 2947 281 52 l'occasion
1674 2947 61 52 de
1773 2945 202 54 réaliser
2009 2965 98 34 son
2143 2965 192 34 œuvre.

304 3033 68 50 Et
405 3050 31 33 «
463 3033 184 64 quand
667 3033 36 51 il
727 3033 184 51 devint
932 3033 46 51 le
1000 3033 189 51 maître
1213 3032 62 51 de
1298 3050 54 33 sa
1376 3032 172 51 forme
1594 3050 29 33 »
1653 3048 73 35 un
1750 3032 131 65 long
1904 3031 178 66 séjour
2106 3050 62 34 en
2192 3031 117 53 Alle-

300 3135 189 45 magne
537 3118 112 52 loin
697 3118 61 52 de
818 3137 31 32 «
902 3117 193 52 l'avoir
1143 3117 163 52 écarté
1354 3118 62 51 de
1465 3135 97 33 nos
1614 3117 286 52 traditions
1951 3136 30 34 »
2032 3117 308 52 l'avait

304 3203 448 64 rapproché
795 3205 127 49 des
967 3202 466 52 traditions
1479 3203 506 52 universelles
2031 3203 77 52 de
2155 3203 148 52 l'ar-

305 3287 475 57 chitecture,
840 3306 61 34 en
957 3288 47 51 le
1058 3287 227 65 gardant
1341 3287 74 52 du
1471 3287 195 64 danger
1721 3287 61 52 de
1837 3301 153 39 rester
2045 3287 298 65 prisonnier

304 3372 161 51 d'une
485 3373 313 62 conception
818 3372 335 52 étroitement
1175 3372 262 63 régionale
1457 3386 49 40 et
1527 3372 354 63 mensongère,
1907 3373 60 53 de
1989 3373 50 53 la
2063 3372 275 56 tradition,
