3091 4371
2181 371 310 54 TEK
2571 371 59 54 H
2708 371 60 54 N
2848 372 46 54 E

420 3799 156 55 186

421 511 351 44 OSTENDE

422 653 330 43 TRAVAUX
777 654 86 41 ET
891 654 569 44 CONSTRUCTIONS.

490 739 422 47 L'administration
939 743 282 40 communale
1251 757 37 26 se
1316 755 188 38 propose
1536 740 50 41 de

422 800 107 42 faire
558 800 168 43 réaliser
752 802 337 42 incessamment
1120 802 140 41 divers
1287 814 188 29 travaux
1501 816 56 37 pu-

421 862 110 42 blics
561 878 10 25 :

498 938 36 27 1.
574 924 120 40 Pour
728 939 60 26 un
820 939 153 39 garage
1004 925 256 40 communal
1293 937 102 28 sont
1427 922 158 53 prévus

424 999 213 38 400.000
670 985 159 43 francs.

494 1061 37 26 2.
574 1046 120 41 Pour
722 1048 39 40 la
786 1046 303 43 construction
1118 1047 109 40 d'un
1254 1046 145 41 bassin
1430 1047 50 40 de
1507 1059 52 26 na-

421 1108 146 42 tation
587 1120 182 30 couvert
790 1121 39 30 et
854 1110 131 40 d'une
1008 1108 238 41 buanderie
1270 1106 231 54 populaire
1525 1120 60 30 est

421 1169 137 52 prévu
597 1185 59 26 un
694 1170 185 52 premier
915 1169 136 42 crédit
1087 1169 49 42 de
1180 1183 207 40 150,000
1423 1167 160 42 francs.

493 1257 39 38 3.
574 1242 122 42 Pour
719 1245 38 40 la
784 1243 289 42 restauration
1101 1242 58 41 du
1187 1256 113 38 pont
1324 1242 50 40 de
1397 1242 162 52 prolon-

423 1315 176 41 gement
632 1305 49 40 de
716 1305 198 40 l'avenue
947 1305 49 39 de
1030 1305 39 40 la
1105 1303 149 46 Reine,
1292 1315 102 28 sont
1427 1301 159 54 prévus

425 1365 213 54 815,000
671 1365 159 43 francs.

492 1442 42 37 4.
575 1426 121 41 Pour
720 1424 315 56 l'équipement
1056 1424 228 55 électrique
1308 1425 59 41 du
1393 1423 193 43 matériel

424 1488 59 40 du
517 1499 102 41 port
652 1502 60 29 est
742 1487 157 53 prévue
931 1502 83 26 une
1046 1486 181 53 dépense
1261 1486 49 41 de
1354 1501 12 26 1
1406 1485 178 42 million

425 1564 213 38 500.000
670 1549 158 42 francs.

494 1626 41 38 5.
576 1610 120 41 Pour
766 1611 71 40 des
905 1622 187 29 travaux
1161 1608 424 53 d'agrandissement

423 1672 184 43 d'écoles
635 1684 101 29 sont
763 1671 157 52 prévus
953 1684 211 39 790,000
1195 1669 160 43 francs.

423 1930 512 78 Etranger

423 2095 493 46 ANNIVERSAIRE.

486 2181 34 43 L
544 2183 193 40 éminent
759 2181 226 43 architecte
1008 2182 44 41 D
1058 2188 13 16 r
1090 2181 136 43 H.-P.
1255 2181 176 54 Berlage
1454 2197 21 25 a
1500 2179 86 42 fêté

425 2258 79 27 son
539 2259 55 39 75
603 2251 14 16 e
646 2244 305 41 anniversaire.
986 2244 57 40 Le
1074 2243 42 41 D
1124 2250 12 15 r
1166 2242 178 53 Berlage
1376 2254 59 29 est
1467 2242 51 41 né
1549 2241 35 40 le

429 2320 51 26 21
517 2305 155 41 février
707 2305 136 54 1856.

422 2558 426 44 NECROLOGIE.

490 2644 129 42 Nous
645 2659 249 37 apprenons
920 2644 35 41 le
982 2643 116 41 décès
1122 2644 49 40 de
1197 2643 261 41 l'architecte
1484 2642 76 41 hol-

425 2706 171 41 landais
620 2706 100 41 bien
743 2720 146 27 connu
916 2705 92 42 Th.
1038 2705 103 41 Van
1166 2704 248 53 Doesburg,
1444 2703 139 53 lequel

423 2767 72 42 fut
519 2782 60 26 un
603 2767 71 40 des
701 2766 261 43 fondateurs
985 2767 57 40 du
1068 2780 167 40 groupe
1259 2765 65 41 De
1349 2764 110 52 Styl.

493 2840 103 41 Van
634 2839 234 54 Doesburg
904 2854 61 30 est
1002 2851 118 30 mort
1158 2839 21 40 à
1215 2838 135 43 Paris,
1392 2850 133 40 ayant
1563 2835 21 40 à

423 2902 124 52 peine
574 2900 173 54 dépassé
774 2901 37 40 la
839 2900 304 55 quarantaine.

418 3156 295 43 CONGRES
736 3154 550 44 INTERNATIONAL
1311 3154 81 41 DE
1416 3151 135 44 L'HA-

423 3217 341 42 BITATION,
799 3216 42 41 A
872 3216 230 42 BERLIN
1136 3216 100 54 (1-5
1270 3215 98 51 juin
1413 3213 171 54 1931).

491 3292 63 41 La
589 3290 283 53 préparation
911 3290 50 40 de
992 3304 42 26 ce
1070 3288 199 54 Congrès
1305 3304 38 26 se
1378 3287 206 53 poursuit

421 3353 267 41 activement
690 3385 8 8 .
731 3351 102 52 Sept
860 3351 292 52 importantes
1178 3349 300 54 publications
1507 3362 52 39 pa-

424 3415 192 41 raîtront
650 3412 357 43 successivement
1043 3423 38 30 et
1116 3411 233 42 traiteront
1385 3410 70 42 des
1490 3409 71 42 thè-

425 3491 87 28 mes
549 3474 196 42 discutés.

489 3537 258 52 Rappelons
777 3550 84 39 que
888 3533 396 45 l'administration
1315 3534 49 40 de
1391 3548 41 25 ce
1460 3532 93 41 Con-

423 3598 92 54 grès
554 3597 107 53 siège
701 3598 21 40 à
764 3593 505 49 Francfort-sur-Main,
1318 3609 72 39 27,
1434 3593 150 41 Hansa

422 3660 137 39 Allee.

1734 509 1160 116 CONCOURS

1734 706 92 40 UN
1851 705 251 42 SECOND
2126 704 347 43 CONCOURS
2498 718 113 39 pour
2634 703 236 54 l'aménage-

1736 779 120 29 ment
1893 767 221 44 rationnel
2149 779 38 29 et
2222 765 241 54 esthétique
2498 766 72 41 des
2602 765 272 42 toitures-ter-

1736 844 129 25 rasses
1899 828 121 41 vient
2052 828 133 41 d'être
2218 826 199 55 organisé
2449 842 77 38 par
2559 827 37 41 la
2629 826 163 42 Société
2825 826 71 41 des

1735 890 269 41 Architectes
2046 888 238 42 Modernes
2324 890 50 40 de
2413 889 174 40 France.

1802 951 61 41 Ce
1888 965 212 28 concours
2127 963 59 29 est
2211 962 157 29 ouvert
2394 951 21 39 à
2441 960 99 31 tous
2566 950 57 41 les
2649 948 247 43 architectes

1734 1027 99 26 sans
1863 1012 260 42 distinction
2152 1012 124 53 d'âge
2307 1011 44 41 ni
2381 1011 49 41 de
2458 1009 275 43 nationalité.

1801 1074 58 40 Le
1879 1074 117 51 jury,
2022 1074 112 40 dont
2156 1072 103 43 font
2279 1073 139 52 partie
2439 1070 127 43 MM.
2592 1071 160 46 Perret,
2777 1070 90 42 Châ-

1736 1150 112 28 teau,
1893 1135 209 52 Sauvage,
2143 1132 381 51 Mallet-Stevens,
2567 1143 91 35 etc.,
2702 1146 59 31 est
2801 1131 72 52 pré-

1735 1196 88 41 sidé
1851 1211 77 37 par
1959 1196 45 41 F.
2037 1195 234 42 Jourdain.

1801 1257 120 41 Pour
1949 1268 100 30 tous
2077 1256 381 53 renseignements,
2489 1256 225 40 s'adresser
2742 1270 54 25 au
2825 1253 48 41 Se-

1733 1319 201 43 crétariat
1963 1319 49 41 de
2044 1319 38 41 la
2114 1317 164 42 Société
2310 1318 70 40 des
2412 1317 268 41 Architectes
2711 1315 155 42 Moder-

1735 1395 86 29 nes,
1858 1395 107 38 251,
1996 1379 243 42 boulevard
2272 1378 195 52 Raspail,
2497 1378 123 41 Paris
2648 1410 10 9 .

1733 1562 327 44 PROVINCE
2087 1562 81 42 DE
2196 1561 327 45 BRABANT.

1734 1660 290 50 Programme
2065 1659 73 43 des
2177 1672 215 29 concours
2431 1657 205 52 spéciaux
2676 1656 158 51 prévus
2875 1656 23 39 à

1734 1722 183 42 Varticle
1952 1722 52 40 16
2036 1722 61 40 du
2126 1721 238 52 règlement
2394 1721 50 40 de
2474 1719 290 52 l'exposition
2793 1732 78 40 pro-

1734 1782 184 43 vinciale
1951 1782 137 42 d'arts
2121 1781 235 42 décoratifs
2389 1779 252 54 populaires
2676 1777 222 53 organisée

1735 1858 78 37 par
1848 1846 60 40 les
1942 1842 312 44 commissions
2287 1841 293 55 provinciales
2618 1841 72 42 des
2722 1839 175 42 Beaux-

1735 1907 108 41 Arts
1875 1915 41 32 et
1950 1907 72 40 des
2054 1905 170 42 Loisirs
2255 1905 63 41 du
2352 1903 296 51 Travailleur,
2683 1904 60 41 du
2783 1918 21 39 3
2842 1917 56 26 au

1743 1982 54 38 14
1831 1968 179 40 octobre
2050 1981 135 39 1931,
2224 1981 55 27 au
2312 1964 145 42 Palais
2490 1966 71 40 des
2593 1964 302 42 Beaux-Arts,

1735 2044 73 26 rue
1835 2026 285 51 Ravenstein,
2149 2029 22 41 à
2198 2025 242 44 Bruxelles.

2490 2084 370 55 (Communiqué,
2881 2086 16 51 )

1734 2270 345 43 CONCOURS
2112 2268 438 43 INDIVIDUELS.

1742 2364 44 33 i°
1812 2356 232 41 Concours
2066 2354 248 53 provincial
2339 2357 162 40 annuel
2528 2356 114 41 d'art
2667 2352 231 47 décoratif,

1731 2417 160 40 réservé
1912 2417 22 40 à
1957 2419 42 39 la
2017 2417 234 50 sculpture.

1802 2490 146 41 Motif
1973 2490 165 41 destiné
2167 2490 21 40 à
2215 2504 128 26 orner
2372 2491 36 41 la
2437 2488 148 53 façade
2611 2490 132 40 d'une
2770 2488 102 41 habi-

1734 2552 145 41 tation
1915 2552 206 41 modeste,
2157 2565 77 38 par
2267 2549 196 54 exemple
2503 2566 8 25 :
2549 2560 187 42 tympan
2774 2550 98 40 d'en-

1735 2613 96 43 trée,
1860 2613 244 42 cartouche,
2132 2611 225 47 emblème,
2385 2611 242 41 médaillon
2655 2624 114 40 pour
2797 2610 75 42 mil-

1736 2674 158 42 lésime,
1936 2684 91 34 etc.,
2069 2674 20 40 à
2127 2672 195 42 exécuter
2361 2688 49 26 en
2449 2672 174 44 ciment,
2664 2671 137 52 pierre
2839 2685 58 26 ou

1735 2735 256 53 céramique.
2044 2734 397 43 Eventuellement,
2494 2733 38 42 la
2581 2732 216 42 Province
2847 2733 51 40 de

1736 2797 198 42 Brabant
1965 2810 162 38 pourra
2160 2796 238 41 demander
2430 2796 37 41 la
2500 2794 254 42 fourniture
2786 2793 110 40 d'un

1734 2857 263 52 exemplaire
2021 2858 58 40 du
2105 2857 146 52 projet
2275 2855 186 43 exécuté.

1802 2919 106 40 Prix
1951 2934 8 25 :
1999 2933 144 37 4,000
2178 2917 165 45 francs;
2380 2928 104 42 peut
2518 2916 84 42 être
2637 2915 175 41 accordé
2846 2928 50 27 en

1735 2980 135 41 entier
1900 2995 57 25 ou
1990 2994 77 38 par
2100 2980 211 44 tranches,
2348 2978 178 44 suivant
2557 2978 34 41 le
2625 2977 179 43 résultat
2837 2976 60 40 du

1735 3056 212 26 concours
1973 3053 40 29 et
2041 3041 38 40 la
2107 3040 149 41 valeur
2284 3041 73 40 des
2383 3054 165 26 œuvres
2575 3037 251 55 présentées.

1804 3102 79 41 Les
1912 3102 166 53 projets
2108 3102 183 40 doivent
2320 3100 205 53 parvenir
2552 3100 21 41 à
2605 3099 67 42 M.
2704 3099 191 47 Renard,

1735 3163 226 42 Président
1999 3164 49 40 de
2084 3164 38 41 la
2158 3162 307 42 Commission
2502 3159 309 56 organisatrice
2848 3159 50 40 de

1736 3224 304 53 l'exposition,
2079 3239 72 27 rue
2186 3224 59 41 du
2279 3223 163 46 Chêne,
2485 3223 72 48 28,
2597 3222 21 41 à
2653 3220 242 42 Bruxelles,

1735 3301 53 25 au
1817 3286 100 52 plus
1946 3286 96 42 tard
2073 3286 35 40 le
2144 3300 12 26 I
2169 3292 34 16 er
2230 3285 241 52 septembre
2508 3298 12 26 1
2536 3299 23 38 9
2570 3298 21 39 3
2608 3298 13 27 1
2655 3281 116 54 (voir
2802 3282 72 40 der-

1733 3348 90 42 nier
1854 3347 271 53 paragraphe
2157 3346 58 41 du
2245 3344 172 54 présent
2447 3344 237 54 règlement
2702 3344 30 51 ).

1737 3424 24 26 2
1769 3417 16 16 0
1826 3408 233 42 Concours
2091 3422 114 38 pour
2239 3406 265 42 Vexécution
2540 3407 29 41 d
2588 3420 84 27 une
2706 3414 192 42 estampe

1737 3468 256 42 décorative.

1735 3532 20 40 à
1785 3532 101 41 tirer
1912 3547 48 25 en
1987 3546 97 26 une,
2112 3531 115 39 deux
2253 3544 57 26 ou
2336 3528 107 43 trois
2468 3528 197 41 couleurs
2691 3526 57 49 (la
2775 3525 98 54 pein-

1734 3606 94 28 ture
1862 3593 21 40 à
1920 3593 153 40 l'huile
2107 3593 109 39 n'est
2249 3606 76 37 pas
2359 3589 212 52 admise).
2608 3589 35 41 Il
2678 3589 111 40 n'est
2822 3600 76 40 pas

1734 3654 283 44 absolument
2071 3652 227 42 nécessaire
2354 3652 274 49 d'employer
2682 3648 216 53 plusieurs
