3091 4371
165 344 313 55 TEK
558 345 59 54 H
699 346 60 53 N
840 349 46 50 E

2512 3796 147 55 187

164 499 118 28 tons.
306 484 188 43 D'autre
515 498 113 41 part,
654 487 35 41 le
713 503 58 26 ou
795 487 56 42 les
874 499 285 30 concurrents
1181 485 162 54 primés

168 560 225 40 pourront
430 548 84 41 être
548 549 112 52 priés
697 549 247 42 d'exécuter
980 549 91 41 leur
1107 548 147 53 projet
1289 562 54 27 au

165 623 167 39 crayon
368 609 382 56 lithographique.

237 671 186 42 Format
460 687 8 26 :
505 673 49 41 de
589 688 57 26 20
678 673 21 41 à
739 688 54 39 25
828 688 73 26 sur
937 685 56 42 35
1027 673 23 42 à
1084 688 76 38 40,
1197 687 146 39 marge

167 748 92 26 non
290 733 229 53 comprise.

238 795 196 42 Thèmes
464 812 53 25 au
546 796 134 42 choix
715 812 9 26 :
759 798 35 40 le
823 796 202 43 Travail,
1060 796 58 43 les
1145 795 195 48 Métiers,

167 858 39 41 la
235 856 136 44 Mère,
402 857 303 47 l'Education,
735 861 36 41 le
799 858 319 47 Délassement,
1151 858 35 42 le
1213 857 104 44 Prin-

169 932 156 39 temps,
361 919 25 41 F
395 919 94 42 Eté.

235 981 108 41 Prix
377 997 9 25 :
421 997 143 26 2,000
590 994 39 30 et
664 997 139 31 1,000
829 981 162 42 francs.

237 1054 80 42 Les
346 1055 169 53 projets
545 1056 186 42 doivent
759 1056 208 53 parvenir
995 1056 21 41 à
1049 1055 65 42 M.
1147 1056 192 52 Renard,

168 1117 230 42 Président
435 1117 50 41 de
521 1119 39 41 la
595 1118 311 42 Commission
943 1117 312 55 organisatrice
1291 1117 51 41 de

169 1179 307 52 l'exposition,
515 1195 74 27 rue
623 1181 59 40 du
717 1180 166 46 Chêne,
926 1180 74 46 28,
1040 1180 21 41 à
1096 1179 243 46 Bruxelles,

169 1256 52 26 an
252 1241 101 52 plus
382 1242 98 42 tard
510 1242 35 40 le
581 1257 13 26 lerI
607 1249 34 16 er
669 1242 244 52 septembre
949 1256 85 39 193
1052 1257 12 25 1
1098 1240 118 54 (voir
1246 1242 72 40 der-

166 1303 95 41 nier
289 1304 274 53 paragraphe
596 1305 58 40 du
684 1304 175 53 présent
889 1303 239 54 règlement
1146 1303 30 53 ).

229 1416 20 39 3
264 1409 15 16 0
320 1401 235 43 Concours
575 1416 117 38 pour
713 1402 170 53 projets
905 1404 51 40 de
976 1400 209 44 mobilier
1209 1404 134 40 d'une

169 1464 102 41 salle
293 1477 257 34 commune,
574 1465 135 41 d'une
730 1463 166 43 cuisine
915 1473 42 33 et
979 1463 136 42 d'une
1135 1461 208 42 chambre

167 1525 23 42 à
213 1525 204 48 coucher,

157 1599 171 42 destiné
350 1615 87 26 aux
459 1598 279 44 habitations
760 1598 21 42 à
807 1600 90 42 bon
922 1599 187 44 marché.
1134 1600 80 42 Les
1236 1612 79 40 pro-

167 1661 81 53 jets
274 1661 315 54 accompagnés
614 1663 26 40 d
664 1678 60 25 un
749 1662 133 44 devis,
913 1674 148 30 seront
1085 1661 209 42 transmis
1319 1661 22 41 à

166 1722 68 43 M.
261 1724 193 43 Renard,
482 1724 230 41 Président
737 1725 50 40 de
812 1726 39 41 la
876 1722 310 43 Commission
1212 1737 103 39 orga-

169 1786 201 41 nisatrice
407 1786 51 40 de
497 1785 306 54 l'exposition,
845 1800 73 27 rue
955 1785 61 41 du
1054 1785 167 49 Chêne,
1265 1800 73 28 22,

165 1848 167 41 bureau
367 1847 73 54 36,
473 1847 35 41 le
546 1862 49 39 15
632 1847 88 41 mai
748 1862 54 27 au
832 1847 100 52 plus
963 1846 112 43 tard.

235 1921 81 41 Les
340 1932 285 30 concurrents
654 1920 312 53 s'inspireront
991 1934 116 39 pour
1134 1920 39 42 la
1202 1919 115 43 déter-

162 1982 227 41 mination
412 1983 72 41 des
506 1983 276 41 dimensions
805 1994 40 31 et
867 1982 72 41 des
960 1981 282 54 placements,
1269 1980 72 43 des

168 2045 294 53 dispositions
501 2044 350 42 ordinairement
889 2043 207 53 adoptées
1135 2044 109 44 dans
1284 2042 57 42 les

167 2108 197 40 maisons
388 2107 21 40 à
434 2106 91 42 bon
555 2106 185 42 marché.
767 2106 80 41 Les
870 2106 169 53 projets
1063 2117 148 30 seront
1234 2105 85 42 trai-

167 2168 62 42 tés
271 2184 99 26 avec
411 2170 40 41 la
491 2169 101 52 plus
635 2168 144 42 stricte
822 2167 227 42 économie
1091 2182 50 26 en
1185 2178 155 29 tenant

166 2242 178 41 compte
383 2231 51 41 de
471 2230 40 42 la
551 2230 144 41 cherté
732 2230 70 41 des
844 2228 248 43 matériaux
1131 2243 39 29 et
1210 2227 50 43 de
1300 2227 40 41 la

169 2293 360 41 main-d'œuvre.
576 2292 36 42 Il
656 2307 27 38 y
728 2307 104 26 aura
876 2291 84 41 lieu
1000 2289 246 54 cependant
1290 2289 50 41 de

164 2355 200 53 garantir
390 2355 40 40 la
458 2354 243 41 robustesse
727 2354 72 40 des
828 2352 159 53 objets.

237 2428 79 42 Les
343 2428 130 53 plans
501 2428 71 41 des
603 2427 168 54 projets
800 2427 191 42 devront
1018 2426 85 42 être
1133 2426 20 41 à
1184 2424 156 43 échelle

166 2490 240 42 suffisante
438 2505 99 26 avec
571 2500 146 31 toutes
750 2490 57 40 les
842 2488 295 53 explications
1171 2487 145 42 techni-

167 2564 214 42 quement
417 2552 252 41 nécessaires
703 2551 21 41 à
762 2551 38 42 la
838 2550 253 42 réalisation
1128 2548 105 43 aisée
1268 2548 72 41 des

165 2614 173 53 projets
367 2625 183 31 retenus.
583 2613 58 41 Ils
670 2624 148 30 seront
848 2623 158 31 autant
1037 2627 83 39 que
1148 2609 193 55 possible

169 2675 316 54 accompagnés
524 2675 109 42 d'un
672 2675 144 42 dessin
852 2689 52 26 en
941 2672 265 55 perspective
1243 2672 73 53 pré-

165 2750 180 33 sentant
375 2740 39 41 la
444 2737 269 53 disposition
745 2736 195 54 générale
968 2736 50 42 de
1050 2737 40 41 la
1119 2734 127 54 pièce.

236 2811 107 42 Prix
383 2827 8 26 :
433 2827 21 38 3
491 2811 161 53 primes
685 2811 51 41 de
776 2825 138 32 1,000
947 2809 146 42 francs
1127 2808 103 54 (une
1262 2823 79 38 par

168 2874 207 41 mobilier
393 2874 15 52 )
451 2873 221 41 accordées
715 2874 21 41 à
778 2872 236 42 condition
1057 2870 283 42 d'exécution

167 2936 73 42 des
267 2935 170 54 projets
464 2935 176 53 primés.
671 2935 82 41 Ces
783 2934 229 42 mobiliers
1039 2932 252 55 figureront
1319 2932 22 41 à

168 2995 294 53 Vexposition
494 2996 273 52 provinciale
800 2997 24 40 à
858 2994 264 45 Vexclusion
1156 2994 51 41 de
1241 2999 102 33 tout

164 3061 224 41 ensemble
412 3060 50 40 de
484 3075 41 25 ce
548 3073 129 37 genre
682 3091 7 9 .
716 3058 135 52 (Voir
875 3058 170 41 dernier
1067 3056 274 54 paragraphe

167 3122 60 41 du
260 3121 173 54 présent
463 3121 238 53 règlement
719 3120 31 51 ).

169 3235 28 37 4
205 3227 16 17 0
263 3219 230 42 Concours
534 3234 114 36 pour
690 3218 269 42 Vexécution
1001 3218 30 41 d
1049 3233 87 27 une
1176 3216 165 42 affiche

168 3291 263 43 annonçant
455 3280 306 52 Vexposition.

237 3355 79 41 Les
341 3354 169 54 projets
537 3354 248 47 d'affiches,
812 3354 171 44 format
1010 3352 124 43 Jésus
1157 3352 78 56 (55
1268 3366 73 29 sur

171 3432 55 39 75
257 3415 221 49 environ)
505 3415 112 42 fixés
644 3430 71 27 sur
741 3427 152 30 carton
920 3430 58 26 ou
1006 3414 160 43 châssis
1192 3426 149 30 seront

165 3478 210 43 transmis
405 3479 21 40 à
460 3477 67 42 M.
559 3477 193 44 Renard,
786 3477 229 43 Président
1046 3477 50 41 de
1127 3476 40 42 la
1199 3476 106 41 Com-

169 3542 184 40 mission
391 3539 311 54 organisatrice
740 3539 51 41 de
825 3538 307 52 l'exposition,
1171 3553 73 27 rue
1280 3537 60 40 du

166 3603 167 45 Chêne,
363 3618 72 27 22,
461 3602 164 41 bureau
652 3601 74 53 36,
753 3601 35 40 le
819 3615 13 26 lerI
845 3606 34 17 er
901 3599 99 52 juin
1023 3615 54 26 au
1102 3599 101 53 plus
1225 3598 113 42 tard.

237 3664 57 41 Ils
322 3675 236 42 porteront
591 3678 9 24 :

1494 483 272 53 Exposition
1811 483 234 53 populaire

1494 545 157 42 d'Arts
1684 545 237 43 décoratifs
1952 545 254 53 populaires

1492 607 145 42 Palais
1665 608 71 41 des
1765 607 287 42 Beaux-Arts

1490 670 129 42 RUE
1641 670 435 42 RAVENSTEIN.
2104 668 372 44 BRUXELLES

1493 732 75 41 Du
1604 746 22 39 3
1662 746 53 27 au
1756 746 53 39 14
1839 731 181 42 octobre
2057 746 84 39 193
2160 746 12 26 1

1491 794 279 41 Provinciale
1804 793 404 54 Tentoonstellmg

1490 870 88 30 van
1605 855 316 54 Volksmatige
1945 855 473 54 Versieringskunsten

1491 917 141 43 Paleis
1659 919 73 40 der
1757 917 203 42 Schoone
1983 917 206 41 Kunsten

1490 980 421 43 RAVENSTEIN
1943 979 282 45 STRAAT,
2259 979 276 43 BRUSSEL

1491 1057 86 26 van
1612 1057 21 38 3
1667 1053 70 33 tôt
1774 1057 53 37 14
1857 1041 191 42 oktober

1559 1104 322 53 L'impression
1916 1119 88 26 sera
2039 1103 162 53 prévue
2234 1119 50 25 en
2321 1117 98 32 une,
2455 1102 116 41 deux
2605 1117 57 26 ou

1487 1166 109 41 trois
1617 1166 213 41 couleurs.
1857 1165 119 41 Mais
1998 1164 29 42 il
2052 1180 51 26 ne
2124 1178 105 40 peut
2251 1180 75 37 pas
2352 1164 84 42 être
2459 1164 205 53 employé

1488 1229 102 52 plus
1611 1228 51 41 de
1687 1243 21 39 3
1736 1228 170 53 tirages.

1557 1289 107 42 Prix
1688 1291 165 52 unique
1882 1305 8 24 :
1928 1304 137 27 1,000
2090 1288 145 41 francs
2259 1303 52 26 au
2334 1287 147 53 projet
2504 1286 156 55 primé.

1488 1352 80 41 Les
1589 1362 283 31 concurrents
1893 1350 242 53 joindront
2157 1351 21 41 à
2203 1351 90 41 leur
2316 1350 147 53 projet
2486 1366 59 25 un
2568 1350 71 40 des-

1490 1414 66 40 sin
1584 1429 53 25 au
1665 1414 103 42 trait
1792 1413 167 41 destiné
1984 1413 21 40 à
2031 1413 85 41 être
2142 1413 226 52 reproduit
2397 1411 240 42 éventuelle-

1491 1487 123 30 ment
1650 1475 109 41 dans
1798 1477 56 40 les
1892 1474 258 55 quotidiens
2187 1486 40 29 et
2266 1474 55 41 les
2358 1473 304 53 publications

1488 1538 294 53 périodiques.
1813 1536 135 55 (Voir
1976 1536 171 42 dernier
2173 1536 274 53 paragraphe
2476 1535 59 41 du
2565 1533 73 53 pré-

1489 1611 95 30 sent
1617 1599 252 54 règlement.
1889 1597 16 55 )

1489 1708 349 44 CONCOURS
1890 1708 284 43 RESERVE
2228 1707 142 41 AUX
2422 1705 240 43 ECOLES

1488 1769 630 44 PROFESSIONNELLES
2186 1769 94 42 DU
2346 1766 315 45 BRABANT

1489 1832 255 49 (subsidiées
1778 1846 58 26 ou
1872 1846 92 26 non
1984 1832 15 52 )

1557 1895 81 40 Les
1665 1893 146 53 objets
1842 1894 21 41 à
1892 1893 219 52 présenter
2138 1892 190 42 devront
2356 1890 226 54 s'inspirer
2610 1889 52 42 de

1489 1955 398 42 l'ornementation
1921 1955 59 41 du
2015 1954 111 54 logis
2159 1954 196 41 modeste
2393 1969 8 25 :
2440 1952 107 42 tissu
2580 1967 55 25 ou-

1487 2018 86 42 vré.
1607 2031 63 30 art
1700 2018 59 40 du
1791 2017 118 46 livre,
1940 2016 165 47 vitrail,
2138 2015 125 52 objet
2292 2016 122 40 usuel
2420 2053 8 9 t
2460 2013 203 43 broderie

1489 2079 260 50 décorative,
1792 2078 246 53 céramique
2076 2077 172 52 (milieu
2291 2077 50 41 de
2380 2076 131 44 table,
2554 2089 81 39 pen-

1489 2142 115 45 dule,
1633 2141 156 41 service
1814 2142 51 39 de
1890 2140 118 42 table
2031 2138 248 54 populaire,
2306 2150 76 29 etc.
2404 2137 30 53 ).

1556 2203 169 41 Primes
1761 2218 9 25 :
1814 2216 154 30 1,000,
2006 2215 108 40 750,
2154 2215 93 40 500
2279 2199 56 43 fr.

1557 2263 81 43 Les
1671 2263 146 53 objets
1850 2263 190 44 devront
2072 2262 206 54 parvenir
2309 2262 21 40 à
2364 2261 68 41 M.
2467 2260 194 45 Renard,

1487 2326 231 42 Président
1754 2326 51 41 de
1841 2326 38 40 la
1916 2324 310 43 Commission
2262 2323 313 54 organisatrice
2613 2323 50 40 de

1490 2388 306 53 l'exposition,
1836 2390 36 39 le
1916 2402 13 26 I
1941 2394 34 16 er
2010 2386 244 53 septembre
2298 2399 137 40 1931,
2474 2400 54 26 au
2562 2383 102 53 plus

1490 2450 97 41 tard
1616 2450 92 52 (rue
1738 2450 59 40 du
1828 2448 164 46 Chêne,
2031 2464 73 30 22,
2137 2448 165 41 bureau
2336 2447 57 54 36
2414 2447 31 53 ).
2476 2447 188 53 Chaque

1488 2512 113 42 élève
1629 2526 162 38 pourra
1817 2526 52 26 ne
1895 2510 220 53 présenter
2141 2511 144 52 qu'un
2313 2510 90 41 seul
2431 2507 162 54 projet.

1558 2574 37 41 Il
1636 2573 145 45 devra,
1824 2573 88 40 lors
1954 2573 49 40 de
2043 2587 81 26 son
2166 2571 147 48 envoi,
2356 2585 73 26 sur
2469 2570 39 41 la
2548 2569 116 42 fiche

1489 2635 234 43 d'identité
1780 2634 142 54 placée
1980 2649 101 29 sous
2137 2633 259 52 enveloppe,
2456 2632 208 53 indiquer

1490 2697 149 43 l'école
1670 2697 21 41 à
1726 2697 188 54 laquelle
1945 2697 29 41 il
2006 2695 267 54 appartient,
2306 2695 40 41 la
2379 2693 202 42 mention
2613 2693 51 40 de

1486 2759 296 43 l'institution
1809 2759 165 41 devant
1996 2758 167 53 figurer
2186 2771 72 27 sur
2283 2759 38 40 la
2344 2756 114 41 fiche
2480 2756 50 42 de
2554 2754 88 42 l'ex-

1488 2832 177 42 posant.

1488 2918 501 44 OBSERVATIONS
2020 2917 364 43 RELATIVES
2415 2917 42 41 A
2485 2914 176 44 TOUS

1489 2982 107 41 LES
1624 2980 351 43 CONCOURS
2003 2977 337 45 CI-DESSUS.

1559 3043 80 42 Les
1667 3057 214 26 concours
1912 3052 103 31 sont
2045 3040 181 42 réservés
2257 3055 88 26 aux
2377 3039 150 54 Belges
2561 3038 80 41 rési-

1491 3106 109 41 dant
1631 3105 109 40 dans
1772 3106 34 41 le
1837 3104 213 43 Brabant.

1559 3166 80 42 Les
1665 3166 171 53 projets
1864 3177 103 29 sont
1995 3178 247 39 anonymes
2269 3175 40 30 et
2334 3161 222 43 identifiés
2583 3175 78 38 par

1490 3245 84 26 une
1597 3229 142 40 devise
1763 3227 253 53 reproduite
2039 3242 72 25 sur
2135 3241 83 26 une
2241 3225 242 52 enveloppe
2505 3222 156 42 fermée

1491 3292 20 41 à
1552 3290 177 53 joindre
1768 3290 21 40 à
1831 3290 165 40 l'envoi
2034 3300 39 29 et
2112 3299 243 31 contenant
2396 3286 35 41 le
2472 3299 108 28 nom
2619 3295 41 30 et

1490 3353 201 41 l'adresse
1718 3352 71 41 des
1815 3361 298 31 concurrents.

1558 3415 80 40 Les
1671 3413 168 53 projets
1874 3412 162 53 primés
2072 3422 39 30 et
2148 3409 368 43 éventuellement
2551 3422 108 27 ceux

1490 3488 172 30 retenus
1697 3490 78 38 par
1811 3476 36 40 le
1881 3474 104 52 jury
2021 3473 252 53 figureront
2309 3471 21 42 à
2368 3469 289 54 l'exposition

1489 3537 272 54 provinciale
1795 3537 136 40 d'arts
1963 3533 235 42 décoratifs
2229 3533 75 53 qui
2340 3547 103 27 aura
2479 3532 83 41 lieu
2599 3531 60 41 du

1493 3615 21 38 3
1552 3615 53 25 au
1647 3613 53 38 14
1735 3598 179 40 octobre
1956 3611 84 38 193
2059 3611 11 25 1
2114 3610 53 26 au
2201 3593 143 42 Palais
2379 3593 71 45 des
2483 3593 176 41 Beaux-

1489 3662 121 39 Arts.
