3091 4371
2195 368 314 54 TEK
2589 368 59 54 H
2729 368 60 54 N
2870 368 45 54 E

580 3898 0 0 168

424 510 270 40 l'ornement
730 522 39 30 et
806 510 49 40 de
891 509 160 52 l'objet
1085 507 226 48 décoratif,
1351 507 158 42 travail
1545 521 51 26 en

423 571 116 45 série,
574 572 258 41 rendement
865 571 77 41 uni
976 572 71 40 des
1076 571 218 46 hommes,
1326 570 72 42 des
1430 568 138 43 machi-

425 649 86 27 nes,
559 633 71 42 des
677 633 268 46 matériaux;
993 649 53 25 au
1092 633 82 40 lieu
1219 632 50 41 de
1315 630 280 42 l'exaltation

422 696 247 42 anarchiste
698 696 109 40 d'un
838 696 191 41 créateur
1057 693 262 43 individuel,
1350 709 83 26 une
1461 691 112 44 colla-

423 759 212 40 boration
673 758 137 41 active
843 770 119 29 entre
995 759 57 40 les
1085 755 267 47 industriels,
1389 756 56 41 les
1479 756 93 39 tech-

423 820 165 41 niciens
615 833 39 30 et
685 820 37 41 la
750 820 210 43 clientèle.

428 919 102 41 Une
558 918 276 53 application
864 920 51 40 de
942 919 40 41 la
1010 917 202 42 machine
1246 932 11 26 :
1289 917 35 42 le
1356 916 76 41 fer.

493 993 67 41 De
594 993 140 41 même
765 1008 83 39 que
880 1007 115 38 pour
1029 993 55 40 les
1118 991 120 42 bases
1270 990 241 53 physiques
1547 987 51 42 de

425 1056 335 42 l'architecture,
795 1070 113 25 nous
937 1068 139 28 avons
1104 1053 136 41 choisi
1271 1054 34 40 le
1332 1051 125 54 petit,
1489 1049 108 43 mais

414 1117 215 54 suggestif
652 1118 199 51 exemple
876 1115 51 40 de
951 1117 38 40 la
1012 1115 179 47 fenêtre,
1216 1115 233 40 illustrons
1471 1124 127 31 notre

426 1180 191 41 manière
640 1180 50 40 de
713 1179 97 41 voir
833 1193 77 36 par
934 1177 273 53 application
1231 1176 157 53 précise
1417 1190 9 26 :
1457 1174 33 42 le
1516 1174 78 41 fer.

424 1241 42 41 A
472 1258 27 36 P
506 1242 61 40 rès
602 1241 123 53 quoi,
765 1240 238 48 d'ailleurs,
1043 1254 113 26 nous
1192 1249 314 30 retournerons
1543 1249 54 26 au

426 1304 171 53 général
631 1318 39 30 et
704 1303 154 40 dirons
891 1301 210 54 quelques
1134 1312 116 29 mots
1282 1299 134 41 d'une
1447 1296 125 43 consé-

424 1381 165 39 quence
621 1366 59 40 du
713 1364 289 42 machinisme
1040 1379 7 24 :
1085 1365 38 40 la
1155 1359 335 44 concentration
1525 1373 48 27 ur-

424 1428 144 41 baine.

494 1489 162 42 Certes,
707 1503 113 29 nous
869 1502 51 26 ne
965 1486 270 54 prétendons
1280 1500 77 37 pas
1402 1496 196 28 ramener

427 1552 321 42 l'architecture
800 1550 21 40 à
872 1564 83 26 une
1005 1547 207 55 question
1264 1547 49 40 de
1363 1545 235 52 technique

422 1613 299 42 constructive
742 1623 40 30 et
807 1626 113 26 nous
941 1611 163 40 basons
1129 1609 146 41 moins
1298 1621 151 27 encore
1475 1616 123 32 toute

426 1675 163 42 celle-ci
629 1689 72 26 sur
743 1674 35 41 le
817 1673 64 41 fer
920 1684 38 30 et
998 1672 35 40 le
1071 1670 151 42 béton.
1263 1669 74 41 On
1380 1668 218 42 admettra

425 1738 247 52 cependant
715 1750 83 39 que
842 1749 78 38 par
963 1734 49 41 de
1059 1732 226 52 multiples
1329 1728 269 55 expériences

426 1801 242 41 heureuses,
707 1799 35 40 le
775 1797 64 41 fer
870 1811 39 29 et
941 1794 166 42 ensuite
1140 1795 34 40 le
1206 1793 149 45 béton,
1392 1804 81 28 ont
1508 1789 67 41 sin-

422 1862 291 53 gulièrement
738 1859 131 53 élargi
893 1859 57 40 les
972 1855 269 55 possibilités
1263 1852 332 45 constructives,

424 1936 103 30 tout
549 1938 51 25 en
622 1921 294 41 contribuant
941 1919 21 40 à
986 1916 189 43 détruire
1198 1917 38 40 la
1263 1915 216 42 tradition
1504 1926 69 28 aca-

426 1986 206 52 démique
661 1999 78 37 par
771 1983 38 40 la
842 1978 263 44 nouveauté,
1136 1994 59 25 on
1226 1976 202 54 pourrait
1459 1975 138 41 même

426 2048 91 41 dire
556 2043 312 45 l'excentricité
905 2043 71 41 des
1012 2041 249 54 problèmes
1296 2053 79 38 par
1416 2035 182 56 lesquels

427 2110 52 42 ils
523 2107 234 55 agissaient
800 2106 133 40 d'une
976 2103 132 52 façon
1149 2098 251 45 irrésistible
1443 2113 72 27 sur
1558 2098 39 40 la

424 2170 153 55 pensée
608 2171 72 42 des
709 2177 339 33 constructeurs.

495 2233 56 44 Et
579 2248 51 25 en
659 2246 41 26 ce
729 2244 108 33 sens,
869 2229 28 42 il
928 2241 60 29 est
1016 2237 122 31 exact
1167 2223 252 43 d'affirmer
1445 2236 84 40 que
1563 2221 34 41 le

424 2295 138 42 béton
587 2307 39 30 et
651 2296 35 40 le
707 2292 63 41 fer
795 2302 80 31 ont
901 2288 224 43 introduit
1151 2301 60 27 un
1237 2299 205 28 nouveau
1467 2282 131 42 mode

426 2358 51 41 de
508 2370 167 40 penser.

495 2417 171 43 Faut-il
711 2413 195 54 rappeler
949 2427 83 39 que
1075 2413 100 39 c'est
1217 2425 50 26 en
1310 2408 161 41 France
1515 2419 82 40 que

426 2480 323 42 l'architecture
809 2475 269 53 métallique,
1143 2486 170 27 comme
1374 2467 223 43 d'ailleurs

426 2543 101 41 celle
567 2542 58 40 du
662 2539 151 43 béton,
856 2549 82 29 ont
976 2533 144 44 exercé
1157 2535 38 40 la
1236 2530 207 55 première
1480 2541 40 30 et
1560 2528 37 40 la

427 2604 101 54 plus
566 2599 350 54 caractéristique
956 2596 221 42 influence
1217 2608 72 28 sur
1329 2590 268 43 l'évolution

426 2664 345 45 architecturale.

494 2728 128 41 Dans
657 2740 59 26 un
751 2724 106 42 livre
890 2721 141 43 récent
1074 2735 21 25 «
1129 2716 280 44 Frankreich,
1448 2715 149 41 Bauen

426 2791 45 41 in
498 2790 144 42 Eisenr
673 2788 43 40 in
742 2786 129 41 Eisen
897 2785 136 40 béton
1062 2782 68 45 »*,
1158 2780 35 41 le
1216 2780 44 40 D
1266 2786 13 15 r
1302 2777 194 41 Giédion
1522 2789 50 27 ex-

426 2867 103 38 pose
552 2861 107 30 cette
683 2846 216 54 conquête
925 2843 234 54 technique
1183 2853 38 30 et
1248 2855 80 26 son
1355 2837 220 43 retentisse-

427 2925 136 31 ment.

424 2985 219 43 Première
673 2984 123 50 étape
832 2997 12 25 :

496 3049 62 41 La
584 3045 209 55 première
815 3043 164 43 toiture
1003 3055 50 27 en
1077 3039 64 42 fer
1165 3055 52 25 au
1243 3036 194 42 Théâtre
1461 3037 109 41 Fran-

424 3112 99 52 çais,
561 3125 51 26 en
659 3106 134 55 1786.

424 3181 249 45 Deuxième
699 3178 123 54 étape
853 3194 13 26 :

495 3242 336 45 Introduction,
870 3253 77 39 par
986 3237 261 45 Labrouste,
1288 3236 70 40 des
1394 3246 204 29 carcasses

428 3307 280 52 métalliques
741 3302 252 52 complètes,
1029 3302 57 40 les
1118 3296 242 55 premières,
1396 3295 121 42 celles
1547 3294 51 41 de

426 3372 40 40 la
516 3366 319 53 Bibliothèque
883 3359 420 46 Sainte-Geneviève
1351 3373 50 26 en
1458 3357 137 53 1843,

426 3433 275 51 s'appuyant
737 3441 72 26 sur
849 3426 55 42 les
942 3438 120 27 murs
1101 3420 254 45 extérieurs;
1398 3418 109 42 mais
1546 3431 52 28 en

435 3493 139 53 1867,
632 3492 21 40 à
715 3491 37 39 la
809 3485 317 54 Bibliothèque
1184 3481 256 43 Nationale,
1499 3478 99 42 elles

424 3554 164 44 étaient
615 3549 365 55 indépendantes.

498 3708 20 19 *
546 3701 280 43 Klinkhardt
850 3709 40 31 et
917 3697 257 46 Biermann,
1205 3692 197 54 Leipzig,
1430 3690 164 44 Berlin.

1750 506 248 42 Ttoisième
2026 517 43 33 et
2098 505 193 44 dernière
2320 507 122 52 étape
2481 522 12 26 :

1814 582 192 42 Premier
2038 582 152 41 édifice
2221 582 21 41 à
2270 582 211 53 squelette
2511 579 257 56 métallique
2795 595 92 26 com-

1747 645 104 52 plet,
1894 644 203 43 l'ancêtre
2136 645 71 40 des
2247 644 242 53 gratte-ciel
2528 643 271 51 américains,
2840 658 78 37 par

1747 706 264 42 l'architecte
2046 705 215 43 Saulnier,
2297 706 21 40 à
2350 705 171 41 Noisiel
2555 720 72 27 sur
2658 704 174 48 Marne,
2866 718 51 26 en

1755 769 137 52 1872.

1814 830 61 42 Ce
1899 829 430 54 perfectionnement
2355 829 181 54 graduel
2562 840 39 31 et
2627 827 291 53 méthodique

1748 908 51 26 ne
1826 892 154 41 doit-il
2005 907 76 38 pas
2105 891 85 43 être
2216 891 237 53 apparenté
2479 893 21 40 à
2524 891 110 41 celui
2662 890 50 41 de
2743 888 153 43 l'archi-

1748 966 160 30 tecture
1934 954 216 53 gothique
2176 954 110 41 dans
2312 968 60 26 ses
2399 953 243 40 recherches
2669 953 50 40 de
2745 952 38 41 la
2811 966 81 27 con-

1746 1017 248 41 centration
2026 1017 70 42 des
2124 1014 200 54 poussées
2352 1026 41 30 et
2419 1015 59 40 du
2505 1014 130 53 poids
2663 1013 71 42 des
2761 1014 157 40 voûtes

1749 1094 71 26 sur
1865 1079 56 40 les
1964 1092 218 28 nervures,
2230 1089 39 30 et
2313 1077 84 41 être
2441 1075 167 54 opposé
2650 1075 22 41 à
2715 1073 108 43 celui
2868 1073 50 41 de

1737 1139 318 46 l'architecture
2077 1138 212 55 classique
2308 1138 77 54 qui
2407 1136 282 43 ambitionne
2711 1134 207 51 toujours

1748 1202 278 42 d'améliorer
2058 1201 71 41 des
2163 1200 293 53 proportions
2489 1213 38 29 et
2561 1214 93 26 non
2687 1198 231 53 d'adapter

1746 1266 51 40 de
1824 1263 225 43 nouvelles
2077 1262 230 43 méthodes
2334 1261 317 42 constructives
2676 1261 20 40 à
2727 1261 49 41 de
2803 1274 86 27 nou-

1746 1341 142 28 veaux
1915 1326 201 41 besoins?

1816 1389 78 46 Or,
1933 1400 62 30 cet
2033 1386 390 53 assouplissement
2459 1385 27 41 d
2509 1399 83 26 une
2630 1384 176 41 matière
2845 1397 27 26 n
2896 1397 21 25 a

1747 1466 76 38 pas
1847 1465 84 40 que
1960 1450 70 41 des
2056 1448 316 54 conséquences
2399 1446 217 54 agréables
2643 1461 58 25 ou
2729 1446 165 40 instruc-

1749 1513 107 42 tives
1888 1527 114 38 pour
2034 1512 36 40 le
2102 1510 241 43 technicien
2386 1525 9 25 :
2432 1509 29 41 il
2493 1524 21 25 a
2549 1522 84 26 une
2665 1506 149 54 portée
2846 1521 48 26 so-

1745 1576 118 42 ciale.

1817 1637 58 40 Le
1901 1635 63 42 fer
1992 1646 38 31 et
2058 1635 36 41 le
2119 1634 134 41 béton
2282 1644 82 30 ont
2393 1631 185 54 apporté
2606 1646 83 26 une
2714 1628 202 44 solution

1749 1699 212 53 adéquate
1993 1697 21 41 à
2048 1697 50 41 de
2134 1709 238 28 nouveaux
2407 1706 125 41 types
2565 1691 237 45 d'édifices,
2839 1689 78 42 tels

1749 1776 82 39 que
1863 1761 56 40 les
1950 1759 150 43 halles,
2138 1760 57 41 les
2226 1772 117 39 gares
2375 1757 50 40 de
2457 1755 173 42 chemin
2665 1753 50 42 de
2746 1753 78 44 fer,
2861 1752 56 41 les

1737 1820 162 55 grands
1939 1820 233 54 magasins,
2216 1820 57 41 les
2314 1816 241 44 bâtiments
2595 1812 320 55 d'exposition.

1748 1884 240 54 Signalons
2013 1898 50 26 en
2092 1893 179 42 passant
2298 1895 83 39 que
2407 1879 213 43 l'absence
2648 1878 269 50 d'exemples

1755 1963 20 24 «
1809 1945 269 54 historiques
2113 1961 20 22 »
2173 1959 50 26 en
2258 1957 62 26 ces
2352 1940 230 42 domaines
2615 1939 146 42 devait
2795 1937 97 53 puis-

1749 2019 220 30 samment
2021 2006 117 41 aider
2188 2005 20 40 à
2263 2004 183 53 dégager
2496 2001 320 43 l'architecture
2867 1998 50 42 de

1748 2070 212 42 l'étreinte
1987 2067 295 53 académique.

1746 2177 337 52 Conséquences
2125 2177 51 41 de
2218 2177 41 41 la
2298 2174 217 42 machine.
2562 2169 356 44 Concentration

1747 2240 197 43 urbaine.
1983 2236 341 45 Urbanisation.

1816 2326 71 41 Au
1916 2326 189 52 surplus,
2134 2325 36 41 le
2195 2323 64 41 fer
2287 2335 40 29 et
2353 2322 35 41 le
2413 2322 136 41 béton
2580 2331 82 30 ont
2688 2317 162 55 permis
2877 2317 40 41 la

1747 2390 39 41 la
1809 2387 306 42 construction
2141 2386 51 41 de
2212 2385 126 42 villes
2362 2400 49 26 en
2435 2384 203 41 hauteur,
2668 2382 39 41 la
2731 2394 159 29 concen-

1747 2451 166 42 tration
1945 2448 183 43 urbaine
2157 2447 121 43 étant
2309 2444 367 44 simultanément
2703 2454 40 30 et
2770 2440 123 55 paral-

1747 2513 204 41 lèlement
1976 2509 242 55 précipitée,
2249 2509 132 41 sinon
2408 2506 145 42 causée
2580 2521 78 38 par
2686 2505 36 40 le
2750 2502 138 42 machi-

1746 2575 154 41 nisme.

1814 2636 191 41 Comme
2042 2648 115 39 pour
2196 2634 55 42 les
2288 2632 121 40 bases
2446 2628 255 55 physiques,
2745 2641 172 28 comme

1746 2714 115 37 pour
1894 2698 38 40 la
1966 2696 247 53 technique,
2247 2695 116 40 deux
2399 2690 252 56 partis-pris
2683 2688 207 43 d'urbani-

1747 2760 145 41 sation
1920 2770 103 29 sont
2050 2773 51 25 en
2131 2756 197 53 présence
2362 2771 7 24 :
2404 2769 84 26 une
2515 2751 263 53 conception
2807 2751 87 40 clas-

1747 2822 121 54 sique
1896 2836 57 26 ou
1982 2820 337 41 monumentale
2345 2829 39 30 et
2416 2830 82 27 une
2524 2813 264 52 conception
2818 2825 65 28 mo-

1746 2885 129 40 derne
1906 2898 58 25 ou
1994 2881 170 42 sociale.

1812 2945 67 41 Ne
1909 2954 262 31 remontons
2200 2956 75 38 pas
2303 2941 21 40 à
2353 2938 319 43 l'architecture
2700 2935 213 42 romaine,

1747 3008 114 41 dont
1894 3005 205 42 certaines
2133 3003 286 52 conceptions
2455 2998 343 54 urbanistiques,
2838 2995 78 42 tels

1748 3071 56 40 les
1830 3083 165 38 camps,
2031 3067 56 40 les
2119 3077 159 31 routes,
2312 3067 57 40 les
2399 3072 150 44 ponts,
2585 3060 162 42 étaient
2777 3057 111 54 inspi-

1747 3131 61 41 rés
1837 3146 78 37 par
1944 3130 71 41 des
2044 3128 224 41 directives
2298 3122 360 44 fonctionnelles.

1816 3193 78 41 Les
1918 3191 162 54 grands
2104 3188 241 44 ensembles
2373 3185 168 44 réalisés
2564 3199 78 39 par
2668 3184 39 41 la
2733 3181 157 45 Renais-

1747 3270 123 27 sance
1896 3266 38 30 et
1957 3269 61 25 ses
2042 3250 254 44 succédanés
2323 3265 51 25 ne
2400 3245 272 56 peuvent-ils
2696 3245 84 41 être
2804 3257 84 40 qua-

1748 3316 113 42 lifiés
1886 3313 360 44 d'urbanisation
2281 3327 21 25 «
2332 3309 337 43 monumentale
2697 3307 51 41 »?
2778 3306 37 41 Il
2840 3319 50 37 ap-

1746 3379 193 53 partient
1961 3378 20 40 à
2005 3376 142 52 Tony
2168 3373 202 49 Garnier,
2397 3373 110 40 dans
2530 3385 81 27 son
2634 3368 126 42 étude
2783 3368 134 41 d'une

1745 3440 79 42 cité
1854 3438 274 43 industrielle
2157 3436 154 53 (Paris,
2356 3435 156 53 1904)
2543 3433 50 40 de
2623 3430 239 43 substituer
2893 3428 22 41 à

1745 3514 106 30 cette
1881 3498 375 44 monumentalité
2284 3512 83 26 une
2395 3493 312 44 urbanisation
2737 3489 175 44 sociale:

1748 3566 39 40 la
1818 3564 101 41 ville
1947 3578 92 26 non
2068 3562 101 53 plus
2196 3574 114 39 pour
2339 3560 36 41 le
2402 3572 115 37 coup
2546 3554 135 47 d'œil,
2716 3568 114 38 pour
2861 3551 55 42 les

1746 3626 298 54 perspectives,
2084 3638 114 38 pour
2233 3622 36 42 le
2303 3619 184 45 touriste
2521 3615 246 47 dilettante,
2807 3612 110 43 mais

1746 3704 115 37 pour
1896 3688 35 41 le
1969 3686 213 42 bien-être
2219 3684 50 41 de
2305 3685 12 41 1
2341 3681 208 42 habitant
2585 3679 77 54 qui
2698 3676 215 43 travaille.
