3091 4371
2510 3744 147 54 165

193 844 574 71 SUPPLÉMENT
803 854 414 56 MENSUEL
1252 852 663 58 D'INFORMATION
1943 854 43 56 &
2017 857 104 53 DE
2159 854 501 67 TECHNIQUE

192 1038 494 79 QUATRIÈME
727 1045 287 58 ANNEE
1044 1045 480 66 (NOUVELLE
1557 1045 272 66 SERIE)
1857 1047 231 56 -1931.
2129 1075 23 13 -
2200 1047 368 59 NUMERO
2614 1047 46 59 8

191 1337 701 87 SOMMAIRE
945 1352 33 63 :

191 1655 117 41 Note
350 1669 68 26 sur
459 1653 335 42 l'Architecture
838 1653 223 47 moderne,
1104 1667 79 38 par

258 1729 56 41 V.
355 1728 240 52 Bourgeois
663 1760 8 10 .
1001 1758 10 10 ♦
1086 1758 10 10 ♦
1170 1759 9 9 .
1263 1726 84 55 165

193 1850 57 42 Le
288 1852 220 51 logement
547 1866 49 27 en
635 1849 213 53 Pologne,
889 1865 76 37 par
1007 1849 154 42 l'archi-

258 1934 105 32 tecte
395 1924 40 42 S.
472 1923 167 53 Syrkus
669 1925 201 51 (rapport
902 1923 197 54 présenté
1128 1939 51 26 au

257 1997 65 41 III
329 2006 14 17 e
377 1997 197 53 Congrès
610 1996 326 45 International
973 1998 24 40 d
1022 1996 134 42 Archi-

257 2082 157 29 tecture
448 2071 241 52 moderne)
746 2102 434 11 ...♦•♦
1262 2085 87 38 170

191 2191 142 42 Etude
368 2193 232 53 technique
635 2208 71 25 sur
741 2194 35 40 le
812 2192 221 54 Treillage
1070 2193 87 41 céra-

257 2268 146 50 mique
1261 2266 88 54 176

456 2368 10 15 >

191 2389 142 40 Echos
366 2400 39 29 et
439 2387 330 44 Informations
829 2422 11 10 .
1261 2389 85 52 185

188 2509 231 42 Concours
1261 2510 85 57 185

189 2631 333 54 Bibliographie
577 2665 8 10 .
661 2664 10 10 .
746 2664 10 9 *
831 2662 8 9 «
915 2665 10 9 «
1000 2665 10 10 *
1085 2664 10 11 *
1169 2665 10 10 *
1261 2633 87 54 187

189 2754 238 42 Annonces
1261 2755 86 42 188

258 3217 58 42 Le
339 3219 185 40 numéro
551 3220 49 40 de
623 3219 81 41 LA
729 3219 152 43 CITE
903 3220 141 42 inclus
1067 3221 109 41 dans
1199 3221 36 41 Je
1257 3233 69 38 pré-

190 3316 92 28 sent
312 3302 201 43 fascicule
540 3305 197 42 contient
771 3321 8 25 :

291 3412 57 41 Le
384 3414 145 52 projet
566 3416 49 40 de
654 3416 259 41 l'architecte
950 3417 47 41 P.
1038 3414 308 55 Verbruggen,

190 3513 113 36 pour
338 3499 161 43 l'Ecole
532 3501 49 40 de
613 3500 172 44 Marine
818 3502 264 43 d'Ostende;

275 3608 57 40 Le
356 3621 281 31 mouvement
659 3612 316 41 international
1002 3610 345 43 d'architecture.

1501 1337 1075 109 L'Architecture

1501 1459 704 109 Moderne

1568 1615 78 43 On
1668 1616 80 43 lira
1772 1628 99 30 avec
1895 1616 156 44 intérêt
2074 1620 43 42 la
2140 1632 104 29 note
2267 1618 200 51 ci-aptes,
2493 1618 148 51 présen-

1502 1679 63 40 tée
1600 1695 79 35 par
1717 1688 127 33 notre
1882 1679 198 42 confrère
2119 1680 264 42 l'architecte
2425 1680 55 42 V.
2524 1679 113 40 Bout-

1500 1739 135 52 geois,
1660 1756 90 26 aux
1775 1739 151 43 débats
1952 1740 362 43 contradictoires
2340 1740 221 52 organisés
2589 1754 76 36 par

1502 1802 42 42 la
1566 1801 166 42 Société
1754 1803 207 41 Centrale
1983 1805 30 39 d
2035 1801 301 45 Architecture
2364 1810 51 35 de
2441 1803 224 50 Belgique,

1500 1878 54 26 en
1585 1879 116 27 mars
1729 1863 182 43 dernier.

1500 1961 332 42 Introduction.

1567 2023 197 53 Exposer
1801 2039 48 25 en
1889 2039 82 25 une
2006 2023 229 54 vingtaine
2272 2024 49 41 de
2359 2023 190 42 minutes
2586 2036 79 27 nos

1488 2097 104 31 vues
1613 2099 73 27 sur
1707 2083 316 43 l'architecture
2048 2083 221 43 moderne,
2298 2084 108 40 n'est
2430 2084 126 52 guère
2583 2098 82 26 une

1499 2146 123 42 tâche
1646 2146 137 41 facile.

1567 2208 339 41 L'architecture
1942 2209 223 45 moderne,
2201 2211 83 39 cela
2321 2208 254 51 comprend,
2613 2221 51 27 en

1499 2269 121 48 effet,
1649 2285 58 25 un
1736 2270 186 40 nombre
1947 2270 249 51 important
2221 2270 49 40 de
2295 2268 104 42 faits
2424 2281 39 29 et
2488 2268 175 42 d'idées,

1500 2333 50 40 de
1573 2331 274 44 réalisations
1870 2343 38 28 et
1934 2332 49 40 de
2007 2331 321 52 propositions.
2360 2330 147 50 Aussi,
2536 2331 37 40 la
2599 2344 44 26 sa-

1498 2408 112 37 gesse
1639 2408 113 25 nous
1779 2392 411 42 commande-t~elle
2219 2392 50 41 de
2295 2407 113 26 nous
2436 2391 161 41 limiter
2626 2401 39 31 et

1499 2453 260 55 d'esquisser
1795 2455 282 51 simplement
2115 2453 184 40 certains
2336 2453 151 52 points
2525 2467 117 26 essen-

1493 2516 95 41 tiels
1610 2530 51 26 au
1687 2530 160 38 moyen
1872 2515 198 54 desquels
2092 2530 113 27 nous
2227 2528 252 38 essayerons
2500 2516 49 38 de
2571 2512 70 52 jus-

1496 2577 120 41 tifier
1644 2592 84 27 une
1755 2577 263 52 conception
2047 2576 194 53 générale
2268 2576 50 41 de
2348 2577 9 40 l
2382 2575 283 42 architecture

1498 2639 193 45 actuelle,
1727 2639 206 40 vis-à-vis
1966 2639 57 39 du
2060 2638 226 52 problème
2319 2651 262 38 permanent
2614 2636 51 40 de

1500 2700 330 42 l'architecture.
1876 2699 34 42 Il
1954 2700 191 51 importe
2187 2700 146 40 moins
2375 2698 50 41 de
2466 2697 198 41 disserter

1498 2777 74 26 sur
1604 2763 71 40 des
1709 2761 229 54 questions
1977 2763 49 38 de
2064 2760 131 42 détail
2232 2775 84 38 que
2352 2759 49 41 de
2438 2769 140 31 tenter
2613 2758 50 41 de

1498 2823 162 42 définir
1692 2824 109 41 dans
1834 2838 78 26 son
1946 2822 131 52 esprit
2110 2836 84 26 une
2225 2820 198 42 doctrine
2456 2820 184 41 architec-

1498 2886 140 40 turale
1665 2885 19 40 à
1716 2885 185 53 laquelle
1931 2883 191 41 d'autres
2161 2898 21 25 «
2215 2881 307 54 philosophies
2557 2896 22 25 »
2612 2881 50 40 de

1498 2947 38 41 la
1566 2945 304 44 construction
1905 2945 257 52 pourraient
2192 2944 85 41 être
2307 2942 223 54 opposées.

1565 3008 243 42 Comment
1843 3007 145 40 mieux
2019 3006 229 53 expliquer
2277 3020 58 25 un
2369 3005 97 46 être,
2501 3019 56 25 un
2589 3018 49 26 or-

1495 3070 209 53 ganisme.
1755 3083 82 26 une
1883 3067 124 45 école,
2056 3068 129 51 qu'en
2236 3067 298 51 interrogeant
2580 3078 77 27 son

1495 3131 102 53 plus
1623 3131 189 41 lointain
1842 3128 148 54 passé?
2013 3128 69 42 En
2110 3142 113 26 nous
2250 3126 147 42 disant
2425 3128 55 40 les
2505 3125 130 41 condi-

1497 3193 118 41 tions
1656 3193 49 40 de
1748 3191 219 42 naissance
2010 3191 48 40 de
2102 3189 124 41 l'idée
2269 3188 220 45 moderne,
2535 3186 105 42 l'his-

1496 3255 110 40 toire
1629 3268 112 29 nous
1762 3264 166 41 permet
1955 3253 49 39 de
2028 3250 178 53 préciser
2232 3249 148 41 mieux
2404 3260 126 29 notre
2558 3249 83 40 atti-

1497 3316 102 40 tude
1631 3314 208 53 présente.

1496 3414 82 41 Les
1609 3413 170 41 débuts.

1563 3487 55 41 Et
1656 3487 98 40 c'est
1790 3500 99 27 sans
1923 3483 301 45 étonnement,
2263 3483 38 50 je
2338 3495 201 38 suppose,
2578 3495 84 38 que

1494 3563 111 28 vous
1635 3561 229 29 trouverez
1892 3547 48 40 ici
1973 3561 56 26 un
2061 3546 145 50 rappel
2236 3544 48 40 de
2317 3544 38 40 la
2383 3542 277 44 Révolution

1494 3610 240 51 Française,
1780 3624 57 26 un
1880 3609 70 39 des
1991 3607 146 52 piliers
2178 3607 49 40 de
2270 3606 9 39 1
2303 3604 218 52 idéologie
2564 3617 97 26 mo-
