1613 2231
201 108 142 28 Zeitschrift
355 110 70 32 Pan,
442 108 117 36 widmen,
577 108 67 27 doch
657 109 80 27 sollen
747 109 57 36 jene
817 110 96 27 andren
924 110 78 28 Pläne
1015 109 105 28 deshalb
1133 109 67 28 nicht
1213 121 45 16 aus
1272 110 60 28 dem
1344 111 80 36 Auge

201 153 114 27 verloren
338 153 53 27 und
413 152 81 28 schon
517 153 148 28 demnächst
682 153 151 37 wenigstens
856 154 43 28 mit
920 154 46 28 der
988 151 171 40 Herausgabe
1182 154 93 37 einiger
1298 155 126 28 kleineren

200 197 95 28 Werke
312 197 137 37 begonnen
467 197 110 28 werden.

279 241 53 27 Die
354 240 219 29 Genossenschaft
594 241 88 29 nimmt
708 242 65 28 auch
795 242 126 28 weiterhin
945 253 78 25 gerne
1046 243 144 36 Mitglieder
1218 244 49 35 auf,
1294 255 44 17 um
1364 244 60 27 dem

199 286 69 26 Ziele
287 285 67 28 einer
373 286 134 36 möglichst
524 286 165 37 vollzähligen
700 287 175 36 Vereinigung
896 287 60 27 aller
974 287 229 29 kunstfördernden
1224 288 91 28 Kreise
1335 288 88 28 immer

200 330 79 27 näher
296 341 30 16 zu
344 329 126 29 kommen.

279 374 52 27 Die
350 375 149 28 materiellen
510 375 112 36 Vorteile,
642 375 40 29 die
699 376 37 28 sie
754 376 69 27 ihren
841 375 160 36 Mitgliedern
1019 375 67 29 beim
1103 377 103 36 Bezüge
1224 377 46 28 der
1282 377 140 28 Zeitschrift

199 429 30 16 zu
246 418 83 28 bieten
346 429 114 26 vermag,
478 419 55 29 sind
551 431 46 17 aus
615 421 46 27 der
679 420 136 37 folgenden
833 420 162 35 Aufstellung
1013 421 149 28 ersichtlich:

279 462 51 28 Die
350 464 258 37 Künstler-Ausgabe
629 466 59 37 (nur
710 464 39 28 für
770 463 157 36 Mitglieder)
950 464 63 27 wird
1034 465 125 28 Inhabern
1177 477 52 16 von
1251 477 32 23 30
1302 466 120 27 Anteilen

200 507 80 36 (3000
298 507 91 38 Mark)
407 509 176 36 unentgeltlich
600 509 116 36 geliefert.

279 551 107 29 Inhaber
402 564 53 17 von
473 565 32 17 20
522 554 121 28 Anteilen
660 554 82 36 (2000
760 551 91 37 Mark)
870 551 111 29 erhalten
998 553 41 28 die
1058 554 238 37 Luxus-Ausgabe,
1314 554 108 28 Inhaber

199 606 51 17 von
268 606 28 18 10
315 597 120 29 Anteilen
454 600 74 35 (1000
547 598 91 36 Mark)
657 597 41 27 die
715 596 149 36 allgemeine
881 596 128 36 Ausgabe
1028 598 115 28 dauernd
1161 598 182 38 unentgeltlich.

278 641 38 28 Im
325 642 106 36 übrigen
445 643 63 27 stellt
520 642 60 36 sich,
850 640 46 28 der
903 640 251 39 Jahresbezugspreis
1167 643 45 28 der
1225 643 197 28 verschiedenen

198 685 157 36 Kategorien
373 687 48 27 wie
438 687 75 37 folgt:

506 789 14 11 r
522 791 8 2 ..
688 774 174 21 Künstler-Ausgabe
887 775 154 23 Luxus-Ausgabe
1074 777 72 21 Allgem.
1155 778 84 21 Ausgabe

677 793 45 31 |__
737 797 17 15 in
766 796 49 17 Mark
927 798 17 16 in
955 798 49 17 Mark
1119 800 16 16 in
1146 799 50 17 Mark

381 840 147 21 Nichtmitglieder
764 847 23 3 —
953 841 31 16 160
1152 846 21 17 75

381 888 73 16 Inhaber
464 893 35 11 von
511 892 7 12 I
521 892 34 16 —4
565 887 80 17 Anteilen
760 891 33 17 300
952 893 31 13 120
1152 894 23 16 40

415 950 8 7 ..
476 950 8 7 »
510 940 43 17 5—9
602 950 9 7 11
759 940 9 12 2
771 940 21 17 7°
952 942 31 12 100
1152 942 20 17 25

415 999 8 7 „
476 999 8 7 „
500 990 20 12 10
521 990 45 16 —14
601 999 9 8 „
760 989 33 18 230
960 991 23 17 70
1096 987 120 21 unentgeltlich

415 1048 8 8 11
475 1048 9 8 11
500 1040 6 10 T
511 1039 7 17 S
522 1044 20 3 —
545 1040 6 11 l
555 1040 11 16 9
601 1048 9 8 11
761 1035 31 16 ISo
960 1040 23 16 4°
1152 1049 10 8 11

414 1097 9 8 „
475 1097 9 7 „
498 1088 22 13 20
520 1089 45 16 —24
601 1097 8 7 „
760 1088 32 17 130
905 1084 120 21 unentgeltlich

415 1146 8 7 „
476 1146 8 7 „
498 1137 20 17 25
520 1137 45 17 —29
600 1146 9 8 „
769 1136 23 17 70
961 1145 9 8 „

414 1195 9 7 11
474 1195 10 7 ii
521 1186 21 17 30
600 1195 9 7 11
714 1180 119 23 unentgeltlich

278 1252 51 27 Als
347 1252 182 29 Grundeinheit
546 1253 41 28 für
605 1253 41 28 die
658 1252 158 37 Beteiligung
835 1251 45 28 der
896 1252 144 37 Mitglieder
1057 1254 30 28 ist
1105 1254 39 28 ein
1156 1254 88 28 Anteil
1257 1255 56 35 (ioo
1327 1253 92 38 Mark)

198 1295 140 37 festgesetzt
354 1296 111 28 worden.
501 1298 52 27 Die
572 1298 117 36 Beiträge
711 1297 102 27 können
835 1296 36 28 als
889 1296 227 31 Geschäftsanteile
1138 1299 44 27 mit
1199 1298 159 36 Beteiligung
1378 1309 42 16 am

199 1338 108 28 Gewinn
329 1340 53 27 und
405 1340 98 29 Verlust
529 1342 48 28 des
599 1341 209 36 Unternehmens,
831 1341 64 28 oder
919 1343 36 28 als
979 1343 145 36 Stiftungen
1147 1343 68 28 ohne
1236 1342 184 37 geschäftliche

198 1382 158 39 Beteiligung
373 1384 138 37 eingezahlt
528 1386 110 29 werden.

278 1427 51 27 Die
352 1428 113 28 Vorteile
489 1429 46 28 der
557 1431 144 37 Mitglieder
724 1430 69 29 beim
813 1431 103 37 Bezüge
939 1432 59 28 aller
1025 1431 116 28 weiteren
1163 1431 189 28 Publikationen
1374 1430 46 29 der

198 1471 221 28 Genossenschaft
436 1473 103 29 werden
556 1475 25 27 in
595 1476 89 35 jedem
702 1476 126 28 einzelnen
845 1476 72 28 Falle
936 1476 133 37 mitgeteilt.

1512 22 82 33 1f
