3424 4407
1677 191 69 50 60

183 344 244 62 durchweg
449 342 119 48 ihrer
590 335 455 69 Eigenthiiiidichkeit
1066 329 323 68 entsprechend
1414 327 256 56 behandelt,

183 420 71 47 die
294 419 261 48 dankbaren
591 415 148 47 Seiten
781 429 110 47 gern
932 407 389 66 hervorgehoben,
1367 406 120 47 Alles
1531 404 141 62 klingt

184 495 127 47 recht
348 500 80 57 gut
463 493 43 45 in
534 487 226 58 einander,
807 487 70 47 die
906 484 288 49 thematische
1223 480 160 48 Arbeit
1411 480 54 46 ist
1494 477 151 64 (beson-

183 570 100 48 ders
311 570 45 46 in
383 569 100 47 dem
511 566 104 46 Trio
644 581 84 31 von
757 562 155 64 Stiehl)
962 567 80 58 gut
1082 557 90 50 und
1213 556 219 48 zuweilen
1473 555 103 56 lein,
1623 570 47 30 so

182 645 99 48 dass
308 641 264 50 schliesslich
600 640 92 48 drei
723 637 272 50 ordentliche
1021 635 172 65 Spieler
1230 632 69 47 bei
1330 630 220 63 massigen
1578 630 63 45 An-

183 719 304 62 forderungen
508 716 130 47 einen
659 711 364 56 wohlthuenden,
1051 725 133 33 wenn
1212 707 114 47 auch
1354 706 121 47 nicht
1504 703 139 49 bedeu-

178 794 179 55 tenden,
380 791 229 48 Eindruck
633 791 77 46 mit
736 788 90 47 sich
854 787 194 47 nehmen
1070 783 196 50 werden.
1294 782 87 46 Die
1409 780 263 64 eigentliche

178 868 271 50 melodische
489 866 254 62 Erfindung
784 865 53 45 ist
883 861 239 65 allerdings
1167 861 45 46 in
1260 857 161 48 beiden
1463 856 209 49 Werken

178 945 122 48 nicht
325 943 120 49 reich
468 942 89 48 und
581 938 208 57 fesselnd;
819 938 193 49 dieselbe
1034 936 160 49 erhebt
1214 934 92 47 sich
1330 932 151 48 weder
1501 931 45 48 in
1569 929 101 49 dem

179 1021 129 48 einen
333 1018 116 49 noch
477 1018 44 47 in
549 1017 100 47 dem
680 1015 195 49 anderen
898 1015 106 46 Trio
1031 1013 105 47 sehr
1157 1011 115 48 über
1296 1008 78 48 das
1395 1008 171 47 Niveau
1595 1006 77 48 des

174 1096 140 48 schon
343 1095 230 48 Gehörten
602 1092 93 48 und
739 1092 63 47 oft
828 1092 356 62 Dagewesenen.
1237 1084 210 49 Indessen
1476 1083 196 47 leuchtet

177 1171 114 48 doch
322 1171 170 48 überall
521 1168 77 48 das
626 1167 192 48 Streben
845 1167 114 47 nach
998 1166 192 53 fester,
1219 1163 324 61 ausgeprägter
1571 1158 92 47 und

176 1244 386 65 wohlklingender
588 1243 193 50 Melodie
809 1243 176 53 hervor,
1028 1239 91 49 und
1152 1237 140 48 schon
1330 1235 91 47 dies
1454 1235 55 46 ist
1536 1251 108 31 anzu-

177 1323 244 55 erkennen,
449 1322 61 46 im
540 1321 273 63 Gegensatze
840 1335 53 30 zu
921 1317 85 47 den
1035 1313 243 56 absurden,
1317 1310 101 49 dem
1448 1310 197 47 musicali-

178 1398 137 48 schen
343 1397 307 62 Wohlklange
689 1393 217 66 geradezu
938 1388 430 68 hohnsprechenden
1396 1387 246 48 Bestrebun-

178 1491 88 47 gen
294 1473 80 48 der
400 1479 212 42 neuesten
640 1470 177 47 Schule.

290 1550 52 46 In
369 1548 100 48 dem
499 1548 105 47 Trio
644 1563 84 31 von
769 1543 332 65 Kündinger
1141 1543 77 47 hat
1259 1557 81 32 uns
1369 1539 79 48 das
1476 1538 192 48 Scherzo

176 1624 281 50 entschieden
499 1623 87 48 den
626 1623 155 47 besten
809 1620 231 49 Eindruck
1077 1618 221 66 gemacht.
1353 1618 94 44 Das
1489 1614 180 65 pikante

172 1700 91 50 und
278 1702 168 63 duftige
463 1699 289 66 Tongewebe
774 1699 76 47 des
874 1699 295 62 Hauptsatzes
1451 1693 16 19 ''
1548 1689 118 66 fact)

170 1777 140 48 findet
336 1778 44 45 in
408 1777 100 46 dem
532 1777 261 46 Mittelsatze
1470 1773 202 64 (Des-dur
1172 1771 127 47 einen
1330 1768 124 48 recht
1482 1766 158 49 wirksa-

172 1870 101 32 men
301 1853 92 48 und
422 1859 80 58 gut
530 1851 334 65 angebrachten
888 1850 220 48 Contrast.
1137 1848 84 47 Die
1246 1845 315 50 Combination
1590 1843 76 48 des

179 1926 18 28 6
198 1925 25 60 /
224 1959 16 26 8
247 1958 19 6 -
285 1928 92 48 und
405 1929 75 47 des
511 1928 216 49 C-Tactes
755 1928 89 47 will
874 1925 239 64 allerdings
1151 1923 96 48 hier
1284 1921 122 49 nicht
1440 1920 82 48 viel
1551 1920 92 47 heis-

169 2023 100 39 sen;
314 2005 69 48 die
413 2004 345 49 Clavier-Partie
793 2003 122 47 hätte
953 2001 113 49 eben
1094 2017 47 31 so
1171 2005 81 59 gut
1283 1995 60 62 %
1376 1996 284 50 beibehalten

169 2083 193 48 können.
416 2083 95 47 Der
549 2088 147 40 erste
736 2081 100 47 Satz
877 2079 95 48 tritt
1011 2079 79 47 mit
1129 2077 145 47 seiner
1313 2083 145 40 ersten
1493 2074 171 48 Phrase

169 2159 163 63 kräftig
360 2174 148 48 genug
537 2156 100 56 auf;
680 2156 42 47 in
761 2155 80 48 der
866 2154 320 63 Fortführung
1221 2151 165 66 jedoch
1429 2150 235 65 begegnen

170 2236 83 49 wir
281 2234 227 48 entweder
536 2234 103 47 übel
682 2232 329 64 angebrachter
1040 2229 375 49 Sentimentalität
1456 2227 109 47 oder
1602 2244 62 29 zu

170 2310 447 49 freundschaftlichen
659 2310 319 62 Gesinnungen
1019 2323 146 49 gegen
1203 2304 334 55 Mendelssohn,
1584 2302 81 49 der

169 2386 285 51 bekanntlich
483 2386 114 48 auch
624 2386 109 48 zwei
762 2386 144 46 Trio's
948 2381 293 67 geschrieben
1282 2381 94 56 hat,
1424 2380 70 48 die
1543 2380 122 47 nicht

170 2481 110 49 ganz
322 2462 195 49 schlecht
555 2464 93 45 sein
684 2462 152 49 sollen.
891 2462 174 46 Ferner
1092 2460 150 47 hätten
1272 2457 83 48 wir
1383 2456 281 65 gewünscht,

177 2541 99 48 dass
304 2540 79 48 der
412 2539 258 64 Componist
696 2537 81 50 der
804 2537 226 48 durchaus
1058 2536 243 47 veralteten
1330 2533 190 56 Manier,
1548 2532 116 48 nach

172 2616 100 50 dem
300 2615 317 66 vollständigen
647 2615 270 48 Abschlüsse
946 2613 77 49 des
1044 2612 283 47 Mittelsatzes
1350 2611 43 47 in
1415 2610 145 48 einem
1583 2611 55 46 So-

170 2692 341 64 naten-Allegro
539 2691 115 48 noch
684 2691 161 47 einmal
873 2690 98 48 eine
1000 2687 236 51 förmliche
1258 2687 207 47 brillante
1490 2685 176 48 Cadenz

174 2770 280 54 loszulassen,
497 2768 79 47 mit
615 2767 142 47 dieser
794 2766 85 48 den
922 2773 145 41 ersten
1104 2765 127 47 Theil
1272 2781 53 29 zu
1355 2762 313 56 beschliessen,

177 2846 90 48 und
309 2845 117 49 dann
465 2846 60 47 im
568 2845 187 48 zweiten
794 2843 171 57 Theile,
1011 2859 101 30 zum
1156 2841 208 48 Schlüsse
1405 2839 76 49 des
1520 2846 148 40 ersten

176 2923 163 56 Satzes,
369 2923 119 47 Alles
516 2937 110 49 ganz
656 2920 273 66 gemüthlich
960 2921 42 45 in
1033 2918 70 48 die
1124 2920 173 45 Tonart
1316 2916 81 48 der
1419 2916 169 48 Tonica
1616 2933 50 30 zu

173 2998 325 64 transponiren,
534 3005 175 55 entsagt
736 2997 134 47 hätte.
922 2997 65 46 Im
1016 2994 140 49 Jahre
1188 2993 142 50 1859
1363 2992 104 48 darf
1489 3008 105 32 man
1625 3007 44 32 es

176 3074 91 49 sich
290 3074 119 47 nicht
436 3074 127 47 mehr
590 3090 47 31 so
666 3073 133 48 leicht
826 3072 213 55 machen;
1089 3071 97 47 hier
1214 3071 103 47 hört
1345 3069 70 47 die
1443 3069 193 65 Bequem-

176 3151 177 48 lichkeit
388 3151 86 48 auf.
527 3151 158 47 Durch
718 3149 273 56 Beethoven,
1026 3146 334 57 Mendelssohn,
1390 3146 276 55 Schumann,

176 3228 143 47 Hiller
347 3245 42 30 u.
410 3229 55 46 A.
488 3227 95 47 sind
612 3227 74 47 für
713 3226 77 49 das
812 3226 211 48 Einzelne
1051 3226 78 47 der
1157 3224 191 64 ewigen,
1377 3222 266 65 unerschöpf-

177 3304 141 47 lichen
346 3304 348 63 Allegro-Form
732 3320 47 30 so
816 3302 109 47 viele
960 3318 116 31 neue
1103 3301 290 46 interessante
1424 3298 214 49 Combina-

177 3381 148 47 tionen
353 3379 90 49 und
474 3378 305 65 Wendungen
808 3378 206 48 entdeckt
1052 3377 202 57 worden,
1296 3375 100 49 dem
1439 3374 201 48 erfinden-

181 3454 85 48 den
282 3455 144 49 Geiste
449 3454 96 65 (der
570 3455 92 49 sich
692 3455 113 47 eben
833 3455 169 47 sowohl
1031 3454 45 47 in
1105 3453 250 65 geistvoller
1369 3450 300 66 Behandlung

181 3530 91 49 und
297 3532 230 64 Belebung
568 3532 80 48 der
684 3532 262 64 gegebenen
978 3533 135 46 Form
1143 3530 84 47 wie
1256 3530 43 47 in
1330 3528 198 49 anderen
1557 3528 84 48 Din-

182 3623 86 48 gen
295 3607 150 64 zeigen
470 3607 134 66 kann)
633 3608 95 48 sind
755 3624 49 32 so
832 3608 109 47 viele
972 3607 359 64 Anhaltspunkte
1363 3608 75 44 für
1466 3605 204 49 weiteres

181 3683 283 65 Vordringen
492 3684 216 65 gegeben,
748 3684 99 50 dass
884 3685 83 47 wir
995 3701 82 31 uns
1105 3683 259 65 unmöglich
1393 3683 79 47 mit
1501 3682 171 48 blosser

179 3759 238 48 trockener
443 3760 354 64 Becapitulation
823 3760 76 49 des
929 3759 280 51 tausendmal
1241 3760 344 64 Dagewesenen

181 3835 116 50 auch
327 3852 129 30 wenn
484 3852 45 30 es
555 3836 90 47 sich
676 3835 114 50 bloss
831 3854 75 31 um
940 3835 586 51 Formen-Schönheit
1560 3835 84 48 han-

181 3911 91 49 delt
388 3911 237 65 begnügen
653 3911 191 50 können.

296 3988 134 48 Ohne
471 3988 221 64 geradezu
732 4005 54 32 an
826 3989 76 48 das
935 3989 387 66 Eündinger'sche
1357 3988 315 64 anzuklingen,

178 4064 170 49 stimmt
388 4064 115 49 doch
544 4064 77 49 das
650 4064 300 49 Stiehl'sche
979 4065 105 50 Trio
1113 4066 43 47 in
1185 4064 100 51 dem
1319 4065 181 50 Ganzen
1526 4065 146 48 seiner

1743 325 337 51 musicalischen
2113 325 205 62 Haltung
2358 339 48 32 so
2448 322 103 49 sehr
2591 322 80 47 mit
2706 320 152 64 jenem
2897 320 207 57 überein,
3146 318 102 50 dass

1743 405 81 46 wir
1866 419 45 30 es
1954 402 75 46 für
2069 401 272 63 überflüssig
2379 398 167 56 halten,
2595 397 203 48 dasselbe
2840 412 55 32 an
2938 396 145 47 dieser
3109 397 136 47 Stelle

1742 478 123 47 einer
1899 477 212 47 weiteren
2147 473 310 66 eingehenden
2485 473 322 64 Besprechung
2848 489 52 29 zu
2943 471 301 48 unterziehen.

1742 555 85 47 Um
1852 552 163 64 jedoch
2044 553 122 47 nicht
2201 550 249 64 ungerecht
2485 566 52 31 zu
2572 548 109 55 sein,
2722 547 245 48 bemerken
2998 547 81 47 wir
3113 546 132 56 noch,

1742 628 99 47 dass
1870 627 140 48 Stiehl
2048 627 100 48 dem
2187 625 337 64 Ciavierspieler
2566 623 199 64 weniger
2806 622 290 48 absichtliche
3127 622 88 48 Con-

1742 705 230 47 cessionen
2001 705 165 55 macht,
2190 703 84 47 wie
2294 701 286 63 Kündinger,
2608 717 48 31 so
2687 699 83 46 wie
2800 697 116 48 denn
2946 698 114 47 auch
3092 699 43 46 in
3164 698 80 47 der

1741 779 325 47 thematischen
2093 777 368 62 Durchführung
2495 776 91 47 sich
2629 774 191 47 manche
2849 773 113 47 feine
2990 774 126 63 Züge
3144 790 75 30 vor-

1743 854 165 49 finden.
1955 856 95 45 Das
2078 853 192 48 Scherzo
2312 853 53 46 ist
2398 852 106 46 sehr
2530 851 197 54 hübsch;
2773 849 77 47 das
2881 849 155 47 Finale
3064 848 95 48 tritt
3186 848 58 47 im

1743 932 182 47 Ganzen
1954 931 126 47 recht
2107 928 317 66 schwunghaft
2450 927 93 48 und
2572 925 390 50 charakteristisch
2993 925 89 47 auf.

2943 1018 188 47 g.

1954 1238 246 57 Johann
2257 1234 272 59 Michael
2581 1233 457 59 Mettenleiter.

2315 1350 356 50 (Nekrolog.)

1853 1458 63 47 Es
1944 1454 123 49 starb
2107 1470 73 32 am
2217 1454 78 47 11.
2326 1453 209 48 Februar
2577 1451 141 49 dieses
2746 1453 181 55 Jahres,
2967 1453 219 63 Morgens
3219 1453 30 48 8

1742 1535 111 56 Uhr,
1902 1550 53 31 zu
1997 1529 382 52 Wallerstein
2422 1530 60 46 im
2532 1529 83 48 69.
2654 1529 157 56 Jahre,
2859 1529 116 48 nach
3016 1529 228 65 längerem

1739 1610 248 56 Kränkeln,
2024 1606 301 50 vollkommen
2349 1605 197 65 ergeben
2567 1605 43 47 in
2640 1605 86 47 den
2748 1605 174 47 Willen
2947 1605 155 47 Gottes
3123 1606 124 47 Herr

1737 1687 116 49 Joh.
1885 1684 244 49 Michael
2158 1682 399 58 Mettenleiter,
2581 1681 205 47 fürstlich
2805 1681 442 47 Wallerstein'scher

1738 1765 221 53 Secretär,
1987 1761 230 64 Inspector
2240 1757 80 49 der
2342 1757 263 49 fürstlichen
2629 1756 413 65 lithographischen
3065 1757 178 47 Anstalt

1738 1840 91 48 und
1852 1840 283 61 Chorregent
2156 1853 52 30 zu
2234 1835 307 49 Wallerstein.
2567 1836 66 46 Er
2660 1850 96 32 war
2783 1834 202 64 geboren
3008 1851 53 30 zu
3085 1835 132 47 Gross-

1735 1915 178 48 kuchen
1956 1912 87 49 den
2081 1912 85 49 29.
2194 1914 174 45 Januar
2403 1910 159 58 1791,
2613 1911 103 47 kam
2754 1910 61 47 im
2853 1908 199 50 Herbste
3101 1910 139 48 1799

1737 1992 114 49 nach
1880 1988 419 51 Stadt-Neresheim
2327 2005 55 30 zu
2410 1986 101 48 dem
2541 1987 208 64 doitigen
2779 1986 343 65 Chorregenten
3151 1985 94 49 und

1734 2068 175 49 Lehrer
1940 2066 117 57 Göll,
2085 2082 76 31 um
2191 2065 71 48 die
2290 2062 384 66 Anfangsgründe
2702 2062 43 47 in
2775 2061 79 48 der
2882 2062 167 56 Musik,
3078 2061 135 49 beson-

1735 2146 103 48 ders
1866 2146 61 47 im
1955 2145 184 63 Singen,
2167 2160 53 30 zu
2250 2143 167 47 lernen.
2445 2143 90 46 Am
2560 2141 41 48 1.
2623 2141 90 47 Juli
2749 2138 134 50 1801
2919 2138 160 50 wurde
3107 2156 49 32 er
3183 2140 61 48 im

1735 2223 182 46 Kloster
1937 2220 264 48 Neresheim
2232 2220 63 47 als
2318 2217 256 48 wirklicher
2594 2216 261 65 Singknabe
2880 2216 365 63 aufgenommen.

1735 2298 79 47 Als
1842 2298 60 46 im
1923 2296 139 48 Jahre
2091 2293 141 50 1803
2257 2293 79 49 das
2358 2295 181 47 Kloster
2561 2291 289 65 aufgehoben
2880 2291 157 48 wurde
3066 2291 92 48 und
3187 2309 57 31 an

1737 2375 77 48 das
1856 2372 356 50 hochfürstliche
2259 2372 129 47 Haus
2431 2371 136 48 Taxis
2610 2369 240 65 überging,
2895 2368 237 48 errichtete
3173 2369 72 49 Se.

1737 2449 313 50 Durchlaucht
2093 2447 80 49 der
2213 2448 173 48 damals
2426 2446 266 66 regierende
2732 2448 135 46 Fürst
2905 2447 111 46 Karl
3059 2444 185 50 Anselm

1737 2528 71 47 ein
1834 2528 216 51 Lvceum,
2092 2524 45 47 in
2180 2524 217 49 welchem
2425 2524 62 47 M.
2516 2530 132 40 unter
2676 2522 87 48 den
2789 2522 253 47 nämlichen
3080 2522 137 48 Bedin-

1876 2579 13 13 «l
2040 2571 10 12 7

1738 2621 181 48 gungen
1954 2603 86 47 wie
2085 2601 118 48 beim
2233 2602 182 47 Kloster
2452 2601 63 47 als
2553 2598 263 65 Singknabe
2853 2598 259 48 verbleiben
3155 2598 93 48 und

1738 2682 121 47 seine
1883 2679 186 49 Studien
2093 2678 237 47 fortsetzen
2359 2677 161 48 durfte.
2549 2677 68 47 Er
2645 2676 194 48 erlernte
2869 2674 131 49 dabei
3031 2674 114 49 auch
3177 2674 68 49 bei

1739 2758 100 48 dem
1865 2757 254 63 damaligen
2142 2754 383 49 Musik-Director
2548 2754 136 47 Peter
2706 2752 207 48 Andreas
2935 2752 185 48 Schmid
3145 2753 75 47 Cia-

1738 2834 91 49 vier
1857 2834 90 47 und
1972 2833 141 65 Orgel
2142 2832 181 65 spielen.
2354 2833 71 46 Da
2455 2830 111 49 aber
2595 2830 57 47 im
2675 2830 140 47 Jahre
2845 2828 139 49 1806
3010 2828 144 48 durch
3177 2828 71 49 die

1740 2911 343 63 Mediatisirnng
2125 2907 78 49 des
2232 2908 263 47 fürstlichen
2524 2908 179 47 Hauses
2734 2905 134 49 Taxis
2897 2905 266 49 Neresheim
3193 2921 60 33 an

1740 2988 163 48 Baiern
1933 2987 242 63 überging,
2203 3002 48 32 so
2280 2984 158 48 wurde
2467 2984 115 48 auch
2613 2983 79 48 das
2713 2983 198 48 Lvceum
2943 2978 304 68 aufgehoben.

1739 3067 66 45 Er
1832 3072 89 40 trat
1947 3081 93 30 nun
2068 3079 99 32 vom
2191 3062 215 48 Studiren
2434 3060 166 49 zurück
2631 3060 92 49 und
2753 3060 194 49 erlernte
2976 3059 70 47 bei
3076 3059 171 48 seinem

1740 3143 140 47 Vater
1900 3142 103 47 Joh.
2026 3140 153 64 Georg
2200 3138 301 49 Mettenleiter
2529 3137 79 49 das
2629 3137 305 48 Uhrmachcn.
2963 3135 259 65 Hauptsäch-

1740 3218 84 48 lich
1855 3218 148 47 wollte
2033 3233 48 31 er
2102 3215 91 49 sich
2217 3214 78 50 der
2317 3214 324 65 Verfertigung
2661 3213 398 48 mathematischer
3080 3214 146 46 Instru-

1740 3302 150 42 mente
1918 3294 212 57 widmen,
2161 3294 62 47 als
2252 3309 50 32 er
2330 3293 58 47 im
2415 3292 194 48 Herbste
2638 3290 136 50 1807
2805 3290 142 47 durch
2977 3289 87 48 den
3093 3289 126 49 dama-

1740 3372 120 64 ligen
1907 3372 151 47 Herrn
2100 3369 374 50 Schul-Director
2521 3369 136 46 Pater
2703 3368 111 47 Karl
2855 3366 127 49 Nack
3032 3374 220 57 angeregt

1742 3448 174 57 wurde,
1956 3465 77 31 um
2062 3448 86 47 den
2177 3463 49 32 so
2256 3445 114 48 eben
2401 3453 214 40 vacanten
2646 3445 338 64 Präccptorats-
3013 3443 91 48 und
3132 3444 90 48 Leh-

1740 3526 258 47 rer-Dienst
2026 3525 42 47 in
2097 3524 178 48 Schloss
2303 3523 267 48 Neresheim
2600 3521 302 56 anzusuchen,
2932 3520 195 48 welcher
3156 3520 92 48 ihm

1742 3603 114 48 auch
1886 3601 225 49 verliehen
2142 3599 171 48 wurde.
2342 3599 127 48 Nach
2501 3596 100 50 dem
2627 3596 126 49 Tode
2783 3596 76 49 des
2881 3595 255 66 damaligen
3160 3596 60 49 Or-

1742 3679 203 65 ganisten
1974 3680 136 46 Pater
2138 3679 194 62 Magnus
2360 3676 123 47 Tous
2524 3674 159 48 wurde
2725 3674 91 47 ihm
2857 3673 114 48 auch
3002 3673 71 48 die
3102 3674 121 63 Orga-

1742 3756 303 49 nisten-Stelle
2068 3754 291 63 übertragen.
2386 3754 78 46 Als
2481 3751 264 49 Neresheim
2770 3750 141 48 1810
2930 3768 56 30 an
3010 3750 70 48 die
3098 3751 156 49 Krone

1744 3831 336 65 Würtemberg
2109 3831 240 64 überging,
2384 3827 159 50 wurde
2572 3844 49 32 er
2648 3829 63 48 als
2740 3827 325 49 Musterlehrer
3094 3827 130 65 aufge-

1742 3910 132 55 stellt,
1916 3907 91 49 und
2048 3924 45 33 es
2132 3906 158 50 wurde
2328 3906 93 47 ihm
2461 3906 95 47 laut
2582 3906 169 46 Decret
2787 3920 102 32 vom
2920 3904 47 48 2.
2995 3902 261 50 November

1751 3985 135 49 1811
1922 3990 225 60 gestattet,
2177 3981 499 65 Schulamts-Zöglinge
2704 3981 45 47 in
2770 3980 262 49 Unterricht
3059 3998 53 30 zu
3140 3981 83 48 neh-

1744 4079 118 33 men.
1909 4065 88 46 Am
2029 4061 48 48 2.
2106 4060 90 49 Mai
2233 4060 139 51 1812
2416 4059 159 49 wurde
2615 4075 50 33 er
2701 4059 95 48 laut
2822 4059 169 48 Decret
3027 4057 63 50 als
3120 4057 108 50 wirk-
