2649 4117
1016 1039 163 71 LES
1230 1042 238 68 AIRS
1522 1044 63 66 A
1644 1039 409 71 DANSER

1504 1222 45 21 DE

785 1343 502 59 L'ANCIENNE
1380 1345 267 59 ÉCOLE
1734 1343 476 61 FRANÇAISE

2225 1347 46 27 111

1505 1756 45 40 II

1315 1899 57 26 LA
1422 1897 325 28 PASSACAILLE

974 2045 225 51 ESPRÉAUX,
1225 2043 37 40 le
1285 2043 107 40 mari
1415 2043 52 40 de
1495 2061 13 19 «
1539 2043 41 40 la
1602 2043 213 41 Guimard
1844 2057 39 36 »,
1916 2045 118 50 après
2057 2040 118 41 avoir
2196 2054 52 26 eu
2275 2041 103 40 beau-

976 2130 113 40 coup
1110 2117 51 40 de
1184 2120 141 38 succès
1347 2131 169 27 comme
1544 2118 202 47 danseur,
1771 2116 67 40 fut
1860 2116 177 40 nommé
2057 2115 212 40 directeur
2290 2115 52 39 de
2364 2115 39 39 la

977 2193 138 45 scène,
1151 2190 97 54 puis
1287 2191 246 54 inspecteur
1566 2190 52 40 de
1653 2189 176 55 l'Opéra
1862 2197 41 32 et
1943 2189 72 40 des
2054 2188 184 40 théâtres
2278 2188 50 39 de
2363 2187 40 40 la

977 2263 118 41 Cour
1119 2262 163 55 (1807).
1306 2263 80 41 Ces
1405 2264 151 40 hautes
1580 2263 217 40 fonctions
1821 2276 52 26 ne
1903 2261 235 41 satisfirent
2172 2273 76 41 pas
2283 2273 120 28 com-

656 2339 238 54 plétement
925 2338 361 53 l'amour-propre
1322 2337 51 40 de
1406 2336 254 41 l'estimable
1689 2335 315 56 chorégraphe;
2030 2335 29 39 il
2090 2332 315 42 ambitionnait

654 2413 42 40 la
717 2412 141 55 palme
882 2413 203 54 poétique
1116 2419 40 33 et
1177 2410 169 42 voulait
1368 2410 146 41 suivre
1536 2411 60 39 les
1617 2419 134 31 traces
1772 2409 238 53 glorieuses
2031 2409 50 40 de
2102 2407 198 54 Boileau,
2324 2420 79 28 son

655 2483 170 42 illustre
844 2488 282 52 homonyme.

712 2574 21 24 cc
767 2560 80 40 Les
887 2560 147 40 Muses
1063 2567 96 33 sont
1180 2572 139 27 sœurs
1340 2573 47 39 »,
1409 2556 136 43 dût-il
1568 2570 41 28 se
1646 2557 90 41 dire
1776 2556 107 41 dans
1920 2556 37 40 le
1981 2556 110 53 style
2122 2555 204 54 ampoulé
2354 2554 51 40 de

655 2634 207 54 l'époque,
889 2649 22 23 <(
932 2633 218 55 pourquoi
1167 2633 110 40 donc
1303 2631 285 55 Terpsichore
1611 2630 287 41 n'aurait-elle
1920 2643 74 41 pas
2017 2643 76 26 son
2118 2631 166 52 poème,
2310 2634 96 33 tout

653 2707 116 40 aussi
790 2707 96 40 bien
910 2721 84 40 que
1015 2707 39 40 la
1088 2706 157 41 blonde
1279 2706 130 39 Erato
1427 2707 14 38 ?
1466 2704 182 41 Boileau
1687 2705 251 53 Despréaux
1965 2717 23 26 a
2023 2702 103 41 écrit
2154 2702 25 40 Y
2183 2702 88 40 Art
2305 2702 76 53 poé-

655 2780 118 56 tique
798 2814 8 18 ,
830 2795 43 27 ce
896 2794 90 27 sera
1007 2768 318 53 Jean-Étienne
1348 2779 250 55 Despréaux
1621 2778 77 54 qui
1721 2777 132 40 écrira
1871 2776 25 41 Y
1902 2776 89 41 Art
2013 2776 52 40 de
2090 2775 43 40 la
2155 2776 167 40 Danse.
2351 2790 17 22 »

712 2854 55 41 Et
789 2857 121 50 grâce
933 2857 22 37 à
978 2867 45 27 ce
1047 2852 260 54 monologue
1329 2866 51 26 en
1416 2852 84 40 vile
1522 2864 141 42 prose,
1691 2864 112 27 nous
1830 2863 134 27 avons
1987 2848 138 41 hérité
2148 2848 108 40 d'un
2288 2857 113 30 nou*

656 2941 108 27 veau
787 2929 149 53 poème
963 2932 7 35 !
996 2941 52 26 en
1069 2934 154 47 quatre
1244 2925 152 40 chants
1418 2929 6 36 !
1448 2928 7 37 !
1481 2925 160 53 calqué
1660 2937 74 26 sur
1754 2923 181 40 l'œuvre
1956 2921 52 40 de
2031 2921 180 40 Boileau
2233 2925 7 36 !
2260 2925 6 36 !
2283 2922 8 40 !

712 3001 182 41 Comme
922 3000 216 54 spécimen
1152 3032 9 20 ?
1185 2999 37 54 je
1244 3012 68 27 me
1341 2998 267 41 contenterai
1640 2997 51 40 de
1714 2996 104 41 citer
1837 2996 59 40 les
1918 2995 112 41 deux
2053 3008 93 27 vers
2170 2994 198 41 suivants
2395 3010 7 24 :

712 3094 179 40 Boileau
919 3092 115 41 avait
1055 3092 64 40 dit
1144 3104 8 29 :

851 3219 16 21 «
1081 3202 137 51 qu'une
1239 3200 157 50 voyelle
1425 3204 21 32 à
1468 3200 136 37 courir
1627 3207 87 43 trop
1729 3199 128 46 hâtée,

849 3272 62 36 Ne
929 3271 79 37 soit
1023 3271 112 36 d'une
1157 3269 157 49 voyelle
1335 3282 46 24 en
1404 3280 68 25 son
1495 3268 151 36 chemin
1669 3268 173 36 heurtée.
1870 3281 16 20 »

703 3412 49 42 (1)
776 3414 86 32 Voir
884 3413 31 32 le
938 3413 151 32 numéro
1112 3412 48 33 du
1187 3423 12 22 i
1206 3417 26 15 6i>
1255 3411 90 44 juin.
