2649 4117
1079 431 75 38 LA
1186 424 384 49 CHRONIQUE
1603 421 319 42 MUSICALE

615 433 84 41 260

752 578 48 40 Je
823 576 83 40 n'ai
927 575 94 40 rien
1044 587 117 38 reçu.

675 651 143 39 Même
838 646 266 42 affirmation
1115 645 134 41 d'une
1265 651 109 49 part,
1400 644 141 40 même
1562 641 259 55 dénégation
1836 641 52 40 de
1908 639 182 51 l'autre;
2112 651 57 28 on
2193 637 169 51 s'irrite,

618 736 57 29 on
698 736 43 27 se
760 721 204 55 querelle,
988 719 99 55 puis
1106 733 57 27 on
1182 717 163 42 oublie.

672 796 204 53 Quelque
898 803 139 46 temps
1058 794 135 54 après,
1218 793 52 39 de
1293 791 147 41 Bériot
1460 789 189 59 aperçoit
1686 802 55 27 au
1771 788 104 41 fond
1897 787 51 40 de
1981 786 40 41 la
2045 785 175 41 rainure
2259 784 107 40 d'un

618 867 220 43 secrétaire
862 868 191 53 quelque
1068 867 129 40 chose
1215 865 51 40 de
1289 865 140 41 blanc.
1460 864 33 39 Il
1508 878 28 40 y
1558 863 155 54 plonge
1734 863 41 39 la
1797 861 134 53 main,
1948 874 28 41 y
1996 868 95 32 sent
2117 873 63 27 un
2202 858 166 56 papier,

616 943 78 40 fait
710 940 151 42 ouvrir
891 948 110 33 cette
1023 940 190 40 rainure.
1239 938 71 41 On
1333 951 27 40 y
1386 945 199 32 retrouve
1605 936 59 40 les
1691 935 141 41 lettres
1860 943 142 32 toutes
2035 933 216 41 cachetées
2281 943 84 42 que

620 1015 198 41 madame
832 1013 52 42 de
901 1013 146 41 Bériot
1067 1012 115 41 avait
1204 1011 150 40 écrites
1374 1019 96 31 tous
1491 1010 59 40 les
1571 1009 117 52 jours
1706 1022 58 26 ou
1782 1008 144 54 plutôt
1939 1015 140 32 toutes
2102 1006 59 40 les
2178 1004 136 51 nuits,
2330 1011 41 33 et

620 1088 158 55 qu'elle
798 1086 116 42 avait
947 1084 358 42 successivement
1324 1082 126 55 jetées
1483 1083 107 39 dans
1622 1090 65 31 cet
1721 1079 217 41 interstice
1966 1081 59 39 du
2053 1078 174 41 meuble
2260 1078 106 39 dont

620 1159 79 42 elle
722 1172 42 27 se
788 1158 156 41 servait
965 1171 110 40 pour
1094 1157 150 51 écrire,
1268 1163 181 45 croyant
1468 1156 59 38 les
1549 1161 154 32 mettre
1719 1157 22 35 à
1764 1152 38 40 la
1825 1159 132 47 poste.

669 1232 49 40 Je
743 1232 123 40 viens
887 1230 51 40 de
961 1242 199 28 nommer
1183 1228 182 42 Charles
1386 1228 51 38 de
1467 1226 146 41 Bériot
1637 1239 9 27 :
1671 1224 200 54 l'unique
1901 1236 151 28 roman
2084 1222 52 41 de
2165 1223 41 40 la
2227 1222 69 40 vie
2318 1222 51 39 de

616 1307 41 40 la
674 1305 236 41 Malibran.
933 1304 220 39 Entourée
1175 1302 309 50 d'adorateurs,
1498 1313 85 41 que
1606 1300 58 39 les
1686 1298 191 40 charmes
1898 1297 52 41 de
1971 1305 108 33 cette
2100 1296 193 54 jeunesse
2320 1295 50 40 de

616 1378 141 54 génie,
779 1378 51 40 de
856 1384 108 33 cette
989 1375 133 55 gloire
1146 1375 246 53 fantasque,
1407 1372 209 55 grisaient
1635 1370 324 54 littéralement,
1983 1369 178 41 l'artiste
2183 1370 58 40 les
2264 1368 86 56 plai-

616 1451 122 54 gnait
760 1464 98 27 sans
880 1463 42 27 se
943 1450 91 39 dire
1057 1448 373 49 invulnérable,—
1449 1446 45 40 ni
1519 1453 214 46 coquette,
1757 1444 45 40 ni
1824 1443 151 55 prude.
2004 1443 79 40 «Je
2102 1441 97 53 sais,
2220 1441 129 41 disait-

616 1524 96 54 elle,
735 1527 24 38 à
785 1537 45 27 ce
864 1535 84 42 que
979 1535 110 27 nous
1112 1528 197 48 rapporte
1331 1533 45 27 sa
1410 1518 260 52 confidente,
1694 1530 100 41 que,
1813 1516 177 54 n'ayant
2023 1516 141 54 qu'un
2198 1515 86 42 lien
2314 1528 55 28 au

618 1598 157 41 monde
809 1610 99 28 avec
938 1610 63 27 un
1036 1596 177 40 homme
1239 1595 76 53 qui
1353 1592 195 57 pourrait
1575 1594 87 38 être
1696 1605 103 26 mon
1830 1591 256 54 grand-père
2105 1623 10 20 ,
2143 1590 106 40 dont
2274 1597 96 34 tout

620 1685 67 26 me
710 1672 161 53 sépare,
893 1669 36 54 je
951 1667 143 42 finirai
1123 1681 75 41 par
1224 1667 135 40 aimer
1380 1682 9 36 ;
1419 1666 109 40 mais
1556 1666 128 52 alors,
1703 1664 111 40 celui
1836 1676 86 41 que
1952 1662 209 54 j'aimerai
2184 1662 38 40 le
2242 1675 126 27 saura

623 1751 98 34 tout
741 1744 51 38 de
814 1742 126 53 suite,
964 1749 42 32 et
1025 1754 45 26 ce
1091 1754 89 26 sera
1202 1753 111 41 pour
1333 1738 245 54 toujours.»

676 1817 81 40 Les
780 1815 372 55 préoccupations,
1174 1813 296 51 dirons-nous,
1494 1812 59 40 les
1576 1811 201 54 jalousies
1797 1811 52 39 de
1868 1810 97 41 Part
1987 1810 148 41 furent
2162 1822 153 28 encore
2332 1808 40 42 la

618 1902 127 27 cause
780 1886 316 42 déterminante
1129 1885 52 40 de
1211 1897 45 28 ce
1292 1885 140 40 choix.
1473 1884 147 40 Bériot
1649 1884 102 40 était
1778 1896 240 27 amoureux
2046 1882 50 40 de
2124 1882 244 53 laSontag;

616 1961 109 40 mais
747 1959 163 42 celle-ci
929 1959 117 41 avait
1065 1958 117 40 aussi
1206 1972 77 26 son
1306 1971 167 37 roman,
1497 1956 109 42 dont
1627 1958 39 39 le
1698 1963 141 33 comte
1867 1955 126 41 Rossi
2024 1955 104 40 était
2154 1955 39 40 le
2225 1955 142 40 héros.

619 2034 107 40 Plus
747 2033 211 41 heureuse
976 2045 87 41 que
1080 2031 40 40 la
1143 2031 235 47 Malibran,
1406 2043 110 41 pour
1529 2029 40 41 la
1588 2029 148 41 future
1753 2036 208 33 comtesse
1981 2041 45 28 ce
2043 2041 154 27 roman
2219 2028 65 40 fut
2307 2040 62 27 un

616 2107 108 40 livre
746 2107 176 55 permis,
939 2106 66 40 s'il
1026 2106 79 40 dut
1126 2105 88 41 être
1235 2104 191 55 quelque
1447 2112 138 46 temps
1607 2104 141 40 caché.
1770 2102 159 51 Bériot,
1953 2102 160 51 évincé,
2136 2102 105 40 était
2262 2100 79 40 mal-

615 2182 213 40 heureux.
853 2181 61 40 La
935 2179 106 55 pitié
1061 2178 313 54 déguisa,dans
1396 2179 37 39 le
1452 2191 121 27 cœur
1592 2177 52 40 de
1665 2177 40 40 la
1729 2177 236 49 Malibran,
1979 2189 109 41 pour
2109 2175 261 51 elle-même,

614 2266 47 27 ce
692 2253 235 40 sentiment
953 2250 218 42 instinctif
1196 2250 77 54 qui
1295 2250 142 40 faisait
1467 2249 156 54 qu'elle
1654 2248 166 40 voulait
1851 2248 170 40 enlever
2053 2248 38 39 le
2122 2260 120 27 cœur
2263 2246 107 40 d'un

616 2325 137 53 grand
775 2325 149 41 artiste
946 2329 22 35 à
986 2325 38 39 la
1047 2324 132 39 rivale
1202 2326 23 37 à
1246 2323 76 53 qui
1344 2322 77 40 elle
1444 2322 117 39 avait
1581 2321 173 54 disputé
1774 2321 60 40 les
1860 2322 151 38 bravos
2032 2321 50 39 de
2103 2320 40 40 la
2163 2320 128 40 foule.
2312 2320 60 41 Ce

614 2398 66 41 fut
705 2401 23 37 à
755 2398 235 51 Bruxelles,
1014 2410 54 28 au
1101 2396 181 40 château
1303 2394 51 40 de
1378 2394 202 54 Chimay,
1602 2393 155 54 qu'elle
1781 2401 201 32 retrouva
2004 2393 51 40 de
2077 2393 166 52 Bériot,
2267 2406 102 41 que,

614 2473 121 53 après
743 2470 153 41 l'avoir
912 2469 188 42 entendu
1113 2468 121 55 jouer
1247 2481 102 28 avec
1364 2481 61 27 un
1440 2467 134 42 talent
1585 2480 85 41 que
1683 2466 195 41 doublait
1888 2467 209 53 peut-être
2112 2466 38 40 la
2162 2466 184 40 douleur
2363 2496 9 22 ,

614 2546 80 41 elle
715 2546 252 54 s'approcha
990 2546 51 39 de
1063 2544 61 40 lui
1148 2544 59 40 les
1229 2556 114 41 yeux
1362 2542 219 52 humides,
1606 2542 59 39 les
1685 2542 142 39 mains
1848 2540 301 49 tremblantes,
2173 2549 40 31 et
2232 2540 138 40 arrêta

616 2627 127 33 court
763 2619 193 52 l'artiste,
967 2618 79 54 qui
1069 2616 201 55 répondit
1291 2629 76 40 par
1388 2616 213 54 quelques
1623 2614 213 41 banalités
1860 2614 242 40 balbutiées
2124 2617 23 36 à
2169 2613 180 54 l'expres-

613 2692 100 40 sion
735 2690 51 41 de
809 2704 76 27 son
907 2689 343 53 enthousiasme,
1271 2702 52 26 en
1346 2688 64 41 lui
1433 2687 145 41 disant
1600 2701 100 27 avec
1733 2700 86 27 une
1847 2686 261 54 impatience
2128 2686 208 41 fiévreuse
2359 2699 7 26 :

616 2779 19 24 er
660 2765 121 52 Non,
804 2777 43 28 ce
868 2767 108 37 n'est
998 2777 74 40 pas
1093 2762 104 48 cela,
1218 2775 45 27 ce
1286 2762 107 39 n'est
1411 2774 75 41 pas
1507 2761 109 40 cela!
1640 2760 67 40 Ne
1722 2773 259 41 voyez-vous
2004 2773 74 41 pas
2102 2773 85 42 que
2202 2759 38 55 je
2260 2772 110 28 vous

616 2838 181 40 aime?»
1867 2869 15 18 ,

671 2910 165 51 Bériot,
859 2911 120 52 ému,
1004 2908 160 54 ébloui,
1189 2908 204 41 s'attacha
1427 2912 23 36 à
1485 2915 109 33 cette
1624 2906 286 42 consolatrice
1949 2906 116 40 aussi
2100 2906 271 41 ardemment

613 2997 85 41 que
720 2984 66 40 s'il
805 2984 116 41 avait
942 2982 186 56 compris
1151 2982 108 54 qu'il
1282 2982 139 40 s'était
1442 2982 169 53 trompé
1632 2981 52 40 de
1707 2982 97 39 rêve
1823 2984 7 36 !

668 3057 139 41 Marie
838 3056 181 55 repartit
1040 3069 110 40 pour
1170 3054 298 55 l'Angleterre.
1494 3053 84 41 Dès
1605 3054 102 51 lors,
1730 3054 79 40 elle
1847 3051 268 43 s'affranchit
2136 3053 51 41 de
2218 3052 38 41 la
2279 3060 51 33 tu-

611 3130 97 42 telle
730 3130 51 40 de
803 3129 198 41 madame
1020 3128 149 52 Naldi,
1187 3135 55 44 et,
1263 3131 23 36 à
1310 3140 76 27 son
1405 3134 145 33 retour
1562 3130 23 37 à
1611 3127 135 52 Paris,
1766 3139 55 28 au
1843 3126 85 41 lieu
1946 3127 51 39 de
2015 3125 234 42 descendre
2265 3125 106 41 chez

616 3210 110 34 cette
748 3203 128 53 amie,
896 3201 218 41 descendit
1132 3205 25 37 à
1173 3214 60 28 un
1251 3200 106 55 petit
1376 3200 115 40 hôtel
1510 3200 157 54 qu'elle
1688 3198 149 44 habita
1858 3200 134 40 seule.
2018 3199 147 41 Bériot
2188 3211 182 41 proposa

615 3281 23 36 à
664 3275 138 41 Marie
833 3276 51 40 de
910 3275 136 55 partir
1068 3289 100 27 avec
1201 3274 64 41 lui
1287 3287 110 42 pour
1418 3273 40 40 la
1481 3273 158 40 Russie
1661 3281 41 32 et
1736 3272 115 41 aussi
1874 3272 313 41 en-Hollande.
2230 3269 137 42 Marie

619 3349 139 41 refusa
779 3349 237 53 vivement,
1051 3356 41 33 et
1110 3362 61 27 un
1197 3361 141 40 nuage
1360 3360 122 42 passa
1505 3360 76 28 sur
1602 3355 109 32 cette
1732 3346 104 40 lune
1857 3346 50 40 de
1929 3346 102 40 miel
2051 3345 173 41 furtive.

667 3421 60 41 Ce
748 3422 66 41 fut
833 3436 73 27 sur
927 3436 67 27 ces
1016 3421 245 42 entrefaites
1286 3433 85 41 que
1395 3420 63 41 M.
1486 3419 221 42 Malibran
1729 3419 143 42 arriva
1894 3417 301 54 d'Amérique;
2221 3417 139 42 Marie
