<?xml version="1.0" encoding="UTF-8"?>
<alto xmlns:xsi="http://www.w3.org/2001/XMLSchema-instance" xmlns="http://www.loc.gov/standards/alto/ns-v2#" xsi:schemaLocation="http://www.loc.gov/standards/alto/ns-v2# http://www.loc.gov/standards/alto/alto-v2.0.xsd" xmlns:xlink="http://www.w3.org/1999/xlink">
	<Description>
		<MeasurementUnit>mm10</MeasurementUnit>
		<sourceImageInformation>
			<fileName>//fileserver7/IN2/Princeton/Batch3/bmtnabc/1874/06/15_01/00000344.tif</fileName>
		</sourceImageInformation>
		<OCRProcessing ID="OCRPROCESSING_1">
			<preProcessingStep>
				<processingSoftware>
					<softwareCreator>CCS Content Conversion Specialists GmbH, Germany</softwareCreator>
					<softwareName>CCS docWORKS</softwareName>
					<softwareVersion>6.6-1.18</softwareVersion>
				</processingSoftware>
			</preProcessingStep>
			<ocrProcessingStep>
				<processingSoftware>
					<softwareCreator>ABBYY (BIT Software), Russia</softwareCreator>
					<softwareName>FineReader</softwareName>
					<softwareVersion>10.0</softwareVersion>
				</processingSoftware>
			</ocrProcessingStep>
		</OCRProcessing>
	</Description>
	<Styles>
		<TextStyle ID="TXT_0" FONTSIZE="16" FONTFAMILY="Times New Roman"/>
		<TextStyle ID="TXT_1" FONTSIZE="25" FONTFAMILY="Times New Roman"/>
		<TextStyle ID="TXT_2" FONTSIZE="14" FONTFAMILY="Times New Roman"/>
		<TextStyle ID="TXT_3" FONTSIZE="10" FONTFAMILY="Times New Roman"/>
		<TextStyle ID="TXT_4" FONTSIZE="14" FONTFAMILY="Times New Roman" FONTSTYLE="italics"/>
		<TextStyle ID="TXT_5" FONTSIZE="5" FONTFAMILY="Fraktur"/>
		<ParagraphStyle ID="PAR_RIGHT" ALIGN="Right"/>
		<ParagraphStyle ID="PAR_LEFT" ALIGN="Left"/>
	</Styles>
	<Layout>
		<Page ID="P56" PHYSICAL_IMG_NR="56" HEIGHT="4117" WIDTH="2649" PRINTED_IMG_NR="288" PC="0.891">
			<TopMargin ID="P56_TM00001" HPOS="0" VPOS="0" WIDTH="2649" HEIGHT="434">
				<TextBlock ID="P56_TB00001" HPOS="1037" VPOS="354" WIDTH="900" HEIGHT="78" STYLEREFS="TXT_0 PAR_RIGHT">
					<TextLine ID="P56_TL00001" HPOS="1078" VPOS="376" WIDTH="842" HEIGHT="55">
						<String ID="P56_ST00001" HPOS="1078" VPOS="378" WIDTH="77" HEIGHT="45" CONTENT="LA" WC="0.38" CC="66"/>
						<SP ID="P56_SP00001" HPOS="1155" VPOS="423" WIDTH="30"/>
						<String ID="P56_ST00002" HPOS="1185" VPOS="376" WIDTH="384" HEIGHT="55" CONTENT="CHRONIQUE" WC="0.99" CC="057610504"/>
						<SP ID="P56_SP00002" HPOS="1569" VPOS="431" WIDTH="33"/>
						<String ID="P56_ST00003" HPOS="1602" VPOS="376" WIDTH="318" HEIGHT="46" CONTENT="MUSICALE" WC="0.98" CC="52735345"/>
					</TextLine>
				</TextBlock>
				<TextBlock ID="P56_TB00002" HPOS="643" VPOS="363" WIDTH="132" HEIGHT="69" STYLEREFS="TXT_1 PAR_LEFT">
					<TextLine ID="P56_TL00002" HPOS="643" VPOS="363" WIDTH="132" HEIGHT="69">
						<String ID="P56_ST00004" HPOS="643" VPOS="363" WIDTH="132" HEIGHT="69" CONTENT="288" WC="1.00" CC="000"/>
					</TextLine>
				</TextBlock>
			</TopMargin>
			<LeftMargin ID="P56_LM00001" HPOS="0" VPOS="434" WIDTH="638" HEIGHT="3004"/>
			<RightMargin ID="P56_RM00001" HPOS="2398" VPOS="434" WIDTH="251" HEIGHT="3004"/>
			<BottomMargin ID="P56_BM00001" HPOS="0" VPOS="3438" WIDTH="2649" HEIGHT="679"/>
			<PrintSpace ID="P56_PS00001" HPOS="638" VPOS="434" WIDTH="1760" HEIGHT="3004">
				<TextBlock ID="P56_TB00003" HPOS="638" VPOS="511" WIDTH="1760" HEIGHT="847" STYLEREFS="TXT_2 PAR_RIGHT">
					<TextLine ID="P56_TL00003" HPOS="1223" VPOS="511" WIDTH="923" HEIGHT="17">
						<String ID="P56_ST00005" HPOS="1223" VPOS="511" WIDTH="10" HEIGHT="10" CONTENT="0" STYLE="superscript" WC="0.24" CC="7" STYLEREFS="TXT_3"/>
						<SP ID="P56_SP00003" HPOS="1233" VPOS="521" WIDTH="693"/>
						<String ID="P56_ST00006" HPOS="1926" VPOS="521" WIDTH="6" HEIGHT="6" CONTENT="•" WC="0.24" CC="7" STYLEREFS="TXT_3"/>
						<SP ID="P56_SP00004" HPOS="1932" VPOS="527" WIDTH="207"/>
						<String ID="P56_ST00007" HPOS="2139" VPOS="522" WIDTH="7" HEIGHT="6" CONTENT="•" WC="0.20" CC="8" STYLEREFS="TXT_3"/>
					</TextLine>
					<TextLine ID="P56_TL00004" HPOS="694" VPOS="522" WIDTH="1704" HEIGHT="52">
						<String ID="P56_ST00008" HPOS="694" VPOS="528" WIDTH="174" HEIGHT="37" CONTENT="Concert" WC="0.99" CC="2610043" STYLEREFS="TXT_4"/>
						<SP ID="P56_SP00005" HPOS="868" VPOS="565" WIDTH="33"/>
						<String ID="P56_ST00009" HPOS="901" VPOS="527" WIDTH="66" HEIGHT="36" CONTENT="des" WC="1.00" CC="000" STYLEREFS="TXT_4"/>
						<SP ID="P56_SP00006" HPOS="967" VPOS="565" WIDTH="37"/>
						<String ID="P56_ST00010" HPOS="1004" VPOS="522" WIDTH="372" HEIGHT="51" CONTENT="Champs-Elysées" WC="0.99" CC="40927660072500" STYLEREFS="TXT_4"/>
						<String ID="P56_ST00011" HPOS="1382" VPOS="553" WIDTH="6" HEIGHT="9" CONTENT="," WC="0.40" CC="5"/>
						<SP ID="P56_SP00007" HPOS="1388" VPOS="573" WIDTH="98"/>
						<String ID="P56_ST00012" HPOS="1486" VPOS="523" WIDTH="54" HEIGHT="40" CONTENT="Ce" WC="0.39" CC="38"/>
						<SP ID="P56_SP00008" HPOS="1540" VPOS="573" WIDTH="29"/>
						<String ID="P56_ST00013" HPOS="1569" VPOS="530" WIDTH="165" HEIGHT="31" CONTENT="concert" WC="0.99" CC="2024004"/>
						<SP ID="P56_SP00009" HPOS="1734" VPOS="573" WIDTH="32"/>
						<String ID="P56_ST00014" HPOS="1766" VPOS="531" WIDTH="60" HEIGHT="29" CONTENT="est" WC="0.95" CC="606"/>
						<SP ID="P56_SP00010" HPOS="1826" VPOS="573" WIDTH="25"/>
						<String ID="P56_ST00015" HPOS="1851" VPOS="530" WIDTH="185" HEIGHT="39" CONTENT="toujours" WC="0.99" CC="00671252"/>
						<SP ID="P56_SP00011" HPOS="2036" VPOS="573" WIDTH="27"/>
						<String ID="P56_ST00016" HPOS="2063" VPOS="522" WIDTH="335" HEIGHT="52" CONTENT="l'aristocratique" WC="0.99" CC="0404139445303646"/>
					</TextLine>
					<TextLine ID="P56_TL00005" HPOS="643" VPOS="583" WIDTH="1755" HEIGHT="56">
						<String ID="P56_ST00017" HPOS="643" VPOS="588" WIDTH="245" HEIGHT="51" CONTENT="promenade" WC="0.99" CC="613032005"/>
						<SP ID="P56_SP00012" HPOS="888" VPOS="639" WIDTH="31"/>
						<String ID="P56_ST00018" HPOS="919" VPOS="589" WIDTH="54" HEIGHT="34" CONTENT="où" WC="0.68" CC="06"/>
						<SP ID="P56_SP00013" HPOS="973" VPOS="639" WIDTH="26"/>
						<String ID="P56_ST00019" HPOS="999" VPOS="592" WIDTH="90" HEIGHT="30" CONTENT="tout" WC="0.99" CC="0104"/>
						<SP ID="P56_SP00014" HPOS="1089" VPOS="639" WIDTH="28"/>
						<String ID="P56_ST00020" HPOS="1117" VPOS="596" WIDTH="40" HEIGHT="25" CONTENT="se" WC="0.76" CC="12"/>
						<SP ID="P56_SP00015" HPOS="1157" VPOS="639" WIDTH="25"/>
						<String ID="P56_ST00021" HPOS="1182" VPOS="592" WIDTH="145" HEIGHT="29" CONTENT="trouve" WC="0.98" CC="430062"/>
						<SP ID="P56_SP00016" HPOS="1327" VPOS="639" WIDTH="21"/>
						<String ID="P56_ST00022" HPOS="1348" VPOS="583" WIDTH="115" HEIGHT="38" CONTENT="réuni" WC="0.98" CC="26050"/>
						<SP ID="P56_SP00017" HPOS="1463" VPOS="639" WIDTH="34"/>
						<String ID="P56_ST00023" HPOS="1497" VPOS="597" WIDTH="105" HEIGHT="37" CONTENT="pour" WC="0.99" CC="2300"/>
						<SP ID="P56_SP00018" HPOS="1602" VPOS="639" WIDTH="20"/>
						<String ID="P56_ST00024" HPOS="1622" VPOS="585" WIDTH="141" HEIGHT="37" CONTENT="attirer" WC="0.99" CC="6203710"/>
						<SP ID="P56_SP00019" HPOS="1763" VPOS="639" WIDTH="21"/>
						<String ID="P56_ST00025" HPOS="1784" VPOS="587" WIDTH="21" HEIGHT="34" CONTENT="à" WC="1.00" CC="0"/>
						<SP ID="P56_SP00020" HPOS="1805" VPOS="639" WIDTH="21"/>
						<String ID="P56_ST00026" HPOS="1826" VPOS="584" WIDTH="38" HEIGHT="37" CONTENT="la" WC="0.74" CC="50"/>
						<SP ID="P56_SP00021" HPOS="1864" VPOS="639" WIDTH="20"/>
						<String ID="P56_ST00027" HPOS="1884" VPOS="583" WIDTH="77" HEIGHT="38" CONTENT="fois" WC="0.98" CC="5400"/>
						<SP ID="P56_SP00022" HPOS="1961" VPOS="639" WIDTH="22"/>
						<String ID="P56_ST00028" HPOS="1983" VPOS="583" WIDTH="58" HEIGHT="38" CONTENT="les" WC="0.99" CC="300"/>
						<SP ID="P56_SP00023" HPOS="2041" VPOS="639" WIDTH="19"/>
						<String ID="P56_ST00029" HPOS="2060" VPOS="585" WIDTH="207" HEIGHT="47" CONTENT="étrangers" WC="0.99" CC="760506000"/>
						<SP ID="P56_SP00024" HPOS="2267" VPOS="639" WIDTH="19"/>
						<String ID="P56_ST00030" HPOS="2286" VPOS="591" WIDTH="39" HEIGHT="29" CONTENT="et" WC="0.55" CC="53"/>
						<SP ID="P56_SP00025" HPOS="2325" VPOS="639" WIDTH="18"/>
						<String ID="P56_ST00031" HPOS="2343" VPOS="583" WIDTH="55" HEIGHT="37" CONTENT="les" WC="0.97" CC="133"/>
					</TextLine>
					<TextLine ID="P56_TL00006" HPOS="647" VPOS="644" WIDTH="1751" HEIGHT="51">
						<String ID="P56_ST00032" HPOS="647" VPOS="649" WIDTH="199" HEIGHT="39" CONTENT="Parisiens" WC="0.99" CC="253204000"/>
						<SP ID="P56_SP00026" HPOS="846" VPOS="688" WIDTH="18"/>
						<String ID="P56_ST00033" HPOS="864" VPOS="658" WIDTH="7" HEIGHT="26" CONTENT=":" WC="0.61" CC="3"/>
						<SP ID="P56_SP00027" HPOS="871" VPOS="688" WIDTH="38"/>
						<String ID="P56_ST00034" HPOS="909" VPOS="648" WIDTH="48" HEIGHT="36" CONTENT="de" WC="0.78" CC="40"/>
						<SP ID="P56_SP00028" HPOS="957" VPOS="688" WIDTH="35"/>
						<String ID="P56_ST00035" HPOS="992" VPOS="646" WIDTH="37" HEIGHT="37" CONTENT="la" WC="0.79" CC="40"/>
						<SP ID="P56_SP00029" HPOS="1029" VPOS="688" WIDTH="53"/>
						<String ID="P56_ST00036" HPOS="1082" VPOS="644" WIDTH="218" HEIGHT="51" CONTENT="fraîcheur," WC="0.99" CC="0463550064"/>
						<SP ID="P56_SP00030" HPOS="1300" VPOS="695" WIDTH="35"/>
						<String ID="P56_ST00037" HPOS="1335" VPOS="658" WIDTH="56" HEIGHT="24" CONTENT="un" WC="0.59" CC="08"/>
						<SP ID="P56_SP00031" HPOS="1391" VPOS="695" WIDTH="40"/>
						<String ID="P56_ST00038" HPOS="1431" VPOS="646" WIDTH="137" HEIGHT="49" CONTENT="public" WC="0.99" CC="002305"/>
						<SP ID="P56_SP00032" HPOS="1568" VPOS="695" WIDTH="33"/>
						<String ID="P56_ST00039" HPOS="1601" VPOS="647" WIDTH="121" HEIGHT="37" CONTENT="d'une" WC="1.00" CC="03000"/>
						<SP ID="P56_SP00033" HPOS="1722" VPOS="695" WIDTH="41"/>
						<String ID="P56_ST00040" HPOS="1763" VPOS="645" WIDTH="276" HEIGHT="50" CONTENT="composition" WC="1.00" CC="00000000006"/>
						<SP ID="P56_SP00034" HPOS="2039" VPOS="695" WIDTH="38"/>
						<String ID="P56_ST00041" HPOS="2077" VPOS="644" WIDTH="321" HEIGHT="51" CONTENT="exceptionnelle" WC="0.99" CC="04606240300236"/>
					</TextLine>
					<TextLine ID="P56_TL00007" HPOS="644" VPOS="701" WIDTH="1754" HEIGHT="56">
						<String ID="P56_ST00042" HPOS="644" VPOS="718" WIDTH="39" HEIGHT="29" CONTENT="et" WC="0.60" CC="24"/>
						<SP ID="P56_SP00035" HPOS="683" VPOS="747" WIDTH="22"/>
						<String ID="P56_ST00043" HPOS="705" VPOS="721" WIDTH="55" HEIGHT="26" CONTENT="un" WC="1.00" CC="00"/>
						<SP ID="P56_SP00036" HPOS="760" VPOS="747" WIDTH="30"/>
						<String ID="P56_ST00044" HPOS="790" VPOS="707" WIDTH="248" HEIGHT="50" CONTENT="magnifique" WC="1.00" CC="0290400000"/>
						<SP ID="P56_SP00037" HPOS="1038" VPOS="757" WIDTH="22"/>
						<String ID="P56_ST00045" HPOS="1060" VPOS="706" WIDTH="220" HEIGHT="48" CONTENT="orchestre," WC="0.99" CC="4023060304"/>
						<SP ID="P56_SP00038" HPOS="1280" VPOS="757" WIDTH="25"/>
						<String ID="P56_ST00046" HPOS="1305" VPOS="706" WIDTH="168" HEIGHT="38" CONTENT="conduit" WC="0.99" CC="6200020"/>
						<SP ID="P56_SP00039" HPOS="1473" VPOS="757" WIDTH="26"/>
						<String ID="P56_ST00047" HPOS="1499" VPOS="719" WIDTH="70" HEIGHT="36" CONTENT="par" WC="0.98" CC="005"/>
						<SP ID="P56_SP00040" HPOS="1569" VPOS="757" WIDTH="27"/>
						<String ID="P56_ST00048" HPOS="1596" VPOS="708" WIDTH="54" HEIGHT="37" CONTENT="M." WC="0.67" CC="06"/>
						<SP ID="P56_SP00041" HPOS="1650" VPOS="757" WIDTH="27"/>
						<String ID="P56_ST00049" HPOS="1677" VPOS="706" WIDTH="294" HEIGHT="49" CONTENT="Cressonnois,'" WC="0.83" CC="7200000030071"/>
						<SP ID="P56_SP00042" HPOS="1971" VPOS="757" WIDTH="17"/>
						<String ID="P56_ST00050" HPOS="1988" VPOS="705" WIDTH="102" HEIGHT="38" CONTENT="dont" WC="0.97" CC="0461"/>
						<SP ID="P56_SP00043" HPOS="2090" VPOS="757" WIDTH="20"/>
						<String ID="P56_ST00051" HPOS="2110" VPOS="705" WIDTH="35" HEIGHT="37" CONTENT="la" WC="1.00" CC="00"/>
						<SP ID="P56_SP00044" HPOS="2145" VPOS="757" WIDTH="23"/>
						<String ID="P56_ST00052" HPOS="2168" VPOS="701" WIDTH="230" HEIGHT="53" CONTENT="réputation" WC="0.99" CC="2000005347"/>
					</TextLine>
					<TextLine ID="P56_TL00008" HPOS="644" VPOS="766" WIDTH="608" HEIGHT="52">
						<String ID="P56_ST00053" HPOS="644" VPOS="778" WIDTH="60" HEIGHT="31" CONTENT="est" WC="0.98" CC="203"/>
						<SP ID="P56_SP00045" HPOS="704" VPOS="809" WIDTH="19"/>
						<String ID="P56_ST00054" HPOS="723" VPOS="769" WIDTH="143" HEIGHT="49" CONTENT="depuis" WC="1.00" CC="000030"/>
						<SP ID="P56_SP00046" HPOS="866" VPOS="818" WIDTH="22"/>
						<String ID="P56_ST00055" HPOS="888" VPOS="769" WIDTH="233" HEIGHT="49" CONTENT="longtemps" WC="1.00" CC="000050000"/>
						<SP ID="P56_SP00047" HPOS="1121" VPOS="818" WIDTH="20"/>
						<String ID="P56_ST00056" HPOS="1141" VPOS="766" WIDTH="111" HEIGHT="42" CONTENT="faite." WC="0.99" CC="004204"/>
					</TextLine>
					<TextLine ID="P56_TL00009" HPOS="693" VPOS="940" WIDTH="1705" HEIGHT="53">
						<String ID="P56_ST00057" HPOS="693" VPOS="940" WIDTH="153" HEIGHT="53" CONTENT="Cirque" WC="0.98" CC="706300" STYLEREFS="TXT_4"/>
						<SP ID="P56_SP00048" HPOS="846" VPOS="993" WIDTH="20"/>
						<String ID="P56_ST00058" HPOS="866" VPOS="940" WIDTH="48" HEIGHT="40" CONTENT="de" WC="0.36" CC="48" STYLEREFS="TXT_4"/>
						<SP ID="P56_SP00049" HPOS="914" VPOS="993" WIDTH="22"/>
						<String ID="P56_ST00059" HPOS="936" VPOS="940" WIDTH="307" HEIGHT="53" CONTENT="l'lmpératrice." WC="0.99" CC="03075782500356" STYLEREFS="TXT_4"/>
						<SP ID="P56_SP00050" HPOS="1243" VPOS="993" WIDTH="95"/>
						<String ID="P56_ST00060" HPOS="1338" VPOS="942" WIDTH="78" HEIGHT="38" CONTENT="Los" WC="0.92" CC="469"/>
						<SP ID="P56_SP00051" HPOS="1416" VPOS="993" WIDTH="23"/>
						<String ID="P56_ST00061" HPOS="1439" VPOS="942" WIDTH="132" HEIGHT="38" CONTENT="Ninos" WC="0.88" CC="03002"/>
						<SP ID="P56_SP00052" HPOS="1571" VPOS="993" WIDTH="31"/>
						<String ID="P56_ST00062" HPOS="1602" VPOS="941" WIDTH="322" HEIGHT="51" CONTENT="Campanologo," WC="0.68" CC="500045243037"/>
						<SP ID="P56_SP00053" HPOS="1924" VPOS="993" WIDTH="30"/>
						<String ID="P56_ST00063" HPOS="1954" VPOS="940" WIDTH="58" HEIGHT="38" CONTENT="les" WC="1.00" CC="000"/>
						<SP ID="P56_SP00054" HPOS="2012" VPOS="993" WIDTH="27"/>
						<String ID="P56_ST00064" HPOS="2039" VPOS="950" WIDTH="139" HEIGHT="39" CONTENT="jeunes" WC="0.98" CC="570300"/>
						<SP ID="P56_SP00055" HPOS="2178" VPOS="993" WIDTH="22"/>
						<String ID="P56_ST00065" HPOS="2200" VPOS="949" WIDTH="198" HEIGHT="27" CONTENT="sonneurs" WC="0.98" CC="65705049"/>
					</TextLine>
					<TextLine ID="P56_TL00010" HPOS="640" VPOS="1001" WIDTH="1758" HEIGHT="53">
						<String ID="P56_ST00066" HPOS="640" VPOS="1001" WIDTH="49" HEIGHT="41" CONTENT="de" WC="1.00" CC="00"/>
						<SP ID="P56_SP00056" HPOS="689" VPOS="1042" WIDTH="35"/>
						<String ID="P56_ST00067" HPOS="724" VPOS="1001" WIDTH="163" HEIGHT="40" CONTENT="cloches" WC="0.99" CC="4006700"/>
						<SP ID="P56_SP00057" HPOS="887" VPOS="1042" WIDTH="32"/>
						<String ID="P56_ST00068" HPOS="919" VPOS="1011" WIDTH="94" HEIGHT="30" CONTENT="sont" WC="1.00" CC="0000"/>
						<SP ID="P56_SP00058" HPOS="1013" VPOS="1042" WIDTH="26"/>
						<String ID="P56_ST00069" HPOS="1039" VPOS="1006" WIDTH="81" HEIGHT="35" CONTENT="très" WC="0.99" CC="2020"/>
						<SP ID="P56_SP00059" HPOS="1120" VPOS="1042" WIDTH="27"/>
						<String ID="P56_ST00070" HPOS="1147" VPOS="1002" WIDTH="224" HEIGHT="51" CONTENT="applaudis." WC="1.00" CC="0003740000"/>
						<SP ID="P56_SP00060" HPOS="1371" VPOS="1053" WIDTH="39"/>
						<String ID="P56_ST00071" HPOS="1410" VPOS="1003" WIDTH="102" HEIGHT="38" CONTENT="Rien" WC="0.98" CC="0037"/>
						<SP ID="P56_SP00061" HPOS="1512" VPOS="1053" WIDTH="28"/>
						<String ID="P56_ST00072" HPOS="1540" VPOS="1004" WIDTH="48" HEIGHT="37" CONTENT="de" WC="1.00" CC="00"/>
						<SP ID="P56_SP00062" HPOS="1588" VPOS="1053" WIDTH="28"/>
						<String ID="P56_ST00073" HPOS="1616" VPOS="1004" WIDTH="89" HEIGHT="50" CONTENT="plus" WC="0.99" CC="0300"/>
						<SP ID="P56_SP00063" HPOS="1705" VPOS="1054" WIDTH="28"/>
						<String ID="P56_ST00074" HPOS="1733" VPOS="1003" WIDTH="167" HEIGHT="37" CONTENT="curieux" WC="0.99" CC="4400000"/>
						<SP ID="P56_SP00064" HPOS="1900" VPOS="1054" WIDTH="30"/>
						<String ID="P56_ST00075" HPOS="1930" VPOS="1014" WIDTH="78" HEIGHT="37" CONTENT="que" WC="0.99" CC="001"/>
						<SP ID="P56_SP00065" HPOS="2008" VPOS="1054" WIDTH="23"/>
						<String ID="P56_ST00076" HPOS="2031" VPOS="1002" WIDTH="48" HEIGHT="36" CONTENT="de" WC="1.00" CC="00"/>
						<SP ID="P56_SP00066" HPOS="2079" VPOS="1054" WIDTH="20"/>
						<String ID="P56_ST00077" HPOS="2099" VPOS="1001" WIDTH="88" HEIGHT="38" CONTENT="voir" WC="0.98" CC="6021"/>
						<SP ID="P56_SP00067" HPOS="2187" VPOS="1054" WIDTH="28"/>
						<String ID="P56_ST00078" HPOS="2215" VPOS="1013" WIDTH="64" HEIGHT="26" CONTENT="ces" WC="0.99" CC="200"/>
						<SP ID="P56_SP00068" HPOS="2279" VPOS="1054" WIDTH="28"/>
						<String ID="P56_ST00079" HPOS="2307" VPOS="1001" WIDTH="91" HEIGHT="48" CONTENT="cinq" WC="0.98" CC="0060"/>
					</TextLine>
					<TextLine ID="P56_TL00011" HPOS="640" VPOS="1062" WIDTH="1758" HEIGHT="51">
						<String ID="P56_ST00080" HPOS="640" VPOS="1063" WIDTH="175" HEIGHT="49" CONTENT="enfants," WC="0.99" CC="40000007"/>
						<SP ID="P56_SP00069" HPOS="815" VPOS="1112" WIDTH="24"/>
						<String ID="P56_ST00081" HPOS="839" VPOS="1066" WIDTH="100" HEIGHT="35" CONTENT="dont" WC="0.99" CC="0004"/>
						<SP ID="P56_SP00070" HPOS="939" VPOS="1112" WIDTH="20"/>
						<String ID="P56_ST00082" HPOS="959" VPOS="1063" WIDTH="118" HEIGHT="37" CONTENT="l'aîné" WC="0.99" CC="440300"/>
						<SP ID="P56_SP00071" HPOS="1077" VPOS="1112" WIDTH="22"/>
						<String ID="P56_ST00083" HPOS="1099" VPOS="1076" WIDTH="21" HEIGHT="25" CONTENT="a" WC="0.99" CC="0"/>
						<SP ID="P56_SP00072" HPOS="1120" VPOS="1112" WIDTH="25"/>
						<String ID="P56_ST00084" HPOS="1145" VPOS="1071" WIDTH="92" HEIGHT="29" CONTENT="tout" WC="0.99" CC="4000"/>
						<SP ID="P56_SP00073" HPOS="1237" VPOS="1112" WIDTH="29"/>
						<String ID="P56_ST00085" HPOS="1266" VPOS="1076" WIDTH="50" HEIGHT="24" CONTENT="au" WC="1.00" CC="00"/>
						<SP ID="P56_SP00074" HPOS="1316" VPOS="1112" WIDTH="27"/>
						<String ID="P56_ST00086" HPOS="1343" VPOS="1063" WIDTH="92" HEIGHT="50" CONTENT="plus" WC="0.98" CC="0370"/>
						<SP ID="P56_SP00075" HPOS="1435" VPOS="1113" WIDTH="30"/>
						<String ID="P56_ST00087" HPOS="1465" VPOS="1063" WIDTH="68" HEIGHT="37" CONTENT="dix" WC="0.96" CC="009"/>
						<SP ID="P56_SP00076" HPOS="1533" VPOS="1113" WIDTH="28"/>
						<String ID="P56_ST00088" HPOS="1561" VPOS="1076" WIDTH="86" HEIGHT="36" CONTENT="ans," WC="0.98" CC="0704"/>
						<SP ID="P56_SP00077" HPOS="1647" VPOS="1113" WIDTH="23"/>
						<String ID="P56_ST00089" HPOS="1670" VPOS="1064" WIDTH="190" HEIGHT="37" CONTENT="exécuter" WC="0.99" CC="30053352"/>
						<SP ID="P56_SP00078" HPOS="1860" VPOS="1113" WIDTH="29"/>
						<String ID="P56_ST00090" HPOS="1889" VPOS="1074" WIDTH="94" HEIGHT="24" CONTENT="avec" WC="0.99" CC="0220"/>
						<SP ID="P56_SP00079" HPOS="1983" VPOS="1113" WIDTH="28"/>
						<String ID="P56_ST00091" HPOS="2011" VPOS="1062" WIDTH="70" HEIGHT="36" CONTENT="des" WC="1.00" CC="000"/>
						<SP ID="P56_SP00080" HPOS="2081" VPOS="1113" WIDTH="30"/>
						<String ID="P56_ST00092" HPOS="2111" VPOS="1069" WIDTH="211" HEIGHT="30" CONTENT="sonnettes" WC="0.99" CC="004624510"/>
						<SP ID="P56_SP00081" HPOS="2322" VPOS="1113" WIDTH="30"/>
						<String ID="P56_ST00093" HPOS="2352" VPOS="1062" WIDTH="46" HEIGHT="35" CONTENT="de" WC="0.89" CC="02"/>
					</TextLine>
					<TextLine ID="P56_TL00012" HPOS="641" VPOS="1124" WIDTH="447" HEIGHT="38">
						<String ID="P56_ST00094" HPOS="641" VPOS="1124" WIDTH="210" HEIGHT="38" CONTENT="brillantes" WC="0.99" CC="0204301609"/>
						<SP ID="P56_SP00082" HPOS="851" VPOS="1162" WIDTH="19"/>
						<String ID="P56_ST00095" HPOS="870" VPOS="1124" WIDTH="218" HEIGHT="37" CONTENT="fantaisies." WC="1.00" CC="01710002006"/>
					</TextLine>
					<TextLine ID="P56_TL00013" HPOS="689" VPOS="1184" WIDTH="1709" HEIGHT="52">
						<String ID="P56_ST00096" HPOS="689" VPOS="1187" WIDTH="87" HEIGHT="46" CONTENT="Que" WC="1.00" CC="000"/>
						<SP ID="P56_SP00083" HPOS="776" VPOS="1233" WIDTH="23"/>
						<String ID="P56_ST00097" HPOS="799" VPOS="1187" WIDTH="48" HEIGHT="36" CONTENT="de" WC="0.96" CC="00"/>
						<SP ID="P56_SP00084" HPOS="847" VPOS="1233" WIDTH="22"/>
						<String ID="P56_ST00098" HPOS="869" VPOS="1185" WIDTH="197" HEIGHT="51" CONTENT="patience," WC="0.99" CC="006405544"/>
						<SP ID="P56_SP00085" HPOS="1066" VPOS="1236" WIDTH="21"/>
						<String ID="P56_ST00099" HPOS="1087" VPOS="1198" WIDTH="79" HEIGHT="37" CONTENT="que" WC="0.98" CC="004"/>
						<SP ID="P56_SP00086" HPOS="1166" VPOS="1236" WIDTH="22"/>
						<String ID="P56_ST00100" HPOS="1188" VPOS="1187" WIDTH="179" HEIGHT="36" CONTENT="d'efforts" WC="0.99" CC="046006054"/>
						<SP ID="P56_SP00087" HPOS="1367" VPOS="1236" WIDTH="21"/>
						<String ID="P56_ST00101" HPOS="1388" VPOS="1186" WIDTH="28" HEIGHT="37" CONTENT="il" WC="0.67" CC="33"/>
						<SP ID="P56_SP00088" HPOS="1416" VPOS="1236" WIDTH="21"/>
						<String ID="P56_ST00102" HPOS="1437" VPOS="1198" WIDTH="21" HEIGHT="25" CONTENT="a" WC="0.05" CC="9"/>
						<SP ID="P56_SP00089" HPOS="1458" VPOS="1236" WIDTH="17"/>
						<String ID="P56_ST00103" HPOS="1475" VPOS="1186" WIDTH="100" HEIGHT="37" CONTENT="fallu" WC="0.98" CC="03106"/>
						<SP ID="P56_SP00090" HPOS="1575" VPOS="1236" WIDTH="23"/>
						<String ID="P56_ST00104" HPOS="1598" VPOS="1198" WIDTH="105" HEIGHT="37" CONTENT="pour" WC="1.00" CC="0000"/>
						<SP ID="P56_SP00091" HPOS="1703" VPOS="1236" WIDTH="22"/>
						<String ID="P56_ST00105" HPOS="1725" VPOS="1197" WIDTH="50" HEIGHT="26" CONTENT="en" WC="1.00" CC="00"/>
						<SP ID="P56_SP00092" HPOS="1775" VPOS="1236" WIDTH="27"/>
						<String ID="P56_ST00106" HPOS="1802" VPOS="1185" WIDTH="154" HEIGHT="39" CONTENT="arriver" WC="1.00" CC="0030002"/>
						<SP ID="P56_SP00093" HPOS="1956" VPOS="1236" WIDTH="25"/>
						<String ID="P56_ST00107" HPOS="1981" VPOS="1184" WIDTH="38" HEIGHT="38" CONTENT="là" WC="0.76" CC="04"/>
						<SP ID="P56_SP00094" HPOS="2019" VPOS="1236" WIDTH="15"/>
						<String ID="P56_ST00108" HPOS="2034" VPOS="1188" WIDTH="6" HEIGHT="35" CONTENT="!" WC="0.49" CC="5"/>
						<SP ID="P56_SP00095" HPOS="2040" VPOS="1236" WIDTH="28"/>
						<String ID="P56_ST00109" HPOS="2068" VPOS="1185" WIDTH="50" HEIGHT="36" CONTENT="Et" WC="0.74" CC="05"/>
						<SP ID="P56_SP00096" HPOS="2118" VPOS="1236" WIDTH="26"/>
						<String ID="P56_ST00110" HPOS="2144" VPOS="1192" WIDTH="104" HEIGHT="29" CONTENT="cette" WC="0.99" CC="20500"/>
						<SP ID="P56_SP00097" HPOS="2248" VPOS="1236" WIDTH="21"/>
						<String ID="P56_ST00111" HPOS="2269" VPOS="1190" WIDTH="108" HEIGHT="30" CONTENT="tenta" SUBS_TYPE="HypPart1" SUBS_CONTENT="tentative" WC="0.98" CC="01760"/>
						<HYP HPOS="2377" VPOS="1190" WIDTH="21" CONTENT="-"/>
					</TextLine>
					<TextLine ID="P56_TL00014" HPOS="641" VPOS="1244" WIDTH="1748" HEIGHT="53">
						<String ID="P56_ST00112" HPOS="641" VPOS="1247" WIDTH="79" HEIGHT="38" CONTENT="tive" SUBS_TYPE="HypPart2" SUBS_CONTENT="tentative" WC="0.98" CC="0303"/>
						<SP ID="P56_SP00098" HPOS="720" VPOS="1285" WIDTH="31"/>
						<String ID="P56_ST00113" HPOS="751" VPOS="1246" WIDTH="192" HEIGHT="38" CONTENT="musicale" WC="0.99" CC="00005043"/>
						<SP ID="P56_SP00099" HPOS="943" VPOS="1285" WIDTH="26"/>
						<String ID="P56_ST00114" HPOS="969" VPOS="1247" WIDTH="70" HEIGHT="37" CONTENT="fait" WC="0.99" CC="0030"/>
						<SP ID="P56_SP00100" HPOS="1039" VPOS="1285" WIDTH="32"/>
						<String ID="P56_ST00115" HPOS="1071" VPOS="1247" WIDTH="36" HEIGHT="37" CONTENT="le" WC="0.90" CC="10"/>
						<SP ID="P56_SP00101" HPOS="1107" VPOS="1285" WIDTH="28"/>
						<String ID="P56_ST00116" HPOS="1135" VPOS="1247" WIDTH="92" HEIGHT="50" CONTENT="plus" WC="1.00" CC="0000"/>
						<SP ID="P56_SP00102" HPOS="1227" VPOS="1297" WIDTH="24"/>
						<String ID="P56_ST00117" HPOS="1251" VPOS="1248" WIDTH="127" HEIGHT="49" CONTENT="grand" WC="0.99" CC="06400"/>
						<SP ID="P56_SP00103" HPOS="1378" VPOS="1297" WIDTH="34"/>
						<String ID="P56_ST00118" HPOS="1412" VPOS="1247" WIDTH="190" HEIGHT="37" CONTENT="honneur" WC="0.99" CC="7000701"/>
						<SP ID="P56_SP00104" HPOS="1602" VPOS="1297" WIDTH="21"/>
						<String ID="P56_ST00119" HPOS="1623" VPOS="1251" WIDTH="21" HEIGHT="34" CONTENT="à" WC="1.00" CC="0"/>
						<SP ID="P56_SP00105" HPOS="1644" VPOS="1297" WIDTH="29"/>
						<String ID="P56_ST00120" HPOS="1673" VPOS="1247" WIDTH="37" HEIGHT="37" CONTENT="la" WC="1.00" CC="00"/>
						<SP ID="P56_SP00106" HPOS="1710" VPOS="1297" WIDTH="21"/>
						<String ID="P56_ST00121" HPOS="1731" VPOS="1248" WIDTH="185" HEIGHT="49" CONTENT="patience" WC="0.99" CC="06032803"/>
						<SP ID="P56_SP00107" HPOS="1916" VPOS="1297" WIDTH="22"/>
						<String ID="P56_ST00122" HPOS="1938" VPOS="1246" WIDTH="48" HEIGHT="37" CONTENT="de" WC="0.80" CC="04"/>
						<SP ID="P56_SP00108" HPOS="1986" VPOS="1297" WIDTH="21"/>
						<String ID="P56_ST00123" HPOS="2007" VPOS="1247" WIDTH="56" HEIGHT="36" CONTENT="M." WC="0.79" CC="04"/>
						<SP ID="P56_SP00109" HPOS="2063" VPOS="1297" WIDTH="23"/>
						<String ID="P56_ST00124" HPOS="2086" VPOS="1245" WIDTH="128" HEIGHT="50" CONTENT="Spira," WC="0.73" CC="004334"/>
						<SP ID="P56_SP00110" HPOS="2214" VPOS="1297" WIDTH="23"/>
						<String ID="P56_ST00125" HPOS="2237" VPOS="1244" WIDTH="35" HEIGHT="38" CONTENT="le" WC="0.47" CC="46"/>
						<SP ID="P56_SP00111" HPOS="2272" VPOS="1297" WIDTH="25"/>
						<String ID="P56_ST00126" HPOS="2297" VPOS="1248" WIDTH="92" HEIGHT="47" CONTENT="père" WC="0.95" CC="0688"/>
					</TextLine>
					<TextLine ID="P56_TL00015" HPOS="639" VPOS="1307" WIDTH="1649" HEIGHT="51">
						<String ID="P56_ST00127" HPOS="639" VPOS="1309" WIDTH="48" HEIGHT="36" CONTENT="de" WC="0.72" CC="05"/>
						<SP ID="P56_SP00112" HPOS="687" VPOS="1345" WIDTH="21"/>
						<String ID="P56_ST00128" HPOS="708" VPOS="1320" WIDTH="63" HEIGHT="25" CONTENT="ces" WC="0.98" CC="050"/>
						<SP ID="P56_SP00113" HPOS="771" VPOS="1345" WIDTH="12"/>
						<String ID="P56_ST00129" HPOS="783" VPOS="1307" WIDTH="138" HEIGHT="51" CONTENT="jeunes" WC="1.00" CC="300010"/>
						<SP ID="P56_SP00114" HPOS="921" VPOS="1358" WIDTH="19"/>
						<String ID="P56_ST00130" HPOS="940" VPOS="1308" WIDTH="173" HEIGHT="47" CONTENT="enfants," WC="1.00" CC="00001240"/>
						<SP ID="P56_SP00115" HPOS="1113" VPOS="1358" WIDTH="23"/>
						<String ID="P56_ST00131" HPOS="1136" VPOS="1309" WIDTH="70" HEIGHT="49" CONTENT="qui" WC="1.00" CC="000"/>
						<SP ID="P56_SP00116" HPOS="1206" VPOS="1358" WIDTH="22"/>
						<String ID="P56_ST00132" HPOS="1228" VPOS="1316" WIDTH="61" HEIGHT="30" CONTENT="est" WC="1.00" CC="000"/>
						<SP ID="P56_SP00117" HPOS="1289" VPOS="1358" WIDTH="21"/>
						<String ID="P56_ST00133" HPOS="1310" VPOS="1308" WIDTH="214" HEIGHT="39" CONTENT="lui-même" WC="0.99" CC="04240802"/>
						<SP ID="P56_SP00118" HPOS="1524" VPOS="1358" WIDTH="23"/>
						<String ID="P56_ST00134" HPOS="1547" VPOS="1309" WIDTH="242" HEIGHT="38" CONTENT="l'inventeur" WC="0.99" CC="54000000553"/>
						<SP ID="P56_SP00119" HPOS="1789" VPOS="1358" WIDTH="20"/>
						<String ID="P56_ST00135" HPOS="1809" VPOS="1309" WIDTH="48" HEIGHT="37" CONTENT="de" WC="0.65" CC="06"/>
						<SP ID="P56_SP00120" HPOS="1857" VPOS="1358" WIDTH="22"/>
						<String ID="P56_ST00136" HPOS="1879" VPOS="1320" WIDTH="44" HEIGHT="25" CONTENT="ce" WC="0.84" CC="11"/>
						<SP ID="P56_SP00121" HPOS="1923" VPOS="1358" WIDTH="21"/>
						<String ID="P56_ST00137" HPOS="1944" VPOS="1319" WIDTH="187" HEIGHT="26" CONTENT="nouveau" WC="0.99" CC="0300500"/>
						<SP ID="P56_SP00122" HPOS="2131" VPOS="1358" WIDTH="21"/>
						<String ID="P56_ST00138" HPOS="2152" VPOS="1318" WIDTH="136" HEIGHT="38" CONTENT="genre." WC="0.99" CC="000204"/>
					</TextLine>
				</TextBlock>
				<TextBlock ID="P56_TB00004" HPOS="1252" VPOS="1455" WIDTH="882" HEIGHT="288" STYLEREFS="TXT_4 PAR_LEFT">
					<TextLine ID="P56_TL00016" HPOS="1252" VPOS="1456" WIDTH="479" HEIGHT="40">
						<String ID="P56_ST00139" HPOS="1252" VPOS="1459" WIDTH="109" HEIGHT="37" CONTENT="Pour" WC="0.98" CC="2060" STYLEREFS="TXT_2"/>
						<SP ID="P56_SP00123" HPOS="1361" VPOS="1496" WIDTH="22"/>
						<String ID="P56_ST00140" HPOS="1383" VPOS="1456" WIDTH="165" HEIGHT="40" CONTENT="l'article" WC="0.99" CC="025064347" STYLEREFS="TXT_2"/>
						<SP ID="P56_SP00124" HPOS="1548" VPOS="1496" WIDTH="27"/>
						<String ID="P56_ST00141" HPOS="1575" VPOS="1457" WIDTH="123" HEIGHT="39" CONTENT="Varia" WC="0.97" CC="06506"/>
						<SP ID="P56_SP00125" HPOS="1698" VPOS="1496" WIDTH="24"/>
						<String ID="P56_ST00142" HPOS="1722" VPOS="1470" WIDTH="9" HEIGHT="24" CONTENT=":" WC="0.44" CC="5"/>
					</TextLine>
					<TextLine ID="P56_TL00017" HPOS="1325" VPOS="1579" WIDTH="686" HEIGHT="49">
						<String ID="P56_ST00143" HPOS="1325" VPOS="1581" WIDTH="57" HEIGHT="37" CONTENT="Le" WC="1.00" CC="00"/>
						<SP ID="P56_SP00126" HPOS="1382" VPOS="1618" WIDTH="20"/>
						<String ID="P56_ST00144" HPOS="1402" VPOS="1579" WIDTH="230" HEIGHT="40" CONTENT="Secrétaire" WC="0.98" CC="0566940454"/>
						<SP ID="P56_SP00127" HPOS="1632" VPOS="1619" WIDTH="20"/>
						<String ID="P56_ST00145" HPOS="1652" VPOS="1580" WIDTH="48" HEIGHT="38" CONTENT="de" WC="1.00" CC="00"/>
						<SP ID="P56_SP00128" HPOS="1700" VPOS="1619" WIDTH="22"/>
						<String ID="P56_ST00146" HPOS="1722" VPOS="1580" WIDTH="38" HEIGHT="37" CONTENT="la" WC="1.00" CC="00"/>
						<SP ID="P56_SP00129" HPOS="1760" VPOS="1619" WIDTH="18"/>
						<String ID="P56_ST00147" HPOS="1778" VPOS="1579" WIDTH="233" HEIGHT="49" CONTENT="Rédaction," WC="0.99" CC="3700063766"/>
					</TextLine>
					<TextLine ID="P56_TL00018" HPOS="1711" VPOS="1702" WIDTH="423" HEIGHT="41">
						<String ID="P56_ST00148" HPOS="1711" VPOS="1704" WIDTH="55" HEIGHT="39" CONTENT="O." WC="0.80" CC="04" STYLEREFS="TXT_2"/>
						<SP ID="P56_SP00130" HPOS="1766" VPOS="1743" WIDTH="30"/>
						<String ID="P56_ST00149" HPOS="1796" VPOS="1704" WIDTH="67" HEIGHT="35" CONTENT="LE" WC="0.75" CC="40" STYLEREFS="TXT_2"/>
						<SP ID="P56_SP00131" HPOS="1863" VPOS="1743" WIDTH="41"/>
						<String ID="P56_ST00150" HPOS="1904" VPOS="1702" WIDTH="230" HEIGHT="37" CONTENT="TRIOUX." WC="0.53" CC="2667540" STYLEREFS="TXT_2"/>
					</TextLine>
				</TextBlock>
				<ComposedBlock ID="P56_CB00001" HPOS="1156" VPOS="2200" WIDTH="719" HEIGHT="465" STYLEREFS="TXT_5 PAR_LEFT" TYPE="Illustration">
					<GraphicalElement ID="P56_CB00001_SUB" HPOS="1156" VPOS="2200" WIDTH="719" HEIGHT="465"/>
				</ComposedBlock>
			</PrintSpace>
		</Page>
	</Layout>
</alto>
