2649 4117
971 893 343 69 VARIA

476 1119 457 61 Correspondance.
964 1119 31 61 —
1026 1119 153 61 Faits
1212 1119 196 61 divers.
1437 1119 30 61 —
1496 1119 293 61 Nouvelles.

843 1593 227 57 FAITS
1137 1596 299 54 DIVERS

647 1794 26 26 A
903 1785 186 37 musicale
1110 1787 134 47 publie
1270 1787 37 35 in
1329 1794 164 30 extenso
1516 1797 77 25 une
1615 1789 78 33 très
1716 1786 146 48 longue
1881 1786 115 36 lettre

648 1846 97 34 dans
762 1845 169 47 laquelle
945 1846 56 35 M.
1025 1846 35 35 le
1077 1846 125 36 baron
1216 1848 47 34 de
1288 1847 141 36 Bulow
1451 1846 174 48 exprime
1648 1858 71 24 son
1740 1846 167 47 opinion
1930 1858 66 25 sur

648 1904 36 36 le
703 1904 135 47 public
859 1904 180 37 milanais
1056 1918 49 24 en
1126 1906 172 48 général,
1317 1914 37 28 et
1375 1919 66 23 sur
1463 1905 122 37 Verdi
1606 1918 48 24 en
1677 1905 244 49 particulier.

698 1965 78 34 Des
808 1964 162 36 extraits
1001 1966 47 35 de
1071 1977 42 24 ce
1147 1967 218 36 document
1394 1966 275 47 remarquable
1691 1966 302 47 intéresseront,

648 2038 90 24 sans
772 2026 135 46 doute,
931 2026 54 36 les
1004 2027 170 37 lecteurs
1196 2029 47 35 de
1265 2027 38 37 la
1327 2027 225 50 Chronique
1573 2027 202 38 musicale.
1806 2029 113 34 Nous
1940 2027 54 36 les

648 2086 128 37 citons
794 2097 93 26 avec
907 2087 55 36 les
982 2088 306 36 commentaires
1316 2088 53 35 du
1389 2087 156 49 journal
1573 2088 150 37 italien.

322 2147 56 35 M.
402 2147 47 35 de
470 2146 141 36 Bulow
636 2147 125 47 prend
788 2158 102 36 pour
915 2147 113 47 point
1051 2147 47 36 de
1126 2149 137 47 départ
1290 2147 56 37 les
1374 2149 103 35 deux
1505 2149 256 35 événements
1787 2147 209 37 musicaux

272 2206 54 34 du
355 2213 192 37 moment,
572 2217 48 24 en
649 2206 110 35 Italie
785 2216 7 25 :
822 2205 36 36 la
884 2207 195 46 première
1104 2207 317 48 représentation
1449 2208 47 35 de
1525 2208 148 47 l'opéra
1699 2209 46 34 de
1779 2207 158 48 Glinka,
1959 2208 37 35 la

280 2264 69 36 Vie
366 2276 103 36 pour
488 2265 34 36 le
686 2272 38 28 et
746 2264 39 37 la
802 2266 133 36 Messe
952 2266 47 36 de
1015 2267 193 48 Requiem
1229 2268 46 36 de
1286 2267 132 46 Verdi,
1434 2266 68 48 qui
1519 2267 142 37 n'avait
1679 2279 69 35 pas
1770 2278 144 25 encore
1936 2267 60 36 été

272 2325 188 36 exécutée
481 2326 133 46 quand
635 2325 38 36 la
691 2325 117 37 lettre
830 2338 21 24 a
871 2326 60 35 été
951 2326 137 38 écrite.

321 2415 149 36 «Cette
497 2426 125 25 messe
638 2415 173 49 funèbre
817 2443 8 19 ,
848 2416 57 35 dit
933 2418 55 34 M.
1011 2417 47 35 de
1081 2417 154 48 Bulow,
1260 2419 211 48 composée
1495 2431 69 35 par
1592 2419 116 35 ordre
1736 2419 47 35 de
1810 2417 35 36 la
1867 2417 105 36 muni-

272 2474 160 47 cipalité
453 2474 206 37 milanaise
678 2486 102 37 pour
802 2475 176 36 célébrer
997 2476 36 36 le
1060 2478 172 47 premier
1267 2477 269 37 anniversaire
1557 2479 48 35 de
1626 2478 37 35 la
1685 2485 105 29 mort
1811 2478 47 36 de
1881 2479 87 34 Man-

269 2533 106 48 zoni,
393 2545 86 25 sera
501 2535 186 35 exécutée
706 2537 20 33 à
745 2535 125 47 grand
889 2535 122 37 fracas
1031 2544 38 28 et
1091 2537 305 37 théâtralement
1412 2541 22 32 à
1453 2537 149 49 l'église
1626 2539 260 47 Saint-Marc,
1904 2549 91 24 sous

270 2592 37 37 la
328 2593 196 36 direction
548 2594 143 47 même,
713 2606 71 35 par
804 2606 63 25 cas
891 2596 291 48 exceptionnel,
1206 2598 47 35 de
1274 2598 188 37 l'auteur.

321 2669 17 15 «
359 2653 106 36 C'est
480 2666 93 24 avec
592 2662 101 28 cette
714 2666 139 34 messe,
874 2656 316 48 probablement,
1216 2669 77 37 que
1312 2657 284 49 l'omnipotent
1617 2666 236 40 corrupteur
1872 2658 49 48 (1)
1942 2659 52 35 du

270 2712 98 48 goût
389 2714 166 35 musical
577 2726 48 24 en
648 2714 112 37 Italie
782 2718 132 45 espère
939 2716 173 37 détruire
1134 2720 21 33 à
1175 2716 97 37 fond
1293 2730 43 24 ce
1356 2718 67 48 qui
1446 2725 102 30 reste
1569 2719 48 36 de
1638 2718 288 37 l'immortalité
1945 2719 49 35 de

272 2772 176 47 Rossini,
472 2772 171 48 laquelle
670 2773 70 37 fait
761 2775 188 48 ombrage
969 2779 21 33 à
1009 2788 73 24 son
1101 2777 211 38 ambition.

322 2848 16 15 «
367 2831 32 36 Il
435 2840 58 27 est
536 2832 108 37 aussi
675 2834 279 48 parfaitement
986 2848 149 35 connu,
1166 2836 132 49 ajoute
1335 2840 54 35 M.
1425 2840 49 36 de
1512 2839 153 46 Bulow,
1691 2851 77 36 que
1808 2850 42 26 ce
1889 2846 104 30 reste

269 2891 304 37 d'immortalité
596 2904 39 25 se
660 2904 188 38 compose
870 2895 313 38 exclusivement
1203 2898 47 36 de
1270 2898 39 36 la
1335 2899 182 48 musique
1544 2899 160 48 d'église
1732 2899 53 36 du
1813 2899 139 37 maître
1982 2910 8 25 :

271 2951 36 36 le
332 2951 138 36 Stabat
491 2959 38 28 et
555 2952 37 36 la
616 2953 132 36 Messe
770 2954 212 37 solennelle
987 2985 8 18 ,
1025 2967 42 26 ce
1095 2959 67 46 qui
1192 2958 231 49 n'empêche
1450 2972 67 36 pas
1550 2971 78 37 que
1662 2971 64 26 ces
1758 2971 155 26 œuvres
1944 2972 48 26 ne

269 3010 133 37 soient
422 3011 208 37 exécutées
653 3023 76 37 que
750 3016 80 34 très
849 3023 200 29 rarement
1070 3027 49 25 en
1140 3017 112 37 Italie
1271 3017 64 49 (2).

310 3147 51 41 (1)
382 3147 132 32 Justice
535 3148 70 31 soit
627 3149 135 32 rendue
782 3149 19 32 à
822 3156 78 26 tout
919 3151 31 33 le
974 3153 145 35 monde,
1145 3154 100 34 Hans
1262 3156 42 33 de
1325 3156 126 33 Bulow
1475 3157 55 32 n'a
1553 3156 124 44 jamais
1699 3158 77 31 rien
1797 3168 194 35 corrompu

270 3210 44 22 en
331 3200 98 33 Italie
451 3201 37 31 ni
510 3201 87 32 hors
617 3202 43 33 de
674 3201 135 34 Fltalie.

312 3267 48 41 (2)
385 3266 43 32 Et
450 3267 201 33 Guillaume
678 3269 82 32 Tell
762 3294 9 16 ,
794 3275 33 26 et
845 3270 35 31 la
900 3271 240 34 Semiramide
1157 3280 33 26 et
1213 3275 31 33 le
1265 3275 178 32 Barbier!
1462 3276 207 44 UEgregio
1690 3278 144 33 Barone
1852 3278 140 45 ignore,

268 3330 63 32 par
352 3321 173 42 exemple,
550 3332 70 32 que
640 3322 163 32 l'éditeur
822 3323 144 33 Ricordi
987 3335 19 22 a
1034 3328 118 31 vendu
1171 3339 40 21 en
1243 3329 120 31 moins
1384 3328 85 33 d'un
1490 3329 92 33 mois
1606 3341 132 31 20,000
1756 3334 236 42 exemplaires

267 3373 43 32 de
331 3374 31 32 la
382 3375 170 42 partition
575 3376 48 31 du
639 3376 155 33 Barbier
811 3388 92 31 pour
924 3379 108 41 piano
1050 3381 86 31 seul.
1157 3381 88 33 Mais
1267 3383 124 32 Bulow
1405 3383 76 32 dira
1495 3393 129 23 encore
1639 3395 69 32 que
1723 3396 17 21 c
1753 3393 52 26 est
1819 3386 66 34 fait
1900 3399 92 32 pour

267 3428 157 43 extirper
444 3429 96 33 aussi
565 3431 61 31 des
648 3431 243 44 magasinsjde
909 3433 142 33 Ricordi
1072 3435 31 32 le
1128 3442 92 26 reste
1243 3437 43 32 de
1305 3436 259 36 l'immortalité
1582 3440 42 32 de
1646 3440 157 34 Rossini.
