<?xml version="1.0" encoding="UTF-8"?>
<alto xmlns:xsi="http://www.w3.org/2001/XMLSchema-instance" xmlns="http://www.loc.gov/standards/alto/ns-v2#" xsi:schemaLocation="http://www.loc.gov/standards/alto/ns-v2# http://www.loc.gov/standards/alto/alto-v2.0.xsd" xmlns:xlink="http://www.w3.org/1999/xlink">
	<Description>
		<MeasurementUnit>mm10</MeasurementUnit>
		<sourceImageInformation>
			<fileName>//fileserver7/IN2/Princeton/Batch3/bmtnabc/1874/06/15_01/00000338.tif</fileName>
		</sourceImageInformation>
		<OCRProcessing ID="OCRPROCESSING_1">
			<preProcessingStep>
				<processingSoftware>
					<softwareCreator>CCS Content Conversion Specialists GmbH, Germany</softwareCreator>
					<softwareName>CCS docWORKS</softwareName>
					<softwareVersion>6.6-1.18</softwareVersion>
				</processingSoftware>
			</preProcessingStep>
			<ocrProcessingStep>
				<processingSoftware>
					<softwareCreator>ABBYY (BIT Software), Russia</softwareCreator>
					<softwareName>FineReader</softwareName>
					<softwareVersion>10.0</softwareVersion>
				</processingSoftware>
			</ocrProcessingStep>
		</OCRProcessing>
	</Description>
	<Styles>
		<TextStyle ID="TXT_0" FONTSIZE="25" FONTFAMILY="Times New Roman"/>
		<TextStyle ID="TXT_1" FONTSIZE="15" FONTFAMILY="Times New Roman"/>
		<TextStyle ID="TXT_2" FONTSIZE="15" FONTFAMILY="Times New Roman" FONTSTYLE="italics"/>
		<TextStyle ID="TXT_3" FONTSIZE="16" FONTFAMILY="Times New Roman"/>
		<TextStyle ID="TXT_4" FONTSIZE="5" FONTFAMILY="Fraktur"/>
		<ParagraphStyle ID="PAR_LEFT" ALIGN="Left"/>
		<ParagraphStyle ID="PAR_RIGHT" ALIGN="Right"/>
	</Styles>
	<Layout>
		<Page ID="P50" PHYSICAL_IMG_NR="50" HEIGHT="4117" WIDTH="2649" PRINTED_IMG_NR="282" PC="0.937">
			<TopMargin ID="P50_TM00001" HPOS="0" VPOS="0" WIDTH="2649" HEIGHT="474">
				<TextBlock ID="P50_TB00001" HPOS="610" VPOS="420" WIDTH="84" HEIGHT="43" STYLEREFS="TXT_0 PAR_LEFT">
					<TextLine ID="P50_TL00001" HPOS="610" VPOS="420" WIDTH="84" HEIGHT="43">
						<String ID="P50_ST00001" HPOS="610" VPOS="420" WIDTH="84" HEIGHT="43" CONTENT="282" WC="1.00" CC="000"/>
					</TextLine>
				</TextBlock>
				<TextBlock ID="P50_TB00002" HPOS="1069" VPOS="422" WIDTH="843" HEIGHT="50" STYLEREFS="TXT_1 PAR_RIGHT">
					<TextLine ID="P50_TL00002" HPOS="1070" VPOS="422" WIDTH="842" HEIGHT="49">
						<String ID="P50_ST00002" HPOS="1070" VPOS="424" WIDTH="77" HEIGHT="40" CONTENT="LA" WC="1.00" CC="00"/>
						<SP ID="P50_SP00001" HPOS="1147" VPOS="464" WIDTH="33"/>
						<String ID="P50_ST00003" HPOS="1180" VPOS="422" WIDTH="379" HEIGHT="49" CONTENT="CHRONIQUE" WC="0.99" CC="050024003"/>
						<SP ID="P50_SP00002" HPOS="1559" VPOS="471" WIDTH="33"/>
						<String ID="P50_ST00004" HPOS="1592" VPOS="422" WIDTH="320" HEIGHT="44" CONTENT="MUSICALE" WC="1.00" CC="00001000"/>
					</TextLine>
				</TextBlock>
			</TopMargin>
			<LeftMargin ID="P50_LM00001" HPOS="0" VPOS="474" WIDTH="598" HEIGHT="3015"/>
			<RightMargin ID="P50_RM00001" HPOS="2364" VPOS="474" WIDTH="285" HEIGHT="3015"/>
			<BottomMargin ID="P50_BM00001" HPOS="0" VPOS="3489" WIDTH="2649" HEIGHT="628"/>
			<PrintSpace ID="P50_PS00001" HPOS="598" VPOS="474" WIDTH="1766" HEIGHT="3015">
				<TextBlock ID="P50_TB00003" HPOS="598" VPOS="566" WIDTH="1766" HEIGHT="2349" STYLEREFS="TXT_1 PAR_LEFT">
					<TextLine ID="P50_TL00003" HPOS="609" VPOS="567" WIDTH="1755" HEIGHT="58">
						<String ID="P50_ST00005" HPOS="609" VPOS="569" WIDTH="178" HEIGHT="41" CONTENT="entaché" WC="0.98" CC="2505152"/>
						<SP ID="P50_SP00003" HPOS="787" VPOS="610" WIDTH="39"/>
						<String ID="P50_ST00006" HPOS="826" VPOS="568" WIDTH="52" HEIGHT="40" CONTENT="de" WC="0.86" CC="20"/>
						<SP ID="P50_SP00004" HPOS="878" VPOS="610" WIDTH="39"/>
						<String ID="P50_ST00007" HPOS="917" VPOS="567" WIDTH="246" HEIGHT="41" CONTENT="confusion." WC="0.99" CC="5240604774"/>
						<SP ID="P50_SP00005" HPOS="1163" VPOS="610" WIDTH="50"/>
						<String ID="P50_ST00008" HPOS="1213" VPOS="568" WIDTH="81" HEIGHT="41" CONTENT="Les" WC="0.99" CC="300"/>
						<SP ID="P50_SP00006" HPOS="1294" VPOS="610" WIDTH="38"/>
						<String ID="P50_ST00009" HPOS="1332" VPOS="567" WIDTH="153" HEIGHT="54" CONTENT="fugues" WC="0.99" CC="070400"/>
						<SP ID="P50_SP00007" HPOS="1485" VPOS="621" WIDTH="46"/>
						<String ID="P50_ST00010" HPOS="1531" VPOS="570" WIDTH="59" HEIGHT="40" CONTENT="du" WC="0.68" CC="06"/>
						<SP ID="P50_SP00008" HPOS="1590" VPOS="621" WIDTH="45"/>
						<String ID="P50_ST00011" HPOS="1635" VPOS="571" WIDTH="214" HEIGHT="54" CONTENT="Requiem" WC="0.99" CC="0130005" STYLEREFS="TXT_2"/>
						<SP ID="P50_SP00009" HPOS="1849" VPOS="625" WIDTH="42"/>
						<String ID="P50_ST00012" HPOS="1891" VPOS="572" WIDTH="52" HEIGHT="40" CONTENT="de" WC="1.00" CC="00"/>
						<SP ID="P50_SP00010" HPOS="1943" VPOS="625" WIDTH="39"/>
						<String ID="P50_ST00013" HPOS="1982" VPOS="572" WIDTH="245" HEIGHT="41" CONTENT="Cherubini" WC="0.71" CC="430530340"/>
						<SP ID="P50_SP00011" HPOS="2227" VPOS="625" WIDTH="42"/>
						<String ID="P50_ST00014" HPOS="2269" VPOS="583" WIDTH="95" HEIGHT="33" CONTENT="sont" WC="0.96" CC="3094"/>
					</TextLine>
					<TextLine ID="P50_TL00004" HPOS="609" VPOS="641" WIDTH="1755" HEIGHT="61">
						<String ID="P50_ST00015" HPOS="609" VPOS="643" WIDTH="195" HEIGHT="55" CONTENT="toujours" WC="0.99" CC="00570640"/>
						<SP ID="P50_SP00012" HPOS="804" VPOS="698" WIDTH="21"/>
						<String ID="P50_ST00016" HPOS="825" VPOS="641" WIDTH="151" HEIGHT="42" CONTENT="claires" WC="0.99" CC="4004500"/>
						<SP ID="P50_SP00013" HPOS="976" VPOS="698" WIDTH="20"/>
						<String ID="P50_ST00017" HPOS="996" VPOS="649" WIDTH="42" HEIGHT="33" CONTENT="et" WC="0.81" CC="03"/>
						<SP ID="P50_SP00014" HPOS="1038" VPOS="698" WIDTH="20"/>
						<String ID="P50_ST00018" HPOS="1058" VPOS="649" WIDTH="198" HEIGHT="48" CONTENT="toujours" WC="0.98" CC="63270650"/>
						<SP ID="P50_SP00015" HPOS="1256" VPOS="698" WIDTH="19"/>
						<String ID="P50_ST00019" HPOS="1275" VPOS="656" WIDTH="275" HEIGHT="42" CONTENT="pompeuses," WC="1.00" CC="0000000404"/>
						<SP ID="P50_SP00016" HPOS="1550" VPOS="698" WIDTH="23"/>
						<String ID="P50_ST00020" HPOS="1573" VPOS="652" WIDTH="42" HEIGHT="34" CONTENT="et" WC="0.82" CC="03"/>
						<SP ID="P50_SP00017" HPOS="1615" VPOS="698" WIDTH="19"/>
						<String ID="P50_ST00021" HPOS="1634" VPOS="644" WIDTH="99" HEIGHT="42" CONTENT="c'est" WC="0.97" CC="52066"/>
						<SP ID="P50_SP00018" HPOS="1733" VPOS="698" WIDTH="21"/>
						<String ID="P50_ST00022" HPOS="1754" VPOS="649" WIDTH="23" HEIGHT="37" CONTENT="à" WC="0.73" CC="2"/>
						<SP ID="P50_SP00019" HPOS="1777" VPOS="698" WIDTH="22"/>
						<String ID="P50_ST00023" HPOS="1799" VPOS="659" WIDTH="45" HEIGHT="27" CONTENT="ce" WC="0.56" CC="61"/>
						<SP ID="P50_SP00020" HPOS="1844" VPOS="698" WIDTH="23"/>
						<String ID="P50_ST00024" HPOS="1867" VPOS="647" WIDTH="209" HEIGHT="40" CONTENT="caractère" WC="0.99" CC="200900454"/>
						<SP ID="P50_SP00021" HPOS="2076" VPOS="698" WIDTH="22"/>
						<String ID="P50_ST00025" HPOS="2098" VPOS="647" WIDTH="109" HEIGHT="55" CONTENT="qu'il" WC="0.99" CC="00421"/>
						<SP ID="P50_SP00022" HPOS="2207" VPOS="702" WIDTH="22"/>
						<String ID="P50_ST00026" HPOS="2229" VPOS="646" WIDTH="135" HEIGHT="44" CONTENT="fallait" WC="0.99" CC="7200070"/>
					</TextLine>
					<TextLine ID="P50_TL00005" HPOS="608" VPOS="717" WIDTH="125" HEIGHT="40">
						<String ID="P50_ST00027" HPOS="608" VPOS="717" WIDTH="125" HEIGHT="40" CONTENT="viser." WC="0.98" CC="640204"/>
					</TextLine>
					<TextLine ID="P50_TL00006" HPOS="661" VPOS="789" WIDTH="1703" HEIGHT="62">
						<String ID="P50_ST00028" HPOS="661" VPOS="789" WIDTH="129" HEIGHT="42" CONTENT="Verdi" WC="0.99" CC="00310"/>
						<SP ID="P50_SP00023" HPOS="790" VPOS="831" WIDTH="31"/>
						<String ID="P50_ST00029" HPOS="821" VPOS="789" WIDTH="98" HEIGHT="43" CONTENT="s'est" WC="0.98" CC="53005"/>
						<SP ID="P50_SP00024" HPOS="919" VPOS="832" WIDTH="22"/>
						<String ID="P50_ST00030" HPOS="941" VPOS="792" WIDTH="197" HEIGHT="54" CONTENT="surpassé" WC="0.99" CC="00005006"/>
						<SP ID="P50_SP00025" HPOS="1138" VPOS="846" WIDTH="29"/>
						<String ID="P50_ST00031" HPOS="1167" VPOS="791" WIDTH="108" HEIGHT="42" CONTENT="dans" WC="0.99" CC="0300"/>
						<SP ID="P50_SP00026" HPOS="1275" VPOS="846" WIDTH="27"/>
						<String ID="P50_ST00032" HPOS="1302" VPOS="792" WIDTH="192" HEIGHT="55" CONTENT="VAgnus" WC="0.77" CC="700060" STYLEREFS="TXT_2"/>
						<SP ID="P50_SP00027" HPOS="1494" VPOS="847" WIDTH="33"/>
						<String ID="P50_ST00033" HPOS="1527" VPOS="793" WIDTH="89" HEIGHT="40" CONTENT="Dei" WC="0.88" CC="300" STYLEREFS="TXT_2"/>
						<String ID="P50_ST00034" HPOS="1621" VPOS="827" WIDTH="9" HEIGHT="20" CONTENT="," WC="0.55" CC="4"/>
						<SP ID="P50_SP00028" HPOS="1630" VPOS="847" WIDTH="27"/>
						<String ID="P50_ST00035" HPOS="1657" VPOS="807" WIDTH="61" HEIGHT="28" CONTENT="un" WC="0.80" CC="04"/>
						<SP ID="P50_SP00029" HPOS="1718" VPOS="847" WIDTH="23"/>
						<String ID="P50_ST00036" HPOS="1741" VPOS="807" WIDTH="84" HEIGHT="42" CONTENT="pur" WC="1.00" CC="001"/>
						<SP ID="P50_SP00030" HPOS="1825" VPOS="849" WIDTH="30"/>
						<String ID="P50_ST00037" HPOS="1855" VPOS="794" WIDTH="198" HEIGHT="42" CONTENT="diamant" WC="0.99" CC="0200064"/>
						<SP ID="P50_SP00031" HPOS="2053" VPOS="849" WIDTH="26"/>
						<String ID="P50_ST00038" HPOS="2079" VPOS="795" WIDTH="185" HEIGHT="42" CONTENT="musical" WC="0.99" CC="0006070"/>
						<SP ID="P50_SP00032" HPOS="2264" VPOS="849" WIDTH="22"/>
						<String ID="P50_ST00039" HPOS="2286" VPOS="797" WIDTH="78" HEIGHT="54" CONTENT="qui" WC="0.99" CC="003"/>
					</TextLine>
					<TextLine ID="P50_TL00007" HPOS="606" VPOS="863" WIDTH="1758" HEIGHT="61">
						<String ID="P50_ST00040" HPOS="606" VPOS="863" WIDTH="144" HEIGHT="42" CONTENT="reflète" WC="0.98" CC="3066330"/>
						<SP ID="P50_SP00033" HPOS="750" VPOS="905" WIDTH="33"/>
						<String ID="P50_ST00041" HPOS="783" VPOS="863" WIDTH="423" HEIGHT="43" CONTENT="merveilleusement" WC="1.00" CC="0540000000000002"/>
						<SP ID="P50_SP00034" HPOS="1206" VPOS="906" WIDTH="42"/>
						<String ID="P50_ST00042" HPOS="1248" VPOS="867" WIDTH="58" HEIGHT="40" CONTENT="les" WC="0.99" CC="100"/>
						<SP ID="P50_SP00035" HPOS="1306" VPOS="907" WIDTH="34"/>
						<String ID="P50_ST00043" HPOS="1340" VPOS="866" WIDTH="169" HEIGHT="54" CONTENT="pieuses" WC="0.99" CC="0600060"/>
						<SP ID="P50_SP00036" HPOS="1509" VPOS="920" WIDTH="37"/>
						<String ID="P50_ST00044" HPOS="1546" VPOS="867" WIDTH="261" HEIGHT="55" CONTENT="aspirations" WC="1.00" CC="00040004000"/>
						<SP ID="P50_SP00037" HPOS="1807" VPOS="922" WIDTH="37"/>
						<String ID="P50_ST00045" HPOS="1844" VPOS="868" WIDTH="108" HEIGHT="42" CONTENT="dont" WC="0.98" CC="0505"/>
						<SP ID="P50_SP00038" HPOS="1952" VPOS="922" WIDTH="34"/>
						<String ID="P50_ST00046" HPOS="1986" VPOS="876" WIDTH="62" HEIGHT="34" CONTENT="est" WC="1.00" CC="000"/>
						<SP ID="P50_SP00039" HPOS="2048" VPOS="922" WIDTH="32"/>
						<String ID="P50_ST00047" HPOS="2080" VPOS="870" WIDTH="214" HEIGHT="54" CONTENT="empreint" WC="1.00" CC="00040005"/>
						<SP ID="P50_SP00040" HPOS="2294" VPOS="924" WIDTH="34"/>
						<String ID="P50_ST00048" HPOS="2328" VPOS="871" WIDTH="36" HEIGHT="40" CONTENT="le" WC="0.78" CC="40"/>
					</TextLine>
					<TextLine ID="P50_TL00008" HPOS="605" VPOS="936" WIDTH="1755" HEIGHT="61">
						<String ID="P50_ST00049" HPOS="605" VPOS="950" WIDTH="223" HEIGHT="28" CONTENT="morceau." WC="0.99" CC="81504004"/>
						<SP ID="P50_SP00041" HPOS="828" VPOS="978" WIDTH="33"/>
						<String ID="P50_ST00050" HPOS="861" VPOS="936" WIDTH="35" HEIGHT="42" CONTENT="Il" WC="0.63" CC="33"/>
						<SP ID="P50_SP00042" HPOS="896" VPOS="978" WIDTH="23"/>
						<String ID="P50_ST00051" HPOS="919" VPOS="945" WIDTH="61" HEIGHT="33" CONTENT="est" WC="0.98" CC="004"/>
						<SP ID="P50_SP00043" HPOS="980" VPOS="978" WIDTH="21"/>
						<String ID="P50_ST00052" HPOS="1001" VPOS="938" WIDTH="158" HEIGHT="42" CONTENT="chanté" WC="1.00" CC="050000"/>
						<SP ID="P50_SP00044" HPOS="1159" VPOS="980" WIDTH="26"/>
						<String ID="P50_ST00053" HPOS="1185" VPOS="943" WIDTH="22" HEIGHT="37" CONTENT="à" WC="0.75" CC="2"/>
						<SP ID="P50_SP00045" HPOS="1207" VPOS="980" WIDTH="32"/>
						<String ID="P50_ST00054" HPOS="1239" VPOS="939" WIDTH="215" HEIGHT="42" CONTENT="l'unisson" WC="1.00" CC="040030030"/>
						<SP ID="P50_SP00046" HPOS="1454" VPOS="981" WIDTH="27"/>
						<String ID="P50_ST00055" HPOS="1481" VPOS="954" WIDTH="75" HEIGHT="40" CONTENT="par" WC="0.99" CC="030"/>
						<SP ID="P50_SP00047" HPOS="1556" VPOS="994" WIDTH="22"/>
						<String ID="P50_ST00056" HPOS="1578" VPOS="940" WIDTH="38" HEIGHT="40" CONTENT="le" WC="1.00" CC="00"/>
						<SP ID="P50_SP00048" HPOS="1616" VPOS="994" WIDTH="23"/>
						<String ID="P50_ST00057" HPOS="1639" VPOS="954" WIDTH="188" HEIGHT="41" CONTENT="soprano" WC="0.99" CC="0200900"/>
						<SP ID="P50_SP00049" HPOS="1827" VPOS="995" WIDTH="31"/>
						<String ID="P50_ST00058" HPOS="1858" VPOS="950" WIDTH="41" HEIGHT="32" CONTENT="et" WC="1.00" CC="00"/>
						<SP ID="P50_SP00050" HPOS="1899" VPOS="995" WIDTH="30"/>
						<String ID="P50_ST00059" HPOS="1929" VPOS="942" WIDTH="39" HEIGHT="41" CONTENT="le" WC="1.00" CC="00"/>
						<SP ID="P50_SP00051" HPOS="1968" VPOS="995" WIDTH="20"/>
						<String ID="P50_ST00060" HPOS="1988" VPOS="956" WIDTH="372" HEIGHT="41" CONTENT="mezzo-soprano." WC="0.81" CC="00300300003644"/>
					</TextLine>
					<TextLine ID="P50_TL00009" HPOS="608" VPOS="1010" WIDTH="1756" HEIGHT="60">
						<String ID="P50_ST00061" HPOS="608" VPOS="1011" WIDTH="60" HEIGHT="41" CONTENT="Le" WC="1.00" CC="00"/>
						<SP ID="P50_SP00052" HPOS="668" VPOS="1052" WIDTH="45"/>
						<String ID="P50_ST00062" HPOS="713" VPOS="1010" WIDTH="133" HEIGHT="42" CONTENT="motif" WC="0.99" CC="00240"/>
						<SP ID="P50_SP00053" HPOS="846" VPOS="1052" WIDTH="33"/>
						<String ID="P50_ST00063" HPOS="879" VPOS="1011" WIDTH="214" HEIGHT="55" CONTENT="principal" WC="1.00" CC="000005001"/>
						<SP ID="P50_SP00054" HPOS="1093" VPOS="1066" WIDTH="39"/>
						<String ID="P50_ST00064" HPOS="1132" VPOS="1027" WIDTH="29" HEIGHT="40" CONTENT="y" WC="0.57" CC="4"/>
						<SP ID="P50_SP00055" HPOS="1161" VPOS="1067" WIDTH="34"/>
						<String ID="P50_ST00065" HPOS="1195" VPOS="1013" WIDTH="168" HEIGHT="41" CONTENT="revient" WC="0.99" CC="4004071"/>
						<SP ID="P50_SP00056" HPOS="1363" VPOS="1067" WIDTH="40"/>
						<String ID="P50_ST00066" HPOS="1403" VPOS="1018" WIDTH="24" HEIGHT="36" CONTENT="à" WC="0.92" CC="0"/>
						<SP ID="P50_SP00057" HPOS="1427" VPOS="1067" WIDTH="37"/>
						<String ID="P50_ST00067" HPOS="1464" VPOS="1013" WIDTH="185" HEIGHT="41" CONTENT="diverses" WC="1.00" CC="02004000"/>
						<SP ID="P50_SP00058" HPOS="1649" VPOS="1067" WIDTH="41"/>
						<String ID="P50_ST00068" HPOS="1690" VPOS="1014" WIDTH="203" HEIGHT="55" CONTENT="reprises," WC="1.00" CC="000060006"/>
						<SP ID="P50_SP00059" HPOS="1893" VPOS="1069" WIDTH="36"/>
						<String ID="P50_ST00069" HPOS="1929" VPOS="1023" WIDTH="42" HEIGHT="33" CONTENT="et" WC="0.93" CC="10"/>
						<SP ID="P50_SP00060" HPOS="1971" VPOS="1069" WIDTH="48"/>
						<String ID="P50_ST00070" HPOS="2019" VPOS="1016" WIDTH="196" HEIGHT="54" CONTENT="toujours" WC="0.99" CC="00070060"/>
						<SP ID="P50_SP00061" HPOS="2215" VPOS="1070" WIDTH="33"/>
						<String ID="P50_ST00071" HPOS="2248" VPOS="1017" WIDTH="116" HEIGHT="40" CONTENT="varié" WC="0.98" CC="00644"/>
					</TextLine>
					<TextLine ID="P50_TL00010" HPOS="604" VPOS="1084" WIDTH="1759" HEIGHT="59">
						<String ID="P50_ST00072" HPOS="604" VPOS="1084" WIDTH="478" HEIGHT="55" CONTENT="d'accompagnement." WC="1.00" CC="04002300020060634"/>
						<SP ID="P50_SP00062" HPOS="1082" VPOS="1139" WIDTH="34"/>
						<String ID="P50_ST00073" HPOS="1116" VPOS="1085" WIDTH="82" HEIGHT="41" CONTENT="Les" WC="1.00" CC="000"/>
						<SP ID="P50_SP00063" HPOS="1198" VPOS="1139" WIDTH="22"/>
						<String ID="P50_ST00074" HPOS="1220" VPOS="1085" WIDTH="125" HEIGHT="41" CONTENT="flûtes" WC="0.99" CC="222600"/>
						<SP ID="P50_SP00064" HPOS="1345" VPOS="1139" WIDTH="21"/>
						<String ID="P50_ST00075" HPOS="1366" VPOS="1089" WIDTH="22" HEIGHT="38" CONTENT="à" WC="0.36" CC="6"/>
						<SP ID="P50_SP00065" HPOS="1388" VPOS="1139" WIDTH="23"/>
						<String ID="P50_ST00076" HPOS="1411" VPOS="1087" WIDTH="40" HEIGHT="40" CONTENT="la" WC="0.71" CC="05"/>
						<SP ID="P50_SP00066" HPOS="1451" VPOS="1139" WIDTH="24"/>
						<String ID="P50_ST00077" HPOS="1475" VPOS="1086" WIDTH="129" HEIGHT="41" CONTENT="tierce" WC="1.00" CC="010001"/>
						<SP ID="P50_SP00067" HPOS="1604" VPOS="1139" WIDTH="22"/>
						<String ID="P50_ST00078" HPOS="1626" VPOS="1101" WIDTH="28" HEIGHT="40" CONTENT="y" WC="0.31" CC="6"/>
						<SP ID="P50_SP00068" HPOS="1654" VPOS="1141" WIDTH="22"/>
						<String ID="P50_ST00079" HPOS="1676" VPOS="1086" WIDTH="95" HEIGHT="43" CONTENT="font" WC="0.97" CC="0069"/>
						<SP ID="P50_SP00069" HPOS="1771" VPOS="1141" WIDTH="20"/>
						<String ID="P50_ST00080" HPOS="1791" VPOS="1101" WIDTH="62" HEIGHT="27" CONTENT="un" WC="1.00" CC="00"/>
						<SP ID="P50_SP00070" HPOS="1853" VPOS="1141" WIDTH="21"/>
						<String ID="P50_ST00081" HPOS="1874" VPOS="1086" WIDTH="209" HEIGHT="43" CONTENT="délicieux" WC="1.00" CC="000011034"/>
						<SP ID="P50_SP00071" HPOS="2083" VPOS="1141" WIDTH="23"/>
						<String ID="P50_ST00082" HPOS="2106" VPOS="1102" WIDTH="184" HEIGHT="41" CONTENT="ramage." WC="0.99" CC="0007903"/>
						<SP ID="P50_SP00072" HPOS="2290" VPOS="1143" WIDTH="26"/>
						<String ID="P50_ST00083" HPOS="2316" VPOS="1089" WIDTH="47" HEIGHT="42" CONTENT="Je" WC="0.65" CC="06"/>
					</TextLine>
					<TextLine ID="P50_TL00011" HPOS="604" VPOS="1157" WIDTH="724" HEIGHT="57">
						<String ID="P50_ST00084" HPOS="604" VPOS="1159" WIDTH="39" HEIGHT="40" CONTENT="le" WC="0.93" CC="10"/>
						<SP ID="P50_SP00073" HPOS="643" VPOS="1199" WIDTH="22"/>
						<String ID="P50_ST00085" HPOS="665" VPOS="1160" WIDTH="155" HEIGHT="54" CONTENT="répète," WC="0.99" CC="0200304"/>
						<SP ID="P50_SP00074" HPOS="820" VPOS="1214" WIDTH="24"/>
						<String ID="P50_ST00086" HPOS="844" VPOS="1157" WIDTH="104" HEIGHT="42" CONTENT="c'est" WC="0.98" CC="34005"/>
						<SP ID="P50_SP00075" HPOS="948" VPOS="1214" WIDTH="24"/>
						<String ID="P50_ST00087" HPOS="972" VPOS="1172" WIDTH="86" HEIGHT="27" CONTENT="une" WC="0.99" CC="020"/>
						<SP ID="P50_SP00076" HPOS="1058" VPOS="1214" WIDTH="21"/>
						<String ID="P50_ST00088" HPOS="1079" VPOS="1160" WIDTH="249" HEIGHT="41" CONTENT="trouvaille." WC="0.99" CC="10400055004"/>
					</TextLine>
					<TextLine ID="P50_TL00012" HPOS="660" VPOS="1232" WIDTH="1703" HEIGHT="59">
						<String ID="P50_ST00089" HPOS="660" VPOS="1233" WIDTH="60" HEIGHT="40" CONTENT="Le" WC="1.00" CC="00"/>
						<SP ID="P50_SP00077" HPOS="720" VPOS="1273" WIDTH="25"/>
						<String ID="P50_ST00090" HPOS="745" VPOS="1234" WIDTH="102" HEIGHT="40" CONTENT="Lux" WC="0.99" CC="001" STYLEREFS="TXT_2"/>
						<SP ID="P50_SP00078" HPOS="847" VPOS="1274" WIDTH="30"/>
						<String ID="P50_ST00091" HPOS="877" VPOS="1239" WIDTH="170" HEIGHT="36" CONTENT="œterna" WC="0.80" CC="204400" STYLEREFS="TXT_2"/>
						<SP ID="P50_SP00079" HPOS="1047" VPOS="1275" WIDTH="20"/>
						<String ID="P50_ST00092" HPOS="1067" VPOS="1241" WIDTH="62" HEIGHT="33" CONTENT="est" WC="0.98" CC="006"/>
						<SP ID="P50_SP00080" HPOS="1129" VPOS="1275" WIDTH="29"/>
						<String ID="P50_ST00093" HPOS="1158" VPOS="1232" WIDTH="103" HEIGHT="42" CONTENT="d'un" WC="0.97" CC="0309"/>
						<SP ID="P50_SP00081" HPOS="1261" VPOS="1275" WIDTH="34"/>
						<String ID="P50_ST00094" HPOS="1295" VPOS="1235" WIDTH="108" HEIGHT="40" CONTENT="beau" WC="0.98" CC="0009"/>
						<SP ID="P50_SP00082" HPOS="1403" VPOS="1275" WIDTH="24"/>
						<String ID="P50_ST00095" HPOS="1427" VPOS="1235" WIDTH="108" HEIGHT="56" CONTENT="style" WC="0.99" CC="06000"/>
						<SP ID="P50_SP00083" HPOS="1535" VPOS="1291" WIDTH="33"/>
						<String ID="P50_ST00096" HPOS="1568" VPOS="1251" WIDTH="8" HEIGHT="26" CONTENT=":" WC="0.78" CC="2"/>
						<SP ID="P50_SP00084" HPOS="1576" VPOS="1291" WIDTH="35"/>
						<String ID="P50_ST00097" HPOS="1611" VPOS="1236" WIDTH="30" HEIGHT="41" CONTENT="il" WC="0.91" CC="01"/>
						<SP ID="P50_SP00085" HPOS="1641" VPOS="1291" WIDTH="21"/>
						<String ID="P50_ST00098" HPOS="1662" VPOS="1236" WIDTH="168" HEIGHT="41" CONTENT="s'éteint" WC="0.99" CC="04400370"/>
						<SP ID="P50_SP00086" HPOS="1830" VPOS="1291" WIDTH="21"/>
						<String ID="P50_ST00099" HPOS="1851" VPOS="1237" WIDTH="105" HEIGHT="39" CONTENT="dans" WC="0.99" CC="0060"/>
						<SP ID="P50_SP00087" HPOS="1956" VPOS="1291" WIDTH="23"/>
						<String ID="P50_ST00100" HPOS="1979" VPOS="1249" WIDTH="62" HEIGHT="27" CONTENT="un" WC="1.00" CC="00"/>
						<SP ID="P50_SP00088" HPOS="2041" VPOS="1291" WIDTH="25"/>
						<String ID="P50_ST00101" HPOS="2066" VPOS="1236" WIDTH="297" HEIGHT="42" CONTENT="decrescendo" WC="0.99" CC="04060000505" STYLEREFS="TXT_2"/>
					</TextLine>
					<TextLine ID="P50_TL00013" HPOS="604" VPOS="1306" WIDTH="1759" HEIGHT="57">
						<String ID="P50_ST00102" HPOS="604" VPOS="1306" WIDTH="77" HEIGHT="55" CONTENT="qui" WC="0.98" CC="023"/>
						<SP ID="P50_SP00089" HPOS="681" VPOS="1361" WIDTH="20"/>
						<String ID="P50_ST00103" HPOS="701" VPOS="1307" WIDTH="159" HEIGHT="41" CONTENT="touche" WC="0.99" CC="503100"/>
						<SP ID="P50_SP00090" HPOS="860" VPOS="1361" WIDTH="21"/>
						<String ID="P50_ST00104" HPOS="881" VPOS="1321" WIDTH="76" HEIGHT="41" CONTENT="par" WC="0.96" CC="063"/>
						<SP ID="P50_SP00091" HPOS="957" VPOS="1362" WIDTH="21"/>
						<String ID="P50_ST00105" HPOS="978" VPOS="1321" WIDTH="43" HEIGHT="27" CONTENT="sa" WC="1.00" CC="00"/>
						<SP ID="P50_SP00092" HPOS="1021" VPOS="1362" WIDTH="21"/>
						<String ID="P50_ST00106" HPOS="1042" VPOS="1309" WIDTH="136" HEIGHT="39" CONTENT="douce" WC="1.00" CC="00010"/>
						<SP ID="P50_SP00093" HPOS="1178" VPOS="1362" WIDTH="21"/>
						<String ID="P50_ST00107" HPOS="1199" VPOS="1308" WIDTH="272" HEIGHT="42" CONTENT="mélancolie." WC="0.99" CC="02705000204"/>
						<SP ID="P50_SP00094" HPOS="1471" VPOS="1362" WIDTH="29"/>
						<String ID="P50_ST00108" HPOS="1500" VPOS="1309" WIDTH="148" HEIGHT="53" CONTENT="Enfin," WC="0.99" CC="001137"/>
						<SP ID="P50_SP00095" HPOS="1648" VPOS="1362" WIDTH="24"/>
						<String ID="P50_ST00109" HPOS="1672" VPOS="1310" WIDTH="37" HEIGHT="40" CONTENT="le" WC="0.93" CC="10"/>
						<SP ID="P50_SP00096" HPOS="1709" VPOS="1362" WIDTH="22"/>
						<String ID="P50_ST00110" HPOS="1731" VPOS="1310" WIDTH="166" HEIGHT="41" CONTENT="Libéra" WC="0.99" CC="001053" STYLEREFS="TXT_2"/>
						<SP ID="P50_SP00097" HPOS="1897" VPOS="1362" WIDTH="17"/>
						<String ID="P50_ST00111" HPOS="1914" VPOS="1323" WIDTH="82" HEIGHT="40" CONTENT="me," WC="0.94" CC="229" STYLEREFS="TXT_2"/>
						<SP ID="P50_SP00098" HPOS="1996" VPOS="1363" WIDTH="21"/>
						<String ID="P50_ST00112" HPOS="2017" VPOS="1310" WIDTH="106" HEIGHT="41" CONTENT="d'un" WC="0.99" CC="0400"/>
						<SP ID="P50_SP00099" HPOS="2123" VPOS="1363" WIDTH="24"/>
						<String ID="P50_ST00113" HPOS="2147" VPOS="1314" WIDTH="216" HEIGHT="38" CONTENT="caractère" WC="1.00" CC="002000700"/>
					</TextLine>
					<TextLine ID="P50_TL00014" HPOS="604" VPOS="1379" WIDTH="1759" HEIGHT="59">
						<String ID="P50_ST00114" HPOS="604" VPOS="1379" WIDTH="161" HEIGHT="56" CONTENT="parfois" WC="0.99" CC="8010010"/>
						<SP ID="P50_SP00100" HPOS="765" VPOS="1435" WIDTH="33"/>
						<String ID="P50_ST00115" HPOS="798" VPOS="1380" WIDTH="229" HEIGHT="54" CONTENT="singulier," WC="0.99" CC="4740405034"/>
						<SP ID="P50_SP00101" HPOS="1027" VPOS="1435" WIDTH="23"/>
						<String ID="P50_ST00116" HPOS="1050" VPOS="1381" WIDTH="197" HEIGHT="41" CONTENT="contient" WC="0.99" CC="20640000"/>
						<SP ID="P50_SP00102" HPOS="1247" VPOS="1435" WIDTH="30"/>
						<String ID="P50_ST00117" HPOS="1277" VPOS="1394" WIDTH="85" HEIGHT="28" CONTENT="une" WC="0.98" CC="060"/>
						<SP ID="P50_SP00103" HPOS="1362" VPOS="1435" WIDTH="34"/>
						<String ID="P50_ST00118" HPOS="1396" VPOS="1382" WIDTH="165" HEIGHT="55" CONTENT="plainte" WC="1.00" CC="0000330"/>
						<SP ID="P50_SP00104" HPOS="1561" VPOS="1437" WIDTH="27"/>
						<String ID="P50_ST00119" HPOS="1588" VPOS="1382" WIDTH="239" HEIGHT="41" CONTENT="admirable" WC="1.00" CC="000050000"/>
						<SP ID="P50_SP00105" HPOS="1827" VPOS="1437" WIDTH="23"/>
						<String ID="P50_ST00120" HPOS="1850" VPOS="1383" WIDTH="59" HEIGHT="40" CONTENT="du" WC="1.00" CC="00"/>
						<SP ID="P50_SP00106" HPOS="1909" VPOS="1437" WIDTH="32"/>
						<String ID="P50_ST00121" HPOS="1941" VPOS="1396" WIDTH="201" HEIGHT="41" CONTENT="soprano," WC="0.99" CC="00030304"/>
						<SP ID="P50_SP00107" HPOS="2142" VPOS="1437" WIDTH="24"/>
						<String ID="P50_ST00122" HPOS="2166" VPOS="1383" WIDTH="89" HEIGHT="41" CONTENT="dite" WC="0.99" CC="0400"/>
						<SP ID="P50_SP00108" HPOS="2255" VPOS="1437" WIDTH="32"/>
						<String ID="P50_ST00123" HPOS="2287" VPOS="1398" WIDTH="76" HEIGHT="40" CONTENT="par" WC="0.98" CC="006"/>
					</TextLine>
					<TextLine ID="P50_TL00015" HPOS="604" VPOS="1453" WIDTH="1759" HEIGHT="59">
						<String ID="P50_ST00124" HPOS="604" VPOS="1453" WIDTH="200" HEIGHT="42" CONTENT="madame" WC="1.00" CC="000003"/>
						<SP ID="P50_SP00109" HPOS="804" VPOS="1495" WIDTH="31"/>
						<String ID="P50_ST00125" HPOS="835" VPOS="1454" WIDTH="131" HEIGHT="55" CONTENT="Stolz," WC="0.63" CC="060194"/>
						<SP ID="P50_SP00110" HPOS="966" VPOS="1509" WIDTH="31"/>
						<String ID="P50_ST00126" HPOS="997" VPOS="1468" WIDTH="101" HEIGHT="27" CONTENT="avec" WC="0.99" CC="0003"/>
						<SP ID="P50_SP00111" HPOS="1098" VPOS="1509" WIDTH="35"/>
						<String ID="P50_ST00127" HPOS="1133" VPOS="1468" WIDTH="61" HEIGHT="28" CONTENT="un" WC="0.34" CC="75"/>
						<SP ID="P50_SP00112" HPOS="1194" VPOS="1509" WIDTH="34"/>
						<String ID="P50_ST00128" HPOS="1228" VPOS="1463" WIDTH="68" HEIGHT="33" CONTENT="art" WC="1.00" CC="000"/>
						<SP ID="P50_SP00113" HPOS="1296" VPOS="1509" WIDTH="33"/>
						<String ID="P50_ST00129" HPOS="1329" VPOS="1456" WIDTH="78" HEIGHT="54" CONTENT="qui" WC="0.98" CC="015"/>
						<SP ID="P50_SP00114" HPOS="1407" VPOS="1510" WIDTH="39"/>
						<String ID="P50_ST00130" HPOS="1446" VPOS="1456" WIDTH="106" HEIGHT="40" CONTENT="défie" WC="0.99" CC="05220"/>
						<SP ID="P50_SP00115" HPOS="1552" VPOS="1510" WIDTH="35"/>
						<String ID="P50_ST00131" HPOS="1587" VPOS="1464" WIDTH="122" HEIGHT="34" CONTENT="toute" WC="0.99" CC="00620"/>
						<SP ID="P50_SP00116" HPOS="1709" VPOS="1510" WIDTH="33"/>
						<String ID="P50_ST00132" HPOS="1742" VPOS="1456" WIDTH="317" HEIGHT="56" CONTENT="comparaison," WC="1.00" CC="020005020004"/>
						<SP ID="P50_SP00117" HPOS="2059" VPOS="1512" WIDTH="24"/>
						<String ID="P50_ST00133" HPOS="2083" VPOS="1465" WIDTH="41" HEIGHT="33" CONTENT="et" WC="1.00" CC="00"/>
						<SP ID="P50_SP00118" HPOS="2124" VPOS="1512" WIDTH="35"/>
						<String ID="P50_ST00134" HPOS="2159" VPOS="1457" WIDTH="40" HEIGHT="41" CONTENT="la" WC="0.88" CC="20"/>
						<SP ID="P50_SP00119" HPOS="2199" VPOS="1512" WIDTH="31"/>
						<String ID="P50_ST00135" HPOS="2230" VPOS="1457" WIDTH="133" HEIGHT="54" CONTENT="fugue" WC="0.99" CC="08010"/>
					</TextLine>
					<TextLine ID="P50_TL00016" HPOS="603" VPOS="1527" WIDTH="1759" HEIGHT="60">
						<String ID="P50_ST00136" HPOS="603" VPOS="1527" WIDTH="147" HEIGHT="52" CONTENT="finale," WC="0.99" CC="0602204"/>
						<SP ID="P50_SP00120" HPOS="750" VPOS="1579" WIDTH="18"/>
						<String ID="P50_ST00137" HPOS="768" VPOS="1529" WIDTH="104" HEIGHT="40" CONTENT="d'un" WC="0.99" CC="0400"/>
						<SP ID="P50_SP00121" HPOS="872" VPOS="1579" WIDTH="21"/>
						<String ID="P50_ST00138" HPOS="893" VPOS="1536" WIDTH="282" HEIGHT="35" CONTENT="mouvement" WC="0.99" CC="000029083"/>
						<SP ID="P50_SP00122" HPOS="1175" VPOS="1579" WIDTH="15"/>
						<String ID="P50_ST00139" HPOS="1190" VPOS="1530" WIDTH="85" HEIGHT="41" CONTENT="très" WC="0.98" CC="2060"/>
						<SP ID="P50_SP00123" HPOS="1275" VPOS="1579" WIDTH="21"/>
						<String ID="P50_ST00140" HPOS="1296" VPOS="1529" WIDTH="163" HEIGHT="55" CONTENT="animé," WC="0.98" CC="000754"/>
						<SP ID="P50_SP00124" HPOS="1459" VPOS="1584" WIDTH="24"/>
						<String ID="P50_ST00141" HPOS="1483" VPOS="1531" WIDTH="87" HEIGHT="41" CONTENT="clôt" WC="0.99" CC="4000"/>
						<SP ID="P50_SP00125" HPOS="1570" VPOS="1584" WIDTH="14"/>
						<String ID="P50_ST00142" HPOS="1584" VPOS="1538" WIDTH="109" HEIGHT="35" CONTENT="cette" WC="0.99" CC="00430"/>
						<SP ID="P50_SP00126" HPOS="1693" VPOS="1584" WIDTH="17"/>
						<String ID="P50_ST00143" HPOS="1710" VPOS="1530" WIDTH="226" HEIGHT="57" CONTENT="partition," WC="0.99" CC="0052401404"/>
						<SP ID="P50_SP00127" HPOS="1936" VPOS="1587" WIDTH="18"/>
						<String ID="P50_ST00144" HPOS="1954" VPOS="1530" WIDTH="79" HEIGHT="55" CONTENT="qui" WC="1.00" CC="001"/>
						<SP ID="P50_SP00128" HPOS="2033" VPOS="1587" WIDTH="24"/>
						<String ID="P50_ST00145" HPOS="2057" VPOS="1544" WIDTH="90" HEIGHT="28" CONTENT="sera" WC="1.00" CC="0000"/>
						<SP ID="P50_SP00129" HPOS="2147" VPOS="1587" WIDTH="22"/>
						<String ID="P50_ST00146" HPOS="2169" VPOS="1531" WIDTH="193" HEIGHT="43" CONTENT="l'éternel" WC="0.99" CC="045200306"/>
					</TextLine>
					<TextLine ID="P50_TL00017" HPOS="608" VPOS="1601" WIDTH="443" HEIGHT="45">
						<String ID="P50_ST00147" HPOS="608" VPOS="1601" WIDTH="202" HEIGHT="42" CONTENT="honneur" WC="1.00" CC="5000000"/>
						<SP ID="P50_SP00130" HPOS="810" VPOS="1643" WIDTH="21"/>
						<String ID="P50_ST00148" HPOS="831" VPOS="1602" WIDTH="51" HEIGHT="41" CONTENT="de" WC="1.00" CC="00"/>
						<SP ID="P50_SP00131" HPOS="882" VPOS="1643" WIDTH="19"/>
						<String ID="P50_ST00149" HPOS="901" VPOS="1602" WIDTH="150" HEIGHT="44" CONTENT="Verdi." WC="0.99" CC="500044"/>
					</TextLine>
					<TextLine ID="P50_TL00018" HPOS="659" VPOS="1676" WIDTH="1704" HEIGHT="58">
						<String ID="P50_ST00150" HPOS="659" VPOS="1676" WIDTH="183" HEIGHT="41" CONTENT="Comme" WC="0.99" CC="00005"/>
						<SP ID="P50_SP00132" HPOS="842" VPOS="1717" WIDTH="28"/>
						<String ID="P50_ST00151" HPOS="870" VPOS="1680" WIDTH="23" HEIGHT="37" CONTENT="à" WC="0.39" CC="6"/>
						<SP ID="P50_SP00133" HPOS="893" VPOS="1717" WIDTH="34"/>
						<String ID="P50_ST00152" HPOS="927" VPOS="1676" WIDTH="154" HEIGHT="55" CONTENT="Milan," WC="0.98" CC="035037"/>
						<SP ID="P50_SP00134" HPOS="1081" VPOS="1731" WIDTH="28"/>
						<String ID="P50_ST00153" HPOS="1109" VPOS="1677" WIDTH="262" HEIGHT="42" CONTENT="l'exécution" WC="0.99" CC="04254300649"/>
						<SP ID="P50_SP00135" HPOS="1371" VPOS="1731" WIDTH="32"/>
						<String ID="P50_ST00154" HPOS="1403" VPOS="1678" WIDTH="50" HEIGHT="41" CONTENT="de" WC="1.00" CC="00"/>
						<SP ID="P50_SP00136" HPOS="1453" VPOS="1731" WIDTH="33"/>
						<String ID="P50_ST00155" HPOS="1486" VPOS="1679" WIDTH="41" HEIGHT="40" CONTENT="la" WC="1.00" CC="00"/>
						<SP ID="P50_SP00137" HPOS="1527" VPOS="1731" WIDTH="32"/>
						<String ID="P50_ST00156" HPOS="1559" VPOS="1681" WIDTH="143" HEIGHT="39" CONTENT="Messe" WC="0.99" CC="00004" STYLEREFS="TXT_2"/>
						<SP ID="P50_SP00138" HPOS="1702" VPOS="1731" WIDTH="33"/>
						<String ID="P50_ST00157" HPOS="1735" VPOS="1679" WIDTH="54" HEIGHT="41" CONTENT="de" WC="1.00" CC="00" STYLEREFS="TXT_2"/>
						<SP ID="P50_SP00139" HPOS="1789" VPOS="1731" WIDTH="29"/>
						<String ID="P50_ST00158" HPOS="1818" VPOS="1679" WIDTH="211" HEIGHT="55" CONTENT="Requiem" WC="0.99" CC="0057002" STYLEREFS="TXT_2"/>
						<SP ID="P50_SP00140" HPOS="2029" VPOS="1734" WIDTH="28"/>
						<String ID="P50_ST00159" HPOS="2057" VPOS="1694" WIDTH="24" HEIGHT="26" CONTENT="a" WC="0.22" CC="7"/>
						<SP ID="P50_SP00141" HPOS="2081" VPOS="1734" WIDTH="27"/>
						<String ID="P50_ST00160" HPOS="2108" VPOS="1681" WIDTH="65" HEIGHT="39" CONTENT="été" WC="0.96" CC="503"/>
						<SP ID="P50_SP00142" HPOS="2173" VPOS="1734" WIDTH="28"/>
						<String ID="P50_ST00161" HPOS="2201" VPOS="1679" WIDTH="162" HEIGHT="55" CONTENT="dirigée" WC="0.99" CC="0256060"/>
					</TextLine>
					<TextLine ID="P50_TL00019" HPOS="603" VPOS="1749" WIDTH="1758" HEIGHT="57">
						<String ID="P50_ST00162" HPOS="603" VPOS="1763" WIDTH="76" HEIGHT="40" CONTENT="par" WC="0.97" CC="024"/>
						<SP ID="P50_SP00143" HPOS="679" VPOS="1803" WIDTH="29"/>
						<String ID="P50_ST00163" HPOS="708" VPOS="1749" WIDTH="130" HEIGHT="41" CONTENT="Verdi" WC="0.99" CC="00801"/>
						<SP ID="P50_SP00144" HPOS="838" VPOS="1803" WIDTH="21"/>
						<String ID="P50_ST00164" HPOS="859" VPOS="1749" WIDTH="244" HEIGHT="42" CONTENT="lui-même." WC="0.99" CC="402507703"/>
						<SP ID="P50_SP00145" HPOS="1103" VPOS="1803" WIDTH="24"/>
						<String ID="P50_ST00165" HPOS="1127" VPOS="1751" WIDTH="110" HEIGHT="41" CONTENT="Sous" WC="0.99" CC="0040"/>
						<SP ID="P50_SP00146" HPOS="1237" VPOS="1803" WIDTH="23"/>
						<String ID="P50_ST00166" HPOS="1260" VPOS="1752" WIDTH="38" HEIGHT="40" CONTENT="le" WC="1.00" CC="00"/>
						<SP ID="P50_SP00147" HPOS="1298" VPOS="1803" WIDTH="23"/>
						<String ID="P50_ST00167" HPOS="1321" VPOS="1752" WIDTH="118" HEIGHT="40" CONTENT="strict" WC="0.99" CC="005400"/>
						<SP ID="P50_SP00148" HPOS="1439" VPOS="1803" WIDTH="28"/>
						<String ID="P50_ST00168" HPOS="1467" VPOS="1761" WIDTH="175" HEIGHT="45" CONTENT="rapport" WC="0.99" CC="0700400"/>
						<SP ID="P50_SP00149" HPOS="1642" VPOS="1806" WIDTH="21"/>
						<String ID="P50_ST00169" HPOS="1663" VPOS="1754" WIDTH="50" HEIGHT="38" CONTENT="de" WC="0.74" CC="50"/>
						<SP ID="P50_SP00150" HPOS="1713" VPOS="1806" WIDTH="23"/>
						<String ID="P50_ST00170" HPOS="1736" VPOS="1753" WIDTH="40" HEIGHT="39" CONTENT="la" WC="0.93" CC="10"/>
						<SP ID="P50_SP00151" HPOS="1776" VPOS="1806" WIDTH="24"/>
						<String ID="P50_ST00171" HPOS="1800" VPOS="1765" WIDTH="186" HEIGHT="39" CONTENT="mesure," WC="0.99" CC="0204004"/>
						<SP ID="P50_SP00152" HPOS="1986" VPOS="1806" WIDTH="24"/>
						<String ID="P50_ST00172" HPOS="2010" VPOS="1753" WIDTH="59" HEIGHT="40" CONTENT="les" WC="1.00" CC="000"/>
						<SP ID="P50_SP00153" HPOS="2069" VPOS="1806" WIDTH="21"/>
						<String ID="P50_ST00173" HPOS="2090" VPOS="1754" WIDTH="171" HEIGHT="40" CONTENT="chœurs" WC="0.99" CC="100060"/>
						<SP ID="P50_SP00154" HPOS="2261" VPOS="1806" WIDTH="22"/>
						<String ID="P50_ST00174" HPOS="2283" VPOS="1761" WIDTH="78" HEIGHT="33" CONTENT="ont" WC="0.97" CC="060"/>
					</TextLine>
					<TextLine ID="P50_TL00020" HPOS="603" VPOS="1822" WIDTH="1758" HEIGHT="59">
						<String ID="P50_ST00175" HPOS="603" VPOS="1822" WIDTH="335" HEIGHT="54" CONTENT="régulièrement" WC="1.00" CC="4400152000004"/>
						<SP ID="P50_SP00155" HPOS="938" VPOS="1876" WIDTH="40"/>
						<String ID="P50_ST00176" HPOS="978" VPOS="1823" WIDTH="189" HEIGHT="55" CONTENT="marché," WC="0.99" CC="0000224"/>
						<SP ID="P50_SP00156" HPOS="1167" VPOS="1878" WIDTH="24"/>
						<String ID="P50_ST00177" HPOS="1191" VPOS="1825" WIDTH="102" HEIGHT="40" CONTENT="sauf" WC="1.00" CC="0000"/>
						<SP ID="P50_SP00157" HPOS="1293" VPOS="1878" WIDTH="28"/>
						<String ID="P50_ST00178" HPOS="1321" VPOS="1825" WIDTH="57" HEIGHT="41" CONTENT="du" WC="1.00" CC="00"/>
						<SP ID="P50_SP00158" HPOS="1378" VPOS="1878" WIDTH="30"/>
						<String ID="P50_ST00179" HPOS="1408" VPOS="1827" WIDTH="91" HEIGHT="40" CONTENT="côté" WC="0.98" CC="4030"/>
						<SP ID="P50_SP00159" HPOS="1499" VPOS="1878" WIDTH="33"/>
						<String ID="P50_ST00180" HPOS="1532" VPOS="1825" WIDTH="72" HEIGHT="42" CONTENT="des" WC="1.00" CC="000"/>
						<SP ID="P50_SP00160" HPOS="1604" VPOS="1878" WIDTH="38"/>
						<String ID="P50_ST00181" HPOS="1642" VPOS="1825" WIDTH="179" HEIGHT="42" CONTENT="femmes" WC="1.00" CC="000000"/>
						<SP ID="P50_SP00161" HPOS="1821" VPOS="1878" WIDTH="30"/>
						<String ID="P50_ST00182" HPOS="1851" VPOS="1826" WIDTH="78" HEIGHT="54" CONTENT="qui" WC="1.00" CC="000"/>
						<SP ID="P50_SP00162" HPOS="1929" VPOS="1880" WIDTH="30"/>
						<String ID="P50_ST00183" HPOS="1959" VPOS="1834" WIDTH="78" HEIGHT="33" CONTENT="ont" WC="0.98" CC="004"/>
						<SP ID="P50_SP00163" HPOS="2037" VPOS="1880" WIDTH="27"/>
						<String ID="P50_ST00184" HPOS="2064" VPOS="1827" WIDTH="88" HEIGHT="40" CONTENT="mal" WC="0.99" CC="003"/>
						<SP ID="P50_SP00164" HPOS="2152" VPOS="1880" WIDTH="30"/>
						<String ID="P50_ST00185" HPOS="2182" VPOS="1829" WIDTH="179" HEIGHT="52" CONTENT="attaqué" WC="0.99" CC="0090604"/>
					</TextLine>
					<TextLine ID="P50_TL00021" HPOS="602" VPOS="1895" WIDTH="769" HEIGHT="55">
						<String ID="P50_ST00186" HPOS="602" VPOS="1895" WIDTH="93" HEIGHT="41" CONTENT="leur" WC="0.99" CC="0060"/>
						<SP ID="P50_SP00165" HPOS="695" VPOS="1936" WIDTH="24"/>
						<String ID="P50_ST00187" HPOS="719" VPOS="1897" WIDTH="139" HEIGHT="53" CONTENT="partie" WC="1.00" CC="000030"/>
						<SP ID="P50_SP00166" HPOS="858" VPOS="1950" WIDTH="21"/>
						<String ID="P50_ST00188" HPOS="879" VPOS="1896" WIDTH="106" HEIGHT="41" CONTENT="dans" WC="1.00" CC="0000"/>
						<SP ID="P50_SP00167" HPOS="985" VPOS="1950" WIDTH="28"/>
						<String ID="P50_ST00189" HPOS="1013" VPOS="1897" WIDTH="40" HEIGHT="40" CONTENT="la" WC="1.00" CC="00"/>
						<SP ID="P50_SP00168" HPOS="1053" VPOS="1950" WIDTH="21"/>
						<String ID="P50_ST00190" HPOS="1074" VPOS="1896" WIDTH="133" HEIGHT="54" CONTENT="fugue" WC="1.00" CC="00000"/>
						<SP ID="P50_SP00169" HPOS="1207" VPOS="1950" WIDTH="22"/>
						<String ID="P50_ST00191" HPOS="1229" VPOS="1896" WIDTH="142" HEIGHT="44" CONTENT="finale." WC="0.98" CC="3366504"/>
					</TextLine>
					<TextLine ID="P50_TL00022" HPOS="660" VPOS="1971" WIDTH="1699" HEIGHT="58">
						<String ID="P50_ST00192" HPOS="660" VPOS="1971" WIDTH="82" HEIGHT="39" CONTENT="Par" WC="1.00" CC="000"/>
						<SP ID="P50_SP00170" HPOS="742" VPOS="2010" WIDTH="21"/>
						<String ID="P50_ST00193" HPOS="763" VPOS="1984" WIDTH="62" HEIGHT="27" CONTENT="un" WC="1.00" CC="00"/>
						<SP ID="P50_SP00171" HPOS="825" VPOS="2011" WIDTH="22"/>
						<String ID="P50_ST00194" HPOS="847" VPOS="1971" WIDTH="193" HEIGHT="54" CONTENT="exemple" WC="1.00" CC="0400000"/>
						<SP ID="P50_SP00172" HPOS="1040" VPOS="2025" WIDTH="20"/>
						<String ID="P50_ST00195" HPOS="1060" VPOS="1971" WIDTH="51" HEIGHT="41" CONTENT="de" WC="1.00" CC="00"/>
						<SP ID="P50_SP00173" HPOS="1111" VPOS="2025" WIDTH="22"/>
						<String ID="P50_ST00196" HPOS="1133" VPOS="1971" WIDTH="208" HEIGHT="42" CONTENT="modestie" WC="1.00" CC="02000330"/>
						<SP ID="P50_SP00174" HPOS="1341" VPOS="2025" WIDTH="16"/>
						<String ID="P50_ST00197" HPOS="1357" VPOS="1973" WIDTH="116" HEIGHT="40" CONTENT="aussi" WC="0.99" CC="60001"/>
						<SP ID="P50_SP00175" HPOS="1473" VPOS="2025" WIDTH="23"/>
						<String ID="P50_ST00198" HPOS="1496" VPOS="1973" WIDTH="171" HEIGHT="41" CONTENT="louable" WC="1.00" CC="2100000"/>
						<SP ID="P50_SP00176" HPOS="1667" VPOS="2025" WIDTH="18"/>
						<String ID="P50_ST00199" HPOS="1685" VPOS="1987" WIDTH="84" HEIGHT="42" CONTENT="que" WC="1.00" CC="000"/>
						<SP ID="P50_SP00177" HPOS="1769" VPOS="2029" WIDTH="18"/>
						<String ID="P50_ST00200" HPOS="1787" VPOS="1988" WIDTH="84" HEIGHT="41" CONTENT="peu" WC="1.00" CC="000"/>
						<SP ID="P50_SP00178" HPOS="1871" VPOS="2029" WIDTH="22"/>
						<String ID="P50_ST00201" HPOS="1893" VPOS="1974" WIDTH="212" HEIGHT="55" CONTENT="répandu," WC="0.99" CC="63006054"/>
						<SP ID="P50_SP00179" HPOS="2105" VPOS="2029" WIDTH="23"/>
						<String ID="P50_ST00202" HPOS="2128" VPOS="1987" WIDTH="62" HEIGHT="28" CONTENT="un" WC="0.50" CC="09"/>
						<SP ID="P50_SP00180" HPOS="2190" VPOS="2029" WIDTH="22"/>
						<String ID="P50_ST00203" HPOS="2212" VPOS="1973" WIDTH="147" HEIGHT="42" CONTENT="artiste" WC="0.99" CC="0450000"/>
					</TextLine>
					<TextLine ID="P50_TL00023" HPOS="603" VPOS="2043" WIDTH="1758" HEIGHT="60">
						<String ID="P50_ST00204" HPOS="603" VPOS="2043" WIDTH="174" HEIGHT="55" CONTENT="lyrique" WC="0.99" CC="3014000"/>
						<SP ID="P50_SP00181" HPOS="777" VPOS="2098" WIDTH="29"/>
						<String ID="P50_ST00205" HPOS="806" VPOS="2044" WIDTH="51" HEIGHT="41" CONTENT="de" WC="1.00" CC="00"/>
						<SP ID="P50_SP00182" HPOS="857" VPOS="2098" WIDTH="29"/>
						<String ID="P50_ST00206" HPOS="886" VPOS="2044" WIDTH="228" HEIGHT="56" CONTENT="beaucoup" WC="1.00" CC="00000400"/>
						<SP ID="P50_SP00183" HPOS="1114" VPOS="2100" WIDTH="27"/>
						<String ID="P50_ST00207" HPOS="1141" VPOS="2046" WIDTH="51" HEIGHT="40" CONTENT="de" WC="1.00" CC="00"/>
						<SP ID="P50_SP00184" HPOS="1192" VPOS="2100" WIDTH="27"/>
						<String ID="P50_ST00208" HPOS="1219" VPOS="2046" WIDTH="150" HEIGHT="52" CONTENT="talent," WC="0.99" CC="0040014"/>
						<SP ID="P50_SP00185" HPOS="1369" VPOS="2100" WIDTH="28"/>
						<String ID="P50_ST00209" HPOS="1397" VPOS="2047" WIDTH="63" HEIGHT="41" CONTENT="M." WC="0.83" CC="03"/>
						<SP ID="P50_SP00186" HPOS="1460" VPOS="2100" WIDTH="33"/>
						<String ID="P50_ST00210" HPOS="1493" VPOS="2047" WIDTH="116" HEIGHT="55" CONTENT="Soto," WC="0.74" CC="00344"/>
						<SP ID="P50_SP00187" HPOS="1609" VPOS="2102" WIDTH="25"/>
						<String ID="P50_ST00211" HPOS="1634" VPOS="2048" WIDTH="120" HEIGHT="42" CONTENT="avait" WC="1.00" CC="00010"/>
						<SP ID="P50_SP00188" HPOS="1754" VPOS="2102" WIDTH="30"/>
						<String ID="P50_ST00212" HPOS="1784" VPOS="2048" WIDTH="198" HEIGHT="43" CONTENT="consenti" WC="1.00" CC="00400005"/>
						<SP ID="P50_SP00189" HPOS="1982" VPOS="2102" WIDTH="25"/>
						<String ID="P50_ST00213" HPOS="2007" VPOS="2053" WIDTH="23" HEIGHT="37" CONTENT="à" WC="1.00" CC="0"/>
						<SP ID="P50_SP00190" HPOS="2030" VPOS="2102" WIDTH="27"/>
						<String ID="P50_ST00214" HPOS="2057" VPOS="2055" WIDTH="201" HEIGHT="48" CONTENT="apporter" WC="0.99" CC="00036005"/>
						<SP ID="P50_SP00191" HPOS="2258" VPOS="2103" WIDTH="19"/>
						<String ID="P50_ST00215" HPOS="2277" VPOS="2061" WIDTH="84" HEIGHT="29" CONTENT="aux" WC="0.94" CC="906"/>
					</TextLine>
					<TextLine ID="P50_TL00024" HPOS="603" VPOS="2118" WIDTH="785" HEIGHT="57">
						<String ID="P50_ST00216" HPOS="603" VPOS="2118" WIDTH="141" HEIGHT="41" CONTENT="basses" WC="1.00" CC="003020"/>
						<SP ID="P50_SP00192" HPOS="744" VPOS="2159" WIDTH="22"/>
						<String ID="P50_ST00217" HPOS="766" VPOS="2119" WIDTH="215" HEIGHT="56" CONTENT="l'appoint" WC="1.00" CC="040000500"/>
						<SP ID="P50_SP00193" HPOS="981" VPOS="2175" WIDTH="20"/>
						<String ID="P50_ST00218" HPOS="1001" VPOS="2119" WIDTH="50" HEIGHT="41" CONTENT="de" WC="0.59" CC="80"/>
						<SP ID="P50_SP00194" HPOS="1051" VPOS="2175" WIDTH="23"/>
						<String ID="P50_ST00219" HPOS="1074" VPOS="2133" WIDTH="43" HEIGHT="28" CONTENT="sa" WC="1.00" CC="00"/>
						<SP ID="P50_SP00195" HPOS="1117" VPOS="2175" WIDTH="23"/>
						<String ID="P50_ST00220" HPOS="1140" VPOS="2120" WIDTH="109" HEIGHT="41" CONTENT="belle" WC="0.99" CC="00041"/>
						<SP ID="P50_SP00196" HPOS="1249" VPOS="2175" WIDTH="23"/>
						<String ID="P50_ST00221" HPOS="1272" VPOS="2121" WIDTH="116" HEIGHT="43" CONTENT="voix." WC="0.98" CC="04604"/>
					</TextLine>
					<TextLine ID="P50_TL00025" HPOS="656" VPOS="2192" WIDTH="1705" HEIGHT="60">
						<String ID="P50_ST00222" HPOS="656" VPOS="2192" WIDTH="122" HEIGHT="42" CONTENT="Allez" WC="0.99" CC="21006"/>
						<SP ID="P50_SP00197" HPOS="778" VPOS="2234" WIDTH="23"/>
						<String ID="P50_ST00223" HPOS="801" VPOS="2194" WIDTH="205" HEIGHT="41" CONTENT="entendre" WC="1.00" CC="00200004"/>
						<SP ID="P50_SP00198" HPOS="1006" VPOS="2235" WIDTH="14"/>
						<String ID="P50_ST00224" HPOS="1020" VPOS="2193" WIDTH="158" HEIGHT="41" CONTENT="Teresa" WC="0.94" CC="200000"/>
						<SP ID="P50_SP00199" HPOS="1178" VPOS="2235" WIDTH="23"/>
						<String ID="P50_ST00225" HPOS="1201" VPOS="2194" WIDTH="116" HEIGHT="41" CONTENT="Stolz" WC="0.88" CC="03002"/>
						<SP ID="P50_SP00200" HPOS="1317" VPOS="2235" WIDTH="21"/>
						<String ID="P50_ST00226" HPOS="1338" VPOS="2203" WIDTH="42" HEIGHT="33" CONTENT="et" WC="0.74" CC="05"/>
						<SP ID="P50_SP00201" HPOS="1380" VPOS="2236" WIDTH="21"/>
						<String ID="P50_ST00227" HPOS="1401" VPOS="2196" WIDTH="141" HEIGHT="41" CONTENT="Maria" WC="0.99" CC="00420"/>
						<SP ID="P50_SP00202" HPOS="1542" VPOS="2237" WIDTH="15"/>
						<String ID="P50_ST00228" HPOS="1557" VPOS="2197" WIDTH="290" HEIGHT="44" CONTENT="Waldmann." WC="0.84" CC="004050004"/>
						<SP ID="P50_SP00203" HPOS="1847" VPOS="2241" WIDTH="21"/>
						<String ID="P50_ST00229" HPOS="1868" VPOS="2199" WIDTH="60" HEIGHT="40" CONTENT="La" WC="1.00" CC="00"/>
						<SP ID="P50_SP00204" HPOS="1928" VPOS="2241" WIDTH="24"/>
						<String ID="P50_ST00230" HPOS="1952" VPOS="2197" WIDTH="212" HEIGHT="55" CONTENT="première" WC="1.00" CC="00000060"/>
						<SP ID="P50_SP00205" HPOS="2164" VPOS="2252" WIDTH="21"/>
						<String ID="P50_ST00231" HPOS="2185" VPOS="2196" WIDTH="176" HEIGHT="55" CONTENT="possède" WC="1.00" CC="0003003"/>
					</TextLine>
					<TextLine ID="P50_TL00026" HPOS="600" VPOS="2266" WIDTH="1761" HEIGHT="59">
						<String ID="P50_ST00232" HPOS="600" VPOS="2267" WIDTH="40" HEIGHT="41" CONTENT="la" WC="0.75" CC="40"/>
						<SP ID="P50_SP00206" HPOS="640" VPOS="2308" WIDTH="23"/>
						<String ID="P50_ST00233" HPOS="663" VPOS="2267" WIDTH="97" HEIGHT="53" CONTENT="plus" WC="1.00" CC="0000"/>
						<SP ID="P50_SP00207" HPOS="760" VPOS="2320" WIDTH="24"/>
						<String ID="P50_ST00234" HPOS="784" VPOS="2266" WIDTH="221" HEIGHT="55" CONTENT="splendide" WC="1.00" CC="000000000"/>
						<SP ID="P50_SP00208" HPOS="1005" VPOS="2321" WIDTH="22"/>
						<String ID="P50_ST00235" HPOS="1027" VPOS="2267" WIDTH="100" HEIGHT="41" CONTENT="voix" WC="0.97" CC="0078"/>
						<SP ID="P50_SP00209" HPOS="1127" VPOS="2321" WIDTH="21"/>
						<String ID="P50_ST00236" HPOS="1148" VPOS="2268" WIDTH="51" HEIGHT="40" CONTENT="de" WC="0.84" CC="03"/>
						<SP ID="P50_SP00210" HPOS="1199" VPOS="2321" WIDTH="21"/>
						<String ID="P50_ST00237" HPOS="1220" VPOS="2281" WIDTH="188" HEIGHT="40" CONTENT="soprano" WC="0.99" CC="0204005"/>
						<SP ID="P50_SP00211" HPOS="1408" VPOS="2321" WIDTH="22"/>
						<String ID="P50_ST00238" HPOS="1430" VPOS="2283" WIDTH="85" HEIGHT="41" CONTENT="que" WC="1.00" CC="000"/>
						<SP ID="P50_SP00212" HPOS="1515" VPOS="2324" WIDTH="20"/>
						<String ID="P50_ST00239" HPOS="1535" VPOS="2270" WIDTH="95" HEIGHT="54" CONTENT="j'aie" WC="0.98" CC="44020"/>
						<SP ID="P50_SP00213" HPOS="1630" VPOS="2324" WIDTH="21"/>
						<String ID="P50_ST00240" HPOS="1651" VPOS="2271" WIDTH="153" HEIGHT="54" CONTENT="jamais" WC="1.00" CC="000040"/>
						<SP ID="P50_SP00214" HPOS="1804" VPOS="2325" WIDTH="28"/>
						<String ID="P50_ST00241" HPOS="1832" VPOS="2272" WIDTH="233" HEIGHT="40" CONTENT="entendue." WC="0.99" CC="044000023"/>
						<SP ID="P50_SP00215" HPOS="2065" VPOS="2325" WIDTH="28"/>
						<String ID="P50_ST00242" HPOS="2093" VPOS="2271" WIDTH="62" HEIGHT="40" CONTENT="La" WC="0.83" CC="03"/>
						<SP ID="P50_SP00216" HPOS="2155" VPOS="2325" WIDTH="23"/>
						<String ID="P50_ST00243" HPOS="2178" VPOS="2270" WIDTH="183" HEIGHT="41" CONTENT="seconde" WC="1.00" CC="0010000"/>
					</TextLine>
					<TextLine ID="P50_TL00027" HPOS="600" VPOS="2339" WIDTH="1761" HEIGHT="60">
						<String ID="P50_ST00244" HPOS="600" VPOS="2347" WIDTH="63" HEIGHT="33" CONTENT="est" WC="0.98" CC="004"/>
						<SP ID="P50_SP00217" HPOS="663" VPOS="2380" WIDTH="21"/>
						<String ID="P50_ST00245" HPOS="684" VPOS="2339" WIDTH="243" HEIGHT="54" CONTENT="également" WC="1.00" CC="300000000"/>
						<SP ID="P50_SP00218" HPOS="927" VPOS="2393" WIDTH="21"/>
						<String ID="P50_ST00246" HPOS="948" VPOS="2354" WIDTH="197" HEIGHT="41" CONTENT="pourvue" WC="1.00" CC="0000000"/>
						<SP ID="P50_SP00219" HPOS="1145" VPOS="2395" WIDTH="21"/>
						<String ID="P50_ST00247" HPOS="1166" VPOS="2340" WIDTH="106" HEIGHT="42" CONTENT="d'un" WC="0.99" CC="0400"/>
						<SP ID="P50_SP00220" HPOS="1272" VPOS="2395" WIDTH="23"/>
						<String ID="P50_ST00248" HPOS="1295" VPOS="2355" WIDTH="157" HEIGHT="39" CONTENT="organe" WC="0.99" CC="026600"/>
						<SP ID="P50_SP00221" HPOS="1452" VPOS="2395" WIDTH="18"/>
						<String ID="P50_ST00249" HPOS="1470" VPOS="2343" WIDTH="117" HEIGHT="55" CONTENT="plein" WC="0.98" CC="00056"/>
						<SP ID="P50_SP00222" HPOS="1587" VPOS="2398" WIDTH="24"/>
						<String ID="P50_ST00250" HPOS="1611" VPOS="2344" WIDTH="51" HEIGHT="40" CONTENT="de" WC="1.00" CC="00"/>
						<SP ID="P50_SP00223" HPOS="1662" VPOS="2398" WIDTH="20"/>
						<String ID="P50_ST00251" HPOS="1682" VPOS="2344" WIDTH="176" HEIGHT="41" CONTENT="chaleur" WC="0.99" CC="2400040"/>
						<SP ID="P50_SP00224" HPOS="1858" VPOS="2398" WIDTH="23"/>
						<String ID="P50_ST00252" HPOS="1881" VPOS="2345" WIDTH="76" HEIGHT="54" CONTENT="qui" WC="0.98" CC="004"/>
						<SP ID="P50_SP00225" HPOS="1957" VPOS="2399" WIDTH="23"/>
						<String ID="P50_ST00253" HPOS="1980" VPOS="2344" WIDTH="174" HEIGHT="41" CONTENT="confine" WC="1.00" CC="0040001"/>
						<SP ID="P50_SP00226" HPOS="2154" VPOS="2399" WIDTH="21"/>
						<String ID="P50_ST00254" HPOS="2175" VPOS="2348" WIDTH="22" HEIGHT="36" CONTENT="à" WC="1.00" CC="0"/>
						<SP ID="P50_SP00227" HPOS="2197" VPOS="2399" WIDTH="20"/>
						<String ID="P50_ST00255" HPOS="2217" VPOS="2344" WIDTH="40" HEIGHT="40" CONTENT="la" WC="1.00" CC="00"/>
						<SP ID="P50_SP00228" HPOS="2257" VPOS="2399" WIDTH="24"/>
						<String ID="P50_ST00256" HPOS="2281" VPOS="2343" WIDTH="80" HEIGHT="41" CONTENT="fois" WC="0.98" CC="0250"/>
					</TextLine>
					<TextLine ID="P50_TL00028" HPOS="600" VPOS="2413" WIDTH="1761" HEIGHT="59">
						<String ID="P50_ST00257" HPOS="600" VPOS="2427" WIDTH="56" HEIGHT="28" CONTENT="au" WC="0.57" CC="80"/>
						<SP ID="P50_SP00229" HPOS="656" VPOS="2455" WIDTH="33"/>
						<String ID="P50_ST00258" HPOS="689" VPOS="2413" WIDTH="221" HEIGHT="42" CONTENT="contralto" WC="0.99" CC="050063015" STYLEREFS="TXT_2"/>
						<SP ID="P50_SP00230" HPOS="910" VPOS="2455" WIDTH="36"/>
						<String ID="P50_ST00259" HPOS="946" VPOS="2422" WIDTH="42" HEIGHT="32" CONTENT="et" WC="0.69" CC="06"/>
						<SP ID="P50_SP00231" HPOS="988" VPOS="2455" WIDTH="32"/>
						<String ID="P50_ST00260" HPOS="1020" VPOS="2427" WIDTH="56" HEIGHT="28" CONTENT="au" WC="1.00" CC="00"/>
						<SP ID="P50_SP00232" HPOS="1076" VPOS="2455" WIDTH="34"/>
						<String ID="P50_ST00261" HPOS="1110" VPOS="2428" WIDTH="206" HEIGHT="41" CONTENT="soprano." WC="0.98" CC="06908474" STYLEREFS="TXT_2"/>
						<SP ID="P50_SP00233" HPOS="1316" VPOS="2469" WIDTH="15"/>
						<String ID="P50_ST00262" HPOS="1331" VPOS="2415" WIDTH="125" HEIGHT="43" CONTENT="Voilà" WC="0.98" CC="00047"/>
						<SP ID="P50_SP00234" HPOS="1456" VPOS="2469" WIDTH="33"/>
						<String ID="P50_ST00263" HPOS="1489" VPOS="2431" WIDTH="61" HEIGHT="26" CONTENT="un" WC="1.00" CC="00"/>
						<SP ID="P50_SP00235" HPOS="1550" VPOS="2469" WIDTH="32"/>
						<String ID="P50_ST00264" HPOS="1582" VPOS="2417" WIDTH="153" HEIGHT="55" CONTENT="couple" WC="1.00" CC="300000"/>
						<SP ID="P50_SP00236" HPOS="1735" VPOS="2472" WIDTH="35"/>
						<String ID="P50_ST00265" HPOS="1770" VPOS="2418" WIDTH="52" HEIGHT="40" CONTENT="de" WC="1.00" CC="00"/>
						<SP ID="P50_SP00237" HPOS="1822" VPOS="2472" WIDTH="20"/>
						<String ID="P50_ST00266" HPOS="1842" VPOS="2420" WIDTH="256" HEIGHT="39" CONTENT="cantatrices" WC="1.00" CC="10000261060"/>
						<SP ID="P50_SP00238" HPOS="2098" VPOS="2472" WIDTH="33"/>
						<String ID="P50_ST00267" HPOS="2131" VPOS="2417" WIDTH="110" HEIGHT="55" CONTENT="qu'il" WC="0.98" CC="00415"/>
						<SP ID="P50_SP00239" HPOS="2241" VPOS="2472" WIDTH="27"/>
						<String ID="P50_ST00268" HPOS="2268" VPOS="2417" WIDTH="93" HEIGHT="40" CONTENT="faut" WC="0.98" CC="6002"/>
					</TextLine>
					<TextLine ID="P50_TL00029" HPOS="602" VPOS="2487" WIDTH="1759" HEIGHT="61">
						<String ID="P50_ST00269" HPOS="602" VPOS="2487" WIDTH="117" HEIGHT="43" CONTENT="ravir" WC="0.99" CC="20005"/>
						<SP ID="P50_SP00240" HPOS="719" VPOS="2530" WIDTH="34"/>
						<String ID="P50_ST00270" HPOS="753" VPOS="2491" WIDTH="24" HEIGHT="37" CONTENT="à" WC="0.35" CC="6"/>
						<SP ID="P50_SP00241" HPOS="777" VPOS="2530" WIDTH="40"/>
						<String ID="P50_ST00271" HPOS="817" VPOS="2488" WIDTH="172" HEIGHT="45" CONTENT="l'ltalie." WC="0.99" CC="240007004"/>
						<SP ID="P50_SP00242" HPOS="989" VPOS="2533" WIDTH="29"/>
						<String ID="P50_ST00272" HPOS="1018" VPOS="2489" WIDTH="71" HEIGHT="54" CONTENT="Et," WC="0.97" CC="024"/>
						<SP ID="P50_SP00243" HPOS="1089" VPOS="2543" WIDTH="28"/>
						<String ID="P50_ST00273" HPOS="1117" VPOS="2490" WIDTH="33" HEIGHT="40" CONTENT="si" WC="0.90" CC="02"/>
						<SP ID="P50_SP00244" HPOS="1150" VPOS="2543" WIDTH="32"/>
						<String ID="P50_ST00274" HPOS="1182" VPOS="2490" WIDTH="38" HEIGHT="54" CONTENT="je" WC="0.77" CC="40"/>
						<SP ID="P50_SP00245" HPOS="1220" VPOS="2544" WIDTH="36"/>
						<String ID="P50_ST00275" HPOS="1256" VPOS="2490" WIDTH="38" HEIGHT="41" CONTENT="le" WC="0.78" CC="13"/>
						<SP ID="P50_SP00246" HPOS="1294" VPOS="2544" WIDTH="34"/>
						<String ID="P50_ST00276" HPOS="1328" VPOS="2490" WIDTH="81" HEIGHT="50" CONTENT="dis," WC="0.98" CC="0504"/>
						<SP ID="P50_SP00247" HPOS="1409" VPOS="2544" WIDTH="29"/>
						<String ID="P50_ST00277" HPOS="1438" VPOS="2504" WIDTH="45" HEIGHT="28" CONTENT="ce" WC="0.90" CC="01"/>
						<SP ID="P50_SP00248" HPOS="1483" VPOS="2544" WIDTH="32"/>
						<String ID="P50_ST00278" HPOS="1515" VPOS="2494" WIDTH="108" HEIGHT="39" CONTENT="n'est" WC="0.99" CC="03005"/>
						<SP ID="P50_SP00249" HPOS="1623" VPOS="2544" WIDTH="34"/>
						<String ID="P50_ST00279" HPOS="1657" VPOS="2505" WIDTH="75" HEIGHT="42" CONTENT="pas" WC="0.97" CC="090"/>
						<SP ID="P50_SP00250" HPOS="1732" VPOS="2547" WIDTH="33"/>
						<String ID="P50_ST00280" HPOS="1765" VPOS="2506" WIDTH="86" HEIGHT="41" CONTENT="que" WC="0.98" CC="060"/>
						<SP ID="P50_SP00251" HPOS="1851" VPOS="2547" WIDTH="39"/>
						<String ID="P50_ST00281" HPOS="1890" VPOS="2492" WIDTH="174" HEIGHT="56" CONTENT="j'espère" WC="0.99" CC="44040500"/>
						<SP ID="P50_SP00252" HPOS="2064" VPOS="2548" WIDTH="37"/>
						<String ID="P50_ST00282" HPOS="2101" VPOS="2490" WIDTH="260" HEIGHT="43" CONTENT="convaincre" WC="0.99" CC="1320025008"/>
					</TextLine>
					<TextLine ID="P50_TL00030" HPOS="602" VPOS="2561" WIDTH="658" HEIGHT="45">
						<String ID="P50_ST00283" HPOS="602" VPOS="2561" WIDTH="62" HEIGHT="42" CONTENT="M." WC="0.83" CC="03"/>
						<SP ID="P50_SP00253" HPOS="664" VPOS="2603" WIDTH="29"/>
						<String ID="P50_ST00284" HPOS="693" VPOS="2562" WIDTH="240" HEIGHT="42" CONTENT="Halanzier" WC="0.60" CC="691073103"/>
						<SP ID="P50_SP00254" HPOS="933" VPOS="2604" WIDTH="20"/>
						<String ID="P50_ST00285" HPOS="953" VPOS="2563" WIDTH="51" HEIGHT="41" CONTENT="de" WC="1.00" CC="00"/>
						<SP ID="P50_SP00255" HPOS="1004" VPOS="2604" WIDTH="20"/>
						<String ID="P50_ST00286" HPOS="1024" VPOS="2571" WIDTH="109" HEIGHT="34" CONTENT="cette" WC="0.99" CC="50500"/>
						<SP ID="P50_SP00256" HPOS="1133" VPOS="2605" WIDTH="21"/>
						<String ID="P50_ST00287" HPOS="1154" VPOS="2564" WIDTH="106" HEIGHT="42" CONTENT="idée." WC="0.98" CC="40402"/>
					</TextLine>
					<TextLine ID="P50_TL00031" HPOS="657" VPOS="2637" WIDTH="1700" HEIGHT="55">
						<String ID="P50_ST00288" HPOS="657" VPOS="2637" WIDTH="151" HEIGHT="41" CONTENT="Porter" WC="1.00" CC="300001"/>
						<SP ID="P50_SP00257" HPOS="808" VPOS="2678" WIDTH="32"/>
						<String ID="P50_ST00289" HPOS="840" VPOS="2650" WIDTH="62" HEIGHT="27" CONTENT="un" WC="0.66" CC="06"/>
						<SP ID="P50_SP00258" HPOS="902" VPOS="2678" WIDTH="30"/>
						<String ID="P50_ST00290" HPOS="932" VPOS="2637" WIDTH="225" HEIGHT="55" CONTENT="jugement" WC="1.00" CC="40000000"/>
						<SP ID="P50_SP00259" HPOS="1157" VPOS="2692" WIDTH="31"/>
						<String ID="P50_ST00291" HPOS="1188" VPOS="2637" WIDTH="197" HEIGHT="44" CONTENT="définitif" WC="0.99" CC="041100440"/>
						<SP ID="P50_SP00260" HPOS="1385" VPOS="2692" WIDTH="19"/>
						<String ID="P50_ST00292" HPOS="1404" VPOS="2653" WIDTH="73" HEIGHT="27" CONTENT="sur" WC="0.98" CC="006"/>
						<SP ID="P50_SP00261" HPOS="1477" VPOS="2692" WIDTH="26"/>
						<String ID="P50_ST00293" HPOS="1503" VPOS="2639" WIDTH="59" HEIGHT="41" CONTENT="les" WC="0.97" CC="700"/>
						<SP ID="P50_SP00262" HPOS="1562" VPOS="2692" WIDTH="32"/>
						<String ID="P50_ST00294" HPOS="1594" VPOS="2640" WIDTH="156" HEIGHT="41" CONTENT="talents" WC="0.99" CC="5000060"/>
						<SP ID="P50_SP00263" HPOS="1750" VPOS="2692" WIDTH="30"/>
						<String ID="P50_ST00295" HPOS="1780" VPOS="2641" WIDTH="51" HEIGHT="39" CONTENT="de" WC="1.00" CC="00"/>
						<SP ID="P50_SP00264" HPOS="1831" VPOS="2692" WIDTH="21"/>
						<String ID="P50_ST00296" HPOS="1852" VPOS="2640" WIDTH="40" HEIGHT="41" CONTENT="la" WC="0.76" CC="40"/>
						<SP ID="P50_SP00265" HPOS="1892" VPOS="2692" WIDTH="29"/>
						<String ID="P50_ST00297" HPOS="1921" VPOS="2640" WIDTH="121" HEIGHT="41" CONTENT="basse" WC="1.00" CC="30000"/>
						<SP ID="P50_SP00266" HPOS="2042" VPOS="2692" WIDTH="31"/>
						<String ID="P50_ST00298" HPOS="2073" VPOS="2639" WIDTH="142" HEIGHT="41" CONTENT="Maini" WC="0.84" CC="00403"/>
						<SP ID="P50_SP00267" HPOS="2215" VPOS="2692" WIDTH="22"/>
						<String ID="P50_ST00299" HPOS="2237" VPOS="2646" WIDTH="40" HEIGHT="33" CONTENT="et" WC="1.00" CC="00"/>
						<SP ID="P50_SP00268" HPOS="2277" VPOS="2692" WIDTH="21"/>
						<String ID="P50_ST00300" HPOS="2298" VPOS="2639" WIDTH="59" HEIGHT="40" CONTENT="du" WC="1.00" CC="00"/>
					</TextLine>
					<TextLine ID="P50_TL00032" HPOS="600" VPOS="2709" WIDTH="1757" HEIGHT="59">
						<String ID="P50_ST00301" HPOS="600" VPOS="2710" WIDTH="124" HEIGHT="39" CONTENT="ténor" WC="1.00" CC="02000"/>
						<SP ID="P50_SP00269" HPOS="724" VPOS="2749" WIDTH="35"/>
						<String ID="P50_ST00302" HPOS="759" VPOS="2709" WIDTH="199" HEIGHT="56" CONTENT="Capponi" WC="0.74" CC="2900302"/>
						<SP ID="P50_SP00270" HPOS="958" VPOS="2765" WIDTH="36"/>
						<String ID="P50_ST00303" HPOS="994" VPOS="2711" WIDTH="130" HEIGHT="40" CONTENT="serait" WC="1.00" CC="000030"/>
						<SP ID="P50_SP00271" HPOS="1124" VPOS="2765" WIDTH="28"/>
						<String ID="P50_ST00304" HPOS="1152" VPOS="2710" WIDTH="126" HEIGHT="42" CONTENT="chose" WC="1.00" CC="00000"/>
						<SP ID="P50_SP00272" HPOS="1278" VPOS="2765" WIDTH="25"/>
						<String ID="P50_ST00305" HPOS="1303" VPOS="2712" WIDTH="242" HEIGHT="42" CONTENT="téméraire." WC="0.99" CC="6303313604"/>
						<SP ID="P50_SP00273" HPOS="1545" VPOS="2765" WIDTH="31"/>
						<String ID="P50_ST00306" HPOS="1576" VPOS="2712" WIDTH="62" HEIGHT="42" CONTENT="M." WC="0.85" CC="02"/>
						<SP ID="P50_SP00274" HPOS="1638" VPOS="2765" WIDTH="36"/>
						<String ID="P50_ST00307" HPOS="1674" VPOS="2712" WIDTH="200" HEIGHT="56" CONTENT="Capponi" WC="0.89" CC="1000041"/>
						<SP ID="P50_SP00275" HPOS="1874" VPOS="2768" WIDTH="36"/>
						<String ID="P50_ST00308" HPOS="1910" VPOS="2715" WIDTH="143" HEIGHT="53" CONTENT="paraît" WC="1.00" CC="000000"/>
						<SP ID="P50_SP00276" HPOS="2053" VPOS="2768" WIDTH="30"/>
						<String ID="P50_ST00309" HPOS="2083" VPOS="2712" WIDTH="177" HEIGHT="42" CONTENT="souffrir" WC="0.98" CC="06058216"/>
						<SP ID="P50_SP00277" HPOS="2260" VPOS="2768" WIDTH="24"/>
						<String ID="P50_ST00310" HPOS="2284" VPOS="2711" WIDTH="73" HEIGHT="41" CONTENT="des" WC="1.00" CC="000"/>
					</TextLine>
					<TextLine ID="P50_TL00033" HPOS="600" VPOS="2783" WIDTH="1756" HEIGHT="60">
						<String ID="P50_ST00311" HPOS="600" VPOS="2783" WIDTH="225" HEIGHT="56" CONTENT="bronches," WC="1.00" CC="060000004"/>
						<SP ID="P50_SP00278" HPOS="825" VPOS="2839" WIDTH="23"/>
						<String ID="P50_ST00312" HPOS="848" VPOS="2791" WIDTH="41" HEIGHT="34" CONTENT="et" WC="0.82" CC="03"/>
						<SP ID="P50_SP00279" HPOS="889" VPOS="2839" WIDTH="23"/>
						<String ID="P50_ST00313" HPOS="912" VPOS="2784" WIDTH="62" HEIGHT="40" CONTENT="M." WC="0.78" CC="04"/>
						<SP ID="P50_SP00280" HPOS="974" VPOS="2839" WIDTH="32"/>
						<String ID="P50_ST00314" HPOS="1006" VPOS="2784" WIDTH="142" HEIGHT="41" CONTENT="Maini" WC="0.93" CC="00003"/>
						<SP ID="P50_SP00281" HPOS="1148" VPOS="2839" WIDTH="34"/>
						<String ID="P50_ST00315" HPOS="1182" VPOS="2799" WIDTH="52" HEIGHT="27" CONTENT="ne" WC="0.73" CC="50"/>
						<SP ID="P50_SP00282" HPOS="1234" VPOS="2839" WIDTH="22"/>
						<String ID="P50_ST00316" HPOS="1256" VPOS="2799" WIDTH="68" HEIGHT="27" CONTENT="me" WC="1.00" CC="00"/>
						<SP ID="P50_SP00283" HPOS="1324" VPOS="2839" WIDTH="27"/>
						<String ID="P50_ST00317" HPOS="1351" VPOS="2786" WIDTH="77" HEIGHT="41" CONTENT="fait" WC="0.98" CC="0044"/>
						<SP ID="P50_SP00284" HPOS="1428" VPOS="2839" WIDTH="23"/>
						<String ID="P50_ST00318" HPOS="1451" VPOS="2801" WIDTH="73" HEIGHT="40" CONTENT="pas" WC="1.00" CC="000"/>
						<SP ID="P50_SP00285" HPOS="1524" VPOS="2841" WIDTH="23"/>
						<String ID="P50_ST00319" HPOS="1547" VPOS="2787" WIDTH="129" HEIGHT="42" CONTENT="l'effet" WC="0.98" CC="3307704"/>
						<SP ID="P50_SP00286" HPOS="1676" VPOS="2841" WIDTH="20"/>
						<String ID="P50_ST00320" HPOS="1696" VPOS="2787" WIDTH="131" HEIGHT="42" CONTENT="d'être" WC="0.98" CC="048230"/>
						<SP ID="P50_SP00287" HPOS="1827" VPOS="2841" WIDTH="20"/>
						<String ID="P50_ST00321" HPOS="1847" VPOS="2792" WIDTH="23" HEIGHT="37" CONTENT="à" WC="0.47" CC="5"/>
						<SP ID="P50_SP00288" HPOS="1870" VPOS="2841" WIDTH="25"/>
						<String ID="P50_ST00322" HPOS="1895" VPOS="2802" WIDTH="44" HEIGHT="27" CONTENT="sa" WC="0.57" CC="08"/>
						<SP ID="P50_SP00289" HPOS="1939" VPOS="2841" WIDTH="22"/>
						<String ID="P50_ST00323" HPOS="1961" VPOS="2787" WIDTH="118" HEIGHT="41" CONTENT="vraie" WC="0.99" CC="05000"/>
						<SP ID="P50_SP00290" HPOS="2079" VPOS="2841" WIDTH="25"/>
						<String ID="P50_ST00324" HPOS="2104" VPOS="2787" WIDTH="119" HEIGHT="56" CONTENT="place" WC="1.00" CC="00020"/>
						<SP ID="P50_SP00291" HPOS="2223" VPOS="2843" WIDTH="24"/>
						<String ID="P50_ST00325" HPOS="2247" VPOS="2785" WIDTH="109" HEIGHT="42" CONTENT="dans" WC="0.99" CC="0050"/>
					</TextLine>
					<TextLine ID="P50_TL00034" HPOS="599" VPOS="2857" WIDTH="992" HEIGHT="58">
						<String ID="P50_ST00326" HPOS="599" VPOS="2857" WIDTH="361" HEIGHT="56" CONTENT="l'interprétation" WC="1.00" CC="6400004024400607"/>
						<SP ID="P50_SP00292" HPOS="960" VPOS="2913" WIDTH="21"/>
						<String ID="P50_ST00327" HPOS="981" VPOS="2858" WIDTH="51" HEIGHT="42" CONTENT="de" WC="0.76" CC="04"/>
						<SP ID="P50_SP00293" HPOS="1032" VPOS="2913" WIDTH="22"/>
						<String ID="P50_ST00328" HPOS="1054" VPOS="2859" WIDTH="40" HEIGHT="41" CONTENT="la" WC="0.69" CC="06"/>
						<SP ID="P50_SP00294" HPOS="1094" VPOS="2913" WIDTH="26"/>
						<String ID="P50_ST00329" HPOS="1120" VPOS="2859" WIDTH="206" HEIGHT="56" CONTENT="musique" WC="1.00" CC="0003030"/>
						<SP ID="P50_SP00295" HPOS="1326" VPOS="2915" WIDTH="21"/>
						<String ID="P50_ST00330" HPOS="1347" VPOS="2861" WIDTH="244" HEIGHT="54" CONTENT="religieuse." WC="0.99" CC="50329400004"/>
					</TextLine>
				</TextBlock>
				<TextBlock ID="P50_TB00004" HPOS="1380" VPOS="2991" WIDTH="806" HEIGHT="44" STYLEREFS="TXT_3 PAR_RIGHT">
					<TextLine ID="P50_TL00035" HPOS="1381" VPOS="2992" WIDTH="805" HEIGHT="43">
						<String ID="P50_ST00331" HPOS="1381" VPOS="2992" WIDTH="314" HEIGHT="42" CONTENT="ARTHUR" WC="1.00" CC="030000"/>
						<SP ID="P50_SP00296" HPOS="1695" VPOS="3034" WIDTH="48"/>
						<String ID="P50_ST00332" HPOS="1743" VPOS="2992" WIDTH="443" HEIGHT="43" CONTENT="HEULHARD." WC="0.90" CC="000010050"/>
					</TextLine>
				</TextBlock>
				<ComposedBlock ID="P50_CB00001" HPOS="1279" VPOS="3193" WIDTH="389" HEIGHT="296" STYLEREFS="TXT_4 PAR_LEFT" TYPE="Illustration">
					<GraphicalElement ID="P50_CB00001_SUB" HPOS="1279" VPOS="3193" WIDTH="389" HEIGHT="296"/>
				</ComposedBlock>
			</PrintSpace>
		</Page>
	</Layout>
</alto>
