<?xml version="1.0" encoding="UTF-8"?>
<alto xmlns:xsi="http://www.w3.org/2001/XMLSchema-instance" xmlns="http://www.loc.gov/standards/alto/ns-v2#" xsi:schemaLocation="http://www.loc.gov/standards/alto/ns-v2# http://www.loc.gov/standards/alto/alto-v2.0.xsd" xmlns:xlink="http://www.w3.org/1999/xlink">
	<Description>
		<MeasurementUnit>mm10</MeasurementUnit>
		<sourceImageInformation>
			<fileName>//fileserver7/IN2/Princeton/Batch3/bmtnabh/1911/07/15_01/00000328.tif</fileName>
		</sourceImageInformation>
		<OCRProcessing ID="OCRPROCESSING_1">
			<preProcessingStep>
				<processingSoftware>
					<softwareCreator>CCS Content Conversion Specialists GmbH, Germany</softwareCreator>
					<softwareName>CCS docWORKS</softwareName>
					<softwareVersion>6.6-1.18</softwareVersion>
				</processingSoftware>
			</preProcessingStep>
			<ocrProcessingStep>
				<processingSoftware>
					<softwareCreator>ABBYY (BIT Software), Russia</softwareCreator>
					<softwareName>FineReader</softwareName>
					<softwareVersion>10.0</softwareVersion>
				</processingSoftware>
			</ocrProcessingStep>
		</OCRProcessing>
	</Description>
	<Styles>
		<TextStyle ID="TXT_0" FONTSIZE="39" FONTFAMILY="Courier New" FONTSTYLE="bold"/>
		<TextStyle ID="TXT_1" FONTSIZE="16" FONTFAMILY="Times New Roman"/>
		<ParagraphStyle ID="PAR_CENTER" ALIGN="Center"/>
		<ParagraphStyle ID="PAR_BLOCK" ALIGN="Block"/>
	</Styles>
	<Layout>
		<Page ID="P89" PHYSICAL_IMG_NR="89" HEIGHT="4196" WIDTH="2961" PC="0.947">
			<TopMargin ID="P89_TM00001" HPOS="0" VPOS="0" WIDTH="2961" HEIGHT="218"/>
			<LeftMargin ID="P89_LM00001" HPOS="0" VPOS="218" WIDTH="245" HEIGHT="3495"/>
			<RightMargin ID="P89_RM00001" HPOS="2796" VPOS="218" WIDTH="165" HEIGHT="3495"/>
			<BottomMargin ID="P89_BM00001" HPOS="0" VPOS="3713" WIDTH="2961" HEIGHT="483"/>
			<PrintSpace ID="P89_PS00001" HPOS="245" VPOS="218" WIDTH="2551" HEIGHT="3495">
				<TextBlock ID="P89_TB00001" HPOS="401" VPOS="385" WIDTH="2249" HEIGHT="96" STYLEREFS="TXT_0 PAR_CENTER">
					<TextLine ID="P89_TL00001" HPOS="401" VPOS="385" WIDTH="2248" HEIGHT="96">
						<String ID="P89_ST00001" HPOS="401" VPOS="385" WIDTH="249" HEIGHT="94" CONTENT="Les" WC="0.98" CC="400"/>
						<SP ID="P89_SP00001" HPOS="650" VPOS="479" WIDTH="66"/>
						<String ID="P89_ST00002" HPOS="716" VPOS="385" WIDTH="658" HEIGHT="94" CONTENT="Concours" WC="0.99" CC="40600662"/>
						<SP ID="P89_SP00002" HPOS="1374" VPOS="479" WIDTH="63"/>
						<String ID="P89_ST00003" HPOS="1437" VPOS="385" WIDTH="171" HEIGHT="94" CONTENT="du" WC="0.57" CC="17"/>
						<SP ID="P89_SP00003" HPOS="1608" VPOS="479" WIDTH="68"/>
						<String ID="P89_ST00004" HPOS="1676" VPOS="385" WIDTH="973" HEIGHT="96" CONTENT="Conservatoire" WC="0.99" CC="3260057050054"/>
					</TextLine>
				</TextBlock>
				<TextBlock ID="P89_TB00002" HPOS="245" VPOS="745" WIDTH="2551" HEIGHT="2968" STYLEREFS="TXT_1 PAR_BLOCK">
					<TextLine ID="P89_TL00002" HPOS="395" VPOS="745" WIDTH="2400" HEIGHT="67">
						<String ID="P89_ST00005" HPOS="395" VPOS="745" WIDTH="313" HEIGHT="51" CONTENT="Maintenant" WC="0.99" CC="0454004500"/>
						<SP ID="P89_SP00004" HPOS="708" VPOS="796" WIDTH="26"/>
						<String ID="P89_ST00006" HPOS="734" VPOS="767" WIDTH="91" HEIGHT="45" CONTENT="que" WC="0.99" CC="300"/>
						<SP ID="P89_SP00005" HPOS="825" VPOS="812" WIDTH="27"/>
						<String ID="P89_ST00007" HPOS="852" VPOS="749" WIDTH="215" HEIGHT="50" CONTENT="l'Odéon" WC="0.72" CC="5200720"/>
						<SP ID="P89_SP00006" HPOS="1067" VPOS="812" WIDTH="26"/>
						<String ID="P89_ST00008" HPOS="1093" VPOS="768" WIDTH="27" HEIGHT="29" CONTENT="a" WC="1.00" CC="0"/>
						<SP ID="P89_SP00007" HPOS="1120" VPOS="812" WIDTH="27"/>
						<String ID="P89_ST00009" HPOS="1147" VPOS="749" WIDTH="217" HEIGHT="47" CONTENT="retrouvé" WC="0.99" CC="00200345"/>
						<SP ID="P89_SP00008" HPOS="1364" VPOS="812" WIDTH="25"/>
						<String ID="P89_ST00010" HPOS="1389" VPOS="767" WIDTH="47" HEIGHT="29" CONTENT="sa" WC="0.65" CC="06"/>
						<SP ID="P89_SP00009" HPOS="1436" VPOS="812" WIDTH="26"/>
						<String ID="P89_ST00011" HPOS="1462" VPOS="748" WIDTH="222" HEIGHT="63" CONTENT="quiétude" WC="0.99" CC="00382000"/>
						<SP ID="P89_SP00010" HPOS="1684" VPOS="812" WIDTH="42"/>
						<String ID="P89_ST00012" HPOS="1726" VPOS="746" WIDTH="284" HEIGHT="64" CONTENT="provinciale" WC="1.00" CC="00003000020"/>
						<SP ID="P89_SP00011" HPOS="2010" VPOS="812" WIDTH="41"/>
						<String ID="P89_ST00013" HPOS="2051" VPOS="759" WIDTH="46" HEIGHT="36" CONTENT="et" WC="0.78" CC="04"/>
						<SP ID="P89_SP00012" HPOS="2097" VPOS="812" WIDTH="36"/>
						<String ID="P89_ST00014" HPOS="2133" VPOS="765" WIDTH="92" HEIGHT="45" CONTENT="que" WC="0.98" CC="004"/>
						<SP ID="P89_SP00013" HPOS="2225" VPOS="812" WIDTH="35"/>
						<String ID="P89_ST00015" HPOS="2260" VPOS="765" WIDTH="70" HEIGHT="30" CONTENT="ses" WC="1.00" CC="000"/>
						<SP ID="P89_SP00014" HPOS="2330" VPOS="812" WIDTH="36"/>
						<String ID="P89_ST00016" HPOS="2366" VPOS="750" WIDTH="206" HEIGHT="46" CONTENT="sombres" WC="1.00" CC="0000000"/>
						<SP ID="P89_SP00015" HPOS="2572" VPOS="812" WIDTH="39"/>
						<String ID="P89_ST00017" HPOS="2611" VPOS="753" WIDTH="184" HEIGHT="47" CONTENT="arcades" WC="1.00" CC="0000002"/>
					</TextLine>
					<TextLine ID="P89_TL00003" HPOS="250" VPOS="815" WIDTH="2544" HEIGHT="66">
						<String ID="P89_ST00018" HPOS="250" VPOS="833" WIDTH="60" HEIGHT="30" CONTENT="ne" WC="0.76" CC="40"/>
						<SP ID="P89_SP00016" HPOS="310" VPOS="863" WIDTH="26"/>
						<String ID="P89_ST00019" HPOS="336" VPOS="829" WIDTH="108" HEIGHT="36" CONTENT="sont" WC="1.00" CC="0100"/>
						<SP ID="P89_SP00017" HPOS="444" VPOS="865" WIDTH="27"/>
						<String ID="P89_ST00020" HPOS="471" VPOS="818" WIDTH="103" HEIGHT="62" CONTENT="plus" WC="0.99" CC="3010"/>
						<SP ID="P89_SP00018" HPOS="574" VPOS="880" WIDTH="26"/>
						<String ID="P89_ST00021" HPOS="600" VPOS="819" WIDTH="233" HEIGHT="62" CONTENT="disputées" WC="1.00" CC="000003000"/>
						<SP ID="P89_SP00019" HPOS="833" VPOS="881" WIDTH="27"/>
						<String ID="P89_ST00022" HPOS="860" VPOS="820" WIDTH="25" HEIGHT="47" CONTENT="à" WC="0.49" CC="5"/>
						<SP ID="P89_SP00020" HPOS="885" VPOS="881" WIDTH="25"/>
						<String ID="P89_ST00023" HPOS="910" VPOS="820" WIDTH="101" HEIGHT="47" CONTENT="leur" WC="0.99" CC="3000"/>
						<SP ID="P89_SP00021" HPOS="1011" VPOS="881" WIDTH="25"/>
						<String ID="P89_ST00024" HPOS="1036" VPOS="820" WIDTH="235" HEIGHT="47" CONTENT="studieuse" WC="1.00" CC="000000000"/>
						<SP ID="P89_SP00022" HPOS="1271" VPOS="881" WIDTH="28"/>
						<String ID="P89_ST00025" HPOS="1299" VPOS="819" WIDTH="220" HEIGHT="47" CONTENT="clientèle" WC="0.99" CC="045000500"/>
						<SP ID="P89_SP00023" HPOS="1519" VPOS="881" WIDTH="28"/>
						<String ID="P89_ST00026" HPOS="1547" VPOS="835" WIDTH="80" HEIGHT="45" CONTENT="par" WC="0.98" CC="050"/>
						<SP ID="P89_SP00024" HPOS="1627" VPOS="881" WIDTH="17"/>
						<String ID="P89_ST00027" HPOS="1644" VPOS="818" WIDTH="42" HEIGHT="47" CONTENT="le" WC="0.79" CC="40"/>
						<SP ID="P89_SP00025" HPOS="1686" VPOS="881" WIDTH="22"/>
						<String ID="P89_ST00028" HPOS="1708" VPOS="818" WIDTH="162" HEIGHT="47" CONTENT="frivole" WC="0.99" CC="4050050"/>
						<SP ID="P89_SP00026" HPOS="1870" VPOS="881" WIDTH="22"/>
						<String ID="P89_ST00029" HPOS="1892" VPOS="819" WIDTH="164" HEIGHT="46" CONTENT="essaim" WC="1.00" CC="000002"/>
						<SP ID="P89_SP00027" HPOS="2056" VPOS="881" WIDTH="28"/>
						<String ID="P89_ST00030" HPOS="2084" VPOS="818" WIDTH="77" HEIGHT="47" CONTENT="des" WC="1.00" CC="000"/>
						<SP ID="P89_SP00028" HPOS="2161" VPOS="881" WIDTH="24"/>
						<String ID="P89_ST00031" HPOS="2185" VPOS="815" WIDTH="188" HEIGHT="50" CONTENT="fillettes" WC="0.99" CC="335505000"/>
						<SP ID="P89_SP00029" HPOS="2373" VPOS="881" WIDTH="27"/>
						<String ID="P89_ST00032" HPOS="2400" VPOS="819" WIDTH="277" HEIGHT="49" CONTENT="décolletées" WC="1.00" CC="00003000000"/>
						<SP ID="P89_SP00030" HPOS="2677" VPOS="881" WIDTH="24"/>
						<String ID="P89_ST00033" HPOS="2701" VPOS="839" WIDTH="93" HEIGHT="29" CONTENT="aux" WC="0.99" CC="003"/>
					</TextLine>
					<TextLine ID="P89_TL00004" HPOS="253" VPOS="887" WIDTH="2542" HEIGHT="66">
						<String ID="P89_ST00034" HPOS="253" VPOS="889" WIDTH="140" HEIGHT="61" CONTENT="petits" WC="0.99" CC="000450"/>
						<SP ID="P89_SP00031" HPOS="393" VPOS="950" WIDTH="25"/>
						<String ID="P89_ST00035" HPOS="418" VPOS="889" WIDTH="176" HEIGHT="64" CONTENT="visages" WC="1.00" CC="0100000"/>
						<SP ID="P89_SP00032" HPOS="594" VPOS="953" WIDTH="26"/>
						<String ID="P89_ST00036" HPOS="620" VPOS="889" WIDTH="124" HEIGHT="63" CONTENT="pâles" WC="1.00" CC="02000"/>
						<SP ID="P89_SP00033" HPOS="744" VPOS="953" WIDTH="27"/>
						<String ID="P89_ST00037" HPOS="771" VPOS="890" WIDTH="261" HEIGHT="48" CONTENT="d'émotion" WC="1.00" CC="020000001"/>
						<SP ID="P89_SP00034" HPOS="1032" VPOS="953" WIDTH="28"/>
						<String ID="P89_ST00038" HPOS="1060" VPOS="903" WIDTH="47" HEIGHT="35" CONTENT="et" WC="0.71" CC="05"/>
						<SP ID="P89_SP00035" HPOS="1107" VPOS="953" WIDTH="26"/>
						<String ID="P89_ST00039" HPOS="1133" VPOS="891" WIDTH="54" HEIGHT="46" CONTENT="de" WC="1.00" CC="00"/>
						<SP ID="P89_SP00036" HPOS="1187" VPOS="953" WIDTH="29"/>
						<String ID="P89_ST00040" HPOS="1216" VPOS="890" WIDTH="136" HEIGHT="47" CONTENT="blanc" WC="1.00" CC="01020"/>
						<SP ID="P89_SP00037" HPOS="1352" VPOS="953" WIDTH="28"/>
						<String ID="P89_ST00041" HPOS="1380" VPOS="890" WIDTH="57" HEIGHT="47" CONTENT="de" WC="1.00" CC="00"/>
						<SP ID="P89_SP00038" HPOS="1437" VPOS="953" WIDTH="26"/>
						<String ID="P89_ST00042" HPOS="1463" VPOS="889" WIDTH="142" HEIGHT="63" CONTENT="perle," WC="1.00" CC="000002"/>
						<SP ID="P89_SP00039" HPOS="1605" VPOS="953" WIDTH="22"/>
						<String ID="P89_ST00043" HPOS="1627" VPOS="891" WIDTH="78" HEIGHT="60" CONTENT="qui" WC="0.99" CC="030"/>
						<SP ID="P89_SP00040" HPOS="1705" VPOS="953" WIDTH="31"/>
						<String ID="P89_ST00044" HPOS="1736" VPOS="889" WIDTH="270" HEIGHT="63" CONTENT="trépignent" WC="1.00" CC="2006022001"/>
						<SP ID="P89_SP00041" HPOS="2006" VPOS="953" WIDTH="26"/>
						<String ID="P89_ST00045" HPOS="2032" VPOS="899" WIDTH="47" HEIGHT="37" CONTENT="et" WC="0.97" CC="00"/>
						<SP ID="P89_SP00042" HPOS="2079" VPOS="953" WIDTH="39"/>
						<String ID="P89_ST00046" HPOS="2118" VPOS="887" WIDTH="216" HEIGHT="63" CONTENT="pleurent" WC="0.99" CC="03020054"/>
						<SP ID="P89_SP00043" HPOS="2334" VPOS="953" WIDTH="34"/>
						<String ID="P89_ST00047" HPOS="2368" VPOS="889" WIDTH="356" HEIGHT="49" CONTENT="d'énervement" WC="0.87" CC="020300300060"/>
						<SP ID="P89_SP00044" HPOS="2724" VPOS="953" WIDTH="25"/>
						<String ID="P89_ST00048" HPOS="2749" VPOS="905" WIDTH="46" HEIGHT="33" CONTENT="et" WC="0.89" CC="02"/>
					</TextLine>
					<TextLine ID="P89_TL00005" HPOS="250" VPOS="957" WIDTH="2545" HEIGHT="68">
						<String ID="P89_ST00049" HPOS="250" VPOS="957" WIDTH="231" HEIGHT="50" CONTENT="d'attente" WC="1.00" CC="000040020"/>
						<SP ID="P89_SP00045" HPOS="481" VPOS="1007" WIDTH="27"/>
						<String ID="P89_ST00050" HPOS="508" VPOS="961" WIDTH="254" HEIGHT="64" CONTENT="angoissée," WC="1.00" CC="6000000003"/>
						<SP ID="P89_SP00046" HPOS="762" VPOS="1025" WIDTH="28"/>
						<String ID="P89_ST00051" HPOS="790" VPOS="964" WIDTH="298" HEIGHT="45" CONTENT="maintenant" WC="0.99" CC="0305100060"/>
						<SP ID="P89_SP00047" HPOS="1088" VPOS="1025" WIDTH="26"/>
						<String ID="P89_ST00052" HPOS="1114" VPOS="979" WIDTH="90" HEIGHT="46" CONTENT="que" WC="1.00" CC="000"/>
						<SP ID="P89_SP00048" HPOS="1204" VPOS="1025" WIDTH="26"/>
						<String ID="P89_ST00053" HPOS="1230" VPOS="961" WIDTH="97" HEIGHT="48" CONTENT="l'on" WC="1.00" CC="0000"/>
						<SP ID="P89_SP00049" HPOS="1327" VPOS="1025" WIDTH="41"/>
						<String ID="P89_ST00054" HPOS="1368" VPOS="979" WIDTH="58" HEIGHT="29" CONTENT="ne" WC="1.00" CC="00"/>
						<SP ID="P89_SP00050" HPOS="1426" VPOS="1025" WIDTH="41"/>
						<String ID="P89_ST00055" HPOS="1467" VPOS="960" WIDTH="123" HEIGHT="62" CONTENT="parle" WC="1.00" CC="00000"/>
						<SP ID="P89_SP00051" HPOS="1590" VPOS="1025" WIDTH="40"/>
						<String ID="P89_ST00056" HPOS="1630" VPOS="960" WIDTH="102" HEIGHT="62" CONTENT="plus" WC="0.99" CC="0600"/>
						<SP ID="P89_SP00052" HPOS="1732" VPOS="1025" WIDTH="38"/>
						<String ID="P89_ST00057" HPOS="1770" VPOS="961" WIDTH="56" HEIGHT="46" CONTENT="de" WC="1.00" CC="00"/>
						<SP ID="P89_SP00053" HPOS="1826" VPOS="1025" WIDTH="46"/>
						<String ID="P89_ST00058" HPOS="1872" VPOS="959" WIDTH="275" HEIGHT="63" CONTENT="l'explosion" WC="1.00" CC="10000000045"/>
						<SP ID="P89_SP00054" HPOS="2147" VPOS="1025" WIDTH="40"/>
						<String ID="P89_ST00059" HPOS="2187" VPOS="959" WIDTH="214" HEIGHT="48" CONTENT="Toraille" WC="0.78" CC="72200400"/>
						<SP ID="P89_SP00055" HPOS="2401" VPOS="1025" WIDTH="26"/>
						<String ID="P89_ST00060" HPOS="2427" VPOS="972" WIDTH="47" HEIGHT="35" CONTENT="et" WC="0.93" CC="01"/>
						<SP ID="P89_SP00056" HPOS="2474" VPOS="1025" WIDTH="26"/>
						<String ID="P89_ST00061" HPOS="2500" VPOS="961" WIDTH="56" HEIGHT="47" CONTENT="de" WC="1.00" CC="00"/>
						<SP ID="P89_SP00057" HPOS="2556" VPOS="1025" WIDTH="26"/>
						<String ID="P89_ST00062" HPOS="2582" VPOS="961" WIDTH="213" HEIGHT="48" CONTENT="l'Affaire" WC="0.99" CC="300560400"/>
					</TextLine>
					<TextLine ID="P89_TL00006" HPOS="251" VPOS="1028" WIDTH="2545" HEIGHT="68">
						<String ID="P89_ST00063" HPOS="251" VPOS="1028" WIDTH="216" HEIGHT="64" CONTENT="Devriés," WC="0.77" CC="00015704"/>
						<SP ID="P89_SP00058" HPOS="467" VPOS="1092" WIDTH="43"/>
						<String ID="P89_ST00064" HPOS="510" VPOS="1033" WIDTH="299" HEIGHT="46" CONTENT="maintenant" WC="1.00" CC="0003005002"/>
						<SP ID="P89_SP00059" HPOS="809" VPOS="1092" WIDTH="44"/>
						<String ID="P89_ST00065" HPOS="853" VPOS="1051" WIDTH="92" HEIGHT="45" CONTENT="que" WC="1.00" CC="000"/>
						<SP ID="P89_SP00060" HPOS="945" VPOS="1096" WIDTH="44"/>
						<String ID="P89_ST00066" HPOS="989" VPOS="1045" WIDTH="155" HEIGHT="35" CONTENT="toutes" WC="0.98" CC="623200"/>
						<SP ID="P89_SP00061" HPOS="1144" VPOS="1096" WIDTH="43"/>
						<String ID="P89_ST00067" HPOS="1187" VPOS="1050" WIDTH="75" HEIGHT="30" CONTENT="ces" WC="1.00" CC="000"/>
						<SP ID="P89_SP00062" HPOS="1262" VPOS="1096" WIDTH="43"/>
						<String ID="P89_ST00068" HPOS="1305" VPOS="1031" WIDTH="334" HEIGHT="62" CONTENT="compétitions" WC="1.00" CC="000500540001"/>
						<SP ID="P89_SP00063" HPOS="1639" VPOS="1096" WIDTH="40"/>
						<String ID="P89_ST00069" HPOS="1679" VPOS="1044" WIDTH="47" HEIGHT="34" CONTENT="et" WC="0.69" CC="06"/>
						<SP ID="P89_SP00064" HPOS="1726" VPOS="1096" WIDTH="42"/>
						<String ID="P89_ST00070" HPOS="1768" VPOS="1044" WIDTH="152" HEIGHT="34" CONTENT="toutes" WC="1.00" CC="000000"/>
						<SP ID="P89_SP00065" HPOS="1920" VPOS="1096" WIDTH="43"/>
						<String ID="P89_ST00071" HPOS="1963" VPOS="1047" WIDTH="76" HEIGHT="31" CONTENT="ces" WC="1.00" CC="000"/>
						<SP ID="P89_SP00066" HPOS="2039" VPOS="1096" WIDTH="42"/>
						<String ID="P89_ST00072" HPOS="2081" VPOS="1030" WIDTH="205" HEIGHT="48" CONTENT="rivalités" WC="1.00" CC="000044000"/>
						<SP ID="P89_SP00067" HPOS="2286" VPOS="1096" WIDTH="42"/>
						<String ID="P89_ST00073" HPOS="2328" VPOS="1030" WIDTH="306" HEIGHT="63" CONTENT="s'estompent" WC="1.00" CC="00001000540"/>
						<SP ID="P89_SP00068" HPOS="2634" VPOS="1096" WIDTH="49"/>
						<String ID="P89_ST00074" HPOS="2683" VPOS="1033" WIDTH="113" HEIGHT="47" CONTENT="dans" WC="1.00" CC="0001"/>
					</TextLine>
					<TextLine ID="P89_TL00007" HPOS="247" VPOS="1099" WIDTH="2547" HEIGHT="68">
						<String ID="P89_ST00075" HPOS="247" VPOS="1099" WIDTH="364" HEIGHT="67" CONTENT="l'éloignement" WC="0.91" CC="5000300000020"/>
						<SP ID="P89_SP00069" HPOS="611" VPOS="1166" WIDTH="25"/>
						<String ID="P89_ST00076" HPOS="636" VPOS="1115" WIDTH="47" HEIGHT="34" CONTENT="et" WC="0.72" CC="05"/>
						<SP ID="P89_SP00070" HPOS="683" VPOS="1166" WIDTH="27"/>
						<String ID="P89_ST00077" HPOS="710" VPOS="1120" WIDTH="89" HEIGHT="46" CONTENT="que" WC="1.00" CC="000"/>
						<SP ID="P89_SP00071" HPOS="799" VPOS="1166" WIDTH="29"/>
						<String ID="P89_ST00078" HPOS="828" VPOS="1105" WIDTH="56" HEIGHT="45" CONTENT="de" WC="1.00" CC="00"/>
						<SP ID="P89_SP00072" HPOS="884" VPOS="1166" WIDTH="28"/>
						<String ID="P89_ST00079" HPOS="912" VPOS="1116" WIDTH="130" HEIGHT="34" CONTENT="toute" WC="0.99" CC="10250"/>
						<SP ID="P89_SP00073" HPOS="1042" VPOS="1166" WIDTH="28"/>
						<String ID="P89_ST00080" HPOS="1070" VPOS="1115" WIDTH="125" HEIGHT="37" CONTENT="cette" WC="0.99" CC="00230"/>
						<SP ID="P89_SP00074" HPOS="1195" VPOS="1166" WIDTH="25"/>
						<String ID="P89_ST00081" HPOS="1220" VPOS="1103" WIDTH="148" HEIGHT="64" CONTENT="gloire" WC="0.99" CC="000550"/>
						<SP ID="P89_SP00075" HPOS="1368" VPOS="1167" WIDTH="24"/>
						<String ID="P89_ST00082" HPOS="1392" VPOS="1101" WIDTH="224" HEIGHT="48" CONTENT="fiévreuse" WC="0.99" CC="330900400"/>
						<SP ID="P89_SP00076" HPOS="1616" VPOS="1167" WIDTH="30"/>
						<String ID="P89_ST00083" HPOS="1646" VPOS="1102" WIDTH="28" HEIGHT="46" CONTENT="il" WC="0.67" CC="15"/>
						<SP ID="P89_SP00077" HPOS="1674" VPOS="1167" WIDTH="29"/>
						<String ID="P89_ST00084" HPOS="1703" VPOS="1120" WIDTH="58" HEIGHT="28" CONTENT="ne" WC="1.00" CC="00"/>
						<SP ID="P89_SP00078" HPOS="1761" VPOS="1167" WIDTH="28"/>
						<String ID="P89_ST00085" HPOS="1789" VPOS="1113" WIDTH="118" HEIGHT="36" CONTENT="reste" WC="0.99" CC="00510"/>
						<SP ID="P89_SP00079" HPOS="1907" VPOS="1167" WIDTH="28"/>
						<String ID="P89_ST00086" HPOS="1935" VPOS="1101" WIDTH="102" HEIGHT="62" CONTENT="plus" WC="1.00" CC="0000"/>
						<SP ID="P89_SP00080" HPOS="2037" VPOS="1167" WIDTH="43"/>
						<String ID="P89_ST00087" HPOS="2080" VPOS="1101" WIDTH="149" HEIGHT="63" CONTENT="qu'un" WC="1.00" CC="00300"/>
						<SP ID="P89_SP00081" HPOS="2229" VPOS="1167" WIDTH="45"/>
						<String ID="P89_ST00088" HPOS="2274" VPOS="1101" WIDTH="186" HEIGHT="48" CONTENT="tableau" WC="1.00" CC="0003001"/>
						<SP ID="P89_SP00082" HPOS="2460" VPOS="1167" WIDTH="38"/>
						<String ID="P89_ST00089" HPOS="2498" VPOS="1106" WIDTH="296" HEIGHT="61" CONTENT="synoptique," WC="0.99" CC="06500470012"/>
					</TextLine>
					<TextLine ID="P89_TL00008" HPOS="247" VPOS="1172" WIDTH="1757" HEIGHT="62">
						<String ID="P89_ST00090" HPOS="247" VPOS="1188" WIDTH="64" HEIGHT="31" CONTENT="on" WC="0.88" CC="20"/>
						<SP ID="P89_SP00083" HPOS="311" VPOS="1219" WIDTH="29"/>
						<String ID="P89_ST00091" HPOS="340" VPOS="1185" WIDTH="113" HEIGHT="49" CONTENT="peut" WC="1.00" CC="0000"/>
						<SP ID="P89_SP00084" HPOS="453" VPOS="1234" WIDTH="26"/>
						<String ID="P89_ST00092" HPOS="479" VPOS="1173" WIDTH="111" HEIGHT="46" CONTENT="tirer" WC="1.00" CC="20000"/>
						<SP ID="P89_SP00085" HPOS="590" VPOS="1234" WIDTH="26"/>
						<String ID="P89_ST00093" HPOS="616" VPOS="1172" WIDTH="44" HEIGHT="48" CONTENT="la" WC="0.65" CC="60"/>
						<SP ID="P89_SP00086" HPOS="660" VPOS="1234" WIDTH="26"/>
						<String ID="P89_ST00094" HPOS="686" VPOS="1173" WIDTH="217" HEIGHT="48" CONTENT="moralité" WC="1.00" CC="00001610"/>
						<SP ID="P89_SP00087" HPOS="903" VPOS="1234" WIDTH="25"/>
						<String ID="P89_ST00095" HPOS="928" VPOS="1186" WIDTH="47" HEIGHT="35" CONTENT="et" WC="1.00" CC="00"/>
						<SP ID="P89_SP00088" HPOS="975" VPOS="1234" WIDTH="27"/>
						<String ID="P89_ST00096" HPOS="1002" VPOS="1174" WIDTH="156" HEIGHT="46" CONTENT="même" WC="1.00" CC="0000"/>
						<SP ID="P89_SP00089" HPOS="1158" VPOS="1234" WIDTH="29"/>
						<String ID="P89_ST00097" HPOS="1187" VPOS="1172" WIDTH="319" HEIGHT="48" CONTENT="l'immoralité" WC="1.00" CC="200000004320"/>
						<SP ID="P89_SP00090" HPOS="1506" VPOS="1234" WIDTH="27"/>
						<String ID="P89_ST00098" HPOS="1533" VPOS="1173" WIDTH="57" HEIGHT="46" CONTENT="de" WC="1.00" CC="00"/>
						<SP ID="P89_SP00091" HPOS="1590" VPOS="1234" WIDTH="26"/>
						<String ID="P89_ST00099" HPOS="1616" VPOS="1185" WIDTH="125" HEIGHT="34" CONTENT="cette" WC="1.00" CC="00000"/>
						<SP ID="P89_SP00092" HPOS="1741" VPOS="1234" WIDTH="20"/>
						<String ID="P89_ST00100" HPOS="1761" VPOS="1185" WIDTH="243" HEIGHT="35" CONTENT="aventure." WC="1.00" CC="000000000"/>
					</TextLine>
					<TextLine ID="P89_TL00009" HPOS="390" VPOS="1242" WIDTH="2397" HEIGHT="66">
						<String ID="P89_ST00101" HPOS="390" VPOS="1244" WIDTH="114" HEIGHT="47" CONTENT="Une" WC="1.00" CC="000"/>
						<SP ID="P89_SP00093" HPOS="504" VPOS="1291" WIDTH="28"/>
						<String ID="P89_ST00102" HPOS="532" VPOS="1246" WIDTH="86" HEIGHT="45" CONTENT="fois" WC="1.00" CC="0000"/>
						<SP ID="P89_SP00094" HPOS="618" VPOS="1291" WIDTH="26"/>
						<String ID="P89_ST00103" HPOS="644" VPOS="1246" WIDTH="56" HEIGHT="45" CONTENT="de" WC="1.00" CC="00"/>
						<SP ID="P89_SP00095" HPOS="700" VPOS="1291" WIDTH="27"/>
						<String ID="P89_ST00104" HPOS="727" VPOS="1244" WIDTH="117" HEIGHT="63" CONTENT="plus," WC="0.99" CC="04003"/>
						<SP ID="P89_SP00096" HPOS="844" VPOS="1307" WIDTH="30"/>
						<String ID="P89_ST00105" HPOS="874" VPOS="1244" WIDTH="41" HEIGHT="49" CONTENT="la" WC="0.29" CC="49"/>
						<SP ID="P89_SP00097" HPOS="915" VPOS="1307" WIDTH="27"/>
						<String ID="P89_ST00106" HPOS="942" VPOS="1257" WIDTH="126" HEIGHT="37" CONTENT="vaste" WC="0.98" CC="09040"/>
						<SP ID="P89_SP00098" HPOS="1068" VPOS="1307" WIDTH="27"/>
						<String ID="P89_ST00107" HPOS="1095" VPOS="1246" WIDTH="144" HEIGHT="62" CONTENT="partie" WC="0.99" CC="070200"/>
						<SP ID="P89_SP00099" HPOS="1239" VPOS="1308" WIDTH="28"/>
						<String ID="P89_ST00108" HPOS="1267" VPOS="1244" WIDTH="216" HEIGHT="49" CONTENT="d'échecs" WC="1.00" CC="01001100"/>
						<SP ID="P89_SP00100" HPOS="1483" VPOS="1308" WIDTH="26"/>
						<String ID="P89_ST00109" HPOS="1509" VPOS="1262" WIDTH="62" HEIGHT="29" CONTENT="ou" WC="1.00" CC="00"/>
						<SP ID="P89_SP00101" HPOS="1571" VPOS="1308" WIDTH="26"/>
						<String ID="P89_ST00110" HPOS="1597" VPOS="1244" WIDTH="56" HEIGHT="46" CONTENT="de" WC="1.00" CC="00"/>
						<SP ID="P89_SP00102" HPOS="1653" VPOS="1308" WIDTH="24"/>
						<String ID="P89_ST00111" HPOS="1677" VPOS="1246" WIDTH="191" HEIGHT="62" CONTENT="jacquet" WC="0.99" CC="6000003"/>
						<SP ID="P89_SP00103" HPOS="1868" VPOS="1308" WIDTH="25"/>
						<String ID="P89_ST00112" HPOS="1893" VPOS="1261" WIDTH="93" HEIGHT="46" CONTENT="que" WC="1.00" CC="010"/>
						<SP ID="P89_SP00104" HPOS="1986" VPOS="1308" WIDTH="27"/>
						<String ID="P89_ST00113" HPOS="2013" VPOS="1242" WIDTH="264" HEIGHT="62" CONTENT="représente" WC="1.00" CC="0000000000"/>
						<SP ID="P89_SP00105" HPOS="2277" VPOS="1308" WIDTH="20"/>
						<String ID="P89_ST00114" HPOS="2297" VPOS="1261" WIDTH="66" HEIGHT="29" CONTENT="un" WC="1.00" CC="00"/>
						<SP ID="P89_SP00106" HPOS="2363" VPOS="1308" WIDTH="22"/>
						<String ID="P89_ST00115" HPOS="2385" VPOS="1261" WIDTH="228" HEIGHT="30" CONTENT="concours" WC="1.00" CC="00000000"/>
						<SP ID="P89_SP00107" HPOS="2613" VPOS="1308" WIDTH="26"/>
						<String ID="P89_ST00116" HPOS="2639" VPOS="1244" WIDTH="56" HEIGHT="47" CONTENT="de" WC="1.00" CC="00"/>
						<SP ID="P89_SP00108" HPOS="2695" VPOS="1308" WIDTH="26"/>
						<String ID="P89_ST00117" HPOS="2721" VPOS="1243" WIDTH="66" HEIGHT="48" CONTENT="fin" WC="0.97" CC="330"/>
					</TextLine>
					<TextLine ID="P89_TL00010" HPOS="246" VPOS="1313" WIDTH="2543" HEIGHT="66">
						<String ID="P89_ST00118" HPOS="246" VPOS="1313" WIDTH="203" HEIGHT="48" CONTENT="d'année" WC="1.00" CC="0000000"/>
						<SP ID="P89_SP00109" HPOS="449" VPOS="1361" WIDTH="36"/>
						<String ID="P89_ST00119" HPOS="485" VPOS="1314" WIDTH="108" HEIGHT="48" CONTENT="s'est" WC="1.00" CC="00003"/>
						<SP ID="P89_SP00110" HPOS="593" VPOS="1362" WIDTH="38"/>
						<String ID="P89_ST00120" HPOS="631" VPOS="1315" WIDTH="210" HEIGHT="63" CONTENT="disputée" WC="1.00" CC="06000000"/>
						<SP ID="P89_SP00111" HPOS="841" VPOS="1378" WIDTH="39"/>
						<String ID="P89_ST00121" HPOS="880" VPOS="1317" WIDTH="170" HEIGHT="47" CONTENT="devant" WC="1.00" CC="001000"/>
						<SP ID="P89_SP00112" HPOS="1050" VPOS="1378" WIDTH="38"/>
						<String ID="P89_ST00122" HPOS="1088" VPOS="1333" WIDTH="66" HEIGHT="29" CONTENT="un" WC="1.00" CC="00"/>
						<SP ID="P89_SP00113" HPOS="1154" VPOS="1378" WIDTH="36"/>
						<String ID="P89_ST00123" HPOS="1190" VPOS="1315" WIDTH="160" HEIGHT="63" CONTENT="public" WC="1.00" CC="000200"/>
						<SP ID="P89_SP00114" HPOS="1350" VPOS="1378" WIDTH="35"/>
						<String ID="P89_ST00124" HPOS="1385" VPOS="1314" WIDTH="272" HEIGHT="61" CONTENT="scandalisé," WC="1.00" CC="00000606002"/>
						<SP ID="P89_SP00115" HPOS="1657" VPOS="1378" WIDTH="46"/>
						<String ID="P89_ST00125" HPOS="1703" VPOS="1314" WIDTH="244" HEIGHT="62" CONTENT="incapable" WC="0.99" CC="625000050"/>
						<SP ID="P89_SP00116" HPOS="1947" VPOS="1378" WIDTH="39"/>
						<String ID="P89_ST00126" HPOS="1986" VPOS="1314" WIDTH="57" HEIGHT="47" CONTENT="de" WC="0.96" CC="00"/>
						<SP ID="P89_SP00117" HPOS="2043" VPOS="1378" WIDTH="43"/>
						<String ID="P89_ST00127" HPOS="2086" VPOS="1313" WIDTH="72" HEIGHT="66" CONTENT="s'y" WC="0.97" CC="007"/>
						<SP ID="P89_SP00118" HPOS="2158" VPOS="1379" WIDTH="43"/>
						<String ID="P89_ST00128" HPOS="2201" VPOS="1314" WIDTH="296" HEIGHT="47" CONTENT="reconnaître" WC="1.00" CC="00000006600"/>
						<SP ID="P89_SP00119" HPOS="2497" VPOS="1379" WIDTH="40"/>
						<String ID="P89_ST00129" HPOS="2537" VPOS="1315" WIDTH="252" HEIGHT="63" CONTENT="parcequ'il" WC="0.93" CC="0000000150"/>
					</TextLine>
					<TextLine ID="P89_TL00011" HPOS="246" VPOS="1383" WIDTH="2544" HEIGHT="68">
						<String ID="P89_ST00130" HPOS="246" VPOS="1385" WIDTH="163" HEIGHT="64" CONTENT="ignore" WC="1.00" CC="400000"/>
						<SP ID="P89_SP00120" HPOS="409" VPOS="1449" WIDTH="26"/>
						<String ID="P89_ST00131" HPOS="435" VPOS="1384" WIDTH="65" HEIGHT="48" CONTENT="les" WC="1.00" CC="000"/>
						<SP ID="P89_SP00121" HPOS="500" VPOS="1449" WIDTH="26"/>
						<String ID="P89_ST00132" HPOS="526" VPOS="1385" WIDTH="147" HEIGHT="64" CONTENT="règles" WC="0.99" CC="070600"/>
						<SP ID="P89_SP00122" HPOS="673" VPOS="1449" WIDTH="27"/>
						<String ID="P89_ST00133" HPOS="700" VPOS="1387" WIDTH="62" HEIGHT="45" CONTENT="du" WC="1.00" CC="00"/>
						<SP ID="P89_SP00123" HPOS="762" VPOS="1449" WIDTH="21"/>
						<String ID="P89_ST00134" HPOS="783" VPOS="1388" WIDTH="96" HEIGHT="63" CONTENT="jeu." WC="1.00" CC="0000"/>
						<SP ID="P89_SP00124" HPOS="879" VPOS="1451" WIDTH="29"/>
						<String ID="P89_ST00135" HPOS="908" VPOS="1385" WIDTH="141" HEIGHT="49" CONTENT="Tous" WC="0.97" CC="6420"/>
						<SP ID="P89_SP00125" HPOS="1049" VPOS="1451" WIDTH="26"/>
						<String ID="P89_ST00136" HPOS="1075" VPOS="1385" WIDTH="64" HEIGHT="49" CONTENT="les" WC="1.00" CC="000"/>
						<SP ID="P89_SP00126" HPOS="1139" VPOS="1451" WIDTH="24"/>
						<String ID="P89_ST00137" HPOS="1163" VPOS="1403" WIDTH="84" HEIGHT="31" CONTENT="ans" WC="1.00" CC="010"/>
						<SP ID="P89_SP00127" HPOS="1247" VPOS="1451" WIDTH="41"/>
						<String ID="P89_ST00138" HPOS="1288" VPOS="1403" WIDTH="116" HEIGHT="31" CONTENT="nous" WC="0.99" CC="5000"/>
						<SP ID="P89_SP00128" HPOS="1404" VPOS="1451" WIDTH="45"/>
						<String ID="P89_ST00139" HPOS="1449" VPOS="1403" WIDTH="175" HEIGHT="47" CONTENT="voyons" WC="0.98" CC="709060"/>
						<SP ID="P89_SP00129" HPOS="1624" VPOS="1451" WIDTH="38"/>
						<String ID="P89_ST00140" HPOS="1662" VPOS="1402" WIDTH="47" HEIGHT="29" CONTENT="se" WC="1.00" CC="00"/>
						<SP ID="P89_SP00130" HPOS="1709" VPOS="1451" WIDTH="45"/>
						<String ID="P89_ST00141" HPOS="1754" VPOS="1384" WIDTH="268" HEIGHT="63" CONTENT="reproduire" WC="1.00" CC="0000000600"/>
						<SP ID="P89_SP00131" HPOS="2022" VPOS="1451" WIDTH="38"/>
						<String ID="P89_ST00142" HPOS="2060" VPOS="1383" WIDTH="43" HEIGHT="48" CONTENT="le" WC="0.77" CC="40"/>
						<SP ID="P89_SP00132" HPOS="2103" VPOS="1451" WIDTH="38"/>
						<String ID="P89_ST00143" HPOS="2141" VPOS="1383" WIDTH="157" HEIGHT="48" CONTENT="même" WC="1.00" CC="0000"/>
						<SP ID="P89_SP00133" HPOS="2298" VPOS="1451" WIDTH="27"/>
						<String ID="P89_ST00144" HPOS="2325" VPOS="1384" WIDTH="306" HEIGHT="47" CONTENT="malentendu" WC="1.00" CC="0140005002"/>
						<SP ID="P89_SP00134" HPOS="2631" VPOS="1451" WIDTH="27"/>
						<String ID="P89_ST00145" HPOS="2658" VPOS="1398" WIDTH="132" HEIGHT="34" CONTENT="entre" WC="0.99" CC="06000"/>
					</TextLine>
					<TextLine ID="P89_TL00012" HPOS="247" VPOS="1454" WIDTH="2547" HEIGHT="66">
						<String ID="P89_ST00146" HPOS="247" VPOS="1454" WIDTH="65" HEIGHT="49" CONTENT="les" WC="0.99" CC="200"/>
						<SP ID="P89_SP00135" HPOS="312" VPOS="1503" WIDTH="27"/>
						<String ID="P89_ST00147" HPOS="339" VPOS="1455" WIDTH="220" HEIGHT="48" CONTENT="fauteuils" WC="1.00" CC="004002410"/>
						<SP ID="P89_SP00136" HPOS="559" VPOS="1503" WIDTH="25"/>
						<String ID="P89_ST00148" HPOS="584" VPOS="1456" WIDTH="284" HEIGHT="49" CONTENT="d'orchestre" WC="1.00" CC="00020000310"/>
						<SP ID="P89_SP00137" HPOS="868" VPOS="1505" WIDTH="28"/>
						<String ID="P89_ST00149" HPOS="896" VPOS="1469" WIDTH="46" HEIGHT="36" CONTENT="et" WC="0.82" CC="03"/>
						<SP ID="P89_SP00138" HPOS="942" VPOS="1505" WIDTH="26"/>
						<String ID="P89_ST00150" HPOS="968" VPOS="1458" WIDTH="43" HEIGHT="47" CONTENT="la" WC="0.54" CC="09"/>
						<SP ID="P89_SP00139" HPOS="1011" VPOS="1505" WIDTH="25"/>
						<String ID="P89_ST00151" HPOS="1036" VPOS="1456" WIDTH="104" HEIGHT="64" CONTENT="loge" WC="0.98" CC="4200"/>
						<SP ID="P89_SP00140" HPOS="1140" VPOS="1520" WIDTH="28"/>
						<String ID="P89_ST00152" HPOS="1168" VPOS="1456" WIDTH="56" HEIGHT="47" CONTENT="de" WC="1.00" CC="00"/>
						<SP ID="P89_SP00141" HPOS="1224" VPOS="1520" WIDTH="28"/>
						<String ID="P89_ST00153" HPOS="1252" VPOS="1456" WIDTH="168" HEIGHT="47" CONTENT="balcon" WC="0.99" CC="300005"/>
						<SP ID="P89_SP00142" HPOS="1420" VPOS="1520" WIDTH="26"/>
						<String ID="P89_ST00154" HPOS="1446" VPOS="1455" WIDTH="63" HEIGHT="48" CONTENT="où" WC="0.60" CC="08"/>
						<SP ID="P89_SP00143" HPOS="1509" VPOS="1520" WIDTH="27"/>
						<String ID="P89_ST00155" HPOS="1536" VPOS="1455" WIDTH="42" HEIGHT="47" CONTENT="le" WC="0.88" CC="20"/>
						<SP ID="P89_SP00144" HPOS="1578" VPOS="1520" WIDTH="21"/>
						<String ID="P89_ST00156" HPOS="1599" VPOS="1458" WIDTH="109" HEIGHT="62" CONTENT="jury" WC="1.00" CC="1000"/>
						<SP ID="P89_SP00145" HPOS="1708" VPOS="1520" WIDTH="28"/>
						<String ID="P89_ST00157" HPOS="1736" VPOS="1456" WIDTH="82" HEIGHT="46" CONTENT="fait" WC="0.98" CC="0052"/>
						<SP ID="P89_SP00146" HPOS="1818" VPOS="1520" WIDTH="26"/>
						<String ID="P89_ST00158" HPOS="1844" VPOS="1454" WIDTH="319" HEIGHT="63" CONTENT="l'application" WC="0.99" CC="7300000074343"/>
						<SP ID="P89_SP00147" HPOS="2163" VPOS="1520" WIDTH="28"/>
						<String ID="P89_ST00159" HPOS="2191" VPOS="1455" WIDTH="78" HEIGHT="47" CONTENT="des" WC="1.00" CC="000"/>
						<SP ID="P89_SP00148" HPOS="2269" VPOS="1520" WIDTH="24"/>
						<String ID="P89_ST00160" HPOS="2293" VPOS="1454" WIDTH="185" HEIGHT="48" CONTENT="articles" WC="0.99" CC="03500300"/>
						<SP ID="P89_SP00149" HPOS="2478" VPOS="1520" WIDTH="25"/>
						<String ID="P89_ST00161" HPOS="2503" VPOS="1455" WIDTH="291" HEIGHT="65" CONTENT="mystérieux" WC="1.00" CC="0006600004"/>
					</TextLine>
					<TextLine ID="P89_TL00013" HPOS="246" VPOS="1526" WIDTH="2548" HEIGHT="65">
						<String ID="P89_ST00162" HPOS="246" VPOS="1527" WIDTH="59" HEIGHT="47" CONTENT="de" WC="0.75" CC="04"/>
						<SP ID="P89_SP00150" HPOS="305" VPOS="1574" WIDTH="25"/>
						<String ID="P89_ST00163" HPOS="330" VPOS="1544" WIDTH="84" HEIGHT="30" CONTENT="son" WC="0.98" CC="004"/>
						<SP ID="P89_SP00151" HPOS="414" VPOS="1574" WIDTH="29"/>
						<String ID="P89_ST00164" HPOS="443" VPOS="1526" WIDTH="151" HEIGHT="50" CONTENT="Code." WC="0.99" CC="03004"/>
						<SP ID="P89_SP00152" HPOS="594" VPOS="1576" WIDTH="29"/>
						<String ID="P89_ST00165" HPOS="623" VPOS="1527" WIDTH="93" HEIGHT="49" CONTENT="Les" WC="1.00" CC="000"/>
						<SP ID="P89_SP00153" HPOS="716" VPOS="1576" WIDTH="23"/>
						<String ID="P89_ST00166" HPOS="739" VPOS="1541" WIDTH="286" HEIGHT="50" CONTENT="spectateurs" WC="1.00" CC="00000020004"/>
						<SP ID="P89_SP00154" HPOS="1025" VPOS="1591" WIDTH="24"/>
						<String ID="P89_ST00167" HPOS="1049" VPOS="1527" WIDTH="212" HEIGHT="49" CONTENT="attentifs" WC="1.00" CC="000204000"/>
						<SP ID="P89_SP00155" HPOS="1261" VPOS="1591" WIDTH="25"/>
						<String ID="P89_ST00168" HPOS="1286" VPOS="1529" WIDTH="97" HEIGHT="61" CONTENT="qui," WC="0.99" CC="0003"/>
						<SP ID="P89_SP00156" HPOS="1383" VPOS="1591" WIDTH="28"/>
						<String ID="P89_ST00169" HPOS="1411" VPOS="1529" WIDTH="56" HEIGHT="47" CONTENT="de" WC="1.00" CC="00"/>
						<SP ID="P89_SP00157" HPOS="1467" VPOS="1591" WIDTH="28"/>
						<String ID="P89_ST00170" HPOS="1495" VPOS="1526" WIDTH="153" HEIGHT="48" CONTENT="l'aube" WC="0.99" CC="420240"/>
						<SP ID="P89_SP00158" HPOS="1648" VPOS="1591" WIDTH="26"/>
						<String ID="P89_ST00171" HPOS="1674" VPOS="1544" WIDTH="59" HEIGHT="30" CONTENT="au" WC="1.00" CC="00"/>
						<SP ID="P89_SP00159" HPOS="1733" VPOS="1591" WIDTH="26"/>
						<String ID="P89_ST00172" HPOS="1759" VPOS="1527" WIDTH="106" HEIGHT="61" CONTENT="soir," WC="0.99" CC="01404"/>
						<SP ID="P89_SP00160" HPOS="1865" VPOS="1591" WIDTH="40"/>
						<String ID="P89_ST00173" HPOS="1905" VPOS="1538" WIDTH="85" HEIGHT="35" CONTENT="ont" WC="1.00" CC="000"/>
						<SP ID="P89_SP00161" HPOS="1990" VPOS="1591" WIDTH="38"/>
						<String ID="P89_ST00174" HPOS="2028" VPOS="1526" WIDTH="518" HEIGHT="47" CONTENT="consciencieusement" WC="1.00" CC="000001031000009000"/>
						<SP ID="P89_SP00162" HPOS="2546" VPOS="1591" WIDTH="26"/>
						<String ID="P89_ST00175" HPOS="2572" VPOS="1527" WIDTH="222" HEIGHT="61" CONTENT="comparé" WC="0.99" CC="0060415"/>
					</TextLine>
					<TextLine ID="P89_TL00014" HPOS="246" VPOS="1596" WIDTH="2548" HEIGHT="66">
						<String ID="P89_ST00176" HPOS="246" VPOS="1597" WIDTH="65" HEIGHT="49" CONTENT="les" WC="0.98" CC="500"/>
						<SP ID="P89_SP00163" HPOS="311" VPOS="1646" WIDTH="27"/>
						<String ID="P89_ST00177" HPOS="338" VPOS="1597" WIDTH="190" HEIGHT="50" CONTENT="mérites" WC="0.99" CC="0606300"/>
						<SP ID="P89_SP00164" HPOS="528" VPOS="1647" WIDTH="26"/>
						<String ID="P89_ST00178" HPOS="554" VPOS="1599" WIDTH="80" HEIGHT="48" CONTENT="des" WC="1.00" CC="000"/>
						<SP ID="P89_SP00165" HPOS="634" VPOS="1647" WIDTH="25"/>
						<String ID="P89_ST00179" HPOS="659" VPOS="1611" WIDTH="311" HEIGHT="36" CONTENT="concurrents" WC="1.00" CC="02000000000"/>
						<SP ID="P89_SP00166" HPOS="970" VPOS="1647" WIDTH="25"/>
						<String ID="P89_ST00180" HPOS="995" VPOS="1609" WIDTH="47" HEIGHT="37" CONTENT="et" WC="1.00" CC="00"/>
						<SP ID="P89_SP00167" HPOS="1042" VPOS="1647" WIDTH="26"/>
						<String ID="P89_ST00181" HPOS="1068" VPOS="1600" WIDTH="80" HEIGHT="62" CONTENT="qui" WC="0.98" CC="005"/>
						<SP ID="P89_SP00168" HPOS="1148" VPOS="1662" WIDTH="28"/>
						<String ID="P89_ST00182" HPOS="1176" VPOS="1599" WIDTH="189" HEIGHT="47" CONTENT="relisent" WC="1.00" CC="00000064"/>
						<SP ID="P89_SP00169" HPOS="1365" VPOS="1662" WIDTH="38"/>
						<String ID="P89_ST00183" HPOS="1403" VPOS="1599" WIDTH="100" HEIGHT="47" CONTENT="leur" WC="1.00" CC="0000"/>
						<SP ID="P89_SP00170" HPOS="1503" VPOS="1662" WIDTH="40"/>
						<String ID="P89_ST00184" HPOS="1543" VPOS="1615" WIDTH="297" HEIGHT="47" CONTENT="programme" WC="1.00" CC="000000050"/>
						<SP ID="P89_SP00171" HPOS="1840" VPOS="1662" WIDTH="39"/>
						<String ID="P89_ST00185" HPOS="1879" VPOS="1599" WIDTH="148" HEIGHT="45" CONTENT="noirci" WC="0.99" CC="200306"/>
						<SP ID="P89_SP00172" HPOS="2027" VPOS="1662" WIDTH="42"/>
						<String ID="P89_ST00186" HPOS="2069" VPOS="1597" WIDTH="57" HEIGHT="47" CONTENT="de" WC="1.00" CC="00"/>
						<SP ID="P89_SP00173" HPOS="2126" VPOS="1662" WIDTH="43"/>
						<String ID="P89_ST00187" HPOS="2169" VPOS="1609" WIDTH="135" HEIGHT="35" CONTENT="notes" WC="0.99" CC="00302"/>
						<SP ID="P89_SP00174" HPOS="2304" VPOS="1662" WIDTH="24"/>
						<String ID="P89_ST00188" HPOS="2328" VPOS="1596" WIDTH="25" HEIGHT="48" CONTENT="à" WC="0.23" CC="7"/>
						<SP ID="P89_SP00175" HPOS="2353" VPOS="1662" WIDTH="27"/>
						<String ID="P89_ST00189" HPOS="2380" VPOS="1596" WIDTH="180" HEIGHT="48" CONTENT="l'heure" WC="1.00" CC="2000000"/>
						<SP ID="P89_SP00176" HPOS="2560" VPOS="1662" WIDTH="38"/>
						<String ID="P89_ST00190" HPOS="2598" VPOS="1597" WIDTH="64" HEIGHT="47" CONTENT="où" WC="0.51" CC="18"/>
						<SP ID="P89_SP00177" HPOS="2662" VPOS="1662" WIDTH="35"/>
						<String ID="P89_ST00191" HPOS="2697" VPOS="1597" WIDTH="97" HEIGHT="47" CONTENT="l'on" WC="0.99" CC="0200"/>
					</TextLine>
					<TextLine ID="P89_TL00015" HPOS="246" VPOS="1667" WIDTH="2548" HEIGHT="65">
						<String ID="P89_ST00192" HPOS="246" VPOS="1668" WIDTH="240" HEIGHT="64" CONTENT="proclame" WC="0.99" CC="00564000"/>
						<SP ID="P89_SP00178" HPOS="486" VPOS="1732" WIDTH="26"/>
						<String ID="P89_ST00193" HPOS="512" VPOS="1668" WIDTH="64" HEIGHT="49" CONTENT="les" WC="1.00" CC="000"/>
						<SP ID="P89_SP00179" HPOS="576" VPOS="1732" WIDTH="26"/>
						<String ID="P89_ST00194" HPOS="602" VPOS="1688" WIDTH="138" HEIGHT="29" CONTENT="noms" WC="1.00" CC="0000"/>
						<SP ID="P89_SP00180" HPOS="740" VPOS="1732" WIDTH="26"/>
						<String ID="P89_ST00195" HPOS="766" VPOS="1671" WIDTH="77" HEIGHT="47" CONTENT="des" WC="1.00" CC="000"/>
						<SP ID="P89_SP00181" HPOS="843" VPOS="1732" WIDTH="20"/>
						<String ID="P89_ST00196" HPOS="863" VPOS="1668" WIDTH="214" HEIGHT="63" CONTENT="lauréats," WC="0.99" CC="400080303"/>
						<SP ID="P89_SP00182" HPOS="1077" VPOS="1732" WIDTH="29"/>
						<String ID="P89_ST00197" HPOS="1106" VPOS="1688" WIDTH="60" HEIGHT="29" CONTENT="ne" WC="0.84" CC="30"/>
						<SP ID="P89_SP00183" HPOS="1166" VPOS="1732" WIDTH="26"/>
						<String ID="P89_ST00198" HPOS="1192" VPOS="1681" WIDTH="206" HEIGHT="51" CONTENT="peuvent" WC="1.00" CC="0000003"/>
						<SP ID="P89_SP00184" HPOS="1398" VPOS="1732" WIDTH="25"/>
						<String ID="P89_ST00199" HPOS="1423" VPOS="1671" WIDTH="219" HEIGHT="46" CONTENT="contenir" WC="0.99" CC="00500650"/>
						<SP ID="P89_SP00185" HPOS="1642" VPOS="1732" WIDTH="27"/>
						<String ID="P89_ST00200" HPOS="1669" VPOS="1668" WIDTH="100" HEIGHT="47" CONTENT="leur" WC="0.99" CC="0005"/>
						<SP ID="P89_SP00186" HPOS="1769" VPOS="1732" WIDTH="27"/>
						<String ID="P89_ST00201" HPOS="1796" VPOS="1668" WIDTH="297" HEIGHT="64" CONTENT="indignation" WC="1.00" CC="10000030000"/>
						<SP ID="P89_SP00187" HPOS="2093" VPOS="1732" WIDTH="21"/>
						<String ID="P89_ST00202" HPOS="2114" VPOS="1685" WIDTH="60" HEIGHT="29" CONTENT="en" WC="1.00" CC="00"/>
						<SP ID="P89_SP00188" HPOS="2174" VPOS="1732" WIDTH="22"/>
						<String ID="P89_ST00203" HPOS="2196" VPOS="1667" WIDTH="218" HEIGHT="62" CONTENT="présence" WC="1.00" CC="02700000"/>
						<SP ID="P89_SP00189" HPOS="2414" VPOS="1732" WIDTH="22"/>
						<String ID="P89_ST00204" HPOS="2436" VPOS="1668" WIDTH="57" HEIGHT="47" CONTENT="de" WC="1.00" CC="00"/>
						<SP ID="P89_SP00190" HPOS="2493" VPOS="1732" WIDTH="20"/>
						<String ID="P89_ST00205" HPOS="2513" VPOS="1667" WIDTH="43" HEIGHT="48" CONTENT="la" WC="1.00" CC="00"/>
						<SP ID="P89_SP00191" HPOS="2556" VPOS="1732" WIDTH="27"/>
						<String ID="P89_ST00206" HPOS="2583" VPOS="1668" WIDTH="211" HEIGHT="47" CONTENT="fantaisie" WC="1.00" CC="000300000"/>
					</TextLine>
					<TextLine ID="P89_TL00016" HPOS="249" VPOS="1737" WIDTH="2546" HEIGHT="66">
						<String ID="P89_ST00207" HPOS="249" VPOS="1757" WIDTH="92" HEIGHT="46" CONTENT="que" WC="1.00" CC="000"/>
						<SP ID="P89_SP00192" HPOS="341" VPOS="1803" WIDTH="28"/>
						<String ID="P89_ST00208" HPOS="369" VPOS="1741" WIDTH="305" HEIGHT="47" CONTENT="manifestent" WC="1.00" CC="00000000004"/>
						<SP ID="P89_SP00193" HPOS="674" VPOS="1803" WIDTH="26"/>
						<String ID="P89_ST00209" HPOS="700" VPOS="1740" WIDTH="64" HEIGHT="48" CONTENT="les" WC="1.00" CC="000"/>
						<SP ID="P89_SP00194" HPOS="764" VPOS="1803" WIDTH="26"/>
						<String ID="P89_ST00210" HPOS="790" VPOS="1741" WIDTH="327" HEIGHT="47" CONTENT="distributeurs" WC="1.00" CC="0400000010000"/>
						<SP ID="P89_SP00195" HPOS="1117" VPOS="1803" WIDTH="27"/>
						<String ID="P89_ST00211" HPOS="1144" VPOS="1740" WIDTH="57" HEIGHT="47" CONTENT="de" WC="1.00" CC="00"/>
						<SP ID="P89_SP00196" HPOS="1201" VPOS="1803" WIDTH="27"/>
						<String ID="P89_ST00212" HPOS="1228" VPOS="1740" WIDTH="42" HEIGHT="47" CONTENT="la" WC="1.00" CC="00"/>
						<SP ID="P89_SP00197" HPOS="1270" VPOS="1803" WIDTH="25"/>
						<String ID="P89_ST00213" HPOS="1295" VPOS="1740" WIDTH="145" HEIGHT="63" CONTENT="gloire" WC="1.00" CC="030000"/>
						<SP ID="P89_SP00198" HPOS="1440" VPOS="1803" WIDTH="27"/>
						<String ID="P89_ST00214" HPOS="1467" VPOS="1740" WIDTH="230" HEIGHT="47" CONTENT="officielle." WC="1.00" CC="00000705104"/>
						<SP ID="P89_SP00199" HPOS="1697" VPOS="1803" WIDTH="44"/>
						<String ID="P89_ST00215" HPOS="1741" VPOS="1740" WIDTH="85" HEIGHT="45" CONTENT="Un" WC="0.75" CC="04"/>
						<SP ID="P89_SP00200" HPOS="1826" VPOS="1803" WIDTH="46"/>
						<String ID="P89_ST00216" HPOS="1872" VPOS="1738" WIDTH="136" HEIGHT="47" CONTENT="ténor" WC="0.99" CC="27000"/>
						<SP ID="P89_SP00201" HPOS="2008" VPOS="1803" WIDTH="36"/>
						<String ID="P89_ST00217" HPOS="2044" VPOS="1738" WIDTH="186" HEIGHT="61" CONTENT="aphone" WC="0.99" CC="003200"/>
						<SP ID="P89_SP00202" HPOS="2230" VPOS="1803" WIDTH="27"/>
						<String ID="P89_ST00218" HPOS="2257" VPOS="1748" WIDTH="45" HEIGHT="36" CONTENT="et" WC="1.00" CC="00"/>
						<SP ID="P89_SP00203" HPOS="2302" VPOS="1803" WIDTH="27"/>
						<String ID="P89_ST00219" HPOS="2329" VPOS="1737" WIDTH="246" HEIGHT="48" CONTENT="maladroit" WC="1.00" CC="005000040"/>
						<SP ID="P89_SP00204" HPOS="2575" VPOS="1803" WIDTH="38"/>
						<String ID="P89_ST00220" HPOS="2613" VPOS="1740" WIDTH="182" HEIGHT="45" CONTENT="obtient" WC="1.00" CC="0030000"/>
					</TextLine>
					<TextLine ID="P89_TL00017" HPOS="246" VPOS="1808" WIDTH="2548" HEIGHT="67">
						<String ID="P89_ST00221" HPOS="246" VPOS="1828" WIDTH="97" HEIGHT="30" CONTENT="une" WC="1.00" CC="000"/>
						<SP ID="P89_SP00205" HPOS="343" VPOS="1858" WIDTH="26"/>
						<String ID="P89_ST00222" HPOS="369" VPOS="1812" WIDTH="143" HEIGHT="46" CONTENT="haute" WC="1.00" CC="00020"/>
						<SP ID="P89_SP00206" HPOS="512" VPOS="1858" WIDTH="25"/>
						<String ID="P89_ST00223" HPOS="537" VPOS="1809" WIDTH="302" HEIGHT="65" CONTENT="récompense" WC="1.00" CC="0600000000"/>
						<SP ID="P89_SP00207" HPOS="839" VPOS="1874" WIDTH="26"/>
						<String ID="P89_ST00224" HPOS="865" VPOS="1811" WIDTH="119" HEIGHT="47" CONTENT="alors" WC="0.99" CC="04400"/>
						<SP ID="P89_SP00208" HPOS="984" VPOS="1874" WIDTH="25"/>
						<String ID="P89_ST00225" HPOS="1009" VPOS="1828" WIDTH="89" HEIGHT="46" CONTENT="que" WC="1.00" CC="000"/>
						<SP ID="P89_SP00209" HPOS="1098" VPOS="1874" WIDTH="27"/>
						<String ID="P89_ST00226" HPOS="1125" VPOS="1811" WIDTH="64" HEIGHT="47" CONTENT="tel" WC="0.97" CC="205"/>
						<SP ID="P89_SP00210" HPOS="1189" VPOS="1874" WIDTH="27"/>
						<String ID="P89_ST00227" HPOS="1216" VPOS="1812" WIDTH="215" HEIGHT="63" CONTENT="baryton," WC="1.00" CC="30001004"/>
						<SP ID="P89_SP00211" HPOS="1431" VPOS="1875" WIDTH="28"/>
						<String ID="P89_ST00228" HPOS="1459" VPOS="1809" WIDTH="235" HEIGHT="49" CONTENT="excellent" WC="1.00" CC="000008060"/>
						<SP ID="P89_SP00212" HPOS="1694" VPOS="1875" WIDTH="27"/>
						<String ID="P89_ST00229" HPOS="1721" VPOS="1811" WIDTH="228" HEIGHT="45" CONTENT="musicien" WC="1.00" CC="00000006"/>
						<SP ID="P89_SP00213" HPOS="1949" VPOS="1875" WIDTH="27"/>
						<String ID="P89_ST00230" HPOS="1976" VPOS="1808" WIDTH="27" HEIGHT="48" CONTENT="à" WC="0.23" CC="7"/>
						<SP ID="P89_SP00214" HPOS="2003" VPOS="1875" WIDTH="25"/>
						<String ID="P89_ST00231" HPOS="2028" VPOS="1808" WIDTH="43" HEIGHT="47" CONTENT="la" WC="0.71" CC="50"/>
						<SP ID="P89_SP00215" HPOS="2071" VPOS="1875" WIDTH="26"/>
						<String ID="P89_ST00232" HPOS="2097" VPOS="1809" WIDTH="106" HEIGHT="46" CONTENT="voix" WC="1.00" CC="0000"/>
						<SP ID="P89_SP00216" HPOS="2203" VPOS="1875" WIDTH="26"/>
						<String ID="P89_ST00233" HPOS="2229" VPOS="1808" WIDTH="160" HEIGHT="61" CONTENT="solide," WC="1.00" CC="0000002"/>
						<SP ID="P89_SP00217" HPOS="2389" VPOS="1875" WIDTH="21"/>
						<String ID="P89_ST00234" HPOS="2410" VPOS="1826" WIDTH="47" HEIGHT="29" CONTENT="se" WC="1.00" CC="00"/>
						<SP ID="P89_SP00218" HPOS="2457" VPOS="1875" WIDTH="26"/>
						<String ID="P89_ST00235" HPOS="2483" VPOS="1811" WIDTH="97" HEIGHT="45" CONTENT="voit" WC="0.99" CC="0050"/>
						<SP ID="P89_SP00219" HPOS="2580" VPOS="1875" WIDTH="25"/>
						<String ID="P89_ST00236" HPOS="2605" VPOS="1809" WIDTH="189" HEIGHT="47" CONTENT="exclure" WC="1.00" CC="0000000"/>
					</TextLine>
					<TextLine ID="P89_TL00018" HPOS="249" VPOS="1882" WIDTH="1030" HEIGHT="62">
						<String ID="P89_ST00237" HPOS="249" VPOS="1882" WIDTH="66" HEIGHT="48" CONTENT="du" WC="1.00" CC="00"/>
						<SP ID="P89_SP00220" HPOS="315" VPOS="1930" WIDTH="25"/>
						<String ID="P89_ST00238" HPOS="340" VPOS="1882" WIDTH="243" HEIGHT="62" CONTENT="palmarès." WC="0.99" CC="002001704"/>
						<SP ID="P89_SP00221" HPOS="583" VPOS="1944" WIDTH="29"/>
						<String ID="P89_ST00239" HPOS="612" VPOS="1882" WIDTH="89" HEIGHT="49" CONTENT="On" WC="1.00" CC="00"/>
						<SP ID="P89_SP00222" HPOS="701" VPOS="1944" WIDTH="25"/>
						<String ID="P89_ST00240" HPOS="726" VPOS="1882" WIDTH="305" HEIGHT="48" CONTENT="s'étonnerait" WC="1.00" CC="007420300040"/>
						<SP ID="P89_SP00223" HPOS="1031" VPOS="1944" WIDTH="25"/>
						<String ID="P89_ST00241" HPOS="1056" VPOS="1882" WIDTH="27" HEIGHT="47" CONTENT="à" WC="0.17" CC="8"/>
						<SP ID="P89_SP00224" HPOS="1083" VPOS="1944" WIDTH="28"/>
						<String ID="P89_ST00242" HPOS="1111" VPOS="1883" WIDTH="168" HEIGHT="46" CONTENT="moins." WC="0.99" CC="100004"/>
					</TextLine>
					<TextLine ID="P89_TL00019" HPOS="393" VPOS="1949" WIDTH="2400" HEIGHT="62">
						<String ID="P89_ST00243" HPOS="393" VPOS="1953" WIDTH="70" HEIGHT="48" CONTENT="Le" WC="0.79" CC="40"/>
						<SP ID="P89_SP00225" HPOS="463" VPOS="2001" WIDTH="26"/>
						<String ID="P89_ST00244" HPOS="489" VPOS="1953" WIDTH="193" HEIGHT="48" CONTENT="résultat" WC="0.99" CC="06000102"/>
						<SP ID="P89_SP00226" HPOS="682" VPOS="2001" WIDTH="25"/>
						<String ID="P89_ST00245" HPOS="707" VPOS="1953" WIDTH="208" HEIGHT="47" CONTENT="habituel" WC="0.99" CC="50022005"/>
						<SP ID="P89_SP00227" HPOS="915" VPOS="2001" WIDTH="28"/>
						<String ID="P89_ST00246" HPOS="943" VPOS="1953" WIDTH="58" HEIGHT="47" CONTENT="de" WC="1.00" CC="00"/>
						<SP ID="P89_SP00228" HPOS="1001" VPOS="2001" WIDTH="25"/>
						<String ID="P89_ST00247" HPOS="1026" VPOS="1971" WIDTH="75" HEIGHT="29" CONTENT="ces" WC="1.00" CC="000"/>
						<SP ID="P89_SP00229" HPOS="1101" VPOS="2001" WIDTH="27"/>
						<String ID="P89_ST00248" HPOS="1128" VPOS="1953" WIDTH="355" HEIGHT="47" CONTENT="escarmouches" WC="1.00" CC="000000240000"/>
						<SP ID="P89_SP00230" HPOS="1483" VPOS="2001" WIDTH="26"/>
						<String ID="P89_ST00249" HPOS="1509" VPOS="1964" WIDTH="67" HEIGHT="35" CONTENT="est" WC="0.99" CC="002"/>
						<SP ID="P89_SP00231" HPOS="1576" VPOS="2001" WIDTH="27"/>
						<String ID="P89_ST00250" HPOS="1603" VPOS="1950" WIDTH="57" HEIGHT="49" CONTENT="de" WC="1.00" CC="00"/>
						<SP ID="P89_SP00232" HPOS="1660" VPOS="2001" WIDTH="24"/>
						<String ID="P89_ST00251" HPOS="1684" VPOS="1950" WIDTH="213" HEIGHT="49" CONTENT="soulever" WC="0.99" CC="21230004"/>
						<SP ID="P89_SP00233" HPOS="1897" VPOS="2001" WIDTH="27"/>
						<String ID="P89_ST00252" HPOS="1924" VPOS="1949" WIDTH="226" HEIGHT="62" CONTENT="l'opinion" WC="0.99" CC="603005010"/>
						<SP ID="P89_SP00234" HPOS="2150" VPOS="2011" WIDTH="28"/>
						<String ID="P89_ST00253" HPOS="2178" VPOS="1962" WIDTH="164" HEIGHT="34" CONTENT="contre" WC="1.00" CC="000020"/>
						<SP ID="P89_SP00235" HPOS="2342" VPOS="2011" WIDTH="38"/>
						<String ID="P89_ST00254" HPOS="2380" VPOS="1949" WIDTH="44" HEIGHT="47" CONTENT="la" WC="0.75" CC="40"/>
						<SP ID="P89_SP00236" HPOS="2424" VPOS="2011" WIDTH="37"/>
						<String ID="P89_ST00255" HPOS="2461" VPOS="1949" WIDTH="225" HEIGHT="62" CONTENT="publicité" WC="0.99" CC="000050658"/>
						<SP ID="P89_SP00237" HPOS="2686" VPOS="2011" WIDTH="28"/>
						<String ID="P89_ST00256" HPOS="2714" VPOS="1950" WIDTH="79" HEIGHT="47" CONTENT="des" WC="1.00" CC="000"/>
					</TextLine>
					<TextLine ID="P89_TL00020" HPOS="247" VPOS="2020" WIDTH="2543" HEIGHT="66">
						<String ID="P89_ST00257" HPOS="247" VPOS="2041" WIDTH="248" HEIGHT="31" CONTENT="concours." WC="1.00" CC="003002003"/>
						<SP ID="P89_SP00238" HPOS="495" VPOS="2072" WIDTH="28"/>
						<String ID="P89_ST00258" HPOS="523" VPOS="2024" WIDTH="72" HEIGHT="48" CONTENT="La" WC="1.00" CC="00"/>
						<SP ID="P89_SP00239" HPOS="595" VPOS="2072" WIDTH="26"/>
						<String ID="P89_ST00259" HPOS="621" VPOS="2025" WIDTH="198" HEIGHT="61" CONTENT="critique" WC="0.99" CC="00613000"/>
						<SP ID="P89_SP00240" HPOS="819" VPOS="2086" WIDTH="28"/>
						<String ID="P89_ST00260" HPOS="847" VPOS="2024" WIDTH="199" HEIGHT="47" CONTENT="réclame" WC="0.99" CC="2700080"/>
						<SP ID="P89_SP00241" HPOS="1046" VPOS="2086" WIDTH="28"/>
						<String ID="P89_ST00261" HPOS="1074" VPOS="2041" WIDTH="117" HEIGHT="44" CONTENT="pour" WC="1.00" CC="0000"/>
						<SP ID="P89_SP00242" HPOS="1191" VPOS="2086" WIDTH="27"/>
						<String ID="P89_ST00262" HPOS="1218" VPOS="2035" WIDTH="152" HEIGHT="35" CONTENT="toutes" WC="0.99" CC="120300"/>
						<SP ID="P89_SP00243" HPOS="1370" VPOS="2086" WIDTH="26"/>
						<String ID="P89_ST00263" HPOS="1396" VPOS="2022" WIDTH="64" HEIGHT="48" CONTENT="les" WC="0.97" CC="600"/>
						<SP ID="P89_SP00244" HPOS="1460" VPOS="2086" WIDTH="26"/>
						<String ID="P89_ST00264" HPOS="1486" VPOS="2022" WIDTH="222" HEIGHT="62" CONTENT="épreuves" WC="1.00" CC="70000000"/>
						<SP ID="P89_SP00245" HPOS="1708" VPOS="2086" WIDTH="39"/>
						<String ID="P89_ST00265" HPOS="1747" VPOS="2022" WIDTH="64" HEIGHT="47" CONTENT="du" WC="1.00" CC="00"/>
						<SP ID="P89_SP00246" HPOS="1811" VPOS="2086" WIDTH="46"/>
						<String ID="P89_ST00266" HPOS="1857" VPOS="2020" WIDTH="359" HEIGHT="50" CONTENT="Conservatoire" WC="1.00" CC="0300000000400"/>
						<SP ID="P89_SP00247" HPOS="2216" VPOS="2086" WIDTH="27"/>
						<String ID="P89_ST00267" HPOS="2243" VPOS="2020" WIDTH="43" HEIGHT="47" CONTENT="le" WC="0.53" CC="54"/>
						<SP ID="P89_SP00248" HPOS="2286" VPOS="2086" WIDTH="29"/>
						<String ID="P89_ST00268" HPOS="2315" VPOS="2022" WIDTH="321" HEIGHT="45" CONTENT="bienheureux" WC="1.00" CC="04000000030"/>
						<SP ID="P89_SP00249" HPOS="2636" VPOS="2086" WIDTH="28"/>
						<String ID="P89_ST00269" HPOS="2664" VPOS="2022" WIDTH="101" HEIGHT="45" CONTENT="huis" SUBS_TYPE="HypPart1" SUBS_CONTENT="huisclos" WC="0.99" CC="0200"/>
						<HYP HPOS="2765" VPOS="2022" WIDTH="25" CONTENT="-"/>
					</TextLine>
					<TextLine ID="P89_TL00021" HPOS="246" VPOS="2090" WIDTH="2545" HEIGHT="66">
						<String ID="P89_ST00270" HPOS="246" VPOS="2094" WIDTH="98" HEIGHT="48" CONTENT="clos" SUBS_TYPE="HypPart2" SUBS_CONTENT="huisclos" WC="0.98" CC="0440"/>
						<SP ID="P89_SP00250" HPOS="344" VPOS="2142" WIDTH="25"/>
						<String ID="P89_ST00271" HPOS="369" VPOS="2094" WIDTH="118" HEIGHT="48" CONTENT="dont" WC="0.99" CC="0004"/>
						<SP ID="P89_SP00251" HPOS="487" VPOS="2142" WIDTH="26"/>
						<String ID="P89_ST00272" HPOS="513" VPOS="2112" WIDTH="60" HEIGHT="30" CONTENT="ne" WC="0.78" CC="40"/>
						<SP ID="P89_SP00252" HPOS="573" VPOS="2142" WIDTH="25"/>
						<String ID="P89_ST00273" HPOS="598" VPOS="2108" WIDTH="108" HEIGHT="34" CONTENT="sont" WC="0.98" CC="4050"/>
						<SP ID="P89_SP00253" HPOS="706" VPOS="2142" WIDTH="25"/>
						<String ID="P89_ST00274" HPOS="731" VPOS="2093" WIDTH="247" HEIGHT="48" CONTENT="favorisées" WC="1.00" CC="0000020704"/>
						<SP ID="P89_SP00254" HPOS="978" VPOS="2142" WIDTH="25"/>
						<String ID="P89_ST00275" HPOS="1003" VPOS="2112" WIDTH="89" HEIGHT="44" CONTENT="que" WC="0.99" CC="010"/>
						<SP ID="P89_SP00255" HPOS="1092" VPOS="2156" WIDTH="42"/>
						<String ID="P89_ST00276" HPOS="1134" VPOS="2093" WIDTH="364" HEIGHT="63" CONTENT="quelques-unes" WC="1.00" CC="0302050020004"/>
						<SP ID="P89_SP00256" HPOS="1498" VPOS="2156" WIDTH="40"/>
						<String ID="P89_ST00277" HPOS="1538" VPOS="2091" WIDTH="180" HEIGHT="47" CONTENT="d'entre" WC="1.00" CC="0300300"/>
						<SP ID="P89_SP00257" HPOS="1718" VPOS="2156" WIDTH="46"/>
						<String ID="P89_ST00278" HPOS="1764" VPOS="2090" WIDTH="123" HEIGHT="48" CONTENT="elles." WC="0.99" CC="035004"/>
						<SP ID="P89_SP00258" HPOS="1887" VPOS="2156" WIDTH="41"/>
						<String ID="P89_ST00279" HPOS="1928" VPOS="2090" WIDTH="63" HEIGHT="48" CONTENT="Et" WC="0.69" CC="14"/>
						<SP ID="P89_SP00259" HPOS="1991" VPOS="2156" WIDTH="43"/>
						<String ID="P89_ST00280" HPOS="2034" VPOS="2090" WIDTH="231" HEIGHT="47" CONTENT="ce-disant" WC="0.99" CC="000000000"/>
						<SP ID="P89_SP00260" HPOS="2265" VPOS="2156" WIDTH="21"/>
						<String ID="P89_ST00281" HPOS="2286" VPOS="2090" WIDTH="47" HEIGHT="64" CONTENT="je" WC="0.82" CC="30"/>
						<SP ID="P89_SP00261" HPOS="2333" VPOS="2156" WIDTH="25"/>
						<String ID="P89_ST00282" HPOS="2358" VPOS="2108" WIDTH="122" HEIGHT="29" CONTENT="veux" WC="0.98" CC="8020"/>
						<SP ID="P89_SP00262" HPOS="2480" VPOS="2156" WIDTH="29"/>
						<String ID="P89_ST00283" HPOS="2509" VPOS="2091" WIDTH="107" HEIGHT="46" CONTENT="bien" WC="1.00" CC="0000"/>
						<SP ID="P89_SP00263" HPOS="2616" VPOS="2156" WIDTH="27"/>
						<String ID="P89_ST00284" HPOS="2643" VPOS="2093" WIDTH="148" HEIGHT="45" CONTENT="croire" WC="1.00" CC="000050"/>
					</TextLine>
					<TextLine ID="P89_TL00022" HPOS="247" VPOS="2160" WIDTH="2544" HEIGHT="70">
						<String ID="P89_ST00285" HPOS="247" VPOS="2183" WIDTH="91" HEIGHT="46" CONTENT="que" WC="0.99" CC="030"/>
						<SP ID="P89_SP00264" HPOS="338" VPOS="2229" WIDTH="26"/>
						<String ID="P89_ST00286" HPOS="364" VPOS="2165" WIDTH="65" HEIGHT="48" CONTENT="les" WC="0.98" CC="500"/>
						<SP ID="P89_SP00265" HPOS="429" VPOS="2229" WIDTH="20"/>
						<String ID="P89_ST00287" HPOS="449" VPOS="2165" WIDTH="299" HEIGHT="65" CONTENT="journalistes" WC="1.00" CC="000000600100"/>
						<SP ID="P89_SP00266" HPOS="748" VPOS="2230" WIDTH="25"/>
						<String ID="P89_ST00288" HPOS="773" VPOS="2165" WIDTH="231" HEIGHT="47" CONTENT="obéissent" WC="0.99" CC="056600006"/>
						<SP ID="P89_SP00267" HPOS="1004" VPOS="2230" WIDTH="27"/>
						<String ID="P89_ST00289" HPOS="1031" VPOS="2165" WIDTH="24" HEIGHT="47" CONTENT="à" WC="0.27" CC="7"/>
						<SP ID="P89_SP00268" HPOS="1055" VPOS="2230" WIDTH="27"/>
						<String ID="P89_ST00290" HPOS="1082" VPOS="2164" WIDTH="99" HEIGHT="47" CONTENT="leur" WC="1.00" CC="1000"/>
						<SP ID="P89_SP00269" HPOS="1181" VPOS="2230" WIDTH="25"/>
						<String ID="P89_ST00291" HPOS="1206" VPOS="2164" WIDTH="126" HEIGHT="47" CONTENT="seule" WC="1.00" CC="00000"/>
						<SP ID="P89_SP00270" HPOS="1332" VPOS="2230" WIDTH="27"/>
						<String ID="P89_ST00292" HPOS="1359" VPOS="2162" WIDTH="233" HEIGHT="47" CONTENT="tendresse" WC="1.00" CC="100000000"/>
						<SP ID="P89_SP00271" HPOS="1592" VPOS="2230" WIDTH="27"/>
						<String ID="P89_ST00293" HPOS="1619" VPOS="2179" WIDTH="117" HEIGHT="46" CONTENT="pour" WC="0.99" CC="0031"/>
						<SP ID="P89_SP00272" HPOS="1736" VPOS="2230" WIDTH="27"/>
						<String ID="P89_ST00294" HPOS="1763" VPOS="2161" WIDTH="104" HEIGHT="47" CONTENT="l'art" WC="1.00" CC="00003"/>
						<SP ID="P89_SP00273" HPOS="1867" VPOS="2230" WIDTH="25"/>
						<String ID="P89_ST00295" HPOS="1892" VPOS="2175" WIDTH="47" HEIGHT="33" CONTENT="et" WC="1.00" CC="00"/>
						<SP ID="P89_SP00274" HPOS="1939" VPOS="2230" WIDTH="29"/>
						<String ID="P89_ST00296" HPOS="1968" VPOS="2178" WIDTH="94" HEIGHT="29" CONTENT="non" WC="0.96" CC="730"/>
						<SP ID="P89_SP00275" HPOS="2062" VPOS="2230" WIDTH="27"/>
						<String ID="P89_ST00297" HPOS="2089" VPOS="2160" WIDTH="25" HEIGHT="48" CONTENT="à" WC="0.22" CC="7"/>
						<SP ID="P89_SP00276" HPOS="2114" VPOS="2230" WIDTH="27"/>
						<String ID="P89_ST00298" HPOS="2141" VPOS="2178" WIDTH="65" HEIGHT="29" CONTENT="un" WC="1.00" CC="00"/>
						<SP ID="P89_SP00277" HPOS="2206" VPOS="2230" WIDTH="30"/>
						<String ID="P89_ST00299" HPOS="2236" VPOS="2161" WIDTH="192" HEIGHT="47" CONTENT="instinct" WC="0.99" CC="50147000"/>
						<SP ID="P89_SP00278" HPOS="2428" VPOS="2230" WIDTH="38"/>
						<String ID="P89_ST00300" HPOS="2466" VPOS="2160" WIDTH="102" HEIGHT="63" CONTENT="plus" WC="0.99" CC="0600"/>
						<SP ID="P89_SP00279" HPOS="2568" VPOS="2230" WIDTH="26"/>
						<String ID="P89_ST00301" HPOS="2594" VPOS="2161" WIDTH="173" HEIGHT="47" CONTENT="directe" SUBS_TYPE="HypPart1" SUBS_CONTENT="directement" WC="1.00" CC="0000020"/>
						<HYP HPOS="2767" VPOS="2161" WIDTH="24" CONTENT="-"/>
					</TextLine>
					<TextLine ID="P89_TL00023" HPOS="251" VPOS="2231" WIDTH="2540" HEIGHT="67">
						<String ID="P89_ST00302" HPOS="251" VPOS="2249" WIDTH="135" HEIGHT="34" CONTENT="ment" SUBS_TYPE="HypPart2" SUBS_CONTENT="directement" WC="1.00" CC="0001"/>
						<SP ID="P89_SP00280" HPOS="386" VPOS="2283" WIDTH="25"/>
						<String ID="P89_ST00303" HPOS="411" VPOS="2237" WIDTH="198" HEIGHT="46" CONTENT="humain" WC="0.98" CC="043331"/>
						<SP ID="P89_SP00281" HPOS="609" VPOS="2283" WIDTH="27"/>
						<String ID="P89_ST00304" HPOS="636" VPOS="2237" WIDTH="78" HEIGHT="61" CONTENT="qui" WC="1.00" CC="000"/>
						<SP ID="P89_SP00282" HPOS="714" VPOS="2298" WIDTH="27"/>
						<String ID="P89_ST00305" HPOS="741" VPOS="2236" WIDTH="101" HEIGHT="47" CONTENT="leur" WC="1.00" CC="0001"/>
						<SP ID="P89_SP00283" HPOS="842" VPOS="2298" WIDTH="26"/>
						<String ID="P89_ST00306" HPOS="868" VPOS="2235" WIDTH="310" HEIGHT="48" CONTENT="conseillerait" WC="1.00" CC="0020215000011"/>
						<SP ID="P89_SP00284" HPOS="1178" VPOS="2298" WIDTH="46"/>
						<String ID="P89_ST00307" HPOS="1224" VPOS="2235" WIDTH="55" HEIGHT="46" CONTENT="de" WC="1.00" CC="00"/>
						<SP ID="P89_SP00285" HPOS="1279" VPOS="2298" WIDTH="40"/>
						<String ID="P89_ST00308" HPOS="1319" VPOS="2232" WIDTH="289" HEIGHT="50" CONTENT="s'affranchir" WC="1.00" CC="009000060000"/>
						<SP ID="P89_SP00286" HPOS="1608" VPOS="2298" WIDTH="44"/>
						<String ID="P89_ST00309" HPOS="1652" VPOS="2232" WIDTH="249" HEIGHT="47" CONTENT="désormais" WC="1.00" CC="060000060"/>
						<SP ID="P89_SP00287" HPOS="1901" VPOS="2298" WIDTH="38"/>
						<String ID="P89_ST00310" HPOS="1939" VPOS="2232" WIDTH="57" HEIGHT="47" CONTENT="de" WC="1.00" CC="00"/>
						<SP ID="P89_SP00288" HPOS="1996" VPOS="2298" WIDTH="38"/>
						<String ID="P89_ST00311" HPOS="2034" VPOS="2249" WIDTH="75" HEIGHT="29" CONTENT="ces" WC="1.00" CC="000"/>
						<SP ID="P89_SP00289" HPOS="2109" VPOS="2298" WIDTH="24"/>
						<String ID="P89_ST00312" HPOS="2133" VPOS="2232" WIDTH="300" HEIGHT="47" CONTENT="absorbantes" WC="1.00" CC="00000084000"/>
						<SP ID="P89_SP00290" HPOS="2433" VPOS="2298" WIDTH="26"/>
						<String ID="P89_ST00313" HPOS="2459" VPOS="2244" WIDTH="45" HEIGHT="34" CONTENT="et" WC="0.91" CC="01"/>
						<SP ID="P89_SP00291" HPOS="2504" VPOS="2298" WIDTH="27"/>
						<String ID="P89_ST00314" HPOS="2531" VPOS="2231" WIDTH="260" HEIGHT="62" CONTENT="épuisantes" WC="0.99" CC="7006000400"/>
					</TextLine>
					<TextLine ID="P89_TL00024" HPOS="250" VPOS="2306" WIDTH="309" HEIGHT="50">
						<String ID="P89_ST00315" HPOS="250" VPOS="2306" WIDTH="309" HEIGHT="50" CONTENT="cérémonies." WC="1.00" CC="07080000004"/>
					</TextLine>
					<TextLine ID="P89_TL00025" HPOS="392" VPOS="2371" WIDTH="2397" HEIGHT="71">
						<String ID="P89_ST00316" HPOS="392" VPOS="2378" WIDTH="60" HEIGHT="64" CONTENT="Je" WC="0.88" CC="20"/>
						<SP ID="P89_SP00292" HPOS="452" VPOS="2442" WIDTH="27"/>
						<String ID="P89_ST00317" HPOS="479" VPOS="2396" WIDTH="59" HEIGHT="28" CONTENT="ne" WC="1.00" CC="00"/>
						<SP ID="P89_SP00293" HPOS="538" VPOS="2442" WIDTH="28"/>
						<String ID="P89_ST00318" HPOS="566" VPOS="2390" WIDTH="188" HEIGHT="51" CONTENT="partage" WC="0.99" CC="0203900"/>
						<SP ID="P89_SP00294" HPOS="754" VPOS="2442" WIDTH="28"/>
						<String ID="P89_ST00319" HPOS="782" VPOS="2394" WIDTH="78" HEIGHT="45" CONTENT="pas" WC="1.00" CC="000"/>
						<SP ID="P89_SP00295" HPOS="860" VPOS="2442" WIDTH="25"/>
						<String ID="P89_ST00320" HPOS="885" VPOS="2394" WIDTH="53" HEIGHT="30" CONTENT="ce" WC="1.00" CC="00"/>
						<SP ID="P89_SP00296" HPOS="938" VPOS="2442" WIDTH="26"/>
						<String ID="P89_ST00321" HPOS="964" VPOS="2377" WIDTH="274" HEIGHT="47" CONTENT="sentiment." WC="0.99" CC="0025000054"/>
						<SP ID="P89_SP00297" HPOS="1238" VPOS="2442" WIDTH="43"/>
						<String ID="P89_ST00322" HPOS="1281" VPOS="2373" WIDTH="217" HEIGHT="50" CONTENT="L'utilité" WC="0.99" CC="002206057"/>
						<SP ID="P89_SP00298" HPOS="1498" VPOS="2442" WIDTH="45"/>
						<String ID="P89_ST00323" HPOS="1543" VPOS="2375" WIDTH="79" HEIGHT="47" CONTENT="des" WC="1.00" CC="000"/>
						<SP ID="P89_SP00299" HPOS="1622" VPOS="2442" WIDTH="39"/>
						<String ID="P89_ST00324" HPOS="1661" VPOS="2390" WIDTH="232" HEIGHT="30" CONTENT="concours" WC="1.00" CC="00000000"/>
						<SP ID="P89_SP00300" HPOS="1893" VPOS="2442" WIDTH="38"/>
						<String ID="P89_ST00325" HPOS="1931" VPOS="2371" WIDTH="181" HEIGHT="63" CONTENT="publics" WC="1.00" CC="0000000"/>
						<SP ID="P89_SP00301" HPOS="2112" VPOS="2442" WIDTH="25"/>
						<String ID="P89_ST00326" HPOS="2137" VPOS="2372" WIDTH="273" HEIGHT="62" CONTENT="m'apparait" WC="0.91" CC="0000090000"/>
						<SP ID="P89_SP00302" HPOS="2410" VPOS="2442" WIDTH="27"/>
						<String ID="P89_ST00327" HPOS="2437" VPOS="2372" WIDTH="352" HEIGHT="48" CONTENT="incontestable." WC="1.00" CC="04003200400304"/>
					</TextLine>
					<TextLine ID="P89_TL00026" HPOS="251" VPOS="2442" WIDTH="2542" HEIGHT="70">
						<String ID="P89_ST00328" HPOS="251" VPOS="2450" WIDTH="40" HEIGHT="46" CONTENT="Il" WC="0.59" CC="07"/>
						<SP ID="P89_SP00303" HPOS="291" VPOS="2496" WIDTH="28"/>
						<String ID="P89_ST00329" HPOS="319" VPOS="2460" WIDTH="68" HEIGHT="36" CONTENT="est" WC="1.00" CC="000"/>
						<SP ID="P89_SP00304" HPOS="387" VPOS="2496" WIDTH="27"/>
						<String ID="P89_ST00330" HPOS="414" VPOS="2450" WIDTH="93" HEIGHT="45" CONTENT="bon" WC="1.00" CC="000"/>
						<SP ID="P89_SP00305" HPOS="507" VPOS="2496" WIDTH="27"/>
						<String ID="P89_ST00331" HPOS="534" VPOS="2466" WIDTH="91" HEIGHT="46" CONTENT="que" WC="1.00" CC="000"/>
						<SP ID="P89_SP00306" HPOS="625" VPOS="2512" WIDTH="26"/>
						<String ID="P89_ST00332" HPOS="651" VPOS="2448" WIDTH="43" HEIGHT="47" CONTENT="le" WC="1.00" CC="00"/>
						<SP ID="P89_SP00307" HPOS="694" VPOS="2512" WIDTH="27"/>
						<String ID="P89_ST00333" HPOS="721" VPOS="2448" WIDTH="123" HEIGHT="47" CONTENT="bilan" WC="1.00" CC="00400"/>
						<SP ID="P89_SP00308" HPOS="844" VPOS="2512" WIDTH="27"/>
						<String ID="P89_ST00334" HPOS="871" VPOS="2447" WIDTH="174" HEIGHT="47" CONTENT="annuel" WC="0.99" CC="004004"/>
						<SP ID="P89_SP00309" HPOS="1045" VPOS="2512" WIDTH="29"/>
						<String ID="P89_ST00335" HPOS="1074" VPOS="2447" WIDTH="78" HEIGHT="47" CONTENT="des" WC="0.99" CC="002"/>
						<SP ID="P89_SP00310" HPOS="1152" VPOS="2512" WIDTH="25"/>
						<String ID="P89_ST00336" HPOS="1177" VPOS="2447" WIDTH="130" HEIGHT="62" CONTENT="gains" WC="1.00" CC="00000"/>
						<SP ID="P89_SP00311" HPOS="1307" VPOS="2512" WIDTH="25"/>
						<String ID="P89_ST00337" HPOS="1332" VPOS="2458" WIDTH="46" HEIGHT="35" CONTENT="et" WC="0.89" CC="02"/>
						<SP ID="P89_SP00312" HPOS="1378" VPOS="2512" WIDTH="26"/>
						<String ID="P89_ST00338" HPOS="1404" VPOS="2446" WIDTH="78" HEIGHT="45" CONTENT="des" WC="1.00" CC="000"/>
						<SP ID="P89_SP00313" HPOS="1482" VPOS="2512" WIDTH="27"/>
						<String ID="P89_ST00339" HPOS="1509" VPOS="2457" WIDTH="149" HEIGHT="50" CONTENT="pertes" WC="1.00" CC="000600"/>
						<SP ID="P89_SP00314" HPOS="1658" VPOS="2512" WIDTH="26"/>
						<String ID="P89_ST00340" HPOS="1684" VPOS="2444" WIDTH="54" HEIGHT="47" CONTENT="de" WC="1.00" CC="00"/>
						<SP ID="P89_SP00315" HPOS="1738" VPOS="2512" WIDTH="22"/>
						<String ID="P89_ST00341" HPOS="1760" VPOS="2446" WIDTH="180" HEIGHT="61" CONTENT="chaque" WC="1.00" CC="000000"/>
						<SP ID="P89_SP00316" HPOS="1940" VPOS="2512" WIDTH="26"/>
						<String ID="P89_ST00342" HPOS="1966" VPOS="2442" WIDTH="272" HEIGHT="65" CONTENT="génération" WC="0.99" CC="0707002604"/>
						<SP ID="P89_SP00317" HPOS="2238" VPOS="2512" WIDTH="25"/>
						<String ID="P89_ST00343" HPOS="2263" VPOS="2444" WIDTH="89" HEIGHT="45" CONTENT="soit" WC="0.99" CC="0050"/>
						<SP ID="P89_SP00318" HPOS="2352" VPOS="2512" WIDTH="25"/>
						<String ID="P89_ST00344" HPOS="2377" VPOS="2442" WIDTH="150" HEIGHT="48" CONTENT="dressé" WC="0.99" CC="000025"/>
						<SP ID="P89_SP00319" HPOS="2527" VPOS="2512" WIDTH="25"/>
						<String ID="P89_ST00345" HPOS="2552" VPOS="2460" WIDTH="59" HEIGHT="29" CONTENT="en" WC="0.74" CC="05"/>
						<SP ID="P89_SP00320" HPOS="2611" VPOS="2512" WIDTH="28"/>
						<String ID="P89_ST00346" HPOS="2639" VPOS="2442" WIDTH="154" HEIGHT="62" CONTENT="pleine" WC="1.00" CC="050000"/>
					</TextLine>
					<TextLine ID="P89_TL00027" HPOS="251" VPOS="2513" WIDTH="2542" HEIGHT="69">
						<String ID="P89_ST00347" HPOS="251" VPOS="2521" WIDTH="197" HEIGHT="48" CONTENT="lumière" WC="0.99" CC="2400700"/>
						<SP ID="P89_SP00321" HPOS="448" VPOS="2569" WIDTH="28"/>
						<String ID="P89_ST00348" HPOS="476" VPOS="2543" WIDTH="13" HEIGHT="37" CONTENT=";" WC="0.29" CC="7"/>
						<SP ID="P89_SP00322" HPOS="489" VPOS="2580" WIDTH="29"/>
						<String ID="P89_ST00349" HPOS="518" VPOS="2521" WIDTH="30" HEIGHT="45" CONTENT="il" WC="0.63" CC="15"/>
						<SP ID="P89_SP00323" HPOS="548" VPOS="2580" WIDTH="27"/>
						<String ID="P89_ST00350" HPOS="575" VPOS="2532" WIDTH="69" HEIGHT="37" CONTENT="est" WC="0.98" CC="040"/>
						<SP ID="P89_SP00324" HPOS="644" VPOS="2580" WIDTH="26"/>
						<String ID="P89_ST00351" HPOS="670" VPOS="2521" WIDTH="93" HEIGHT="45" CONTENT="bon" WC="0.98" CC="004"/>
						<SP ID="P89_SP00325" HPOS="763" VPOS="2580" WIDTH="28"/>
						<String ID="P89_ST00352" HPOS="791" VPOS="2537" WIDTH="89" HEIGHT="45" CONTENT="que" WC="1.00" CC="000"/>
						<SP ID="P89_SP00326" HPOS="880" VPOS="2582" WIDTH="27"/>
						<String ID="P89_ST00353" HPOS="907" VPOS="2519" WIDTH="80" HEIGHT="46" CONTENT="des" WC="1.00" CC="000"/>
						<SP ID="P89_SP00327" HPOS="987" VPOS="2582" WIDTH="25"/>
						<String ID="P89_ST00354" HPOS="1012" VPOS="2519" WIDTH="345" HEIGHT="61" CONTENT="comparaisons" WC="1.00" CC="010000000000"/>
						<SP ID="P89_SP00328" HPOS="1357" VPOS="2582" WIDTH="23"/>
						<String ID="P89_ST00355" HPOS="1380" VPOS="2516" WIDTH="308" HEIGHT="48" CONTENT="s'établissent" WC="1.00" CC="0072004000000"/>
						<SP ID="P89_SP00329" HPOS="1688" VPOS="2582" WIDTH="26"/>
						<String ID="P89_ST00356" HPOS="1714" VPOS="2514" WIDTH="143" HEIGHT="47" CONTENT="d'une" WC="0.99" CC="00060"/>
						<SP ID="P89_SP00330" HPOS="1857" VPOS="2582" WIDTH="26"/>
						<String ID="P89_ST00357" HPOS="1883" VPOS="2516" WIDTH="150" HEIGHT="45" CONTENT="saison" WC="1.00" CC="000200"/>
						<SP ID="P89_SP00331" HPOS="2033" VPOS="2582" WIDTH="27"/>
						<String ID="P89_ST00358" HPOS="2060" VPOS="2513" WIDTH="25" HEIGHT="48" CONTENT="à" WC="0.30" CC="6"/>
						<SP ID="P89_SP00332" HPOS="2085" VPOS="2582" WIDTH="27"/>
						<String ID="P89_ST00359" HPOS="2112" VPOS="2513" WIDTH="165" HEIGHT="48" CONTENT="l'autre" WC="1.00" CC="0000000"/>
						<SP ID="P89_SP00333" HPOS="2277" VPOS="2582" WIDTH="27"/>
						<String ID="P89_ST00360" HPOS="2304" VPOS="2536" WIDTH="12" HEIGHT="37" CONTENT=";" WC="0.30" CC="6"/>
						<SP ID="P89_SP00334" HPOS="2316" VPOS="2582" WIDTH="29"/>
						<String ID="P89_ST00361" HPOS="2345" VPOS="2513" WIDTH="31" HEIGHT="47" CONTENT="il" WC="0.85" CC="02"/>
						<SP ID="P89_SP00335" HPOS="2376" VPOS="2582" WIDTH="20"/>
						<String ID="P89_ST00362" HPOS="2396" VPOS="2526" WIDTH="69" HEIGHT="34" CONTENT="est" WC="0.98" CC="005"/>
						<SP ID="P89_SP00336" HPOS="2465" VPOS="2582" WIDTH="28"/>
						<String ID="P89_ST00363" HPOS="2493" VPOS="2514" WIDTH="91" HEIGHT="46" CONTENT="bon" WC="1.00" CC="000"/>
						<SP ID="P89_SP00337" HPOS="2584" VPOS="2582" WIDTH="28"/>
						<String ID="P89_ST00364" HPOS="2612" VPOS="2531" WIDTH="89" HEIGHT="44" CONTENT="que" WC="1.00" CC="000"/>
						<SP ID="P89_SP00338" HPOS="2701" VPOS="2582" WIDTH="27"/>
						<String ID="P89_ST00365" HPOS="2728" VPOS="2513" WIDTH="65" HEIGHT="48" CONTENT="les" WC="0.99" CC="000"/>
					</TextLine>
					<TextLine ID="P89_TL00028" HPOS="251" VPOS="2583" WIDTH="2543" HEIGHT="66">
						<String ID="P89_ST00366" HPOS="251" VPOS="2603" WIDTH="188" HEIGHT="36" CONTENT="cartons" WC="0.99" CC="0004060"/>
						<SP ID="P89_SP00339" HPOS="439" VPOS="2639" WIDTH="27"/>
						<String ID="P89_ST00367" HPOS="466" VPOS="2603" WIDTH="121" HEIGHT="36" CONTENT="verts" WC="1.00" CC="00020"/>
						<SP ID="P89_SP00340" HPOS="587" VPOS="2639" WIDTH="26"/>
						<String ID="P89_ST00368" HPOS="613" VPOS="2592" WIDTH="56" HEIGHT="45" CONTENT="de" WC="1.00" CC="00"/>
						<SP ID="P89_SP00341" HPOS="669" VPOS="2639" WIDTH="29"/>
						<String ID="P89_ST00369" HPOS="698" VPOS="2589" WIDTH="436" HEIGHT="48" CONTENT="l'Administration" WC="1.00" CC="6000001045060620"/>
						<SP ID="P89_SP00342" HPOS="1134" VPOS="2639" WIDTH="28"/>
						<String ID="P89_ST00370" HPOS="1162" VPOS="2606" WIDTH="60" HEIGHT="28" CONTENT="ne" WC="1.00" CC="00"/>
						<SP ID="P89_SP00343" HPOS="1222" VPOS="2639" WIDTH="25"/>
						<String ID="P89_ST00371" HPOS="1247" VPOS="2588" WIDTH="151" HEIGHT="47" CONTENT="soient" WC="1.00" CC="000004"/>
						<SP ID="P89_SP00344" HPOS="1398" VPOS="2639" WIDTH="27"/>
						<String ID="P89_ST00372" HPOS="1425" VPOS="2603" WIDTH="78" HEIGHT="46" CONTENT="pas" WC="1.00" CC="000"/>
						<SP ID="P89_SP00345" HPOS="1503" VPOS="2649" WIDTH="26"/>
						<String ID="P89_ST00373" HPOS="1529" VPOS="2585" WIDTH="63" HEIGHT="47" CONTENT="les" WC="1.00" CC="000"/>
						<SP ID="P89_SP00346" HPOS="1592" VPOS="2649" WIDTH="24"/>
						<String ID="P89_ST00374" HPOS="1616" VPOS="2585" WIDTH="121" HEIGHT="47" CONTENT="seuls" WC="0.99" CC="00310"/>
						<SP ID="P89_SP00347" HPOS="1737" VPOS="2649" WIDTH="41"/>
						<String ID="P89_ST00375" HPOS="1778" VPOS="2583" WIDTH="263" HEIGHT="49" CONTENT="confidents" WC="1.00" CC="0000000100"/>
						<SP ID="P89_SP00348" HPOS="2041" VPOS="2649" WIDTH="40"/>
						<String ID="P89_ST00376" HPOS="2081" VPOS="2584" WIDTH="64" HEIGHT="47" CONTENT="du" WC="1.00" CC="00"/>
						<SP ID="P89_SP00349" HPOS="2145" VPOS="2649" WIDTH="34"/>
						<String ID="P89_ST00377" HPOS="2179" VPOS="2585" WIDTH="111" HEIGHT="64" CONTENT="jury" WC="1.00" CC="0000"/>
						<SP ID="P89_SP00350" HPOS="2290" VPOS="2649" WIDTH="38"/>
						<String ID="P89_ST00378" HPOS="2328" VPOS="2596" WIDTH="47" HEIGHT="35" CONTENT="et" WC="0.88" CC="02"/>
						<SP ID="P89_SP00351" HPOS="2375" VPOS="2649" WIDTH="26"/>
						<String ID="P89_ST00379" HPOS="2401" VPOS="2601" WIDTH="91" HEIGHT="45" CONTENT="que" WC="1.00" CC="000"/>
						<SP ID="P89_SP00352" HPOS="2492" VPOS="2649" WIDTH="27"/>
						<String ID="P89_ST00380" HPOS="2519" VPOS="2583" WIDTH="172" HEIGHT="47" CONTENT="l'effort" WC="1.00" CC="20000040"/>
						<SP ID="P89_SP00353" HPOS="2691" VPOS="2649" WIDTH="25"/>
						<String ID="P89_ST00381" HPOS="2716" VPOS="2584" WIDTH="78" HEIGHT="47" CONTENT="des" WC="1.00" CC="000"/>
					</TextLine>
					<TextLine ID="P89_TL00029" HPOS="246" VPOS="2653" WIDTH="2548" HEIGHT="73">
						<String ID="P89_ST00382" HPOS="246" VPOS="2663" WIDTH="169" HEIGHT="63" CONTENT="jeunes" WC="1.00" CC="000000"/>
						<SP ID="P89_SP00354" HPOS="415" VPOS="2726" WIDTH="43"/>
						<String ID="P89_ST00383" HPOS="458" VPOS="2664" WIDTH="181" HEIGHT="46" CONTENT="artistes" WC="1.00" CC="00500400"/>
						<SP ID="P89_SP00355" HPOS="639" VPOS="2726" WIDTH="38"/>
						<String ID="P89_ST00384" HPOS="677" VPOS="2662" WIDTH="57" HEIGHT="47" CONTENT="de" WC="1.00" CC="00"/>
						<SP ID="P89_SP00356" HPOS="734" VPOS="2726" WIDTH="37"/>
						<String ID="P89_ST00385" HPOS="771" VPOS="2660" WIDTH="43" HEIGHT="47" CONTENT="la" WC="0.98" CC="00"/>
						<SP ID="P89_SP00357" HPOS="814" VPOS="2726" WIDTH="46"/>
						<String ID="P89_ST00386" HPOS="860" VPOS="2677" WIDTH="81" HEIGHT="29" CONTENT="rue" WC="1.00" CC="000"/>
						<SP ID="P89_SP00358" HPOS="941" VPOS="2726" WIDTH="44"/>
						<String ID="P89_ST00387" HPOS="985" VPOS="2660" WIDTH="57" HEIGHT="46" CONTENT="de" WC="1.00" CC="00"/>
						<SP ID="P89_SP00359" HPOS="1042" VPOS="2726" WIDTH="42"/>
						<String ID="P89_ST00388" HPOS="1084" VPOS="2658" WIDTH="192" HEIGHT="48" CONTENT="Madrid" WC="0.99" CC="206000"/>
						<SP ID="P89_SP00360" HPOS="1276" VPOS="2726" WIDTH="47"/>
						<String ID="P89_ST00389" HPOS="1323" VPOS="2657" WIDTH="183" HEIGHT="62" CONTENT="dépasse" WC="1.00" CC="0800000"/>
						<SP ID="P89_SP00361" HPOS="1506" VPOS="2726" WIDTH="47"/>
						<String ID="P89_ST00390" HPOS="1553" VPOS="2659" WIDTH="30" HEIGHT="24" CONTENT='"' WC="1.00" CC="0"/>
						<SP ID="P89_SP00362" HPOS="1583" VPOS="2726" WIDTH="18"/>
						<String ID="P89_ST00391" HPOS="1601" VPOS="2657" WIDTH="64" HEIGHT="47" CONTENT="les" WC="1.00" CC="000"/>
						<SP ID="P89_SP00363" HPOS="1665" VPOS="2726" WIDTH="39"/>
						<String ID="P89_ST00392" HPOS="1704" VPOS="2657" WIDTH="206" HEIGHT="45" CONTENT="bureaux" WC="1.00" CC="5000000"/>
						<SP ID="P89_SP00364" HPOS="1910" VPOS="2726" WIDTH="117"/>
						<String ID="P89_ST00393" HPOS="2027" VPOS="2654" WIDTH="113" HEIGHT="48" CONTENT="Sans" WC="0.99" CC="0030"/>
						<SP ID="P89_SP00365" HPOS="2140" VPOS="2726" WIDTH="38"/>
						<String ID="P89_ST00394" HPOS="2178" VPOS="2654" WIDTH="63" HEIGHT="48" CONTENT="les" WC="1.00" CC="000"/>
						<SP ID="P89_SP00366" HPOS="2241" VPOS="2726" WIDTH="37"/>
						<String ID="P89_ST00395" HPOS="2278" VPOS="2672" WIDTH="231" HEIGHT="30" CONTENT="concours" WC="1.00" CC="00000210"/>
						<SP ID="P89_SP00367" HPOS="2509" VPOS="2726" WIDTH="37"/>
						<String ID="P89_ST00396" HPOS="2546" VPOS="2654" WIDTH="180" HEIGHT="62" CONTENT="publics" WC="1.00" CC="0003000"/>
						<SP ID="P89_SP00368" HPOS="2726" VPOS="2726" WIDTH="37"/>
						<String ID="P89_ST00397" HPOS="2763" VPOS="2653" WIDTH="31" HEIGHT="48" CONTENT="il" WC="0.68" CC="60"/>
					</TextLine>
					<TextLine ID="P89_TL00030" HPOS="254" VPOS="2726" WIDTH="2541" HEIGHT="70">
						<String ID="P89_ST00398" HPOS="254" VPOS="2733" WIDTH="292" HEIGHT="48" CONTENT="n'éclaterait" WC="1.00" CC="017050300002"/>
						<SP ID="P89_SP00369" HPOS="546" VPOS="2781" WIDTH="25"/>
						<String ID="P89_ST00399" HPOS="571" VPOS="2750" WIDTH="79" HEIGHT="45" CONTENT="pas" WC="0.99" CC="001"/>
						<SP ID="P89_SP00370" HPOS="650" VPOS="2795" WIDTH="24"/>
						<String ID="P89_ST00400" HPOS="674" VPOS="2733" WIDTH="27" HEIGHT="47" CONTENT="à" WC="0.26" CC="7"/>
						<SP ID="P89_SP00371" HPOS="701" VPOS="2795" WIDTH="26"/>
						<String ID="P89_ST00401" HPOS="727" VPOS="2745" WIDTH="106" HEIGHT="35" CONTENT="tous" WC="1.00" CC="0020"/>
						<SP ID="P89_SP00372" HPOS="833" VPOS="2795" WIDTH="25"/>
						<String ID="P89_ST00402" HPOS="858" VPOS="2731" WIDTH="64" HEIGHT="47" CONTENT="les" WC="1.00" CC="000"/>
						<SP ID="P89_SP00373" HPOS="922" VPOS="2795" WIDTH="26"/>
						<String ID="P89_ST00403" HPOS="948" VPOS="2748" WIDTH="125" HEIGHT="48" CONTENT="yeux" WC="1.00" CC="0020"/>
						<SP ID="P89_SP00374" HPOS="1073" VPOS="2796" WIDTH="27"/>
						<String ID="P89_ST00404" HPOS="1100" VPOS="2743" WIDTH="45" HEIGHT="33" CONTENT="et" WC="0.64" CC="07"/>
						<SP ID="P89_SP00375" HPOS="1145" VPOS="2796" WIDTH="27"/>
						<String ID="P89_ST00405" HPOS="1172" VPOS="2742" WIDTH="183" HEIGHT="35" CONTENT="surtout" WC="1.00" CC="0100000"/>
						<SP ID="P89_SP00376" HPOS="1355" VPOS="2796" WIDTH="25"/>
						<String ID="P89_ST00406" HPOS="1380" VPOS="2729" WIDTH="27" HEIGHT="47" CONTENT="à" WC="0.44" CC="5"/>
						<SP ID="P89_SP00377" HPOS="1407" VPOS="2796" WIDTH="25"/>
						<String ID="P89_ST00407" HPOS="1432" VPOS="2740" WIDTH="153" HEIGHT="35" CONTENT="toutes" WC="0.99" CC="610100"/>
						<SP ID="P89_SP00378" HPOS="1585" VPOS="2796" WIDTH="26"/>
						<String ID="P89_ST00408" HPOS="1611" VPOS="2726" WIDTH="63" HEIGHT="49" CONTENT="les" WC="0.98" CC="400"/>
						<SP ID="P89_SP00379" HPOS="1674" VPOS="2796" WIDTH="26"/>
						<String ID="P89_ST00409" HPOS="1700" VPOS="2726" WIDTH="181" HEIGHT="49" CONTENT="oreilles" WC="1.00" CC="00022400"/>
						<SP ID="P89_SP00380" HPOS="1881" VPOS="2796" WIDTH="25"/>
						<String ID="P89_ST00410" HPOS="1906" VPOS="2744" WIDTH="89" HEIGHT="46" CONTENT="que" WC="0.99" CC="030"/>
						<SP ID="P89_SP00381" HPOS="1995" VPOS="2796" WIDTH="29"/>
						<String ID="P89_ST00411" HPOS="2024" VPOS="2738" WIDTH="134" HEIGHT="34" CONTENT="notre" WC="0.99" CC="00500"/>
						<SP ID="P89_SP00382" HPOS="2158" VPOS="2796" WIDTH="26"/>
						<String ID="P89_ST00412" HPOS="2184" VPOS="2728" WIDTH="357" HEIGHT="62" CONTENT="enseignement" WC="1.00" CC="020000400000"/>
						<SP ID="P89_SP00383" HPOS="2541" VPOS="2796" WIDTH="20"/>
						<String ID="P89_ST00413" HPOS="2561" VPOS="2726" WIDTH="65" HEIGHT="46" CONTENT="du" WC="0.98" CC="00"/>
						<SP ID="P89_SP00384" HPOS="2626" VPOS="2796" WIDTH="24"/>
						<String ID="P89_ST00414" HPOS="2650" VPOS="2726" WIDTH="145" HEIGHT="46" CONTENT="chant" WC="0.99" CC="00006"/>
					</TextLine>
					<TextLine ID="P89_TL00031" HPOS="251" VPOS="2795" WIDTH="2544" HEIGHT="71">
						<String ID="P89_ST00415" HPOS="251" VPOS="2815" WIDTH="69" HEIGHT="36" CONTENT="est" WC="0.99" CC="003"/>
						<SP ID="P89_SP00385" HPOS="320" VPOS="2851" WIDTH="43"/>
						<String ID="P89_ST00416" HPOS="363" VPOS="2822" WIDTH="60" HEIGHT="29" CONTENT="en" WC="1.00" CC="00"/>
						<SP ID="P89_SP00386" HPOS="423" VPOS="2851" WIDTH="45"/>
						<String ID="P89_ST00417" HPOS="468" VPOS="2803" WIDTH="155" HEIGHT="63" CONTENT="pleine" WC="1.00" CC="010000"/>
						<SP ID="P89_SP00387" HPOS="623" VPOS="2866" WIDTH="41"/>
						<String ID="P89_ST00418" HPOS="664" VPOS="2803" WIDTH="279" HEIGHT="58" CONTENT="décadence," WC="0.99" CC="0809001003"/>
						<SP ID="P89_SP00388" HPOS="943" VPOS="2866" WIDTH="37"/>
						<String ID="P89_ST00419" HPOS="980" VPOS="2818" WIDTH="93" HEIGHT="46" CONTENT="que" WC="1.00" CC="000"/>
						<SP ID="P89_SP00389" HPOS="1073" VPOS="2866" WIDTH="38"/>
						<String ID="P89_ST00420" HPOS="1111" VPOS="2817" WIDTH="84" HEIGHT="30" CONTENT="nos" WC="1.00" CC="000"/>
						<SP ID="P89_SP00390" HPOS="1195" VPOS="2866" WIDTH="37"/>
						<String ID="P89_ST00421" HPOS="1232" VPOS="2799" WIDTH="162" HEIGHT="47" CONTENT="classes" WC="1.00" CC="0200000"/>
						<SP ID="P89_SP00391" HPOS="1394" VPOS="2866" WIDTH="37"/>
						<String ID="P89_ST00422" HPOS="1431" VPOS="2797" WIDTH="433" HEIGHT="63" CONTENT="d'opéra-comique" WC="1.00" CC="021060030000030"/>
						<SP ID="P89_SP00392" HPOS="1864" VPOS="2866" WIDTH="40"/>
						<String ID="P89_ST00423" HPOS="1904" VPOS="2809" WIDTH="47" HEIGHT="34" CONTENT="et" WC="1.00" CC="00"/>
						<SP ID="P89_SP00393" HPOS="1951" VPOS="2866" WIDTH="30"/>
						<String ID="P89_ST00424" HPOS="1981" VPOS="2795" WIDTH="188" HEIGHT="63" CONTENT="d'opéra" WC="0.99" CC="0000704"/>
						<SP ID="P89_SP00394" HPOS="2169" VPOS="2866" WIDTH="37"/>
						<String ID="P89_ST00425" HPOS="2206" VPOS="2797" WIDTH="244" HEIGHT="63" CONTENT="agonisent" WC="1.00" CC="000500020"/>
						<SP ID="P89_SP00395" HPOS="2450" VPOS="2866" WIDTH="38"/>
						<String ID="P89_ST00426" HPOS="2488" VPOS="2808" WIDTH="45" HEIGHT="34" CONTENT="et" WC="0.68" CC="06"/>
						<SP ID="P89_SP00396" HPOS="2533" VPOS="2866" WIDTH="37"/>
						<String ID="P89_ST00427" HPOS="2570" VPOS="2813" WIDTH="106" HEIGHT="44" CONTENT="que," WC="0.99" CC="0103"/>
						<SP ID="P89_SP00397" HPOS="2676" VPOS="2866" WIDTH="39"/>
						<String ID="P89_ST00428" HPOS="2715" VPOS="2813" WIDTH="80" HEIGHT="44" CONTENT="par" WC="0.98" CC="040"/>
					</TextLine>
					<TextLine ID="P89_TL00032" HPOS="251" VPOS="2866" WIDTH="2542" HEIGHT="70">
						<String ID="P89_ST00429" HPOS="251" VPOS="2888" WIDTH="183" HEIGHT="48" CONTENT="contre," WC="0.99" CC="0043103"/>
						<SP ID="P89_SP00398" HPOS="434" VPOS="2936" WIDTH="19"/>
						<String ID="P89_ST00430" HPOS="453" VPOS="2891" WIDTH="85" HEIGHT="31" CONTENT="nos" WC="1.00" CC="000"/>
						<SP ID="P89_SP00399" HPOS="538" VPOS="2936" WIDTH="21"/>
						<String ID="P89_ST00431" HPOS="559" VPOS="2874" WIDTH="252" HEIGHT="62" CONTENT="phalanges" WC="1.00" CC="000000000"/>
						<SP ID="P89_SP00400" HPOS="811" VPOS="2936" WIDTH="19"/>
						<String ID="P89_ST00432" HPOS="830" VPOS="2871" WIDTH="447" HEIGHT="48" CONTENT="d'instrumentistes" WC="1.00" CC="00060600005460100"/>
						<SP ID="P89_SP00401" HPOS="1277" VPOS="2936" WIDTH="16"/>
						<String ID="P89_ST00433" HPOS="1293" VPOS="2869" WIDTH="138" HEIGHT="48" CONTENT="n'ont" WC="0.98" CC="50034"/>
						<SP ID="P89_SP00402" HPOS="1431" VPOS="2936" WIDTH="14"/>
						<String ID="P89_ST00434" HPOS="1445" VPOS="2869" WIDTH="166" HEIGHT="66" CONTENT="jamais" WC="1.00" CC="100000"/>
						<SP ID="P89_SP00403" HPOS="1611" VPOS="2936" WIDTH="21"/>
						<String ID="P89_ST00435" HPOS="1632" VPOS="2867" WIDTH="73" HEIGHT="47" CONTENT="été" WC="0.94" CC="537"/>
						<SP ID="P89_SP00404" HPOS="1705" VPOS="2936" WIDTH="18"/>
						<String ID="P89_ST00436" HPOS="1723" VPOS="2867" WIDTH="102" HEIGHT="63" CONTENT="plus" WC="0.99" CC="0500"/>
						<SP ID="P89_SP00405" HPOS="1825" VPOS="2936" WIDTH="19"/>
						<String ID="P89_ST00437" HPOS="1844" VPOS="2867" WIDTH="251" HEIGHT="47" CONTENT="brillantes." WC="1.00" CC="00000905004"/>
						<SP ID="P89_SP00406" HPOS="2095" VPOS="2936" WIDTH="21"/>
						<String ID="P89_ST00438" HPOS="2116" VPOS="2866" WIDTH="113" HEIGHT="50" CONTENT="Sans" WC="1.00" CC="0000"/>
						<SP ID="P89_SP00407" HPOS="2229" VPOS="2936" WIDTH="20"/>
						<String ID="P89_ST00439" HPOS="2249" VPOS="2866" WIDTH="43" HEIGHT="48" CONTENT="la" WC="0.90" CC="10"/>
						<SP ID="P89_SP00408" HPOS="2292" VPOS="2936" WIDTH="19"/>
						<String ID="P89_ST00440" HPOS="2311" VPOS="2866" WIDTH="219" HEIGHT="64" CONTENT="présence" WC="1.00" CC="00500400"/>
						<SP ID="P89_SP00409" HPOS="2530" VPOS="2936" WIDTH="21"/>
						<String ID="P89_ST00441" HPOS="2551" VPOS="2866" WIDTH="62" HEIGHT="46" CONTENT="du" WC="1.00" CC="00"/>
						<SP ID="P89_SP00410" HPOS="2613" VPOS="2936" WIDTH="22"/>
						<String ID="P89_ST00442" HPOS="2635" VPOS="2866" WIDTH="158" HEIGHT="62" CONTENT="public" WC="1.00" CC="000000"/>
					</TextLine>
					<TextLine ID="P89_TL00033" HPOS="251" VPOS="2936" WIDTH="2543" HEIGHT="72">
						<String ID="P89_ST00443" HPOS="251" VPOS="2964" WIDTH="64" HEIGHT="29" CONTENT="on" WC="0.52" CC="26"/>
						<SP ID="P89_SP00411" HPOS="315" VPOS="2993" WIDTH="28"/>
						<String ID="P89_ST00444" HPOS="343" VPOS="2945" WIDTH="364" HEIGHT="48" CONTENT="méconnaîtrait" WC="1.00" CC="0700000260000"/>
						<SP ID="P89_SP00412" HPOS="707" VPOS="2993" WIDTH="27"/>
						<String ID="P89_ST00445" HPOS="734" VPOS="2945" WIDTH="306" HEIGHT="63" CONTENT="injustement" WC="1.00" CC="00000300002"/>
						<SP ID="P89_SP00413" HPOS="1040" VPOS="3008" WIDTH="27"/>
						<String ID="P89_ST00446" HPOS="1067" VPOS="2942" WIDTH="119" HEIGHT="47" CONTENT="chez" WC="1.00" CC="0000"/>
						<SP ID="P89_SP00414" HPOS="1186" VPOS="3008" WIDTH="23"/>
						<String ID="P89_ST00447" HPOS="1209" VPOS="2941" WIDTH="203" HEIGHT="47" CONTENT="certains" WC="0.99" CC="53050300"/>
						<SP ID="P89_SP00415" HPOS="1412" VPOS="3008" WIDTH="25"/>
						<String ID="P89_ST00448" HPOS="1437" VPOS="2940" WIDTH="240" HEIGHT="45" CONTENT="candidats" WC="1.00" CC="000004000"/>
						<SP ID="P89_SP00416" HPOS="1677" VPOS="3008" WIDTH="26"/>
						<String ID="P89_ST00449" HPOS="1703" VPOS="2950" WIDTH="123" HEIGHT="35" CONTENT="cette" WC="0.99" CC="30500"/>
						<SP ID="P89_SP00417" HPOS="1826" VPOS="3008" WIDTH="28"/>
						<String ID="P89_ST00450" HPOS="1854" VPOS="2937" WIDTH="190" HEIGHT="64" CONTENT="étrange" WC="0.99" CC="7300500"/>
						<SP ID="P89_SP00418" HPOS="2044" VPOS="3008" WIDTH="28"/>
						<String ID="P89_ST00451" HPOS="2072" VPOS="2938" WIDTH="240" HEIGHT="61" CONTENT="puissance" WC="0.99" CC="005009600"/>
						<SP ID="P89_SP00419" HPOS="2312" VPOS="3008" WIDTH="39"/>
						<String ID="P89_ST00452" HPOS="2351" VPOS="2936" WIDTH="301" HEIGHT="65" CONTENT="magnétique" WC="1.00" CC="0000752000"/>
						<SP ID="P89_SP00420" HPOS="2652" VPOS="3008" WIDTH="26"/>
						<String ID="P89_ST00453" HPOS="2678" VPOS="2937" WIDTH="116" HEIGHT="47" CONTENT="dont" WC="1.00" CC="0000"/>
					</TextLine>
					<TextLine ID="P89_TL00034" HPOS="251" VPOS="3008" WIDTH="2543" HEIGHT="69">
						<String ID="P89_ST00454" HPOS="251" VPOS="3016" WIDTH="65" HEIGHT="47" CONTENT="les" WC="1.00" CC="000"/>
						<SP ID="P89_SP00421" HPOS="316" VPOS="3063" WIDTH="25"/>
						<String ID="P89_ST00455" HPOS="341" VPOS="3015" WIDTH="135" HEIGHT="49" CONTENT="effets" WC="1.00" CC="000050"/>
						<SP ID="P89_SP00422" HPOS="476" VPOS="3064" WIDTH="24"/>
						<String ID="P89_ST00456" HPOS="500" VPOS="3029" WIDTH="107" HEIGHT="35" CONTENT="sont" WC="0.98" CC="0045"/>
						<SP ID="P89_SP00423" HPOS="607" VPOS="3064" WIDTH="25"/>
						<String ID="P89_ST00457" HPOS="632" VPOS="3017" WIDTH="35" HEIGHT="46" CONTENT="si" WC="0.73" CC="05"/>
						<SP ID="P89_SP00424" HPOS="667" VPOS="3064" WIDTH="27"/>
						<String ID="P89_ST00458" HPOS="694" VPOS="3025" WIDTH="303" HEIGHT="52" CONTENT="surprenants" WC="1.00" CC="00002050010"/>
						<SP ID="P89_SP00425" HPOS="997" VPOS="3077" WIDTH="25"/>
						<String ID="P89_ST00459" HPOS="1022" VPOS="3025" WIDTH="47" HEIGHT="34" CONTENT="et" WC="0.85" CC="02"/>
						<SP ID="P89_SP00426" HPOS="1069" VPOS="3077" WIDTH="26"/>
						<String ID="P89_ST00460" HPOS="1095" VPOS="3013" WIDTH="34" HEIGHT="46" CONTENT="si" WC="0.68" CC="06"/>
						<SP ID="P89_SP00427" HPOS="1129" VPOS="3077" WIDTH="28"/>
						<String ID="P89_ST00461" HPOS="1157" VPOS="3011" WIDTH="181" HEIGHT="47" CONTENT="décisifs" WC="1.00" CC="06000000"/>
						<SP ID="P89_SP00428" HPOS="1338" VPOS="3077" WIDTH="21"/>
						<String ID="P89_ST00462" HPOS="1359" VPOS="3022" WIDTH="47" HEIGHT="35" CONTENT="et" WC="1.00" CC="00"/>
						<SP ID="P89_SP00429" HPOS="1406" VPOS="3077" WIDTH="20"/>
						<String ID="P89_ST00463" HPOS="1426" VPOS="3011" WIDTH="116" HEIGHT="46" CONTENT="dont" WC="1.00" CC="0000"/>
						<SP ID="P89_SP00430" HPOS="1542" VPOS="3077" WIDTH="20"/>
						<String ID="P89_ST00464" HPOS="1562" VPOS="3027" WIDTH="61" HEIGHT="30" CONTENT="on" WC="0.64" CC="15"/>
						<SP ID="P89_SP00431" HPOS="1623" VPOS="3077" WIDTH="23"/>
						<String ID="P89_ST00465" HPOS="1646" VPOS="3010" WIDTH="97" HEIGHT="45" CONTENT="doit" WC="0.99" CC="0030"/>
						<SP ID="P89_SP00432" HPOS="1743" VPOS="3077" WIDTH="18"/>
						<String ID="P89_ST00466" HPOS="1761" VPOS="3008" WIDTH="372" HEIGHT="63" CONTENT="équitablement" WC="0.67" CC="8014690500005"/>
						<SP ID="P89_SP00433" HPOS="2133" VPOS="3077" WIDTH="26"/>
						<String ID="P89_ST00467" HPOS="2159" VPOS="3010" WIDTH="122" HEIGHT="44" CONTENT="tenir" WC="0.99" CC="40010"/>
						<SP ID="P89_SP00434" HPOS="2281" VPOS="3077" WIDTH="20"/>
						<String ID="P89_ST00468" HPOS="2301" VPOS="3020" WIDTH="189" HEIGHT="51" CONTENT="compte" WC="1.00" CC="000020"/>
						<SP ID="P89_SP00435" HPOS="2490" VPOS="3077" WIDTH="21"/>
						<String ID="P89_ST00469" HPOS="2511" VPOS="3025" WIDTH="59" HEIGHT="29" CONTENT="en" WC="1.00" CC="00"/>
						<SP ID="P89_SP00436" HPOS="2570" VPOS="3077" WIDTH="22"/>
						<String ID="P89_ST00470" HPOS="2592" VPOS="3020" WIDTH="202" HEIGHT="34" CONTENT="ouvrant" WC="0.99" CC="0000044"/>
					</TextLine>
					<TextLine ID="P89_TL00035" HPOS="251" VPOS="3078" WIDTH="2542" HEIGHT="75">
						<String ID="P89_ST00471" HPOS="251" VPOS="3088" WIDTH="26" HEIGHT="49" CONTENT="à" WC="0.28" CC="7"/>
						<SP ID="P89_SP00437" HPOS="277" VPOS="3137" WIDTH="26"/>
						<String ID="P89_ST00472" HPOS="303" VPOS="3106" WIDTH="65" HEIGHT="29" CONTENT="un" WC="0.98" CC="00"/>
						<SP ID="P89_SP00438" HPOS="368" VPOS="3137" WIDTH="23"/>
						<String ID="P89_ST00473" HPOS="391" VPOS="3090" WIDTH="145" HEIGHT="63" CONTENT="jeune" WC="0.99" CC="10400"/>
						<SP ID="P89_SP00439" HPOS="536" VPOS="3153" WIDTH="24"/>
						<String ID="P89_ST00474" HPOS="560" VPOS="3088" WIDTH="159" HEIGHT="46" CONTENT="artiste" WC="1.00" CC="0034000"/>
						<SP ID="P89_SP00440" HPOS="719" VPOS="3153" WIDTH="26"/>
						<String ID="P89_ST00475" HPOS="745" VPOS="3086" WIDTH="43" HEIGHT="47" CONTENT="la" WC="0.39" CC="29"/>
						<SP ID="P89_SP00441" HPOS="788" VPOS="3153" WIDTH="26"/>
						<String ID="P89_ST00476" HPOS="814" VPOS="3085" WIDTH="195" HEIGHT="48" CONTENT="carrière" WC="1.00" CC="00010600"/>
						<SP ID="P89_SP00442" HPOS="1009" VPOS="3153" WIDTH="30"/>
						<String ID="P89_ST00477" HPOS="1039" VPOS="3082" WIDTH="238" HEIGHT="48" CONTENT="théâtrale." WC="0.99" CC="0150320103"/>
						<SP ID="P89_SP00443" HPOS="1277" VPOS="3153" WIDTH="30"/>
						<String ID="P89_ST00478" HPOS="1307" VPOS="3081" WIDTH="141" HEIGHT="48" CONTENT="Tout" WC="0.98" CC="6210"/>
						<SP ID="P89_SP00444" HPOS="1448" VPOS="3153" WIDTH="25"/>
						<String ID="P89_ST00479" HPOS="1473" VPOS="3081" WIDTH="43" HEIGHT="47" CONTENT="le" WC="1.00" CC="00"/>
						<SP ID="P89_SP00445" HPOS="1516" VPOS="3153" WIDTH="27"/>
						<String ID="P89_ST00480" HPOS="1543" VPOS="3081" WIDTH="173" HEIGHT="45" CONTENT="monde" WC="1.00" CC="00000"/>
						<SP ID="P89_SP00446" HPOS="1716" VPOS="3153" WIDTH="26"/>
						<String ID="P89_ST00481" HPOS="1742" VPOS="3097" WIDTH="27" HEIGHT="29" CONTENT="a" WC="1.00" CC="0"/>
						<SP ID="P89_SP00447" HPOS="1769" VPOS="3153" WIDTH="27"/>
						<String ID="P89_ST00482" HPOS="1796" VPOS="3097" WIDTH="62" HEIGHT="45" CONTENT="pu" WC="0.84" CC="03"/>
						<SP ID="P89_SP00448" HPOS="1858" VPOS="3153" WIDTH="25"/>
						<String ID="P89_ST00483" HPOS="1883" VPOS="3081" WIDTH="215" HEIGHT="45" CONTENT="observer" WC="1.00" CC="00003003"/>
						<SP ID="P89_SP00449" HPOS="2098" VPOS="3153" WIDTH="25"/>
						<String ID="P89_ST00484" HPOS="2123" VPOS="3096" WIDTH="54" HEIGHT="30" CONTENT="ce" WC="1.00" CC="00"/>
						<SP ID="P89_SP00450" HPOS="2177" VPOS="3153" WIDTH="26"/>
						<String ID="P89_ST00485" HPOS="2203" VPOS="3078" WIDTH="301" HEIGHT="64" CONTENT="phénomène" WC="0.99" CC="006100600"/>
						<SP ID="P89_SP00451" HPOS="2504" VPOS="3153" WIDTH="35"/>
						<String ID="P89_ST00486" HPOS="2539" VPOS="3078" WIDTH="229" HEIGHT="62" CONTENT="inexplica" SUBS_TYPE="HypPart1" SUBS_CONTENT="inexplicable" WC="0.99" CC="650000400"/>
						<HYP HPOS="2768" VPOS="3078" WIDTH="25" CONTENT="-"/>
					</TextLine>
					<TextLine ID="P89_TL00036" HPOS="253" VPOS="3148" WIDTH="2541" HEIGHT="71">
						<String ID="P89_ST00487" HPOS="253" VPOS="3159" WIDTH="72" HEIGHT="49" CONTENT="ble" SUBS_TYPE="HypPart2" SUBS_CONTENT="inexplicable" WC="0.98" CC="050"/>
						<SP ID="P89_SP00452" HPOS="325" VPOS="3208" WIDTH="29"/>
						<String ID="P89_ST00488" HPOS="354" VPOS="3176" WIDTH="12" HEIGHT="32" CONTENT=":" WC="0.96" CC="0"/>
						<SP ID="P89_SP00453" HPOS="366" VPOS="3208" WIDTH="30"/>
						<String ID="P89_ST00489" HPOS="396" VPOS="3159" WIDTH="31" HEIGHT="47" CONTENT="il" WC="0.68" CC="50"/>
						<SP ID="P89_SP00454" HPOS="427" VPOS="3208" WIDTH="26"/>
						<String ID="P89_ST00490" HPOS="453" VPOS="3159" WIDTH="150" HEIGHT="47" CONTENT="arrive" WC="1.00" CC="000000"/>
						<SP ID="P89_SP00455" HPOS="603" VPOS="3208" WIDTH="27"/>
						<String ID="P89_ST00491" HPOS="630" VPOS="3158" WIDTH="180" HEIGHT="61" CONTENT="chaque" WC="1.00" CC="000000"/>
						<SP ID="P89_SP00456" HPOS="810" VPOS="3219" WIDTH="27"/>
						<String ID="P89_ST00492" HPOS="837" VPOS="3154" WIDTH="151" HEIGHT="49" CONTENT="année" WC="0.99" CC="00060"/>
						<SP ID="P89_SP00457" HPOS="988" VPOS="3219" WIDTH="27"/>
						<String ID="P89_ST00493" HPOS="1015" VPOS="3154" WIDTH="146" HEIGHT="64" CONTENT="qu'un" WC="1.00" CC="02000"/>
						<SP ID="P89_SP00458" HPOS="1161" VPOS="3219" WIDTH="29"/>
						<String ID="P89_ST00494" HPOS="1190" VPOS="3152" WIDTH="235" HEIGHT="48" CONTENT="médiocre" WC="1.00" CC="08000000"/>
						<SP ID="P89_SP00459" HPOS="1425" VPOS="3219" WIDTH="28"/>
						<String ID="P89_ST00495" HPOS="1453" VPOS="3152" WIDTH="228" HEIGHT="46" CONTENT="chanteur" WC="1.00" CC="00040000"/>
						<SP ID="P89_SP00460" HPOS="1681" VPOS="3219" WIDTH="27"/>
						<String ID="P89_ST00496" HPOS="1708" VPOS="3168" WIDTH="62" HEIGHT="30" CONTENT="ou" WC="1.00" CC="00"/>
						<SP ID="P89_SP00461" HPOS="1770" VPOS="3219" WIDTH="27"/>
						<String ID="P89_ST00497" HPOS="1797" VPOS="3168" WIDTH="93" HEIGHT="30" CONTENT="une" WC="1.00" CC="000"/>
						<SP ID="P89_SP00462" HPOS="1890" VPOS="3219" WIDTH="26"/>
						<String ID="P89_ST00498" HPOS="1916" VPOS="3152" WIDTH="254" HEIGHT="46" CONTENT="chanteuse" WC="1.00" CC="000710000"/>
						<SP ID="P89_SP00463" HPOS="2170" VPOS="3219" WIDTH="22"/>
						<String ID="P89_ST00499" HPOS="2192" VPOS="3151" WIDTH="287" HEIGHT="47" CONTENT="insuffisante" WC="1.00" CC="710000000060"/>
						<SP ID="P89_SP00464" HPOS="2479" VPOS="3219" WIDTH="25"/>
						<String ID="P89_ST00500" HPOS="2504" VPOS="3148" WIDTH="196" HEIGHT="62" CONTENT="stupéfie" WC="0.99" CC="01008220"/>
						<SP ID="P89_SP00465" HPOS="2700" VPOS="3219" WIDTH="25"/>
						<String ID="P89_ST00501" HPOS="2725" VPOS="3166" WIDTH="69" HEIGHT="30" CONTENT="ses" WC="1.00" CC="100"/>
					</TextLine>
					<TextLine ID="P89_TL00037" HPOS="251" VPOS="3219" WIDTH="2540" HEIGHT="70">
						<String ID="P89_ST00502" HPOS="251" VPOS="3229" WIDTH="189" HEIGHT="49" CONTENT="maîtres" WC="0.99" CC="0656000"/>
						<SP ID="P89_SP00466" HPOS="440" VPOS="3278" WIDTH="44"/>
						<String ID="P89_ST00503" HPOS="484" VPOS="3241" WIDTH="47" HEIGHT="35" CONTENT="et" WC="0.76" CC="04"/>
						<SP ID="P89_SP00467" HPOS="531" VPOS="3278" WIDTH="42"/>
						<String ID="P89_ST00504" HPOS="573" VPOS="3246" WIDTH="68" HEIGHT="29" CONTENT="ses" WC="1.00" CC="000"/>
						<SP ID="P89_SP00468" HPOS="641" VPOS="3278" WIDTH="43"/>
						<String ID="P89_ST00505" HPOS="684" VPOS="3227" WIDTH="267" HEIGHT="48" CONTENT="camarades" WC="1.00" CC="005000000"/>
						<SP ID="P89_SP00469" HPOS="951" VPOS="3278" WIDTH="37"/>
						<String ID="P89_ST00506" HPOS="988" VPOS="3224" WIDTH="42" HEIGHT="47" CONTENT="le" WC="1.00" CC="00"/>
						<SP ID="P89_SP00470" HPOS="1030" VPOS="3278" WIDTH="33"/>
						<String ID="P89_ST00507" HPOS="1063" VPOS="3225" WIDTH="106" HEIGHT="64" CONTENT="jour" WC="0.99" CC="0005"/>
						<SP ID="P89_SP00471" HPOS="1169" VPOS="3289" WIDTH="40"/>
						<String ID="P89_ST00508" HPOS="1209" VPOS="3224" WIDTH="62" HEIGHT="46" CONTENT="du" WC="0.82" CC="03"/>
						<SP ID="P89_SP00472" HPOS="1271" VPOS="3289" WIDTH="39"/>
						<String ID="P89_ST00509" HPOS="1310" VPOS="3238" WIDTH="230" HEIGHT="31" CONTENT="concours" WC="1.00" CC="00001030"/>
						<SP ID="P89_SP00473" HPOS="1540" VPOS="3289" WIDTH="37"/>
						<String ID="P89_ST00510" HPOS="1577" VPOS="3238" WIDTH="59" HEIGHT="29" CONTENT="en" WC="1.00" CC="00"/>
						<SP ID="P89_SP00474" HPOS="1636" VPOS="3289" WIDTH="38"/>
						<String ID="P89_ST00511" HPOS="1674" VPOS="3220" WIDTH="284" HEIGHT="63" CONTENT="s'emparant" WC="0.90" CC="0000070020"/>
						<SP ID="P89_SP00475" HPOS="1958" VPOS="3289" WIDTH="38"/>
						<String ID="P89_ST00512" HPOS="1996" VPOS="3219" WIDTH="409" HEIGHT="47" CONTENT="immédiatement" WC="1.00" CC="5008000300005"/>
						<SP ID="P89_SP00476" HPOS="2405" VPOS="3289" WIDTH="41"/>
						<String ID="P89_ST00513" HPOS="2446" VPOS="3220" WIDTH="57" HEIGHT="46" CONTENT="de" WC="1.00" CC="00"/>
						<SP ID="P89_SP00477" HPOS="2503" VPOS="3289" WIDTH="41"/>
						<String ID="P89_ST00514" HPOS="2544" VPOS="3219" WIDTH="138" HEIGHT="47" CONTENT="l'âme" WC="0.99" CC="60000"/>
						<SP ID="P89_SP00478" HPOS="2682" VPOS="3289" WIDTH="47"/>
						<String ID="P89_ST00515" HPOS="2729" VPOS="3219" WIDTH="62" HEIGHT="46" CONTENT="du" WC="1.00" CC="00"/>
					</TextLine>
					<TextLine ID="P89_TL00038" HPOS="250" VPOS="3290" WIDTH="2541" HEIGHT="75">
						<String ID="P89_ST00516" HPOS="250" VPOS="3302" WIDTH="160" HEIGHT="63" CONTENT="public" WC="0.99" CC="000610"/>
						<SP ID="P89_SP00479" HPOS="410" VPOS="3365" WIDTH="27"/>
						<String ID="P89_ST00517" HPOS="437" VPOS="3323" WIDTH="11" HEIGHT="38" CONTENT=";" WC="0.38" CC="6"/>
						<SP ID="P89_SP00480" HPOS="448" VPOS="3365" WIDTH="28"/>
						<String ID="P89_ST00518" HPOS="476" VPOS="3300" WIDTH="44" HEIGHT="49" CONTENT="la" WC="0.72" CC="50"/>
						<SP ID="P89_SP00481" HPOS="520" VPOS="3365" WIDTH="26"/>
						<String ID="P89_ST00519" HPOS="546" VPOS="3299" WIDTH="126" HEIGHT="48" CONTENT="foule" WC="1.00" CC="00030"/>
						<SP ID="P89_SP00482" HPOS="672" VPOS="3365" WIDTH="28"/>
						<String ID="P89_ST00520" HPOS="700" VPOS="3298" WIDTH="100" HEIGHT="47" CONTENT="leur" WC="0.99" CC="3020"/>
						<SP ID="P89_SP00483" HPOS="800" VPOS="3365" WIDTH="27"/>
						<String ID="P89_ST00521" HPOS="827" VPOS="3309" WIDTH="67" HEIGHT="36" CONTENT="est" WC="0.99" CC="000"/>
						<SP ID="P89_SP00484" HPOS="894" VPOS="3365" WIDTH="25"/>
						<String ID="P89_ST00522" HPOS="919" VPOS="3295" WIDTH="300" HEIGHT="49" CONTENT="servilement" WC="1.00" CC="00006000001"/>
						<SP ID="P89_SP00485" HPOS="1219" VPOS="3365" WIDTH="27"/>
						<String ID="P89_ST00523" HPOS="1246" VPOS="3294" WIDTH="217" HEIGHT="58" CONTENT="soumise," WC="0.99" CC="10006302"/>
						<SP ID="P89_SP00486" HPOS="1463" VPOS="3365" WIDTH="40"/>
						<String ID="P89_ST00524" HPOS="1503" VPOS="3292" WIDTH="53" HEIGHT="47" CONTENT="ils" WC="0.99" CC="020"/>
						<SP ID="P89_SP00487" HPOS="1556" VPOS="3365" WIDTH="25"/>
						<String ID="P89_ST00525" HPOS="1581" VPOS="3292" WIDTH="241" HEIGHT="62" CONTENT="l'apaisent" WC="1.00" CC="0000000006"/>
						<SP ID="P89_SP00488" HPOS="1822" VPOS="3365" WIDTH="26"/>
						<String ID="P89_ST00526" HPOS="1848" VPOS="3309" WIDTH="62" HEIGHT="30" CONTENT="ou" WC="1.00" CC="00"/>
						<SP ID="P89_SP00489" HPOS="1910" VPOS="3365" WIDTH="28"/>
						<String ID="P89_ST00527" HPOS="1938" VPOS="3290" WIDTH="244" HEIGHT="47" CONTENT="l'exaltent" WC="1.00" CC="0000000042"/>
						<SP ID="P89_SP00490" HPOS="2182" VPOS="3365" WIDTH="26"/>
						<String ID="P89_ST00528" HPOS="2208" VPOS="3290" WIDTH="24" HEIGHT="47" CONTENT="à" WC="0.01" CC="9"/>
						<SP ID="P89_SP00491" HPOS="2232" VPOS="3365" WIDTH="27"/>
						<String ID="P89_ST00529" HPOS="2259" VPOS="3292" WIDTH="99" HEIGHT="45" CONTENT="leur" WC="1.00" CC="0000"/>
						<SP ID="P89_SP00492" HPOS="2358" VPOS="3365" WIDTH="38"/>
						<String ID="P89_ST00530" HPOS="2396" VPOS="3290" WIDTH="80" HEIGHT="65" CONTENT="gré" WC="0.98" CC="006"/>
						<SP ID="P89_SP00493" HPOS="2476" VPOS="3365" WIDTH="38"/>
						<String ID="P89_ST00531" HPOS="2514" VPOS="3292" WIDTH="152" HEIGHT="45" CONTENT="tandis" WC="1.00" CC="001000"/>
						<SP ID="P89_SP00494" HPOS="2666" VPOS="3365" WIDTH="36"/>
						<String ID="P89_ST00532" HPOS="2702" VPOS="3307" WIDTH="89" HEIGHT="44" CONTENT="que" WC="1.00" CC="000"/>
					</TextLine>
					<TextLine ID="P89_TL00039" HPOS="250" VPOS="3359" WIDTH="2541" HEIGHT="73">
						<String ID="P89_ST00533" HPOS="250" VPOS="3373" WIDTH="86" HEIGHT="47" CONTENT="tels" WC="0.99" CC="5000"/>
						<SP ID="P89_SP00495" HPOS="336" VPOS="3420" WIDTH="27"/>
						<String ID="P89_ST00534" HPOS="363" VPOS="3374" WIDTH="57" HEIGHT="46" CONTENT="de" WC="1.00" CC="00"/>
						<SP ID="P89_SP00496" HPOS="420" VPOS="3420" WIDTH="28"/>
						<String ID="P89_ST00535" HPOS="448" VPOS="3372" WIDTH="122" HEIGHT="47" CONTENT="leurs" WC="1.00" CC="10000"/>
						<SP ID="P89_SP00497" HPOS="570" VPOS="3420" WIDTH="27"/>
						<String ID="P89_ST00536" HPOS="597" VPOS="3370" WIDTH="103" HEIGHT="62" CONTENT="plus" WC="1.00" CC="0000"/>
						<SP ID="P89_SP00498" HPOS="700" VPOS="3432" WIDTH="26"/>
						<String ID="P89_ST00537" HPOS="726" VPOS="3368" WIDTH="210" HEIGHT="48" CONTENT="brillants" WC="1.00" CC="300060000"/>
						<SP ID="P89_SP00499" HPOS="936" VPOS="3432" WIDTH="25"/>
						<String ID="P89_ST00538" HPOS="961" VPOS="3365" WIDTH="264" HEIGHT="48" CONTENT="camarades" WC="1.00" CC="000000000"/>
						<SP ID="P89_SP00500" HPOS="1225" VPOS="3432" WIDTH="26"/>
						<String ID="P89_ST00539" HPOS="1251" VPOS="3364" WIDTH="254" HEIGHT="47" CONTENT="exécutent" WC="0.99" CC="008021040"/>
						<SP ID="P89_SP00501" HPOS="1505" VPOS="3432" WIDTH="30"/>
						<String ID="P89_ST00540" HPOS="1535" VPOS="3363" WIDTH="79" HEIGHT="47" CONTENT="des" WC="1.00" CC="000"/>
						<SP ID="P89_SP00502" HPOS="1614" VPOS="3432" WIDTH="38"/>
						<String ID="P89_ST00541" HPOS="1652" VPOS="3379" WIDTH="234" HEIGHT="46" CONTENT="prouesses" WC="1.00" CC="052000000"/>
						<SP ID="P89_SP00503" HPOS="1886" VPOS="3432" WIDTH="38"/>
						<String ID="P89_ST00542" HPOS="1924" VPOS="3361" WIDTH="341" HEIGHT="47" CONTENT="merveilleuses" WC="1.00" CC="0000000000000"/>
						<SP ID="P89_SP00504" HPOS="2265" VPOS="3432" WIDTH="37"/>
						<String ID="P89_ST00543" HPOS="2302" VPOS="3361" WIDTH="113" HEIGHT="47" CONTENT="dans" WC="0.98" CC="0340"/>
						<SP ID="P89_SP00505" HPOS="2415" VPOS="3432" WIDTH="37"/>
						<String ID="P89_ST00544" HPOS="2452" VPOS="3359" WIDTH="339" HEIGHT="48" CONTENT="l'indifférence" WC="1.00" CC="03000100600050"/>
					</TextLine>
					<TextLine ID="P89_TL00040" HPOS="250" VPOS="3431" WIDTH="2541" HEIGHT="75">
						<String ID="P89_ST00545" HPOS="250" VPOS="3443" WIDTH="232" HEIGHT="63" CONTENT="générale." WC="0.99" CC="061600003"/>
						<SP ID="P89_SP00506" HPOS="482" VPOS="3506" WIDTH="31"/>
						<String ID="P89_ST00546" HPOS="513" VPOS="3441" WIDTH="93" HEIGHT="49" CONTENT="Ces" WC="1.00" CC="000"/>
						<SP ID="P89_SP00507" HPOS="606" VPOS="3506" WIDTH="26"/>
						<String ID="P89_ST00547" HPOS="632" VPOS="3440" WIDTH="320" HEIGHT="47" CONTENT="dominateurs" WC="1.00" CC="00006900000"/>
						<SP ID="P89_SP00508" HPOS="952" VPOS="3506" WIDTH="26"/>
						<String ID="P89_ST00548" HPOS="978" VPOS="3448" WIDTH="85" HEIGHT="35" CONTENT="ont" WC="0.96" CC="063"/>
						<SP ID="P89_SP00509" HPOS="1063" VPOS="3506" WIDTH="26"/>
						<String ID="P89_ST00549" HPOS="1089" VPOS="3435" WIDTH="121" HEIGHT="47" CONTENT="droit" WC="0.98" CC="00075"/>
						<SP ID="P89_SP00510" HPOS="1210" VPOS="3506" WIDTH="24"/>
						<String ID="P89_ST00550" HPOS="1234" VPOS="3452" WIDTH="60" HEIGHT="29" CONTENT="au" WC="1.00" CC="00"/>
						<SP ID="P89_SP00511" HPOS="1294" VPOS="3506" WIDTH="25"/>
						<String ID="P89_ST00551" HPOS="1319" VPOS="3434" WIDTH="186" HEIGHT="47" CONTENT="laurier." WC="0.99" CC="00105004"/>
						<SP ID="P89_SP00512" HPOS="1505" VPOS="3506" WIDTH="26"/>
						<String ID="P89_ST00552" HPOS="1531" VPOS="3432" WIDTH="85" HEIGHT="47" CONTENT="Un" WC="1.00" CC="00"/>
						<SP ID="P89_SP00513" HPOS="1616" VPOS="3506" WIDTH="30"/>
						<String ID="P89_ST00553" HPOS="1646" VPOS="3434" WIDTH="101" HEIGHT="59" CONTENT="prix" WC="1.00" CC="0000"/>
						<SP ID="P89_SP00514" HPOS="1747" VPOS="3506" WIDTH="27"/>
						<String ID="P89_ST00554" HPOS="1774" VPOS="3431" WIDTH="188" HEIGHT="62" CONTENT="d'opéra" WC="0.99" CC="0020540"/>
						<SP ID="P89_SP00515" HPOS="1962" VPOS="3506" WIDTH="25"/>
						<String ID="P89_ST00555" HPOS="1987" VPOS="3431" WIDTH="125" HEIGHT="47" CONTENT="est-il" WC="0.99" CC="005200"/>
						<SP ID="P89_SP00516" HPOS="2112" VPOS="3506" WIDTH="25"/>
						<String ID="P89_ST00556" HPOS="2137" VPOS="3444" WIDTH="131" HEIGHT="34" CONTENT="autre" WC="0.99" CC="00550"/>
						<SP ID="P89_SP00517" HPOS="2268" VPOS="3506" WIDTH="27"/>
						<String ID="P89_ST00557" HPOS="2295" VPOS="3432" WIDTH="138" HEIGHT="46" CONTENT="chose" WC="1.00" CC="00300"/>
						<SP ID="P89_SP00518" HPOS="2433" VPOS="3506" WIDTH="27"/>
						<String ID="P89_ST00558" HPOS="2460" VPOS="3431" WIDTH="146" HEIGHT="62" CONTENT="qu'un" WC="0.99" CC="03005"/>
						<SP ID="P89_SP00519" HPOS="2606" VPOS="3506" WIDTH="29"/>
						<String ID="P89_ST00559" HPOS="2635" VPOS="3431" WIDTH="156" HEIGHT="45" CONTENT="brevet" WC="1.00" CC="000000"/>
					</TextLine>
					<TextLine ID="P89_TL00041" HPOS="253" VPOS="3497" WIDTH="2540" HEIGHT="76">
						<String ID="P89_ST00560" HPOS="253" VPOS="3515" WIDTH="57" HEIGHT="46" CONTENT="de" WC="1.00" CC="00"/>
						<SP ID="P89_SP00520" HPOS="310" VPOS="3561" WIDTH="26"/>
						<String ID="P89_ST00561" HPOS="336" VPOS="3512" WIDTH="262" HEIGHT="61" CONTENT="chauffeur," WC="1.00" CC="0000000004"/>
						<SP ID="P89_SP00521" HPOS="598" VPOS="3573" WIDTH="28"/>
						<String ID="P89_ST00562" HPOS="626" VPOS="3529" WIDTH="66" HEIGHT="29" CONTENT="un" WC="1.00" CC="00"/>
						<SP ID="P89_SP00522" HPOS="692" VPOS="3573" WIDTH="28"/>
						<String ID="P89_ST00563" HPOS="720" VPOS="3510" WIDTH="171" HEIGHT="62" CONTENT="permis" WC="0.99" CC="000600"/>
						<SP ID="P89_SP00523" HPOS="891" VPOS="3573" WIDTH="27"/>
						<String ID="P89_ST00564" HPOS="918" VPOS="3509" WIDTH="57" HEIGHT="45" CONTENT="de" WC="1.00" CC="00"/>
						<SP ID="P89_SP00524" HPOS="975" VPOS="3573" WIDTH="24"/>
						<String ID="P89_ST00565" HPOS="999" VPOS="3506" WIDTH="242" HEIGHT="60" CONTENT="conduire," WC="1.00" CC="006021000"/>
						<SP ID="P89_SP00525" HPOS="1241" VPOS="3573" WIDTH="24"/>
						<String ID="P89_ST00566" HPOS="1265" VPOS="3521" WIDTH="63" HEIGHT="31" CONTENT="un" WC="1.00" CC="00"/>
						<SP ID="P89_SP00526" HPOS="1328" VPOS="3573" WIDTH="28"/>
						<String ID="P89_ST00567" HPOS="1356" VPOS="3502" WIDTH="226" HEIGHT="49" CONTENT="certificat" WC="1.00" CC="0005500004"/>
						<SP ID="P89_SP00527" HPOS="1582" VPOS="3573" WIDTH="27"/>
						<String ID="P89_ST00568" HPOS="1609" VPOS="3502" WIDTH="259" HEIGHT="63" CONTENT="d'aptitude" WC="1.00" CC="0000632000"/>
						<SP ID="P89_SP00528" HPOS="1868" VPOS="3573" WIDTH="27"/>
						<String ID="P89_ST00569" HPOS="1895" VPOS="3520" WIDTH="58" HEIGHT="29" CONTENT="au" WC="1.00" CC="00"/>
						<SP ID="P89_SP00529" HPOS="1953" VPOS="3573" WIDTH="28"/>
						<String ID="P89_ST00570" HPOS="1981" VPOS="3502" WIDTH="165" HEIGHT="47" CONTENT="métier" WC="0.99" CC="053500"/>
						<SP ID="P89_SP00530" HPOS="2146" VPOS="3573" WIDTH="27"/>
						<String ID="P89_ST00571" HPOS="2173" VPOS="3502" WIDTH="54" HEIGHT="46" CONTENT="de" WC="1.00" CC="00"/>
						<SP ID="P89_SP00531" HPOS="2227" VPOS="3573" WIDTH="28"/>
						<String ID="P89_ST00572" HPOS="2255" VPOS="3502" WIDTH="250" HEIGHT="61" CONTENT="dompteur" WC="1.00" CC="00000000"/>
						<SP ID="P89_SP00532" HPOS="2505" VPOS="3573" WIDTH="26"/>
						<String ID="P89_ST00573" HPOS="2531" VPOS="3501" WIDTH="56" HEIGHT="46" CONTENT="de" WC="1.00" CC="00"/>
						<SP ID="P89_SP00533" HPOS="2587" VPOS="3573" WIDTH="28"/>
						<String ID="P89_ST00574" HPOS="2615" VPOS="3500" WIDTH="144" HEIGHT="47" CONTENT="foules" WC="0.99" CC="007400"/>
						<SP ID="P89_SP00534" HPOS="2759" VPOS="3573" WIDTH="18"/>
						<String ID="P89_ST00575" HPOS="2777" VPOS="3497" WIDTH="16" HEIGHT="49" CONTENT="?" WC="0.53" CC="4"/>
					</TextLine>
					<TextLine ID="P89_TL00042" HPOS="254" VPOS="3570" WIDTH="2533" HEIGHT="63">
						<String ID="P89_ST00576" HPOS="254" VPOS="3585" WIDTH="126" HEIGHT="48" CONTENT="Pour" WC="0.98" CC="4012"/>
						<SP ID="P89_SP00535" HPOS="380" VPOS="3633" WIDTH="25"/>
						<String ID="P89_ST00577" HPOS="405" VPOS="3603" WIDTH="60" HEIGHT="29" CONTENT="en" WC="1.00" CC="00"/>
						<SP ID="P89_SP00536" HPOS="465" VPOS="3633" WIDTH="29"/>
						<String ID="P89_ST00578" HPOS="494" VPOS="3585" WIDTH="192" HEIGHT="46" CONTENT="investir" WC="0.99" CC="42000170"/>
						<SP ID="P89_SP00537" HPOS="686" VPOS="3633" WIDTH="25"/>
						<String ID="P89_ST00579" HPOS="711" VPOS="3581" WIDTH="25" HEIGHT="47" CONTENT="à" WC="0.28" CC="7"/>
						<SP ID="P89_SP00538" HPOS="736" VPOS="3633" WIDTH="28"/>
						<String ID="P89_ST00580" HPOS="764" VPOS="3582" WIDTH="93" HEIGHT="45" CONTENT="bon" WC="0.96" CC="224"/>
						<SP ID="P89_SP00539" HPOS="857" VPOS="3633" WIDTH="27"/>
						<String ID="P89_ST00581" HPOS="884" VPOS="3580" WIDTH="176" HEIGHT="46" CONTENT="escient" WC="0.99" CC="0710005"/>
						<SP ID="P89_SP00540" HPOS="1060" VPOS="3633" WIDTH="27"/>
						<String ID="P89_ST00582" HPOS="1087" VPOS="3594" WIDTH="65" HEIGHT="29" CONTENT="un" WC="0.79" CC="03"/>
						<SP ID="P89_SP00541" HPOS="1152" VPOS="3633" WIDTH="28"/>
						<String ID="P89_ST00583" HPOS="1180" VPOS="3576" WIDTH="219" HEIGHT="47" CONTENT="candidat" WC="0.99" CC="00600005"/>
						<SP ID="P89_SP00542" HPOS="1399" VPOS="3633" WIDTH="27"/>
						<String ID="P89_ST00584" HPOS="1426" VPOS="3573" WIDTH="29" HEIGHT="47" CONTENT="il" WC="0.89" CC="20"/>
						<SP ID="P89_SP00543" HPOS="1455" VPOS="3633" WIDTH="28"/>
						<String ID="P89_ST00585" HPOS="1483" VPOS="3573" WIDTH="99" HEIGHT="46" CONTENT="faut" WC="0.99" CC="0003"/>
						<SP ID="P89_SP00544" HPOS="1582" VPOS="3633" WIDTH="27"/>
						<String ID="P89_ST00586" HPOS="1609" VPOS="3573" WIDTH="42" HEIGHT="46" CONTENT="le" WC="0.78" CC="40"/>
						<SP ID="P89_SP00545" HPOS="1651" VPOS="3633" WIDTH="30"/>
						<String ID="P89_ST00587" HPOS="1681" VPOS="3575" WIDTH="96" HEIGHT="44" CONTENT="voir" WC="1.00" CC="0000"/>
						<SP ID="P89_SP00546" HPOS="1777" VPOS="3633" WIDTH="26"/>
						<String ID="P89_ST00588" HPOS="1803" VPOS="3573" WIDTH="26" HEIGHT="46" CONTENT="à" WC="0.34" CC="6"/>
						<SP ID="P89_SP00547" HPOS="1829" VPOS="3633" WIDTH="26"/>
						<String ID="P89_ST00589" HPOS="1855" VPOS="3573" WIDTH="212" HEIGHT="59" CONTENT="l'œuvre," WC="1.00" CC="40000500"/>
						<SP ID="P89_SP00548" HPOS="2067" VPOS="3633" WIDTH="45"/>
						<String ID="P89_ST00590" HPOS="2112" VPOS="3572" WIDTH="199" HEIGHT="47" CONTENT="l'asseoir" WC="1.00" CC="000000021"/>
						<SP ID="P89_SP00549" HPOS="2311" VPOS="3633" WIDTH="37"/>
						<String ID="P89_ST00591" HPOS="2348" VPOS="3590" WIDTH="58" HEIGHT="28" CONTENT="au" WC="0.79" CC="04"/>
						<SP ID="P89_SP00550" HPOS="2406" VPOS="3633" WIDTH="40"/>
						<String ID="P89_ST00592" HPOS="2446" VPOS="3571" WIDTH="159" HEIGHT="47" CONTENT="volant" WC="0.99" CC="206001"/>
						<SP ID="P89_SP00551" HPOS="2605" VPOS="3633" WIDTH="36"/>
						<String ID="P89_ST00593" HPOS="2641" VPOS="3587" WIDTH="63" HEIGHT="28" CONTENT="ou" WC="0.95" CC="00"/>
						<SP ID="P89_SP00552" HPOS="2704" VPOS="3633" WIDTH="44"/>
						<String ID="P89_ST00594" HPOS="2748" VPOS="3570" WIDTH="39" HEIGHT="45" CONTENT="le" WC="1.00" CC="00"/>
					</TextLine>
					<TextLine ID="P89_TL00043" HPOS="253" VPOS="3641" WIDTH="2536" HEIGHT="72">
						<String ID="P89_ST00595" HPOS="253" VPOS="3656" WIDTH="113" HEIGHT="47" CONTENT="faire" WC="0.98" CC="03720"/>
						<SP ID="P89_SP00553" HPOS="366" VPOS="3703" WIDTH="26"/>
						<String ID="P89_ST00596" HPOS="392" VPOS="3666" WIDTH="158" HEIGHT="37" CONTENT="entrer" WC="1.00" CC="010000"/>
						<SP ID="P89_SP00554" HPOS="550" VPOS="3703" WIDTH="26"/>
						<String ID="P89_ST00597" HPOS="576" VPOS="3655" WIDTH="113" HEIGHT="45" CONTENT="dans" WC="0.98" CC="0601"/>
						<SP ID="P89_SP00555" HPOS="689" VPOS="3703" WIDTH="26"/>
						<String ID="P89_ST00598" HPOS="715" VPOS="3651" WIDTH="43" HEIGHT="47" CONTENT="la" WC="1.00" CC="00"/>
						<SP ID="P89_SP00556" HPOS="758" VPOS="3703" WIDTH="19"/>
						<String ID="P89_ST00599" HPOS="777" VPOS="3667" WIDTH="112" HEIGHT="46" CONTENT="cage" WC="1.00" CC="0000"/>
						<SP ID="P89_SP00557" HPOS="889" VPOS="3713" WIDTH="28"/>
						<String ID="P89_ST00600" HPOS="917" VPOS="3647" WIDTH="207" HEIGHT="50" CONTENT="centrale" WC="0.99" CC="00550000"/>
						<SP ID="P89_SP00558" HPOS="1124" VPOS="3713" WIDTH="26"/>
						<String ID="P89_ST00601" HPOS="1150" VPOS="3646" WIDTH="61" HEIGHT="48" CONTENT="où" WC="1.00" CC="00"/>
						<SP ID="P89_SP00559" HPOS="1211" VPOS="3713" WIDTH="26"/>
						<String ID="P89_ST00602" HPOS="1237" VPOS="3645" WIDTH="178" HEIGHT="64" CONTENT="gronde" WC="0.99" CC="030430"/>
						<SP ID="P89_SP00560" HPOS="1415" VPOS="3713" WIDTH="21"/>
						<String ID="P89_ST00603" HPOS="1436" VPOS="3643" WIDTH="41" HEIGHT="47" CONTENT="le" WC="0.71" CC="50"/>
						<SP ID="P89_SP00561" HPOS="1477" VPOS="3713" WIDTH="24"/>
						<String ID="P89_ST00604" HPOS="1501" VPOS="3645" WIDTH="206" HEIGHT="45" CONTENT="mauvais" WC="0.99" CC="7020061"/>
						<SP ID="P89_SP00562" HPOS="1707" VPOS="3713" WIDTH="20"/>
						<String ID="P89_ST00605" HPOS="1727" VPOS="3645" WIDTH="117" HEIGHT="61" CONTENT="tigre" WC="1.00" CC="00000"/>
						<SP ID="P89_SP00563" HPOS="1844" VPOS="3713" WIDTH="20"/>
						<String ID="P89_ST00606" HPOS="1864" VPOS="3666" WIDTH="12" HEIGHT="36" CONTENT=";" WC="0.39" CC="6"/>
						<SP ID="P89_SP00564" HPOS="1876" VPOS="3713" WIDTH="28"/>
						<String ID="P89_ST00607" HPOS="1904" VPOS="3643" WIDTH="63" HEIGHT="47" CONTENT="les" WC="0.98" CC="600"/>
						<SP ID="P89_SP00565" HPOS="1967" VPOS="3713" WIDTH="22"/>
						<String ID="P89_ST00608" HPOS="1989" VPOS="3643" WIDTH="186" HEIGHT="47" CONTENT="mérites" WC="0.99" CC="0434330"/>
						<SP ID="P89_SP00566" HPOS="2175" VPOS="3713" WIDTH="22"/>
						<String ID="P89_ST00609" HPOS="2197" VPOS="3641" WIDTH="263" HEIGHT="63" CONTENT="théoriques" WC="1.00" CC="5080000000"/>
						<SP ID="P89_SP00567" HPOS="2460" VPOS="3713" WIDTH="21"/>
						<String ID="P89_ST00610" HPOS="2481" VPOS="3659" WIDTH="58" HEIGHT="29" CONTENT="ne" WC="1.00" CC="00"/>
						<SP ID="P89_SP00568" HPOS="2539" VPOS="3713" WIDTH="21"/>
						<String ID="P89_ST00611" HPOS="2560" VPOS="3652" WIDTH="229" HEIGHT="50" CONTENT="prouvent" WC="1.00" CC="02000005"/>
					</TextLine>
				</TextBlock>
			</PrintSpace>
		</Page>
	</Layout>
</alto>
