<?xml version="1.0" encoding="UTF-8"?>
<alto xmlns:xsi="http://www.w3.org/2001/XMLSchema-instance" xmlns="http://www.loc.gov/standards/alto/ns-v2#" xsi:schemaLocation="http://www.loc.gov/standards/alto/ns-v2# http://www.loc.gov/standards/alto/alto-v2.0.xsd" xmlns:xlink="http://www.w3.org/1999/xlink">
	<Description>
		<MeasurementUnit>mm10</MeasurementUnit>
		<sourceImageInformation>
			<fileName>//fileserver7/IN2/Princeton/Batch3/bmtnabh/1911/07/15_01/00000245.tif</fileName>
		</sourceImageInformation>
		<OCRProcessing ID="OCRPROCESSING_1">
			<preProcessingStep>
				<processingSoftware>
					<softwareCreator>CCS Content Conversion Specialists GmbH, Germany</softwareCreator>
					<softwareName>CCS docWORKS</softwareName>
					<softwareVersion>6.6-1.18</softwareVersion>
				</processingSoftware>
			</preProcessingStep>
			<ocrProcessingStep>
				<processingSoftware>
					<softwareCreator>ABBYY (BIT Software), Russia</softwareCreator>
					<softwareName>FineReader</softwareName>
					<softwareVersion>10.0</softwareVersion>
				</processingSoftware>
			</ocrProcessingStep>
		</OCRProcessing>
	</Description>
	<Styles>
		<TextStyle ID="TXT_0" FONTSIZE="27" FONTFAMILY="Times New Roman"/>
		<TextStyle ID="TXT_1" FONTSIZE="25" FONTFAMILY="Times New Roman" FONTSTYLE="bold"/>
		<TextStyle ID="TXT_2" FONTSIZE="21" FONTFAMILY="Times New Roman"/>
		<TextStyle ID="TXT_3" FONTSIZE="21" FONTFAMILY="Times New Roman" FONTSTYLE="italics"/>
		<TextStyle ID="TXT_4" FONTSIZE="5" FONTFAMILY="Futura-ExtraBold" FONTSTYLE="bold"/>
		<ParagraphStyle ID="PAR_LEFT" ALIGN="Left"/>
		<ParagraphStyle ID="PAR_RIGHT" ALIGN="Right"/>
		<ParagraphStyle ID="PAR_BLOCK" ALIGN="Block"/>
	</Styles>
	<Layout>
		<Page ID="P8" PHYSICAL_IMG_NR="8" HEIGHT="4196" WIDTH="2961" PC="0.922">
			<TopMargin ID="P8_TM00001" HPOS="0" VPOS="0" WIDTH="2961" HEIGHT="246"/>
			<LeftMargin ID="P8_LM00001" HPOS="0" VPOS="246" WIDTH="178" HEIGHT="3467"/>
			<RightMargin ID="P8_RM00001" HPOS="2892" VPOS="246" WIDTH="69" HEIGHT="3467"/>
			<BottomMargin ID="P8_BM00001" HPOS="0" VPOS="3713" WIDTH="2961" HEIGHT="483"/>
			<PrintSpace ID="P8_PS00001" HPOS="178" VPOS="246" WIDTH="2714" HEIGHT="3467">
				<TextBlock ID="P8_TB00001" HPOS="298" VPOS="246" WIDTH="44" HEIGHT="68" STYLEREFS="TXT_0 PAR_LEFT">
					<TextLine ID="P8_TL00001" HPOS="298" VPOS="247" WIDTH="44" HEIGHT="67">
						<String ID="P8_ST00001" HPOS="298" VPOS="247" WIDTH="44" HEIGHT="67" CONTENT="6" WC="0.91" CC="0"/>
					</TextLine>
				</TextBlock>
				<TextBlock ID="P8_TB00002" HPOS="1356" VPOS="255" WIDTH="416" HEIGHT="73" STYLEREFS="TXT_1 PAR_RIGHT">
					<TextLine ID="P8_TL00002" HPOS="1357" VPOS="256" WIDTH="415" HEIGHT="72">
						<String ID="P8_ST00002" HPOS="1357" VPOS="256" WIDTH="76" HEIGHT="71" CONTENT="S." WC="0.58" CC="16"/>
						<SP ID="P8_SP00001" HPOS="1433" VPOS="327" WIDTH="82"/>
						<String ID="P8_ST00003" HPOS="1515" VPOS="259" WIDTH="61" HEIGHT="69" CONTENT="I." WC="0.64" CC="70"/>
						<SP ID="P8_SP00002" HPOS="1576" VPOS="328" WIDTH="78"/>
						<String ID="P8_ST00004" HPOS="1654" VPOS="259" WIDTH="118" HEIGHT="69" CONTENT="M." WC="0.45" CC="64"/>
					</TextLine>
				</TextBlock>
				<TextBlock ID="P8_TB00003" HPOS="274" VPOS="396" WIDTH="2563" HEIGHT="1796" STYLEREFS="TXT_2 PAR_LEFT">
					<TextLine ID="P8_TL00003" HPOS="290" VPOS="397" WIDTH="2545" HEIGHT="98">
						<String ID="P8_ST00005" HPOS="290" VPOS="397" WIDTH="370" HEIGHT="75" CONTENT="elle-même," WC="1.00" CC="0004300000"/>
						<SP ID="P8_SP00003" HPOS="660" VPOS="472" WIDTH="36"/>
						<String ID="P8_ST00006" HPOS="696" VPOS="402" WIDTH="152" HEIGHT="59" CONTENT="mais" WC="1.00" CC="0020"/>
						<SP ID="P8_SP00004" HPOS="848" VPOS="472" WIDTH="33"/>
						<String ID="P8_ST00007" HPOS="881" VPOS="404" WIDTH="335" HEIGHT="58" CONTENT="seulement" WC="1.00" CC="004000042"/>
						<SP ID="P8_SP00005" HPOS="1216" VPOS="472" WIDTH="37"/>
						<String ID="P8_ST00008" HPOS="1253" VPOS="426" WIDTH="80" HEIGHT="37" CONTENT="un" WC="0.69" CC="32"/>
						<SP ID="P8_SP00006" HPOS="1333" VPOS="472" WIDTH="37"/>
						<String ID="P8_ST00009" HPOS="1370" VPOS="426" WIDTH="223" HEIGHT="60" CONTENT="moyen" WC="0.99" CC="00007"/>
						<SP ID="P8_SP00007" HPOS="1593" VPOS="486" WIDTH="37"/>
						<String ID="P8_ST00010" HPOS="1630" VPOS="406" WIDTH="71" HEIGHT="58" CONTENT="de" WC="0.69" CC="06"/>
						<SP ID="P8_SP00008" HPOS="1701" VPOS="486" WIDTH="36"/>
						<String ID="P8_ST00011" HPOS="1737" VPOS="428" WIDTH="317" HEIGHT="38" CONTENT="converser" WC="1.00" CC="002000014"/>
						<SP ID="P8_SP00009" HPOS="2054" VPOS="486" WIDTH="36"/>
						<String ID="P8_ST00012" HPOS="2090" VPOS="434" WIDTH="12" HEIGHT="46" CONTENT=";" WC="0.93" CC="0"/>
						<SP ID="P8_SP00010" HPOS="2102" VPOS="486" WIDTH="59"/>
						<String ID="P8_ST00013" HPOS="2161" VPOS="430" WIDTH="105" HEIGHT="60" CONTENT="par" WC="1.00" CC="000"/>
						<SP ID="P8_SP00011" HPOS="2266" VPOS="490" WIDTH="33"/>
						<String ID="P8_ST00014" HPOS="2299" VPOS="412" WIDTH="154" HEIGHT="58" CONTENT="suite" WC="0.99" CC="03100"/>
						<SP ID="P8_SP00012" HPOS="2453" VPOS="490" WIDTH="37"/>
						<String ID="P8_ST00015" HPOS="2490" VPOS="414" WIDTH="71" HEIGHT="57" CONTENT="de" WC="1.00" CC="00"/>
						<SP ID="P8_SP00013" HPOS="2561" VPOS="490" WIDTH="35"/>
						<String ID="P8_ST00016" HPOS="2596" VPOS="417" WIDTH="146" HEIGHT="78" CONTENT="quoi" WC="1.00" CC="0000"/>
						<SP ID="P8_SP00014" HPOS="2742" VPOS="495" WIDTH="51"/>
						<String ID="P8_ST00017" HPOS="2793" VPOS="419" WIDTH="42" HEIGHT="57" CONTENT="il" WC="1.00" CC="00"/>
					</TextLine>
					<TextLine ID="P8_TL00004" HPOS="289" VPOS="485" WIDTH="2546" HEIGHT="98">
						<String ID="P8_ST00018" HPOS="289" VPOS="485" WIDTH="338" HEIGHT="63" CONTENT="choisissait" WC="1.00" CC="00050500024"/>
						<SP ID="P8_SP00015" HPOS="627" VPOS="548" WIDTH="55"/>
						<String ID="P8_ST00019" HPOS="682" VPOS="490" WIDTH="228" HEIGHT="81" CONTENT="parfois" WC="1.00" CC="0340000"/>
						<SP ID="P8_SP00016" HPOS="910" VPOS="571" WIDTH="57"/>
						<String ID="P8_ST00020" HPOS="967" VPOS="491" WIDTH="100" HEIGHT="60" CONTENT="des" WC="1.00" CC="000"/>
						<SP ID="P8_SP00017" HPOS="1067" VPOS="571" WIDTH="56"/>
						<String ID="P8_ST00021" HPOS="1123" VPOS="494" WIDTH="180" HEIGHT="80" CONTENT="sujets" WC="0.99" CC="036200"/>
						<SP ID="P8_SP00018" HPOS="1303" VPOS="574" WIDTH="55"/>
						<String ID="P8_ST00022" HPOS="1358" VPOS="496" WIDTH="107" HEIGHT="79" CONTENT="qui" WC="0.98" CC="050"/>
						<SP ID="P8_SP00019" HPOS="1465" VPOS="575" WIDTH="58"/>
						<String ID="P8_ST00023" HPOS="1523" VPOS="517" WIDTH="74" HEIGHT="36" CONTENT="ne" WC="1.00" CC="00"/>
						<SP ID="P8_SP00020" HPOS="1597" VPOS="575" WIDTH="57"/>
						<String ID="P8_ST00024" HPOS="1654" VPOS="497" WIDTH="403" HEIGHT="59" CONTENT="convenaient" WC="1.00" CC="00002202020"/>
						<SP ID="P8_SP00021" HPOS="2057" VPOS="575" WIDTH="53"/>
						<String ID="P8_ST00025" HPOS="2110" VPOS="497" WIDTH="380" HEIGHT="63" CONTENT="absolument" WC="1.00" CC="0005000000"/>
						<SP ID="P8_SP00022" HPOS="2490" VPOS="575" WIDTH="57"/>
						<String ID="P8_ST00026" HPOS="2547" VPOS="524" WIDTH="104" HEIGHT="59" CONTENT="pas" WC="0.97" CC="042"/>
						<SP ID="P8_SP00023" HPOS="2651" VPOS="583" WIDTH="51"/>
						<String ID="P8_ST00027" HPOS="2702" VPOS="504" WIDTH="30" HEIGHT="60" CONTENT="à" WC="0.29" CC="7"/>
						<SP ID="P8_SP00024" HPOS="2732" VPOS="583" WIDTH="48"/>
						<String ID="P8_ST00028" HPOS="2780" VPOS="508" WIDTH="55" HEIGHT="57" CONTENT="la" WC="1.00" CC="00"/>
					</TextLine>
					<TextLine ID="P8_TL00005" HPOS="287" VPOS="579" WIDTH="301" HEIGHT="80">
						<String ID="P8_ST00029" HPOS="287" VPOS="579" WIDTH="301" HEIGHT="80" CONTENT="musique." WC="0.99" CC="04030003"/>
					</TextLine>
					<TextLine ID="P8_TL00006" HPOS="468" VPOS="669" WIDTH="2359" HEIGHT="94">
						<String ID="P8_ST00030" HPOS="468" VPOS="670" WIDTH="146" HEIGHT="57" CONTENT="Cela" WC="0.99" CC="0030"/>
						<SP ID="P8_SP00025" HPOS="614" VPOS="727" WIDTH="56"/>
						<String ID="P8_ST00031" HPOS="670" VPOS="669" WIDTH="200" HEIGHT="60" CONTENT="donna" WC="1.00" CC="00020"/>
						<SP ID="P8_SP00026" HPOS="870" VPOS="729" WIDTH="58"/>
						<String ID="P8_ST00032" HPOS="928" VPOS="693" WIDTH="74" HEIGHT="37" CONTENT="au" WC="0.75" CC="05"/>
						<SP ID="P8_SP00027" HPOS="1002" VPOS="730" WIDTH="58"/>
						<String ID="P8_ST00033" HPOS="1060" VPOS="674" WIDTH="355" HEIGHT="58" CONTENT="talentueux" WC="0.99" CC="3020044050"/>
						<SP ID="P8_SP00028" HPOS="1415" VPOS="732" WIDTH="59"/>
						<String ID="P8_ST00034" HPOS="1474" VPOS="677" WIDTH="256" HEIGHT="58" CONTENT="satiriste" WC="1.00" CC="000026000"/>
						<SP ID="P8_SP00029" HPOS="1730" VPOS="735" WIDTH="61"/>
						<String ID="P8_ST00035" HPOS="1791" VPOS="677" WIDTH="313" HEIGHT="82" CONTENT="Saltykow" WC="0.92" CC="00100120"/>
						<SP ID="P8_SP00030" HPOS="2104" VPOS="759" WIDTH="63"/>
						<String ID="P8_ST00036" HPOS="2167" VPOS="678" WIDTH="499" HEIGHT="85" CONTENT="(Chtchédrine)," WC="0.88" CC="00500500020001"/>
						<SP ID="P8_SP00031" HPOS="2666" VPOS="763" WIDTH="60"/>
						<String ID="P8_ST00037" HPOS="2726" VPOS="706" WIDTH="101" HEIGHT="38" CONTENT="son" WC="0.98" CC="032"/>
					</TextLine>
					<TextLine ID="P8_TL00007" HPOS="285" VPOS="760" WIDTH="2546" HEIGHT="94">
						<String ID="P8_ST00038" HPOS="285" VPOS="760" WIDTH="486" HEIGHT="79" CONTENT="contemporain," WC="1.00" CC="0034000040360"/>
						<SP ID="P8_SP00032" HPOS="771" VPOS="839" WIDTH="59"/>
						<String ID="P8_ST00039" HPOS="830" VPOS="762" WIDTH="327" HEIGHT="59" CONTENT="l'occasion" WC="1.00" CC="0200000103"/>
						<SP ID="P8_SP00033" HPOS="1157" VPOS="839" WIDTH="79"/>
						<String ID="P8_ST00040" HPOS="1236" VPOS="764" WIDTH="71" HEIGHT="59" CONTENT="de" WC="1.00" CC="00"/>
						<SP ID="P8_SP00034" HPOS="1307" VPOS="839" WIDTH="63"/>
						<String ID="P8_ST00041" HPOS="1370" VPOS="765" WIDTH="340" HEIGHT="60" CONTENT="ridiculiser" WC="1.00" CC="00000026005"/>
						<SP ID="P8_SP00035" HPOS="1710" VPOS="839" WIDTH="63"/>
						<String ID="P8_ST00042" HPOS="1773" VPOS="782" WIDTH="158" HEIGHT="43" CONTENT="cette" WC="1.00" CC="00010"/>
						<SP ID="P8_SP00036" HPOS="1931" VPOS="839" WIDTH="65"/>
						<String ID="P8_ST00043" HPOS="1996" VPOS="769" WIDTH="296" HEIGHT="59" CONTENT="tendance" WC="1.00" CC="42000002"/>
						<SP ID="P8_SP00037" HPOS="2292" VPOS="839" WIDTH="63"/>
						<String ID="P8_ST00044" HPOS="2355" VPOS="792" WIDTH="156" HEIGHT="59" CONTENT="pour" WC="0.99" CC="0003"/>
						<SP ID="P8_SP00038" HPOS="2511" VPOS="851" WIDTH="64"/>
						<String ID="P8_ST00045" HPOS="2575" VPOS="774" WIDTH="256" HEIGHT="80" CONTENT="laquelle" WC="0.99" CC="10050050"/>
					</TextLine>
					<TextLine ID="P8_TL00008" HPOS="285" VPOS="847" WIDTH="2546" HEIGHT="92">
						<String ID="P8_ST00046" HPOS="285" VPOS="847" WIDTH="258" HEIGHT="61" CONTENT="Stassow" WC="0.92" CC="0300010"/>
						<SP ID="P8_SP00039" HPOS="543" VPOS="908" WIDTH="33"/>
						<String ID="P8_ST00047" HPOS="576" VPOS="848" WIDTH="199" HEIGHT="61" CONTENT="faisait" WC="1.00" CC="0300000"/>
						<SP ID="P8_SP00040" HPOS="775" VPOS="909" WIDTH="37"/>
						<String ID="P8_ST00048" HPOS="812" VPOS="851" WIDTH="222" HEIGHT="81" CONTENT="parfois" WC="1.00" CC="0060020"/>
						<SP ID="P8_SP00041" HPOS="1034" VPOS="932" WIDTH="36"/>
						<String ID="P8_ST00049" HPOS="1070" VPOS="853" WIDTH="72" HEIGHT="59" CONTENT="de" WC="1.00" CC="00"/>
						<SP ID="P8_SP00042" HPOS="1142" VPOS="932" WIDTH="34"/>
						<String ID="P8_ST00050" HPOS="1176" VPOS="856" WIDTH="55" HEIGHT="57" CONTENT="la" WC="0.69" CC="41"/>
						<SP ID="P8_SP00043" HPOS="1231" VPOS="932" WIDTH="33"/>
						<String ID="P8_ST00051" HPOS="1264" VPOS="857" WIDTH="393" HEIGHT="80" CONTENT="propagande" WC="1.00" CC="0000000200"/>
						<SP ID="P8_SP00044" HPOS="1657" VPOS="937" WIDTH="49"/>
						<String ID="P8_ST00052" HPOS="1706" VPOS="878" WIDTH="72" HEIGHT="37" CONTENT="en" WC="0.93" CC="01"/>
						<SP ID="P8_SP00045" HPOS="1778" VPOS="937" WIDTH="60"/>
						<String ID="P8_ST00053" HPOS="1838" VPOS="880" WIDTH="81" HEIGHT="37" CONTENT="un" WC="0.53" CC="53"/>
						<SP ID="P8_SP00046" HPOS="1919" VPOS="937" WIDTH="36"/>
						<String ID="P8_ST00054" HPOS="1955" VPOS="861" WIDTH="155" HEIGHT="78" CONTENT="petit" WC="1.00" CC="00000"/>
						<SP ID="P8_SP00047" HPOS="2110" VPOS="939" WIDTH="34"/>
						<String ID="P8_ST00055" HPOS="2144" VPOS="862" WIDTH="209" HEIGHT="57" CONTENT="article" WC="1.00" CC="0010000"/>
						<SP ID="P8_SP00048" HPOS="2353" VPOS="939" WIDTH="36"/>
						<String ID="P8_ST00056" HPOS="2389" VPOS="861" WIDTH="116" HEIGHT="59" CONTENT="très" WC="0.97" CC="1470"/>
						<SP ID="P8_SP00049" HPOS="2505" VPOS="939" WIDTH="32"/>
						<String ID="P8_ST00057" HPOS="2537" VPOS="861" WIDTH="80" HEIGHT="61" CONTENT="fin" WC="0.95" CC="335"/>
						<SP ID="P8_SP00050" HPOS="2617" VPOS="939" WIDTH="40"/>
						<String ID="P8_ST00058" HPOS="2657" VPOS="862" WIDTH="80" HEIGHT="61" CONTENT="où" WC="0.28" CC="68"/>
						<SP ID="P8_SP00051" HPOS="2737" VPOS="939" WIDTH="51"/>
						<String ID="P8_ST00059" HPOS="2788" VPOS="867" WIDTH="43" HEIGHT="57" CONTENT="il" WC="0.95" CC="00"/>
					</TextLine>
					<TextLine ID="P8_TL00009" HPOS="281" VPOS="939" WIDTH="2548" HEIGHT="88">
						<String ID="P8_ST00060" HPOS="281" VPOS="939" WIDTH="310" HEIGHT="79" CONTENT="proposait" WC="1.00" CC="002000021"/>
						<SP ID="P8_SP00052" HPOS="591" VPOS="1018" WIDTH="53"/>
						<String ID="P8_ST00061" HPOS="644" VPOS="941" WIDTH="408" HEIGHT="59" CONTENT="l'illustration" WC="1.00" CC="30033201000007"/>
						<SP ID="P8_SP00053" HPOS="1052" VPOS="1018" WIDTH="57"/>
						<String ID="P8_ST00062" HPOS="1109" VPOS="966" WIDTH="71" HEIGHT="36" CONTENT="en" WC="0.47" CC="36"/>
						<SP ID="P8_SP00054" HPOS="1180" VPOS="1018" WIDTH="59"/>
						<String ID="P8_ST00063" HPOS="1239" VPOS="947" WIDTH="282" HEIGHT="80" CONTENT="musique" WC="0.99" CC="0002033"/>
						<SP ID="P8_SP00055" HPOS="1521" VPOS="1027" WIDTH="58"/>
						<String ID="P8_ST00064" HPOS="1579" VPOS="946" WIDTH="80" HEIGHT="59" CONTENT="du" WC="0.80" CC="03"/>
						<SP ID="P8_SP00056" HPOS="1659" VPOS="1027" WIDTH="57"/>
						<String ID="P8_ST00065" HPOS="1716" VPOS="947" WIDTH="238" HEIGHT="60" CONTENT="tableau" WC="1.00" CC="0200005"/>
						<SP ID="P8_SP00057" HPOS="1954" VPOS="1027" WIDTH="57"/>
						<String ID="P8_ST00066" HPOS="2011" VPOS="951" WIDTH="237" HEIGHT="57" CONTENT="suivant" WC="1.00" CC="1000040"/>
						<SP ID="P8_SP00058" HPOS="2248" VPOS="1027" WIDTH="33"/>
						<String ID="P8_ST00067" HPOS="2281" VPOS="972" WIDTH="12" HEIGHT="37" CONTENT=":" WC="0.70" CC="2"/>
						<SP ID="P8_SP00059" HPOS="2293" VPOS="1027" WIDTH="63"/>
						<String ID="P8_ST00068" HPOS="2356" VPOS="952" WIDTH="102" HEIGHT="57" CONTENT="Un" WC="0.69" CC="06"/>
						<SP ID="P8_SP00060" HPOS="2458" VPOS="1027" WIDTH="56"/>
						<String ID="P8_ST00069" HPOS="2514" VPOS="955" WIDTH="190" HEIGHT="58" CONTENT="matin" WC="0.99" CC="00203"/>
						<SP ID="P8_SP00061" HPOS="2704" VPOS="1027" WIDTH="51"/>
						<String ID="P8_ST00070" HPOS="2755" VPOS="955" WIDTH="74" HEIGHT="58" CONTENT="de" WC="1.00" CC="00"/>
					</TextLine>
					<TextLine ID="P8_TL00010" HPOS="282" VPOS="1027" WIDTH="2548" HEIGHT="93">
						<String ID="P8_ST00071" HPOS="282" VPOS="1027" WIDTH="353" HEIGHT="74" CONTENT="novembre," WC="1.00" CC="030200520"/>
						<SP ID="P8_SP00062" HPOS="635" VPOS="1101" WIDTH="39"/>
						<String ID="P8_ST00072" HPOS="674" VPOS="1032" WIDTH="215" HEIGHT="78" CONTENT="glacial" WC="1.00" CC="0000000"/>
						<SP ID="P8_SP00063" HPOS="889" VPOS="1110" WIDTH="36"/>
						<String ID="P8_ST00073" HPOS="925" VPOS="1047" WIDTH="57" HEIGHT="42" CONTENT="et" WC="1.00" CC="00"/>
						<SP ID="P8_SP00064" HPOS="982" VPOS="1110" WIDTH="36"/>
						<String ID="P8_ST00074" HPOS="1018" VPOS="1033" WIDTH="260" HEIGHT="73" CONTENT="sombre," WC="1.00" CC="0001003"/>
						<SP ID="P8_SP00065" HPOS="1278" VPOS="1110" WIDTH="36"/>
						<String ID="P8_ST00075" HPOS="1314" VPOS="1033" WIDTH="30" HEIGHT="60" CONTENT="à" WC="0.44" CC="5"/>
						<SP ID="P8_SP00066" HPOS="1344" VPOS="1110" WIDTH="39"/>
						<String ID="P8_ST00076" HPOS="1383" VPOS="1036" WIDTH="628" HEIGHT="84" CONTENT="Saint-Pétersbourg." WC="1.00" CC="005200002100012300"/>
						<SP ID="P8_SP00067" HPOS="2011" VPOS="1120" WIDTH="44"/>
						<String ID="P8_ST00077" HPOS="2055" VPOS="1040" WIDTH="102" HEIGHT="57" CONTENT="Un" WC="0.68" CC="05"/>
						<SP ID="P8_SP00068" HPOS="2157" VPOS="1120" WIDTH="38"/>
						<String ID="P8_ST00078" HPOS="2195" VPOS="1040" WIDTH="211" HEIGHT="59" CONTENT="cheval" WC="0.98" CC="060063"/>
						<SP ID="P8_SP00069" HPOS="2406" VPOS="1120" WIDTH="35"/>
						<String ID="P8_ST00079" HPOS="2441" VPOS="1042" WIDTH="73" HEIGHT="57" CONTENT="de" WC="1.00" CC="00"/>
						<SP ID="P8_SP00070" HPOS="2514" VPOS="1120" WIDTH="48"/>
						<String ID="P8_ST00080" HPOS="2562" VPOS="1041" WIDTH="199" HEIGHT="75" CONTENT="fiacre," WC="0.99" CC="3340001"/>
						<SP ID="P8_SP00071" HPOS="2761" VPOS="1120" WIDTH="39"/>
						<String ID="P8_ST00081" HPOS="2800" VPOS="1044" WIDTH="30" HEIGHT="59" CONTENT="à" WC="0.36" CC="6"/>
					</TextLine>
					<TextLine ID="P8_TL00011" HPOS="284" VPOS="1116" WIDTH="2541" HEIGHT="89">
						<String ID="P8_ST00082" HPOS="284" VPOS="1116" WIDTH="162" HEIGHT="58" CONTENT="demi" WC="0.99" CC="0002"/>
						<SP ID="P8_SP00072" HPOS="446" VPOS="1174" WIDTH="38"/>
						<String ID="P8_ST00083" HPOS="484" VPOS="1135" WIDTH="162" HEIGHT="43" CONTENT="mort" WC="0.99" CC="0023"/>
						<SP ID="P8_SP00073" HPOS="646" VPOS="1178" WIDTH="36"/>
						<String ID="P8_ST00084" HPOS="682" VPOS="1121" WIDTH="72" HEIGHT="57" CONTENT="de" WC="0.81" CC="03"/>
						<SP ID="P8_SP00074" HPOS="754" VPOS="1178" WIDTH="34"/>
						<String ID="P8_ST00085" HPOS="788" VPOS="1119" WIDTH="171" HEIGHT="73" CONTENT="faim," WC="1.00" CC="00200"/>
						<SP ID="P8_SP00075" HPOS="959" VPOS="1192" WIDTH="37"/>
						<String ID="P8_ST00086" HPOS="996" VPOS="1122" WIDTH="192" HEIGHT="60" CONTENT="traîne" WC="1.00" CC="100040"/>
						<SP ID="P8_SP00076" HPOS="1188" VPOS="1192" WIDTH="52"/>
						<String ID="P8_ST00087" HPOS="1240" VPOS="1124" WIDTH="420" HEIGHT="81" CONTENT="péniblement" WC="1.00" CC="00200200204"/>
						<SP ID="P8_SP00077" HPOS="1660" VPOS="1205" WIDTH="50"/>
						<String ID="P8_ST00088" HPOS="1710" VPOS="1150" WIDTH="79" HEIGHT="36" CONTENT="un" WC="0.67" CC="51"/>
						<SP ID="P8_SP00078" HPOS="1789" VPOS="1205" WIDTH="39"/>
						<String ID="P8_ST00089" HPOS="1828" VPOS="1130" WIDTH="184" HEIGHT="57" CONTENT="client" WC="0.99" CC="010044"/>
						<SP ID="P8_SP00079" HPOS="2012" VPOS="1205" WIDTH="34"/>
						<String ID="P8_ST00090" HPOS="2046" VPOS="1129" WIDTH="32" HEIGHT="58" CONTENT="à" WC="0.01" CC="9"/>
						<SP ID="P8_SP00080" HPOS="2078" VPOS="1205" WIDTH="41"/>
						<String ID="P8_ST00091" HPOS="2119" VPOS="1131" WIDTH="167" HEIGHT="57" CONTENT="triste" WC="0.99" CC="136020"/>
						<SP ID="P8_SP00081" HPOS="2286" VPOS="1205" WIDTH="49"/>
						<String ID="P8_ST00092" HPOS="2335" VPOS="1134" WIDTH="185" HEIGHT="57" CONTENT="mine." WC="0.99" CC="00403"/>
						<SP ID="P8_SP00082" HPOS="2520" VPOS="1205" WIDTH="42"/>
						<String ID="P8_ST00093" HPOS="2562" VPOS="1134" WIDTH="263" HEIGHT="59" CONTENT="Soudain" WC="0.99" CC="2000106"/>
					</TextLine>
					<TextLine ID="P8_TL00012" HPOS="280" VPOS="1207" WIDTH="2545" HEIGHT="94">
						<String ID="P8_ST00094" HPOS="280" VPOS="1207" WIDTH="54" HEIGHT="58" CONTENT="la" WC="1.00" CC="00"/>
						<SP ID="P8_SP00083" HPOS="334" VPOS="1265" WIDTH="33"/>
						<String ID="P8_ST00095" HPOS="367" VPOS="1209" WIDTH="242" HEIGHT="58" CONTENT="voiture" WC="0.99" CC="0305010"/>
						<SP ID="P8_SP00084" HPOS="609" VPOS="1267" WIDTH="35"/>
						<String ID="P8_ST00096" HPOS="644" VPOS="1232" WIDTH="22" HEIGHT="36" CONTENT="s" WC="1.00" CC="0"/>
						<SP ID="P8_SP00085" HPOS="666" VPOS="1268" WIDTH="27"/>
						<String ID="P8_ST00097" HPOS="693" VPOS="1211" WIDTH="193" HEIGHT="59" CONTENT="arrête" WC="0.99" CC="010050"/>
						<SP ID="P8_SP00086" HPOS="886" VPOS="1270" WIDTH="42"/>
						<String ID="P8_ST00098" HPOS="928" VPOS="1211" WIDTH="19" HEIGHT="80" CONTENT="(" WC="1.00" CC="0"/>
						<String ID="P8_ST00099" HPOS="950" VPOS="1238" WIDTH="12" HEIGHT="18" CONTENT="/" STYLE="superscript" WC="0.33" CC="6"/>
						<String ID="P8_ST00100" HPOS="962" VPOS="1223" WIDTH="72" HEIGHT="57" CONTENT="*T" WC="0.19" CC="78"/>
						<String ID="P8_ST00101" HPOS="1034" VPOS="1228" WIDTH="31" HEIGHT="29" CONTENT="S" STYLE="superscript" WC="0.23" CC="7"/>
						<String ID="P8_ST00102" HPOS="1067" VPOS="1213" WIDTH="19" HEIGHT="78" CONTENT=")" WC="0.73" CC="2"/>
						<SP ID="P8_SP00087" HPOS="1086" VPOS="1291" WIDTH="43"/>
						<String ID="P8_ST00103" HPOS="1129" VPOS="1215" WIDTH="121" HEIGHT="70" CONTENT=";le" WC="0.97" CC="330"/>
						<SP ID="P8_SP00088" HPOS="1250" VPOS="1291" WIDTH="52"/>
						<String ID="P8_ST00104" HPOS="1302" VPOS="1215" WIDTH="224" HEIGHT="60" CONTENT="cocher" WC="0.99" CC="400600"/>
						<SP ID="P8_SP00089" HPOS="1526" VPOS="1291" WIDTH="34"/>
						<String ID="P8_ST00105" HPOS="1560" VPOS="1216" WIDTH="258" HEIGHT="60" CONTENT="descend" WC="1.00" CC="0000060"/>
						<SP ID="P8_SP00090" HPOS="1818" VPOS="1291" WIDTH="35"/>
						<String ID="P8_ST00106" HPOS="1853" VPOS="1220" WIDTH="80" HEIGHT="57" CONTENT="du" WC="1.00" CC="00"/>
						<SP ID="P8_SP00091" HPOS="1933" VPOS="1291" WIDTH="51"/>
						<String ID="P8_ST00107" HPOS="1984" VPOS="1218" WIDTH="161" HEIGHT="82" CONTENT="siège" WC="0.97" CC="20790"/>
						<SP ID="P8_SP00092" HPOS="2145" VPOS="1300" WIDTH="53"/>
						<String ID="P8_ST00108" HPOS="2198" VPOS="1242" WIDTH="156" HEIGHT="59" CONTENT="pour" WC="0.99" CC="0050"/>
						<SP ID="P8_SP00093" HPOS="2354" VPOS="1301" WIDTH="48"/>
						<String ID="P8_ST00109" HPOS="2402" VPOS="1243" WIDTH="286" HEIGHT="38" CONTENT="ramasser" WC="1.00" CC="01000002"/>
						<SP ID="P8_SP00094" HPOS="2688" VPOS="1301" WIDTH="33"/>
						<String ID="P8_ST00110" HPOS="2721" VPOS="1246" WIDTH="104" HEIGHT="38" CONTENT="son" WC="0.99" CC="010"/>
					</TextLine>
					<TextLine ID="P8_TL00013" HPOS="281" VPOS="1294" WIDTH="1343" HEIGHT="91">
						<String ID="P8_ST00111" HPOS="281" VPOS="1294" WIDTH="172" HEIGHT="61" CONTENT="fouet" WC="0.99" CC="00503"/>
						<SP ID="P8_SP00095" HPOS="453" VPOS="1355" WIDTH="36"/>
						<String ID="P8_ST00112" HPOS="489" VPOS="1298" WIDTH="271" HEIGHT="61" CONTENT="tombé..." WC="0.99" CC="02006023"/>
						<SP ID="P8_SP00096" HPOS="760" VPOS="1359" WIDTH="41"/>
						<String ID="P8_ST00113" HPOS="801" VPOS="1315" WIDTH="113" HEIGHT="45" CONTENT="etc." WC="0.99" CC="1200"/>
						<SP ID="P8_SP00097" HPOS="914" VPOS="1360" WIDTH="38"/>
						<String ID="P8_ST00114" HPOS="952" VPOS="1301" WIDTH="144" HEIGHT="60" CONTENT="dans" WC="0.99" CC="0031"/>
						<SP ID="P8_SP00098" HPOS="1096" VPOS="1361" WIDTH="33"/>
						<String ID="P8_ST00115" HPOS="1129" VPOS="1304" WIDTH="55" HEIGHT="57" CONTENT="le" WC="1.00" CC="00"/>
						<SP ID="P8_SP00099" HPOS="1184" VPOS="1361" WIDTH="33"/>
						<String ID="P8_ST00116" HPOS="1217" VPOS="1305" WIDTH="203" HEIGHT="57" CONTENT="même" WC="1.00" CC="0100"/>
						<SP ID="P8_SP00100" HPOS="1420" VPOS="1362" WIDTH="36"/>
						<String ID="P8_ST00117" HPOS="1456" VPOS="1305" WIDTH="168" HEIGHT="80" CONTENT="goût." WC="0.97" CC="96203"/>
					</TextLine>
					<TextLine ID="P8_TL00014" HPOS="463" VPOS="1389" WIDTH="2363" HEIGHT="93">
						<String ID="P8_ST00118" HPOS="463" VPOS="1389" WIDTH="242" HEIGHT="60" CONTENT="Parlant" WC="0.99" CC="6030023"/>
						<SP ID="P8_SP00101" HPOS="705" VPOS="1449" WIDTH="37"/>
						<String ID="P8_ST00119" HPOS="742" VPOS="1390" WIDTH="71" HEIGHT="59" CONTENT="de" WC="1.00" CC="00"/>
						<SP ID="P8_SP00102" HPOS="813" VPOS="1449" WIDTH="37"/>
						<String ID="P8_ST00120" HPOS="850" VPOS="1393" WIDTH="469" HEIGHT="84" CONTENT="Mçussorgsky," WC="0.79" CC="080006060200"/>
						<SP ID="P8_SP00103" HPOS="1319" VPOS="1477" WIDTH="28"/>
						<String ID="P8_ST00121" HPOS="1347" VPOS="1395" WIDTH="62" HEIGHT="79" CONTENT="je" WC="0.83" CC="30"/>
						<SP ID="P8_SP00104" HPOS="1409" VPOS="1477" WIDTH="34"/>
						<String ID="P8_ST00122" HPOS="1443" VPOS="1395" WIDTH="130" HEIGHT="59" CONTENT="dois" WC="0.99" CC="0300"/>
						<SP ID="P8_SP00105" HPOS="1573" VPOS="1477" WIDTH="34"/>
						<String ID="P8_ST00123" HPOS="1607" VPOS="1397" WIDTH="127" HEIGHT="58" CONTENT="dire" WC="0.99" CC="0220"/>
						<SP ID="P8_SP00106" HPOS="1734" VPOS="1477" WIDTH="38"/>
						<String ID="P8_ST00124" HPOS="1772" VPOS="1399" WIDTH="150" HEIGHT="79" CONTENT="qu'il" WC="0.99" CC="05400"/>
						<SP ID="P8_SP00107" HPOS="1922" VPOS="1478" WIDTH="52"/>
						<String ID="P8_ST00125" HPOS="1974" VPOS="1421" WIDTH="74" HEIGHT="35" CONTENT="ne" WC="0.72" CC="50"/>
						<SP ID="P8_SP00108" HPOS="2048" VPOS="1478" WIDTH="51"/>
						<String ID="P8_ST00126" HPOS="2099" VPOS="1398" WIDTH="95" HEIGHT="60" CONTENT="fut" WC="0.97" CC="051"/>
						<SP ID="P8_SP00109" HPOS="2194" VPOS="1478" WIDTH="52"/>
						<String ID="P8_ST00127" HPOS="2246" VPOS="1422" WIDTH="104" HEIGHT="60" CONTENT="pas" WC="1.00" CC="000"/>
						<SP ID="P8_SP00110" HPOS="2350" VPOS="1482" WIDTH="33"/>
						<String ID="P8_ST00128" HPOS="2383" VPOS="1400" WIDTH="276" HEIGHT="61" CONTENT="heureux" WC="1.00" CC="5010000"/>
						<SP ID="P8_SP00111" HPOS="2659" VPOS="1482" WIDTH="34"/>
						<String ID="P8_ST00129" HPOS="2693" VPOS="1425" WIDTH="133" HEIGHT="38" CONTENT="sous" WC="0.99" CC="0120"/>
					</TextLine>
					<TextLine ID="P8_TL00015" HPOS="276" VPOS="1472" WIDTH="2550" HEIGHT="95">
						<String ID="P8_ST00130" HPOS="276" VPOS="1477" WIDTH="56" HEIGHT="57" CONTENT="le" WC="1.00" CC="00"/>
						<SP ID="P8_SP00112" HPOS="332" VPOS="1534" WIDTH="51"/>
						<String ID="P8_ST00131" HPOS="383" VPOS="1493" WIDTH="250" HEIGHT="65" CONTENT="rapport" WC="1.00" CC="0000001"/>
						<SP ID="P8_SP00113" HPOS="633" VPOS="1558" WIDTH="55"/>
						<String ID="P8_ST00132" HPOS="688" VPOS="1479" WIDTH="72" HEIGHT="59" CONTENT="de" WC="1.00" CC="00"/>
						<SP ID="P8_SP00114" HPOS="760" VPOS="1558" WIDTH="49"/>
						<String ID="P8_ST00133" HPOS="809" VPOS="1501" WIDTH="87" HEIGHT="38" CONTENT="ses" WC="1.00" CC="000"/>
						<SP ID="P8_SP00115" HPOS="896" VPOS="1558" WIDTH="53"/>
						<String ID="P8_ST00134" HPOS="949" VPOS="1472" WIDTH="419" HEIGHT="83" CONTENT="aânïirateurs," WC="0.59" CC="0788880305002"/>
						<SP ID="P8_SP00116" HPOS="1368" VPOS="1558" WIDTH="55"/>
						<String ID="P8_ST00135" HPOS="1423" VPOS="1487" WIDTH="108" HEIGHT="79" CONTENT="qui" WC="0.98" CC="040"/>
						<SP ID="P8_SP00117" HPOS="1531" VPOS="1566" WIDTH="52"/>
						<String ID="P8_ST00136" HPOS="1583" VPOS="1487" WIDTH="54" HEIGHT="57" CONTENT="le" WC="0.90" CC="20"/>
						<SP ID="P8_SP00118" HPOS="1637" VPOS="1566" WIDTH="51"/>
						<String ID="P8_ST00137" HPOS="1688" VPOS="1486" WIDTH="398" HEIGHT="81" CONTENT="flagornaient" WC="0.99" CC="554044400064"/>
						<SP ID="P8_SP00119" HPOS="2086" VPOS="1567" WIDTH="52"/>
						<String ID="P8_ST00138" HPOS="2138" VPOS="1503" WIDTH="58" HEIGHT="45" CONTENT="et" WC="0.86" CC="02"/>
						<SP ID="P8_SP00120" HPOS="2196" VPOS="1567" WIDTH="52"/>
						<String ID="P8_ST00139" HPOS="2248" VPOS="1491" WIDTH="85" HEIGHT="57" CONTENT="lui" WC="0.98" CC="050"/>
						<SP ID="P8_SP00121" HPOS="2333" VPOS="1567" WIDTH="55"/>
						<String ID="P8_ST00140" HPOS="2388" VPOS="1491" WIDTH="328" HEIGHT="61" CONTENT="donnaient" WC="1.00" CC="000030012"/>
						<SP ID="P8_SP00122" HPOS="2716" VPOS="1567" WIDTH="38"/>
						<String ID="P8_ST00141" HPOS="2754" VPOS="1494" WIDTH="72" HEIGHT="58" CONTENT="de" WC="0.77" CC="31"/>
					</TextLine>
					<TextLine ID="P8_TL00016" HPOS="277" VPOS="1571" WIDTH="1860" HEIGHT="81">
						<String ID="P8_ST00142" HPOS="277" VPOS="1571" WIDTH="272" HEIGHT="56" CONTENT="mauvais" WC="0.99" CC="0750030"/>
						<SP ID="P8_SP00123" HPOS="549" VPOS="1627" WIDTH="36"/>
						<String ID="P8_ST00143" HPOS="585" VPOS="1571" WIDTH="254" HEIGHT="58" CONTENT="conseils" WC="1.00" CC="00602000"/>
						<SP ID="P8_SP00124" HPOS="839" VPOS="1629" WIDTH="157"/>
						<String ID="P8_ST00144" HPOS="996" VPOS="1594" WIDTH="117" HEIGHT="58" CONTENT="que" WC="0.99" CC="003"/>
						<SP ID="P8_SP00125" HPOS="1113" VPOS="1652" WIDTH="36"/>
						<String ID="P8_ST00145" HPOS="1149" VPOS="1572" WIDTH="593" HEIGHT="62" CONTENT="malheureusement" WC="1.00" CC="060502322100230"/>
						<SP ID="P8_SP00126" HPOS="1742" VPOS="1652" WIDTH="34"/>
						<String ID="P8_ST00146" HPOS="1776" VPOS="1578" WIDTH="43" HEIGHT="56" CONTENT="il" WC="1.00" CC="00"/>
						<SP ID="P8_SP00127" HPOS="1819" VPOS="1652" WIDTH="34"/>
						<String ID="P8_ST00147" HPOS="1853" VPOS="1580" WIDTH="284" HEIGHT="58" CONTENT="suivait..." WC="1.00" CC="0400010322"/>
					</TextLine>
					<TextLine ID="P8_TL00017" HPOS="460" VPOS="1661" WIDTH="2364" HEIGHT="90">
						<String ID="P8_ST00148" HPOS="460" VPOS="1705" WIDTH="56" HEIGHT="12" CONTENT="..." WC="0.95" CC="443"/>
						<SP ID="P8_SP00128" HPOS="516" VPOS="1717" WIDTH="56"/>
						<String ID="P8_ST00149" HPOS="572" VPOS="1661" WIDTH="95" HEIGHT="57" CONTENT="En" WC="0.72" CC="50"/>
						<SP ID="P8_SP00129" HPOS="667" VPOS="1718" WIDTH="56"/>
						<String ID="P8_ST00150" HPOS="723" VPOS="1682" WIDTH="67" HEIGHT="36" CONTENT="ce" WC="0.79" CC="04"/>
						<SP ID="P8_SP00130" HPOS="790" VPOS="1718" WIDTH="58"/>
						<String ID="P8_ST00151" HPOS="848" VPOS="1663" WIDTH="102" HEIGHT="79" CONTENT="qui" WC="0.97" CC="007"/>
						<SP ID="P8_SP00131" HPOS="950" VPOS="1742" WIDTH="70"/>
						<String ID="P8_ST00152" HPOS="1020" VPOS="1684" WIDTH="299" HEIGHT="39" CONTENT="concerne" WC="0.99" CC="00602636"/>
						<SP ID="P8_SP00132" HPOS="1319" VPOS="1742" WIDTH="56"/>
						<String ID="P8_ST00153" HPOS="1375" VPOS="1666" WIDTH="321" HEIGHT="80" CONTENT="l'analogie" WC="0.99" CC="1295000000"/>
						<SP ID="P8_SP00133" HPOS="1696" VPOS="1746" WIDTH="56"/>
						<String ID="P8_ST00154" HPOS="1752" VPOS="1667" WIDTH="359" HEIGHT="81" CONTENT="rythmique" WC="0.99" CC="703600034"/>
						<SP ID="P8_SP00134" HPOS="2111" VPOS="1748" WIDTH="57"/>
						<String ID="P8_ST00155" HPOS="2168" VPOS="1668" WIDTH="82" HEIGHT="60" CONTENT="du" WC="0.67" CC="06"/>
						<SP ID="P8_SP00135" HPOS="2250" VPOS="1748" WIDTH="57"/>
						<String ID="P8_ST00156" HPOS="2307" VPOS="1672" WIDTH="265" HEIGHT="79" CONTENT="premier" WC="0.98" CC="0540335"/>
						<SP ID="P8_SP00136" HPOS="2572" VPOS="1751" WIDTH="56"/>
						<String ID="P8_ST00157" HPOS="2628" VPOS="1687" WIDTH="57" HEIGHT="44" CONTENT="et" WC="0.80" CC="03"/>
						<SP ID="P8_SP00137" HPOS="2685" VPOS="1751" WIDTH="59"/>
						<String ID="P8_ST00158" HPOS="2744" VPOS="1674" WIDTH="80" HEIGHT="58" CONTENT="du" WC="0.74" CC="05"/>
					</TextLine>
					<TextLine ID="P8_TL00018" HPOS="275" VPOS="1747" WIDTH="2551" HEIGHT="93">
						<String ID="P8_ST00159" HPOS="275" VPOS="1747" WIDTH="222" HEIGHT="59" CONTENT="second" WC="1.00" CC="000000"/>
						<SP ID="P8_SP00138" HPOS="497" VPOS="1806" WIDTH="34"/>
						<String ID="P8_ST00160" HPOS="531" VPOS="1747" WIDTH="210" HEIGHT="61" CONTENT="thème" WC="0.97" CC="16803"/>
						<SP ID="P8_SP00139" HPOS="741" VPOS="1808" WIDTH="34"/>
						<String ID="P8_ST00161" HPOS="775" VPOS="1750" WIDTH="73" HEIGHT="58" CONTENT="de" WC="1.00" CC="00"/>
						<SP ID="P8_SP00140" HPOS="848" VPOS="1808" WIDTH="36"/>
						<String ID="P8_ST00162" HPOS="884" VPOS="1773" WIDTH="98" HEIGHT="36" CONTENT="ma" WC="1.00" CC="00"/>
						<SP ID="P8_SP00141" HPOS="982" VPOS="1809" WIDTH="34"/>
						<String ID="P8_ST00163" HPOS="1016" VPOS="1767" WIDTH="225" HEIGHT="59" CONTENT="sonate," WC="0.99" CC="0026304"/>
						<SP ID="P8_SP00142" HPOS="1241" VPOS="1826" WIDTH="19"/>
						<String ID="P8_ST00164" HPOS="1260" VPOS="1754" WIDTH="64" HEIGHT="80" CONTENT="je" WC="0.81" CC="30"/>
						<SP ID="P8_SP00143" HPOS="1324" VPOS="1834" WIDTH="34"/>
						<String ID="P8_ST00165" HPOS="1358" VPOS="1776" WIDTH="150" HEIGHT="37" CONTENT="vous" WC="1.00" CC="0000"/>
						<SP ID="P8_SP00144" HPOS="1508" VPOS="1834" WIDTH="36"/>
						<String ID="P8_ST00166" HPOS="1544" VPOS="1756" WIDTH="149" HEIGHT="58" CONTENT="dirai" WC="1.00" CC="00000"/>
						<SP ID="P8_SP00145" HPOS="1693" VPOS="1834" WIDTH="37"/>
						<String ID="P8_ST00167" HPOS="1730" VPOS="1757" WIDTH="149" HEIGHT="80" CONTENT="qu'il" WC="1.00" CC="00001"/>
						<SP ID="P8_SP00146" HPOS="1879" VPOS="1837" WIDTH="34"/>
						<String ID="P8_ST00168" HPOS="1913" VPOS="1773" WIDTH="85" HEIGHT="43" CONTENT="est" WC="0.97" CC="105"/>
						<SP ID="P8_SP00147" HPOS="1998" VPOS="1837" WIDTH="29"/>
						<String ID="P8_ST00169" HPOS="2027" VPOS="1757" WIDTH="101" HEIGHT="60" CONTENT="des" WC="1.00" CC="000"/>
						<SP ID="P8_SP00148" HPOS="2128" VPOS="1837" WIDTH="34"/>
						<String ID="P8_ST00170" HPOS="2162" VPOS="1761" WIDTH="311" HEIGHT="79" CONTENT="exemples" WC="1.00" CC="00000300"/>
						<SP ID="P8_SP00149" HPOS="2473" VPOS="1840" WIDTH="34"/>
						<String ID="P8_ST00171" HPOS="2507" VPOS="1761" WIDTH="319" HEIGHT="60" CONTENT="d'affinités" WC="1.00" CC="00000000070"/>
					</TextLine>
					<TextLine ID="P8_TL00019" HPOS="275" VPOS="1836" WIDTH="2549" HEIGHT="94">
						<String ID="P8_ST00172" HPOS="275" VPOS="1837" WIDTH="136" HEIGHT="80" CONTENT="plus" WC="1.00" CC="0000"/>
						<SP ID="P8_SP00150" HPOS="411" VPOS="1917" WIDTH="34"/>
						<String ID="P8_ST00173" HPOS="445" VPOS="1836" WIDTH="248" HEIGHT="62" CONTENT="étroites" WC="0.99" CC="60012400"/>
						<SP ID="P8_SP00151" HPOS="693" VPOS="1917" WIDTH="34"/>
						<String ID="P8_ST00174" HPOS="727" VPOS="1861" WIDTH="218" HEIGHT="39" CONTENT="encore" WC="0.99" CC="010050"/>
						<SP ID="P8_SP00152" HPOS="945" VPOS="1917" WIDTH="35"/>
						<String ID="P8_ST00175" HPOS="980" VPOS="1842" WIDTH="100" HEIGHT="59" CONTENT="des" WC="1.00" CC="000"/>
						<SP ID="P8_SP00153" HPOS="1080" VPOS="1917" WIDTH="34"/>
						<String ID="P8_ST00176" HPOS="1114" VPOS="1842" WIDTH="160" HEIGHT="60" CONTENT="deux" WC="0.99" CC="0040"/>
						<SP ID="P8_SP00154" HPOS="1274" VPOS="1917" WIDTH="35"/>
						<String ID="P8_ST00177" HPOS="1309" VPOS="1842" WIDTH="235" HEIGHT="61" CONTENT="thèmes" WC="0.98" CC="458000"/>
						<SP ID="P8_SP00155" HPOS="1544" VPOS="1917" WIDTH="34"/>
						<String ID="P8_ST00178" HPOS="1578" VPOS="1846" WIDTH="142" HEIGHT="57" CONTENT="d'un" WC="0.99" CC="0011"/>
						<SP ID="P8_SP00156" HPOS="1720" VPOS="1917" WIDTH="36"/>
						<String ID="P8_ST00179" HPOS="1756" VPOS="1848" WIDTH="252" HEIGHT="80" CONTENT="Allegro" WC="1.00" CC="1210000"/>
						<SP ID="P8_SP00157" HPOS="2008" VPOS="1928" WIDTH="35"/>
						<String ID="P8_ST00180" HPOS="2043" VPOS="1848" WIDTH="73" HEIGHT="58" CONTENT="de" WC="1.00" CC="00"/>
						<SP ID="P8_SP00158" HPOS="2116" VPOS="1928" WIDTH="33"/>
						<String ID="P8_ST00181" HPOS="2149" VPOS="1849" WIDTH="389" HEIGHT="81" CONTENT="symphonie." WC="1.00" CC="0000704004"/>
						<SP ID="P8_SP00159" HPOS="2538" VPOS="1930" WIDTH="32"/>
						<String ID="P8_ST00182" HPOS="2570" VPOS="1853" WIDTH="72" HEIGHT="77" CONTENT="Je" WC="0.98" CC="00"/>
						<SP ID="P8_SP00160" HPOS="2642" VPOS="1930" WIDTH="33"/>
						<String ID="P8_ST00183" HPOS="2675" VPOS="1873" WIDTH="149" HEIGHT="38" CONTENT="vous" WC="0.99" CC="0030"/>
					</TextLine>
					<TextLine ID="P8_TL00020" HPOS="276" VPOS="1925" WIDTH="2545" HEIGHT="93">
						<String ID="P8_ST00184" HPOS="276" VPOS="1925" WIDTH="198" HEIGHT="61" CONTENT="réfère" WC="0.98" CC="070703"/>
						<SP ID="P8_SP00161" HPOS="474" VPOS="1986" WIDTH="51"/>
						<String ID="P8_ST00185" HPOS="525" VPOS="1950" WIDTH="75" HEIGHT="36" CONTENT="au" WC="0.75" CC="04"/>
						<SP ID="P8_SP00162" HPOS="600" VPOS="1986" WIDTH="51"/>
						<String ID="P8_ST00186" HPOS="651" VPOS="1933" WIDTH="269" HEIGHT="77" CONTENT="premier" WC="1.00" CC="0000410"/>
						<SP ID="P8_SP00163" HPOS="920" VPOS="2010" WIDTH="52"/>
						<String ID="P8_ST00187" HPOS="972" VPOS="1948" WIDTH="398" HEIGHT="44" CONTENT="mouvement" WC="1.00" CC="013000004"/>
						<SP ID="P8_SP00164" HPOS="1370" VPOS="2010" WIDTH="35"/>
						<String ID="P8_ST00188" HPOS="1405" VPOS="1934" WIDTH="81" HEIGHT="58" CONTENT="du" WC="0.72" CC="05"/>
						<SP ID="P8_SP00165" HPOS="1486" VPOS="2010" WIDTH="36"/>
						<String ID="P8_ST00189" HPOS="1522" VPOS="1950" WIDTH="288" HEIGHT="45" CONTENT="concerto" WC="1.00" CC="00601030"/>
						<SP ID="P8_SP00166" HPOS="1810" VPOS="2010" WIDTH="37"/>
						<String ID="P8_ST00190" HPOS="1847" VPOS="1936" WIDTH="71" HEIGHT="59" CONTENT="de" WC="1.00" CC="00"/>
						<SP ID="P8_SP00167" HPOS="1918" VPOS="2010" WIDTH="41"/>
						<String ID="P8_ST00191" HPOS="1959" VPOS="1939" WIDTH="181" HEIGHT="79" CONTENT="piano" WC="0.99" CC="00033"/>
						<SP ID="P8_SP00168" HPOS="2140" VPOS="2018" WIDTH="37"/>
						<String ID="P8_ST00192" HPOS="2177" VPOS="1939" WIDTH="73" HEIGHT="58" CONTENT="de" WC="1.00" CC="00"/>
						<SP ID="P8_SP00169" HPOS="2250" VPOS="2018" WIDTH="35"/>
						<String ID="P8_ST00193" HPOS="2285" VPOS="1940" WIDTH="353" HEIGHT="60" CONTENT="Schumann" WC="0.82" CC="00550002"/>
						<SP ID="P8_SP00170" HPOS="2638" VPOS="2018" WIDTH="37"/>
						<String ID="P8_ST00194" HPOS="2675" VPOS="1941" WIDTH="146" HEIGHT="60" CONTENT="dont" WC="0.98" CC="0062"/>
					</TextLine>
					<TextLine ID="P8_TL00021" HPOS="276" VPOS="2018" WIDTH="2546" HEIGHT="94">
						<String ID="P8_ST00195" HPOS="276" VPOS="2018" WIDTH="55" HEIGHT="57" CONTENT="le" WC="1.00" CC="00"/>
						<SP ID="P8_SP00171" HPOS="331" VPOS="2075" WIDTH="35"/>
						<String ID="P8_ST00196" HPOS="366" VPOS="2020" WIDTH="266" HEIGHT="78" CONTENT="premier" WC="1.00" CC="0500000"/>
						<SP ID="P8_SP00172" HPOS="632" VPOS="2098" WIDTH="33"/>
						<String ID="P8_ST00197" HPOS="665" VPOS="2019" WIDTH="209" HEIGHT="60" CONTENT="thème" WC="0.98" CC="05801"/>
						<SP ID="P8_SP00173" HPOS="874" VPOS="2098" WIDTH="35"/>
						<String ID="P8_ST00198" HPOS="909" VPOS="2037" WIDTH="85" HEIGHT="43" CONTENT="est" WC="1.00" CC="100"/>
						<SP ID="P8_SP00174" HPOS="994" VPOS="2098" WIDTH="35"/>
						<String ID="P8_ST00199" HPOS="1029" VPOS="2021" WIDTH="32" HEIGHT="59" CONTENT="à" WC="0.39" CC="6"/>
						<SP ID="P8_SP00175" HPOS="1061" VPOS="2098" WIDTH="32"/>
						<String ID="P8_ST00200" HPOS="1093" VPOS="2044" WIDTH="119" HEIGHT="60" CONTENT="peu" WC="0.99" CC="010"/>
						<SP ID="P8_SP00176" HPOS="1212" VPOS="2104" WIDTH="37"/>
						<String ID="P8_ST00201" HPOS="1249" VPOS="2023" WIDTH="134" HEIGHT="82" CONTENT="près" WC="0.98" CC="0070"/>
						<SP ID="P8_SP00177" HPOS="1383" VPOS="2105" WIDTH="42"/>
						<String ID="P8_ST00202" HPOS="1425" VPOS="2025" WIDTH="87" HEIGHT="79" CONTENT="(je" WC="0.98" CC="032"/>
						<SP ID="P8_SP00178" HPOS="1512" VPOS="2105" WIDTH="35"/>
						<String ID="P8_ST00203" HPOS="1547" VPOS="2028" WIDTH="120" HEIGHT="56" CONTENT="cite" WC="1.00" CC="0000"/>
						<SP ID="P8_SP00179" HPOS="1667" VPOS="2105" WIDTH="35"/>
						<String ID="P8_ST00204" HPOS="1702" VPOS="2027" WIDTH="73" HEIGHT="58" CONTENT="de" WC="1.00" CC="00"/>
						<SP ID="P8_SP00180" HPOS="1775" VPOS="2105" WIDTH="34"/>
						<String ID="P8_ST00205" HPOS="1809" VPOS="2027" WIDTH="317" HEIGHT="73" CONTENT="mémoire," WC="0.99" CC="07022000"/>
						<SP ID="P8_SP00181" HPOS="2126" VPOS="2105" WIDTH="31"/>
						<String ID="P8_ST00206" HPOS="2157" VPOS="2028" WIDTH="239" HEIGHT="84" CONTENT="n'ayant" WC="1.00" CC="4020000"/>
						<SP ID="P8_SP00182" HPOS="2396" VPOS="2112" WIDTH="35"/>
						<String ID="P8_ST00207" HPOS="2431" VPOS="2052" WIDTH="102" HEIGHT="60" CONTENT="pas" WC="1.00" CC="000"/>
						<SP ID="P8_SP00183" HPOS="2533" VPOS="2112" WIDTH="39"/>
						<String ID="P8_ST00208" HPOS="2572" VPOS="2033" WIDTH="52" HEIGHT="57" CONTENT="le" WC="0.77" CC="40"/>
						<SP ID="P8_SP00184" HPOS="2624" VPOS="2112" WIDTH="35"/>
						<String ID="P8_ST00209" HPOS="2659" VPOS="2046" WIDTH="163" HEIGHT="45" CONTENT="texte" WC="0.99" CC="22000"/>
					</TextLine>
					<TextLine ID="P8_TL00022" HPOS="277" VPOS="2109" WIDTH="503" HEIGHT="83">
						<String ID="P8_ST00210" HPOS="277" VPOS="2129" WIDTH="137" HEIGHT="39" CONTENT="sous" WC="0.98" CC="1332"/>
						<SP ID="P8_SP00185" HPOS="414" VPOS="2168" WIDTH="34"/>
						<String ID="P8_ST00211" HPOS="448" VPOS="2109" WIDTH="54" HEIGHT="59" CONTENT="la" WC="0.85" CC="20"/>
						<SP ID="P8_SP00186" HPOS="502" VPOS="2168" WIDTH="34"/>
						<String ID="P8_ST00212" HPOS="536" VPOS="2112" WIDTH="192" HEIGHT="80" CONTENT="main)" WC="0.98" CC="00333"/>
						<SP ID="P8_SP00187" HPOS="728" VPOS="2192" WIDTH="41"/>
						<String ID="P8_ST00213" HPOS="769" VPOS="2135" WIDTH="11" HEIGHT="35" CONTENT=":" WC="0.66" CC="3"/>
					</TextLine>
				</TextBlock>
				<TextBlock ID="P8_TB00004" HPOS="267" VPOS="3084" WIDTH="2545" HEIGHT="629" STYLEREFS="TXT_2 PAR_BLOCK">
					<TextLine ID="P8_TL00023" HPOS="274" VPOS="3087" WIDTH="2537" HEIGHT="93">
						<String ID="P8_ST00214" HPOS="274" VPOS="3087" WIDTH="262" HEIGHT="56" CONTENT="Comme" WC="0.99" CC="00050"/>
						<SP ID="P8_SP00188" HPOS="536" VPOS="3143" WIDTH="49"/>
						<String ID="P8_ST00215" HPOS="585" VPOS="3107" WIDTH="150" HEIGHT="37" CONTENT="vous" WC="0.99" CC="0050"/>
						<SP ID="P8_SP00189" HPOS="735" VPOS="3144" WIDTH="52"/>
						<String ID="P8_ST00216" HPOS="787" VPOS="3088" WIDTH="54" HEIGHT="57" CONTENT="le" WC="0.94" CC="01"/>
						<SP ID="P8_SP00190" HPOS="841" VPOS="3145" WIDTH="51"/>
						<String ID="P8_ST00217" HPOS="892" VPOS="3110" WIDTH="213" HEIGHT="60" CONTENT="voyez," WC="0.99" CC="006005"/>
						<SP ID="P8_SP00191" HPOS="1105" VPOS="3170" WIDTH="56"/>
						<String ID="P8_ST00218" HPOS="1161" VPOS="3090" WIDTH="80" HEIGHT="58" CONTENT="ici" WC="0.98" CC="500"/>
						<SP ID="P8_SP00192" HPOS="1241" VPOS="3170" WIDTH="55"/>
						<String ID="P8_ST00219" HPOS="1296" VPOS="3091" WIDTH="42" HEIGHT="57" CONTENT="il" WC="1.00" CC="00"/>
						<SP ID="P8_SP00193" HPOS="1338" VPOS="3170" WIDTH="52"/>
						<String ID="P8_ST00220" HPOS="1390" VPOS="3112" WIDTH="37" HEIGHT="59" CONTENT="y" WC="0.44" CC="5"/>
						<SP ID="P8_SP00194" HPOS="1427" VPOS="3171" WIDTH="52"/>
						<String ID="P8_ST00221" HPOS="1479" VPOS="3112" WIDTH="30" HEIGHT="36" CONTENT="a" WC="0.35" CC="6"/>
						<SP ID="P8_SP00195" HPOS="1509" VPOS="3171" WIDTH="51"/>
						<String ID="P8_ST00222" HPOS="1560" VPOS="3112" WIDTH="121" HEIGHT="37" CONTENT="non" WC="0.99" CC="100"/>
						<SP ID="P8_SP00196" HPOS="1681" VPOS="3171" WIDTH="54"/>
						<String ID="P8_ST00223" HPOS="1735" VPOS="3095" WIDTH="336" HEIGHT="57" CONTENT="seulement" WC="1.00" CC="003400400"/>
						<SP ID="P8_SP00197" HPOS="2071" VPOS="3171" WIDTH="50"/>
						<String ID="P8_ST00224" HPOS="2121" VPOS="3097" WIDTH="277" HEIGHT="79" CONTENT="analogie" WC="0.99" CC="51040400"/>
						<SP ID="P8_SP00198" HPOS="2398" VPOS="3176" WIDTH="54"/>
						<String ID="P8_ST00225" HPOS="2452" VPOS="3097" WIDTH="71" HEIGHT="59" CONTENT="de" WC="0.88" CC="02"/>
						<SP ID="P8_SP00199" HPOS="2523" VPOS="3176" WIDTH="44"/>
						<String ID="P8_ST00226" HPOS="2567" VPOS="3100" WIDTH="244" HEIGHT="80" CONTENT="rythme" WC="0.98" CC="675500"/>
					</TextLine>
					<TextLine ID="P8_TL00024" HPOS="271" VPOS="3176" WIDTH="2539" HEIGHT="86">
						<String ID="P8_ST00227" HPOS="271" VPOS="3196" WIDTH="244" HEIGHT="38" CONTENT="comme" WC="1.00" CC="00000"/>
						<SP ID="P8_SP00200" HPOS="515" VPOS="3234" WIDTH="66"/>
						<String ID="P8_ST00228" HPOS="581" VPOS="3176" WIDTH="143" HEIGHT="58" CONTENT="dans" WC="1.00" CC="0000"/>
						<SP ID="P8_SP00201" HPOS="724" VPOS="3234" WIDTH="64"/>
						<String ID="P8_ST00229" HPOS="788" VPOS="3199" WIDTH="99" HEIGHT="37" CONTENT="ma" WC="1.00" CC="00"/>
						<SP ID="P8_SP00202" HPOS="887" VPOS="3236" WIDTH="65"/>
						<String ID="P8_ST00230" HPOS="952" VPOS="3194" WIDTH="226" HEIGHT="57" CONTENT="sonate," WC="0.99" CC="0010504"/>
						<SP ID="P8_SP00203" HPOS="1178" VPOS="3251" WIDTH="66"/>
						<String ID="P8_ST00231" HPOS="1244" VPOS="3181" WIDTH="150" HEIGHT="57" CONTENT="mais" WC="0.99" CC="0030"/>
						<SP ID="P8_SP00204" HPOS="1394" VPOS="3251" WIDTH="62"/>
						<String ID="P8_ST00232" HPOS="1456" VPOS="3203" WIDTH="259" HEIGHT="59" CONTENT="presque" WC="0.99" CC="7000660"/>
						<SP ID="P8_SP00205" HPOS="1715" VPOS="3262" WIDTH="63"/>
						<String ID="P8_ST00233" HPOS="1778" VPOS="3184" WIDTH="256" HEIGHT="58" CONTENT="identité" WC="1.00" CC="00003007"/>
						<SP ID="P8_SP00206" HPOS="2034" VPOS="3262" WIDTH="54"/>
						<String ID="P8_ST00234" HPOS="2088" VPOS="3185" WIDTH="73" HEIGHT="58" CONTENT="de" WC="0.85" CC="02"/>
						<SP ID="P8_SP00207" HPOS="2161" VPOS="3262" WIDTH="56"/>
						<String ID="P8_ST00235" HPOS="2217" VPOS="3187" WIDTH="52" HEIGHT="56" CONTENT="la" WC="0.65" CC="24"/>
						<SP ID="P8_SP00208" HPOS="2269" VPOS="3262" WIDTH="53"/>
						<String ID="P8_ST00236" HPOS="2322" VPOS="3186" WIDTH="282" HEIGHT="62" CONTENT="mélodie." WC="0.99" CC="07000004"/>
						<SP ID="P8_SP00209" HPOS="2604" VPOS="3262" WIDTH="39"/>
						<String ID="P8_ST00237" HPOS="2643" VPOS="3190" WIDTH="167" HEIGHT="58" CONTENT="Vous" WC="0.98" CC="7000"/>
					</TextLine>
					<TextLine ID="P8_TL00025" HPOS="270" VPOS="3269" WIDTH="2541" HEIGHT="80">
						<String ID="P8_ST00238" HPOS="270" VPOS="3279" WIDTH="320" HEIGHT="44" CONTENT="trouverez" WC="1.00" CC="002500100"/>
						<SP ID="P8_SP00210" HPOS="590" VPOS="3323" WIDTH="52"/>
						<String ID="P8_ST00239" HPOS="642" VPOS="3288" WIDTH="81" HEIGHT="37" CONTENT="un" WC="0.81" CC="30"/>
						<SP ID="P8_SP00211" HPOS="723" VPOS="3325" WIDTH="55"/>
						<String ID="P8_ST00240" HPOS="778" VPOS="3269" WIDTH="278" HEIGHT="80" CONTENT="exemple" WC="0.99" CC="0000640"/>
						<SP ID="P8_SP00212" HPOS="1056" VPOS="3349" WIDTH="51"/>
						<String ID="P8_ST00241" HPOS="1107" VPOS="3270" WIDTH="293" HEIGHT="79" CONTENT="analogue" WC="1.00" CC="00100430"/>
						<SP ID="P8_SP00213" HPOS="1400" VPOS="3349" WIDTH="51"/>
						<String ID="P8_ST00242" HPOS="1451" VPOS="3270" WIDTH="151" HEIGHT="58" CONTENT="chez" WC="0.98" CC="0600"/>
						<SP ID="P8_SP00214" HPOS="1602" VPOS="3349" WIDTH="51"/>
						<String ID="P8_ST00243" HPOS="1653" VPOS="3272" WIDTH="170" HEIGHT="58" CONTENT="Liszt" WC="0.99" CC="33000"/>
						<SP ID="P8_SP00215" HPOS="1823" VPOS="3349" WIDTH="35"/>
						<String ID="P8_ST00244" HPOS="1858" VPOS="3272" WIDTH="143" HEIGHT="60" CONTENT="dans" WC="0.99" CC="0050"/>
						<SP ID="P8_SP00216" HPOS="2001" VPOS="3349" WIDTH="51"/>
						<String ID="P8_ST00245" HPOS="2052" VPOS="3295" WIDTH="105" HEIGHT="37" CONTENT="son" WC="0.98" CC="006"/>
						<SP ID="P8_SP00217" HPOS="2157" VPOS="3349" WIDTH="57"/>
						<String ID="P8_ST00246" HPOS="2214" VPOS="3278" WIDTH="260" HEIGHT="57" CONTENT="Concerto" WC="0.99" CC="64206004" STYLEREFS="TXT_3"/>
						<SP ID="P8_SP00218" HPOS="2474" VPOS="3349" WIDTH="44"/>
						<String ID="P8_ST00247" HPOS="2518" VPOS="3279" WIDTH="127" HEIGHT="70" CONTENT="solo," WC="0.98" CC="33340" STYLEREFS="TXT_3"/>
						<SP ID="P8_SP00219" HPOS="2645" VPOS="3349" WIDTH="35"/>
						<String ID="P8_ST00248" HPOS="2680" VPOS="3300" WIDTH="131" HEIGHT="36" CONTENT="sans" WC="0.98" CC="0504" STYLEREFS="TXT_3"/>
					</TextLine>
					<TextLine ID="P8_TL00026" HPOS="280" VPOS="3355" WIDTH="2527" HEIGHT="90">
						<String ID="P8_ST00249" HPOS="280" VPOS="3355" WIDTH="293" HEIGHT="71" CONTENT="orchestre," WC="0.99" CC="7200600457" STYLEREFS="TXT_3"/>
						<SP ID="P8_SP00220" HPOS="573" VPOS="3426" WIDTH="27"/>
						<String ID="P8_ST00250" HPOS="600" VPOS="3356" WIDTH="152" HEIGHT="80" CONTENT="qu'il" WC="0.98" CC="50232"/>
						<SP ID="P8_SP00221" HPOS="752" VPOS="3436" WIDTH="54"/>
						<String ID="P8_ST00251" HPOS="806" VPOS="3379" WIDTH="30" HEIGHT="36" CONTENT="a" WC="1.00" CC="0"/>
						<SP ID="P8_SP00222" HPOS="836" VPOS="3436" WIDTH="52"/>
						<String ID="P8_ST00252" HPOS="888" VPOS="3356" WIDTH="498" HEIGHT="61" CONTENT="ultérieurement" WC="1.00" CC="31000306100020"/>
						<SP ID="P8_SP00223" HPOS="1386" VPOS="3436" WIDTH="34"/>
						<String ID="P8_ST00253" HPOS="1420" VPOS="3360" WIDTH="267" HEIGHT="58" CONTENT="remanié" WC="0.99" CC="0000540"/>
						<SP ID="P8_SP00224" HPOS="1687" VPOS="3436" WIDTH="53"/>
						<String ID="P8_ST00254" HPOS="1740" VPOS="3383" WIDTH="157" HEIGHT="60" CONTENT="pour" WC="1.00" CC="0010"/>
						<SP ID="P8_SP00225" HPOS="1897" VPOS="3443" WIDTH="34"/>
						<String ID="P8_ST00255" HPOS="1931" VPOS="3364" WIDTH="159" HEIGHT="57" CONTENT="deux" WC="1.00" CC="0000"/>
						<SP ID="P8_SP00226" HPOS="2090" VPOS="3443" WIDTH="49"/>
						<String ID="P8_ST00256" HPOS="2139" VPOS="3366" WIDTH="210" HEIGHT="79" CONTENT="pianos" WC="0.98" CC="029300"/>
						<SP ID="P8_SP00227" HPOS="2349" VPOS="3445" WIDTH="34"/>
						<String ID="P8_ST00257" HPOS="2383" VPOS="3387" WIDTH="133" HEIGHT="38" CONTENT="sous" WC="1.00" CC="0000"/>
						<SP ID="P8_SP00228" HPOS="2516" VPOS="3445" WIDTH="45"/>
						<String ID="P8_ST00258" HPOS="2561" VPOS="3369" WIDTH="52" HEIGHT="56" CONTENT="le" WC="0.67" CC="33"/>
						<SP ID="P8_SP00229" HPOS="2613" VPOS="3445" WIDTH="49"/>
						<String ID="P8_ST00259" HPOS="2662" VPOS="3389" WIDTH="145" HEIGHT="37" CONTENT="nom" WC="1.00" CC="000"/>
					</TextLine>
					<TextLine ID="P8_TL00027" HPOS="270" VPOS="3445" WIDTH="1144" HEIGHT="83">
						<String ID="P8_ST00260" HPOS="270" VPOS="3445" WIDTH="73" HEIGHT="59" CONTENT="de" WC="1.00" CC="00"/>
						<SP ID="P8_SP00230" HPOS="343" VPOS="3504" WIDTH="160"/>
						<String ID="P8_ST00261" HPOS="503" VPOS="3448" WIDTH="265" HEIGHT="57" CONTENT="Concerto" WC="0.99" CC="65403006" STYLEREFS="TXT_3"/>
						<SP ID="P8_SP00231" HPOS="768" VPOS="3505" WIDTH="307"/>
						<String ID="P8_ST00262" HPOS="1075" VPOS="3446" WIDTH="339" HEIGHT="82" CONTENT="pathétique." WC="0.99" CC="60007226056" STYLEREFS="TXT_3"/>
					</TextLine>
					<TextLine ID="P8_TL00028" HPOS="441" VPOS="3537" WIDTH="2365" HEIGHT="80">
						<String ID="P8_ST00263" HPOS="441" VPOS="3537" WIDTH="74" HEIGHT="78" CONTENT="Je" WC="1.00" CC="00"/>
						<SP ID="P8_SP00232" HPOS="515" VPOS="3615" WIDTH="53"/>
						<String ID="P8_ST00264" HPOS="568" VPOS="3558" WIDTH="99" HEIGHT="37" CONTENT="me" WC="1.00" CC="00"/>
						<SP ID="P8_SP00233" HPOS="667" VPOS="3615" WIDTH="51"/>
						<String ID="P8_ST00265" HPOS="718" VPOS="3552" WIDTH="265" HEIGHT="65" CONTENT="permets" WC="1.00" CC="0000020"/>
						<SP ID="P8_SP00234" HPOS="983" VPOS="3617" WIDTH="35"/>
						<String ID="P8_ST00266" HPOS="1018" VPOS="3538" WIDTH="72" HEIGHT="57" CONTENT="de" WC="1.00" CC="00"/>
						<SP ID="P8_SP00235" HPOS="1090" VPOS="3617" WIDTH="33"/>
						<String ID="P8_ST00267" HPOS="1123" VPOS="3559" WIDTH="149" HEIGHT="37" CONTENT="vous" WC="0.99" CC="0050"/>
						<SP ID="P8_SP00236" HPOS="1272" VPOS="3617" WIDTH="34"/>
						<String ID="P8_ST00268" HPOS="1306" VPOS="3538" WIDTH="231" HEIGHT="60" CONTENT="donner" WC="1.00" CC="002001"/>
						<SP ID="P8_SP00237" HPOS="1537" VPOS="3617" WIDTH="33"/>
						<String ID="P8_ST00269" HPOS="1570" VPOS="3542" WIDTH="426" HEIGHT="58" CONTENT="amicalement" WC="1.00" CC="00001400030"/>
						<SP ID="P8_SP00238" HPOS="1996" VPOS="3617" WIDTH="49"/>
						<String ID="P8_ST00270" HPOS="2045" VPOS="3544" WIDTH="54" HEIGHT="57" CONTENT="le" WC="0.94" CC="01"/>
						<SP ID="P8_SP00239" HPOS="2099" VPOS="3617" WIDTH="49"/>
						<String ID="P8_ST00271" HPOS="2148" VPOS="3547" WIDTH="225" HEIGHT="57" CONTENT="conseil" WC="1.00" CC="0000010"/>
						<SP ID="P8_SP00240" HPOS="2373" VPOS="3617" WIDTH="34"/>
						<String ID="P8_ST00272" HPOS="2407" VPOS="3545" WIDTH="73" HEIGHT="59" CONTENT="de" WC="1.00" CC="00"/>
						<SP ID="P8_SP00241" HPOS="2480" VPOS="3617" WIDTH="34"/>
						<String ID="P8_ST00273" HPOS="2514" VPOS="3567" WIDTH="292" HEIGHT="38" CONTENT="renoncer" WC="1.00" CC="00100040"/>
					</TextLine>
					<TextLine ID="P8_TL00029" HPOS="268" VPOS="3624" WIDTH="2534" HEIGHT="89">
						<String ID="P8_ST00274" HPOS="268" VPOS="3624" WIDTH="446" HEIGHT="61" CONTENT="absolument..." WC="1.00" CC="0000200004030"/>
						<SP ID="P8_SP00242" HPOS="714" VPOS="3685" WIDTH="38"/>
						<String ID="P8_ST00275" HPOS="752" VPOS="3626" WIDTH="31" HEIGHT="58" CONTENT="à" WC="0.51" CC="4"/>
						<SP ID="P8_SP00243" HPOS="783" VPOS="3685" WIDTH="34"/>
						<String ID="P8_ST00276" HPOS="817" VPOS="3624" WIDTH="147" HEIGHT="61" CONTENT="faire" WC="0.97" CC="63540"/>
						<SP ID="P8_SP00244" HPOS="964" VPOS="3685" WIDTH="36"/>
						<String ID="P8_ST00277" HPOS="1000" VPOS="3627" WIDTH="72" HEIGHT="58" CONTENT="de" WC="1.00" CC="00"/>
						<SP ID="P8_SP00245" HPOS="1072" VPOS="3685" WIDTH="33"/>
						<String ID="P8_ST00278" HPOS="1105" VPOS="3628" WIDTH="55" HEIGHT="57" CONTENT="la" WC="0.95" CC="00"/>
						<SP ID="P8_SP00246" HPOS="1160" VPOS="3685" WIDTH="34"/>
						<String ID="P8_ST00279" HPOS="1194" VPOS="3626" WIDTH="258" HEIGHT="60" CONTENT="réclame" WC="1.00" CC="0002500"/>
						<SP ID="P8_SP00247" HPOS="1452" VPOS="3686" WIDTH="34"/>
						<String ID="P8_ST00280" HPOS="1486" VPOS="3628" WIDTH="32" HEIGHT="58" CONTENT="à" WC="0.30" CC="6"/>
						<SP ID="P8_SP00248" HPOS="1518" VPOS="3686" WIDTH="33"/>
						<String ID="P8_ST00281" HPOS="1551" VPOS="3629" WIDTH="100" HEIGHT="59" CONTENT="des" WC="0.99" CC="020"/>
						<SP ID="P8_SP00249" HPOS="1651" VPOS="3688" WIDTH="35"/>
						<String ID="P8_ST00282" HPOS="1686" VPOS="3633" WIDTH="439" HEIGHT="79" CONTENT="compositeurs" WC="1.00" CC="000050010000"/>
						<SP ID="P8_SP00250" HPOS="2125" VPOS="3712" WIDTH="33"/>
						<String ID="P8_ST00283" HPOS="2158" VPOS="3631" WIDTH="255" HEIGHT="82" CONTENT="français" WC="0.99" CC="64063050"/>
						<SP ID="P8_SP00251" HPOS="2413" VPOS="3713" WIDTH="46"/>
						<String ID="P8_ST00284" HPOS="2459" VPOS="3633" WIDTH="343" HEIGHT="61" CONTENT="tout-à-fait" WC="0.99" CC="01124630650"/>
					</TextLine>
				</TextBlock>
				<ComposedBlock ID="P8_CB00001" HPOS="178" VPOS="2253" WIDTH="2714" HEIGHT="767" STYLEREFS="TXT_4 PAR_LEFT" TYPE="Music">
					<GraphicalElement ID="P8_CB00001_SUB" HPOS="178" VPOS="2253" WIDTH="2714" HEIGHT="767"/>
				</ComposedBlock>
			</PrintSpace>
		</Page>
	</Layout>
</alto>
