2961 4196
799 295 334 69 LULLY
1198 298 790 73 GENTILHOMME

2558 332 94 67 37

122 452 57 43 et
231 438 73 58 de
352 438 286 84 l'époque
687 439 80 61 où
800 444 289 73 Tomaso,
1125 444 74 60 né
1235 468 72 37 en
1359 466 184 61 1571,
1580 448 146 60 était
1771 472 158 37 venu
1964 472 57 38 se
2054 448 151 62 fixer
2238 454 194 79 parmi
2468 476 167 38 nous.
2644 453 14 28 1

126 527 279 61 Homme
449 531 403 74 d'invention,
888 533 276 61 Thomas
1216 537 299 58 Francine
1562 537 192 61 s'était
1805 542 207 79 acquis
2060 541 99 59 des
2210 545 449 58 connaissances

120 618 416 80 particulières
586 621 143 61 dans
777 625 54 57 la
880 625 289 59 conduite
1218 641 59 43 et
1326 628 53 57 le
1419 628 105 79 jeu
1559 628 101 60 des
1692 651 152 37 eaux
1879 645 58 44 et
1970 630 315 62 fontaines.
2328 633 198 58 Henri
2566 633 90 59 IV

118 708 19 58 1
164 710 159 57 avait
389 710 330 82 distingué,
785 715 320 58 naturalisé
1171 738 73 36 en
1321 717 185 71 1600,
1574 732 57 45 et
1696 719 186 59 marié
1947 721 73 58 de
2084 722 224 59 Louise
2369 722 287 73 Porcher,

118 793 124 63 fille
276 799 142 58 d'un
459 802 153 57 valet
648 801 72 58 de
755 801 289 61 chambre
1078 819 58 43 et
1171 805 434 81 chevau-léger
1640 807 80 59 du
1754 830 127 60 roy.
1920 811 188 59 Louis
2143 811 162 59 XIII
2346 812 55 58 le
2449 814 208 79 voyait

118 887 144 60 dun
297 889 121 59 bon
446 893 122 57 œil.
1236 894 166 58 Dites
1630 917 104 35 mot
1882 896 171 79 grand
2098 899 254 82 répétait
2375 900 251 61 l'enfant-

118 979 90 57 roi
261 979 143 60 dans
452 1002 104 38 son
609 983 254 81 langage
907 984 220 80 puéril,
1151 984 15 27 2
1216 1000 58 44 et
1324 988 133 78 plus
1508 988 151 71 tard,
1694 989 44 57 il
1786 990 86 57 lui
1920 986 69 61 fit
2039 990 118 59 don
2207 992 72 57 de
2328 993 55 57 la
2434 992 221 81 charge

117 1066 382 63 d'intendant
535 1072 99 58 des
668 1093 156 37 eaux
878 1073 222 80 (1623)
1291 1097 67 37 ce
1362 1077 40 57 ll
1409 1098 29 36 e
1495 1077 72 57 de
1619 1078 448 79 gentilhomme
2112 1094 234 45 servant
2403 1080 249 80 (1631),

117 1157 72 59 de
225 1159 502 75 maître-d'hôtel,
763 1159 159 61 enfin
958 1166 53 55 le
1047 1162 219 61 décora
1301 1164 72 59 de
1406 1166 216 58 l'ordre
1658 1167 72 58 de
1767 1169 81 58 St.
1890 1169 260 59 Michel.
2188 1169 275 60 Thomas
2507 1171 146 58 était

117 1270 80 37 un
235 1248 117 61 très
388 1271 137 60 gros
554 1253 349 71 Monsieur,
926 1254 276 80 lorsqu'il
1224 1270 271 57 mourut,
1519 1254 141 82 père
1689 1257 71 58 de
1785 1260 184 55 treize
1997 1257 252 72 enfants,
2277 1281 71 36 en
2389 1261 182 77 1651.
2601 1261 51 57 Il

115 1342 224 78 portait
367 1362 12 37 :
482 1342 209 59 d'azur
724 1341 32 60 à
790 1365 118 36 une
943 1346 165 56 main
1138 1345 274 80 gantelée
1440 1346 291 80 d'argent,
1762 1364 329 43 mouvante
2117 1348 71 59 de
2215 1348 152 60 flanc
2395 1365 257 44 senestre

117 1427 72 60 de
222 1428 157 60 l'écu
414 1445 207 46 tenant
658 1454 118 37 une
809 1454 254 58 pomme
1099 1435 71 57 de
1205 1436 106 79 pin
1348 1435 128 58 d'or
1510 1436 347 60 surmontée
1891 1437 177 59 d'une
2102 1437 182 59 étoile
2318 1439 72 58 de
2430 1440 222 71 même,

116 1535 58 43 et
211 1521 453 81 accompagnée
700 1524 71 58 de
808 1525 146 56 trois
986 1522 176 61 fleurs
1197 1525 72 57 de
1302 1526 89 80 lys
1418 1525 147 72 d'or,
1603 1526 160 59 deux
1788 1549 73 37 en
1889 1526 150 60 chef
2054 1543 58 43 et
2143 1549 113 37 une
2279 1550 68 36 en

297 1613 88 58 La
435 1613 362 58 nombreuse
845 1613 203 81 lignée
1097 1614 100 60 des
1247 1616 300 59 Francine
1595 1619 296 57 s'essaima
1941 1618 142 58 dans
2131 1620 54 56 le
2235 1619 224 58 monde
2494 1620 72 57 de
2600 1620 53 57 la

113 1723 150 37 cour
320 1717 57 43 et
428 1703 73 58 de
549 1705 56 56 la
652 1704 162 58 ville.
868 1705 315 80 Quelques
1230 1701 148 64 filles
1425 1708 234 79 prirent
1707 1709 55 56 le
1809 1709 180 70 voile,
2041 1708 98 58 des
2187 1705 89 61 fils
2321 1708 330 81 gagnèrent

112 1790 263 61 l'armée.
416 1792 328 59 Clémence
795 1792 224 81 épousa
1071 1816 79 35 un
1203 1795 190 80 grand
1442 1797 317 71 louvetier,
1802 1818 383 59 gouverneur
2233 1797 72 58 de
2356 1798 248 58 Corbeil
2634 1822 14 47 ;

113 1883 225 59 Louise
375 1905 81 37 un
493 1883 99 59 M.
619 1883 72 59 de
715 1884 391 80 Mesgrigny,
1132 1884 192 80 grand
1346 1886 320 58 tranchant
1702 1902 58 43 et
1787 1901 174 66 porte
1997 1901 270 44 cornette
2296 1887 254 58 blanche
2578 1888 71 57 de

115 1975 231 57 France
381 1999 13 47 ;
445 1975 205 57 Marie
701 1995 82 37 un
833 1973 187 59 baron
1071 1975 72 58 de
1195 1976 83 58 St.
1332 1975 220 82 Léger,
1602 1991 158 46 etc...
1815 1978 166 58 Seuls
2035 1978 286 78 François
2354 1992 57 44 et
2450 1978 201 58 Pierre

108 2062 207 60 furent
349 2065 275 58 illustres.
664 2065 287 78 François
984 2065 73 58 de
1094 2066 318 71 Francine,
1449 2069 172 57 Sieur
1669 2066 75 60 de
1796 2067 446 59 Grandmaison
2293 2069 327 57 successive-

111 2168 170 44 ment
316 2154 416 58 commissaire
766 2152 243 82 général
1059 2155 99 58 des
1208 2176 262 59 guerres,
1508 2156 482 59 maître-d'hôtel
2040 2156 80 59 du
2169 2178 129 58 roy,
2336 2156 312 59 intendant

111 2244 101 58 des
247 2265 174 50 eaux,
447 2244 336 58 lieutenant
818 2244 74 58 de
925 2244 145 58 robe
1105 2260 231 57 courte,
1365 2248 314 57 conseiller
1705 2245 204 72 d'état,
1945 2245 306 60 maréchal
2295 2246 72 59 de
2412 2246 237 57 bataille

111 2334 72 58 de
231 2335 56 57 la
335 2335 208 59 milice
591 2349 58 43 et
700 2335 192 79 major
941 2335 73 59 de
1062 2336 55 58 la
1170 2338 157 56 Ville
1378 2336 73 58 de
1504 2338 184 70 Paris,
1740 2338 180 57 servit
1971 2338 348 79 longtemps
2371 2336 141 58 dans
2568 2336 81 59 les

108 2422 231 61 armées
374 2424 72 57 de
483 2424 286 59 Flandres
802 2439 57 42 et
896 2424 72 59 de
1004 2425 312 72 Lorraine,
1351 2424 93 60 fut
1496 2428 121 79 pris
1668 2427 160 57 deux
1875 2424 115 60 fois
2039 2441 57 43 et
2147 2441 168 63 reçut
2355 2427 293 78 plusieurs

108 2513 309 60 blessures.
457 2514 51 57 Il
543 2528 101 43 eut
680 2513 31 58 à
746 2535 105 36 son
888 2528 138 45 tour
1059 2514 197 59 douze
1291 2514 232 60 enfants
1557 2516 71 58 de
1660 2516 351 58 Madeleine
2039 2516 72 57 de
2140 2517 360 68 Fontanieu,
2528 2512 119 59 fille

109 2604 82 59 du
226 2606 350 57 contrôleur
609 2602 243 81 général
887 2604 101 59 des
1024 2607 259 57 maisons
1317 2606 79 58 du
1435 2607 139 80 Roy
1609 2621 57 43 et
1702 2607 72 57 de
1809 2607 53 57 la
1899 2607 211 57 Reine.
2149 2607 80 56 Et
2263 2620 158 43 cette
2449 2606 198 78 ample

107 2692 253 74 famille,
427 2693 345 59 richement
837 2692 197 74 dotée,
1100 2696 118 57 tint
1283 2715 104 38 son
1453 2716 150 60 rang
1656 2696 221 80 jusque
1942 2695 138 57 bien
2145 2709 177 43 avant
2387 2693 142 59 dans
2592 2695 52 56 le

109 2784 226 59 XVIII
341 2786 17 20 e
405 2782 197 60 siècle.

294 2875 204 57 Pierre
531 2872 74 59 de
642 2874 318 71 Francine,
997 2874 141 80 père
1172 2874 83 58 du
1291 2874 224 80 gendre
1551 2874 71 58 de
1669 2875 202 80 Lully,
1908 2875 156 56 avait
2105 2874 149 57 aussi
2290 2874 122 78 pris
2446 2886 134 66 part
2614 2870 30 60 à

108 2965 55 59 la
214 2985 214 59 guerre
478 2963 31 58 à
559 2961 135 61 côté
744 2963 73 58 de
868 2984 105 38 son
1023 2963 155 72 aîné,
1214 2979 59 43 et
1322 2985 57 37 se
1430 2961 294 83 qualifiait
1774 2965 73 56 de
1896 2961 327 61 Secrétaire
2272 2963 79 58 du
2404 2964 136 80 Roy
2586 2977 58 43 et

112 3053 502 61 Maître-d'hôtel
649 3053 73 58 de
757 3054 55 57 S.
852 3054 99 58 M.
991 3055 72 57 Sa
1096 3052 249 73 femme,
1383 3055 222 56 Louise
1650 3054 262 70 Pidoux,
1947 3050 120 60 fille
2117 3053 145 57 d'un
2313 3053 331 70 conseiller,

109 3158 172 66 reçut
309 3165 73 36 en
418 3143 184 71 1660,
631 3143 272 57 soixante
939 3144 165 56 mille
1137 3144 179 56 livres
1349 3142 72 58 de
1457 3143 103 57 dot
1586 3167 14 46 ;
1637 3143 109 57 elle
1773 3140 145 60 était
1946 3143 245 57 cousine
2219 3142 99 57 des
2343 3142 301 57 ministres

111 3237 89 57 Le
233 3234 229 58 Tellier
496 3247 58 45 et
592 3234 291 69 Louvois,
918 3247 59 43 et
1011 3247 247 66 parente
1303 3233 71 57 de
1424 3247 157 43 cette
1626 3232 183 58 haute
1854 3232 381 80 bourgeoisie
2285 3232 357 80 parisienne,

109 3325 150 58 dont
292 3325 254 57 l'œuvre
581 3322 72 57 de
687 3323 191 57 Louis
912 3322 155 57 XIV
1104 3322 161 57 allait
1293 3321 291 59 réclamer
1609 3323 55 56 la
1691 3322 454 58 collaboration.
2176 3322 86 56 La
2290 3318 351 81 généalogie

109 3415 102 58 des
269 3412 246 60 Pidoux
563 3427 84 44 est
699 3434 244 37 comme
992 3410 363 61 encombrée
1414 3411 71 58 de
1542 3410 361 72 secrétaires,
1957 3411 317 70 d'avocats,
2324 3410 71 56 de
2450 3410 189 77 parle-

223 3593 11 23 1
258 3588 313 42 Probablement
602 3603 93 25 avec
727 3603 70 24 son
831 3589 139 38 cousin
1008 3590 173 45 Horace,
1229 3587 171 39 Fauteur
1431 3589 46 37 de
1511 3586 302 53 YHippiatrique
1844 3588 48 37 de
1930 3591 116 34 1606.
2074 3584 169 40 Celui-ci
2276 3584 94 39 était
2401 3598 161 38 escuyer
2590 3584 47 38 de

109 3651 145 50 Henry
277 3650 57 36 IV
361 3666 9 31 ;
391 3661 70 25 son
486 3645 60 40 fils
569 3649 143 50 Henry
735 3656 164 28 mourut
921 3660 50 24 au
994 3647 103 49 siège
1120 3647 48 37 de
1189 3644 248 49 Thionville,
1460 3659 162 38 escuyer
1643 3646 54 37 du
1722 3646 142 37 Prince
1885 3645 48 38 de
1957 3645 151 46 Condé,
2132 3657 47 24 en
2210 3645 117 48 1669.

221 3706 14 21 2
258 3704 171 53 Journal
451 3705 242 47 d'Héroard,
717 3703 98 39 avril
843 3708 119 46 1605.
