2961 4196
820 287 337 71 LULLY
1221 290 790 76 GENTILHOMME

2567 329 102 67 43

299 964 61 57 Si
418 964 120 59 l'on
592 967 233 58 voulait
884 990 73 35 en
1015 971 194 57 savoir
1258 969 355 83 davantage,
1660 976 305 77 peut-être
2002 977 340 58 devrait-on
2379 1000 219 58 songer
2632 978 29 60 à

112 1052 19 57 I
158 1067 336 67 entourage
544 1054 102 60 des
695 1053 89 62 fils
820 1056 80 58 du
936 1057 294 82 dauphin.
1292 1061 88 57 Le
1420 1061 186 78 jeune
1653 1064 82 56 roi
1791 1064 344 81 d'Espagne
2189 1066 339 81 protégeait
2581 1070 80 57 les

115 1143 321 74 Francine,
496 1160 58 43 et
619 1147 277 81 lorsqu'il
950 1151 197 77 quitta
1197 1151 54 57 la
1303 1151 230 58 France
1599 1174 155 58 pour
1803 1170 242 43 monter
2101 1178 98 36 sur
2255 1158 53 56 le
2373 1160 192 68 trône,
2618 1160 43 57 il

111 1255 286 38 emmena
449 1236 148 79 Jean
654 1238 256 59 Nicolas
958 1260 74 37 en
1085 1240 229 80 qualité
1378 1241 73 58 de
1505 1242 216 59 maître
1773 1244 252 72 d'hôtel,
2078 1245 240 82 flanqué
2373 1247 71 58 de
2501 1247 159 59 deux

111 1326 397 59 contrôleurs.
546 1325 13 27 1
615 1329 103 57 Un
760 1329 143 78 jour
959 1350 130 38 sans
1138 1330 184 58 doute
1372 1332 55 58 la
1480 1331 429 81 physionomie
1966 1335 71 57 de
2096 1336 297 59 Francine
2458 1339 200 77 galant

110 1412 259 61 homme
404 1437 59 36 se
497 1415 320 81 précisera,
842 1433 58 43 et
935 1420 42 56 il
1011 1440 125 37 sera
1162 1421 293 79 singulier
1488 1421 72 58 de
1587 1424 134 56 voir
1753 1424 52 56 le
1842 1424 301 58 directeur
2177 1425 71 59 de
2281 1425 376 60 l'Académie

108 1506 206 80 royale
350 1506 72 59 de
458 1509 284 80 musique
778 1508 297 59 chercher
1109 1510 213 82 auprès
1358 1510 30 59 à
1423 1513 53 57 la
1517 1533 147 37 cour
1712 1534 68 37 ce
1832 1536 118 58 que
1989 1515 81 57 les
2106 1518 236 77 princes
2375 1518 282 57 venaient

110 1594 407 81 précisément
554 1597 328 59 demander
917 1598 32 58 à
982 1598 225 81 l'opéra
1232 1623 12 36 :
1282 1600 321 60 l'occasion
1641 1603 71 56 de
1748 1623 58 37 se
1841 1606 203 55 ruiner
2079 1604 446 61 aimablement.
2551 1604 16 27 2

291 1684 177 60 Veuf
491 1686 31 59 à
559 1702 291 66 quarante
905 1710 120 50 ans,
1082 1691 298 58 Francine
1446 1707 249 43 mourut
1748 1691 30 59 à
1832 1694 271 58 soixante
2156 1696 125 70 dix,
2332 1717 72 36 en
2467 1715 185 61 1735.

110 1778 100 56 Ses
245 1776 164 59 deux
442 1774 146 61 filles
626 1780 206 57 Marie
867 1795 57 42 et
962 1780 334 72 Elisabeth,
1357 1781 148 58 dont
1551 1782 161 57 l'une
1764 1782 285 81 disparait
2091 1785 72 57 de
2214 1785 197 57 bonne
2448 1783 205 74 heure,

108 1887 75 37 ne
237 1866 298 60 semblent
588 1890 105 58 pas
746 1871 170 56 avoir
964 1868 167 61 laissé
1192 1870 71 58 de
1320 1870 309 81 postérité.
1684 1872 117 59 Son
1856 1871 90 60 fils
1994 1873 463 82 Louis-Joseph,
2493 1873 74 59 né
2601 1876 55 57 le

120 1976 63 38 II
219 1957 140 80 juin
406 1957 185 80 1696,
628 1957 94 61 fut
755 1960 336 60 lieutenant
1128 1960 73 58 de
1236 1962 293 58 cavalerie
1565 1962 142 58 dans
1742 1964 54 56 le
1832 1961 299 81 régiment
2185 1965 71 56 de
2303 1965 54 57 la

116 2049 274 71 Blanche,
421 2050 134 79 puis
590 2050 303 80 capitaine
929 2072 75 36 au
1988 2051 232 59 Colonel
2519 2053 142 58 Géné
1612 2053 52 57 ll
1697 2054 189 57 vivait
1923 2074 217 37 encore
2190 2075 71 37 en
2324 2054 158 79 1763
2523 2075 133 39 sous

107 2139 53 57 le
196 2161 149 35 nom
379 2139 81 58 du
494 2139 308 60 chevalier
836 2141 74 58 de
947 2143 318 71 Francine,
1302 2157 57 44 et
1409 2144 227 79 portait
1686 2143 218 58 l'ordre
1955 2144 71 57 de
2078 2145 81 57 St.
2200 2145 226 57 Lazare
2482 2161 57 41 et
2573 2145 82 57 du

111 2229 264 59 Carmel.
417 2230 95 58 De
548 2251 67 37 ce
651 2228 136 61 côté
822 2252 219 38 encore
1075 2233 54 57 la
1165 2253 133 37 race
1349 2233 71 58 de
1471 2234 183 79 Lully
1703 2232 308 81 s'éteignit
2063 2254 157 37 assez
2253 2234 398 79 rapidement.

606 2565 332 48 MADAME
977 2566 472 48 THIERSAULT
1489 2566 96 48 DE
1627 2548 525 67 MÉRANCOURT

290 2727 179 57 Nous
522 2728 292 79 ignorons
873 2742 134 43 tout
1062 2727 72 60 de
1188 2742 160 45 cette
1397 2727 310 60 troisième
1757 2726 119 59 fille
1926 2727 72 58 de
2048 2728 204 80 Lully,
2288 2724 266 83 baptisée
2598 2727 53 57 le

120 2837 68 58 19
228 2815 343 81 septembre
618 2816 158 60 1668
836 2831 57 43 et
954 2817 292 59 inhumée
1296 2840 119 36 aux
1465 2820 183 78 petits
1684 2816 176 60 Pères
1893 2818 53 56 le
1987 2836 76 59 30
2101 2815 320 59 décembre
2467 2834 105 59 171
2594 2834 53 59 5.

107 2907 135 59 Elle
296 2928 74 36 ne
428 2928 151 36 nous
630 2923 84 43 est
770 2929 240 37 connue
1068 2929 119 60 que
1236 2930 108 59 par
1392 2930 104 37 son
1551 2910 265 77 mariage
1862 2928 141 36 avec
2043 2909 201 55 Pierre
2279 2905 368 71 Thiersault,

106 2996 325 71 chevalier,
472 2997 295 80 Seigneur
802 2997 72 58 de
914 2996 424 74 Mérancourt,
1378 3000 88 56 La
1504 3000 212 57 Ronce
1752 3013 56 43 et
1843 3011 196 44 autres
2073 2997 184 58 lieux.

289 3088 115 57 Les
439 3085 353 60 Thiersault
827 3088 245 57 tiraient
1107 3088 129 57 leur
1270 3089 238 79 origine
1543 3088 72 57 de
1650 3089 53 56 la
1738 3088 291 78 province
2063 3085 72 58 de
2167 3088 315 76 Bretagne,
2511 3098 56 43 et
2595 3085 52 56 le

105 3177 259 58 château
399 3175 73 59 de
502 3174 406 60 Mérancourt
936 3197 58 37 se
1024 3178 284 70 trouvait,
1347 3177 285 80 paraît-il,
1659 3175 30 59 à
1724 3175 134 59 côté
1895 3175 73 59 de
1997 3177 306 77 Quimper
2330 3174 312 58 Corentin.

98 3268 151 79 Jean
301 3283 58 42 et
413 3268 287 79 François
756 3265 352 59 Thiersault
1161 3264 175 61 firent
1388 3269 195 79 partie
1634 3267 77 57 du
1767 3265 189 80 grand
2002 3265 272 58 tournois
2308 3260 270 82 organisé
2614 3260 31 59 à

105 3358 264 59 Saumur
402 3377 108 60 par
541 3357 54 57 le
632 3357 88 56 roi
759 3354 171 60 René
968 3354 290 80 d'Anjou.
1320 3357 103 57 Un
1484 3357 200 57 Pierre
1738 3356 349 57 Thiersault
2144 3353 183 58 suivit
2377 3353 50 55 la
2479 3352 164 54 reine

105 3450 181 57 Anne
323 3447 72 57 de
432 3447 300 78 Bretagne
767 3467 73 36 en
870 3447 251 70 France,
1150 3467 244 37 comme
1423 3446 230 57 officier
1681 3444 370 59 commensal
2084 3464 73 35 en
2204 3461 180 57 1491.
2417 3437 225 60 S'étant

221 3588 9 23 1
256 3588 194 37 Mercure
474 3586 48 38 de
540 3585 155 50 janvier
723 3598 100 34 1701
853 3598 36 39 p.
924 3587 90 35 168.

219 3646 14 22 2
256 3646 66 37 On
346 3644 59 37 dit
428 3658 77 37 que
526 3645 36 49 J.
584 3644 44 37 B.
654 3644 202 37 Rousseau
880 3642 105 37 avait
1007 3639 197 40 maltraité
1227 3639 34 40 le
1284 3641 198 38 directeur
1504 3641 48 37 de
1574 3638 148 54 l'opéra
1744 3639 97 37 dans
1865 3651 76 25 une
1963 3637 74 38 ode
2063 3634 181 40 intitulée
2265 3633 37 39 la
2323 3632 243 39 Francïnade
2587 3645 51 24 ou

101 3702 38 40 la
163 3703 175 39 Picarde.
