2961 4196
1458 227 64 69 S.
1591 227 55 70 I.
1714 227 106 67 M.

378 253 103 68 74

373 372 149 57 foule
570 373 345 75 grouillante,
947 391 81 33 ses
1078 390 197 54 orgues
1326 370 67 54 de
1442 370 266 67 Barbarie,
1740 388 81 35 ses
1867 370 270 51 nourrices
2166 382 54 39 et
2268 390 80 33 ses
2386 371 213 52 cochers
2629 372 268 69 dansants,

373 452 348 53 Pétrouchka
750 463 51 40 et
832 470 97 33 son
960 449 164 52 vieux
1153 448 258 73 magicien
1436 446 203 73 joueur
1667 447 67 52 de
1765 446 150 67 flûte,
1947 466 95 32 son
2075 466 184 33 maure
2288 446 173 72 puéril
2500 460 50 39 et
2593 444 174 57 féroce
2808 451 91 71 qui

364 529 192 75 jongle
600 547 129 36 avec
776 547 105 33 une
922 528 125 51 noix
1084 526 68 53 de
1182 545 127 34 coco
1340 537 50 41 et
1421 523 131 55 fend
1580 523 49 53 le
1658 526 154 50 crâne
1841 523 67 53 de
1939 543 80 32 ses
2048 523 206 69 rivaux,
2283 524 360 68 Pétrouchka,
2672 545 57 33 ce
2757 524 115 55 chef-

373 607 246 53 d'œuvre
650 603 309 55 irrésistible
989 603 260 71 s'empara
1291 601 365 53 brutalement
1696 601 68 52 de
1809 620 136 31 nous
1977 599 92 52 dès
2099 599 48 52 la
2175 601 262 71 première
2469 620 210 33 mesure
2709 601 64 53 de
2803 622 95 32 son

373 684 366 54 éblouissante
768 682 258 72 partition
1058 693 53 40 et
1140 700 67 33 ne
1238 698 137 33 nous
1407 679 162 74 rejeta
1599 678 132 53 dans
1761 678 47 52 la
1835 678 87 52 vie
1952 677 175 67 réelle,
2160 678 138 52 ivres
2340 677 66 53 de
2450 678 262 52 sonorités
2750 678 120 53 abso-

372 762 214 53 lument
617 758 298 67 nouvelles,
948 757 247 73 qu'après
1225 755 48 54 le
1303 757 213 52 dernier
1549 754 206 54 accord.

531 838 130 52 Une
706 835 164 54 étude
917 833 245 55 détaillée
1206 833 69 53 de
1323 846 83 40 cet
1447 833 295 71 important
1787 849 240 54 ouvrage
2072 830 92 73 qui
2208 849 220 54 marque
2471 851 106 31 une
2618 832 121 50 date
2771 830 131 54 dans

372 916 263 53 l'histoire
665 914 67 54 de
762 912 538 66 l'instrumentation,
1333 931 137 31 nous
1502 922 292 60 permettra
1822 909 67 52 de
1920 919 193 42 mettre
2162 927 65 33 en
2272 907 224 53 lumière
2541 907 75 53 les
2655 909 247 70 précieux

373 1006 218 59 apports
622 992 348 53 orchestraux
999 1002 51 39 et
1079 988 75 53 les
1199 987 330 73 incroyables
1572 985 315 54 trouvailles
1930 985 65 52 de
2039 984 221 53 timbres
2306 985 133 51 dont
2488 997 81 40 cet
2611 984 291 53 audacieux

374 1070 294 55 chercheur
697 1068 148 53 vient
876 1065 288 56 d'enrichir
1193 1064 50 53 la
1271 1064 198 72 langue
1500 1064 444 71 contemporaine
1968 1074 52 41 et
2043 1062 133 73 qu'il
2206 1059 134 55 offre
2369 1060 27 54 à
2427 1081 80 31 ses
2537 1081 365 53 compagnons

374 1149 68 54 de
471 1159 157 41 route
656 1164 129 33 avec
815 1163 108 34 une
952 1142 140 53 belle
1121 1140 299 73 simplicité.
1473 1140 157 60 Qu'il
1676 1159 139 33 nous
1864 1139 182 52 suffise
2091 1158 140 52 pour
2278 1138 239 52 l'instant
2547 1138 65 52 de
2643 1138 261 53 recueillir

376 1224 431 74 précieusement
856 1233 124 41 tous
1023 1219 75 52 les
1148 1219 437 72 enseignements
1628 1237 105 53 que
1773 1236 137 33 nous
1939 1215 216 52 laissent
2183 1214 75 53 les
2288 1214 240 53 miracles
2557 1214 251 53 éclatants
2837 1214 67 53 de

376 1314 139 42 cette
543 1300 229 73 religion
804 1297 270 54 nouvelle.

532 1378 161 53 Nous
738 1396 168 33 avons
955 1374 28 52 à
1025 1371 302 74 apprendre
1375 1373 93 51 des
1520 1371 202 53 Russes
1766 1370 118 52 l'art
1928 1369 67 53 de
2038 1369 221 72 charger
2316 1387 104 33 une
2475 1366 213 74 palette.
2745 1368 159 53 Nous

378 1474 238 36 sommes
646 1453 299 72 incapables
974 1451 67 54 de
1072 1450 204 52 manier
1304 1449 75 53 les
1409 1462 122 40 tons
1562 1468 128 52 purs
1732 1467 127 33 avec
1900 1459 138 41 cette
2085 1445 288 53 virtuosité
2423 1443 274 54 infaillible
2745 1458 51 39 et
2838 1446 67 52 de

377 1531 288 56 découvrir
694 1549 85 35 ces
811 1529 290 71 mélanges,
1133 1545 82 33 ces
1238 1525 424 75 juxtapositions
1693 1537 52 40 et
1773 1543 86 34 ces
1888 1523 337 72 oppositions
2250 1521 323 68 téméraires,
2597 1521 278 73 théorique-

377 1623 152 41 ment
560 1606 320 66 effroyables
909 1619 53 39 et
992 1624 66 33 en
1088 1603 111 68 fait,
1232 1604 121 72 plus
1385 1603 343 72 voluptueux
1769 1601 26 52 à
1836 1600 132 53 l'œil
2013 1619 106 53 que
2162 1599 77 53 les
2288 1597 153 55 effets
2486 1599 301 72 catalogués
2829 1597 75 54 les

378 1688 123 72 plus
532 1689 119 51 sûrs
682 1686 68 52 de
781 1703 98 33 nos
908 1681 193 54 subtils
1130 1680 403 74 agrandisseurs
1562 1678 68 53 de
1660 1678 328 53 miniatures.
2022 1676 158 52 Nous
2211 1694 167 34 avons
2408 1675 26 52 à
2470 1695 137 32 nous
2649 1675 256 52 assimiler

377 1766 118 52 leur
557 1763 275 72 parti-pris
887 1759 369 73 synthétique,
1303 1758 26 52 à
1376 1756 193 74 élargir
1619 1768 154 42 notre
1827 1754 318 72 conception
2189 1754 78 52 du
2377 1751 373 74 trompe-l'œil
2877 1752 28 53 à

378 1840 252 55 modifier
678 1850 155 42 notre
879 1836 138 54 idéal
1066 1835 73 52 du
1190 1834 244 53 réalisme
1464 1846 52 40 et
1547 1844 154 42 notre
1743 1831 176 54 manie
1949 1830 93 53 des
2072 1829 313 53 accessoires
2415 1841 52 41 et
2495 1829 27 53 à
2551 1827 353 73 comprendre

377 1919 146 53 enfin
553 1937 107 54 que
688 1934 140 55 pour
858 1934 108 33 une
995 1910 176 56 forme
1201 1911 139 54 d'art
1389 1909 456 54 essentiellement
1892 1906 474 55 conventionnelle
2414 1905 37 52 il
2493 1918 80 40 est
2617 1905 121 72 plus
2782 1924 122 53 sage

377 1996 296 71 d'accepter
699 1991 331 75 loyalement
1058 1990 67 53 de
1155 2009 56 33 se
1242 1989 254 53 mouvoir
1524 1987 130 52 dans
1684 1986 48 53 la
1760 1986 328 53 convention
2118 2004 107 53 que
2254 1984 67 52 de
2349 1982 287 74 s'ingénier
2663 1982 28 54 à
2720 1982 185 54 éluder

377 2071 395 74 partiellement
820 2065 377 56 l'inéluctable.
1251 2065 158 53 Nous
1458 2083 169 34 avons
1675 2062 28 54 à
1751 2062 229 52 méditer
2020 2060 50 53 la
2109 2059 282 73 splendide
2432 2059 151 67 leçon
2634 2059 66 52 de
2742 2059 161 52 danse

374 2150 263 72 classique
665 2159 55 42 et
746 2146 50 52 le
825 2164 158 35 cours
1014 2142 378 55 transcendant
1420 2142 67 52 de
1516 2140 335 73 pantomime
1893 2151 52 41 et
1986 2136 465 72 d'interprétation
2494 2155 105 55 que
2641 2132 235 75 professè-

374 2240 122 41 rent
525 2227 201 52 devant
757 2241 138 35 nous
924 2234 117 40 tant
1070 2220 68 53 de
1168 2219 216 72 souples
1413 2238 155 52 corps
1597 2217 303 73 éloquents.
1934 2216 159 52 Nous
2127 2213 208 54 devons
2364 2212 242 54 réfléchir
2632 2212 28 52 à
2688 2231 56 33 ce
2773 2212 131 73 qu'il

374 2326 37 54 y
439 2324 28 34 a
495 2304 69 53 de
593 2300 193 57 fécond
816 2313 54 40 et
900 2296 389 75 d'inépuisable
1317 2297 133 52 dans
1479 2307 139 41 cette
1651 2292 210 75 géniale
1902 2290 182 56 fusion
2128 2291 93 53 des
2264 2291 314 72 techniques
2625 2290 248 71 chorégra-

377 2382 230 73 phiques
658 2391 53 41 et
760 2376 301 75 picturales,
1108 2375 50 53 le
1206 2375 192 71 champ
1442 2372 150 52 infini
1643 2371 268 74 qu'ouvre
1942 2370 27 53 à
1995 2368 49 52 la
2074 2366 240 54 fantaisie
2352 2367 92 52 des
2474 2367 265 52 créateurs
2768 2379 135 40 cette

376 2457 155 69 façon
562 2457 68 54 de
659 2456 181 53 traiter
870 2452 76 55 les
975 2451 320 72 interprètes
1337 2470 67 33 en
1454 2447 220 74 simples
1717 2447 213 55 valeurs
1972 2445 237 54 colorées
2239 2445 136 53 dont
2403 2464 69 33 on
2494 2443 135 75 joue
2657 2442 220 53 délicate-

377 2547 151 44 ment
557 2535 75 53 du
663 2533 136 54 bout
826 2531 166 55 d'une
1021 2530 183 52 brosse
1234 2526 266 53 invisible.
1533 2526 129 52 Une
1691 2525 263 53 danseuse
1978 2535 79 42 est
2080 2542 66 33 en
2171 2522 177 52 même
2369 2532 176 60 temps
2570 2540 73 33 un
2673 2520 227 72 rythme,

377 2635 76 33 un
482 2624 151 62 geste
664 2622 52 42 et
745 2629 108 34 une
880 2607 270 55 vibration
1182 2605 307 53 lumineuse
1520 2624 13 44 ;
1563 2602 132 53 dans
1727 2601 199 68 Sadko,
1954 2600 28 53 à
2010 2600 207 52 l'heure
2246 2600 74 52 où
2349 2597 76 53 les
2450 2597 349 72 mollusques,
2828 2597 75 51 les

377 2688 264 56 crustacés
672 2699 52 41 et
753 2686 76 53 les
859 2683 347 73 madrépores
1237 2681 252 72 noyaient
1516 2680 51 52 la
1595 2676 161 56 féérie
1785 2678 68 52 de
1881 2676 144 53 leurs
2055 2676 193 53 émaux
2291 2672 352 55 translucides
2683 2672 130 53 dans
2856 2672 48 52 la

378 2770 244 52 douceur
651 2765 67 53 de
746 2761 451 75 l'aigue-marine,
1230 2777 137 35 nous
1395 2776 169 34 avons
1595 2776 75 52 pu
1698 2756 119 52 voir
1845 2774 127 34 avec
2001 2752 179 75 quelle
2209 2753 204 52 science
2436 2752 198 52 étaient
2657 2749 246 73 ménagés

379 2846 68 53 de
476 2843 288 54 soudaines
848 2838 210 55 entrées
1138 2836 351 66 d'outremer,
1520 2832 68 53 de
1616 2850 356 35 savoureuses
2000 2831 226 52 touches
2256 2828 68 53 de
2352 2828 169 53 violet
2547 2847 71 33 ou
2649 2827 253 52 d'adroits

435 2920 215 73 rappels
734 2918 67 54 de
830 2916 158 73 laque
1017 2913 231 73 orangée
1277 2911 336 72 représentés
1643 2928 91 53 par
1765 2908 66 53 de
1859 2907 175 74 légers
2065 2907 219 52 essaims
2315 2906 66 52 de
2410 2903 280 55 ballerines
2710 2903 193 74 jouant

378 2997 266 53 l'humble
673 3007 52 41 et
755 2991 331 76 magnifique
1115 2989 113 54 rôle
1258 2988 66 53 de
1355 2987 155 54 tubes
1540 2986 67 53 de
1635 2984 225 55 couleur
1908 2984 133 52 dans
2085 2982 399 53 l'éblouissante
2528 2979 372 73 composition.

379 3076 82 53 Le
508 3086 186 41 retour
743 3071 167 53 d'une
959 3068 167 53 teinte
1168 3066 121 53 bien
1337 3063 249 53 ramenée
1634 3073 80 42 est
1768 3061 142 53 aussi
1964 3061 298 52 émouvant
2316 3058 202 74 qu'une
2566 3055 334 54 modulation

379 3170 332 37 savoureuse
741 3161 51 41 et
821 3148 77 52 les
919 3146 135 73 jeux
1083 3144 178 54 divins
1290 3142 67 53 de
1385 3142 51 52 la
1478 3141 227 53 lumière
1734 3139 254 52 méritent
2032 3157 70 33 au
2146 3138 175 51 même
2352 3135 122 53 titre
2508 3153 105 55 que
2649 3152 133 34 ceux
2810 3132 92 53 des

381 3229 170 54 ondes
581 3245 224 35 sonores
835 3236 155 42 notre
1018 3221 262 54 attentive
1310 3218 163 53 étude
1502 3229 53 41 et
1585 3229 155 40 notre
1768 3214 251 55 curiosité
2047 3213 335 74 passionnée.

537 3303 166 55 Enfin
732 3302 50 53 la
809 3299 202 75 grande
1040 3298 155 66 leçon
1224 3295 95 54 des
1350 3293 186 53 ballets
1567 3312 176 33 russes
1769 3303 79 42 est
1872 3311 108 33 une
2001 3290 153 66 leçon
2184 3289 67 53 de
2282 3288 267 72 musique.
2575 3287 94 52 Un
2697 3284 203 53 Fokine

379 3383 322 70 développe,
734 3375 251 75 magnifie
1016 3387 50 41 et
1097 3372 268 72 multiplie
1394 3372 47 52 la
1472 3369 194 74 pensée
1696 3369 131 52 d'un
1858 3367 367 72 compositeur
2253 3387 12 44 ;
2311 3365 34 52 il
2390 3377 192 39 trouve
2625 3362 47 52 le
2707 3379 190 55 moyen

379 3461 267 73 d'ajouter
673 3458 28 52 à
729 3457 49 53 la
807 3453 292 75 splendeur
1129 3450 76 54 du
1233 3449 164 53 verbe
1426 3466 195 35 sonore
1651 3466 119 33 sans
1799 3443 362 56 déformation
2193 3443 49 52 ni
2276 3443 252 52 trahison.
2565 3440 78 52 La
2673 3436 226 54 mélodie

379 3551 80 42 est
490 3558 75 32 un
594 3537 133 52 tissu
759 3533 230 65 flottant,
1023 3548 106 35 une
1158 3528 223 70 écharpe
1412 3524 131 74 qu'il
1581 3523 164 71 drape
1775 3522 132 53 d'un
1938 3534 125 40 tour
2093 3520 67 52 de
2190 3519 141 52 main
2363 3515 309 66 inimitable,
2702 3515 134 51 dont
2865 3511 34 52 il

379 3616 102 52 fixe
513 3635 73 33 un
618 3612 73 72 pli
721 3631 67 33 au
820 3627 197 53 moyen
1047 3605 68 54 de
1144 3602 376 55 l'escarboucle
1548 3600 218 54 vivante
1808 3598 167 53 d'une
2019 3596 292 53 Karsavina
2350 3614 73 33 ou
2466 3594 131 52 d'un
2630 3590 268 74 Nijinsky,
