2961 4196
361 231 98 69 86

1435 231 68 70 S.
1573 231 52 69 I.
1695 230 106 69 M.

494 379 40 47 Il
563 395 118 31 nous
708 391 67 35 est
800 377 213 65 agréable
1041 377 243 65 d'ajouter,
1314 395 90 29 aux
1444 376 149 64 lignes
1620 377 54 46 de
1702 389 135 34 notre
1863 376 234 47 excellent
2135 376 211 47 confrère
2383 376 76 48 M.
2490 377 273 64 Bergmans,
2791 391 101 36 tous

355 468 84 29 nos
477 464 424 49 encouragements
940 461 47 35 et
1028 466 84 30 nos
1137 449 301 47 félicitations
1479 447 321 47 chaleureuses
1839 447 26 46 à
1905 446 210 48 l'adresse
2143 447 56 47 de
2229 446 144 48 MM.
2403 447 142 47 Roels
2570 461 45 33 et
2643 449 247 61 Lefébure,

352 532 106 35 tous
483 521 124 46 deux
648 521 340 61 compositeurs
1028 518 250 64 appréciés.
1321 517 62 48 Ils
1422 530 162 34 savent
1623 535 47 30 se
1697 517 202 47 dévouer
1937 517 24 47 à
2002 518 109 46 faire
2147 517 244 47 connaître
2429 517 64 47 les
2518 535 184 30 œuvres
2727 520 55 44 de
2811 536 81 31 nos

352 593 254 46 musiciens
646 591 168 63 belges,
854 591 119 47 leurs
1010 591 235 62 collègues
1272 611 12 37 ;
1312 602 47 35 et
1385 590 99 47 leur
1510 601 312 34 mouvement
1848 601 68 34 est
1941 606 124 29 assez
2101 606 114 42 rare,
2243 606 126 29 assez
2396 590 115 45 beau
2539 606 116 45 pour
2679 588 142 63 qu'on
2850 590 41 47 le

352 662 193 65 signale,
566 680 116 44 pour
703 661 147 63 qu'on
872 678 30 47 y
924 662 301 61 applaudisse.
1246 662 136 46 Nous
1401 661 272 47 souhaitons
1692 659 25 47 à
1744 659 99 47 leur
1866 659 226 47 direction
2121 658 42 48 le
2189 658 124 64 plein
2340 659 160 47 succès
2519 659 170 63 qu'elle
2712 659 178 49 mérite.

2603 729 61 49 R.
2693 729 58 49 L.

497 868 334 59 MALINES,
860 868 43 47 le
938 879 54 48 15
1024 869 109 46 mai.
1256 866 93 49 Les
1375 879 213 34 concerts
1612 879 108 33 sont
1758 866 281 59 nombreux,
2069 866 115 46 mais
2210 878 234 34 rarement
2482 865 311 47 intéressants.
2822 865 70 47 La

355 941 216 60 musique
599 939 226 46 moderne
853 955 57 30 ne
939 940 211 60 parvient
1176 954 78 46 pas
1279 938 26 45 à
1330 954 46 31 se
1404 938 110 45 faire
1542 936 189 47 écouter
1759 938 73 45 ici.
1856 938 81 44 Au
2018 935 353 47 Nederlandsch
2401 936 228 46 Verbond
2708 936 61 46 où
2797 935 94 47 l'on

356 1012 173 46 chanta
555 1011 56 45 de
652 1010 93 46 fort
787 1009 139 47 belles
967 1011 231 45 chansons
1236 1007 260 63 populaires
1533 1006 268 60 flamandes,
1828 1007 114 46 ainsi
1970 1024 90 43 que
2088 1005 224 63 quelques
2350 1005 222 48 mélodies
2609 1023 124 30 assez
2772 1006 120 61 pâles

356 1081 237 48 d'auteurs
620 1081 156 62 belges
802 1080 192 61 actuels,
1023 1080 63 47 les
1879 1080 208 46 Préludes
1347 1080 55 46 de
1432 1077 219 65 Debussy
1679 1096 59 28 ne
1764 1079 312 60 produisirent
2102 1094 186 30 aucune
2316 1079 285 59 impression.

499 1151 324 48 L'Académie
851 1152 56 45 de
938 1151 226 62 Musique
1193 1166 118 31 nous
1350 1166 27 29 a
1415 1148 83 47 fait
1537 1148 227 46 entendre
1792 1148 26 46 à
1842 1165 84 29 son
1954 1147 246 46 deuxième
2227 1159 191 35 concert
2459 1147 42 46 la
2530 1148 278 64 symphonie
2835 1164 56 29 en

365 1236 49 36 ut
431 1225 187 45 mineur
646 1225 57 44 de
731 1222 289 47 Beethoven.
1052 1222 46 46 A
1124 1239 51 29 ce
1203 1221 156 45 même
1386 1232 208 48 concert,
1623 1218 268 47 l'excellent
1918 1219 201 46 corniste
2145 1218 78 47 M.
2247 1218 145 47 Théo
2420 1218 155 64 Mahy
2600 1236 27 29 a
2647 1218 109 64 joué
2782 1236 110 29 avec

355 1313 85 31 son
468 1296 181 45 aisance
689 1292 254 48 habituelle
982 1310 65 29 un
1086 1303 224 36 concerto
1336 1291 187 47 difficile
1551 1291 55 45 de
1636 1289 217 63 Mengal.
1894 1288 359 47 Mademoiselle
2293 1288 245 48 Charlotte
2566 1288 207 61 Vrelust,
2801 1306 91 29 une

351 1368 143 64 jeune
534 1364 203 47 lauréate
765 1364 62 46 du
855 1363 340 47 conservatoire
1222 1362 56 45 de
1306 1360 256 61 Bruxelles,
1593 1359 253 62 interpréta
1869 1358 144 47 d'une
2043 1359 134 60 façon
2196 1359 90 47 très
2323 1371 208 35 correcte
2559 1358 64 47 du
2650 1358 212 48 Mendels-

355 1438 118 47 sohn
502 1448 47 34 et
576 1437 62 45 du
667 1434 149 48 Liszt.

501 1507 170 48 Citons
696 1522 171 30 encore
894 1520 116 46 pour
1037 1503 228 47 mémoire
1291 1519 94 29 une
1422 1501 165 47 séance
1615 1501 55 46 de
1710 1501 213 61 musique
1963 1500 55 47 de
2058 1501 222 46 chambre
2318 1499 247 47 consacrée
2601 1517 93 29 aux
2779 1499 85 49 Ori-

357 1580 131 62 gines
527 1579 65 46 du
637 1576 128 64 Style
804 1573 330 49 instrumental
1236 1585 46 35 et
1322 1590 65 31 un
1429 1583 193 37 concert
1665 1571 56 47 de
1762 1570 192 61 charité,
1997 1571 62 46 où
2103 1570 78 48 M.
2214 1571 118 63 Jean
2373 1570 128 47 Noté
2539 1581 234 51 remporta
2808 1588 84 29 son

355 1649 162 49 succès
543 1646 224 50 habituel.

2516 1710 139 48 PAUL
2694 1710 57 49 C.

1326 1925 608 111 Etranger

501 2153 390 51 BUDAPEST.
1015 2152 140 47 Tous
1194 2167 121 30 ceux
1359 2150 79 63 qui
1479 2162 85 34 ont
1609 2148 133 47 visité
1778 2148 42 47 la
1855 2149 212 62 Hongrie
2111 2161 85 34 ont
2237 2147 72 48 été
2351 2147 196 48 étonnés
2589 2159 47 35 et
2679 2148 115 46 ravis
2838 2147 54 47 de

355 2229 386 50 l'enthousiasme
781 2224 181 48 sincère
1007 2224 78 46 des
1131 2223 240 62 Hongrois
1411 2238 116 44 pour
1562 2220 44 47 la
1649 2222 228 60 musique.
1907 2220 114 46 Non
2062 2219 262 47 seulement
2351 2219 113 47 dans
2490 2218 43 47 la
2557 2218 194 62 capitale
2780 2219 112 46 mais

354 2302 115 47 dans
494 2310 155 36 toutes
675 2296 66 47 les
767 2295 133 47 villes
925 2294 197 63 grandes
1147 2304 47 36 et
1221 2294 166 60 petites
1414 2293 56 45 de
1508 2291 42 46 la
1587 2291 231 63 Hongrie,
1847 2290 42 47 le
1928 2290 174 46 monde
2139 2291 137 46 afflue
2314 2289 358 47 véritablement
2712 2305 100 30 vers
2850 2288 40 47 le

354 2370 181 50 théâtre
562 2387 62 29 ou
652 2384 100 31 vers
779 2365 42 48 la
847 2365 110 48 salle
985 2365 54 46 de
1067 2374 194 37 concert
1287 2364 180 61 chaque
1495 2362 87 46 fois
1607 2378 89 45 que
1722 2360 202 63 quelque
1955 2361 227 46 musicien
2209 2376 62 30 ou
2297 2360 157 46 artiste
2492 2359 182 47 célèbre
2699 2376 31 46 y
2765 2360 126 44 vient

355 2444 183 47 donner
587 2458 95 29 une
723 2437 229 49 audition.
996 2435 132 49 C'est
1170 2453 90 44 que
1305 2434 43 47 la
1385 2434 214 61 musique
1640 2444 47 35 et
1722 2431 41 48 le
1806 2432 261 47 sentiment
2106 2430 194 48 musical
2344 2443 107 35 sont
2492 2430 132 47 innés
2667 2431 118 46 chez
2829 2429 63 48 les

357 2512 257 64 Hongrois.

497 2581 143 49 Voilà
666 2580 227 63 pourquoi
922 2577 78 48 dès
1025 2576 65 47 les
1115 2589 153 48 temps
1293 2573 64 49 les
1382 2575 103 62 plus
1510 2575 191 45 anciens
1734 2572 118 48 alors
1889 2572 113 64 qu'il
2043 2572 82 64 n'y
2161 2572 122 47 avait
2321 2572 156 46 même
2515 2587 77 46 pas
2628 2587 170 31 encore
2835 2571 57 45 de

357 2653 262 49 littérature
646 2669 62 29 ou
734 2650 58 47 de
817 2648 185 49 culture
1028 2665 57 28 en
1115 2646 232 62 Hongrie,
1386 2643 65 48 les
1489 2643 160 47 bardes
1673 2653 47 36 et
1747 2643 63 47 les
1836 2643 251 47 chanteurs
2125 2642 221 62 hongrois
2379 2641 174 47 étaient
2580 2639 99 66 déjà
2712 2657 180 31 connus

357 2727 115 47 dans
511 2735 131 36 toute
681 2721 226 61 l'Europe
944 2731 48 34 et
1033 2717 121 48 voilà
1193 2717 118 47 aussi
1352 2716 228 62 pourquoi
1622 2731 170 30 encore
1837 2714 298 47 maintenant
2175 2712 64 48 les
2280 2713 239 62 Hongrois
2554 2723 85 36 ont
2675 2730 63 29 un
2768 2710 124 49 culte

355 2793 171 66 spécial
572 2808 117 47 pour
732 2790 122 49 leurs
893 2789 169 64 grands
1105 2787 188 48 maîtres
1326 2798 47 36 et
1411 2785 66 47 les
1510 2784 149 48 fêtent
1695 2801 111 30 avec
1833 2802 94 28 une
1954 2801 171 44 pompe
2162 2783 361 47 extraordinaire
2561 2780 176 65 malgré
2773 2780 119 49 leurs

357 2882 258 33 ressources
642 2864 108 47 bien
775 2862 279 47 restreintes.

501 2935 104 50 Des
629 2934 338 61 compositeurs
991 2943 47 34 et
1065 2930 251 46 musiciens
1341 2928 223 62 hongrois
1589 2925 43 47 le
1659 2925 102 62 plus
1786 2925 145 62 grand
1959 2937 47 34 et
2031 2924 42 47 le
2101 2924 102 62 plus
2227 2923 197 64 original
2451 2935 68 36 est
2543 2940 103 31 sans
2683 2934 208 36 conteste

359 3008 224 58 François
609 3004 148 48 Liszt.
787 3001 279 63 L'étranger
1094 2999 42 47 le
1161 2997 349 49 reconnaissant
1536 3008 47 34 et
1609 2995 307 62 l'appréciant
1941 3006 165 35 autant
2131 3011 91 45 que
2252 2994 43 47 la
2335 2994 230 62 Hongrie,
2592 3010 63 31 on
2695 3010 60 28 ne
2796 2992 95 46 doit

360 3097 79 45 pas
461 3078 240 48 s'étonner
729 3091 89 46 que
846 3072 97 47 l'on
971 3072 113 46 fasse
1110 3071 79 45 des
1216 3069 268 62 préparatifs
1515 3066 276 47 réellement
1829 3065 353 62 exceptionnels
2219 3083 116 44 pour
2373 3064 204 47 célébrer
2614 3080 83 31 son
2732 3075 132 34 cente-

360 3150 142 47 naire.
525 3145 152 63 Après
704 3145 55 46 de
785 3144 197 62 longues
1007 3141 271 57 discusions,
1325 3138 41 46 le
1411 3136 176 48 comité
1630 3136 214 47 exécutif
1863 3136 221 62 hongrois
2111 3136 56 46 de
2192 3152 77 30 ces
2294 3135 113 47 fêtes
2432 3135 129 45 vient
2586 3133 108 47 d'en
2721 3132 169 47 arrêter

359 3221 41 47 le
428 3234 300 48 programme
755 3213 218 49 définitif.
1002 3211 70 48 Le
1099 3210 267 48 centenaire
1392 3210 55 45 de
1476 3208 132 47 Liszt
1636 3224 57 30 ne
1720 3224 98 30 sera
1838 3222 78 46 pas
1933 3206 263 47 seulement
2217 3206 43 47 la
2284 3206 93 45 fête
2399 3206 56 45 de
2478 3205 131 46 Liszt
2636 3205 114 45 mais
2774 3205 114 45 aussi

359 3291 44 47 la
428 3290 94 48 fête
548 3286 236 48 mondiale
806 3285 57 47 de
889 3283 44 47 la
958 3283 230 60 musique.
1212 3279 140 47 Tout
1372 3296 53 29 ce
1446 3278 77 62 qui
1550 3290 189 48 compte
1766 3277 113 46 dans
1904 3276 43 47 la
1973 3277 211 61 musique
2209 3292 47 31 se
2284 3274 184 47 réunira
2493 3274 112 47 dans
2632 3273 40 47 la
2698 3272 192 62 capitale

361 3361 248 62 hongroise
637 3370 47 35 et
710 3356 42 47 le
790 3366 193 37 concert
1020 3352 146 63 qu'on
1203 3349 229 47 entendra
1468 3348 26 47 à
1531 3359 122 35 cette
1692 3348 216 46 occasion
1936 3358 167 36 restera
2130 3348 191 60 unique.
2368 3345 70 47 Ce
2472 3362 96 29 sera
2613 3343 40 47 le
2692 3344 196 61 premier

361 3433 315 47 rendez-vous
720 3428 56 47 de
822 3438 105 34 tous
964 3423 64 48 les
1077 3422 165 59 élèves,
1295 3419 190 64 diciples
1522 3431 46 34 et
1616 3419 118 46 amis
1776 3419 63 45 du
1877 3418 145 62 grand
2063 3417 162 47 maître
2265 3417 233 62 hongrois.
2547 3414 90 48 Les
2675 3415 76 45 dix
2791 3414 99 61 plus

361 3503 169 63 grands
579 3499 218 62 pianistes
847 3495 63 47 du
962 3494 172 46 monde
1184 3492 151 45 entier
1385 3489 259 62 prendront
1693 3499 102 50 part
1844 3505 92 28 aux
1987 3499 213 34 concerts
2261 3486 76 61 qui
2388 3497 156 35 seront
2595 3483 165 63 dirigés
2810 3499 77 45 par

361 3575 119 63 Jean
510 3572 191 58 Richer,
731 3565 223 65 Siegfried
980 3565 229 61 Wagner,
1239 3560 134 48 Félix
1399 3560 340 61 Weingartner
1766 3569 45 36 et
1839 3558 209 45 Bernard
2076 3556 340 64 Stavenhagen.

502 3643 142 47 Voici
673 3639 42 47 le
743 3653 298 47 programme
1068 3635 55 46 de
1151 3649 75 30 ces
1251 3643 216 35 concerts
1490 3645 10 31 :
