2961 4196
1121 248 170 69 LES
1356 249 355 70 LIVRES

2579 284 34 70 5
2638 284 35 70 5

124 385 158 62 index,
322 404 60 31 ne
423 402 108 34 sont
572 407 78 45 pas
688 390 145 49 d'une
873 393 178 49 lecture
1093 409 243 50 courante,
1379 409 46 36 et
1465 398 42 47 le
1548 399 82 46 but
1671 400 55 46 de
1765 399 99 48 leur
1901 414 166 35 auteur
2107 402 77 48 n'a
2223 417 148 35 certes
2410 423 79 45 pas
2527 405 72 49 été
2637 408 43 47 la

122 456 273 49 distraction
423 470 47 36 et
510 458 335 52 l'amusement
873 464 63 46 du
975 464 193 51 lecteur.
1200 466 141 49 Cette
1383 469 269 62 biographie
1693 484 67 33 est
1801 484 182 35 surtout
2011 491 64 29 un
2109 474 173 47 recueil
2310 475 54 46 de
2406 477 106 47 faits
2551 491 46 33 et
2625 478 55 47 de

122 529 262 48 references
424 529 213 63 précises.
668 531 298 66 Cependant,
995 553 58 29 en
1093 554 52 29 ce
1173 539 78 61 qui
1291 555 234 31 concerne
1563 540 44 47 la
1647 543 145 58 partie
1827 544 261 60 parisienne
2115 545 55 46 de
2197 544 43 48 la
2265 546 71 46 vie
2364 546 56 46 de
2447 546 232 64 Wagner,

217 618 90 44 que
349 619 119 30 nous
506 620 145 31 avons
688 606 248 48 examinée
972 624 114 30 avec
1125 609 204 63 quelque
1367 612 254 61 attention,
1764 630 118 31 nous
1926 614 275 49 désirerions
2242 630 200 35 souvent
2481 618 102 62 plus
2623 620 55 46 de

120 668 181 64 détails,
329 672 80 62 qui
435 684 108 35 sont
570 673 182 50 donnés
777 693 112 31 avec
917 695 66 29 un
1012 677 109 49 luxe
1148 680 169 61 parfois
1342 680 197 65 exagéré
1564 681 210 65 lorsqu'il
1806 682 134 65 s'agit
1967 684 203 49 d'autres
2207 686 209 62 périodes
2443 689 56 45 de
2537 687 43 49 la
2606 690 72 46 vie

122 741 58 48 de
207 742 235 64 Wagner.

263 812 118 48 Cela
407 816 121 45 tient
553 832 105 32 sans
684 817 145 47 doute
854 836 26 29 a
906 836 54 29 ce
988 836 89 46 que
1116 820 251 49 l'éminent
1406 823 259 61 professeur
1691 823 55 47 de
1776 823 124 65 Riga
1938 825 78 48 n'a
2053 844 78 44 pas
2164 828 341 47 suffisamment
2532 830 146 62 dirigé

117 901 68 30 ses
228 886 357 64 investigations
613 888 55 46 de
707 906 55 29 ce
802 888 124 51 côté.
956 889 132 49 C'est
1125 893 132 61 ainsi,
1286 911 79 43 par
1404 894 231 63 exemple,
1665 913 91 44 que
1794 913 118 31 nous
1939 915 60 28 ne
2027 910 223 37 trouvons
2277 900 91 47 cité
2406 900 130 48 nulle
2575 915 101 48 part

117 972 67 29 un
210 972 208 47 ouvrage
457 957 344 63 indispensable
839 959 26 47 à
890 962 80 61 qui
999 974 113 33 veut
1139 962 180 48 étudier
1882 963 791 67 Wil'ouvrage
2147 968 56 47 de
2242 969 78 49 M.
2352 968 64 51 G.
2447 971 230 48 Servières

117 1043 77 31 sur
221 1044 54 30 ce
299 1028 136 63 sujet.
467 1028 86 49 On
580 1047 32 47 y
638 1030 294 47 chercherait
959 1049 60 30 en
1046 1033 107 46 vain
1180 1035 134 60 aussi,
1343 1034 41 46 le
1413 1035 108 47 titre
1548 1037 56 45 de
1630 1035 110 49 telle
1765 1054 62 30 ou
1854 1037 108 48 telle
1991 1039 230 47 brochure
2249 1042 275 59 parisienne,
2559 1040 117 49 celle

118 1098 57 47 de
216 1096 78 50 M.
335 1098 90 49 Ed.
468 1099 320 63 Drummont,
829 1120 80 45 par
947 1104 233 62 exemple,
1220 1123 141 44 parue
1399 1124 57 28 en
1505 1105 147 65 1869.
1823 1127 27 43 P
1854 1120 80 35 eut
1962 1112 246 59 reprocher
2245 1113 135 60 aussi,
2420 1112 26 48 à
2479 1112 198 48 l'œuvre

117 1170 336 47 monumental
481 1171 57 47 de
567 1171 77 50 M.
675 1171 289 65 Glasenapp,
992 1175 55 47 de
1074 1193 60 29 ne
1163 1193 76 44 pas
1267 1175 95 48 être
1390 1190 193 50 exempt
1613 1179 54 46 de
1695 1190 103 36 tout
1825 1181 236 60 parti-pris
2088 1181 55 46 de
2170 1180 203 64 glorifier
2399 1199 84 31 son
2524 1183 150 49 héros.

1975 1250 140 64 J.-G.
2157 1251 376 51 PROD'HOMME.

260 1363 326 50 PEARSON
616 1364 105 65 (P.).
845 1367 475 65 Psycho-Harmonial
1340 1369 271 65 Phîlosophy,
1657 1373 136 46 based
1835 1390 127 44 upon
2004 1374 81 46 the
2127 1374 196 47 musical
2362 1374 136 50 scale.
2543 1374 134 64 (The

117 1435 264 47 harmonial
409 1435 273 65 publishing
710 1437 271 67 Company,
1012 1438 160 48 Ponça
1200 1441 131 64 City,
1361 1442 66 47 U.
1458 1442 42 48 S.
1530 1443 81 60 A.,
1642 1442 128 48 in-8°
1798 1443 55 47 de
1882 1457 101 51 270
2010 1462 94 45 pp.,
2136 1442 29 65 $
2197 1446 155 63 3.50.)

260 1532 93 48 Cet
402 1533 112 47 essai
560 1533 56 47 de
941 1533 273 64 Philosophie
1522 1535 93 66 Psycho-Harmonique
1616 1537 103 47 basé
1720 1556 108 29 sur
1829 1538 117 47 la
1947 1557 137 46 gamme
2128 1541 224 47 musicale
2394 1541 175 48 semble
2615 1560 61 29 au

115 1606 203 61 premier
344 1606 145 45 abord
517 1604 96 47 être
642 1623 65 30 un
734 1623 203 47 ouvrage
964 1607 57 47 de
1047 1625 115 44 pure
1190 1608 321 64 musicologie.
1541 1609 87 49 Sur
1654 1609 44 47 la
1724 1611 228 61 première
1981 1628 129 46 page,
2140 1612 40 47 le
2207 1615 107 44 titre
2342 1613 55 47 de
2436 1612 237 63 l'ouvrage

114 1693 62 29 ne
203 1675 258 49 s'inscrit-il
500 1693 79 45 pas
604 1695 60 27 au
691 1695 176 47 moyen
895 1678 56 46 de
992 1692 134 33 notes
1163 1677 208 66 figurant
1409 1697 127 31 assez
1576 1682 319 47 bizarrement
1933 1682 63 48 les
2033 1683 159 47 lettres
2229 1701 76 29 sur
2338 1684 77 46 des
2453 1683 182 62 portées
2659 1683 15 47 ?

115 1747 131 48 Mais
273 1764 52 30 ce
367 1764 61 30 ne
467 1759 108 35 sont
612 1747 44 48 là
680 1766 92 43 que
801 1749 56 46 de
894 1749 190 61 simples
1121 1750 306 47 extériorités.
1468 1752 82 45 Au
1577 1752 114 47 fond
1732 1752 28 47 il
1798 1752 135 63 s'agit
1969 1766 183 34 surtout
2180 1753 115 48 d'un
2335 1754 170 62 exposé
2532 1754 144 47 d'une

114 1818 295 62 philosophie
435 1819 79 61 qui
543 1818 98 47 doit
668 1836 119 30 nous
812 1819 228 47 conduire
1065 1838 61 29 au
1206 1820 212 62 Temple
1447 1822 55 45 de
1530 1822 43 47 la
1600 1822 201 64 Sagesse.

259 1888 87 48 Par
373 1889 234 62 exemple,
633 1890 66 47 les
725 1891 131 46 titres
881 1903 107 34 sont
1014 1903 106 35 tous
1145 1890 349 50 éminemment
1521 1894 262 47 musicaux.
1813 1893 268 64 L'ouvrage
2117 1894 207 62 complet
2362 1895 312 62 comprendra

114 1961 113 47 trois
252 1960 215 48 volumes
494 1974 45 33 et
566 1963 187 45 chacun
782 1961 141 47 d'eux
950 1974 67 34 est
1042 1980 96 28 une
1220 1963 203 49 Octave.
1508 1963 79 48 De
1627 1964 116 62 plus,
1773 1965 180 62 chaque
1980 1966 209 61 chapitre
2221 1978 67 35 est
2328 1966 129 61 placé
2484 1983 188 30 comme

113 2049 108 32 sous
261 2031 310 47 l'invocation
599 2031 144 48 d'une
783 2032 197 49 tonalité
1018 2034 314 62 particulière,
1361 2035 163 62 depuis
1625 2036 178 64 majeur
1825 2035 217 65 jusqu'au
2069 2049 82 34 ton
2180 2037 55 46 de
2340 2035 129 49 Mais
2504 2039 45 63 je
2577 2037 97 47 dois

111 2105 181 65 ajouter
318 2121 91 46 que
437 2121 76 29 ces
538 2105 428 62 correspondances
993 2123 58 29 ne
1079 2117 107 36 sont
1213 2123 78 45 pas
1319 2107 211 64 toujours
1555 2106 158 48 faciles
1738 2106 26 48 à
1790 2107 207 47 deviner.

257 2175 70 48 Le
355 2176 211 61 chapitre
593 2175 120 63 XII,
743 2175 191 48 intitulé
1022 2176 71 48 Le
1120 2177 153 47 cercle
1300 2178 327 64 chromatique
1732 2189 66 36 est
1835 2178 40 47 le
1902 2178 98 49 seul
2038 2178 62 49 où
2142 2178 43 47 la
2211 2180 213 61 question
2452 2178 221 49 musicale

111 2247 93 47 soit
230 2263 66 30 un
325 2263 90 45 peu
443 2246 104 62 plus
572 2258 271 35 nettement
868 2247 216 48 abordée.

256 2318 160 60 Voici,
445 2335 120 30 nous
590 2318 69 47 dit
699 2318 204 47 l'auteur
929 2319 63 63 (p.
1023 2319 136 64 233),
1188 2336 54 30 ce
1270 2337 90 45 que
1388 2336 175 46 prouve
1602 2337 52 29 ce
1691 2319 225 61 chapitre.
1947 2319 91 47 Les
2076 2319 85 47 lois
2188 2321 56 45 de
2282 2319 44 47 la
2363 2331 167 37 nature
2566 2331 107 35 sont

113 2388 193 48 fondées
348 2406 78 30 sur
470 2388 44 47 la
557 2388 275 65 géométrie.
875 2388 70 48 Le
990 2389 108 62 plan
1143 2389 190 65 général
1375 2390 64 47 du
1477 2390 174 47 monde
1691 2402 68 35 est
1795 2408 60 29 en
1906 2392 193 61 parfaite
2143 2390 286 47 conformité
2472 2408 112 29 avec
2627 2390 43 47 la

111 2459 260 66 géométrie
412 2473 49 33 et
499 2459 65 48 les
600 2459 413 65 mathématiques.
1044 2460 94 49 Les
1162 2460 259 49 emblèmes
1459 2463 353 61 maçonniques,
1842 2460 210 64 équerre,
2080 2462 215 63 triangle,
2323 2478 189 46 compas
2537 2472 46 35 et
2621 2459 48 48 fil

110 2533 27 48 à
164 2531 162 64 plomb
354 2533 250 45 marchent
630 2531 44 49 la
699 2534 129 44 main
857 2533 114 47 dans
998 2531 43 47 la
1066 2534 130 46 main
1221 2551 113 29 avec
1361 2533 43 47 la
1430 2533 274 63 géométrie,
1732 2533 65 47 les
1823 2533 393 62 mathématiques
2242 2545 46 33 et
2324 2548 65 32 LA
2428 2547 239 38 MUSIQUE.

171 2603 276 63 L'équerre,
476 2601 41 49 le
545 2603 199 63 triangle
785 2614 45 36 et
871 2603 42 47 le
955 2620 193 45 compas
1183 2615 108 36 sont
1318 2604 79 47 des
1435 2603 172 64 figures
1647 2603 347 64 géométriques
2034 2604 153 47 basées
2211 2620 77 30 sur
2319 2603 64 47 les
2420 2603 84 47 lois
2531 2604 56 46 de
2629 2603 40 47 la

111 2676 270 61 musique...
537 2674 72 48 La
646 2674 297 47 modulation
984 2693 58 28 en
1070 2676 217 61 musique
1315 2688 68 34 est
1409 2674 188 63 l'image
1625 2675 63 46 du
1726 2672 48 49 fil
1813 2674 26 47 à
1875 2674 162 62 plomb
2063 2675 78 61 qui
2180 2674 156 47 oscille
2363 2686 133 35 entre
2527 2672 119 49 l'har-

113 2747 160 47 monie
316 2758 48 34 et
406 2745 45 47 la
490 2745 291 61 dissonance,
826 2747 310 46 recherchant
1178 2745 42 47 le
1265 2747 134 61 point
1444 2745 277 63 d'équilibre
1771 2745 63 47 où
1883 2745 111 47 elles
2035 2756 157 36 seront
2235 2744 187 47 réunies
2465 2761 58 30 en
2573 2761 95 30 une

111 2817 395 61 homocentrique
536 2816 210 62 polarité.

256 2887 70 48 Le
369 2887 198 64 triangle
611 2888 321 61 maçonnique
970 2905 27 29 a
1036 2905 95 29 une
1177 2886 223 48 véritable
1442 2887 197 47 relation
1680 2904 112 29 avec
1830 2886 43 47 la
1911 2886 146 47 triade
2099 2885 222 48 musicale
2367 2886 56 46 de
2467 2885 202 47 l'accord

113 2961 181 63 majeur
415 2958 43 47 le
485 2976 190 44 compas
702 2959 319 61 maçonnique
1046 2975 46 30 se
1120 2970 217 49 rapporte
1361 2976 93 28 aux
1480 2958 194 46 accords
1699 2958 222 60 mineurs,
2044 2968 47 35 et
2128 2956 184 62 lorsque
2352 2956 230 63 l'équerre
2621 2966 47 35 et

110 3031 45 47 le
190 3046 193 46 compas
423 3041 108 37 sont
569 3028 153 64 placés
762 3046 189 29 comme
990 3028 31 47 il
1064 3031 225 44 convient
1329 3046 78 29 sur
1445 3028 159 47 l'autel
1642 3027 325 63 géométrique
2006 3027 56 47 de
2103 3025 298 61 l'harmonie,
2441 3024 227 64 l'équerre

113 3118 197 46 marque
351 3099 67 48 les
456 3100 193 47 accords
689 3100 201 64 majeurs
931 3112 47 34 et
1016 3099 42 46 le
1101 3117 190 43 compas
1328 3099 65 47 les
1430 3098 191 47 accords
1658 3099 210 46 mineurs
1893 3098 386 61 correspondants
2306 3097 61 63 (p.
2397 3097 135 63 234).
2577 3095 92 49 Ces

110 3173 302 60 indications,
453 3172 158 47 même
651 3188 78 29 sur
769 3170 43 47 la
851 3169 148 65 figure
1042 3170 258 64 graphique
1327 3170 80 63 qui
1445 3186 338 45 accompagne,
1825 3186 59 29 ne
1924 3179 251 36 ressortent
2201 3169 64 46 du
2301 3179 118 36 reste
2463 3183 78 46 pas
2578 3166 91 47 très

111 3254 290 37 nettement.

252 3314 41 48 Il
320 3314 137 48 serait
484 3314 268 62 cependant
778 3314 94 46 fort
899 3311 225 49 désirable
1152 3313 55 45 de
1234 3310 213 63 posséder
1473 3310 91 48 très
1591 3310 276 47 clairement
1893 3310 42 46 le
1963 3310 293 46 maniement
2283 3309 56 47 de
2377 3325 53 31 ce
2466 3307 199 49 tableau.

113 3385 138 49 Dans
275 3385 43 47 le
346 3384 237 47 troisième
611 3382 193 49 volume
829 3400 62 29 ou
976 3394 165 35 octave
1246 3399 62 30 on
1352 3399 117 29 nous
1511 3393 199 50 promet,
1738 3398 59 29 en
1837 3377 127 64 effet,
1991 3396 66 30 un
2085 3379 199 62 procédé
2319 3379 227 62 analogue
2587 3395 80 45 par

110 3456 154 65 lequel
292 3474 62 29 on
383 3455 299 48 reconnaîtra
707 3471 116 31 avec
849 3455 233 47 certitude
1108 3453 131 64 quels
1266 3453 119 47 êtres
1411 3470 62 30 ou
1500 3452 175 62 quelles
1712 3452 162 46 choses
1900 3450 175 63 (même
2113 3450 63 47 les
2201 3450 236 61 aliments)
2461 3461 105 34 sont
2604 3465 60 29 en

111 3540 190 52 rapport
327 3527 299 47 d'harmonie
652 3544 63 29 ou
743 3526 56 46 de
826 3525 304 47 discordance
1157 3541 113 31 avec
1296 3541 134 31 nous.

256 3597 88 50 On
372 3600 98 45 voit
511 3614 127 31 assez
683 3614 79 44 par
801 3596 44 47 là
885 3614 91 45 que
1018 3594 65 49 les
1126 3596 274 61 aspirations
1445 3594 56 47 de
1541 3593 200 47 l'auteur
1783 3610 58 28 ne
1882 3589 244 50 s'arrêtent
2165 3607 77 45 pas
2279 3588 26 48 à
2343 3591 56 45 de
2437 3589 230 46 modestes

110 3668 234 51 résultats.
387 3667 65 49 Et
495 3685 118 30 nous
655 3668 175 46 devons
868 3666 295 48 reconnaître
1202 3682 89 45 que
1333 3664 182 63 lorsque
1555 3681 65 28 un
1661 3662 275 47 Américain
1977 3678 46 31 se
2063 3660 133 47 lance
2236 3677 78 29 sur
2353 3676 65 30 un
2458 3659 135 64 sujet,
2636 3658 29 46 il
