2961 4196
771 253 338 69 LULLY
1175 256 792 68 GENTILHOMME

2522 280 96 69 39

87 420 205 59 gueux
388 420 151 38 nous
573 400 89 58 dit
699 423 117 35 une
850 416 142 45 note
1028 405 365 57 manuscrite
1425 429 13 46 ;
1463 401 14 28 1
1513 404 43 58 il
1590 419 198 43 meurt
1823 426 72 36 en
1931 404 243 58 combat
2211 405 309 79 singulier,
2550 426 72 37 en

90 490 329 71 Dalmatie,
456 512 131 38 vers
633 509 185 62 1707,
855 494 302 79 capitaine
1193 493 379 59 d'infanterie
1609 515 73 36 au
1717 495 226 57 service
1979 494 72 58 de
2080 493 337 59 Vénitiens.
2441 496 183 77 Jean-

79 580 263 80 Jacques
375 580 72 59 de
484 581 319 72 Francine,
840 584 301 79 capitaine
1191 584 72 58 de
1311 585 306 57 vaisseaux
1665 599 59 43 et
2263 585 52 57 F
2321 585 181 57 armée

88 670 108 57 Roi
226 670 339 80 d'Espagne
596 670 66 59 de
694 672 61 57 la
786 693 116 37 mer
940 674 215 59 Océane
1289 673 158 81 périt
1498 696 242 35 comme
1791 674 180 79 garde
2023 675 230 58 marine
2303 696 72 37 en
2437 692 185 61 1711,

85 757 323 82 submergé
443 759 144 59 dans
621 781 104 37 son
760 763 284 58 vaisseau.
1086 763 326 57 Marianne
1447 760 223 83 épouse
1707 762 245 59 Charles
1989 764 302 82 Duplessy
2326 763 72 58 de
2434 764 152 57 Rien-

85 865 197 56 court,
320 851 107 80 qui
461 848 94 60 fut
591 853 303 57 contraint
930 852 71 58 de
1037 854 229 79 quitter
1298 852 379 60 l'Académie
1726 853 100 59 des
1877 853 397 80 Inscriptions
2324 867 56 45 et
2432 854 191 58 Belles

85 938 259 73 Lettres,
374 938 169 82 après
576 962 39 59 y
650 941 167 58 avoir
850 940 161 81 siégé
1048 942 296 79 plusieurs
1378 940 235 72 années,
1630 940 16 26 2
1680 957 58 42 et
1774 964 117 58 que
1926 964 149 37 nous
2102 956 288 45 trouvons
2413 943 210 58 consul

84 1028 72 59 de
193 1031 230 57 France
459 1030 30 58 à
517 1032 330 57 Livourne.
887 1031 312 58 Elisabeth
1235 1046 58 43 et
1330 1034 204 57 Marie
1569 1053 58 38 se
1663 1031 367 60 cloîtrèrent.
2069 1030 180 61 Enfin
2285 1034 221 57 Louise
2550 1032 72 59 de

85 1120 300 58 Francine
435 1135 102 43 eut
586 1121 56 57 la
691 1120 328 81 singulière
1068 1120 266 60 destinée
1385 1121 71 59 de
1508 1136 218 44 mettre
1777 1144 74 36 au
1900 1122 222 58 monde
2176 1122 86 58 Le
2313 1124 309 56 Normant

84 1208 337 72 d'Etiolles,
473 1224 58 44 et
590 1210 73 57 de
715 1232 57 36 se
830 1224 247 44 trouver
1132 1211 54 57 la
1237 1210 151 58 belle
1439 1209 165 59 mère
1654 1211 71 57 de
1781 1211 54 57 la
1900 1210 346 58 demoiselle
2314 1213 267 55 Poisson.
2605 1208 17 27 3

85 1300 294 59 Curieuse
433 1315 318 44 rencontre
809 1302 101 57 des
967 1299 379 83 généalogies
1379 1302 11 58 !
1451 1302 182 57 Voici
1694 1302 465 58 Mademoiselle
2216 1300 72 59 de
2340 1302 180 78 Lully
2569 1302 54 57 la

83 1409 219 61 propre
339 1404 163 44 tante
537 1389 72 59 de
643 1392 56 56 la
734 1389 416 81 Pompadour,
1185 1406 79 56 et,
1301 1389 143 60 dans
1477 1392 55 56 le
1566 1392 191 78 grand
1791 1390 170 59 arbre
1997 1412 117 58 que
2157 1411 148 37 nous
2354 1389 268 59 dressons

80 1500 74 36 en
189 1501 68 37 ce
311 1495 298 55 moment,
648 1481 292 80 quelques
984 1478 234 61 feuilles
1269 1478 276 83 séparent
1594 1479 31 59 à
1674 1482 178 77 peine
1899 1479 255 59 l'auteur
2202 1479 37 57 d
2549 1479 73 57 de

83 1569 189 60 Louis
306 1572 54 56 le
396 1569 375 60 Bien-Aimé
810 1571 11 58 !

253 1661 442 77 Jean-Nicolas
752 1660 72 58 de
892 1661 320 71 Francine,
1263 1661 147 57 dont
1465 1681 148 37 nous
1672 1661 381 57 connaissons
2105 1660 377 57 maintenant
2538 1658 82 58 les

76 1751 428 80 l'entourages,
563 1750 225 81 épousa
851 1751 55 57 la
969 1749 120 59 fille
1123 1750 72 58 de
1264 1751 268 80 Baptiste
1583 1751 54 57 le
1701 1770 70 40 12
1838 1751 150 56 avril
2063 1749 180 76 1684.
2307 1749 49 57 Il
2421 1747 198 59 devait

79 1841 169 57 avoir
297 1841 254 57 environ
601 1841 175 79 vingt
827 1860 121 51 ans,
984 1855 58 42 et
1092 1841 46 57 si
1188 1841 120 57 l'on
1360 1862 72 36 en
1485 1841 155 56 croit
1687 1840 54 57 le
1793 1840 293 57 Mercure
2135 1839 108 78 qui
2294 1840 52 55 le
2388 1835 232 61 déclare

80 1928 460 82 septuagénaire
588 1952 75 37 en
725 1948 182 61 1735.
932 1930 18 26 4
1001 1930 52 59 II
1103 1931 306 79 apportait
1459 1930 143 57 dans
1650 1930 55 56 la
1739 1928 284 59 corbeille
2056 1929 54 56 le
2145 1928 206 57 brevet
2387 1926 71 58 de
2492 1947 96 37 sur-

76 2020 256 59 vivance
367 2020 73 57 de
473 2020 54 57 la
563 2020 225 80 charge
823 2020 325 80 paternelle
1185 2020 73 59 de
1293 2018 498 61 Maître-d'hôtel
1840 2018 83 58 du
1971 2039 130 60 roy,
2135 2032 59 43 et
2244 2017 159 58 deux
2451 2017 167 57 mille

75 2112 179 57 livres
290 2109 72 59 de
398 2124 184 45 rente.
625 2109 332 59 Catherine
1007 2112 262 57 recevait
1325 2128 236 61 55,000
1611 2111 177 57 livres
1838 2108 71 58 de
1945 2107 123 59 dot.
2110 2108 139 57 Une
2295 2104 321 60 assemblée

75 2199 568 82 particulièrement
699 2199 280 59 brillante
1037 2202 219 79 signait
1307 2199 31 60 à
1387 2221 67 37 ce
1505 2213 254 45 contrat.
1816 2199 337 69 Ministres,
2204 2194 331 83 présidents
2586 2194 32 59 à

78 2292 271 71 mortier,
386 2291 205 58 robins
639 2305 58 44 et
747 2290 479 81 gentilhommes
1274 2291 382 58 entouraient
1693 2291 83 56 les
1810 2310 321 37 nouveaux
2166 2284 235 60 mariés.
2440 2287 176 56 Nous

76 2382 224 59 l'avons
348 2404 83 35 vu
480 2382 134 80 plus
663 2381 168 71 haut,
869 2396 94 43 cet
1014 2378 365 61 événement
1429 2381 304 79 marquait
1780 2380 53 57 le
1884 2376 311 81 triomphe
2244 2373 272 61 définitif
2543 2375 73 57 de

80 2472 182 79 Lully
297 2470 256 58 homme
588 2470 80 58 du
706 2470 224 58 monde
964 2485 57 43 et
1057 2470 81 58 du
1174 2471 189 79 grand
1400 2469 240 58 monde.

261 2563 249 57 Survint
556 2563 56 57 le
662 2559 193 73 décès,
910 2560 280 81 imprévu
1241 2575 58 44 et
1348 2560 271 70 soudain,
1672 2558 80 58 du
1804 2556 416 60 surintendant
2285 2577 74 35 en
2427 2552 182 80 1687.

79 2652 302 58 Francine
417 2649 146 60 était
597 2650 299 59 l'homme
932 2649 247 81 désigné
1214 2672 157 58 pour
1405 2649 231 80 ajouter
1670 2669 80 37 un
1787 2645 295 83 privilège
2117 2644 71 58 de
2221 2645 134 79 plus
2389 2641 31 59 à
2459 2663 155 37 ceux

76 2743 74 57 de
184 2763 59 37 sa
277 2740 229 60 famille
540 2757 58 42 et
634 2763 155 59 pour
826 2740 255 82 prendre
1117 2762 72 36 en
1227 2742 163 56 main
1426 2753 157 45 cette
1606 2737 349 59 redoutable
1981 2735 205 59 affaire
2214 2734 314 79 artistique
2554 2747 59 43 et

75 2828 327 62 financière
468 2829 254 83 qu'était
786 2829 243 82 l'opéra.
1089 2831 183 57 Aussi
1327 2831 54 55 le
1439 2829 90 57 roi
1585 2828 87 57 lui
1729 2848 72 36 en
1867 2824 332 60 donne-t-il
2254 2823 249 57 aussitôt
2559 2822 55 56 la

76 2922 301 58 direction
399 2918 17 28 5
450 2942 156 60 pour
642 2922 144 56 trois
821 2918 237 73 années,
1094 2941 71 37 en
1203 2919 201 58 même
1438 2932 197 65 temps
1663 2916 151 80 qu'il
1848 2912 292 61 confirme
2173 2911 31 59 à
2238 2914 53 55 la
2323 2932 191 38 veuve
2542 2909 71 59 de

76 3013 186 80 Lully
295 3012 54 59 le
383 3010 295 82 privilège
715 3008 240 82 général
991 3010 71 58 de
1109 3008 180 80 1672.
1331 3008 161 70 Puis,
1529 3029 68 37 ce
1631 3003 297 84 privilège
1962 3002 323 60 lui-même
2312 3016 85 43 est
2426 3015 187 43 trans-

194 3211 11 22 1
229 3208 44 37 B.
299 3207 50 37 N.
374 3205 179 39 Dossiers
576 3203 128 47 Bleus,
731 3218 93 35 291.

192 3264 14 21 2
228 3267 62 36 De
319 3267 104 44 1716
448 3265 21 36 à
497 3276 118 35 1727.
642 3262 65 38 M.
732 3262 52 37 A.
810 3261 185 45 MAURY,
1020 3260 97 37 dans
1139 3272 70 25 son
1233 3257 166 38 Histoire
1419 3258 45 36 de
1485 3254 239 40 VAcadémie
1746 3255 60 37 des
1829 3253 232 51 Inscriptions
2063 3284 9 16 ,
2098 3253 235 38 mentionne
2357 3265 41 24 ce
2421 3249 80 48 fait,
2526 3264 87 23 sans

76 3339 49 25 en
149 3324 155 37 donner
325 3320 285 55 l'explication.
636 3320 223 38 Riencourt
879 3316 62 40 fut
963 3318 100 37 aussi
1087 3325 225 29 correcteur
1334 3317 21 36 à
1378 3313 36 40 la
1437 3313 203 40 Chambre
1663 3313 64 36 des
1751 3313 202 51 Comptes.

193 3379 14 23 3
230 3379 86 40 Elle
348 3380 104 37 avait
485 3381 144 50 épousé
662 3375 234 40 Guillaume
928 3375 34 38 le
996 3377 201 35 Normant
1229 3374 54 37 du
1318 3374 107 36 Fort.
1451 3374 47 36 Sa
1530 3369 79 39 fille
1640 3374 145 49 épousa
1816 3368 35 39 le
1883 3379 130 28 comte
2035 3368 48 38 de
2107 3367 135 47 Bachi,
2267 3365 275 39 ambassadeur
2564 3364 47 38 de

80 3441 153 39 France
256 3453 46 23 en
328 3436 205 50 Portugal,
560 3445 36 29 et
618 3449 48 24 en
685 3444 67 29 eut
776 3436 50 36 M
832 3439 49 14 mes
901 3434 47 37 de
972 3434 173 47 Lugeac,
1169 3432 218 50 d'Aravay,
1412 3440 35 27 et
1470 3430 47 37 de
1541 3430 264 50 Monteynar.

195 3496 12 22 4
232 3498 194 37 Mercure
449 3492 153 49 d'avril,
631 3506 120 36 1735,
775 3506 37 39 P-
841 3496 92 46 819.

193 3554 14 23 5
230 3556 77 38 Par
342 3555 134 37 brevet
518 3553 54 37 du
612 3565 49 33 27
697 3551 84 49 juin
821 3553 118 44 1687.
983 3548 141 50 (Arch.
1167 3549 91 35 Nat.
1283 3548 34 36 01.O
1324 3544 8 21 1
1340 3577 6 7 .
1385 3560 63 34 31,
1472 3542 37 39 f°
1538 3556 90 36 125,
1652 3544 39 35 v°
1716 3551 78 39 ;et
1825 3541 126 38 Arch.
1985 3541 47 36 de
2065 3538 173 53 l'Opéra,
2267 3537 160 38 Dossier
2457 3534 152 54 Lully).

78 3616 56 38 Ce
167 3613 156 39 dernier
355 3611 146 39 dossier
534 3609 180 39 contient
736 3607 101 39 aussi
871 3621 54 24 un
958 3615 85 30 acte
1074 3605 243 45 intéressant,
1337 3602 178 38 formant
1546 3609 155 31 contrat
1734 3608 109 29 entre
1878 3598 196 38 Francine
2105 3607 37 28 et
2169 3594 152 40 Claude
2343 3594 197 52 Lapierre,
2564 3593 49 38 de

79 3675 131 49 Lyon,
235 3685 103 39 pour
360 3668 150 55 l'opéra
531 3668 47 38 de
602 3669 143 37 Rouen
772 3668 66 47 (15
864 3674 94 44 sept.
990 3662 139 53 1688.)
