2961 4196
1164 227 122 69 LE
1354 227 242 71 MOIS

2542 256 43 68 9
2607 256 33 68 3

104 364 319 51 entièrement
448 368 199 48 exécuté
674 387 80 46 par
797 371 76 48 M.
922 371 143 48 Paolo
1110 372 132 48 Litta
1284 391 113 30 avec
1441 392 95 29 une
1573 374 322 64 remarquable
1934 376 203 48 maîtrise
2168 390 47 34 et
2251 395 94 29 une
2382 378 267 47 endurance

104 438 367 48 extraordinaire
499 461 13 38 ;
557 458 68 29 un
665 454 194 35 concert
904 443 57 47 de
1009 443 154 47 violon
1205 444 61 47 où
1304 443 108 48 s'est
1455 445 154 47 révélé
1644 445 45 49 le
1714 445 148 47 talent
1887 463 127 31 russe
2039 448 57 46 de
2123 445 78 50 M.
2230 447 259 48 Schkolnik
2514 470 13 36 ;
2555 467 93 29 une

101 506 215 49 audition
344 510 57 46 de
428 509 231 49 Madame
685 510 84 48 Ida
795 511 113 49 Isori
934 514 82 61 qui
1044 514 255 62 interpréta
1323 532 112 30 avec
1460 532 84 30 son
1569 527 72 35 art
1666 518 267 46 coutumier
1958 517 44 47 la
2027 518 136 62 grâce
2199 534 63 31 ou
2297 517 43 47 le
2378 518 270 62 pathétique

103 578 78 47 des
207 580 141 46 vieux
373 581 88 47 airs
487 581 185 49 italiens
693 604 14 38 ;
736 581 146 63 enfin,
910 602 66 29 un
1004 597 193 35 concert
1225 585 287 48 d'ensemble
1539 586 62 47 où
1629 585 64 50 les
1732 588 112 47 trois
1882 588 179 47 artistes
2103 605 47 31 se
2189 602 107 34 sont
2335 588 156 48 réunis
2533 607 115 44 pour

103 665 119 32 nous
246 651 114 48 faire
386 652 167 63 goûter
580 670 65 31 un
673 672 93 44 peu
792 654 103 63 plus
922 656 56 46 de
1004 673 76 30 ces
1105 658 255 47 anciennes
1385 668 47 37 et
1458 659 298 47 charmantes
1782 660 252 61 musiques.

244 721 66 48 Et
349 725 234 61 pourquoi
625 741 59 31 ne
725 726 438 66 mentionnerais-je
1209 745 91 45 pas,
1341 745 117 45 pour
1494 726 125 64 finir,
1661 729 63 47 les

123 790 204 49 chambre
327 795 235 62 organisés
599 793 27 49 à
1253 795 224 48 Ylnstitut
1745 797 209 68 français
1154 815 80 44 par
1271 799 202 46 l'auteur
1500 800 54 45 de
1582 816 75 31 ces
1682 799 185 64 lignes?
1892 800 141 47 Voici
2061 800 41 47 le
2129 818 298 45 programme
2453 801 63 46 du
2542 819 78 43 pre-

97 863 122 47 mier
245 876 211 52 concert,
484 884 91 45 que
602 865 231 49 Madame
859 867 197 48 Barrère
1080 885 27 30 a
1143 870 108 45 bien
1291 868 146 49 voulu
1482 871 203 47 honorer
1728 871 59 46 de
1825 887 48 31 sa
1912 871 220 61 présence
2166 887 10 31 :
2225 871 113 47 Une
2382 884 162 34 sonate
2588 872 56 46 de

99 932 203 66 Leclair,
330 936 79 48 des
434 937 88 47 airs
548 937 56 47 de
632 937 147 62 Lulli,
801 938 57 48 de
885 938 246 62 Lambert,
1149 941 57 45 de
1235 938 299 50 Destouches
1559 952 47 34 et
1632 959 67 29 un
1726 942 78 46 des
1834 942 202 46 Concerts
2061 941 189 65 Royaux
2277 942 56 46 de
2359 941 243 62 Couperin
2630 964 13 36 ;

97 1021 120 44 pour
242 1006 43 48 la
311 1008 148 61 partie
485 1008 244 62 moderne,
757 1009 78 47 des
862 1009 226 49 mélodies
1115 1012 54 44 de
1199 1009 221 66 Debussy
1446 1022 47 36 et
1520 1012 54 46 de
1602 1011 153 48 Fauré
1782 1023 46 36 et
1855 1011 43 48 le
2159 1012 54 47 de
2243 1011 233 64 Debussy.

2211 1093 52 50 P.
2303 1094 78 49 M.
2422 1093 77 50 M.

240 1225 233 51 ROME.
597 1228 71 48 Le
694 1229 177 47 monde
898 1229 55 46 de
980 1228 45 47 la
1049 1229 214 62 musique
1289 1247 59 28 en
1375 1226 136 49 Italie
1538 1230 129 46 vient
1693 1229 276 62 d'éprouver
2005 1247 95 30 une
2126 1240 128 51 perte
2281 1229 275 62 irréparable
2582 1247 61 30 en

94 1295 45 47 la
165 1314 232 45 personne
425 1299 62 46 du
510 1298 179 48 Comte
710 1299 204 47 Franchi
937 1299 211 63 Verney,
1169 1310 126 36 mort
1313 1298 27 48 à
1361 1299 155 47 Rome
1538 1299 42 47 le
1608 1310 55 50 15
1690 1301 93 45 mai
1804 1300 200 60 dernier,
2025 1299 26 47 à
2070 1299 118 63 l'âge
2215 1300 57 47 de
2296 1300 347 47 soixante-trois

94 1384 97 32 ans.
222 1367 88 50 On
338 1380 114 50 peut
478 1369 97 47 dire
602 1387 91 45 que
731 1370 43 47 la
800 1371 73 46 vie
899 1381 132 36 toute
1056 1369 179 48 entière
1262 1370 64 46 du
1351 1371 197 61 critique
1574 1370 58 47 de
1670 1370 42 47 la
1738 1370 174 47 Nuova
1938 1370 259 64 Antologia
2222 1370 73 47 fut
2330 1369 248 48 consacrée
2615 1370 26 48 à

92 1437 45 49 la
164 1441 229 62 musique.
423 1439 100 49 Issu
548 1439 144 48 d'une
717 1442 234 46 ancienne
976 1440 178 47 famille
1181 1441 56 46 de
1263 1441 263 62 magistrats
1554 1440 292 62 piémontais,
1875 1440 42 48 le
1944 1440 175 49 Comte
2147 1441 203 47 Franchi
2377 1440 173 47 débuta
2574 1440 63 48 lui

91 1511 121 47 aussi
252 1529 61 30 au
354 1512 193 47 barreau
574 1533 14 38 ;
616 1514 116 45 mais
758 1512 43 47 la
826 1514 215 62 musique
1078 1511 229 48 l'attirant
1333 1512 56 47 de
1427 1511 103 62 plus
1554 1529 61 29 en
1653 1511 117 63 plus,
1809 1512 31 46 il
1867 1510 53 48 fit
1944 1529 69 30 ses
2038 1512 166 47 débuts
2229 1529 189 30 comme
2443 1512 196 61 critique

92 1582 199 48 musical
316 1600 107 30 sous
448 1582 43 48 le
518 1583 325 65 pseudonyme
870 1582 251 64 d'Ypolito
1148 1582 192 47 Valetta
1379 1595 47 34 et
1467 1582 181 47 bientôt
1686 1582 31 47 il
1754 1600 48 29 se
1836 1600 220 30 consacra
2080 1582 370 47 exclusivement
2475 1581 27 48 à
2527 1582 112 47 faire

91 1652 239 63 apprécier
357 1653 114 47 dans
495 1671 84 29 son
622 1671 112 47 pays
769 1653 107 47 l'art
901 1654 79 46 des
1020 1653 204 60 maîtres,
1262 1670 61 29 en
1364 1652 266 62 particulier
1667 1652 121 47 celui
1817 1653 56 46 de
1907 1652 294 61 Beethoven,
2241 1651 398 63 presqu'inconnu

92 1742 172 29 encore
302 1724 25 49 à
354 1724 180 49 Turin.
564 1724 143 49 Cette
734 1724 109 49 ville
881 1724 65 49 lui
986 1726 100 45 doit
1125 1723 43 48 la
1206 1724 247 47 fondation
1481 1724 55 46 de
1578 1723 43 48 la
1661 1723 242 48 meilleure
1940 1723 176 48 société
2151 1723 185 47 chorale
2375 1724 55 46 de
2469 1722 168 48 l'ltalie

90 1795 141 46 —la
256 1795 28 49 S
288 1793 33 25 te
348 1795 193 49 Stefano
566 1795 229 63 Tempia,
918 1795 79 47 des
1022 1807 216 35 concerts
1270 1795 302 46 orchestraux
1611 1793 262 63 populaires
1897 1794 79 62 qui
2016 1793 356 48 contribuèrent
2397 1804 102 36 tant
2532 1793 25 46 à
2596 1792 41 47 la

91 1864 221 50 diffusion
340 1867 57 47 de
423 1867 44 47 la
492 1868 218 62 musique
736 1865 224 64 classique
985 1883 61 29 en
1073 1865 151 61 Italie,
1252 1863 128 49 enfin
1408 1864 116 47 celle
1552 1863 142 48 d'une
1731 1863 172 49 société
1931 1865 55 46 de
2013 1875 219 51 quatuors
2259 1864 56 46 de
2343 1863 291 47 Beethoven.

92 1936 72 49 Ce
205 1938 73 47 fut
316 1939 119 47 aussi
463 1938 201 63 Ypolito
692 1938 192 48 Valetta
922 1939 78 62 qui
1042 1954 80 45 par
1158 1954 48 29 sa
1243 1935 197 50 tournée
1467 1935 58 47 de
1563 1948 217 34 concerts
1815 1952 113 30 avec
1967 1935 43 47 la
2037 1935 148 48 Succa
2223 1936 133 45 initia
2395 1934 42 47 le
2477 1934 159 62 public

89 2008 162 47 italien
292 2008 26 48 à
355 2009 45 47 la
437 2009 215 62 musique
679 2009 57 46 de
762 2009 232 62 Wagner.
1033 2006 78 49 En
1145 2005 148 65 1878,
1322 2006 29 47 il
1390 2006 235 47 conduisit
1662 2005 269 47 l'orchestre
1959 2004 286 48 Mancinelli
2277 2016 47 36 et
2361 2004 63 47 les
2448 2005 188 46 chœurs

89 2079 283 63 piémontais
396 2079 27 48 à
459 2079 300 63 l'exposition
787 2080 56 47 de
870 2079 143 48 Paris.
1040 2077 40 49 Il
1119 2077 186 64 épousa,
1334 2076 223 65 quelques
1580 2076 174 48 années
1792 2076 104 64 plus
1921 2077 116 60 tard,
2066 2076 43 47 la
2135 2076 242 47 violoniste
2404 2076 231 46 Teresina

87 2150 135 63 Tua,
263 2151 43 46 la
346 2150 218 49 brillante
602 2150 128 48 élève
757 2151 57 47 de
853 2150 79 48 M.
962 2149 211 48 Massard
1214 2149 117 47 aussi
1376 2165 190 31 connue
1604 2160 47 34 et
1689 2147 242 62 appréciée
1975 2165 59 29 en
2071 2147 180 47 France
2295 2145 144 64 qu'en
2484 2145 150 48 Italie.

87 2222 49 46 A
164 2221 175 61 Rome,
377 2221 43 47 le
459 2221 131 48 salon
618 2222 65 46 du
721 2221 175 48 Comte
936 2232 47 36 et
1008 2221 56 46 de
1102 2218 45 47 la
1172 2218 246 49 Comtesse
1445 2218 204 46 Franchi
1677 2216 113 48 était
1816 2218 185 46 devenu
2025 2235 68 29 un
2119 2229 160 35 centre
2312 2217 237 60 artistique
2587 2227 45 35 et

86 2292 225 48 littéraire
349 2311 119 45 pour
495 2305 105 35 tous
640 2292 65 48 les
740 2293 179 47 artistes
945 2292 55 46 de
1030 2291 155 47 Rome
1227 2302 47 36 et
1299 2291 57 45 de
1395 2288 253 64 l'étranger
1674 2289 80 61 qui
1792 2305 30 48 y
1849 2289 264 46 recevaient
2150 2305 66 30 un
2254 2288 34 47 si
2329 2286 305 48 bienveillant

85 2363 199 48 accueil.
313 2363 322 65 Compagnon
674 2362 140 48 fidèle
839 2363 79 47 des
957 2361 220 48 tournées
1215 2362 262 61 artistiques
1502 2361 56 45 de
1597 2376 47 30 sa
1684 2359 193 60 femme,
1915 2359 43 47 le
1997 2358 174 48 Comte
2199 2358 202 47 Franchi
2441 2357 113 46 était
2590 2356 41 47 le

85 2436 371 60 correspondant
482 2434 197 49 musical
707 2434 59 47 de
802 2434 267 47 nombreux
1103 2433 237 65 journaux
1379 2448 60 31 en
1468 2429 133 48 Italie
1635 2442 47 34 et
1718 2429 27 48 à
1783 2428 265 66 l'étranger.
2076 2429 40 47 Il
2143 2429 163 46 écrivit
2330 2428 26 47 à
2381 2427 250 48 l'occasion

86 2505 65 47 du
195 2504 291 50 Centenaire
529 2505 56 47 de
626 2504 42 48 la
705 2503 130 48 Villa
871 2503 208 48 Medicis
1117 2519 66 30 un
1223 2518 202 47 ouvrage
1469 2499 221 48 consacré
1733 2499 27 47 à
1802 2499 223 47 l'histoire
2069 2499 55 47 de
2163 2510 121 36 cette
2325 2498 194 47 maison.
2563 2496 69 46 La

86 2577 230 62 première
359 2577 271 63 biographie
669 2575 224 47 italienne
920 2575 56 46 de
1004 2573 193 63 Chopin
1224 2585 67 36 est
1318 2573 56 45 de
1413 2589 47 31 sa
1500 2570 175 64 plume.
1718 2570 93 48 Les
1842 2571 197 46 services
2063 2569 113 63 qu'il
2206 2569 152 47 rendit
2394 2568 26 47 à
2457 2566 104 49 l'art
2585 2579 47 34 et

85 2665 94 30 aux
204 2648 181 47 artistes
409 2658 108 37 sont
543 2646 57 47 de
626 2663 120 30 ceux
772 2645 146 64 qu'on
956 2662 60 29 ne
1055 2655 113 51 peut
1195 2643 265 47 énumérer.
1488 2641 117 47 Ami
1630 2639 139 49 fidèle
1806 2653 47 34 et
1879 2639 196 62 dévoué,
2103 2640 30 47 il
2175 2637 198 49 n'hésita
2406 2637 164 65 jamais
2607 2636 25 47 à

84 2735 290 46 encourager
412 2717 65 49 les
503 2719 180 47 artistes
708 2716 158 48 même
893 2715 64 48 les
984 2715 103 62 plus
1112 2715 233 47 modestes
1370 2735 13 37 ;
1425 2714 29 47 il
1482 2714 249 47 contribua
1770 2712 240 61 beaucoup
2036 2729 59 29 au
2121 2710 158 48 succès
2305 2710 54 46 de
2389 2709 242 47 Massenet

84 2801 48 35 et
158 2790 58 47 de
241 2789 301 48 Saint-Saëns
566 2799 47 35 et
640 2787 56 47 de
725 2787 107 47 bien
859 2786 79 47 des
964 2786 252 47 musiciens
1242 2785 199 59 français
1465 2800 59 29 en
1552 2782 148 49 Italie.

227 2858 41 49 Il
307 2858 130 49 laisse
478 2858 78 47 des
594 2870 175 52 regrets
806 2857 250 47 unanimes
1098 2856 115 47 dans
1249 2855 42 47 le
1331 2853 174 49 monde
1550 2852 195 48 musical
1773 2874 14 38 ;
1827 2851 64 48 les
1930 2851 201 48 lecteurs
2170 2851 55 46 de
2267 2850 44 48 S.
2350 2848 39 49 I.
2429 2847 78 48 M.
2552 2848 78 63 qui

82 2932 189 46 avaient
297 2949 60 29 eu
385 2930 251 48 l'occasion
665 2930 56 47 de
748 2928 84 47 lire
857 2945 65 30 un
951 2928 57 47 de
1033 2944 70 31 ses
1126 2926 184 48 articles
1334 2944 78 30 sur
1437 2924 45 49 la
1506 2926 217 61 musique
1750 2941 59 29 en
1837 2922 220 48 Piémont
2084 2923 113 46 dans
2231 2938 65 31 un
2323 2921 80 47 des
2427 2921 205 45 derniers

84 3002 90 47 N°s
199 3012 192 37 verront
416 3017 115 31 avec
558 3011 154 52 regret
739 2998 265 62 disparaître
1032 3015 66 30 un
1126 2997 368 62 correspondant
1521 2996 118 47 aussi
1667 2992 252 65 distingué.
2326 2991 64 47 H.
2432 2989 56 49 B.

226 3134 454 52 CAMBRIDGE.
828 3133 124 48 Pour
986 3149 347 46 accompagner
1375 3131 43 49 la
1461 3130 369 64 représentation
1874 3128 144 48 d'une
2061 3126 212 49 comédie
2317 3126 56 47 de
2418 3124 211 62 l'époque

81 3209 436 61 shakespearienne,
618 3205 114 48 The
777 3204 192 63 Knight
1008 3204 56 48 of
1100 3205 80 45 the
1224 3203 220 64 Burning
1484 3201 153 49 Pestle
1759 3201 56 46 de
1854 3199 222 61 François
2114 3198 268 47 Beaumont
2419 3206 46 36 et
2500 3195 127 62 John

82 3279 236 60 Fletcher,
348 3278 228 63 quelques
602 3275 236 47 étudiants
865 3276 55 46 de
948 3286 134 36 notre
1110 3272 274 50 Université
1409 3285 87 36 ont
1521 3271 200 48 exécuté
1759 3271 224 62 plusieurs
2015 3269 151 62 pièces
2197 3266 235 48 d'auteurs
2456 3264 174 63 anglais

80 3350 193 47 anciens
298 3349 87 47 tels
410 3365 88 46 que
529 3347 84 47 W.
642 3346 146 65 Byrd,
819 3345 235 63 Farnaby,
1083 3344 262 61 Dowland,
1374 3344 85 47 W.
1489 3342 168 60 Brade,
1686 3341 192 47 Francis
1905 3340 289 61 Pilkington,
2226 3337 230 46 Rosseter.

224 3420 94 48 Ces
345 3419 235 48 étudiants
616 3434 48 30 se
706 3429 108 35 sont
852 3415 199 63 groupés
1075 3432 106 30 sous
1219 3415 41 47 le
1289 3431 114 31 nom
1431 3415 55 45 de
1574 3412 286 62 Cambridge
1889 3410 276 62 University
2194 3406 202 47 Musical
2427 3403 124 47 Club
2616 3439 10 10 .

81 3491 63 48 Ils
186 3507 46 31 se
279 3490 263 47 réunissent
588 3499 152 35 toutes
785 3486 64 47 les
885 3486 228 47 semaines
1152 3483 367 65 régulièrement
1555 3495 134 34 entre
1727 3499 91 29 eux
1846 3502 13 37 ;
1900 3479 40 46 le
1983 3491 23 48 5
2044 3479 102 63 juin
2188 3476 49 47 ils
2277 3474 254 46 donnaient
2568 3488 59 30 au

141 3561 227 51 Gouville
395 3572 45 34 et
468 3559 148 49 Cains
661 3556 197 64 Collège
942 3573 85 31 son
1055 3570 99 49 493
1160 3558 51 21 me
1296 3572 122 45 open
1447 3554 210 47 Concert
1745 3549 303 65 (c'est-à-dire
2075 3548 61 47 où
2163 3547 77 46 des
2267 3543 163 48 invités
2457 3543 172 46 étaient

77 3633 167 62 admis)
270 3648 117 31 avec
412 3629 42 49 le
484 3645 298 47 programme
807 3627 186 47 suivant
1022 3642 10 31 :
