3568 4384
1754 138 93 52 344

169 282 184 42 Motette:
396 281 94 47 „Ich
520 280 82 40 will
854 292 80 29 von
976 281 46 40 B.
1052 279 120 41 Klein
1282 275 193 42 erhielten
1517 275 71 40 mit
1625 274 130 41 Recht

171 346 79 39 den
295 343 262 41 lebhaftesten
600 343 155 40 Beifall.
813 345 80 40 Das
924 344 211 40 Publicum
1173 340 203 41 zeichnete
1405 338 242 39 namentlich
1678 337 79 39 den

171 407 220 53 Jägerchor
420 418 72 28 aus
522 406 71 40 der
620 407 237 52 Euryanthe
885 408 72 40 mit
986 403 394 52 Hörnerbegleitung
1409 401 84 40 und
1521 399 236 42 Reineckes

172 471 99 40 Lied
300 470 113 49 „Auf
436 470 73 40 der
744 483 85 27 aus.

255 601 76 40 Die
360 601 225 41 Redaction
614 602 71 40 der
713 601 176 41 berliner
915 597 323 52 Musik-Zeitung
1458 595 69 41 hat
1555 595 78 40 den
1664 597 72 39 Ter-

174 664 86 41 min
289 677 71 28 zur
389 665 279 51 Einlieferung
697 665 70 38 der
795 675 69 27 zur
892 660 364 52 Preisbewerbung
1287 659 256 40 bestimmten
1573 659 85 41 drei
1686 658 50 42 Mi-

175 728 279 41 litärmärsche
483 729 61 40 bis
574 741 90 26 zum
694 728 63 38 31.
784 725 226 42 December
1039 724 38 39 d.
1105 724 36 38 J.
1172 724 239 51 verlängert,
1440 735 82 27 was
1550 721 74 41 mit
1646 721 116 40 Dank

178 792 312 41 anzuerkennen
528 791 60 46 ist,
633 790 50 39 da
718 789 65 39 die
811 788 105 40 Frist
953 786 286 53 ursprünglich
1278 799 49 26 zu
1355 785 97 41 kurz
1482 786 155 51 gestellt
1668 796 94 27 war.

178 856 81 41 Ein
289 855 300 41 Defilirmarsch
626 854 63 39 für
718 850 383 44 Infanterie-Musik,
1141 850 66 41 ein
1235 849 317 40 Parademarsch
1599 849 63 39 für
1692 846 48 40 Ca-

181 917 312 42 vallerie-Musik
525 917 82 39 und
637 916 64 40 ein
721 914 305 43 Defilirmarsch
1054 914 63 40 für
1136 912 251 41 Hornmusik
1417 913 128 39 sollen
1572 910 73 40 mit
1673 910 91 39 dem

181 981 269 51 Ehrenpreise
480 992 77 26 von
585 978 189 40 fünfzehn
804 978 83 40 und
916 977 102 40 zehn
1040 977 182 42 Ducaten
1252 975 180 54 gekrönt,
1461 973 193 54 gedruckt
1682 971 84 41 und

184 1043 204 41 öffentlich
418 1043 227 52 aufgeführt
677 1043 179 40 werden.

263 1184 195 35 Wien»
515 1178 351 51 Meyerbeer's
910 1177 109 51 Oper
1062 1176 126 47 „Der
1601 1171 166 47 welche,

183 1244 78 40 wie
304 1256 78 28 uns
435 1254 71 28 aus
549 1241 192 52 Stuttgart
783 1239 194 41 berichtet
1021 1238 177 47 worden,
1254 1237 175 39 daselbst
1484 1236 73 39 mit
1611 1234 131 41 Enthu-

186 1306 172 41 siasmus
388 1305 309 52 aufgenommen
727 1302 151 46 wurde,
926 1301 153 40 kommt
1121 1300 55 40 im
1206 1300 123 40 Laufe
1369 1298 210 52 künftigen
1607 1298 160 40 Monats

187 1370 42 40 in
257 1380 189 29 unserem
483 1367 38 40 k.
553 1366 38 40 k.
620 1363 396 52 Hof-Operntheater
1061 1363 73 40 mit
1176 1362 208 52 folgender
1424 1361 225 50 Besetzung
1698 1371 70 27 zur

184 1431 280 50 Aufführung:
508 1426 179 42 Peteroff
724 1427 108 38 Herr
862 1425 145 49 Beck,
1050 1424 222 40 Katharina
1317 1424 131 40 Fräul.
1478 1422 289 45 Wildauer,

185 1493 210 40 Prascovia
434 1492 131 39 Fräul.
604 1491 278 46 Liebhard,
929 1490 98 40 zwei
1069 1487 410 43 Marketenderinnen
1526 1486 64 39 die
1633 1484 134 40 Fräul.

185 1557 242 51 Tietjens
455 1555 84 40 und
567 1554 237 47 Staneau,
833 1552 277 44 Danielowich
1139 1552 109 39 Herr
1276 1551 192 46 Ander,
1507 1545 268 44 Grützenkoff

181 1620 109 40 Herr
318 1620 255 40 Kreuzer.
627 1639 12 6 -
659 1617 75 40 Die
765 1617 170 41 meisten
965 1616 191 41 Chancen
1185 1617 56 38 als
1270 1613 203 52 künftiger
1501 1612 171 40 Pachter
1701 1611 70 40 des

184 1683 306 40 Carl-Theaters
535 1681 159 40 dürften
737 1680 84 40 sich
865 1679 154 40 dermal
1057 1678 63 40 für
1160 1678 137 39 Herrn
1327 1677 227 49 Nestroy
1583 1674 189 52 ergeben.

182 1745 79 41 Ein
293 1745 226 40 definitiver
538 1744 224 40 Abschluss
791 1744 73 38 soll
894 1742 104 40 nahe
1022 1740 295 41 bevorstehend
1338 1740 99 47 sein,
1466 1739 84 39 und
1579 1737 58 40 im
1663 1737 110 38 Falle

186 1809 172 51 Nestroy
388 1807 64 41 die
481 1806 206 43 Direction
717 1805 264 47 übernähme,
1023 1803 140 40 würde
1188 1803 211 52 jedenfalls
1429 1802 102 39 auch
1562 1813 51 28 an
1644 1800 131 39 dieser

185 1872 147 40 Bühne
362 1872 71 39 der
463 1869 394 51 Tantiemen-Bezug
886 1869 64 38 für
981 1867 162 40 Dichter
1183 1865 228 53 eingeführt
1449 1865 177 46 werden,
1673 1864 103 40 eben

188 1949 43 28 so
271 1937 65 39 ein
374 1934 285 51 vollständiges
689 1932 339 40 Ballet-Personal
1070 1931 84 39 und
1198 1930 67 40 ein
1306 1928 242 41 verstärkter
1577 1927 121 40 Chor.

191 2000 61 39 Im
282 1998 124 40 Laufe
436 1997 131 39 dieser
584 1996 159 39 Woche
773 1994 199 40 erscheint
1001 1994 65 39 bei
1097 1992 313 40 Wallishausser
1439 1991 65 40 die
1533 1989 244 53 Biographie

188 2062 118 40 Carl
329 2074 17 28 s
377 2074 77 27 von
483 2061 92 39 dem
605 2059 281 52 Schauspieler
913 2059 164 39 Franz
1109 2056 337 41 Gämmerler.

263 2205 353 36 Rotterdam.
672 2199 47 39 In
748 2199 92 39 dem
871 2198 207 48 Concerte,
1115 2198 175 40 welches
1329 2210 64 27 am
1426 2198 60 39 11.
1516 2196 37 40 d.
1582 2196 93 41 Mts.
1705 2195 55 39 im

189 2267 174 40 Theater
392 2269 116 35 unter
538 2263 71 39 der
636 2261 208 40 Direction
888 2261 69 39 des
987 2261 135 38 Herrn
1161 2260 469 51 Ilutschenruyter
1658 2271 95 39 gege-

192 2331 80 40 ben
301 2328 151 46 wurde,
496 2326 142 39 hörten
677 2324 71 39 wir
778 2336 139 27 ausser
959 2323 79 40 den
1077 2324 97 39 brav
1202 2323 287 51 ausgeführten
1519 2321 257 40 Ouvertüren

193 2404 77 27 von
299 2391 165 45 Mozart,
494 2388 232 40 Beethoven
754 2386 84 39 und
861 2386 154 40 Weber
1044 2384 97 40 zwei
1167 2385 125 51 junge
1312 2384 179 47 Talente,
1519 2382 152 41 welche
1701 2383 50 39 Er-

191 2453 205 51 wähnung
418 2451 230 41 verdienen.
675 2449 76 39 Die
781 2448 268 52 zwölfjährige
1078 2447 238 52 Eugenie
1346 2447 59 39 de
1434 2446 188 47 Roode,
1651 2445 101 39 Schü-

189 2517 103 39 lerin
320 2527 80 27 von
429 2514 136 39 Herz
595 2513 39 39 in
664 2511 124 47 Paris,
832 2516 90 47 trug
951 2511 65 40 ein
1045 2511 172 40 Concert
1263 2510 106 39 ihres
1399 2509 170 40 Lehrers
1599 2508 73 40 mit
1701 2507 50 40 Or-

191 2581 170 45 chester,
403 2576 99 41 zwei
533 2576 142 39 Lieder
715 2576 105 39 ohne
859 2576 143 38 Worte
1043 2587 78 27 von
1150 2572 379 42 Mendelssohn
1576 2572 83 39 und
1705 2572 69 38 das

189 2645 233 50 Impromptu
450 2652 79 28 von
560 2641 204 49 Krüger
792 2638 72 40 mit
883 2650 158 39 grosser
1060 2636 218 52 Fertigkeit
1297 2648 69 27 vor
1384 2636 84 39 und
1487 2635 139 40 wurde
1651 2634 127 40 durch

193 2709 133 38 lauten
356 2704 140 40 Beifall
526 2703 83 39 und
638 2701 230 40 Hervorruf
893 2700 178 39 belohnt.
1101 2699 114 39 Noch
1244 2699 116 39 mehr
1378 2697 311 52 Bewunderung
1719 2709 40 27 er-

190 2774 109 48 regte
322 2769 71 39 der
407 2768 137 51 junge,
563 2770 79 37 erst
659 2763 374 52 sechszehnjährige
1051 2761 287 53 Violinspieler
1366 2760 413 52 Naret-Koning

193 2832 126 40 durch
349 2831 78 39 den
456 2829 174 50 Vortrag
661 2827 110 40 eines
801 2824 330 42 Concertstückes
1171 2837 77 27 von
1279 2824 165 40 David
1487 2824 83 39 und
1600 2824 72 39 der
1701 2822 53 41 Ge-

193 2908 217 39 sangscene
440 2906 77 27 von
546 2891 179 52 Spohr.
771 2890 144 39 Leider
943 2901 83 27 war
1056 2888 64 40 die
1150 2888 149 48 Quinte
1328 2888 130 39 seines
1489 2888 290 38 Instrumentes

197 2959 109 39 nicht
333 2970 98 39 ganz
461 2955 99 46 rein,
600 2967 79 26 was
710 2952 219 41 besonders
960 2951 65 40 bei
1056 2951 78 38 den
1165 2951 134 40 hohen
1329 2951 143 38 Tönen
1500 2950 72 39 der
1601 2949 154 51 Gesang-

198 3033 117 28 scene
344 3018 239 42 bemerkbar
612 3017 148 38 wurde.
815 3017 82 38 Der
931 3015 125 52 junge
1084 3014 126 40 Mann
1240 3014 66 39 hat
1336 3012 118 41 einen
1484 3012 179 40 schönen
1691 3012 88 39 Ton

202 3083 82 39 und
314 3081 152 42 einfach
496 3081 117 39 edeln
642 3080 175 50 Vortrag
845 3078 84 39 und
957 3076 133 40 macht
1118 3076 154 40 seinem
1301 3076 165 47 Lehrer,
1494 3075 136 40 Herrn
1659 3073 44 40 F.
1734 3073 47 40 B.

203 3146 171 41 Bunte
403 3144 41 39 in
472 3142 267 47 Amsterdam,
769 3142 73 39 alle
870 3141 123 39 Ehre.

283 3287 77 42 Die
389 3288 148 35 France
565 3286 181 36 Musicale
772 3285 113 39 theilt
915 3283 116 40 einen
1051 3283 114 40 Brief
1188 3283 70 39 des
1282 3282 143 40 Arztes
1454 3294 79 27 von
1561 3280 221 41 Rossini

202 3365 51 26 an
283 3350 65 40 die
377 3346 223 42 Redaction
628 3346 80 45 mit,
737 3346 173 40 weicher
938 3346 64 39 die
1031 3359 78 27 von
1138 3357 75 27 uns
1243 3344 147 40 bereits
1419 3346 207 50 gegebene
1653 3344 104 40 Nach-

202 3414 101 40 richt
343 3416 43 48 (s.
417 3410 65 40 die
510 3422 82 27 vor.
622 3409 81 50 Nr.)
731 3409 194 52 bestätigt.
954 3410 82 39 Der
1059 3409 162 39 Schluss
1251 3409 211 38 desselben
1491 3409 141 39 lautet:

283 3475 187 50 „Rossini
500 3473 69 39 hat
598 3471 154 40 freilich
781 3472 190 39 während
1010 3472 110 39 einer
1158 3473 146 49 langen
1334 3470 237 48 Krankheit,
1620 3471 65 40 die
1715 3471 70 40 ihn

202 3541 141 40 sieben
370 3539 165 40 Monate
564 3536 93 50 lang
687 3533 259 47 heimsuchte,
988 3533 75 40 viel
1101 3534 173 51 gelitten,
1315 3534 83 38 und
1426 3534 103 39 auch
1555 3534 94 52 jetzt
1678 3535 108 39 kann

205 3617 94 28 man
327 3601 106 41 noch
464 3599 110 40 nicht
604 3609 135 39 sagen,
784 3595 90 39 dass
918 3595 109 41 seine
1057 3595 250 40 Gesundheit
1348 3596 269 40 vollkommen
1646 3598 118 51 herge-

209 3668 103 40 stellt
340 3664 69 41 sei.
466 3663 114 40 Aber
619 3671 80 28 was
744 3658 65 40 die
842 3658 182 39 Klarheit
1052 3659 130 40 seiner
1211 3658 220 41 Gedanken
1461 3660 84 39 und
1574 3661 70 39 das
1673 3661 115 39 Licht

207 3730 130 40 seines
368 3727 156 41 Geistes
553 3722 163 47 betrifft,
762 3734 43 27 so
835 3721 108 39 kann
972 3720 63 39 ich
1064 3721 129 39 Ihnen
1219 3722 242 47 versichern,
1503 3723 89 39 dass
1621 3723 72 40 der
1720 3724 46 39 be-

210 3793 161 40 rühmte
402 3788 240 43 Genesende
685 3785 85 41 sich
810 3784 105 40 noch
955 3788 94 35 stets
1078 3783 74 39 auf
1174 3784 70 39 der
1271 3784 119 40 Höhe
1414 3786 117 51 jener
1557 3785 231 53 Intelligenz

209 3856 190 45 befindet,
428 3852 151 40 welche
610 3851 71 39 der
711 3849 110 39 Welt
850 3860 44 27 so
924 3846 101 40 viele
1054 3845 298 41 Meisterwerke
1380 3849 181 50 gegeben
1590 3848 78 40 hat.

290 3919 206 47 „Florenz,
526 3915 78 39 den
637 3913 60 40 12.
729 3911 175 41 October
937 3910 115 40 1854.
1125 3908 68 40 Dr.
1223 3908 192 41 Fabius
1444 3910 130 40 Ucee

294 4062 182 34 Paris«
515 4056 97 41 Man
640 4053 117 40 weiss
785 4052 104 40 noch
916 4051 130 41 nichts
1075 4050 256 41 Bestimmtes
1359 4051 101 38 über
1488 4051 64 39 die
1580 4052 210 50 plötzliche

215 4120 170 41 Abreise
428 4132 78 28 von
551 4116 196 53 Sophie
789 4114 259 41 Cruvelli.
1108 4111 351 42 Wahrscheinlich
1484 4112 146 52 jedoch
1660 4113 48 40 ist
1738 4126 52 35 es,

216 4184 88 41 dass
334 4184 56 40 sie
418 4195 49 28 zu
494 4182 110 41 ihrer
630 4179 168 42 Familie
826 4178 103 41 nach
958 4177 275 41 Deutschland
1261 4188 210 39 gegangen
1499 4174 70 42 sei.
1618 4176 81 41 Am
1730 4178 60 40 13.

1852 274 38 40 d.
1919 275 93 40 Mts.
2042 273 137 41 suchte
2208 271 68 40 das
2295 268 269 43 Ministerium
2595 268 69 40 des
2687 268 266 41 kaiserlichen
2973 267 159 41 Hauses
3162 265 126 40 durch
3318 265 118 41 einen

1850 336 235 40 Advocaten
2114 334 108 42 beim
2250 332 263 40 Präsidenten
2542 330 70 41 des
2633 330 334 41 Civil-Tribunals
2997 331 64 39 die
3093 328 345 52 Beschlagnahme

1852 400 71 39 auf
1947 399 65 40 die
2041 400 137 40 Möbel
2221 397 81 40 und
2332 395 179 40 Effecten
2556 393 40 40 in
2640 393 71 39 der
2742 394 222 52 Wohnung
3003 394 72 39 der
3111 392 199 52 Sängerin
3355 392 85 39 und

1852 463 79 40 den
1960 462 143 40 Arrest
2132 462 69 39 auf
2224 461 87 40 ihre
2340 459 64 40 bei
2435 456 237 42 Rothschild
2704 456 220 40 stehenden
2956 456 220 52 Capilalien
3204 454 116 40 nach.
3349 454 69 40 Bei-

1853 524 70 40 des
1953 524 140 40 wurde
2122 537 70 26 zur
2211 522 194 51 Deckung
2433 520 70 39 des
2534 519 194 49 vorläufig
2758 518 70 39 auf
2858 519 170 47 100,000
3052 519 105 39 Frcs.
3187 517 255 53 geschätzten

1853 587 207 40 Verlustes
2091 587 71 39 der
2191 585 205 40 üirection
2434 582 126 41 durch
2588 580 323 52 Nichterfüllung
2942 581 72 38 des
3045 581 230 40 Contractes
3304 579 115 40 bewil-

1853 649 83 52 ligt.
1993 650 96 39 Man
2118 649 94 38 fand
2252 647 64 40 die
2346 646 175 40 Zimmer
2560 644 70 39 der
2661 643 233 39 Künstlerin
2939 642 98 52 (Rue
3071 644 181 36 Tronchet
3283 643 75 48 15),
3397 653 45 28 so

1853 712 78 40 wie
1960 711 57 39 sie
2047 710 208 40 dieselben
2283 711 200 38 verlassen
2514 708 117 46 hatte,
2661 706 41 40 in
2732 707 71 41 der
2833 707 181 52 grössten
3034 706 211 49 Ordnung.
3273 705 56 39 Es
3360 716 82 27 war

1853 775 113 40 Alles
2114 773 246 51 Silberzeug,
2388 771 302 54 Nippessachen
2718 784 39 27 u.
2796 782 30 28 s.
2855 782 61 36 w.,
2958 770 122 40 selbst
3126 768 87 39 ihre
3253 767 189 40 Theater-

1859 836 245 40 Garderobe.

2074 3571 111 34 Die
2216 3570 538 35 Häiederrlieiiiisclte
2784 3570 464 44 Musik-Keitungf

1879 3632 200 37 erscheint
2100 3631 120 47 jeden
2249 3631 185 49 Samstag
2462 3633 41 34 in
2542 3631 243 37 mindestens
2824 3633 129 35 einem
2988 3644 155 36 ganzen
3180 3631 156 47 Bogen;
3387 3631 55 36 all-

1882 3685 218 36 monatlich
2127 3685 98 35 wird
2252 3685 63 36 ihr
2343 3686 64 35 ein
2433 3685 335 36 Literatur-Blatt
2796 3685 258 48 beigegeben.
3162 3685 82 34 Der
3271 3683 162 38 Abonne-

1880 3739 234 47 mentspreis
2143 3738 160 48 beträgt
2319 3740 64 34 für
2406 3739 70 35 das
2491 3739 200 46 Halbjahr
2722 3743 20 31 2
2762 3739 122 44 Thlr.,
2913 3739 65 35 bei
3004 3738 74 34 den
3106 3737 48 35 K.
3175 3748 153 35 preuss.
3345 3737 116 38 Post-

1882 3793 212 35 Anstalten
2124 3795 20 32 2
2162 3792 108 36 Thlr.
2301 3793 22 35 5
2348 3793 87 47 Sgr.
2463 3793 98 35 Eine
2590 3792 180 36 einzelne
2787 3791 189 37 Nummer
2998 3794 24 32 4
3042 3790 86 48 Sgr.
3157 3791 304 49 Einrückungs-

1884 3846 214 37 Gebühren
2127 3857 70 35 per
2224 3845 207 37 Petitzeile
2463 3850 19 32 2
2516 3845 86 48 Sgr.

1934 3908 129 35 Briefe
2089 3906 83 36 und
2200 3908 292 48 Zusendungen
2522 3907 100 36 aller
2658 3906 75 37 Art
2761 3906 158 37 werden
2943 3909 119 31 unter
3096 3904 69 38 der
3192 3905 172 39 Adresse
3393 3906 68 37 der

1880 3963 56 37 M.
1964 3959 571 50 DuMont-Schauberg'schen
2562 3961 327 45 Buchhandlung
2924 3959 42 34 in
2993 3958 105 36 Köln
3126 3960 175 37 erbeten.

1999 4068 380 42 Verantwortlicher
2407 4070 304 51 Herausgeber:
2748 4067 107 39 Prof.
2884 4067 45 39 L.
2957 4067 183 41 Bischoff
3162 4068 43 40 in
3232 4069 124 39 Köln.

1952 4122 215 52 Verleger:
2194 4123 56 40 M.
2280 4119 540 53 DuMont-Schauberg'sche
2849 4120 322 53 Buchhandlung
3199 4121 42 40 in
3269 4122 121 39 Köln.

1925 4174 203 42 Drucker:
2156 4176 55 41 M.
2241 4176 435 47 DuMont-Schauberg
2705 4173 42 40 in
2776 4173 120 50 Köln,
2926 4174 256 42 Breitstrasse
3213 4176 49 39 76
3291 4188 40 27 u.
3363 4175 62 40 78.

2339 1109 620 60 Ankündigungen.

2273 1279 212 46 ÜEUE
2528 1277 508 47 MUSICALIEK

2508 1353 61 53 im
2599 1353 202 69 Verlage

2624 1447 73 23 von

2116 1490 335 61 BREITKOPF
2492 1490 45 61 &
2573 1488 256 63 MITTEL
2867 1488 54 61 in
2959 1485 218 81 Leipzig.

1865 1583 293 44 Beethoven,
2189 1582 43 38 L.
2260 1594 89 32 van,
2382 1581 65 49 Op.
2466 1580 65 45 68,
2563 1580 226 50 Symphonie
2813 1578 208 50 pastorale.
3048 1577 277 48 Arrangement
3348 1591 101 36 pour

2190 1637 33 35 le
2252 1636 122 35 Piano
2404 1637 24 33 ä
2455 1636 26 34 4
2509 1636 125 35 mains
2659 1648 38 35 p.
2726 1633 48 36 A.
2805 1633 47 36 H.
2882 1632 171 38 Ehrlich.
3081 1632 26 35 2
3141 1632 99 36 Thlr.

1865 1691 64 37 Br
1939 1690 59 37 ah
2008 1703 77 33 ms,
2115 1690 52 45 J.,
2216 1690 65 49 Op.
2312 1691 37 42 7,
2397 1689 115 35 Sechs
2542 1688 167 47 Gesänge
2733 1689 68 46 für
2834 1688 81 35 eine
2942 1687 92 47 Sing
3037 1687 142 35 stimme
3207 1686 66 36 mit
3301 1684 148 49 Beglei-

2188 1750 90 41 tung
2307 1744 63 35 des
2397 1742 232 47 Pianoforle.
2657 1741 54 36 20
2740 1742 84 47 Sgr.

1869 1798 142 45 Gacle,
2043 1798 139 36 Niels
2219 1797 69 45 W'.,
2322 1798 64 48 Op.
2415 1797 66 44 27,
2507 1796 190 36 Arabeske
2723 1797 67 44 für
2818 1794 69 37 das
2916 1794 122 36 Piano
3040 1794 108 46 forte.
3179 1792 53 36 20
3259 1793 83 48 Sgr.

2004 1874 47 6 •
2113 1852 66 50 Op.
2208 1851 65 44 28,
2304 1851 140 36 Sonate
2469 1851 68 47 für
2565 1851 69 35 das
2664 1850 231 45 Pianoforte.
2927 1849 18 35 1
2983 1848 98 36 Thlr.
3113 1848 22 35 5
3166 1847 84 47 Sgr.

1868 1907 190 47 Haydn,
2089 1906 51 45 J.,
2174 1905 121 47 Zwölf
2318 1905 274 49 Symphonieen
2617 1905 66 45 für
2715 1904 206 36 Orchester.
2949 1901 45 37 In
3023 1902 194 36 Stimmen.

2194 1959 68 36 Nr.
2294 1958 34 37 1.
2361 1959 165 37 Es-dnr.
2554 1958 25 35 3
2613 1958 99 37 Thlr.

1870 2015 178 43 Knorr,
2079 2014 51 45 J.,
2168 2013 214 48 Wegweiser
2407 2013 66 46 für
2502 2012 70 36 den
2603 2010 280 50 Ciavierspieler
2910 2011 52 35 im
2990 2017 119 29 ersten
3140 2008 184 37 Stadium.
3356 2008 98 36 Eitle

2193 2067 224 46 Sammlung
2459 2065 198 49 gewählter
2688 2064 272 36 Ciavierstücke
2999 2064 42 36 in
3083 2062 191 48 möglichst
3310 2063 145 35 rechter

2192 2120 256 48 Progression.
2471 2119 112 36 Nebst
2596 2118 287 36 mechanischen
2905 2117 206 48 Hebungen.
3141 2117 24 34 2
3188 2116 97 38 Thlr.
3305 2118 46 34 15
3369 2117 84 47 Sgr.

1869 2175 244 47 Mö'hring,
2144 2175 55 44 F.,
2234 2174 65 48 Op.
2329 2173 64 44 32,
2424 2173 94 35 Drei
2546 2172 177 36 Psalmen
2749 2173 68 44 für
2845 2172 82 34 Soli
2953 2172 80 34 und
3063 2170 109 38 Chor.
3203 2170 44 35 In
3269 2170 184 37 Partitur.

2192 2227 70 38 Nr.
2295 2227 36 45 1,
2364 2227 46 35 15
2441 2226 84 47 Sgr.
2633 2225 69 35 Nr.
2732 2225 38 44 2,
2803 2225 52 35 10
2881 2225 84 46 Sgr.
3054 2224 68 36 Nr.
3150 2223 38 44 3,
3221 2223 48 35 10
3297 2224 84 47 Sgr.

2194 2279 47 37 In
2269 2280 193 36 Stimmen.
2503 2278 69 38 Nr.
2603 2278 35 45 1,
2668 2278 54 34 20
2749 2278 84 47 Sgr.
2945 2277 68 39 Nr.
3042 2278 38 43 2,
3113 2276 48 35 15
3191 2276 84 48 Sgr.
3385 2276 69 36 Nr.

2192 2334 38 45 3,
2260 2333 54 35 20
2342 2333 84 47 Sgr.

1871 2389 139 44 Sahr,
2041 2389 47 37 11.
2116 2401 52 23 vo
2181 2401 39 32 n,
2255 2387 65 49 Op.
2349 2387 38 44 4,
2428 2386 115 36 Sechs
2573 2384 166 49 Gesänge
2774 2386 67 46 für
2867 2384 78 36 vier
2947 2385 160 48 stimmig
3110 2397 44 23 en
3183 2382 268 45 Männerchor,

2194 2442 173 36 Partitur
2394 2440 80 36 und
2502 2440 195 37 Stimmen.
2728 2439 19 35 1
2786 2439 101 40 Thlr.
2916 2439 23 34 5
2970 2439 84 47 Sgr.

1871 2496 344 48 Steifensand,
2255 2495 68 45 W'.,
2357 2495 63 49 Op.
2442 2493 62 45 12,
2535 2493 63 37 An
2627 2493 70 36 den
2714 2492 127 45 Mond,
2870 2506 72 22 von
2960 2492 125 44 Göthe,
3111 2492 68 45 für
3207 2492 80 36 eine
3306 2490 149 36 Mezzo-

2198 2549 298 49 Sopranstimme
2525 2549 68 34 mit
2620 2547 218 47 Begleitung
2866 2547 62 35 des
2956 2546 233 45 Pianoforte.
3221 2546 51 34 10
3299 2546 84 47 Sgr.

2118 2604 65 49 Op.
2215 2603 63 45 14,
2327 2604 77 35 Der
2432 2601 225 44 Einsiedler,
2697 2613 72 24 von
2808 2601 37 37 J.
2873 2613 73 23 von
2975 2600 256 46 Eichendorff,
3273 2600 67 45 für
3376 2600 80 34 eine

2191 2655 90 38 Alt-
2311 2657 87 35 oder
2426 2655 340 37 Bariton-Stimme
2806 2655 64 35 mit
2898 2653 216 49 Begleitung
3145 2653 62 36 des
3236 2653 221 46 Pianoforte

2192 2711 82 35 tmd
2309 2709 235 38 Violoncells.
2579 2709 48 35 15
2659 2709 83 47 Sgr.

1879 2765 201 45 Tausch,
2111 2763 36 40 J.
2151 2791 10 17 y
2194 2765 65 48 Op.
2288 2763 37 45 3,
2356 2763 85 36 Duo
2462 2763 67 47 für
2557 2762 222 46 Pianoforte
2808 2761 81 35 und
2925 2761 155 39 Violine.
3113 2761 18 35 1
3162 2761 101 38 Thlr.
3295 2760 51 36 10
3365 2760 85 48 Sgr.

1954 2855 69 35 Bei
2051 2855 73 35 Fr,
2154 2853 65 37 Ho
2230 2854 64 46 fm
2306 2854 92 36 eist
2409 2866 49 23 er
2486 2855 41 33 in
2557 2853 206 49 Leipzig
2792 2854 47 35 ist
2869 2853 239 35 erschienen:

1877 2907 41 40 G.
1948 2908 155 37 Reich
2115 2908 125 44 ardt,
2271 2907 208 49 Spanische
2498 2905 223 38 Canzonette
2747 2908 67 44 für
2843 2907 173 44 Bariton,
3047 2907 66 37 mit
3142 2906 215 48 Begleitung
3385 2919 71 23 von

2199 2961 344 45 Brummstimmen,
2574 2974 79 25 arr,
2682 2974 33 24 v.
2745 2961 127 35 Franz
2910 2960 136 36 Weber.
3080 2959 49 37 10
3157 2960 84 47 Sgr.

1954 3055 69 35 Bei
2051 3054 71 38 Fr.
2153 3054 307 45 Hofmeister
2488 3054 41 34 in
2558 3053 203 48 Leipzig
2790 3052 217 35 erscheinen
3036 3051 137 36 binnen
3204 3051 187 37 Kurzem:

1877 3108 317 43 Rubinstein,
2222 3106 62 46 A.,
2315 3106 167 36 Premier
2517 3106 84 35 Trio
2623 3119 100 36 pour
2739 3105 137 45 Piano,
2912 3105 131 36 Violon
3062 3112 33 29 et
3119 3104 202 37 Violoncell
3349 3106 41 35 in
3412 3106 43 36 F.

2113 3161 148 36 Second
2294 3161 84 35 Trio
2406 3174 37 35 p.
2474 3159 58 38 do.
2561 3160 42 35 in
2634 3158 157 38 G-moll.

2121 3215 104 35 Trois
2253 3214 209 36 Morceaux
2486 3226 99 37 pour
2604 3213 147 36 Piano:
2782 3212 233 46 Barcarolle,
3038 3212 194 45 Berceuse,
3257 3212 201 37 Serenade,

1927 3306 85 36 Alle
2037 3306 42 35 in
2108 3306 121 35 dieser
2255 3304 314 48 Musik-Zeitung
2613 3305 275 49 besprochenen
2924 3304 82 35 und
3042 3304 299 47 angekündigten
3368 3302 90 38 Mu-

1874 3360 158 36 sicalien
2060 3366 68 30 etc.
2157 3359 89 36 sind
2272 3372 47 22 zu
2347 3359 168 36 erhallen
2542 3360 41 34 in
2613 3359 65 35 der
2705 3365 87 30 stets
2818 3358 228 47 vollständig
3084 3360 223 34 assortirten
3333 3357 125 36 Musi-

1875 3414 355 46 calien-Handlung
2267 3413 103 36 nebst
2406 3412 238 37 Leihanstalt
2684 3426 73 23 von
2801 3410 299 37 BERNHARD
3148 3411 223 36 BREUER
3418 3412 40 34 in

1879 3468 141 42 Köln,
2051 3468 247 35 Hochstrasse
2325 3467 68 35 Nr.
2423 3466 65 37 97.
