3568 4384
1756 92 89 56 341

143 254 163 71 berg,
351 254 112 52 Arie
506 271 82 34 aus
622 249 210 60 Oberon,
875 266 240 53 gesungen
1154 263 89 34 von
1290 242 218 55 Fräulein
1548 240 183 52 Marie

143 344 135 51 Carl
310 361 104 33 vom
445 339 204 69 hiesigen
680 336 334 59 Stadttheater,
1046 333 94 52 und
1169 328 322 56 Introduction
1521 328 93 51 und
1640 329 61 50 Va-

142 428 226 51 riationen
400 445 89 32 von
519 423 161 60 David,
712 431 310 60 vorgetragen
1052 437 89 33 von
1172 418 160 50 Herrn
1361 412 243 52 Becker.

270 539 229 68 Obgleich
539 538 138 52 somit
721 536 254 51 wiederum
1017 532 102 51 eine
1149 529 146 52 Reihe
1326 526 406 69 ausgezeichneter

144 626 267 51 Tonstücke
443 624 222 68 gebracht
694 621 179 59 wurde,
920 638 51 32 so
1014 616 98 51 sind
1155 631 168 35 unsere
1355 612 227 51 Concerte
1615 611 117 51 doch

147 714 121 51 ohne
292 710 311 54 musicalische
619 709 280 63 Bedeutung
917 701 260 71 geblieben,
1209 700 100 51 weil
1334 701 271 65 Programm
1638 698 93 50 und

144 798 309 67 Ausführung
481 797 43 49 in
555 790 372 55 entschiedenem
960 788 259 67 Gegensatz
1253 784 210 52 standen.

270 910 109 52 Wir
411 907 149 51 haben
590 898 292 73 mitgetheilt,
927 899 104 51 dass
1075 898 252 51 besonders
1374 896 79 50 das
1494 901 125 44 erste
1651 893 82 51 der

146 996 245 55 Concerte,
437 990 175 52 welche
644 987 181 51 Tausch
872 985 114 52 nach
1019 985 305 52 Schumann's
1356 981 236 52 Rücktritt
1623 979 84 50 diri-

146 1081 133 67 girte,
310 1076 144 52 durch
486 1072 296 69 Abrundung
812 1071 83 51 der
924 1070 306 67 Ausführung
1261 1067 92 51 sich
1386 1065 346 57 auszeichnete;

146 1164 132 52 allein
308 1161 85 52 wir
425 1160 160 51 dürfen
617 1157 123 52 nicht
769 1156 360 67 verschweigen,
1160 1153 105 51 dass
1284 1152 69 51 die
1374 1152 357 64 Erwartungen,

147 1266 136 34 wozu
316 1247 84 51 wir
430 1264 87 33 uns
547 1244 204 52 dadurch
776 1241 259 67 berechtigt
1065 1239 235 69 glaubten,
1332 1236 126 51 nicht
1488 1233 244 69 befriedigt

148 1333 209 59 wurden,
383 1331 61 69 ja,
475 1331 83 51 wir
588 1334 186 47 müssen
806 1327 71 51 die
892 1325 303 67 Aufführung
1225 1322 83 51 der
1336 1319 395 54 C-moZ/-Sinfonie

147 1420 44 51 in
214 1419 156 68 jenem
405 1416 228 51 Concerte
674 1414 65 51 als
785 1413 71 50 die
887 1410 131 52 beste
1051 1410 228 51 Nummer
1309 1406 83 51 der
1423 1421 177 52 ganzen
1630 1404 74 50 Sai-

147 1524 84 33 son
263 1503 293 53 bezeichnen.
608 1501 97 51 Das
736 1498 257 52 Orchester
1022 1496 79 50 hat
1130 1494 94 52 sich
1267 1512 55 31 zu
1359 1493 81 49 der
1469 1490 128 52 darin
1629 1496 75 44 ent-

148 1588 243 54 wickelten
415 1587 204 57 Frische,
649 1585 202 52 Wärme
882 1581 93 51 und
1002 1579 208 52 Feinheit
1242 1578 78 50 des
1346 1578 227 64 Vortrags
1604 1574 125 52 nicht

148 1675 174 52 wieder
358 1672 524 69 emporgeschwungen,
928 1667 201 52 sondern
1160 1667 59 48 ist
1248 1664 45 51 in
1323 1663 132 51 einen
1486 1660 130 50 Theil
1649 1659 79 51 des

146 1759 216 52 früheren
391 1755 410 53 Indifferentismus
847 1749 429 70 zurückgesunken.
1322 1747 87 50 Die
1440 1744 261 51 Aufführun-

147 1865 89 49 gen
266 1852 172 60 trugen
467 1843 149 50 davon
658 1841 78 49 das
781 1837 228 52 deutliche
1040 1837 231 67 Gepräge.
1332 1830 282 68 Abgesehen
1643 1847 90 32 von

147 1929 431 54 unvollkommener
608 1923 213 53 Reinheit
851 1922 82 49 der
964 1921 280 64 Stimmung,
1272 1935 89 33 von
1394 1912 311 53 Unsauberkei-

147 2022 81 43 ten
269 2012 96 52 und
396 2011 199 51 Fehlern
637 2026 81 33 aus
750 2002 497 60 Unaufmerksamkeit,
1287 2007 154 44 traten
1483 1998 133 51 meist
1644 2013 90 36 nur

150 2098 72 52 die
260 2097 241 52 stärkeren
531 2093 284 68 Färbungen
858 2091 83 51 der
969 2088 184 54 Werke
1197 2087 45 51 in
1282 2088 136 48 Forte
1460 2083 97 51 und
1586 2084 147 50 Piano

148 2182 289 67 nothdürftig
466 2181 181 57 hervor,
688 2176 222 53 während
941 2175 71 50 die
1042 2173 201 51 feineren
1275 2171 86 51 fast
1392 2168 207 70 gänzlich
1632 2183 76 35 ver-

150 2266 278 67 nachlässigt
458 2263 205 59 blieben;
705 2262 59 67 ja,
805 2260 124 52 nicht
969 2258 148 51 selten
1158 2256 225 52 ordneten
1425 2253 94 51 sich
1550 2252 71 51 die
1653 2251 53 51 be-

151 2351 261 71 gleitenden
442 2351 313 50 Instrumente
786 2364 51 33 so
868 2343 153 69 wenig
1051 2342 88 52 den
1166 2337 452 70 melodietragenden
1648 2355 57 32 un-

151 2446 87 52 ter,
264 2437 105 51 dass
401 2435 81 51 der
511 2434 97 50 rein
638 2430 314 52 musicalische
978 2426 219 53 Gedanke
1228 2444 89 33 nur
1345 2425 104 51 dem
1473 2421 263 70 gebildeten

153 2524 103 51 Ohr
301 2519 283 53 erkenntlich
624 2516 136 52 blieb.
818 2516 64 51 Es
925 2514 162 50 wurde
1129 2511 137 52 somit
1306 2510 91 51 den
1440 2506 296 52 technischen

152 2608 391 64 Anforderungen
585 2619 89 36 nur
703 2601 108 51 sehr
840 2599 389 58 unvollkommen,
1273 2594 96 52 und
1409 2594 91 50 den
1544 2590 167 53 ästheti-

155 2694 156 60 schen,
354 2693 44 49 in
429 2691 159 66 Bezug
628 2686 84 52 auf
746 2686 89 51 den
876 2684 223 70 geistigen
1132 2681 166 52 Gehalt
1328 2680 81 51 der
1442 2677 196 60 Werke,
1684 2694 52 33 so

155 2778 153 68 wenig
336 2774 325 71 entsprochen,
701 2771 104 53 dass
843 2770 71 51 die
945 2766 401 68 Total-Wirkung
1375 2764 100 51 eine
1506 2770 114 43 stets
1652 2779 57 33 un-

156 2862 274 71 genügende
448 2859 182 52 bleiben
647 2864 191 52 musste,
870 2872 137 34 wenn
1031 2853 117 51 auch
1178 2850 203 52 einzelne
1399 2848 175 52 Details
1605 2846 133 51 einen

157 2948 245 69 günstigen
431 2943 235 53 Eindruck
698 2939 334 53 hinterliessen.

284 3058 135 54 Weit
445 3064 138 44 unter
613 3056 89 49 den
724 3053 284 66 Leistungen
1039 3050 81 50 des
1143 3047 279 52 Orchesters
1451 3044 184 53 blieben
1666 3043 71 51 die

157 3161 193 37 unseres
382 3145 164 49 Chors.
605 3138 229 70 Obgleich
873 3135 210 53 derselbe
1124 3133 69 52 bis
1233 3152 58 32 zu
1331 3132 147 51 einem
1510 3130 227 69 gewissen

157 3230 155 53 Grade
343 3246 57 33 an
430 3225 254 53 Sicherheit
715 3220 354 54 unverkennbar
1098 3234 261 53 gewonnen
1385 3216 93 58 hat,
1516 3234 51 31 so
1597 3213 139 51 leidet

160 3335 49 33 er
240 3315 118 52 doch
388 3332 59 33 an
473 3311 117 51 allen
621 3309 157 50 früher
807 3311 229 64 gerügten
1054 3304 213 58 Fehlern,
1289 3320 56 32 an
1364 3301 241 67 zaghaften
1627 3298 82 53 Ein-

161 3405 171 55 sätzen,
362 3398 217 50 unreiner
607 3392 279 59 Intonation,
918 3390 260 69 Schleppen
1209 3387 82 51 der
1308 3387 131 50 Töne
1468 3404 90 32 von
1587 3385 150 49 einem

162 3503 104 34 zum
284 3483 216 57 anderen,
528 3475 372 56 Undeutlichkeit
923 3475 81 51 der
1026 3471 312 70 Aussprache,
1369 3469 266 52 schwacher
1649 3469 61 49 Be-

162 3578 196 58 setzung
387 3566 80 53 des
499 3566 178 50 Tenors
707 3582 46 33 u.
787 3579 36 33 s.
853 3578 60 33 w.
945 3578 44 32 u.
1022 3577 34 33 s.
1089 3574 77 42 w.,
1196 3556 117 51 nach
1342 3555 88 51 wie
1460 3572 95 33 vor.
1604 3552 136 51 Seine

161 3655 286 66 Leistungen
464 3649 100 52 sind
590 3666 89 34 nur
702 3648 65 49 als
798 3645 73 51 ein
900 3644 97 51 rein
1016 3641 357 59 mechanisches,
1403 3638 338 68 nothdürftiges

162 3739 243 67 Absingen
434 3737 81 50 der
542 3734 168 59 Noten,
755 3732 121 50 ohne
905 3728 160 52 Leben
1110 3726 95 51 und
1235 3725 299 66 Auffassung,
1573 3742 55 31 zu
1660 3721 54 51 be-

163 3824 233 51 zeichnen.
445 3819 251 54 Ueberdies
727 3815 192 54 wurden
951 3814 71 51 die
1054 3813 167 58 Chöre,
1251 3818 113 43 statt
1392 3810 61 50 im
1484 3809 256 51 Orchester

165 3925 331 50 angemessene
525 3907 163 49 Stütze
718 3922 56 32 zu
806 3899 169 60 finden,
1019 3898 162 66 häufig
1225 3913 89 33 von
1360 3893 265 53 demselben
1657 3911 56 31 un-

162 3992 295 66 barmherzig
478 3988 232 52 erdrückt.
740 3988 97 48 Der
863 3988 214 64 grössere
1106 3980 129 51 Theil
1267 3996 194 34 unseres
1478 3977 264 52 Publicums

163 4078 176 50 konnte
369 4074 141 51 daher
550 4073 72 51 bei
654 4068 506 66 Chor-Aufführungen
1204 4083 90 33 nur
1322 4063 294 69 Langeweile
1647 4080 63 31 em-

165 4160 204 71 pfinden,
398 4158 224 54 während
651 4158 103 52 Ohr
781 4156 94 53 und
898 4151 301 56 ästhetischer
1218 4149 113 52 Sinn
1355 4149 81 52 des
1459 4146 284 55 musicalisch

1828 239 274 53 Gebildeten
2147 237 94 52 sich
2288 242 116 45 stets
2460 231 322 73 unbefriedigt,
2841 234 64 52 oft
2951 233 233 70 geradezu
3232 229 189 53 verletzt

1827 325 156 52 fühlen
2015 332 192 44 musste.

1953 413 104 47 Den
2081 408 219 52 besseren
2319 407 129 52 Theil
2483 421 196 36 unserer
2705 404 226 50 Concerte
2961 402 200 52 bildeten
3192 402 74 50 die
3285 400 135 51 Solo-

1826 496 270 58 Nummern,
2128 494 175 51 welche
2336 494 42 50 in
2413 493 86 51 den
2528 492 272 66 Vorträgen
2827 504 87 34 von
2933 487 298 53 Wilhelmine
3256 487 164 49 Clauss

1827 582 130 49 ihren
1999 579 294 69 Glanzpunkt
2338 579 273 51 erreichten.
2670 574 134 52 Aber
2850 572 116 52 auch
3012 573 80 50 der
3134 573 182 50 Genuss
3361 590 57 33 an

1826 666 137 49 ihnen
1995 663 119 51 blieb
2146 665 43 49 in
2221 665 145 67 Folge
2395 665 82 50 der
2507 661 307 52 Indiscretion
2844 657 84 52 der
2960 656 431 68 Orchester-Beglei-

1827 758 117 60 tung
1975 748 123 51 nicht
2131 748 269 68 ungetrübt.

1954 835 163 67 Gegen
2146 833 132 50 Ende
2309 833 90 50 Juli
2442 832 104 50 fand
2588 838 137 44 unter
2754 830 203 66 Leitung
2987 844 89 34 von
3109 825 186 50 Tausch
3325 826 95 51 und

1826 920 303 67 Mitwirkung
2151 936 88 32 von
2255 919 217 50 Fräulein
2502 917 242 51 Natalie
2773 913 320 52 Eschborn
3125 911 73 51 ein
3218 911 203 51 Concert

1826 1006 140 59 Statt,
2011 1002 200 52 welches
2251 1002 83 50 der
2363 1000 286 68 Allgemeine
2678 999 348 52 Musik-Verein
3064 999 241 49 Ersterem
3349 995 72 51 für

1827 1091 71 52 die
1943 1090 166 51 höchst
2155 1086 387 70 uneigennützige
2571 1085 237 51 Direction
2855 1084 81 49 der
2968 1082 450 54 Winter-Concerte

1826 1175 297 52 veranstaltet
2152 1174 141 52 hatte.
2328 1174 95 49 Das
2452 1174 276 65 Programm
2758 1167 191 52 enthielt
2978 1167 58 50 im
3069 1174 155 43 ersten
3255 1166 158 52 Theile

1825 1261 100 50 eine
1957 1278 119 33 neue
2109 1259 497 51 Concert-Ouverture
2637 1273 89 33 von
2758 1251 201 60 Tausch,
2989 1250 310 52 Männerchor
3331 1268 82 33 aus

1825 1346 303 50 Schumann's
2159 1343 277 68 Pilgerfahrt
2461 1341 82 51 der
2559 1343 141 56 Rose,
2731 1336 263 70 Jägerchor
3024 1352 82 34 aus
3129 1335 288 69 Euryanthe,

1825 1429 320 71 Sopran-Arie
2175 1446 81 33 aus
2287 1428 141 58 Elias,
2460 1427 202 50 Concert
2691 1425 73 51 für
2796 1421 280 60 Pianoforte,
3328 1438 90 32 von

1825 1515 282 59 Beethoven,
2126 1514 109 50 Arie
2253 1531 82 33 aus
2353 1513 218 51 Mozart's
2588 1509 321 67 Entführung:
2952 1547 18 20 „
2983 1505 118 61 Ach,
3124 1505 72 51 ich

1830 1600 94 51 und
1955 1600 60 50 im
2047 1599 195 51 zweiten
2274 1598 165 51 Gade's
2474 1595 204 52 Comala.

1955 1684 186 51 Tausch
2171 1682 172 52 bewies
2386 1681 145 52 durch
2573 1681 70 50 die
2674 1681 268 49 Ouvertüre
2973 1677 95 50 und
3100 1675 80 52 das
3211 1674 174 52 Beetho-

1827 1769 214 52 ven'sche
2072 1769 203 50 Concert
2305 1786 89 32 von
2423 1768 178 48 Neuem
2632 1764 96 52 sein
2758 1781 187 51 grosses
2975 1762 167 51 Talent
3172 1761 74 49 für
3278 1761 104 50 Com-

1828 1853 200 70 position
2070 1852 94 51 und
2209 1852 124 51 seine
2375 1849 340 52 vortrefflichen
2742 1846 359 71 Eigenschaften
3133 1846 66 50 als
3231 1844 185 51 Pianist.

1828 1940 87 50 Die
1947 1940 283 57 Ouvertüre,
2262 1936 81 52 frei
2372 1955 90 33 von
2494 1936 133 49 allem
2658 1935 241 50 Barocken
2931 1932 81 51 der
3043 1948 208 35 neueren
3280 1929 110 51 Rich-

1828 2032 133 61 tung,
1994 2022 176 52 enthält
2199 2021 348 71 ansprechende
2578 2018 203 52 einfache
2800 2018 174 51 Motive
3006 2017 43 51 in
3082 2022 136 62 guter
3234 2015 154 50 Durch-

1828 2110 204 67 führung
2055 2108 93 51 und
2171 2107 198 59 schöner
2390 2105 439 58 Instrumentation;
2855 2103 82 51 der
2955 2103 206 65 Vortrag
3191 2101 80 51 des
3297 2100 90 50 Con-

1828 2202 121 44 certs
1992 2194 235 50 zeichnete
2268 2192 93 51 sich
2405 2191 146 51 durch
2580 2190 172 59 Breite,
2794 2189 134 50 Kraft
2965 2187 97 51 und
3090 2186 224 60 Klarheit,
3361 2202 51 33 so

1827 2279 87 50 wie
1954 2277 146 52 durch
2142 2276 191 52 Frische
2377 2275 81 52 der
2489 2275 287 66 Auffassung
2814 2289 84 34 aus
3039 2269 378 69 Eigenschaften,

1828 2364 148 52 durch
2004 2362 176 51 welche
2207 2360 184 52 Tausch
2430 2360 101 51 eine
2560 2357 259 69 Rangstufe
2850 2374 90 33 von
2968 2355 283 67 Bedeutung
3280 2360 140 44 unter

1831 2449 89 51 den
1948 2448 234 50 Pianisten
2212 2446 250 51 einnimmt.
2503 2444 220 51 Fräulein
2759 2441 178 52 Natalie
2966 2439 249 53 Eschborn
3253 2437 169 51 besitzt

1831 2535 107 51 sehr
1969 2533 172 52 schöne
2173 2530 330 60 Stimmmittel,
2542 2529 177 52 welche
2761 2528 63 50 sie
2853 2528 47 49 in
2931 2526 84 51 der
3044 2525 110 51 Arie
3189 2524 80 51 des
3298 2523 122 53 Elias

1831 2619 95 52 und
1957 2618 45 51 in
2033 2618 82 51 der
2141 2616 302 67 Entführung
2483 2615 45 50 in
2573 2611 359 52 künstlerischer
2964 2610 162 52 Weise
3168 2608 249 52 entfaltete.

1832 2705 54 50 In
1916 2703 89 52 den
2035 2702 166 50 beiden
2217 2699 372 53 Männerchören
2620 2716 99 33 war
2750 2698 79 51 das
2853 2694 290 55 Verhältniss
3175 2694 82 52 der
3280 2693 112 50 Stim-

1832 2807 107 34 men
1969 2789 73 50 ein
2072 2787 73 52 bei
2176 2804 87 33 uns
2293 2785 289 69 ungewohnt
2626 2783 262 68 günstiges;
2933 2782 185 49 Tenöre
3148 2779 95 52 und
3275 2780 146 49 Bässe

1834 2892 158 34 waren
2023 2872 146 68 gleich
2201 2872 127 51 stark
2357 2870 194 51 besetzt.
2596 2868 86 51 Die
2714 2867 155 52 Chöre
2902 2865 196 51 wurden
3138 2864 127 52 nicht
3297 2863 123 51 ohne

1831 2958 136 51 Kraft
1996 2957 95 52 und
2119 2958 156 48 Feuer
2315 2962 336 61 vorgetragen;
2700 2971 77 32 um
2823 2970 52 33 so
2918 2949 382 68 unangenehmer
3340 2947 54 50 be-

1831 3043 163 51 rührte
2024 3058 65 44 es,
2121 3041 63 50 als
2216 3041 61 49 im
2307 3037 422 53 Schumann'schen
2748 3036 262 53 Waldliede
3039 3034 82 50 der
3151 3034 187 50 Einsatz
3373 3050 51 33 so

1831 3128 215 52 unsicher
2062 3144 112 43 war,
2206 3126 103 51 dass
2339 3124 85 53 wir
2448 3141 89 34 nur
2557 3123 99 51 eine
2687 3122 174 67 einzige
2879 3119 345 52 Tenorstimme
3250 3118 171 69 gehört

1834 3232 54 32 zu
1921 3212 151 51 haben
2103 3210 213 69 glauben.

1962 3298 96 50 Der
2103 3295 287 52 schwächste
2418 3292 128 51 Theil
2593 3291 80 52 des
2706 3291 255 51 Concertes
3006 3306 98 34 war
3137 3286 163 52 Gade's
3332 3287 60 50 Co-

1834 3382 132 52 mala.
1985 3382 163 50 Dieses
2168 3380 153 53 Werk
2336 3378 167 53 bedarf
2514 3376 343 69 vorzugsweise
2875 3375 127 50 einer
3018 3373 166 52 höchst
3200 3372 193 51 vollkom-

1836 3484 182 42 menen,
2047 3466 207 50 sicheren
2270 3462 322 68 Ausführung,
2623 3460 105 51 weil
2757 3460 72 51 die
2846 3460 153 51 Musik
3017 3459 98 49 eine
3131 3456 169 67 Menge
3331 3474 90 33 von

1836 3551 179 51 kleinen
2046 3546 762 67 Intervallen-Fortschreitungen,
2850 3544 175 52 sowohl
3065 3542 72 49 für
3164 3541 257 51 Orchester

1836 3636 88 51 wie
1957 3635 141 60 Chor,
2135 3634 191 58 enthält,
2373 3632 73 51 die
2481 3632 83 51 der
2610 3630 279 70 präcisesten
2918 3626 304 67 Behandlung
3250 3625 143 53 bedür-

1837 3721 89 59 fen,
1952 3737 136 34 wenn
2103 3719 126 51 nicht
2250 3718 71 50 die
2339 3719 133 49 Töne
2496 3716 307 51 vollkommen
2827 3714 44 49 in
2893 3710 216 52 einander
3126 3710 266 52 verschwim-

1837 3822 108 33 men
1976 3805 159 50 sollen.
2180 3801 149 52 Dabei
2373 3803 80 50 hat
2485 3801 125 50 Chor
2649 3798 94 52 und
2776 3798 255 49 Orchester
3062 3795 125 51 diese
3217 3795 176 51 Schwie-

1837 3889 167 69 rigkeit
2048 3890 161 66 häufig
2249 3889 62 50 im
2342 3890 146 50 Piano
2529 3884 94 52 und
2653 3884 275 51 Pianissimo
2973 3881 326 59 auszuführen,
3342 3898 55 33 na-

1840 3974 218 52 mentlich
2102 3992 139 33 wenn
2289 3974 63 51 sie
2392 3973 80 51 der
2504 3969 151 51 Partie
2686 3968 81 51 der
2801 3967 188 52 Comala
3021 3986 56 30 zu
3107 3965 319 69 begleitender

1839 4059 254 70 Unterlage
2124 4059 177 51 dienen.
2336 4057 110 50 Wie
2476 4071 48 34 es
2556 4054 137 50 kaum
2725 4052 165 50 anders
2923 4069 56 32 zu
3011 4058 234 43 erwarten
3276 4050 151 59 stand,

1841 4144 123 54 blieb
1991 4146 257 52 Orchester
2278 4142 93 52 und
2399 4139 125 52 Chor
2554 4137 266 53 bedeutend
2851 4137 151 52 hinter
3034 4135 150 52 dieser
3213 4134 215 69 Aufgabe
