3223 4554
273 117 60 50 42

395 215 124 57 The
541 219 206 71 captain
769 215 142 58 takes
933 216 78 57 his
1032 229 218 46 trousers
1272 215 163 58 under
1455 215 78 58 his
1547 239 125 44 arm,

284 290 203 60 follows
526 290 79 58 his
644 289 187 68 friend,
874 290 104 58 and
1020 294 187 54 arrives
1246 304 52 43 at
1336 290 88 58 the
1462 290 210 60 tailor's.

459 363 145 59 Now
723 365 112 58 said
877 365 87 57 the
1002 365 187 66 friend,
1292 365 208 73 explain
1527 365 142 58 what

282 464 104 52 ycu
439 456 154 52 want,
635 440 106 58 and
794 441 19 57 I
867 441 109 58 will
1028 441 239 58 translate
1319 465 127 50 your
1498 442 174 57 words

286 532 52 44 to
378 516 105 58 him

402 592 123 57 The
552 593 207 71 captain
788 591 91 58 did
907 606 89 43 not
1021 591 140 60 need
1188 606 52 42 to
1267 591 69 58 be
1363 590 109 61 told
1499 595 173 64 twice,

286 666 122 67 and,
449 661 279 81 spreading
780 681 89 43 out
922 666 85 58 the
1061 681 235 52 trousers,
1338 666 67 58 he
1460 668 214 73 pointed

286 757 89 45 out
412 742 132 58 their
595 757 103 51 cut,
740 742 104 58 and
906 742 178 58 ended
1123 742 71 74 by
1241 744 179 73 saying
1460 743 108 59 that
1604 743 68 59 he

286 817 210 60 wanted
536 841 31 33 a
606 819 111 70 pair
756 816 203 75 exactly
1001 817 100 57 like
1128 812 158 63 them.
1354 817 125 58 The
1505 818 167 59 friend

285 892 278 61 translated
604 893 86 58 the
731 893 166 69 order,
940 893 103 58 and
1084 893 105 58 laid
1231 908 142 61 great
1413 908 151 45 stress
1604 920 69 33 on

287 969 87 59 the
414 969 294 59 directions.

460 1044 153 75 Very
651 1044 124 59 well
893 1044 113 59 said
1053 1043 88 60 the
1188 1044 161 68 tailor,
1451 1047 51 57 in
1528 1044 145 59 three

284 1120 130 75 days
442 1119 87 60 the
557 1122 290 75 gentleman
875 1120 129 59 shall
1030 1122 134 57 have
1190 1119 143 60 what
1358 1120 66 58 he

456 1195 170 60 What
666 1195 128 59 does
835 1197 66 58 he
927 1204 135 66 say?
1164 1195 160 59 asked
1350 1195 87 59 the
1465 1198 207 72 captain

284 1272 337 77 impatiently.

593 1372 115 51 says
748 1372 102 49 you
892 1346 127 60 shall
1072 1348 134 58 have
1246 1346 139 60 them
1424 1350 52 56 in
1528 1348 145 58 three

282 1425 130 74 days

455 1499 177 58 Three
673 1498 127 76 days
827 1505 13 54 !
882 1498 185 59 That's
1095 1524 31 32 a
1154 1499 120 75 long
1311 1500 121 57 time
1557 1523 115 51 says

282 1574 88 61 the
411 1578 222 72 captain.

398 1650 123 60 The
560 1649 167 59 friend
767 1649 277 59 translated
1070 1650 87 58 the
1197 1649 252 75 captain's
1476 1650 197 58 remark

282 1744 52 42 to
374 1727 87 59 the
502 1727 249 67 Chinese,
793 1727 122 58 who
967 1726 192 59 looked
1213 1741 52 42 at
1317 1726 87 57 the
1449 1741 223 44 trousers

281 1806 172 74 again,
496 1802 160 59 shook
695 1802 79 59 his
814 1801 157 67 head,
1014 1802 104 58 and
1159 1801 114 59 said
1301 1827 30 33 a
1359 1802 106 58 few
1496 1802 176 59 words

281 1881 53 56 in
374 1877 147 75 reply
559 1894 52 42 to
652 1877 88 59 the
779 1879 315 72 interpreter.

753 1954 161 58 asked
955 1954 87 58 the
1082 1956 225 72 captain.

464 2030 94 58 He
597 2054 116 49 says
766 2030 191 58 there's
1009 2055 32 32 a
1088 2045 139 62 great
1277 2028 122 59 deal
1438 2031 53 56 of
1532 2030 141 58 work

281 2121 53 43 to
374 2105 72 59 do
487 2105 103 58 and
637 2106 108 57 that
795 2105 144 58 three
994 2106 128 72 days
1170 2129 86 34 are
1296 2120 89 42 not
1424 2120 86 43 too
1551 2106 122 75 long

281 2185 53 56 in
374 2181 155 58 order
567 2196 52 43 to
658 2182 136 57 have
834 2183 38 55 it
911 2182 140 57 done
1093 2181 238 74 properly

454 2257 170 66 Well,
654 2257 144 58 three
827 2257 128 75 days
983 2257 153 58 then:
1178 2257 92 58 but
1297 2251 147 64 don't
1471 2257 72 60 let
1569 2258 105 57 him

277 2332 164 63 break
480 2333 79 60 his
600 2333 148 60 word

395 2411 136 58 And
571 2411 87 58 the
686 2426 106 43 two
820 2409 189 59 friends
1037 2423 141 45 went
1204 2434 168 48 away,
1408 2411 266 72 repeating

280 2484 129 64 their
430 2487 279 60 directions
732 2502 52 42 to
806 2487 86 57 the
915 2487 270 57 craftsman
1206 2487 77 56 for
1302 2486 88 58 the
1410 2484 95 59 last
1531 2488 141 55 time,

394 2563 179 59 Three
615 2564 130 73 days
784 2562 317 67 afterwards,
1136 2586 56 33 as
1218 2561 88 58 the
1334 2564 207 70 captain
1568 2562 104 58 and

279 2639 80 60 his
399 2638 169 60 friend
609 2662 142 36 were
790 2638 234 76 smoking
1063 2638 131 57 their
1232 2639 125 71 pipe
1391 2637 55 58 of
1477 2641 195 71 opium,

281 2716 86 58 the
409 2729 202 46 servant
648 2714 212 75 opened
901 2714 87 59 the
1028 2713 146 69 door,
1217 2708 105 63 and
1363 2713 309 60 announced

281 2792 88 58 the
408 2792 163 58 tailor.

775 2867 112 57 said
927 2867 88 57 the
1057 2868 232 71 captain;
1603 2864 71 60 let

277 2967 61 37 us
379 2968 90 35 see
510 2944 37 57 if
586 2944 66 57 he
693 2946 41 55 is
777 2969 55 32 as
873 2942 169 58 skilful
1082 2968 54 31 as
1173 2942 68 57 he
1282 2944 42 56 is

454 3020 179 59 There
673 3019 122 74 they
835 3043 86 34 are
1020 3019 112 57 said
1173 3018 87 57 the
1300 3017 161 59 tailor.

453 3095 146 59 Let's
639 3109 76 60 try
753 3094 139 58 them
1011 3094 115 57 said
1165 3094 88 57 the
1281 3095 207 71 captain
1515 3116 55 34 as
1606 3091 67 58 he

277 3171 123 59 took
439 3171 87 58 the
567 3185 218 44 trousers
825 3170 130 57 from
995 3169 86 57 the
1107 3169 167 58 hands
1301 3170 53 57 of
1392 3168 87 58 the
1508 3166 164 68 tailor,

279 3262 92 61 put
409 3246 141 59 them
591 3272 84 40 on,
718 3245 123 67 and,
883 3249 53 55 in
974 3245 153 59 order
1154 3260 52 42 to
1248 3245 68 59 be
1344 3245 193 57 certain
1565 3244 109 57 that

279 3324 121 74 they
439 3321 146 60 fitted
611 3323 141 67 well,
780 3320 111 60 told
917 3320 88 58 the
1034 3321 147 59 tailor
1220 3337 53 41 to
1312 3320 148 58 draw
1486 3343 73 51 up
1584 3319 88 58 the

277 3398 192 59 blinds.

453 3474 168 75 Why,
672 3472 122 75 they
847 3472 53 59 fit
1418 3469 114 61 said
1583 3470 86 58 the

276 3550 185 60 friend.

524 3624 190 59 should
770 3624 144 59 think
1122 3622 114 60 said
1287 3622 89 59 the
1429 3624 235 73 captain:

338 3702 68 59 he
445 3702 94 57 has
581 3704 155 72 given
774 3725 85 34 me
898 3724 88 51 my
1024 3700 90 59 old
1155 3701 128 72 pair.
1363 3700 100 57 But
1489 3699 178 59 where

276 3801 88 35 are
404 3777 87 59 the
519 3776 188 67 others,
737 3799 103 52 you
880 3776 174 74 stupid
1079 3781 24 52 ?
1199 3775 70 58 he
1296 3775 291 59 exclaimed
1613 3790 54 43 to

276 3853 89 59 the
404 3853 252 59 Chinese.

389 3927 124 60 The
564 3927 168 60 friend
784 3926 281 60 translated
1114 3926 88 60 the
1253 3926 199 58 remark
1489 3941 53 43 to
1580 3925 88 59 the

275 4003 162 63 tailor,
482 4003 122 60 who
646 4026 130 55 gave
816 4003 86 59 the
943 4002 148 60 other
1131 4005 111 72 pair
1281 4002 128 58 with
1435 4027 31 33 a
1493 4003 144 57 trium-

272 4081 163 75 phant
474 4080 135 58 look.

388 4156 122 59 The
550 4157 207 72 captain
798 4153 239 78 changed
1079 4153 87 60 the
1206 4168 238 45 trousers.

653 4232 17 58 I
699 4246 135 44 must
860 4231 70 58 be
957 4229 123 60 mad
1171 4231 115 59 said
1311 4231 86 59 he.
1533 4228 135 61 This

1720 216 112 71 pair
1869 236 123 36 now
2031 238 168 35 seems
2239 230 54 43 to
2322 216 69 57 be
2417 217 158 59 mine.
2653 216 209 61 Where
2892 239 101 36 can
3019 217 87 58 the

1719 313 122 35 new
1879 314 125 33 ones
2044 290 68 58 be
2130 297 26 51 ?

1833 363 123 60 The
1996 365 166 58 friend
2203 366 282 75 expressed
2512 367 88 59 the
2628 367 250 75 captain's
2914 367 190 60 doubts

1720 455 53 43 to
1811 438 88 60 the
1938 440 164 67 tailor,
2143 441 122 58 who
2304 442 125 59 held
2468 459 90 42 out
2598 442 86 59 the
2711 459 218 42 trousers
2963 466 143 50 upon

1720 515 174 58 which
1932 513 67 60 he
2040 515 105 58 had
2184 518 101 72 just
2323 518 217 58 finished
2582 518 249 77 working.

2065 591 124 58 here
2210 595 42 56 is
2272 592 87 59 the
2379 617 121 35 new
2688 596 111 56 said
2822 591 282 61 thefriend.

2051 667 138 57 can't
2246 692 100 50 you
2404 692 92 35 see
2553 668 122 75 they
2732 694 88 33 are
2876 668 89 59 the
3015 667 92 60 old

1723 766 127 34 ones
1872 750 23 49 ?
1998 743 202 74 replied
2238 744 86 59 the
2352 748 221 71 captain.
2712 746 151 73 Why
2890 744 136 75 hang
3050 747 57 64 it,

1724 817 189 58 there's
1952 817 87 57 the
2077 833 117 59 spot
2232 819 53 59 of
2323 845 179 51 grease
2526 827 13 52 !

1896 892 135 59 And
2072 889 188 64 there's
2299 920 102 34 one
2440 920 67 34 on
2545 897 88 57 the
2672 897 111 74 pair
2827 920 102 49 you
2973 894 135 59 have

1753 991 36 35 n
1893 1014 188 89 What'
2104 1044 147 59 fool's
2291 1047 94 58 wit
2421 1070 99 35 can
2561 1044 96 61 this

1891 1120 122 59 The
2051 1120 169 59 friend
2260 1123 184 57 turned
2485 1137 50 43 to
2562 1123 88 57 the
2685 1123 249 66 Chinese,
2976 1145 96 50 que-

1719 1195 203 59 stioned
1980 1195 124 69 him,
2159 1197 122 67 and,
2337 1221 140 51 upon
2535 1197 211 77 hearing
2805 1197 78 58 his
2942 1197 162 73 reply,

1720 1272 141 58 burst
1900 1275 108 55 into
2048 1296 31 34 a
2117 1272 152 59 shout
2307 1273 52 57 of
2398 1273 231 79 laughter

2186 1348 113 58 said
2338 1348 87 58 the
2464 1350 222 73 captain.

1894 1423 151 58 Well
2150 1424 112 57 said
2290 1424 88 57 the
2413 1424 185 69 friend,
2688 1424 169 60 What
2882 1423 94 59 did
3003 1447 103 52 you

1719 1496 153 60 order
1909 1499 128 57 from
2076 1498 99 57 this
2215 1499 139 76 good
2393 1523 119 36 man
2585 1508 23 49 ?

1891 1574 19 57 I
1952 1574 224 58 ordered
2217 1600 30 32 a
2286 1578 112 69 pair
2436 1578 54 57 of
2528 1592 218 43 trousers

1890 1650 135 58 Like
2063 1674 126 51 your
2227 1674 123 36 own

1893 1725 132 67 Yes,
2068 1726 102 57 like
2209 1750 85 52 my
2332 1752 119 34 own

2105 1801 67 59 he
2219 1802 92 59 has
2364 1802 156 59 made
2572 1802 140 59 them
2763 1827 58 34 so
2860 1802 102 59 like
3003 1802 106 59 that

1719 1899 101 49 you
1861 1876 137 58 can't
2036 1877 90 57 tell
2172 1877 88 60 the
2313 1877 283 60 difference
2647 1879 151 58 that's
2839 1880 86 58 all.
3009 1880 102 57 But

1719 1950 67 58 he
1827 1951 113 58 tells
1980 1976 85 35 me
2107 1952 108 59 that
2255 1952 78 60 his
2374 1970 222 58 greatest
2620 1954 204 59 trouble
2850 1955 92 57 has
2968 1955 143 57 been

1719 2041 53 43 to
1811 2051 143 35 wear
1993 2027 141 59 them
2173 2045 108 51 out,
2322 2030 104 57 and
2467 2045 117 60 spot
2622 2030 139 58 them
2812 2032 52 56 in
2905 2030 206 73 exactly

1720 2102 86 59 the
1847 2128 142 34 same
2017 2105 179 73 places
2220 2130 13 42 ;
2262 2106 106 57 and
2396 2106 106 57 that
2528 2106 67 58 he
2620 2121 135 43 must
2788 2106 189 76 charge
3004 2129 104 51 you

1720 2178 99 59 five
1860 2180 167 58 francs
2067 2195 160 52 extra,
2271 2182 227 57 because
2544 2182 68 57 he
2652 2181 159 58 failed
2849 2181 127 58 with
3003 2196 106 43 two

1720 2257 137 72 pairs
1898 2256 181 57 before
2119 2258 207 74 coming
2364 2272 52 43 to
2463 2281 32 33 a
2548 2258 315 73 satisfactory
2912 2257 194 65 result;

1721 2354 140 43 now,
1902 2331 264 68 however,
2209 2332 67 57 he
2335 2333 163 57 defies
2558 2356 100 52 you
2699 2347 52 43 to
2803 2332 306 76 distinguish

1721 2431 102 33 one
1865 2409 110 72 pair
2031 2408 130 59 from
2219 2408 86 59 the
2358 2408 162 60 other.
2619 2409 125 58 You
2783 2423 133 44 must
2954 2408 157 59 allow

1721 2482 107 58 that
1867 2482 151 58 that's
2058 2482 120 60 well
2219 2484 165 59 worth
2424 2498 195 60 twenty
2656 2483 169 59 francs

1896 2558 200 58 Indeed
2137 2561 39 55 it
2219 2562 43 54 is
2379 2561 202 73 replied
2641 2559 87 59 the
2787 2562 223 72 captain,
3053 2582 56 34 as

1721 2634 66 59 he
1828 2634 146 59 drew
2002 2660 30 33 a
2062 2634 282 74 Napoleon
2370 2638 128 57 from
2525 2637 78 57 his
2629 2636 191 73 pocket
2846 2636 105 58 and
2980 2660 131 53 gave

1720 2712 39 57 it
1797 2724 53 44 to
1889 2710 88 59 the
2016 2712 248 57 Chinese,

1836 2785 121 59 The
1999 2787 233 58 Chinese
2271 2787 226 59 thanked
2535 2787 123 68 him,
2700 2787 105 57 and
2845 2785 161 60 asked
3034 2785 77 59 for

1721 2860 88 59 the
1848 2863 271 72 Captain's
2161 2878 198 43 custom
2398 2887 59 33 so
2496 2863 119 76 long
2655 2886 56 34 as
2750 2863 67 57 he
2844 2860 267 60 remained

1721 2940 52 56 in
1813 2938 223 66 Canton,
2079 2938 262 76 although,
2383 2939 68 57 he
2491 2939 198 67 added,
2730 2939 38 57 if
2806 2938 67 58 he
2915 2938 194 73 always

1720 3013 104 58 had
1853 3013 127 58 such
2008 3014 215 58 difficult
2247 3014 144 58 work
2418 3017 153 73 given
2598 3015 123 68 him,
2751 3014 142 58 there
2930 3013 181 59 would

1720 3088 69 58 be
1829 3113 67 33 no
1937 3089 149 74 profit
2124 3114 67 33 on
2232 3093 54 56 it.

1834 3165 151 59 From
2013 3165 107 59 that
2147 3166 103 74 day
2276 3166 87 59 the
2391 3169 207 70 captain
2637 3164 157 60 could
2835 3189 159 35 never
3020 3163 91 59 tell

1719 3263 101 34 one
1861 3244 110 70 pair
2010 3241 54 57 of
2104 3255 218 45 trousers
2363 3241 128 59 from
2529 3241 88 57 the
2657 3241 163 66 other,
2859 3264 59 34 so
2957 3239 154 59 much

1720 3315 136 58 alike
1896 3340 141 35 were
2065 3316 139 75 they.
2286 3318 94 58 He
2410 3318 219 76 brought
2653 3316 140 59 them
2822 3316 126 57 both
2975 3315 136 58 back

1719 3406 52 44 to
1813 3394 197 57 France
2051 3418 55 33 as
2147 3398 291 69 specimens
2478 3394 53 57 of
2570 3392 231 59 Chinese
2859 3392 252 73 industry,

1719 3467 104 58 and
1865 3467 103 59 had
1998 3469 263 72 promised
2304 3484 52 43 to
2394 3469 151 58 make
2586 3494 31 33 a
2657 3483 207 59 present
2891 3469 53 57 of
2970 3467 141 58 them

1716 3558 55 43 to
1810 3542 85 60 M.
1940 3545 231 57 Grasset.
2253 3544 41 59 If
2350 3545 68 58 he
2473 3545 125 73 kept
2651 3538 77 64 his
2777 3544 167 67 word,
2986 3542 123 74 they

1716 3632 134 45 must
1889 3618 70 60 be
1998 3620 78 57 far
2115 3620 129 59 from
2286 3621 158 75 being
2497 3621 88 57 the
2638 3620 130 59 least
2812 3621 299 72 interesting

1715 3696 174 74 things
1928 3699 52 57 in
2020 3696 87 60 the
2147 3697 296 59 collection.

1719 3940 365 131 MOSCOW
2123 3926 105 59 and
2277 3925 301 75 Leningrad
2632 3949 86 34 are
3039 3947 71 34 on

1898 4004 87 58 the
2045 4004 128 57 road
2232 4003 129 58 from
2421 4003 145 57 Paris
2623 4015 52 45 to
2716 4001 189 59 China.
2986 3999 124 58 The

1714 4093 222 44 trousers
1996 4103 119 49 may
2172 4077 71 59 be
2302 4077 251 67 Parisian,
2596 4076 94 59 but
2742 4076 88 57 the
2888 4075 126 58 trick
3066 4077 43 55 is

1715 4154 278 67 Oriental;
2037 4154 105 58 and
2182 4152 88 60 the
2309 4169 89 43 net
2436 4152 174 68 result,
2639 4177 56 34 as
2736 4175 245 35 someone
3015 4151 95 57 has

1714 4230 289 70 remarked,
2046 4231 88 59 the
2176 4229 255 76 synthetic
2469 4230 195 58 Orient
2702 4229 251 75 Express.
