3106 4555
2823 132 57 46 35

195 4115 258 26 MECHANISM
493 4115 234 26 INSTALLED
768 4116 44 24 IN
857 4116 86 24 THE
987 4115 216 25 TEATRINO

283 4176 54 24 OF
362 4176 85 24 THE
473 4176 207 24 COLLEGIO
707 4176 177 24 ROMANO
910 4176 43 24 IN
980 4175 133 25 ROMA.

1622 329 186 66 THE
1884 332 391 66 PRIVATE
2346 332 244 66 TEAT
2600 332 211 66 RING

1622 433 115 66 OF
1752 436 185 66 THE
1952 436 442 68 COLLEGIO
2415 436 396 68 ROMANO

1958 543 104 66 IN
2143 545 340 66 ROMA

1620 651 147 38 FROM
1798 652 111 39 THE
1961 654 407 38 CONTINUATION
2411 656 68 36 OF
2532 646 276 46 DUMONT'S

1622 731 30 15 41
1676 722 351 45 PARALLfeLE
2058 731 106 37 DES
2196 731 188 38 PLANS
2417 730 73 38 ET
2526 731 106 37 DES
2671 731 142 36 PLUS

1622 806 187 37 BELLES
1837 806 195 37 SALLES
2053 807 97 37 DES
2171 807 333 38 SPECTACLES
2525 807 288 42 PUBLIQUES

1621 891 27 28 o
1802 875 444 45 D'EUROPE"
2300 884 82 36 OF
2441 877 183 44 1760.
2786 891 26 28 o

1628 952 113 43 This
1797 953 341 44 Continuation
2192 969 93 28 teas
2337 953 254 52 published
2650 952 161 44 1775.

1625 1148 28 97 I
1688 1136 102 43 have
1822 1135 170 44 selected
2025 1136 108 43 these
2164 1147 83 32 two
2279 1136 80 44 and
2390 1138 56 41 six
2467 1136 113 44 other
2601 1136 110 55 plans
2731 1136 81 44 and

1687 1213 153 54 designs
1871 1213 43 43 of
1945 1225 125 42 stages
2102 1213 80 43 and
2214 1224 106 43 stage
2352 1230 133 26 scenes
2518 1212 168 43 because
2719 1213 93 55 they

1621 1287 185 46 illustrate
1829 1308 23 25 a
1883 1290 111 55 point
2029 1290 39 42 in
2090 1289 67 44 the
2179 1289 281 54 development
2483 1289 42 42 of
2547 1288 67 44 the
2637 1289 175 42 Theatre

1622 1367 39 42 in
1684 1366 131 43 Roma
1847 1367 39 42 in
1920 1366 66 43 the
2026 1365 96 44 18th
2156 1376 175 45 century,

1714 1441 14 43 I
1761 1442 104 43 have
1897 1453 68 32 not
1997 1459 93 26 seen
2123 1441 107 43 them
2262 1441 249 54 reproduced
2543 1443 39 41 in
2604 1460 77 37 any
2704 1441 108 45 book

1620 1536 43 25 or
1696 1518 151 55 journal
1878 1520 105 42 since
2021 1518 95 55 they
2162 1535 105 26 were
2315 1516 77 44 first
2439 1518 156 55 printed
2641 1520 40 41 in
2728 1519 84 43 that

1620 1606 176 43 century.
1871 1594 134 55 Every
2047 1595 80 54 day
2175 1595 28 42 it
2251 1595 31 41 is
2330 1594 65 43 the
2445 1612 94 37 very
2585 1594 228 43 celebrated

1670 1671 60 43 La
1762 1670 118 44 Scala
1961 1682 40 32 at
2034 1670 170 50 Milano,
2238 1688 43 26 or
2314 1670 66 44 the
2403 1670 158 56 equally
2584 1670 226 44 celebrated

1622 1758 24 14 44
1670 1748 84 42 San
1786 1747 122 43 Carlo
1990 1749 39 42 in
2063 1747 151 56 Napoli
2235 1747 133 45 which
2390 1766 64 24 we
2476 1765 65 25 see
2564 1746 249 56 reproduced

1621 1830 60 45 for
1712 1842 56 32 us,
1812 1824 97 43 until
1944 1825 132 54 surely
2124 1823 67 44 the
2238 1823 127 44 world
2413 1825 30 40 is
2491 1824 39 41 in
2577 1822 148 55 danger
2771 1822 43 43 of

1619 1900 173 51 growing
1824 1897 100 44 tired
1957 1896 43 44 of
2031 1897 121 43 them.

1620 2081 174 63 npHE
1826 2080 93 43 date
1951 2080 119 44 when
2101 2080 69 43 the
2201 2081 150 42 theatre
2384 2098 81 25 was
2498 2092 69 43 put
2599 2098 54 37 up
2685 2082 40 41 in
2747 2079 66 44 the

1648 2158 31 27 •*»
1709 2156 180 55 Collegio
1923 2157 184 43 Romano
2140 2158 31 41 is
2202 2156 204 44 unknown
2437 2167 42 32 to
2512 2175 62 24 me
2593 2175 10 25 :
2635 2156 178 43 whether

1620 2232 108 44 there
1760 2251 82 25 was
1874 2251 78 25 one
1982 2233 94 55 only
2109 2250 43 26 or
2185 2232 65 44 the
2282 2232 113 56 place
2426 2232 80 44 had
2542 2250 106 25 more
2681 2234 29 40 is
2731 2231 81 43 also

1620 2309 202 43 unknown
1856 2321 39 31 to
1929 2328 77 26 me.

1710 2386 182 54 Colleges
1923 2387 39 41 in
1996 2385 97 55 Italy
2136 2403 105 26 were
2289 2397 68 32 not
2405 2385 103 44 slow
2556 2396 42 31 to
2647 2383 166 60 provide

1618 2462 105 53 good
1769 2474 125 42 stages
1940 2462 61 43 for
2046 2462 68 43 the
2155 2463 176 44 students
2363 2462 80 43 and
2476 2462 99 43 their
2622 2460 116 55 study
2771 2459 42 43 of

1617 2541 250 54 deportment
1900 2539 80 43 and
2020 2538 160 56 speech.
2245 2538 44 43 In
2338 2538 146 44 Parma
2531 2540 39 41 in
2618 2538 68 43 the
2735 2539 77 43 first

1617 2617 83 44 half
1729 2617 44 44 of
1804 2616 66 44 the
1911 2616 95 43 17th
2039 2627 164 44 century
2235 2634 64 26 we
2331 2615 82 43 find
2445 2617 39 40 in
2523 2615 66 43 the
2632 2615 181 54 Collegio

1617 2695 65 44 dei
1715 2693 140 44 Nobili
1886 2693 96 44 such
2013 2711 23 24 a
2068 2692 162 43 theatre.
2290 2691 100 44 This
2413 2691 164 54 College
2599 2691 214 44 continued

1618 2783 41 30 to
1691 2771 179 54 improve
1902 2771 47 41 its
1982 2768 163 48 theatre,
2180 2768 80 43 and
2293 2769 122 41 about
2457 2767 109 44 1652
2611 2767 80 44 had
2726 2785 56 25 mo-

1619 2847 142 43 veable
1792 2862 136 28 scenes
1959 2845 43 43 of
2036 2844 65 44 the
2133 2844 209 55 triangular
2365 2844 95 43 kind
2483 2843 43 43 of
2549 2843 133 44 which
2705 2844 79 42 Sab-

1618 2923 139 43 battini
1788 2923 81 43 had
1902 2925 155 41 written
2088 2924 40 42 in
2168 2923 110 42 1637
2302 2938 10 36 ;
2349 2921 78 44 and
2461 2920 54 56 by
2548 2920 122 43 about
2700 2920 113 43 1750

1616 2999 82 44 had
1729 3012 85 32 two
1844 2999 207 49 Theatres,
2083 3017 78 25 one
2193 2999 103 54 large
2329 2997 80 43 and
2441 3015 77 25 one
2551 2996 123 44 small.

1710 3075 92 44 The
1835 3077 110 53 point
1978 3075 14 43 I
2027 3074 96 44 wish
2158 3086 41 32 to
2232 3072 127 50 make,
2394 3075 42 47 is,
2460 3073 84 43 that
2578 3072 234 44 documents

1619 3156 93 42 exist
1746 3153 132 44 which
1911 3152 112 44 show
2056 3170 44 24 us
2132 3168 94 38 very
2259 3149 197 56 complete
2490 3149 136 43 Italian
2649 3149 164 55 College

1618 3231 206 47 Theatres,
1859 3229 79 43 and
1973 3228 81 43 that
2088 3227 94 55 they
2214 3245 67 24 are
2314 3237 67 32 not
2413 3225 145 54 merely
2591 3237 222 43 temporary

1617 3319 141 40 stages.

2694 3302 34 56 J.
2764 3301 46 43 S.
