3126 4552
2875 122 50 53 41

221 215 19 58 I
280 212 160 60 admit
477 212 108 59 that
622 214 231 72 mimicry
890 234 119 51 may
1068 212 231 74 possibly
1356 212 133 58 have

108 319 64 36 no
209 291 214 59 relation
459 290 265 58 whatever
760 289 127 57 with
926 304 109 42 art:
1077 287 225 74 anyhow
1340 291 38 56 it
1416 291 51 55 in-

112 371 186 71 trigues
336 388 102 34 me.

222 442 86 59 As
346 464 67 34 an
451 438 298 59 illustration
776 438 53 58 of
854 438 98 58 this
988 437 217 59 colossal
1235 461 180 50 power
1440 437 55 59 of

112 520 227 68 mimicry
360 516 18 56 I
400 513 141 59 think
565 513 88 59 the
678 512 265 79 following
970 513 100 59 tale
1093 513 71 74 by
1185 512 308 60 Alexandre

115 595 200 59 Dumas
354 610 118 49 pere
496 588 108 60 will
631 588 196 75 please.

121 758 266 131 Dumas
428 752 131 48 visits
596 767 33 33 a
654 752 196 60 private
878 742 284 58 Collection
1191 751 50 48 in
1270 766 34 33 a
1335 742 164 57 small

240 828 135 49 town
438 818 69 70 of
544 817 261 60 Southern
871 817 198 61 France
1121 818 276 73 belonging
1445 828 51 46 to

119 893 83 59 M.
248 892 241 59 Grassei:
530 925 75 7 —

280 1036 18 57 I
341 1037 204 57 confess
584 1037 107 57 that
730 1038 18 57 I
788 1037 262 73 expected
1089 1052 52 43 to
1182 1060 90 33 see
1313 1060 102 34 one
1441 1038 54 56 of

110 1113 145 60 those
294 1134 129 50 poor
461 1112 301 59 collections
801 1128 52 42 to
894 1113 70 57 be
1002 1128 106 42 met
1147 1112 125 58 with
1298 1114 52 55 in
1378 1136 87 48 pro-

112 1188 182 59 vincial
334 1203 185 52 towns,
560 1189 128 58 with
725 1189 146 57 three
910 1212 56 34 or
1016 1188 114 58 four
1176 1187 184 58 stuffed
1401 1188 94 57 fish

112 1265 222 75 hanging
373 1265 128 56 from
540 1264 87 58 the
668 1264 226 76 ceiling;
937 1264 93 58 but
1055 1264 19 57 I
1103 1287 110 35 was
1249 1263 246 75 agreably

112 1339 257 75 surprised
407 1354 52 42 to
500 1339 103 58 find
645 1343 52 54 in
736 1340 87 57 the
863 1363 124 50 very
1027 1339 99 58 first
1167 1363 142 34 room
1348 1363 144 34 some

113 1414 324 77 magnificent
475 1438 150 33 vases
664 1415 71 74 by
774 1414 230 60 Bernard
1031 1414 71 58 de
1130 1414 217 74 Palissy,
1389 1414 106 58 and

113 1517 30 33 a
180 1490 259 72 complete
479 1490 281 58 collection
799 1491 54 59 of
891 1505 173 43 stones
1112 1490 104 58 and
1256 1491 237 57 minerals

113 1568 127 58 from
280 1565 193 60 Mount
514 1568 161 66 Sinai,
686 1590 102 33 —a
828 1566 277 59 collection
1141 1566 194 68 which,
1376 1590 88 49 pro-

113 1640 174 74 bably,
330 1641 161 57 could
527 1656 89 44 not
655 1642 69 58 be
763 1642 163 59 found
964 1645 52 55 in
1053 1642 87 56 the
1182 1641 144 59 Paris
1369 1635 84 65 Mu-

115 1739 141 38 seum
283 1716 53 57 of
366 1716 217 60 Natural
625 1717 232 75 History.
913 1717 399 74 Unfortunately
1338 1717 19 58 I
1385 1742 110 34 was

113 1806 86 46 not
236 1791 305 74 sufficiently
567 1792 214 60 learned
807 1797 53 54 in
886 1792 319 77 minerology
1230 1808 51 41 to
1309 1816 156 50 appre-

114 1871 131 56 ciate
289 1871 40 55 it
379 1869 241 73 properly
644 1894 11 33 :
706 1870 18 57 I
771 1869 336 74 accordingly
1152 1869 183 59 turned
1373 1884 54 43 to
1467 1893 30 34 a

114 1946 226 71 quantity
378 1943 55 59 of
477 1945 202 72 objects
726 1945 54 57 of
830 1945 88 58 the
957 1938 200 65 middle
1209 1968 142 50 ages,
1393 1943 105 59 and

113 2020 169 57 above
340 2018 70 59 all
467 2034 53 43 to
579 2044 143 34 some
781 2020 141 58 locks
975 2020 104 58 and
1138 2020 144 73 keys,
1323 2020 175 58 which

113 2119 139 35 were
292 2095 192 59 carved
524 2096 125 58 with
688 2121 31 32 a
759 2111 127 43 taste
913 2096 104 58 and
1046 2096 113 58 skill
1186 2098 107 55 that
1318 2096 180 60 would

112 2171 132 57 have
283 2170 140 58 done
461 2171 199 58 honour
697 2187 53 42 to
791 2172 305 62 Benvenuto
1135 2171 215 59 Cellini.

223 2247 57 56 In
336 2247 98 57 this
493 2270 210 35 manner
760 2271 87 34 we
905 2247 189 74 passed
1149 2247 349 75 successively

115 2321 215 77 through
387 2322 111 58 four
555 2347 57 33 or
668 2322 99 58 five
820 2349 186 41 rooms,
1048 2322 142 60 filled
1235 2323 126 59 with
1408 2347 60 35 cu-

112 2399 132 58 rious
284 2398 219 72 objects,
533 2399 87 59 the
659 2401 234 73 majority
931 2401 54 57 of
1023 2399 176 60 which
1227 2398 102 60 had
1360 2401 137 58 been

114 2473 254 72 procured
405 2474 80 57 for
514 2473 84 60 M.
630 2474 217 59 Grasset
874 2477 71 72 by
970 2500 102 34 one
1098 2476 55 57 of
1178 2476 78 58 his
1282 2474 213 68 friends,

114 2572 31 34 a
195 2548 216 60 learned
457 2551 105 57 and
609 2549 160 60 brave
821 2553 342 71 sea-captain,
1219 2551 123 59 who
1393 2552 104 59 had

114 2623 163 58 sailed
327 2624 168 59 round
547 2625 86 59 the
687 2625 167 59 world
909 2627 19 58 I
981 2627 149 58 don't
1181 2627 156 59 know
1375 2627 123 58 how

113 2723 151 51 many
303 2703 167 66 times,
512 2703 105 57 and
655 2703 123 58 who
818 2703 106 58 had
965 2702 201 59 arrived
1206 2704 136 60 back
1370 2704 128 59 from

114 2774 169 60 China
321 2775 160 60 about
519 2801 32 34 a
590 2778 240 75 fortnight
868 2803 58 32 or
971 2779 143 57 three
1162 2780 179 58 weeks
1382 2803 87 50 pre-

113 2851 212 74 viously,
383 2853 237 76 bringing
672 2855 127 57 with
849 2854 107 58 him
1006 2879 31 33 a
1089 2869 132 43 most
1274 2855 225 77 singular

112 2928 251 73 example,
405 2944 89 42 not
532 2932 53 55 of
623 2930 87 57 the
750 2932 244 66 intellect,
1040 2932 90 57 but
1169 2932 54 57 of
1257 2933 97 58 .the
1407 2957 61 48 pa-

110 3004 186 66 tience,
319 3004 54 57 of
399 3006 87 56 the
513 3006 347 73 worshippers
880 3006 53 59 of
952 3008 87 57 the
1070 3008 167 57 Great
1263 3009 233 75 Dragon.

236 3080 263 78 Amongst
551 3081 88 58 the
693 3076 235 64 different
975 3084 135 71 pairs
1167 3083 54 57 of
1279 3098 219 44 trousers

113 3154 170 58 which
324 3156 85 57 the
449 3160 207 69 captain
697 3159 103 57 had
828 3159 104 57 had
960 3159 155 57 made
1157 3159 76 57 for
1271 3160 104 59 him
1406 3161 61 58 be-

112 3227 104 59 fore
256 3230 205 76 leaving
501 3226 145 65 Paris
687 3234 143 57 there
876 3258 109 34 was
1031 3258 102 33 one
1173 3234 175 59 which
1388 3260 109 33 was

113 3306 310 60 considered
451 3334 30 32 a
508 3314 387 70 master-piece:
940 3313 36 54 it
1003 3333 111 34 was
1141 3334 101 36 one
1270 3314 53 56 of
1350 3314 147 57 those

110 3381 233 59 miracles
382 3384 174 58 which
597 3389 293 54 sometimes
917 3390 136 55 issue
1081 3386 128 57 from
1235 3387 88 58 the
1364 3403 106 42 esta-

112 3453 295 64 blishments
448 3461 55 56 of
543 3461 268 59 Vaudeau
851 3488 57 32 or
947 3461 182 67 Poole,
1171 3464 103 58 and
1323 3465 174 57 which

109 3533 221 74 envelop
382 3536 88 57 the
523 3536 165 67 boots,
730 3539 229 57 indicate
1006 3539 86 55 the
1134 3540 117 67 calf,
1294 3540 203 58 abolish

110 3607 84 59 the
233 3610 152 68 knee,
428 3612 142 59 mark
611 3615 85 56 the
735 3615 159 76 thigh,
936 3613 104 59 and
1081 3613 140 75 deny
1249 3615 86 57 the
1364 3619 107 54 exis-

110 3696 149 46 tence
299 3686 54 57 of
392 3692 341 69 corporation.
814 3690 382 75 Accordingly,
1238 3691 179 57 thanks
1445 3706 52 42 to

109 3758 83 60 the
231 3762 343 74 predilection
614 3766 322 58 entertained
975 3767 78 57 for
1091 3768 139 56 them
1272 3767 69 74 by
1369 3768 128 58 their

110 3857 192 47 owner,
345 3838 87 59 the
491 3855 236 53 trousers,
785 3841 128 57 after
970 3842 191 75 having
1218 3843 278 59 flourished

110 3912 149 76 along
297 3914 88 59 the
426 3932 159 52 coast,
627 3934 52 41 at
716 3917 86 58 the
844 3921 154 70 Cape
1032 3918 54 57 of
1125 3920 163 57 Good
1331 3920 165 73 Hope

109 3988 100 59 and
268 3989 87 59 the
416 3992 98 57 Isle
573 3992 53 57 of
678 3993 213 66 France,
938 3994 201 58 arrived
1180 4011 50 41 at
1270 3996 222 65 Canton,

108 4063 172 76 nearly
321 4091 142 34 worn
493 4082 102 43 out.
679 4068 391 69 Nevertheless,
1101 4073 175 71 owing
1310 4087 52 41 to
1389 4071 108 59 that

108 4137 318 63 fashionable
467 4158 86 45 cut
580 4144 53 59 of
655 4146 175 57 which
865 4146 228 76 nothing,
1124 4162 89 42 not
1246 4171 134 34 even
1406 4148 87 57 the

105 4214 103 61 fact
246 4219 53 57 of
339 4221 156 76 being
536 4245 136 44 new,
713 4246 98 34 can
839 4222 186 75 supply
1050 4224 86 58 the
1164 4224 171 73 place,
1371 4224 124 73 they

1540 212 99 59 still
1679 211 190 61 looked
1909 238 123 52 very
2076 211 140 73 well,
2259 211 156 65 when
2460 215 87 61 the
2596 215 167 71 Sailor,
2806 221 124 60 who

1540 289 186 58 served
1764 313 56 33 as
1859 290 88 57 the
1985 291 251 73 captain's
2278 294 154 64 valet,
2464 292 188 74 spilled
2693 295 106 58 half
2838 298 87 58 the

1540 364 71 58 oil
1649 365 280 58 contained
1968 366 54 59 in
2060 392 31 33 a
2091 416 8 29 f
2131 367 138 73 lamp
2309 367 175 60 which
2522 369 67 58 he
2636 394 109 34 was
2786 371 112 60 clea-

1540 441 140 72 ning,
1722 463 68 34 on
1830 440 87 58 the
1957 464 123 51 very
2118 430 201 71 middle
2358 444 55 57 of
2456 444 88 58 the
2588 445 142 74 thigh
2757 446 53 59 of
2838 447 88 59 the

1542 515 320 58 unfortunate
1902 519 127 69 pair.

1655 590 133 58 This
1829 590 161 67 blow,
2020 593 52 55 in
2110 593 135 72 spite
2273 592 53 59 of
2353 592 78 59 his
2458 592 329 76 philosophy,
2818 596 104 60 had

1543 665 126 58 such
1708 689 67 34 an
1815 665 153 58 effect
2006 690 140 49 upon
2185 667 88 59 the
2312 671 224 70 captain,
2579 670 107 58 that
2725 671 67 57 he
2819 671 104 60 had

1542 755 88 43 not
1667 745 144 69 quite
1849 742 286 57 recovered
2173 742 129 60 from
2340 746 38 54 it
2418 745 155 58 when
2612 770 100 34 one
2752 746 54 58 of
2847 747 79 60 his

1543 817 206 57 Canton
1787 819 277 56 associates
2117 841 148 34 came
2306 842 55 35 as
2401 818 145 60 usual
2584 835 54 43 to
2677 822 179 58 smoke
2895 847 32 36 a

1542 893 125 71 pipe
1713 891 53 57 of
1804 893 178 71 opium
2020 892 127 58 with
2187 893 120 59 him.
2389 893 95 59 He
2528 894 163 59 found
2730 897 106 58 him
2875 898 53 59 in

1542 966 127 58 such
1708 992 30 32 a
1779 982 128 43 state
1945 968 54 57 of
2038 971 240 56 vexation
2316 968 108 59 that
2462 971 66 57 he
2568 971 177 59 feared
2782 996 145 37 some

1543 1056 141 62 great
1721 1043 296 57 misfortune
2056 1058 132 42 must
2226 1044 133 57 have
2404 1044 226 59 befallen
2669 1047 123 67 him,
2820 1048 107 59 and

1540 1117 334 75 accordingly
1925 1117 253 75 enquired
2230 1120 141 56 what
2422 1119 103 59 had
2574 1122 250 58 occurred
2876 1138 54 45 to

1542 1193 127 57 alter
1705 1193 79 57 his
1823 1188 230 63 habitual
2081 1193 141 76 good
2248 1194 232 59 humour.
2560 1195 122 59 The
2723 1202 208 70 captain

1540 1268 219 59 showed
1788 1269 104 60 him
1917 1269 89 58 the
2033 1270 320 59 unfortunate
2389 1287 238 51 trousers,
2658 1274 176 57 which
2861 1274 69 59 he

1540 1343 106 59 had
1685 1368 123 34 now
1859 1345 198 59 thrown
2103 1345 148 59 aside
2273 1372 13 32 :
2330 1378 70 9 —
2500 1348 178 57 There
2702 1354 12 51 !
2814 1349 114 59 said

1542 1419 85 66 he,
1855 1419 118 58 look
1994 1427 12 50 !
2048 1419 121 60 The
2203 1444 123 50 very
2354 1424 111 71 pair
2490 1446 102 49 you
2618 1447 144 34 were
2790 1448 106 36 com-

1540 1495 304 75 plimenting
1887 1519 81 35 me
2009 1519 68 33 on
2117 1496 279 74 yesterday
2419 1504 13 51 !

1656 1570 122 58 The
1818 1571 167 59 friend
2025 1573 121 57 took
2185 1574 87 57 the
2310 1588 237 53 trousers,
2592 1574 103 58 and
2748 1575 184 60 turned

1543 1645 140 60 them
1733 1646 160 59 about
1944 1646 127 59 with
2116 1648 86 57 the
2255 1663 132 44 most
2441 1650 283 75 provoking
2779 1651 151 60 calm.

1544 1721 185 60 When
1756 1722 66 58 he
1860 1747 111 34 was
1999 1725 142 71 quite
2168 1717 294 65 convinced
2489 1726 107 57 that
2622 1728 122 73 they
2772 1728 158 59 could

1543 1809 89 46 hot
1672 1797 69 59 be
1782 1822 144 34 worn
1964 1801 168 71 again,
2175 1799 68 58 he
2282 1800 259 58 observed
2566 1827 12 33 :
2627 1833 69 8 —

1713 1872 169 68 Well,
1905 1896 101 51 you
2030 1890 131 42 must
2182 1875 133 58 have
2337 1877 212 58 another
2570 1880 111 71 pair
2702 1877 157 60 made

1721 1950 243 57 Another
2004 1954 112 69 pair
2152 1951 188 58 made!
2448 1954 225 58 retorted
2715 1955 86 57 the
2842 1979 60 36 ca-

1544 2027 160 73 ptain,
1825 2025 134 58 And
2014 2026 166 58 who's
2234 2044 52 42 to
2339 2027 149 59 make
2544 2030 212 58 another
2805 2032 127 73 pair,

1549 2148 75 14 ....
1648 2125 144 34 some
1831 2101 55 58 of
1925 2125 126 50 your
2090 2103 231 59 Chinese
2361 2103 202 60 fellows
2585 2112 23 51 ?

1724 2177 281 74 Certainly,
2032 2203 142 34 some
2202 2180 53 57 of
2281 2204 85 49 my
2394 2180 230 58 Chinese
2649 2181 232 60 fellows!

1544 2252 243 60 returned
1808 2252 87 58 the
1915 2252 168 60 friend
2103 2255 127 58 with
2249 2257 403 71 imperturbable
2673 2257 258 60 coolness.

1724 2330 136 67 Yes,
1902 2330 104 58 and
2046 2346 87 60 get
2171 2356 31 33 a
2241 2332 123 57 sack
2405 2347 112 43 sent
2554 2349 52 43 to
2645 2359 102 43 me,
2775 2333 158 60 made

1544 2407 52 56 in
1623 2404 131 59 their
1778 2404 200 75 regular
2005 2406 158 73 style!
2271 2407 279 58 continued
2591 2408 86 59 the
2705 2411 226 71 captain,

1544 2482 277 75 shrugging
1860 2482 79 57 his
1980 2482 287 60 shoulders.

1718 2556 156 75 They
1914 2558 158 59 won't
2099 2559 150 58 make
2276 2584 101 50 you
2405 2586 31 33 a
2461 2562 122 58 sack
2705 2563 112 60 said
2846 2564 87 61 the

1778 2632 122 67 and,
1928 2633 38 57 if
1986 2657 100 50 you
2108 2636 119 73 only
2255 2637 186 75 supply
2467 2638 140 59 them
2645 2639 87 58 the
2758 2639 178 60 model

1545 2732 141 50 upon
1724 2708 176 58 which
1937 2733 102 50 you
2079 2726 142 43 want
2258 2711 140 58 them
2438 2713 186 67 made,
2665 2714 121 74 they
2827 2716 108 59 will

1545 2799 112 44 turn
1695 2807 103 51 you
1839 2801 89 42 out
1966 2811 31 33 a
2037 2791 112 69 pair
2187 2787 53 58 of
2278 2803 217 45 trousers
2531 2789 107 59 that
2664 2791 271 60 Vaudeau

1548 2855 256 64 wouldn't
1843 2859 156 60 know
2038 2862 128 58 from
2204 2863 79 57 his
2324 2888 121 35 own

1718 2937 192 73 Really
1928 2944 24 51 ?
2070 2938 112 58 said
2222 2939 87 57 the
2351 2943 222 71 captain.

1722 3012 164 72 Upon
1925 3038 84 48 my
2047 3015 198 59 honour
2366 3017 212 58 assured
2620 3018 85 58 the
2745 3019 187 61 friend.

1718 3088 168 70 Weil,
1917 3090 16 56 I
1963 3090 134 59 have
2123 3090 160 60 heard
2325 3093 266 58 hundreds
2618 3095 54 57 of
2710 3098 147 57 times
2884 3097 54 59 of

1544 3161 86 59 the
1670 3163 197 75 fidelity
1906 3164 52 57 of
1997 3165 86 59 the
2124 3168 232 58 Chinese
2396 3172 52 55 in
2486 3172 249 57 imitation

1719 3234 135 63 And
1910 3240 141 59 what
2095 3266 102 49 you
2249 3244 132 58 have
2433 3245 161 59 heard
2649 3271 141 48 upon
2847 3248 89 58 the

1545 3314 202 73 subject
1785 3316 93 57 has
1919 3316 138 59 been
2098 3319 99 57 less
2239 3320 120 57 than
2399 3321 86 58 the
2525 3321 134 59 truth

1717 3391 77 74 By
1832 3393 221 67 heaven,
2094 3419 103 47 you
2237 3396 149 59 make
2428 3422 83 33 me
2540 3400 212 56 anxious
2779 3413 52 44 to
2859 3414 76 52 try

1545 3466 136 57 them

1718 3544 90 57 Do
1848 3559 92 58 try,
1983 3547 285 74 especially
2309 3573 54 33 as
2404 3551 38 56 it
2481 3551 164 57 won't
2683 3568 111 42 cost
2832 3577 101 49 you

1544 3619 170 57 much.
1799 3619 149 59 How
1999 3622 153 58 much
2204 3622 94 59 did
2351 3649 101 48 you
2505 3650 102 50 pay
2658 3625 79 60 for
2786 3627 149 60 those

1544 3707 221 45 trousers
1785 3701 25 51 ?

1717 3771 260 74 Fifty-five
2024 3798 59 33 or
2136 3776 131 72 sixty
2319 3776 183 69 francs,
2546 3779 18 57 I
2607 3777 145 59 don't
2790 3781 142 73 quite

1544 3846 290 57 remember

1929 3949 101 48 you
2071 3950 99 33 can
2197 3950 90 34 see
2314 3928 141 58 what
2481 3928 195 75 they're
2714 3931 219 72 capable

1543 3997 53 56 of
1637 3997 160 78 doing
1839 4000 124 57 here
2003 4000 76 58 for
2117 4001 174 60 fifteen

1718 4075 133 57 And
1882 4076 140 57 what
2047 4077 146 57 tailor
2218 4095 133 42 must
2380 4081 18 56 I
2425 4081 117 57 take
2583 4081 140 58 them
2757 4097 52 42 to
2831 4088 22 53 ?

1716 4151 121 57 The
1864 4152 100 57 first
1991 4176 104 50 you
2123 4177 150 36 come
2301 4170 67 43 to.
2436 4157 155 58 Mine
2618 4157 39 58 if
2682 4182 102 50 you
2813 4158 119 68 like,

1543 4224 67 59 he
1651 4226 127 58 lives
1820 4242 52 43 at
1910 4228 87 57 the
2041 4243 116 60 gate
