3155 4523
243 104 83 44 160

295 196 244 60 frontibus
579 200 230 70 picturae
837 215 141 43 erant
1003 202 289 59 secundum
1316 202 301 69 fabularum,

297 295 127 49 quas
464 271 241 76 agebant,
758 277 447 70 opportunitatem.
1249 277 142 57 Nam
1429 280 52 56 in
1519 301 100 35 una

535 370 174 43 scena,
751 371 91 48 pro
882 350 321 66 Comoediis,
1245 353 52 56 in
1323 351 158 58 altera
1520 367 73 44 tra-

447 445 92 49 pro
578 423 295 74 tragoediis,
913 427 54 55 in
1005 428 145 55 tertia
1176 430 175 69 satyris
1379 427 208 76 designa-

296 496 161 59 batur.
484 496 353 61 Vertebantur
856 499 120 58 illae
996 501 174 67 facies,
1203 508 51 52 &
1280 502 69 58 ab
1377 502 96 58 illis
1509 527 72 33 ma-

294 569 162 59 chinis
498 571 91 57 Dii
630 572 339 72 loquebantur

343 647 133 71 May
515 645 96 59 this
663 648 235 76 drawing
955 665 88 43 not
1081 652 69 56 be
1189 676 65 33 an
1313 666 212 59 attempt
1564 667 50 43 to

229 719 176 60 sketch
441 736 90 43 out
569 747 29 32 a
636 727 399 56 reconstruction
1073 725 54 58 of
1165 725 86 59 the
1290 725 140 74 early
1470 743 144 59 stage

226 818 57 33 as
321 795 107 57 that
466 811 141 61 stage
648 822 108 33 was
795 799 189 59 known
1023 814 52 44 to
1114 802 86 57 the
1247 804 215 73 groping
1504 803 73 57 Re-

227 893 258 36 nascence
517 872 235 58 theorists
771 880 24 51 ?

233 1026 195 61 SEN.
495 1029 447 60 CORRADQ
1006 1032 255 61 RICCI.
1364 1034 245 72 (Roma).

342 1170 16 57 I
400 1170 156 60 could
595 1171 86 59 tell
733 1197 102 49 you
894 1178 198 55 various
1151 1176 166 77 things
1377 1179 174 58 which
1591 1181 20 56 I

229 1244 141 58 think
408 1250 292 72 respecting
739 1247 85 58 the
866 1247 234 78 drawing
1128 1251 70 74 by
1226 1253 264 74 Sangallo,
1520 1254 92 58 but

224 1319 72 58 do
335 1335 88 43 not
460 1321 103 59 find
592 1322 105 58 that
733 1322 18 58 I
780 1348 96 33 can
904 1327 144 55 write
1075 1326 156 68 them,
1261 1352 55 33 as
1344 1327 261 77 drawings

226 1395 179 58 would
442 1397 133 57 have
616 1413 50 41 to
708 1399 68 57 be
815 1400 155 57 made
1011 1401 103 57 and
1155 1404 222 72 perhaps
1416 1429 31 32 a
1482 1404 126 59 little

222 1470 176 58 model
440 1471 175 60 would
654 1472 109 57 also
804 1474 67 57 be
899 1499 287 51 necessary.
1268 1477 40 57 If
1346 1503 101 48 you
1473 1479 134 58 have

220 1550 245 54 occasion
503 1562 52 42 to
595 1573 148 33 come
784 1564 52 42 to
875 1551 187 67 Roma,
1091 1576 56 33 or
1174 1552 19 57 I
1221 1567 52 42 to
1301 1552 236 70 Firenze,
1566 1559 39 54 it

222 1620 110 58 will
358 1622 69 57 be
455 1623 122 58 well
603 1637 52 42 to
682 1639 139 43 meet
847 1626 108 56 and
998 1627 198 57 discuss
1235 1630 53 56 it.
1370 1630 41 56 It
1438 1655 166 33 seems

221 1710 53 43 to
313 1720 83 34 me
436 1722 66 33 an
540 1701 296 74 interesting
874 1700 159 77 thing.

219 1866 34 37 o
330 1847 249 74 JACK
633 1852 73 58 B.
763 1852 121 57 YE
901 1853 123 59 AT
1043 1855 76 58 S.
1208 1856 278 72 {Ireland),
1566 1877 34 36 o

334 1994 18 57 I
393 1993 133 58 have
567 2018 67 35 no
673 1994 314 78 knowledge
1026 1998 52 57 of
1118 1998 146 60 these
1303 2001 167 74 things
1511 2002 92 60 but

222 2068 178 60 would
438 2086 207 61 suggest
683 2095 32 33 a
753 2072 230 58 Chinese
1021 2077 182 72 origin.

221 2225 603 63 FERDINANDO
865 2229 367 61 MASSAI.
1313 2234 284 75 {Firenze).

339 2370 90 57 1B.
718 2370 86 70 Ospitii,
805 2371 123 72 (see
929 2388 19 42 to
1226 2423 12 20 ,
1299 2378 108 58 that
1466 2383 42 54 is
1548 2396 52 43 to

221 2444 175 76 lodge,
437 2449 221 66 receive,
700 2446 115 59 take
875 2450 106 56 into
1020 2450 146 59 one's
1224 2453 180 68 house,
1443 2455 129 59 refer-

217 2521 111 74 ring
367 2535 54 42 to
459 2544 210 50 persons
709 2523 128 58 from
875 2524 247 68 without;
1166 2526 340 77 Vocabulary
1546 2531 54 58 of

215 2594 89 58 the
343 2596 198 57 Crusca
565 2596 42 71 :)
648 2622 142 33 were
829 2597 87 58 the
954 2623 168 34 rooms
1151 2601 174 59 which
1348 2606 246 58 received

214 2669 90 59 the
342 2686 162 42 actors
535 2671 181 59 before
743 2672 103 58 and
873 2674 128 57 after
1026 2675 121 72 they
1172 2676 105 59 had
1303 2680 294 71 performed

215 2744 132 60 their
385 2761 124 57 part.
540 2747 192 74 Today
758 2749 121 72 they
907 2774 85 33 are
1021 2750 170 58 called

328 2821 98 58 2B.
469 2822 62 57 A
577 2822 270 60 rhetorical
887 2825 185 76 figure:
1116 2830 206 72 naming
1360 2830 87 57 the
1487 2846 112 58 part

219 2893 77 61 for
334 2896 88 57 the
461 2896 191 60 whole.

324 2972 100 59 3B.
531 2972 188 60 Forum
757 2977 42 55 is
857 2976 87 57 the
991 3000 151 34 name
1194 2981 152 72 given
1405 2995 53 43 to
1509 2982 88 57 the

210 3060 114 58 part
372 3062 52 42 at
461 3047 88 58 the
601 3047 134 60 back
793 3050 53 57 of
903 3051 86 57 the
1321 3055 88 58 the
1452 3057 143 57 word

210 3123 43 56 is
294 3122 153 60 taken
503 3123 130 59 from
690 3125 288 68 Vitruvius,
1020 3142 98 43 etc.
1254 3130 115 58 thus
1434 3147 161 44 wrote

211 3196 80 58 A.
335 3197 83 58 M.
461 3197 197 60 Salvini
710 3202 53 56 in
802 3201 76 58 his
918 3202 350 60 Annotations
1327 3229 140 50 upon
1506 3207 88 58 the

274 3272 152 58 Fiera
528 3274 55 58 of
622 3274 239 61 Michael
899 3278 220 75 Angelo
1158 3279 315 63 Buonarroti.

325 3349 98 59 4B.
466 3349 295 74 Aularegia
766 3398 13 21 ,
818 3353 53 56 in
911 3353 86 57 the
1036 3354 213 70 theatre,
1283 3358 43 56 is
1353 3357 86 57 the
1467 3372 130 45 most

214 3426 344 72 conspicuous
616 3426 153 72 place
809 3427 173 58 which
1039 3431 338 72 represented
1415 3434 52 56 in
1506 3433 87 57 the

210 3498 204 60 dramas
451 3500 86 58 the
577 3500 141 74 royal
757 3526 199 35 scenes.
1035 3503 316 62 Tommaseo
1391 3508 200 61 Bellini.

208 3573 328 72 (Dizionario
575 3575 141 59 della
756 3577 173 77 lingua
967 3579 247 74 italiana).

327 3650 17 57 I
385 3649 71 58 do
495 3666 91 43 not
622 3652 209 59 believe
870 3654 107 59 that
1014 3680 100 33 one
1155 3681 97 34 can
1292 3657 237 59 translate
1557 3662 38 54 it

208 3725 55 57 in
302 3726 218 74 English
559 3752 55 33 as
719 3729 169 74 Royal
930 3730 192 60 Palace

211 3890 316 129 AMONG
551 3878 168 59 others
758 3880 196 59 invited
992 3897 52 42 to
1082 3881 118 59 take
1241 3899 112 57 part
1391 3887 52 55 in
1495 3885 96 59 this

379 3956 329 70 symposium,
751 3955 90 59 but
879 3956 122 60 who
1028 3959 132 57 have
1188 3963 202 56 written
1415 3975 52 44 to
1503 3987 90 49 say

208 4029 126 75 they
371 4029 91 58 felt
513 4031 351 73 incompetent
921 4048 52 42 to
1011 4033 123 73 help
1174 4059 58 35 us
1273 4050 53 44 to
1365 4061 31 33 a
1454 4038 109 58 solu-

207 4106 123 65 tion,
390 4129 142 34 were
597 4105 81 57 Dr
741 4106 198 59 Cesare
998 4109 149 66 Levi,
1216 4109 91 59 Mr
1370 4111 220 60 Lennox

207 4180 273 58 Robinson
520 4179 102 59 and
664 4181 92 59 Mr
795 4182 214 76 George
1034 4185 129 72 Jean
1199 4185 226 61 Nathan.
1484 4188 102 60 Ed.

1665 209 718 71 SPONTANEOUS
2462 218 584 71 VULGARITY

2318 322 81 38 OR

1668 400 555 62 EVERYONE
2280 406 156 60 HIS
2492 409 228 59 OWN
2768 411 275 61 KING.

1670 508 113 9 -minmiiwiii
1788 508 6 9 II
1798 508 16 9 in
1888 508 2 15 I
1892 510 19 7 Mil
1917 510 68 8 iiinwium
1990 510 12 8 HI
2005 510 30 9 11111111
2271 513 42 9 mn
2314 513 46 9 TBHIBI
2382 514 84 9 IIMJULUJILJ

1664 595 204 130 WE
1925 581 133 58 have
2115 583 139 59 often
2312 586 111 57 said
2483 587 104 58 that
2643 588 88 59 the
2769 606 105 45 two
2914 610 130 43 most

1868 656 280 59 backward
2206 658 253 61 Theatres
2486 663 54 57 of
2568 663 211 75 Europe
2823 691 88 36 are
2955 668 88 60 the

1664 731 234 58 Parisian
1937 733 103 57 and
2078 733 86 60 the
2206 734 221 60 London
2468 753 184 60 stages.

1774 805 253 59 Theatres
2069 807 102 58 like
2211 808 130 78 dogs
2383 835 141 49 grow
2562 830 52 40 to
2654 813 70 60 be
2764 814 103 60 like
2912 817 131 61 their

1658 894 226 54 masters,
1927 883 104 57 and
2072 883 86 58 the
2199 884 223 60 London
2463 888 104 58 and
2618 889 146 59 Paris
2814 892 225 62 theatres

1656 955 132 59 have
1830 957 266 72 preferred
2132 973 53 43 to
2225 959 132 60 have
2379 986 54 33 as
2463 978 211 45 masters
2700 964 131 60 their
2856 969 185 71 public

1658 1030 167 57 rather
1863 1030 121 59 than
2023 1033 131 57 their
2193 1034 116 57 best
2346 1039 179 57 artists.

1773 1105 100 59 For
1912 1131 146 49 years
2098 1109 121 72 they
2257 1110 133 59 have
2430 1113 156 58 made
2625 1113 309 61 themselves
2973 1122 44 54 ri-

1660 1179 234 60 diculous
1913 1183 284 75 grovelling
2225 1184 178 60 before
2431 1188 143 58 these
2601 1204 210 43 masters
2839 1193 202 58 instead

1656 1255 55 57 of
1749 1256 209 75 ridding
1998 1258 308 59 themselves
2346 1286 133 34 once
2505 1263 104 58 and
2637 1265 77 56 for
2741 1265 67 57 all
2834 1267 53 57 of
2912 1268 127 58 such

1655 1331 173 71 stupid
1867 1347 205 57 tyrants.
2220 1335 169 59 What
2426 1336 86 59 the
2543 1339 186 58 Public
2757 1357 164 42 wants
2949 1367 85 34 we

1655 1406 107 56 will
1786 1407 118 73 give
2000 1407 110 58 that
2126 1410 42 56 is
2190 1409 86 58 the
2296 1409 177 59 heroic
2494 1413 186 72 phrase
2700 1414 55 58 of
2774 1415 145 59 these
2933 1432 105 44 two

1655 1480 220 58 toadies.

1768 1556 133 57 And
1966 1557 281 60 whenever
2310 1584 84 34 we
2459 1562 132 59 have
2654 1564 224 59 derided
2941 1566 97 60 this

1650 1632 112 70 pair
1786 1630 52 57 of
1866 1631 305 72 Europeans
2199 1634 308 60 Pantaloons
2534 1637 131 59 their
2689 1639 125 72 paid
2842 1641 163 59 watch-

1650 1705 133 76 dogs
1842 1705 133 59 have
2036 1711 151 70 given
2234 1725 88 43 out
2379 1736 32 33 a
2479 1712 140 59 howl
2671 1715 53 57 of
2775 1715 259 76 righteous

1650 1782 335 74 indignation.

1763 1853 156 61 Read
1960 1857 98 57 this
2096 1874 193 43 extract
2327 1861 127 58 from
2493 1886 102 35 one
2633 1863 53 58 of
2713 1865 85 57 the
2830 1866 205 76 biggest

1650 1931 53 57 of
1744 1931 220 75 English
2002 1932 203 67 dailies,
2246 1936 271 76 recording
2568 1938 165 59 better
2770 1941 122 57 than
2950 1966 85 35 we

1649 2006 157 58 could
1844 2030 126 34 ever
2009 2007 70 58 do
2117 2008 88 59 the
2246 2013 199 69 precise
2484 2013 136 57 level
2658 2030 55 42 to
2747 2016 174 58 which
2947 2017 87 58 the

1650 2081 202 58 French
1891 2082 104 58 and
2036 2083 217 76 English
2293 2084 229 61 Theatre
2562 2089 166 59 world
2767 2089 92 59 has
2900 2115 134 52 gone

1647 2154 177 60 down.

1764 2230 150 58 Here
1953 2234 42 55 is
2035 2232 87 58 the
2160 2234 248 59 immortal
2447 2261 220 52 passage
2691 2262 13 34 :

1828 2307 81 57 At
1947 2307 88 58 the
2074 2308 230 60 Theatre
2345 2310 241 72 Frangais
2625 2313 87 58 the
2738 2314 145 60 other
2908 2341 91 33 eve-

1647 2385 139 73 ning,
1847 2382 194 59 Alfred
2099 2383 72 58 de
2230 2384 249 61 Musset's
2585 2388 242 60 Fantasio
2924 2416 108 34 was

1647 2459 155 74 given
1842 2456 179 59 before
2061 2483 66 33 an
2154 2459 259 61 audience
2441 2467 328 73 comprising,
2799 2490 55 34 as
2882 2467 146 58 usual

1645 2547 52 42 at
1735 2531 98 58 this
1871 2534 123 56 time
2033 2533 54 57 of
2125 2534 86 58 the
2249 2559 141 50 year,
2433 2561 31 33 a
2503 2539 362 60 considerable
2914 2566 87 48 pro-

1646 2609 201 71 portion
1886 2608 52 57 of
1980 2608 493 78 English-speaking
2512 2615 215 57 visitors.

1823 2683 55 57 In
1917 2683 87 58 the
2044 2686 198 58 second
2281 2703 99 51 act,
2420 2712 101 34 one
2548 2689 54 57 of
2627 2689 86 58 the
2741 2690 288 60 characters

1645 2756 259 60 discusses
1962 2759 159 57 travel
2178 2761 104 57 and
2336 2763 245 58 observes
2621 2765 108 57 that
2766 2765 68 59 he
2873 2766 159 75 might

1644 2832 133 58 have
1818 2855 132 51 gone
1989 2849 52 42 to
2082 2835 224 60 London
2329 2851 52 44 to
2408 2862 90 34 see
2531 2839 135 58 what
2691 2840 89 58 the
2811 2841 218 75 English

1644 2931 142 35 were
1825 2906 118 67 like,
1985 2909 93 58 but
2116 2910 66 58 he
2221 2911 263 73 preferred
2545 2929 52 43 to
2652 2939 123 34 save
2827 2916 203 59 himself

1644 2982 86 59 the
1769 2984 219 66 trouble,
2030 3008 55 35 as
2125 2985 123 75 they
2286 2987 69 59 all
2394 3013 149 34 came
2582 3005 52 43 to
2674 2990 163 60 Paris.

1821 3057 178 59 These
2058 3064 295 57 sentiments
2411 3088 139 34 were
2609 3065 176 75 highly
2842 3089 155 51 appre-

1644 3133 172 58 ciated
1873 3133 69 74 by
1997 3133 87 60 the
2144 3136 217 75 English
2421 3154 296 58 spectators,
2760 3140 103 59 and
2903 3141 122 74 they

1642 3208 350 74 immediately
2070 3211 160 58 broke
2308 3215 106 57 into
2489 3240 32 32 a
2585 3216 165 58 round
2816 3217 53 57 of
2931 3240 63 50 ap-

1642 3285 182 73 plause

1757 3359 184 59 When
1997 3362 54 56 in
2105 3376 114 57 past
2277 3386 123 52 ages
2440 3387 32 35 a
2513 3366 144 77 King
2696 3390 56 33 or
2790 3390 66 34 an
2898 3366 84 58 Em-

1641 3459 150 48 peror
1840 3437 188 57 visited
2087 3437 85 58 the
2229 3438 231 60 Theatre
2498 3441 106 58 and
2644 3466 144 34 some
2828 3442 103 58 line
2971 3445 53 55 in

1642 3508 85 58 the
1768 3509 123 75 play
1929 3511 156 58 could
2127 3512 69 58 be
2235 3513 153 59 taken
2427 3540 55 32 as
2522 3540 66 34 an
2614 3516 217 59 allusion
2859 3532 51 43 to
2936 3517 87 58 the

1642 3586 233 58 admired
1917 3588 259 67 monarch,
2218 3613 66 33 an
2322 3591 259 59 audience
2623 3593 179 59 would
2854 3617 133 35 some-

1641 3663 146 56 times
1826 3664 99 55 rise
1965 3686 71 49 up
2075 3664 104 57 and
2219 3666 265 72 applaud;
2517 3671 136 55 it
2690 3671 42 54 is
2773 3692 160 34 never
2954 3691 69 34 on

1638 3737 183 58 record
1861 3737 108 58 that
2004 3739 87 57 the
2132 3739 144 73 King
2310 3766 116 33 rose
2465 3766 71 46 up
2574 3743 105 58 and
2720 3742 301 70 applauded

1641 3810 220 60 himself.

1753 3888 100 58 But
1889 3888 142 58 what
2088 3889 178 58 would
2324 3914 102 50 you
2473 3892 176 59 have?
2804 3893 217 74 To-day

1638 3987 158 51 every
1834 3979 108 43 true
1984 3964 264 60 democrat
2273 3969 42 56 is
2342 3968 76 57 his
2446 3992 120 34 own
2593 3968 173 77 King;
2897 3969 123 58 how

1637 4038 263 76 charming
1938 4039 140 68 then,
2119 4043 143 57 since
2303 4043 141 58 there
2484 4047 42 55 is
2566 4068 68 33 no
2672 4069 102 35 one
2813 4061 52 43 to
2925 4069 62 50 ap-

1637 4114 160 72 plaud
1835 4115 123 67 him,
1999 4115 108 59 that
2144 4116 67 59 he
2251 4118 185 59 should
2477 4119 230 74 applaud
2759 4120 219 60 himself.

2867 4194 46 75 J.
2957 4196 57 58 S.
