<?xml version="1.0" encoding="UTF-8"?>
<alto xmlns:xsi="http://www.w3.org/2001/XMLSchema-instance" xmlns="http://www.loc.gov/standards/alto/ns-v2#" xsi:schemaLocation="http://www.loc.gov/standards/alto/ns-v2# http://www.loc.gov/standards/alto/alto-v2.0.xsd" xmlns:xlink="http://www.w3.org/1999/xlink">
	<Description>
		<MeasurementUnit>mm10</MeasurementUnit>
		<sourceImageInformation>
			<fileName>//fileserver7/IN2-2/Princeton/bmtnaau/1925/10_01/00000053.tif</fileName>
		</sourceImageInformation>
		<OCRProcessing ID="OCRPROCESSING_1">
			<preProcessingStep>
				<processingSoftware>
					<softwareCreator>CCS Content Conversion Specialists GmbH, Germany</softwareCreator>
					<softwareName>CCS docWorks</softwareName>
					<softwareVersion>6.7-1.24</softwareVersion>
				</processingSoftware>
			</preProcessingStep>
			<ocrProcessingStep>
				<processingSoftware>
					<softwareCreator>ABBYY (BIT Software), Russia</softwareCreator>
					<softwareName>FineReader</softwareName>
					<softwareVersion>10.0</softwareVersion>
				</processingSoftware>
			</ocrProcessingStep>
		</OCRProcessing>
	</Description>
	<Styles>
		<TextStyle ID="TXT_0" FONTSIZE="7" FONTFAMILY="Arial"/>
		<TextStyle ID="TXT_1" FONTSIZE="20" FONTFAMILY="Times New Roman"/>
		<TextStyle ID="TXT_2" FONTSIZE="20" FONTFAMILY="Times New Roman" FONTSTYLE="italics"/>
		<TextStyle ID="TXT_3" FONTSIZE="15" FONTFAMILY="Times New Roman" FONTSTYLE="bold"/>
		<TextStyle ID="TXT_4" FONTSIZE="14" FONTFAMILY="Times New Roman"/>
		<ParagraphStyle ID="PAR_RIGHT" ALIGN="Right"/>
		<ParagraphStyle ID="PAR_BLOCK" ALIGN="Block"/>
		<ParagraphStyle ID="PAR_LEFT" ALIGN="Left"/>
	</Styles>
	<Layout>
		<Page ID="P43" PHYSICAL_IMG_NR="43" HEIGHT="4554" WIDTH="3223" PRINTED_IMG_NR="39" PC="0.895">
			<TopMargin ID="P43_TM00001" HPOS="0" VPOS="0" WIDTH="3223" HEIGHT="158">
				<TextBlock ID="P43_TB00001" HPOS="2916" VPOS="112" WIDTH="59" HEIGHT="44" STYLEREFS="TXT_0 PAR_RIGHT">
					<TextLine ID="P43_TL00001" HPOS="2916" VPOS="112" WIDTH="59" HEIGHT="44">
						<String ID="P43_ST00001" HPOS="2916" VPOS="112" WIDTH="59" HEIGHT="44" CONTENT="39" WC="1.00" CC="00"/>
					</TextLine>
				</TextBlock>
			</TopMargin>
			<LeftMargin ID="P43_LM00001" HPOS="0" VPOS="158" WIDTH="146" HEIGHT="4117"/>
			<RightMargin ID="P43_RM00001" HPOS="2993" VPOS="158" WIDTH="230" HEIGHT="4117"/>
			<BottomMargin ID="P43_BM00001" HPOS="0" VPOS="4275" WIDTH="3223" HEIGHT="279"/>
			<PrintSpace ID="P43_PS00001" HPOS="146" VPOS="158" WIDTH="2847" HEIGHT="4117">
				<TextBlock ID="P43_TB00002" HPOS="146" VPOS="194" WIDTH="1409" HEIGHT="4078" STYLEREFS="TXT_1 PAR_BLOCK">
					<TextLine ID="P43_TL00002" HPOS="152" VPOS="195" WIDTH="1387" HEIGHT="78">
						<String ID="P43_ST00002" HPOS="152" VPOS="196" WIDTH="52" HEIGHT="58" CONTENT="of" WC="0.36" CC="75"/>
						<SP ID="P43_SP00001" HPOS="204" VPOS="254" WIDTH="40"/>
						<String ID="P43_ST00003" HPOS="244" VPOS="195" WIDTH="193" HEIGHT="59" CONTENT="wealth" WC="0.97" CC="047647"/>
						<SP ID="P43_SP00002" HPOS="437" VPOS="254" WIDTH="56"/>
						<String ID="P43_ST00004" HPOS="493" VPOS="195" WIDTH="106" HEIGHT="59" CONTENT="and" WC="0.95" CC="029"/>
						<SP ID="P43_SP00003" HPOS="599" VPOS="254" WIDTH="40"/>
						<String ID="P43_ST00005" HPOS="639" VPOS="195" WIDTH="91" HEIGHT="60" CONTENT="left" WC="0.96" CC="4077"/>
						<SP ID="P43_SP00004" HPOS="730" VPOS="255" WIDTH="38"/>
						<String ID="P43_ST00006" HPOS="768" VPOS="196" WIDTH="87" HEIGHT="60" CONTENT="the" WC="0.98" CC="400"/>
						<SP ID="P43_SP00005" HPOS="855" VPOS="256" WIDTH="57"/>
						<String ID="P43_ST00007" HPOS="912" VPOS="213" WIDTH="194" HEIGHT="60" CONTENT="twenty" WC="0.99" CC="600160"/>
						<SP ID="P43_SP00006" HPOS="1106" VPOS="273" WIDTH="38"/>
						<String ID="P43_ST00008" HPOS="1144" VPOS="199" WIDTH="76" HEIGHT="60" CONTENT="for" WC="0.97" CC="700"/>
						<SP ID="P43_SP00007" HPOS="1220" VPOS="273" WIDTH="38"/>
						<String ID="P43_ST00009" HPOS="1258" VPOS="224" WIDTH="32" HEIGHT="35" CONTENT="a" WC="1.00" CC="0"/>
						<SP ID="P43_SP00008" HPOS="1290" VPOS="273" WIDTH="37"/>
						<String ID="P43_ST00010" HPOS="1327" VPOS="202" WIDTH="174" HEIGHT="58" CONTENT="month" WC="1.00" CC="00000"/>
						<SP ID="P43_SP00009" HPOS="1501" VPOS="273" WIDTH="25"/>
						<String ID="P43_ST00011" HPOS="1526" VPOS="227" WIDTH="13" HEIGHT="41" CONTENT=";" WC="0.61" CC="3"/>
					</TextLine>
					<TextLine ID="P43_TL00003" HPOS="151" VPOS="270" WIDTH="1392" HEIGHT="81">
						<String ID="P43_ST00012" HPOS="151" VPOS="270" WIDTH="123" HEIGHT="59" CONTENT="then" WC="0.98" CC="2024"/>
						<SP ID="P43_SP00010" HPOS="274" VPOS="329" WIDTH="38"/>
						<String ID="P43_ST00013" HPOS="312" VPOS="271" WIDTH="130" HEIGHT="58" CONTENT="after" WC="0.97" CC="76035"/>
						<SP ID="P43_SP00011" HPOS="442" VPOS="329" WIDTH="35"/>
						<String ID="P43_ST00014" HPOS="477" VPOS="295" WIDTH="32" HEIGHT="34" CONTENT="a" WC="1.00" CC="0"/>
						<SP ID="P43_SP00012" HPOS="509" VPOS="329" WIDTH="37"/>
						<String ID="P43_ST00015" HPOS="546" VPOS="270" WIDTH="108" HEIGHT="60" CONTENT="few" WC="0.96" CC="730"/>
						<SP ID="P43_SP00013" HPOS="654" VPOS="330" WIDTH="37"/>
						<String ID="P43_ST00016" HPOS="691" VPOS="273" WIDTH="179" HEIGHT="58" CONTENT="weeks" WC="1.00" CC="03000"/>
						<SP ID="P43_SP00014" HPOS="870" VPOS="331" WIDTH="38"/>
						<String ID="P43_ST00017" HPOS="908" VPOS="297" WIDTH="142" HEIGHT="35" CONTENT="more" WC="0.97" CC="0075"/>
						<SP ID="P43_SP00015" HPOS="1050" VPOS="332" WIDTH="37"/>
						<String ID="P43_ST00018" HPOS="1087" VPOS="275" WIDTH="122" HEIGHT="59" CONTENT="took" WC="0.96" CC="5254"/>
						<SP ID="P43_SP00016" HPOS="1209" VPOS="334" WIDTH="23"/>
						<String ID="P43_ST00019" HPOS="1232" VPOS="275" WIDTH="89" HEIGHT="59" CONTENT="the" WC="0.94" CC="573"/>
						<SP ID="P43_SP00017" HPOS="1321" VPOS="334" WIDTH="24"/>
						<String ID="P43_ST00020" HPOS="1345" VPOS="290" WIDTH="198" HEIGHT="61" CONTENT="twenty" WC="0.99" CC="302050"/>
					</TextLine>
					<TextLine ID="P43_TL00004" HPOS="151" VPOS="345" WIDTH="1387" HEIGHT="76">
						<String ID="P43_ST00021" HPOS="151" VPOS="345" WIDTH="136" HEIGHT="60" CONTENT="back" WC="0.98" CC="7000"/>
						<SP ID="P43_SP00018" HPOS="287" VPOS="405" WIDTH="38"/>
						<String ID="P43_ST00022" HPOS="325" VPOS="345" WIDTH="126" HEIGHT="58" CONTENT="with" WC="0.97" CC="0067"/>
						<SP ID="P43_SP00019" HPOS="451" VPOS="405" WIDTH="38"/>
						<String ID="P43_ST00023" HPOS="489" VPOS="345" WIDTH="87" HEIGHT="60" CONTENT="the" WC="1.00" CC="000"/>
						<SP ID="P43_SP00020" HPOS="576" VPOS="405" WIDTH="27"/>
						<String ID="P43_ST00024" HPOS="603" VPOS="360" WIDTH="196" HEIGHT="61" CONTENT="twenty" WC="0.99" CC="300600"/>
						<SP ID="P43_SP00021" HPOS="799" VPOS="421" WIDTH="26"/>
						<String ID="P43_ST00025" HPOS="825" VPOS="349" WIDTH="118" HEIGHT="60" CONTENT="first." WC="0.99" CC="004303"/>
						<SP ID="P43_SP00022" HPOS="943" VPOS="421" WIDTH="79"/>
						<String ID="P43_ST00026" HPOS="1022" VPOS="349" WIDTH="159" HEIGHT="60" CONTENT="Then" WC="0.98" CC="0604"/>
						<SP ID="P43_SP00023" HPOS="1181" VPOS="421" WIDTH="27"/>
						<String ID="P43_ST00027" HPOS="1208" VPOS="350" WIDTH="163" HEIGHT="60" CONTENT="threw" WC="0.98" CC="50500"/>
						<SP ID="P43_SP00024" HPOS="1371" VPOS="421" WIDTH="26"/>
						<String ID="P43_ST00028" HPOS="1397" VPOS="351" WIDTH="141" HEIGHT="59" CONTENT="them" WC="0.97" CC="5033"/>
					</TextLine>
					<TextLine ID="P43_TL00005" HPOS="152" VPOS="420" WIDTH="1395" HEIGHT="81">
						<String ID="P43_ST00029" HPOS="152" VPOS="421" WIDTH="69" HEIGHT="59" CONTENT="all" WC="0.98" CC="050"/>
						<SP ID="P43_SP00025" HPOS="221" VPOS="480" WIDTH="39"/>
						<String ID="P43_ST00030" HPOS="260" VPOS="444" WIDTH="158" HEIGHT="42" CONTENT="over;" WC="0.99" CC="30204"/>
						<SP ID="P43_SP00026" HPOS="418" VPOS="486" WIDTH="42"/>
						<String ID="P43_ST00031" HPOS="460" VPOS="420" WIDTH="348" HEIGHT="74" CONTENT="disappeared" WC="1.00" CC="06000000000"/>
						<SP ID="P43_SP00027" HPOS="808" VPOS="494" WIDTH="38"/>
						<String ID="P43_ST00032" HPOS="846" VPOS="424" WIDTH="128" HEIGHT="57" CONTENT="with" WC="0.97" CC="0390"/>
						<SP ID="P43_SP00028" HPOS="974" VPOS="494" WIDTH="38"/>
						<String ID="P43_ST00033" HPOS="1012" VPOS="448" WIDTH="32" HEIGHT="33" CONTENT="a" WC="0.55" CC="4"/>
						<SP ID="P43_SP00029" HPOS="1044" VPOS="494" WIDTH="37"/>
						<String ID="P43_ST00034" HPOS="1081" VPOS="424" WIDTH="219" HEIGHT="59" CONTENT="hideous" WC="1.00" CC="0200010"/>
						<SP ID="P43_SP00030" HPOS="1300" VPOS="494" WIDTH="35"/>
						<String ID="P43_ST00035" HPOS="1335" VPOS="426" WIDTH="212" HEIGHT="75" CONTENT="looking" WC="0.99" CC="4040420"/>
					</TextLine>
					<TextLine ID="P43_TL00006" HPOS="151" VPOS="495" WIDTH="1393" HEIGHT="75">
						<String ID="P43_ST00036" HPOS="151" VPOS="511" WIDTH="143" HEIGHT="44" CONTENT="actor" WC="0.99" CC="00023"/>
						<SP ID="P43_SP00031" HPOS="294" VPOS="555" WIDTH="22"/>
						<String ID="P43_ST00037" HPOS="316" VPOS="519" WIDTH="13" HEIGHT="42" CONTENT=";" WC="0.61" CC="3"/>
						<SP ID="P43_SP00032" HPOS="329" VPOS="561" WIDTH="43"/>
						<String ID="P43_ST00038" HPOS="372" VPOS="495" WIDTH="180" HEIGHT="75" CONTENT="stayed" WC="1.00" CC="050000"/>
						<SP ID="P43_SP00033" HPOS="552" VPOS="570" WIDTH="40"/>
						<String ID="P43_ST00039" HPOS="592" VPOS="496" WIDTH="125" HEIGHT="59" CONTENT="with" WC="0.99" CC="0600"/>
						<SP ID="P43_SP00034" HPOS="717" VPOS="570" WIDTH="38"/>
						<String ID="P43_ST00040" HPOS="755" VPOS="497" WIDTH="106" HEIGHT="59" CONTENT="him" WC="0.98" CC="040"/>
						<SP ID="P43_SP00035" HPOS="861" VPOS="570" WIDTH="38"/>
						<String ID="P43_ST00041" HPOS="899" VPOS="523" WIDTH="32" HEIGHT="33" CONTENT="a" WC="0.30" CC="6"/>
						<SP ID="P43_SP00036" HPOS="931" VPOS="570" WIDTH="25"/>
						<String ID="P43_ST00042" HPOS="956" VPOS="499" WIDTH="104" HEIGHT="58" CONTENT="few" WC="0.97" CC="700"/>
						<SP ID="P43_SP00037" HPOS="1060" VPOS="570" WIDTH="28"/>
						<String ID="P43_ST00043" HPOS="1088" VPOS="500" WIDTH="207" HEIGHT="58" CONTENT="months" WC="0.99" CC="700500"/>
						<SP ID="P43_SP00038" HPOS="1295" VPOS="570" WIDTH="28"/>
						<String ID="P43_ST00044" HPOS="1323" VPOS="504" WIDTH="54" HEIGHT="56" CONTENT="in" WC="0.86" CC="20"/>
						<SP ID="P43_SP00039" HPOS="1377" VPOS="570" WIDTH="25"/>
						<String ID="P43_ST00045" HPOS="1402" VPOS="525" WIDTH="142" HEIGHT="35" CONTENT="more" WC="0.99" CC="0240"/>
					</TextLine>
					<TextLine ID="P43_TL00007" HPOS="152" VPOS="571" WIDTH="1387" HEIGHT="74">
						<String ID="P43_ST00046" HPOS="152" VPOS="596" WIDTH="57" HEIGHT="35" CONTENT="or" WC="0.78" CC="40"/>
						<SP ID="P43_SP00040" HPOS="209" VPOS="631" WIDTH="38"/>
						<String ID="P43_ST00047" HPOS="247" VPOS="571" WIDTH="102" HEIGHT="59" CONTENT="less" WC="0.99" CC="5001"/>
						<SP ID="P43_SP00041" HPOS="349" VPOS="631" WIDTH="39"/>
						<String ID="P43_ST00048" HPOS="388" VPOS="586" WIDTH="215" HEIGHT="59" CONTENT="poverty" WC="0.99" CC="0094060"/>
						<SP ID="P43_SP00042" HPOS="603" VPOS="645" WIDTH="38"/>
						<String ID="P43_ST00049" HPOS="641" VPOS="575" WIDTH="54" HEIGHT="56" CONTENT="in" WC="0.33" CC="67"/>
						<SP ID="P43_SP00043" HPOS="695" VPOS="645" WIDTH="40"/>
						<String ID="P43_ST00050" HPOS="735" VPOS="572" WIDTH="376" HEIGHT="69" CONTENT="Montmartre;" WC="0.88" CC="00100053004"/>
						<SP ID="P43_SP00044" HPOS="1111" VPOS="645" WIDTH="42"/>
						<String ID="P43_ST00051" HPOS="1153" VPOS="576" WIDTH="122" HEIGHT="59" CONTENT="then" WC="0.98" CC="2005"/>
						<SP ID="P43_SP00045" HPOS="1275" VPOS="645" WIDTH="46"/>
						<String ID="P43_ST00052" HPOS="1321" VPOS="577" WIDTH="125" HEIGHT="59" CONTENT="sank" WC="0.99" CC="0300"/>
						<SP ID="P43_SP00046" HPOS="1446" VPOS="645" WIDTH="37"/>
						<String ID="P43_ST00053" HPOS="1483" VPOS="591" WIDTH="56" HEIGHT="47" CONTENT="to" WC="0.39" CC="56"/>
					</TextLine>
					<TextLine ID="P43_TL00008" HPOS="152" VPOS="647" WIDTH="1393" HEIGHT="74">
						<String ID="P43_ST00054" HPOS="152" VPOS="670" WIDTH="169" HEIGHT="36" CONTENT="worse" WC="0.99" CC="00220"/>
						<SP ID="P43_SP00047" HPOS="321" VPOS="706" WIDTH="41"/>
						<String ID="P43_ST00055" HPOS="362" VPOS="663" WIDTH="216" HEIGHT="58" CONTENT="poverty" WC="1.00" CC="0100000"/>
						<SP ID="P43_SP00048" HPOS="578" VPOS="721" WIDTH="37"/>
						<String ID="P43_ST00056" HPOS="615" VPOS="647" WIDTH="105" HEIGHT="59" CONTENT="and" WC="1.00" CC="000"/>
						<SP ID="P43_SP00049" HPOS="720" VPOS="721" WIDTH="38"/>
						<String ID="P43_ST00057" HPOS="758" VPOS="649" WIDTH="230" HEIGHT="58" CONTENT="haunted" WC="1.00" CC="0001000"/>
						<SP ID="P43_SP00050" HPOS="988" VPOS="721" WIDTH="41"/>
						<String ID="P43_ST00058" HPOS="1029" VPOS="650" WIDTH="88" HEIGHT="60" CONTENT="the" WC="1.00" CC="000"/>
						<SP ID="P43_SP00051" HPOS="1117" VPOS="721" WIDTH="42"/>
						<String ID="P43_ST00059" HPOS="1159" VPOS="651" WIDTH="116" HEIGHT="59" CONTENT="cafe" WC="0.99" CC="0060"/>
						<SP ID="P43_SP00052" HPOS="1275" VPOS="721" WIDTH="41"/>
						<String ID="P43_ST00060" HPOS="1316" VPOS="651" WIDTH="53" HEIGHT="59" CONTENT="of" WC="0.64" CC="16"/>
						<SP ID="P43_SP00053" HPOS="1369" VPOS="721" WIDTH="33"/>
						<String ID="P43_ST00061" HPOS="1402" VPOS="676" WIDTH="143" HEIGHT="35" CONTENT="some" WC="1.00" CC="0000"/>
					</TextLine>
					<TextLine ID="P43_TL00009" HPOS="154" VPOS="722" WIDTH="1394" HEIGHT="80">
						<String ID="P43_ST00062" HPOS="154" VPOS="722" WIDTH="87" HEIGHT="59" CONTENT="old" WC="0.98" CC="050"/>
						<SP ID="P43_SP00054" HPOS="241" VPOS="781" WIDTH="38"/>
						<String ID="P43_ST00063" HPOS="279" VPOS="745" WIDTH="206" HEIGHT="34" CONTENT="woman" WC="0.98" CC="05305"/>
						<SP ID="P43_SP00055" HPOS="485" VPOS="781" WIDTH="25"/>
						<String ID="P43_ST00064" HPOS="510" VPOS="722" WIDTH="124" HEIGHT="59" CONTENT="who" WC="1.00" CC="000"/>
						<SP ID="P43_SP00056" HPOS="634" VPOS="781" WIDTH="39"/>
						<String ID="P43_ST00065" HPOS="673" VPOS="746" WIDTH="109" HEIGHT="36" CONTENT="was" WC="1.00" CC="000"/>
						<SP ID="P43_SP00057" HPOS="782" VPOS="782" WIDTH="40"/>
						<String ID="P43_ST00066" HPOS="822" VPOS="723" WIDTH="194" HEIGHT="75" CONTENT="always" WC="1.00" CC="050000"/>
						<SP ID="P43_SP00058" HPOS="1016" VPOS="798" WIDTH="28"/>
						<String ID="P43_ST00067" HPOS="1044" VPOS="750" WIDTH="160" HEIGHT="52" CONTENT="eager" WC="1.00" CC="00004"/>
						<SP ID="P43_SP00059" HPOS="1204" VPOS="802" WIDTH="25"/>
						<String ID="P43_ST00068" HPOS="1229" VPOS="743" WIDTH="52" HEIGHT="43" CONTENT="to" WC="0.72" CC="50"/>
						<SP ID="P43_SP00060" HPOS="1281" VPOS="802" WIDTH="27"/>
						<String ID="P43_ST00069" HPOS="1308" VPOS="751" WIDTH="91" HEIGHT="35" CONTENT="see" WC="0.95" CC="454"/>
						<SP ID="P43_SP00061" HPOS="1399" VPOS="802" WIDTH="27"/>
						<String ID="P43_ST00070" HPOS="1426" VPOS="753" WIDTH="122" HEIGHT="34" CONTENT="new" WC="1.00" CC="000"/>
					</TextLine>
					<TextLine ID="P43_TL00010" HPOS="152" VPOS="797" WIDTH="1393" HEIGHT="81">
						<String ID="P43_ST00071" HPOS="152" VPOS="797" WIDTH="144" HEIGHT="60" CONTENT="faces" WC="0.99" CC="60000"/>
						<SP ID="P43_SP00062" HPOS="296" VPOS="857" WIDTH="24"/>
						<String ID="P43_ST00072" HPOS="320" VPOS="823" WIDTH="13" HEIGHT="40" CONTENT=";" WC="0.53" CC="4"/>
						<SP ID="P43_SP00063" HPOS="333" VPOS="863" WIDTH="41"/>
						<String ID="P43_ST00073" HPOS="374" VPOS="798" WIDTH="268" HEIGHT="73" CONTENT="appeared" WC="1.00" CC="00000000"/>
						<SP ID="P43_SP00064" HPOS="642" VPOS="871" WIDTH="45"/>
						<String ID="P43_ST00074" HPOS="687" VPOS="824" WIDTH="68" HEIGHT="33" CONTENT="on" WC="0.81" CC="30"/>
						<SP ID="P43_SP00065" HPOS="755" VPOS="871" WIDTH="40"/>
						<String ID="P43_ST00075" HPOS="795" VPOS="800" WIDTH="86" HEIGHT="58" CONTENT="the" WC="0.98" CC="400"/>
						<SP ID="P43_SP00066" HPOS="881" VPOS="871" WIDTH="41"/>
						<String ID="P43_ST00076" HPOS="922" VPOS="816" WIDTH="146" HEIGHT="60" CONTENT="stage" WC="0.97" CC="36090"/>
						<SP ID="P43_SP00067" HPOS="1068" VPOS="876" WIDTH="41"/>
						<String ID="P43_ST00077" HPOS="1109" VPOS="802" WIDTH="78" HEIGHT="57" CONTENT="for" WC="0.96" CC="703"/>
						<SP ID="P43_SP00068" HPOS="1187" VPOS="876" WIDTH="27"/>
						<String ID="P43_ST00078" HPOS="1214" VPOS="817" WIDTH="107" HEIGHT="44" CONTENT="two" WC="0.98" CC="004"/>
						<SP ID="P43_SP00069" HPOS="1321" VPOS="876" WIDTH="39"/>
						<String ID="P43_ST00079" HPOS="1360" VPOS="802" WIDTH="185" HEIGHT="76" CONTENT="nights," WC="0.99" CC="6800202"/>
					</TextLine>
					<TextLine ID="P43_TL00011" HPOS="154" VPOS="872" WIDTH="1393" HEIGHT="81">
						<String ID="P43_ST00080" HPOS="154" VPOS="872" WIDTH="106" HEIGHT="58" CONTENT="and" WC="1.00" CC="000"/>
						<SP ID="P43_SP00070" HPOS="260" VPOS="930" WIDTH="46"/>
						<String ID="P43_ST00081" HPOS="306" VPOS="875" WIDTH="53" HEIGHT="55" CONTENT="in" WC="0.39" CC="65"/>
						<SP ID="P43_SP00071" HPOS="359" VPOS="930" WIDTH="40"/>
						<String ID="P43_ST00082" HPOS="399" VPOS="872" WIDTH="146" HEIGHT="58" CONTENT="those" WC="0.98" CC="47002"/>
						<SP ID="P43_SP00072" HPOS="545" VPOS="930" WIDTH="39"/>
						<String ID="P43_ST00083" HPOS="584" VPOS="887" WIDTH="107" HEIGHT="45" CONTENT="two" WC="0.98" CC="402"/>
						<SP ID="P43_SP00073" HPOS="691" VPOS="932" WIDTH="39"/>
						<String ID="P43_ST00084" HPOS="730" VPOS="875" WIDTH="169" HEIGHT="75" CONTENT="nights" WC="0.97" CC="687032"/>
						<SP ID="P43_SP00074" HPOS="899" VPOS="950" WIDTH="27"/>
						<String ID="P43_ST00085" HPOS="926" VPOS="877" WIDTH="257" HEIGHT="76" CONTENT="managed" WC="0.99" CC="0000909"/>
						<SP ID="P43_SP00075" HPOS="1183" VPOS="953" WIDTH="28"/>
						<String ID="P43_ST00086" HPOS="1211" VPOS="892" WIDTH="52" HEIGHT="42" CONTENT="to" WC="0.91" CC="10"/>
						<SP ID="P43_SP00076" HPOS="1263" VPOS="953" WIDTH="27"/>
						<String ID="P43_ST00087" HPOS="1290" VPOS="880" WIDTH="107" HEIGHT="57" CONTENT="win" WC="0.97" CC="070"/>
						<SP ID="P43_SP00077" HPOS="1397" VPOS="953" WIDTH="25"/>
						<String ID="P43_ST00088" HPOS="1422" VPOS="903" WIDTH="94" HEIGHT="34" CONTENT="ano" SUBS_TYPE="HypPart1" SUBS_CONTENT="another" WC="0.97" CC="351"/>
						<HYP HPOS="1516" VPOS="903" WIDTH="31" CONTENT="-"/>
					</TextLine>
					<TextLine ID="P43_TL00012" HPOS="155" VPOS="947" WIDTH="1393" HEIGHT="72">
						<String ID="P43_ST00089" HPOS="155" VPOS="947" WIDTH="112" HEIGHT="58" CONTENT="ther" SUBS_TYPE="HypPart2" SUBS_CONTENT="another" WC="0.98" CC="4004"/>
						<SP ID="P43_SP00078" HPOS="267" VPOS="1005" WIDTH="53"/>
						<String ID="P43_ST00090" HPOS="320" VPOS="961" WIDTH="273" HEIGHT="58" CONTENT="protector," WC="0.99" CC="0125006223"/>
						<SP ID="P43_SP00079" HPOS="593" VPOS="1019" WIDTH="55"/>
						<String ID="P43_ST00091" HPOS="648" VPOS="948" WIDTH="123" HEIGHT="60" CONTENT="who" WC="1.00" CC="000"/>
						<SP ID="P43_SP00080" HPOS="771" VPOS="1019" WIDTH="39"/>
						<String ID="P43_ST00092" HPOS="810" VPOS="950" WIDTH="234" HEIGHT="58" CONTENT="lavished" WC="1.00" CC="00041000"/>
						<SP ID="P43_SP00081" HPOS="1044" VPOS="1019" WIDTH="40"/>
						<String ID="P43_ST00093" HPOS="1084" VPOS="976" WIDTH="68" HEIGHT="33" CONTENT="on" WC="0.60" CC="16"/>
						<SP ID="P43_SP00082" HPOS="1152" VPOS="1019" WIDTH="39"/>
						<String ID="P43_ST00094" HPOS="1191" VPOS="952" WIDTH="92" HEIGHT="59" CONTENT="her" WC="0.98" CC="004"/>
						<SP ID="P43_SP00083" HPOS="1283" VPOS="1019" WIDTH="44"/>
						<String ID="P43_ST00095" HPOS="1327" VPOS="952" WIDTH="221" HEIGHT="60" CONTENT="millions" WC="1.00" CC="04014000"/>
					</TextLine>
					<TextLine ID="P43_TL00013" HPOS="155" VPOS="1022" WIDTH="1393" HEIGHT="77">
						<String ID="P43_ST00096" HPOS="155" VPOS="1023" WIDTH="53" HEIGHT="59" CONTENT="of" WC="0.64" CC="07"/>
						<SP ID="P43_SP00084" HPOS="208" VPOS="1082" WIDTH="38"/>
						<String ID="P43_ST00097" HPOS="246" VPOS="1022" WIDTH="167" HEIGHT="58" CONTENT="francs" WC="0.99" CC="320001"/>
						<SP ID="P43_SP00085" HPOS="413" VPOS="1082" WIDTH="25"/>
						<String ID="P43_ST00098" HPOS="438" VPOS="1047" WIDTH="13" HEIGHT="42" CONTENT=";" WC="0.63" CC="3"/>
						<SP ID="P43_SP00086" HPOS="451" VPOS="1089" WIDTH="44"/>
						<String ID="P43_ST00099" HPOS="495" VPOS="1023" WIDTH="142" HEIGHT="60" CONTENT="...♦all" WC="0.98" CC="4325044"/>
						<SP ID="P43_SP00087" HPOS="637" VPOS="1089" WIDTH="40"/>
						<String ID="P43_ST00100" HPOS="677" VPOS="1023" WIDTH="98" HEIGHT="60" CONTENT="this" WC="0.98" CC="0070"/>
						<SP ID="P43_SP00088" HPOS="775" VPOS="1089" WIDTH="40"/>
						<String ID="P43_ST00101" HPOS="815" VPOS="1050" WIDTH="109" HEIGHT="34" CONTENT="was" WC="0.97" CC="043"/>
						<SP ID="P43_SP00089" HPOS="924" VPOS="1089" WIDTH="41"/>
						<String ID="P43_ST00102" HPOS="965" VPOS="1028" WIDTH="142" HEIGHT="71" CONTENT="quite" WC="0.97" CC="55550"/>
						<SP ID="P43_SP00090" HPOS="1107" VPOS="1099" WIDTH="40"/>
						<String ID="P43_ST00103" HPOS="1147" VPOS="1028" WIDTH="212" HEIGHT="59" CONTENT="natural." WC="0.99" CC="30700022"/>
						<SP ID="P43_SP00091" HPOS="1359" VPOS="1099" WIDTH="66"/>
						<String ID="P43_ST00104" HPOS="1425" VPOS="1030" WIDTH="123" HEIGHT="58" CONTENT="The" WC="1.00" CC="000"/>
					</TextLine>
					<TextLine ID="P43_TL00014" HPOS="155" VPOS="1099" WIDTH="1393" HEIGHT="80">
						<String ID="P43_ST00105" HPOS="155" VPOS="1101" WIDTH="296" HEIGHT="72" CONTENT="impresario" WC="0.99" CC="4404000040"/>
						<SP ID="P43_SP00092" HPOS="451" VPOS="1173" WIDTH="59"/>
						<String ID="P43_ST00106" HPOS="510" VPOS="1099" WIDTH="106" HEIGHT="58" CONTENT="and" WC="1.00" CC="010"/>
						<SP ID="P43_SP00093" HPOS="616" VPOS="1173" WIDTH="63"/>
						<String ID="P43_ST00107" HPOS="679" VPOS="1101" WIDTH="88" HEIGHT="58" CONTENT="the" WC="1.00" CC="000"/>
						<SP ID="P43_SP00094" HPOS="767" VPOS="1173" WIDTH="58"/>
						<String ID="P43_ST00108" HPOS="825" VPOS="1125" WIDTH="261" HEIGHT="52" CONTENT="manager," WC="0.99" CC="60325003"/>
						<SP ID="P43_SP00095" HPOS="1086" VPOS="1177" WIDTH="61"/>
						<String ID="P43_ST00109" HPOS="1147" VPOS="1102" WIDTH="204" HEIGHT="77" CONTENT="looking" WC="0.98" CC="5300718"/>
						<SP ID="P43_SP00096" HPOS="1351" VPOS="1179" WIDTH="57"/>
						<String ID="P43_ST00110" HPOS="1408" VPOS="1103" WIDTH="140" HEIGHT="75" CONTENT="holy," WC="0.98" CC="04604"/>
					</TextLine>
					<TextLine ID="P43_TL00015" HPOS="155" VPOS="1172" WIDTH="1392" HEIGHT="79">
						<String ID="P43_ST00111" HPOS="155" VPOS="1197" WIDTH="143" HEIGHT="34" CONTENT="were" WC="0.99" CC="0040"/>
						<SP ID="P43_SP00097" HPOS="298" VPOS="1231" WIDTH="21"/>
						<String ID="P43_ST00112" HPOS="319" VPOS="1172" WIDTH="396" HEIGHT="77" CONTENT="photographed" WC="1.00" CC="005300600000"/>
						<SP ID="P43_SP00098" HPOS="715" VPOS="1249" WIDTH="21"/>
						<String ID="P43_ST00113" HPOS="736" VPOS="1176" WIDTH="127" HEIGHT="57" CONTENT="with" WC="0.98" CC="0350"/>
						<SP ID="P43_SP00099" HPOS="863" VPOS="1249" WIDTH="16"/>
						<String ID="P43_ST00114" HPOS="879" VPOS="1176" WIDTH="86" HEIGHT="58" CONTENT="the" WC="0.99" CC="200"/>
						<SP ID="P43_SP00100" HPOS="965" VPOS="1249" WIDTH="22"/>
						<String ID="P43_ST00115" HPOS="987" VPOS="1177" WIDTH="122" HEIGHT="74" CONTENT="lady" WC="0.99" CC="4100"/>
						<SP ID="P43_SP00101" HPOS="1109" VPOS="1251" WIDTH="14"/>
						<String ID="P43_ST00116" HPOS="1123" VPOS="1177" WIDTH="245" HEIGHT="60" CONTENT="between" WC="0.99" CC="7030000"/>
						<SP ID="P43_SP00102" HPOS="1368" VPOS="1251" WIDTH="14"/>
						<String ID="P43_ST00117" HPOS="1382" VPOS="1178" WIDTH="165" HEIGHT="67" CONTENT="them;" WC="0.98" CC="17103"/>
					</TextLine>
					<TextLine ID="P43_TL00016" HPOS="155" VPOS="1248" WIDTH="1390" HEIGHT="81">
						<String ID="P43_ST00118" HPOS="155" VPOS="1248" WIDTH="67" HEIGHT="58" CONTENT="all" WC="0.96" CC="054"/>
						<SP ID="P43_SP00103" HPOS="222" VPOS="1306" WIDTH="39"/>
						<String ID="P43_ST00119" HPOS="261" VPOS="1249" WIDTH="147" HEIGHT="57" CONTENT="Paris" WC="0.99" CC="00520"/>
						<SP ID="P43_SP00104" HPOS="408" VPOS="1306" WIDTH="39"/>
						<String ID="P43_ST00120" HPOS="447" VPOS="1273" WIDTH="112" HEIGHT="35" CONTENT="was" WC="1.00" CC="000"/>
						<SP ID="P43_SP00105" HPOS="559" VPOS="1308" WIDTH="38"/>
						<String ID="P43_ST00121" HPOS="597" VPOS="1251" WIDTH="306" HEIGHT="73" CONTENT="impressed," WC="1.00" CC="5400000003"/>
						<SP ID="P43_SP00106" HPOS="903" VPOS="1324" WIDTH="46"/>
						<String ID="P43_ST00122" HPOS="949" VPOS="1299" WIDTH="72" HEIGHT="12" CONTENT="...." WC="0.97" CC="3332"/>
						<SP ID="P43_SP00107" HPOS="1021" VPOS="1324" WIDTH="55"/>
						<String ID="P43_ST00123" HPOS="1076" VPOS="1256" WIDTH="99" HEIGHT="69" CONTENT="just" WC="0.97" CC="6005"/>
						<SP ID="P43_SP00108" HPOS="1175" VPOS="1325" WIDTH="52"/>
						<String ID="P43_ST00124" HPOS="1227" VPOS="1254" WIDTH="101" HEIGHT="57" CONTENT="like" WC="0.97" CC="5602"/>
						<SP ID="P43_SP00109" HPOS="1328" VPOS="1325" WIDTH="41"/>
						<String ID="P43_ST00125" HPOS="1369" VPOS="1254" WIDTH="176" HEIGHT="75" CONTENT="today." WC="0.98" CC="440303"/>
					</TextLine>
					<TextLine ID="P43_TL00017" HPOS="268" VPOS="1323" WIDTH="1275" HEIGHT="65">
						<String ID="P43_ST00126" HPOS="268" VPOS="1323" WIDTH="136" HEIGHT="58" CONTENT="And" WC="0.98" CC="050"/>
						<SP ID="P43_SP00110" HPOS="404" VPOS="1381" WIDTH="40"/>
						<String ID="P43_ST00127" HPOS="444" VPOS="1348" WIDTH="93" HEIGHT="33" CONTENT="our" WC="0.95" CC="561"/>
						<SP ID="P43_SP00111" HPOS="537" VPOS="1381" WIDTH="48"/>
						<String ID="P43_ST00128" HPOS="585" VPOS="1325" WIDTH="140" HEIGHT="58" CONTENT="1924" WC="0.79" CC="7000"/>
						<SP ID="P43_SP00112" HPOS="725" VPOS="1383" WIDTH="46"/>
						<String ID="P43_ST00129" HPOS="771" VPOS="1325" WIDTH="231" HEIGHT="59" CONTENT="Theatre" WC="1.00" CC="0000000"/>
						<SP ID="P43_SP00113" HPOS="1002" VPOS="1384" WIDTH="38"/>
						<String ID="P43_ST00130" HPOS="1040" VPOS="1329" WIDTH="43" HEIGHT="56" CONTENT="is" WC="0.71" CC="50"/>
						<SP ID="P43_SP00114" HPOS="1083" VPOS="1385" WIDTH="53"/>
						<String ID="P43_ST00131" HPOS="1136" VPOS="1328" WIDTH="178" HEIGHT="58" CONTENT="where" WC="1.00" CC="00020"/>
						<SP ID="P43_SP00115" HPOS="1314" VPOS="1386" WIDTH="38"/>
						<String ID="P43_ST00132" HPOS="1352" VPOS="1331" WIDTH="40" HEIGHT="57" CONTENT="it" WC="0.58" CC="44"/>
						<SP ID="P43_SP00116" HPOS="1392" VPOS="1388" WIDTH="39"/>
						<String ID="P43_ST00133" HPOS="1431" VPOS="1353" WIDTH="112" HEIGHT="35" CONTENT="was" WC="1.00" CC="000"/>
					</TextLine>
					<TextLine ID="P43_TL00018" HPOS="156" VPOS="1400" WIDTH="1384" HEIGHT="78">
						<String ID="P43_ST00134" HPOS="156" VPOS="1403" WIDTH="52" HEIGHT="56" CONTENT="in" WC="0.64" CC="70"/>
						<SP ID="P43_SP00117" HPOS="208" VPOS="1459" WIDTH="48"/>
						<String ID="P43_ST00135" HPOS="256" VPOS="1400" WIDTH="177" HEIGHT="58" CONTENT="1870:" WC="0.51" CC="87205"/>
						<SP ID="P43_SP00118" HPOS="433" VPOS="1459" WIDTH="42"/>
						<String ID="P43_ST00136" HPOS="475" VPOS="1402" WIDTH="38" HEIGHT="56" CONTENT="it" WC="0.65" CC="70"/>
						<SP ID="P43_SP00119" HPOS="513" VPOS="1459" WIDTH="38"/>
						<String ID="P43_ST00137" HPOS="551" VPOS="1402" WIDTH="43" HEIGHT="56" CONTENT="is" WC="0.59" CC="80"/>
						<SP ID="P43_SP00120" HPOS="594" VPOS="1459" WIDTH="40"/>
						<String ID="P43_ST00138" HPOS="634" VPOS="1400" WIDTH="176" HEIGHT="59" CONTENT="where" WC="1.00" CC="00030"/>
						<SP ID="P43_SP00121" HPOS="810" VPOS="1459" WIDTH="60"/>
						<String ID="P43_ST00139" HPOS="870" VPOS="1402" WIDTH="146" HEIGHT="58" CONTENT="these" WC="0.99" CC="30200"/>
						<SP ID="P43_SP00122" HPOS="1016" VPOS="1460" WIDTH="49"/>
						<String ID="P43_ST00140" HPOS="1065" VPOS="1407" WIDTH="323" HEIGHT="71" CONTENT="impresarios" WC="1.00" CC="50010000620"/>
						<SP ID="P43_SP00123" HPOS="1388" VPOS="1478" WIDTH="47"/>
						<String ID="P43_ST00141" HPOS="1435" VPOS="1405" WIDTH="105" HEIGHT="59" CONTENT="and" WC="0.98" CC="050"/>
					</TextLine>
					<TextLine ID="P43_TL00019" HPOS="156" VPOS="1475" WIDTH="1395" HEIGHT="78">
						<String ID="P43_ST00142" HPOS="156" VPOS="1498" WIDTH="286" HEIGHT="52" CONTENT="managers," WC="1.00" CC="020002003"/>
						<SP ID="P43_SP00124" HPOS="442" VPOS="1550" WIDTH="61"/>
						<String ID="P43_ST00143" HPOS="503" VPOS="1475" WIDTH="125" HEIGHT="57" CONTENT="with" WC="0.97" CC="0570"/>
						<SP ID="P43_SP00125" HPOS="628" VPOS="1550" WIDTH="59"/>
						<String ID="P43_ST00144" HPOS="687" VPOS="1475" WIDTH="131" HEIGHT="59" CONTENT="their" WC="0.98" CC="07042"/>
						<SP ID="P43_SP00126" HPOS="818" VPOS="1550" WIDTH="38"/>
						<String ID="P43_ST00145" HPOS="856" VPOS="1477" WIDTH="175" HEIGHT="59" CONTENT="clever" WC="0.99" CC="440000"/>
						<SP ID="P43_SP00127" HPOS="1031" VPOS="1550" WIDTH="56"/>
						<String ID="P43_ST00146" HPOS="1087" VPOS="1479" WIDTH="371" HEIGHT="74" CONTENT="manipulation" WC="0.99" CC="820404400400"/>
						<SP ID="P43_SP00128" HPOS="1458" VPOS="1553" WIDTH="38"/>
						<String ID="P43_ST00147" HPOS="1496" VPOS="1482" WIDTH="55" HEIGHT="57" CONTENT="of" WC="0.55" CC="17"/>
					</TextLine>
					<TextLine ID="P43_TL00020" HPOS="157" VPOS="1550" WIDTH="720" HEIGHT="68">
						<String ID="P43_ST00148" HPOS="157" VPOS="1574" WIDTH="226" HEIGHT="44" CONTENT="women," WC="0.99" CC="043003"/>
						<SP ID="P43_SP00129" HPOS="383" VPOS="1618" WIDTH="42"/>
						<String ID="P43_ST00149" HPOS="425" VPOS="1550" WIDTH="182" HEIGHT="59" CONTENT="would" WC="0.99" CC="00170"/>
						<SP ID="P43_SP00130" HPOS="607" VPOS="1618" WIDTH="39"/>
						<String ID="P43_ST00150" HPOS="646" VPOS="1550" WIDTH="134" HEIGHT="60" CONTENT="have" WC="1.00" CC="0001"/>
						<SP ID="P43_SP00131" HPOS="780" VPOS="1618" WIDTH="43"/>
						<String ID="P43_ST00151" HPOS="823" VPOS="1555" WIDTH="54" HEIGHT="56" CONTENT="it." WC="0.95" CC="643"/>
					</TextLine>
					<TextLine ID="P43_TL00021" HPOS="275" VPOS="1625" WIDTH="1274" HEIGHT="65">
						<String ID="P43_ST00152" HPOS="275" VPOS="1626" WIDTH="41" HEIGHT="58" CONTENT="It" WC="0.63" CC="70"/>
						<SP ID="P43_SP00132" HPOS="316" VPOS="1684" WIDTH="56"/>
						<String ID="P43_ST00153" HPOS="372" VPOS="1629" WIDTH="43" HEIGHT="55" CONTENT="is" WC="0.50" CC="72"/>
						<SP ID="P43_SP00133" HPOS="415" VPOS="1684" WIDTH="51"/>
						<String ID="P43_ST00154" HPOS="466" VPOS="1625" WIDTH="223" HEIGHT="60" CONTENT="devilish" WC="0.99" CC="04047720"/>
						<SP ID="P43_SP00134" HPOS="689" VPOS="1685" WIDTH="59"/>
						<String ID="P43_ST00155" HPOS="748" VPOS="1628" WIDTH="175" HEIGHT="58" CONTENT="clever" WC="0.99" CC="040600"/>
						<SP ID="P43_SP00135" HPOS="923" VPOS="1686" WIDTH="57"/>
						<String ID="P43_ST00156" HPOS="980" VPOS="1643" WIDTH="52" HEIGHT="43" CONTENT="to" WC="0.94" CC="10"/>
						<SP ID="P43_SP00136" HPOS="1032" VPOS="1686" WIDTH="60"/>
						<String ID="P43_ST00157" HPOS="1092" VPOS="1629" WIDTH="72" HEIGHT="60" CONTENT="be" WC="0.53" CC="72"/>
						<SP ID="P43_SP00137" HPOS="1164" VPOS="1689" WIDTH="51"/>
						<String ID="P43_ST00158" HPOS="1215" VPOS="1654" WIDTH="132" HEIGHT="36" CONTENT="sure." WC="0.98" CC="04503"/>
						<SP ID="P43_SP00138" HPOS="1347" VPOS="1690" WIDTH="79"/>
						<String ID="P43_ST00159" HPOS="1426" VPOS="1630" WIDTH="123" HEIGHT="60" CONTENT="The" WC="0.98" CC="060"/>
					</TextLine>
					<TextLine ID="P43_TL00022" HPOS="160" VPOS="1700" WIDTH="1388" HEIGHT="80">
						<String ID="P43_ST00160" HPOS="160" VPOS="1700" WIDTH="168" HEIGHT="59" CONTENT="world" WC="0.98" CC="02440"/>
						<SP ID="P43_SP00139" HPOS="328" VPOS="1759" WIDTH="41"/>
						<String ID="P43_ST00161" HPOS="369" VPOS="1715" WIDTH="113" HEIGHT="60" CONTENT="gets" WC="1.00" CC="0020"/>
						<SP ID="P43_SP00140" HPOS="482" VPOS="1775" WIDTH="49"/>
						<String ID="P43_ST00162" HPOS="531" VPOS="1701" WIDTH="162" HEIGHT="59" CONTENT="bitten" WC="0.98" CC="750304"/>
						<SP ID="P43_SP00141" HPOS="693" VPOS="1775" WIDTH="41"/>
						<String ID="P43_ST00163" HPOS="734" VPOS="1703" WIDTH="71" HEIGHT="73" CONTENT="by" WC="1.00" CC="00"/>
						<SP ID="P43_SP00142" HPOS="805" VPOS="1776" WIDTH="38"/>
						<String ID="P43_ST00164" HPOS="843" VPOS="1728" WIDTH="32" HEIGHT="33" CONTENT="a" WC="1.00" CC="0"/>
						<SP ID="P43_SP00143" HPOS="875" VPOS="1776" WIDTH="39"/>
						<String ID="P43_ST00165" HPOS="914" VPOS="1703" WIDTH="210" HEIGHT="77" CONTENT="longing" WC="0.98" CC="4520629"/>
						<SP ID="P43_SP00144" HPOS="1124" VPOS="1780" WIDTH="52"/>
						<String ID="P43_ST00166" HPOS="1176" VPOS="1720" WIDTH="52" HEIGHT="42" CONTENT="to" WC="0.64" CC="70"/>
						<SP ID="P43_SP00145" HPOS="1228" VPOS="1780" WIDTH="39"/>
						<String ID="P43_ST00167" HPOS="1267" VPOS="1731" WIDTH="90" HEIGHT="33" CONTENT="see" WC="1.00" CC="000"/>
						<SP ID="P43_SP00146" HPOS="1357" VPOS="1780" WIDTH="41"/>
						<String ID="P43_ST00168" HPOS="1398" VPOS="1731" WIDTH="32" HEIGHT="33" CONTENT="a" WC="0.37" CC="6"/>
						<SP ID="P43_SP00147" HPOS="1430" VPOS="1780" WIDTH="39"/>
						<String ID="P43_ST00169" HPOS="1469" VPOS="1731" WIDTH="53" HEIGHT="34" CONTENT="sa" SUBS_TYPE="HypPart1" SUBS_CONTENT="sacred" WC="0.97" CC="30"/>
						<HYP HPOS="1522" VPOS="1731" WIDTH="26" CONTENT="-"/>
					</TextLine>
					<TextLine ID="P43_TL00023" HPOS="160" VPOS="1775" WIDTH="1389" HEIGHT="80">
						<String ID="P43_ST00170" HPOS="160" VPOS="1775" WIDTH="124" HEIGHT="60" CONTENT="cred" SUBS_TYPE="HypPart2" SUBS_CONTENT="sacred" WC="1.00" CC="0000"/>
						<SP ID="P43_SP00148" HPOS="284" VPOS="1835" WIDTH="40"/>
						<String ID="P43_ST00171" HPOS="324" VPOS="1776" WIDTH="139" HEIGHT="74" CONTENT="play," WC="0.99" CC="05103"/>
						<SP ID="P43_SP00149" HPOS="463" VPOS="1850" WIDTH="46"/>
						<String ID="P43_ST00172" HPOS="509" VPOS="1778" WIDTH="267" HEIGHT="77" CONTENT="....having" WC="0.99" CC="4044600030"/>
						<SP ID="P43_SP00150" HPOS="776" VPOS="1855" WIDTH="38"/>
						<String ID="P43_ST00173" HPOS="814" VPOS="1778" WIDTH="162" HEIGHT="59" CONTENT="heard" WC="0.99" CC="70030"/>
						<SP ID="P43_SP00151" HPOS="976" VPOS="1855" WIDTH="40"/>
						<String ID="P43_ST00174" HPOS="1016" VPOS="1780" WIDTH="107" HEIGHT="57" CONTENT="that" WC="0.99" CC="0040"/>
						<SP ID="P43_SP00152" HPOS="1123" VPOS="1855" WIDTH="38"/>
						<String ID="P43_ST00175" HPOS="1161" VPOS="1781" WIDTH="86" HEIGHT="58" CONTENT="the" WC="0.97" CC="700"/>
						<SP ID="P43_SP00153" HPOS="1247" VPOS="1855" WIDTH="39"/>
						<String ID="P43_ST00176" HPOS="1286" VPOS="1781" WIDTH="226" HEIGHT="60" CONTENT="Oberam" SUBS_TYPE="HypPart1" SUBS_CONTENT="Oberammergau" WC="0.56" CC="670380"/>
						<HYP HPOS="1512" VPOS="1781" WIDTH="37" CONTENT="-"/>
					</TextLine>
					<TextLine ID="P43_TL00024" HPOS="159" VPOS="1853" WIDTH="1390" HEIGHT="73">
						<String ID="P43_ST00177" HPOS="159" VPOS="1874" WIDTH="208" HEIGHT="52" CONTENT="mergau" SUBS_TYPE="HypPart2" SUBS_CONTENT="Oberammergau" WC="0.95" CC="002000"/>
						<SP ID="P43_SP00154" HPOS="367" VPOS="1926" WIDTH="41"/>
						<String ID="P43_ST00178" HPOS="408" VPOS="1853" WIDTH="219" HEIGHT="58" CONTENT="Passion" WC="0.98" CC="3005706"/>
						<SP ID="P43_SP00155" HPOS="627" VPOS="1926" WIDTH="40"/>
						<String ID="P43_ST00179" HPOS="667" VPOS="1853" WIDTH="132" HEIGHT="73" CONTENT="Play" WC="1.00" CC="0100"/>
						<SP ID="P43_SP00156" HPOS="799" VPOS="1926" WIDTH="38"/>
						<String ID="P43_ST00180" HPOS="837" VPOS="1856" WIDTH="43" HEIGHT="55" CONTENT="is" WC="0.66" CC="60"/>
						<SP ID="P43_SP00157" HPOS="880" VPOS="1926" WIDTH="41"/>
						<String ID="P43_ST00181" HPOS="921" VPOS="1865" WIDTH="87" HEIGHT="47" CONTENT="not" WC="0.94" CC="905" STYLEREFS="TXT_2"/>
						<SP ID="P43_SP00158" HPOS="1008" VPOS="1926" WIDTH="37"/>
						<String ID="P43_ST00182" HPOS="1045" VPOS="1870" WIDTH="51" HEIGHT="42" CONTENT="to" WC="0.53" CC="44"/>
						<SP ID="P43_SP00159" HPOS="1096" VPOS="1926" WIDTH="27"/>
						<String ID="P43_ST00183" HPOS="1123" VPOS="1855" WIDTH="71" HEIGHT="58" CONTENT="be" WC="1.00" CC="00"/>
						<SP ID="P43_SP00160" HPOS="1194" VPOS="1926" WIDTH="26"/>
						<String ID="P43_ST00184" HPOS="1220" VPOS="1882" WIDTH="127" HEIGHT="33" CONTENT="seen" WC="1.00" CC="0000"/>
						<SP ID="P43_SP00161" HPOS="1347" VPOS="1926" WIDTH="28"/>
						<String ID="P43_ST00185" HPOS="1375" VPOS="1858" WIDTH="174" HEIGHT="58" CONTENT="unless" WC="0.99" CC="355000"/>
					</TextLine>
					<TextLine ID="P43_TL00025" HPOS="159" VPOS="1926" WIDTH="1390" HEIGHT="79">
						<String ID="P43_ST00186" HPOS="159" VPOS="1926" WIDTH="86" HEIGHT="60" CONTENT="the" WC="0.95" CC="670"/>
						<SP ID="P43_SP00162" HPOS="245" VPOS="1986" WIDTH="25"/>
						<String ID="P43_ST00187" HPOS="270" VPOS="1926" WIDTH="168" HEIGHT="60" CONTENT="world" WC="0.98" CC="03129"/>
						<SP ID="P43_SP00163" HPOS="438" VPOS="1986" WIDTH="27"/>
						<String ID="P43_ST00188" HPOS="465" VPOS="1929" WIDTH="106" HEIGHT="57" CONTENT="will" WC="0.97" CC="0346"/>
						<SP ID="P43_SP00164" HPOS="571" VPOS="1986" WIDTH="28"/>
						<String ID="P43_ST00189" HPOS="599" VPOS="1927" WIDTH="162" HEIGHT="60" CONTENT="travel" WC="0.98" CC="130708"/>
						<SP ID="P43_SP00165" HPOS="761" VPOS="1987" WIDTH="40"/>
						<String ID="P43_ST00190" HPOS="801" VPOS="1930" WIDTH="68" HEIGHT="57" CONTENT="all" WC="0.95" CC="065"/>
						<SP ID="P43_SP00166" HPOS="869" VPOS="1987" WIDTH="39"/>
						<String ID="P43_ST00191" HPOS="908" VPOS="1930" WIDTH="86" HEIGHT="57" CONTENT="the" WC="0.95" CC="660"/>
						<SP ID="P43_SP00167" HPOS="994" VPOS="1987" WIDTH="41"/>
						<String ID="P43_ST00192" HPOS="1035" VPOS="1954" WIDTH="118" HEIGHT="51" CONTENT="way" WC="0.97" CC="080"/>
						<SP ID="P43_SP00168" HPOS="1153" VPOS="2005" WIDTH="39"/>
						<String ID="P43_ST00193" HPOS="1192" VPOS="1945" WIDTH="54" HEIGHT="45" CONTENT="to" WC="0.83" CC="21"/>
						<SP ID="P43_SP00169" HPOS="1246" VPOS="2005" WIDTH="39"/>
						<String ID="P43_ST00194" HPOS="1285" VPOS="1933" WIDTH="227" HEIGHT="59" CONTENT="Oberam" SUBS_TYPE="HypPart1" SUBS_CONTENT="Oberammergau," WC="0.78" CC="070300"/>
						<HYP HPOS="1512" VPOS="1933" WIDTH="37" CONTENT="-"/>
					</TextLine>
					<TextLine ID="P43_TL00026" HPOS="159" VPOS="2004" WIDTH="1392" HEIGHT="78">
						<String ID="P43_ST00195" HPOS="159" VPOS="2025" WIDTH="226" HEIGHT="51" CONTENT="mergau," SUBS_TYPE="HypPart2" SUBS_CONTENT="Oberammergau," WC="0.71" CC="0019303"/>
						<SP ID="P43_SP00170" HPOS="385" VPOS="2076" WIDTH="42"/>
						<String ID="P43_ST00196" HPOS="427" VPOS="2004" WIDTH="104" HEIGHT="57" CONTENT="and" WC="0.92" CC="559"/>
						<SP ID="P43_SP00171" HPOS="531" VPOS="2076" WIDTH="61"/>
						<String ID="P43_ST00197" HPOS="592" VPOS="2005" WIDTH="122" HEIGHT="57" CONTENT="then" WC="0.97" CC="1605"/>
						<SP ID="P43_SP00172" HPOS="714" VPOS="2076" WIDTH="58"/>
						<String ID="P43_ST00198" HPOS="772" VPOS="2005" WIDTH="123" HEIGHT="74" CONTENT="only" WC="0.97" CC="5350"/>
						<SP ID="P43_SP00173" HPOS="895" VPOS="2079" WIDTH="57"/>
						<String ID="P43_ST00199" HPOS="952" VPOS="2030" WIDTH="135" HEIGHT="33" CONTENT="once" WC="0.98" CC="5104"/>
						<SP ID="P43_SP00174" HPOS="1087" VPOS="2079" WIDTH="58"/>
						<String ID="P43_ST00200" HPOS="1145" VPOS="2009" WIDTH="52" HEIGHT="56" CONTENT="in" WC="0.63" CC="51"/>
						<SP ID="P43_SP00175" HPOS="1197" VPOS="2079" WIDTH="59"/>
						<String ID="P43_ST00201" HPOS="1256" VPOS="2033" WIDTH="157" HEIGHT="49" CONTENT="every" WC="1.00" CC="00030"/>
						<SP ID="P43_SP00176" HPOS="1413" VPOS="2082" WIDTH="50"/>
						<String ID="P43_ST00202" HPOS="1463" VPOS="2024" WIDTH="88" HEIGHT="43" CONTENT="ten" WC="0.99" CC="020"/>
					</TextLine>
					<TextLine ID="P43_TL00027" HPOS="159" VPOS="2079" WIDTH="1394" HEIGHT="81">
						<String ID="P43_ST00203" HPOS="159" VPOS="2101" WIDTH="163" HEIGHT="51" CONTENT="years." WC="0.99" CC="000204"/>
						<SP ID="P43_SP00177" HPOS="322" VPOS="2152" WIDTH="84"/>
						<String ID="P43_ST00204" HPOS="406" VPOS="2079" WIDTH="75" HEIGHT="58" CONTENT="So" WC="0.45" CC="46"/>
						<SP ID="P43_SP00178" HPOS="481" VPOS="2152" WIDTH="40"/>
						<String ID="P43_ST00205" HPOS="521" VPOS="2079" WIDTH="86" HEIGHT="58" CONTENT="the" WC="1.00" CC="000"/>
						<SP ID="P43_SP00179" HPOS="607" VPOS="2152" WIDTH="39"/>
						<String ID="P43_ST00206" HPOS="646" VPOS="2082" WIDTH="299" HEIGHT="72" CONTENT="impresario" WC="0.99" CC="6000000660"/>
						<SP ID="P43_SP00180" HPOS="945" VPOS="2154" WIDTH="58"/>
						<String ID="P43_ST00207" HPOS="1003" VPOS="2081" WIDTH="104" HEIGHT="59" CONTENT="and" WC="0.98" CC="500"/>
						<SP ID="P43_SP00181" HPOS="1107" VPOS="2154" WIDTH="55"/>
						<String ID="P43_ST00208" HPOS="1162" VPOS="2082" WIDTH="86" HEIGHT="59" CONTENT="the" WC="0.99" CC="001"/>
						<SP ID="P43_SP00182" HPOS="1248" VPOS="2154" WIDTH="61"/>
						<String ID="P43_ST00209" HPOS="1309" VPOS="2108" WIDTH="244" HEIGHT="52" CONTENT="manager" WC="0.98" CC="0134903"/>
					</TextLine>
					<TextLine ID="P43_TL00028" HPOS="157" VPOS="2154" WIDTH="1396" HEIGHT="74">
						<String ID="P43_ST00210" HPOS="157" VPOS="2154" WIDTH="201" HEIGHT="57" CONTENT="resolve" WC="0.99" CC="3000800"/>
						<SP ID="P43_SP00183" HPOS="358" VPOS="2211" WIDTH="41"/>
						<String ID="P43_ST00211" HPOS="399" VPOS="2169" WIDTH="52" HEIGHT="42" CONTENT="to" WC="0.70" CC="23"/>
						<SP ID="P43_SP00184" HPOS="451" VPOS="2211" WIDTH="40"/>
						<String ID="P43_ST00212" HPOS="491" VPOS="2154" WIDTH="149" HEIGHT="58" CONTENT="make" WC="0.98" CC="6300"/>
						<SP ID="P43_SP00185" HPOS="640" VPOS="2212" WIDTH="42"/>
						<String ID="P43_ST00213" HPOS="682" VPOS="2179" WIDTH="71" HEIGHT="49" CONTENT="up" WC="0.88" CC="20"/>
						<SP ID="P43_SP00186" HPOS="753" VPOS="2228" WIDTH="41"/>
						<String ID="P43_ST00214" HPOS="794" VPOS="2180" WIDTH="30" HEIGHT="33" CONTENT="a" WC="1.00" CC="0"/>
						<SP ID="P43_SP00187" HPOS="824" VPOS="2228" WIDTH="39"/>
						<String ID="P43_ST00215" HPOS="863" VPOS="2155" WIDTH="273" HEIGHT="59" CONTENT="substitute" WC="0.98" CC="6074636760"/>
						<SP ID="P43_SP00188" HPOS="1136" VPOS="2228" WIDTH="42"/>
						<String ID="P43_ST00216" HPOS="1178" VPOS="2173" WIDTH="54" HEIGHT="41" CONTENT="to" WC="1.00" CC="00"/>
						<SP ID="P43_SP00189" HPOS="1232" VPOS="2228" WIDTH="40"/>
						<String ID="P43_ST00217" HPOS="1272" VPOS="2159" WIDTH="211" HEIGHT="58" CONTENT="console" WC="0.98" CC="0556640"/>
						<SP ID="P43_SP00190" HPOS="1483" VPOS="2228" WIDTH="40"/>
						<String ID="P43_ST00218" HPOS="1523" VPOS="2184" WIDTH="30" HEIGHT="33" CONTENT="a" WC="1.00" CC="0"/>
					</TextLine>
					<TextLine ID="P43_TL00029" HPOS="159" VPOS="2228" WIDTH="1390" HEIGHT="82">
						<String ID="P43_ST00219" HPOS="159" VPOS="2228" WIDTH="167" HEIGHT="59" CONTENT="fretful" WC="0.98" CC="6003743"/>
						<SP ID="P43_SP00191" HPOS="326" VPOS="2287" WIDTH="42"/>
						<String ID="P43_ST00220" HPOS="368" VPOS="2231" WIDTH="187" HEIGHT="57" CONTENT="world." WC="0.98" CC="032503"/>
						<SP ID="P43_SP00192" HPOS="555" VPOS="2288" WIDTH="82"/>
						<String ID="P43_ST00221" HPOS="637" VPOS="2231" WIDTH="41" HEIGHT="57" CONTENT="It" WC="1.00" CC="00"/>
						<SP ID="P43_SP00193" HPOS="678" VPOS="2288" WIDTH="38"/>
						<String ID="P43_ST00222" HPOS="716" VPOS="2232" WIDTH="145" HEIGHT="56" CONTENT="shall" WC="0.97" CC="79004" STYLEREFS="TXT_2"/>
						<SP ID="P43_SP00194" HPOS="861" VPOS="2288" WIDTH="34"/>
						<String ID="P43_ST00223" HPOS="895" VPOS="2232" WIDTH="134" HEIGHT="59" CONTENT="have" WC="0.98" CC="7002"/>
						<SP ID="P43_SP00195" HPOS="1029" VPOS="2291" WIDTH="39"/>
						<String ID="P43_ST00224" HPOS="1068" VPOS="2235" WIDTH="61" HEIGHT="56" CONTENT="its" WC="0.96" CC="550"/>
						<SP ID="P43_SP00196" HPOS="1129" VPOS="2291" WIDTH="54"/>
						<String ID="P43_ST00225" HPOS="1183" VPOS="2235" WIDTH="182" HEIGHT="58" CONTENT="sacred" WC="1.00" CC="000200"/>
						<SP ID="P43_SP00197" HPOS="1365" VPOS="2293" WIDTH="46"/>
						<String ID="P43_ST00226" HPOS="1411" VPOS="2236" WIDTH="138" HEIGHT="74" CONTENT="play," WC="0.99" CC="02500"/>
					</TextLine>
					<TextLine ID="P43_TL00030" HPOS="160" VPOS="2305" WIDTH="1393" HEIGHT="72">
						<String ID="P43_ST00227" HPOS="160" VPOS="2350" WIDTH="74" HEIGHT="13" CONTENT="...." WC="0.98" CC="0433"/>
						<SP ID="P43_SP00198" HPOS="234" VPOS="2363" WIDTH="44"/>
						<String ID="P43_ST00228" HPOS="278" VPOS="2305" WIDTH="91" HEIGHT="57" CONTENT="but" WC="0.97" CC="600"/>
						<SP ID="P43_SP00199" HPOS="369" VPOS="2363" WIDTH="39"/>
						<String ID="P43_ST00229" HPOS="408" VPOS="2307" WIDTH="39" HEIGHT="56" CONTENT="it" WC="0.48" CC="64"/>
						<SP ID="P43_SP00200" HPOS="447" VPOS="2363" WIDTH="39"/>
						<String ID="P43_ST00230" HPOS="486" VPOS="2321" WIDTH="142" HEIGHT="43" CONTENT="wont" WC="0.98" CC="0720"/>
						<SP ID="P43_SP00201" HPOS="628" VPOS="2364" WIDTH="60"/>
						<String ID="P43_ST00231" HPOS="688" VPOS="2307" WIDTH="174" HEIGHT="70" CONTENT="really" WC="0.99" CC="041100" STYLEREFS="TXT_2"/>
						<SP ID="P43_SP00202" HPOS="862" VPOS="2377" WIDTH="59"/>
						<String ID="P43_ST00232" HPOS="921" VPOS="2308" WIDTH="71" HEIGHT="58" CONTENT="be" WC="1.00" CC="00"/>
						<SP ID="P43_SP00203" HPOS="992" VPOS="2377" WIDTH="58"/>
						<String ID="P43_ST00233" HPOS="1050" VPOS="2333" WIDTH="59" HEIGHT="33" CONTENT="so" WC="0.50" CC="54"/>
						<SP ID="P43_SP00204" HPOS="1109" VPOS="2377" WIDTH="40"/>
						<String ID="P43_ST00234" HPOS="1149" VPOS="2311" WIDTH="182" HEIGHT="57" CONTENT="sacred" WC="0.99" CC="210009"/>
						<SP ID="P43_SP00205" HPOS="1331" VPOS="2377" WIDTH="58"/>
						<String ID="P43_ST00235" HPOS="1389" VPOS="2335" WIDTH="56" HEIGHT="33" CONTENT="as" WC="1.00" CC="00"/>
						<SP ID="P43_SP00206" HPOS="1445" VPOS="2377" WIDTH="39"/>
						<String ID="P43_ST00236" HPOS="1484" VPOS="2311" WIDTH="69" HEIGHT="57" CONTENT="all" WC="0.95" CC="345"/>
					</TextLine>
					<TextLine ID="P43_TL00031" HPOS="159" VPOS="2378" WIDTH="1394" HEIGHT="79">
						<String ID="P43_ST00237" HPOS="159" VPOS="2378" WIDTH="120" HEIGHT="70" CONTENT="that," WC="0.98" CC="57050"/>
						<SP ID="P43_SP00207" HPOS="279" VPOS="2448" WIDTH="46"/>
						<String ID="P43_ST00238" HPOS="325" VPOS="2380" WIDTH="230" HEIGHT="58" CONTENT="because" WC="0.99" CC="7030400"/>
						<SP ID="P43_SP00208" HPOS="555" VPOS="2448" WIDTH="40"/>
						<String ID="P43_ST00239" HPOS="595" VPOS="2405" WIDTH="86" HEIGHT="33" CONTENT="we" WC="1.00" CC="00"/>
						<SP ID="P43_SP00209" HPOS="681" VPOS="2448" WIDTH="39"/>
						<String ID="P43_ST00240" HPOS="720" VPOS="2406" WIDTH="88" HEIGHT="33" CONTENT="are" WC="1.00" CC="000"/>
						<SP ID="P43_SP00210" HPOS="808" VPOS="2448" WIDTH="40"/>
						<String ID="P43_ST00241" HPOS="848" VPOS="2383" WIDTH="225" HEIGHT="71" CONTENT="prudent" WC="0.99" CC="0050055"/>
						<SP ID="P43_SP00211" HPOS="1073" VPOS="2454" WIDTH="28"/>
						<String ID="P43_ST00242" HPOS="1101" VPOS="2383" WIDTH="296" HEIGHT="74" CONTENT="gentlemen" WC="0.99" CC="905040205"/>
						<SP ID="P43_SP00212" HPOS="1397" VPOS="2457" WIDTH="27"/>
						<String ID="P43_ST00243" HPOS="1424" VPOS="2386" WIDTH="129" HEIGHT="58" CONTENT="from" WC="0.99" CC="3110"/>
					</TextLine>
					<TextLine ID="P43_TL00032" HPOS="157" VPOS="2453" WIDTH="1395" HEIGHT="69">
						<String ID="P43_ST00244" HPOS="157" VPOS="2453" WIDTH="88" HEIGHT="59" CONTENT="the" WC="0.96" CC="072"/>
						<SP ID="P43_SP00213" HPOS="245" VPOS="2512" WIDTH="41"/>
						<String ID="P43_ST00245" HPOS="286" VPOS="2454" WIDTH="147" HEIGHT="68" CONTENT="East," WC="0.97" CC="61352"/>
						<SP ID="P43_SP00214" HPOS="433" VPOS="2522" WIDTH="35"/>
						<String ID="P43_ST00246" HPOS="468" VPOS="2457" WIDTH="103" HEIGHT="57" CONTENT="and" WC="0.92" CC="569"/>
						<SP ID="P43_SP00215" HPOS="571" VPOS="2522" WIDTH="40"/>
						<String ID="P43_ST00247" HPOS="611" VPOS="2457" WIDTH="157" HEIGHT="58" CONTENT="know" WC="0.98" CC="0640"/>
						<SP ID="P43_SP00216" HPOS="768" VPOS="2522" WIDTH="52"/>
						<String ID="P43_ST00248" HPOS="820" VPOS="2457" WIDTH="107" HEIGHT="58" CONTENT="that" WC="0.96" CC="9006"/>
						<SP ID="P43_SP00217" HPOS="927" VPOS="2522" WIDTH="38"/>
						<String ID="P43_ST00249" HPOS="965" VPOS="2458" WIDTH="86" HEIGHT="57" CONTENT="the" WC="1.00" CC="000"/>
						<SP ID="P43_SP00218" HPOS="1051" VPOS="2522" WIDTH="41"/>
						<String ID="P43_ST00250" HPOS="1092" VPOS="2460" WIDTH="253" HEIGHT="59" CONTENT="'Western" WC="0.98" CC="47450054"/>
						<SP ID="P43_SP00219" HPOS="1345" VPOS="2522" WIDTH="39"/>
						<String ID="P43_ST00251" HPOS="1384" VPOS="2462" WIDTH="168" HEIGHT="57" CONTENT="world" WC="0.99" CC="03150"/>
					</TextLine>
					<TextLine ID="P43_TL00033" HPOS="159" VPOS="2529" WIDTH="1394" HEIGHT="83">
						<String ID="P43_ST00252" HPOS="159" VPOS="2529" WIDTH="217" HEIGHT="73" CONTENT="(which," WC="1.00" CC="0004002"/>
						<SP ID="P43_SP00220" HPOS="376" VPOS="2602" WIDTH="44"/>
						<String ID="P43_ST00253" HPOS="420" VPOS="2533" WIDTH="70" HEIGHT="74" CONTENT="by" WC="0.63" CC="70"/>
						<SP ID="P43_SP00221" HPOS="490" VPOS="2607" WIDTH="39"/>
						<String ID="P43_ST00254" HPOS="529" VPOS="2532" WIDTH="87" HEIGHT="58" CONTENT="the" WC="0.95" CC="560"/>
						<SP ID="P43_SP00222" HPOS="616" VPOS="2607" WIDTH="40"/>
						<String ID="P43_ST00255" HPOS="656" VPOS="2556" WIDTH="138" HEIGHT="51" CONTENT="way," WC="0.98" CC="8002"/>
						<SP ID="P43_SP00223" HPOS="794" VPOS="2607" WIDTH="40"/>
						<String ID="P43_ST00256" HPOS="834" VPOS="2557" WIDTH="85" HEIGHT="35" CONTENT="we" WC="1.00" CC="00"/>
						<SP ID="P43_SP00224" HPOS="919" VPOS="2607" WIDTH="42"/>
						<String ID="P43_ST00257" HPOS="961" VPOS="2535" WIDTH="236" HEIGHT="73" CONTENT="despise)" WC="1.00" CC="00004300"/>
						<SP ID="P43_SP00225" HPOS="1197" VPOS="2608" WIDTH="41"/>
						<String ID="P43_ST00258" HPOS="1238" VPOS="2537" WIDTH="122" HEIGHT="75" CONTENT="only" WC="0.97" CC="3260"/>
						<SP ID="P43_SP00226" HPOS="1360" VPOS="2612" WIDTH="27"/>
						<String ID="P43_ST00259" HPOS="1387" VPOS="2552" WIDTH="166" HEIGHT="43" CONTENT="wants" WC="0.99" CC="00410"/>
					</TextLine>
					<TextLine ID="P43_TL00034" HPOS="157" VPOS="2603" WIDTH="1395" HEIGHT="84">
						<String ID="P43_ST00260" HPOS="157" VPOS="2621" WIDTH="52" HEIGHT="42" CONTENT="to" WC="0.62" CC="33"/>
						<SP ID="P43_SP00227" HPOS="209" VPOS="2663" WIDTH="40"/>
						<String ID="P43_ST00261" HPOS="249" VPOS="2604" WIDTH="133" HEIGHT="60" CONTENT="have" WC="0.98" CC="0080"/>
						<SP ID="P43_SP00228" HPOS="382" VPOS="2664" WIDTH="41"/>
						<String ID="P43_ST00262" HPOS="423" VPOS="2603" WIDTH="86" HEIGHT="62" CONTENT="the" WC="0.97" CC="070"/>
						<SP ID="P43_SP00229" HPOS="509" VPOS="2665" WIDTH="41"/>
						<String ID="P43_ST00263" HPOS="550" VPOS="2607" WIDTH="221" HEIGHT="60" CONTENT="shadow" WC="0.99" CC="600050"/>
						<SP ID="P43_SP00230" HPOS="771" VPOS="2667" WIDTH="38"/>
						<String ID="P43_ST00264" HPOS="809" VPOS="2608" WIDTH="54" HEIGHT="57" CONTENT="of" WC="0.39" CC="47"/>
						<SP ID="P43_SP00231" HPOS="863" VPOS="2667" WIDTH="25"/>
						<String ID="P43_ST00265" HPOS="888" VPOS="2611" WIDTH="182" HEIGHT="57" CONTENT="sacred" WC="0.98" CC="450009"/>
						<SP ID="P43_SP00232" HPOS="1070" VPOS="2668" WIDTH="27"/>
						<String ID="P43_ST00266" HPOS="1097" VPOS="2611" WIDTH="166" HEIGHT="76" CONTENT="things" WC="0.98" CC="304790"/>
						<SP ID="P43_SP00233" HPOS="1263" VPOS="2687" WIDTH="25"/>
						<String ID="P43_ST00267" HPOS="1288" VPOS="2637" WIDTH="12" HEIGHT="41" CONTENT=";" WC="1.00" CC="0"/>
						<SP ID="P43_SP00234" HPOS="1300" VPOS="2687" WIDTH="44"/>
						<String ID="P43_ST00268" HPOS="1344" VPOS="2613" WIDTH="38" HEIGHT="57" CONTENT="if" WC="0.27" CC="77"/>
						<SP ID="P43_SP00235" HPOS="1382" VPOS="2687" WIDTH="26"/>
						<String ID="P43_ST00269" HPOS="1408" VPOS="2612" WIDTH="144" HEIGHT="60" CONTENT="there" WC="0.98" CC="50033"/>
					</TextLine>
					<TextLine ID="P43_TL00035" HPOS="159" VPOS="2682" WIDTH="1394" HEIGHT="80">
						<String ID="P43_ST00270" HPOS="159" VPOS="2697" WIDTH="133" HEIGHT="42" CONTENT="must" WC="0.98" CC="7030"/>
						<SP ID="P43_SP00236" HPOS="292" VPOS="2739" WIDTH="39"/>
						<String ID="P43_ST00271" HPOS="331" VPOS="2682" WIDTH="70" HEIGHT="58" CONTENT="be" WC="0.63" CC="70"/>
						<SP ID="P43_SP00237" HPOS="401" VPOS="2740" WIDTH="40"/>
						<String ID="P43_ST00272" HPOS="441" VPOS="2707" WIDTH="100" HEIGHT="50" CONTENT="any" WC="1.00" CC="000"/>
						<SP ID="P43_SP00238" HPOS="541" VPOS="2757" WIDTH="39"/>
						<String ID="P43_ST00273" HPOS="580" VPOS="2683" WIDTH="278" HEIGHT="59" CONTENT="substance" WC="0.99" CC="520060200"/>
						<SP ID="P43_SP00239" HPOS="858" VPOS="2757" WIDTH="42"/>
						<String ID="P43_ST00274" HPOS="900" VPOS="2684" WIDTH="71" HEIGHT="59" CONTENT="let" WC="0.98" CC="400"/>
						<SP ID="P43_SP00240" HPOS="971" VPOS="2757" WIDTH="40"/>
						<String ID="P43_ST00275" HPOS="1011" VPOS="2687" WIDTH="38" HEIGHT="56" CONTENT="it" WC="0.67" CC="60"/>
						<SP ID="P43_SP00241" HPOS="1049" VPOS="2757" WIDTH="38"/>
						<String ID="P43_ST00276" HPOS="1087" VPOS="2686" WIDTH="70" HEIGHT="58" CONTENT="be" WC="1.00" CC="00"/>
						<SP ID="P43_SP00242" HPOS="1157" VPOS="2757" WIDTH="40"/>
						<String ID="P43_ST00277" HPOS="1197" VPOS="2711" WIDTH="55" HEIGHT="34" CONTENT="as" WC="1.00" CC="00"/>
						<SP ID="P43_SP00243" HPOS="1252" VPOS="2757" WIDTH="41"/>
						<String ID="P43_ST00278" HPOS="1293" VPOS="2687" WIDTH="161" HEIGHT="75" CONTENT="fleshy" WC="0.99" CC="000070"/>
						<SP ID="P43_SP00244" HPOS="1454" VPOS="2762" WIDTH="43"/>
						<String ID="P43_ST00279" HPOS="1497" VPOS="2712" WIDTH="56" HEIGHT="35" CONTENT="as" WC="1.00" CC="00"/>
					</TextLine>
					<TextLine ID="P43_TL00036" HPOS="156" VPOS="2757" WIDTH="253" HEIGHT="73">
						<String ID="P43_ST00280" HPOS="156" VPOS="2757" WIDTH="253" HEIGHT="73" CONTENT="possible." WC="0.99" CC="004037104"/>
					</TextLine>
					<TextLine ID="P43_TL00037" HPOS="272" VPOS="2833" WIDTH="1279" HEIGHT="79">
						<String ID="P43_ST00281" HPOS="272" VPOS="2833" WIDTH="136" HEIGHT="58" CONTENT="And" WC="0.95" CC="029"/>
						<SP ID="P43_SP00245" HPOS="408" VPOS="2891" WIDTH="41"/>
						<String ID="P43_ST00282" HPOS="449" VPOS="2833" WIDTH="157" HEIGHT="60" CONTENT="Nana" WC="0.99" CC="4100"/>
						<SP ID="P43_SP00246" HPOS="606" VPOS="2893" WIDTH="39"/>
						<String ID="P43_ST00283" HPOS="645" VPOS="2835" WIDTH="42" HEIGHT="58" CONTENT="is" WC="0.53" CC="71"/>
						<SP ID="P43_SP00247" HPOS="687" VPOS="2893" WIDTH="42"/>
						<String ID="P43_ST00284" HPOS="729" VPOS="2837" WIDTH="151" HEIGHT="73" CONTENT="again" WC="0.97" CC="39050"/>
						<SP ID="P43_SP00248" HPOS="880" VPOS="2910" WIDTH="47"/>
						<String ID="P43_ST00285" HPOS="927" VPOS="2835" WIDTH="190" HEIGHT="77" CONTENT="caught" WC="0.97" CC="004975"/>
						<SP ID="P43_SP00249" HPOS="1117" VPOS="2912" WIDTH="46"/>
						<String ID="P43_ST00286" HPOS="1163" VPOS="2839" WIDTH="55" HEIGHT="56" CONTENT="in" WC="0.37" CC="65"/>
						<SP ID="P43_SP00250" HPOS="1218" VPOS="2912" WIDTH="38"/>
						<String ID="P43_ST00287" HPOS="1256" VPOS="2837" WIDTH="88" HEIGHT="59" CONTENT="the" WC="0.98" CC="400"/>
						<SP ID="P43_SP00251" HPOS="1344" VPOS="2912" WIDTH="40"/>
						<String ID="P43_ST00288" HPOS="1384" VPOS="2855" WIDTH="167" HEIGHT="43" CONTENT="net...." WC="0.99" CC="0024432"/>
					</TextLine>
					<TextLine ID="P43_TL00038" HPOS="156" VPOS="2907" WIDTH="1397" HEIGHT="80">
						<String ID="P43_ST00289" HPOS="156" VPOS="2907" WIDTH="104" HEIGHT="58" CONTENT="and" WC="0.98" CC="040"/>
						<SP ID="P43_SP00252" HPOS="260" VPOS="2965" WIDTH="43"/>
						<String ID="P43_ST00290" HPOS="303" VPOS="2908" WIDTH="195" HEIGHT="60" CONTENT="landed" WC="0.99" CC="605000"/>
						<SP ID="P43_SP00253" HPOS="498" VPOS="2968" WIDTH="43"/>
						<String ID="P43_ST00291" HPOS="541" VPOS="2933" WIDTH="123" HEIGHT="35" CONTENT="ever" WC="1.00" CC="0000"/>
						<SP ID="P43_SP00254" HPOS="664" VPOS="2968" WIDTH="39"/>
						<String ID="P43_ST00292" HPOS="703" VPOS="2935" WIDTH="56" HEIGHT="33" CONTENT="so" WC="1.00" CC="00"/>
						<SP ID="P43_SP00255" HPOS="759" VPOS="2968" WIDTH="41"/>
						<String ID="P43_ST00293" HPOS="800" VPOS="2910" WIDTH="208" HEIGHT="77" CONTENT="gently;" WC="0.99" CC="4072200"/>
						<SP ID="P43_SP00256" HPOS="1008" VPOS="2987" WIDTH="43"/>
						<String ID="P43_ST00294" HPOS="1051" VPOS="2927" WIDTH="92" HEIGHT="58" CONTENT="put" WC="0.97" CC="060"/>
						<SP ID="P43_SP00257" HPOS="1143" VPOS="2987" WIDTH="42"/>
						<String ID="P43_ST00295" HPOS="1185" VPOS="2937" WIDTH="70" HEIGHT="33" CONTENT="on" WC="0.42" CC="46"/>
						<SP ID="P43_SP00258" HPOS="1255" VPOS="2987" WIDTH="40"/>
						<String ID="P43_ST00296" HPOS="1295" VPOS="2914" WIDTH="88" HEIGHT="57" CONTENT="the" WC="0.98" CC="400"/>
						<SP ID="P43_SP00259" HPOS="1383" VPOS="2987" WIDTH="39"/>
						<String ID="P43_ST00297" HPOS="1422" VPOS="2938" WIDTH="99" HEIGHT="36" CONTENT="mar" SUBS_TYPE="HypPart1" SUBS_CONTENT="market" WC="0.96" CC="912"/>
						<HYP HPOS="1521" VPOS="2938" WIDTH="32" CONTENT="-"/>
					</TextLine>
					<TextLine ID="P43_TL00039" HPOS="156" VPOS="2983" WIDTH="1398" HEIGHT="81">
						<String ID="P43_ST00298" HPOS="156" VPOS="2983" WIDTH="88" HEIGHT="58" CONTENT="ket" SUBS_TYPE="HypPart2" SUBS_CONTENT="market" WC="1.00" CC="001"/>
						<SP ID="P43_SP00260" HPOS="244" VPOS="3041" WIDTH="20"/>
						<String ID="P43_ST00299" HPOS="264" VPOS="3009" WIDTH="13" HEIGHT="41" CONTENT=";" WC="0.78" CC="2"/>
						<SP ID="P43_SP00261" HPOS="277" VPOS="3050" WIDTH="43"/>
						<String ID="P43_ST00300" HPOS="320" VPOS="2985" WIDTH="208" HEIGHT="73" CONTENT="praised" WC="0.99" CC="0505000"/>
						<SP ID="P43_SP00262" HPOS="528" VPOS="3058" WIDTH="40"/>
						<String ID="P43_ST00301" HPOS="568" VPOS="2985" WIDTH="72" HEIGHT="74" CONTENT="by" WC="0.63" CC="70"/>
						<SP ID="P43_SP00263" HPOS="640" VPOS="3059" WIDTH="25"/>
						<String ID="P43_ST00302" HPOS="665" VPOS="2985" WIDTH="88" HEIGHT="59" CONTENT="the" WC="0.97" CC="170"/>
						<SP ID="P43_SP00264" HPOS="753" VPOS="3059" WIDTH="27"/>
						<String ID="P43_ST00303" HPOS="780" VPOS="2987" WIDTH="217" HEIGHT="57" CONTENT="modern" WC="0.97" CC="349054"/>
						<SP ID="P43_SP00265" HPOS="997" VPOS="3059" WIDTH="26"/>
						<String ID="P43_ST00304" HPOS="1023" VPOS="3011" WIDTH="144" HEIGHT="49" CONTENT="press" WC="0.99" CC="04000"/>
						<SP ID="P43_SP00266" HPOS="1167" VPOS="3060" WIDTH="29"/>
						<String ID="P43_ST00305" HPOS="1196" VPOS="3004" WIDTH="155" HEIGHT="60" CONTENT="agent" WC="0.96" CC="69055"/>
						<SP ID="P43_SP00267" HPOS="1351" VPOS="3064" WIDTH="26"/>
						<String ID="P43_ST00306" HPOS="1377" VPOS="2990" WIDTH="177" HEIGHT="59" CONTENT="month" WC="0.97" CC="96070"/>
					</TextLine>
					<TextLine ID="P43_TL00040" HPOS="157" VPOS="3056" WIDTH="1397" HEIGHT="77">
						<String ID="P43_ST00307" HPOS="157" VPOS="3058" WIDTH="71" HEIGHT="75" CONTENT="by" WC="0.64" CC="70"/>
						<SP ID="P43_SP00268" HPOS="228" VPOS="3133" WIDTH="40"/>
						<String ID="P43_ST00308" HPOS="268" VPOS="3062" WIDTH="178" HEIGHT="57" CONTENT="month" WC="0.97" CC="54047"/>
						<SP ID="P43_SP00269" HPOS="446" VPOS="3133" WIDTH="39"/>
						<String ID="P43_ST00309" HPOS="485" VPOS="3063" WIDTH="76" HEIGHT="57" CONTENT="for" WC="0.95" CC="704"/>
						<SP ID="P43_SP00270" HPOS="561" VPOS="3133" WIDTH="40"/>
						<String ID="P43_ST00310" HPOS="601" VPOS="3056" WIDTH="92" HEIGHT="64" CONTENT="her" WC="0.97" CC="700"/>
						<SP ID="P43_SP00271" HPOS="693" VPOS="3133" WIDTH="38"/>
						<String ID="P43_ST00311" HPOS="731" VPOS="3062" WIDTH="251" HEIGHT="59" CONTENT="dramatic" WC="0.99" CC="04480260"/>
						<SP ID="P43_SP00272" HPOS="982" VPOS="3133" WIDTH="39"/>
						<String ID="P43_ST00312" HPOS="1021" VPOS="3065" WIDTH="207" HEIGHT="66" CONTENT="virtues," WC="0.99" CC="07520002"/>
						<SP ID="P43_SP00273" HPOS="1228" VPOS="3133" WIDTH="42"/>
						<String ID="P43_ST00313" HPOS="1270" VPOS="3065" WIDTH="124" HEIGHT="59" CONTENT="then" WC="0.98" CC="7000"/>
						<SP ID="P43_SP00274" HPOS="1394" VPOS="3133" WIDTH="27"/>
						<String ID="P43_ST00314" HPOS="1421" VPOS="3067" WIDTH="133" HEIGHT="58" CONTENT="each" WC="0.99" CC="0300"/>
					</TextLine>
					<TextLine ID="P43_TL00041" HPOS="156" VPOS="3135" WIDTH="1396" HEIGHT="76">
						<String ID="P43_ST00315" HPOS="156" VPOS="3158" WIDTH="42" HEIGHT="33" CONTENT="w" WC="1.00" CC="9"/>
						<String ID="P43_ST00316" HPOS="199" VPOS="3159" WIDTH="9" HEIGHT="11" CONTENT="r" STYLE="superscript" WC="0.53" CC="4"/>
						<String ID="P43_ST00317" HPOS="212" VPOS="3135" WIDTH="116" HEIGHT="69" CONTENT="eek," WC="0.90" CC="0004"/>
						<SP ID="P43_SP00275" HPOS="328" VPOS="3204" WIDTH="40"/>
						<String ID="P43_ST00318" HPOS="368" VPOS="3136" WIDTH="125" HEIGHT="59" CONTENT="then" WC="0.97" CC="8005"/>
						<SP ID="P43_SP00276" HPOS="493" VPOS="3204" WIDTH="40"/>
						<String ID="P43_ST00319" HPOS="533" VPOS="3136" WIDTH="132" HEIGHT="59" CONTENT="each" WC="0.98" CC="0810"/>
						<SP ID="P43_SP00277" HPOS="665" VPOS="3204" WIDTH="40"/>
						<String ID="P43_ST00320" HPOS="705" VPOS="3136" WIDTH="139" HEIGHT="75" CONTENT="day;" WC="0.96" CC="9403"/>
						<SP ID="P43_SP00278" HPOS="844" VPOS="3211" WIDTH="44"/>
						<String ID="P43_ST00321" HPOS="888" VPOS="3136" WIDTH="177" HEIGHT="61" CONTENT="cables" WC="0.98" CC="027600"/>
						<SP ID="P43_SP00279" HPOS="1065" VPOS="3211" WIDTH="41"/>
						<String ID="P43_ST00322" HPOS="1106" VPOS="3164" WIDTH="86" HEIGHT="33" CONTENT="are" WC="0.98" CC="500"/>
						<SP ID="P43_SP00280" HPOS="1192" VPOS="3211" WIDTH="41"/>
						<String ID="P43_ST00323" HPOS="1233" VPOS="3156" WIDTH="114" HEIGHT="43" CONTENT="sent" WC="0.97" CC="6204"/>
						<SP ID="P43_SP00281" HPOS="1347" VPOS="3211" WIDTH="38"/>
						<String ID="P43_ST00324" HPOS="1385" VPOS="3143" WIDTH="167" HEIGHT="58" CONTENT="round" WC="0.99" CC="05400"/>
					</TextLine>
					<TextLine ID="P43_TL00042" HPOS="156" VPOS="3209" WIDTH="1398" HEIGHT="79">
						<String ID="P43_ST00325" HPOS="156" VPOS="3209" WIDTH="86" HEIGHT="58" CONTENT="the" WC="0.99" CC="100"/>
						<SP ID="P43_SP00282" HPOS="242" VPOS="3267" WIDTH="39"/>
						<String ID="P43_ST00326" HPOS="281" VPOS="3211" WIDTH="166" HEIGHT="59" CONTENT="world" WC="0.98" CC="03360"/>
						<SP ID="P43_SP00283" HPOS="447" VPOS="3270" WIDTH="61"/>
						<String ID="P43_ST00327" HPOS="508" VPOS="3214" WIDTH="53" HEIGHT="56" CONTENT="of" WC="0.47" CC="37"/>
						<SP ID="P43_SP00284" HPOS="561" VPOS="3270" WIDTH="40"/>
						<String ID="P43_ST00328" HPOS="601" VPOS="3213" WIDTH="91" HEIGHT="57" CONTENT="her" WC="0.99" CC="002"/>
						<SP ID="P43_SP00285" HPOS="692" VPOS="3270" WIDTH="46"/>
						<String ID="P43_ST00329" HPOS="738" VPOS="3216" WIDTH="235" HEIGHT="72" CONTENT="amazing" WC="0.97" CC="0955729"/>
						<SP ID="P43_SP00286" HPOS="973" VPOS="3288" WIDTH="57"/>
						<String ID="P43_ST00330" HPOS="1030" VPOS="3215" WIDTH="181" HEIGHT="57" CONTENT="talents" WC="0.99" CC="2140150"/>
						<SP ID="P43_SP00287" HPOS="1211" VPOS="3288" WIDTH="61"/>
						<String ID="P43_ST00331" HPOS="1272" VPOS="3216" WIDTH="129" HEIGHT="72" CONTENT="(and" WC="0.99" CC="3020"/>
						<SP ID="P43_SP00288" HPOS="1401" VPOS="3288" WIDTH="61"/>
						<String ID="P43_ST00332" HPOS="1462" VPOS="3218" WIDTH="92" HEIGHT="57" CONTENT="she" WC="1.00" CC="000"/>
					</TextLine>
					<TextLine ID="P43_TL00043" HPOS="155" VPOS="3285" WIDTH="1398" HEIGHT="83">
						<String ID="P43_ST00333" HPOS="155" VPOS="3285" WIDTH="127" HEIGHT="58" CONTENT="with" WC="0.96" CC="9700"/>
						<SP ID="P43_SP00289" HPOS="282" VPOS="3343" WIDTH="48"/>
						<String ID="P43_ST00334" HPOS="330" VPOS="3288" WIDTH="93" HEIGHT="57" CONTENT="but" WC="0.95" CC="770"/>
						<SP ID="P43_SP00290" HPOS="423" VPOS="3345" WIDTH="56"/>
						<String ID="P43_ST00335" HPOS="479" VPOS="3313" WIDTH="120" HEIGHT="42" CONTENT="one," WC="0.97" CC="6600"/>
						<SP ID="P43_SP00291" HPOS="599" VPOS="3355" WIDTH="43"/>
						<String ID="P43_ST00336" HPOS="642" VPOS="3289" WIDTH="105" HEIGHT="57" CONTENT="ard" WC="0.23" CC="669"/>
						<SP ID="P43_SP00292" HPOS="747" VPOS="3355" WIDTH="61"/>
						<String ID="P43_ST00337" HPOS="808" VPOS="3289" WIDTH="108" HEIGHT="57" CONTENT="that" WC="0.98" CC="0640"/>
						<SP ID="P43_SP00293" HPOS="916" VPOS="3355" WIDTH="59"/>
						<String ID="P43_ST00338" HPOS="975" VPOS="3289" WIDTH="87" HEIGHT="58" CONTENT="the" WC="0.99" CC="101"/>
						<SP ID="P43_SP00294" HPOS="1062" VPOS="3355" WIDTH="40"/>
						<String ID="P43_ST00339" HPOS="1102" VPOS="3291" WIDTH="90" HEIGHT="59" CONTENT="old" WC="0.96" CC="360"/>
						<SP ID="P43_SP00295" HPOS="1192" VPOS="3355" WIDTH="58"/>
						<String ID="P43_ST00340" HPOS="1250" VPOS="3297" WIDTH="303" HEIGHT="71" CONTENT="magnetism" WC="0.99" CC="007401000"/>
					</TextLine>
					<TextLine ID="P43_TL00044" HPOS="156" VPOS="3364" WIDTH="1397" HEIGHT="82">
						<String ID="P43_ST00341" HPOS="156" VPOS="3364" WIDTH="278" HEIGHT="71" CONTENT="possessed" WC="1.00" CC="005600100"/>
						<SP ID="P43_SP00296" HPOS="434" VPOS="3435" WIDTH="29"/>
						<String ID="P43_ST00342" HPOS="463" VPOS="3364" WIDTH="73" HEIGHT="75" CONTENT="by" WC="0.63" CC="70"/>
						<SP ID="P43_SP00297" HPOS="536" VPOS="3439" WIDTH="38"/>
						<String ID="P43_ST00343" HPOS="574" VPOS="3365" WIDTH="225" HEIGHT="74" CONTENT="myriads" WC="0.98" CC="7655000"/>
						<SP ID="P43_SP00298" HPOS="799" VPOS="3439" WIDTH="26"/>
						<String ID="P43_ST00344" HPOS="825" VPOS="3365" WIDTH="55" HEIGHT="59" CONTENT="of" WC="0.47" CC="55"/>
						<SP ID="P43_SP00299" HPOS="880" VPOS="3439" WIDTH="25"/>
						<String ID="P43_ST00345" HPOS="905" VPOS="3366" WIDTH="231" HEIGHT="73" CONTENT="women)" WC="0.99" CC="060022"/>
						<SP ID="P43_SP00300" HPOS="1136" VPOS="3439" WIDTH="27"/>
						<String ID="P43_ST00346" HPOS="1163" VPOS="3393" WIDTH="12" HEIGHT="42" CONTENT=";" WC="0.71" CC="2"/>
						<SP ID="P43_SP00301" HPOS="1175" VPOS="3439" WIDTH="30"/>
						<String ID="P43_ST00347" HPOS="1205" VPOS="3368" WIDTH="348" HEIGHT="78" CONTENT="photographs" WC="0.99" CC="07500620060"/>
					</TextLine>
					<TextLine ID="P43_TL00045" HPOS="155" VPOS="3436" WIDTH="1400" HEIGHT="81">
						<String ID="P43_ST00348" HPOS="155" VPOS="3436" WIDTH="67" HEIGHT="59" CONTENT="fill" WC="0.99" CC="0006"/>
						<SP ID="P43_SP00302" HPOS="222" VPOS="3495" WIDTH="41"/>
						<String ID="P43_ST00349" HPOS="263" VPOS="3439" WIDTH="86" HEIGHT="58" CONTENT="the" WC="0.95" CC="570"/>
						<SP ID="P43_SP00303" HPOS="349" VPOS="3497" WIDTH="66"/>
						<String ID="P43_ST00350" HPOS="415" VPOS="3439" WIDTH="136" HEIGHT="59" CONTENT="back" WC="0.97" CC="7050"/>
						<SP ID="P43_SP00304" HPOS="551" VPOS="3498" WIDTH="39"/>
						<String ID="P43_ST00351" HPOS="590" VPOS="3464" WIDTH="162" HEIGHT="52" CONTENT="pages" WC="0.98" CC="05900"/>
						<SP ID="P43_SP00305" HPOS="752" VPOS="3516" WIDTH="58"/>
						<String ID="P43_ST00352" HPOS="810" VPOS="3441" WIDTH="55" HEIGHT="57" CONTENT="of" WC="0.27" CC="77"/>
						<SP ID="P43_SP00306" HPOS="865" VPOS="3516" WIDTH="39"/>
						<String ID="P43_ST00353" HPOS="904" VPOS="3441" WIDTH="141" HEIGHT="75" CONTENT="daily" WC="0.99" CC="00050"/>
						<SP ID="P43_SP00307" HPOS="1045" VPOS="3516" WIDTH="57"/>
						<String ID="P43_ST00354" HPOS="1102" VPOS="3467" WIDTH="222" HEIGHT="50" CONTENT="papers;" WC="0.99" CC="0040004"/>
						<SP ID="P43_SP00308" HPOS="1324" VPOS="3517" WIDTH="55"/>
						<String ID="P43_ST00355" HPOS="1379" VPOS="3445" WIDTH="104" HEIGHT="59" CONTENT="and" WC="0.96" CC="560"/>
						<SP ID="P43_SP00309" HPOS="1483" VPOS="3517" WIDTH="42"/>
						<String ID="P43_ST00356" HPOS="1525" VPOS="3469" WIDTH="30" HEIGHT="35" CONTENT="a" WC="0.11" CC="8"/>
					</TextLine>
					<TextLine ID="P43_TL00046" HPOS="154" VPOS="3512" WIDTH="1401" HEIGHT="73">
						<String ID="P43_ST00357" HPOS="154" VPOS="3512" WIDTH="107" HEIGHT="59" CONTENT="rich" WC="0.98" CC="1007"/>
						<SP ID="P43_SP00310" HPOS="261" VPOS="3571" WIDTH="40"/>
						<String ID="P43_ST00358" HPOS="301" VPOS="3539" WIDTH="136" HEIGHT="43" CONTENT="man," WC="0.98" CC="0063"/>
						<SP ID="P43_SP00311" HPOS="437" VPOS="3582" WIDTH="43"/>
						<String ID="P43_ST00359" HPOS="480" VPOS="3516" WIDTH="110" HEIGHT="57" CONTENT="also" WC="0.98" CC="0703"/>
						<SP ID="P43_SP00312" HPOS="590" VPOS="3582" WIDTH="37"/>
						<String ID="P43_ST00360" HPOS="627" VPOS="3516" WIDTH="130" HEIGHT="59" CONTENT="from" WC="0.97" CC="6060"/>
						<SP ID="P43_SP00313" HPOS="757" VPOS="3582" WIDTH="39"/>
						<String ID="P43_ST00361" HPOS="796" VPOS="3516" WIDTH="86" HEIGHT="59" CONTENT="the" WC="1.00" CC="000"/>
						<SP ID="P43_SP00314" HPOS="882" VPOS="3582" WIDTH="41"/>
						<String ID="P43_ST00362" HPOS="923" VPOS="3517" WIDTH="145" HEIGHT="68" CONTENT="East," WC="0.98" CC="62054"/>
						<SP ID="P43_SP00315" HPOS="1068" VPOS="3585" WIDTH="44"/>
						<String ID="P43_ST00363" HPOS="1112" VPOS="3521" WIDTH="41" HEIGHT="56" CONTENT="is" WC="0.67" CC="41"/>
						<SP ID="P43_SP00316" HPOS="1153" VPOS="3585" WIDTH="44"/>
						<String ID="P43_ST00364" HPOS="1197" VPOS="3519" WIDTH="167" HEIGHT="59" CONTENT="found" WC="0.98" CC="45430"/>
						<SP ID="P43_SP00317" HPOS="1364" VPOS="3585" WIDTH="26"/>
						<String ID="P43_ST00365" HPOS="1390" VPOS="3535" WIDTH="53" HEIGHT="43" CONTENT="to" WC="0.70" CC="41"/>
						<SP ID="P43_SP00318" HPOS="1443" VPOS="3585" WIDTH="28"/>
						<String ID="P43_ST00366" HPOS="1471" VPOS="3535" WIDTH="84" HEIGHT="43" CONTENT="act" WC="0.99" CC="001"/>
					</TextLine>
					<TextLine ID="P43_TL00047" HPOS="154" VPOS="3589" WIDTH="1398" HEIGHT="81">
						<String ID="P43_ST00367" HPOS="154" VPOS="3589" WIDTH="158" HEIGHT="76" CONTENT="nobly" WC="0.98" CC="15720"/>
						<SP ID="P43_SP00319" HPOS="312" VPOS="3665" WIDTH="59"/>
						<String ID="P43_ST00368" HPOS="371" VPOS="3591" WIDTH="72" HEIGHT="75" CONTENT="by" WC="1.00" CC="00"/>
						<SP ID="P43_SP00320" HPOS="443" VPOS="3666" WIDTH="39"/>
						<String ID="P43_ST00369" HPOS="482" VPOS="3595" WIDTH="300" HEIGHT="75" CONTENT="supporting" WC="0.99" CC="1000552400"/>
						<SP ID="P43_SP00321" HPOS="782" VPOS="3670" WIDTH="57"/>
						<String ID="P43_ST00370" HPOS="839" VPOS="3592" WIDTH="88" HEIGHT="59" CONTENT="the" WC="0.97" CC="070"/>
						<SP ID="P43_SP00322" HPOS="927" VPOS="3670" WIDTH="60"/>
						<String ID="P43_ST00371" HPOS="987" VPOS="3596" WIDTH="247" HEIGHT="57" CONTENT="immense" WC="0.99" CC="4220100"/>
						<SP ID="P43_SP00323" HPOS="1234" VPOS="3670" WIDTH="60"/>
						<String ID="P43_ST00372" HPOS="1294" VPOS="3620" WIDTH="258" HEIGHT="50" CONTENT="expense," WC="1.00" CC="09001000"/>
					</TextLine>
					<TextLine ID="P43_TL00048" HPOS="155" VPOS="3666" WIDTH="1392" HEIGHT="83">
						<String ID="P43_ST00373" HPOS="155" VPOS="3689" WIDTH="134" HEIGHT="33" CONTENT="....so" WC="0.98" CC="343400"/>
						<SP ID="P43_SP00324" HPOS="289" VPOS="3722" WIDTH="42"/>
						<String ID="P43_ST00374" HPOS="331" VPOS="3681" WIDTH="143" HEIGHT="60" CONTENT="great" WC="0.98" CC="90005"/>
						<SP ID="P43_SP00325" HPOS="474" VPOS="3741" WIDTH="38"/>
						<String ID="P43_ST00375" HPOS="512" VPOS="3669" WIDTH="42" HEIGHT="57" CONTENT="is" WC="0.56" CC="62"/>
						<SP ID="P43_SP00326" HPOS="554" VPOS="3741" WIDTH="39"/>
						<String ID="P43_ST00376" HPOS="593" VPOS="3667" WIDTH="79" HEIGHT="57" CONTENT="his" WC="0.98" CC="050"/>
						<SP ID="P43_SP00327" HPOS="672" VPOS="3741" WIDTH="40"/>
						<String ID="P43_ST00377" HPOS="712" VPOS="3666" WIDTH="117" HEIGHT="60" CONTENT="love" WC="0.99" CC="4000"/>
						<SP ID="P43_SP00328" HPOS="829" VPOS="3741" WIDTH="40"/>
						<String ID="P43_ST00378" HPOS="869" VPOS="3669" WIDTH="77" HEIGHT="57" CONTENT="for" WC="0.95" CC="634"/>
						<SP ID="P43_SP00329" HPOS="946" VPOS="3741" WIDTH="38"/>
						<String ID="P43_ST00379" HPOS="984" VPOS="3684" WIDTH="75" HEIGHT="43" CONTENT="art" WC="0.97" CC="160"/>
						<SP ID="P43_SP00330" HPOS="1059" VPOS="3741" WIDTH="41"/>
						<String ID="P43_ST00380" HPOS="1100" VPOS="3670" WIDTH="183" HEIGHT="60" CONTENT="....and" WC="0.99" CC="3440030"/>
						<SP ID="P43_SP00331" HPOS="1283" VPOS="3741" WIDTH="26"/>
						<String ID="P43_ST00381" HPOS="1309" VPOS="3671" WIDTH="238" HEIGHT="78" CONTENT="religion," WC="0.99" CC="105705503"/>
					</TextLine>
					<TextLine ID="P43_TL00049" HPOS="152" VPOS="3742" WIDTH="1396" HEIGHT="79">
						<String ID="P43_ST00382" HPOS="152" VPOS="3742" WIDTH="285" HEIGHT="75" CONTENT="especially" WC="1.00" CC="0000010450"/>
						<SP ID="P43_SP00332" HPOS="437" VPOS="3817" WIDTH="38"/>
						<String ID="P43_ST00383" HPOS="475" VPOS="3742" WIDTH="86" HEIGHT="59" CONTENT="the" WC="0.97" CC="700"/>
						<SP ID="P43_SP00333" HPOS="561" VPOS="3817" WIDTH="41"/>
						<String ID="P43_ST00384" HPOS="602" VPOS="3744" WIDTH="259" HEIGHT="58" CONTENT="Christian" WC="0.99" CC="102405604"/>
						<SP ID="P43_SP00334" HPOS="861" VPOS="3817" WIDTH="39"/>
						<String ID="P43_ST00385" HPOS="900" VPOS="3744" WIDTH="231" HEIGHT="77" CONTENT="religion." WC="0.99" CC="406407003"/>
						<SP ID="P43_SP00335" HPOS="1131" VPOS="3821" WIDTH="84"/>
						<String ID="P43_ST00386" HPOS="1215" VPOS="3746" WIDTH="55" HEIGHT="59" CONTENT="In" WC="0.45" CC="55"/>
						<SP ID="P43_SP00336" HPOS="1270" VPOS="3821" WIDTH="27"/>
						<String ID="P43_ST00387" HPOS="1297" VPOS="3746" WIDTH="138" HEIGHT="60" CONTENT="short" WC="0.99" CC="00350"/>
						<SP ID="P43_SP00337" HPOS="1435" VPOS="3821" WIDTH="27"/>
						<String ID="P43_ST00388" HPOS="1462" VPOS="3747" WIDTH="86" HEIGHT="59" CONTENT="the" WC="0.96" CC="270"/>
					</TextLine>
					<TextLine ID="P43_TL00050" HPOS="152" VPOS="3815" WIDTH="1402" HEIGHT="82">
						<String ID="P43_ST00389" HPOS="152" VPOS="3817" WIDTH="174" HEIGHT="59" CONTENT="whole" WC="0.98" CC="00552"/>
						<SP ID="P43_SP00338" HPOS="326" VPOS="3876" WIDTH="40"/>
						<String ID="P43_ST00390" HPOS="366" VPOS="3815" WIDTH="142" HEIGHT="81" CONTENT="thing" WC="0.97" CC="47340"/>
						<SP ID="P43_SP00339" HPOS="508" VPOS="3896" WIDTH="40"/>
						<String ID="P43_ST00391" HPOS="548" VPOS="3818" WIDTH="183" HEIGHT="60" CONTENT="almost" WC="0.99" CC="060200"/>
						<SP ID="P43_SP00340" HPOS="731" VPOS="3896" WIDTH="40"/>
						<String ID="P43_ST00392" HPOS="771" VPOS="3844" WIDTH="184" HEIGHT="34" CONTENT="causes" WC="0.99" CC="000060"/>
						<SP ID="P43_SP00341" HPOS="955" VPOS="3896" WIDTH="39"/>
						<String ID="P43_ST00393" HPOS="994" VPOS="3822" WIDTH="87" HEIGHT="57" CONTENT="the" WC="0.98" CC="400"/>
						<SP ID="P43_SP00342" HPOS="1081" VPOS="3896" WIDTH="59"/>
						<String ID="P43_ST00394" HPOS="1140" VPOS="3825" WIDTH="301" HEIGHT="72" CONTENT="impresario" WC="0.99" CC="6000002680"/>
						<SP ID="P43_SP00343" HPOS="1441" VPOS="3897" WIDTH="61"/>
						<String ID="P43_ST00395" HPOS="1502" VPOS="3839" WIDTH="52" HEIGHT="44" CONTENT="to" WC="0.87" CC="20"/>
					</TextLine>
					<TextLine ID="P43_TL00051" HPOS="152" VPOS="3891" WIDTH="1402" HEIGHT="76">
						<String ID="P43_ST00396" HPOS="152" VPOS="3891" WIDTH="162" HEIGHT="60" CONTENT="break" WC="0.98" CC="70060"/>
						<SP ID="P43_SP00344" HPOS="314" VPOS="3951" WIDTH="39"/>
						<String ID="P43_ST00397" HPOS="353" VPOS="3893" WIDTH="164" HEIGHT="59" CONTENT="down" WC="0.99" CC="0104"/>
						<SP ID="P43_SP00345" HPOS="517" VPOS="3952" WIDTH="39"/>
						<String ID="P43_ST00398" HPOS="556" VPOS="3895" WIDTH="127" HEIGHT="58" CONTENT="with" WC="0.97" CC="0157"/>
						<SP ID="P43_SP00346" HPOS="683" VPOS="3953" WIDTH="39"/>
						<String ID="P43_ST00399" HPOS="722" VPOS="3897" WIDTH="227" HEIGHT="57" CONTENT="emotion" WC="0.99" CC="0006601"/>
						<SP ID="P43_SP00347" HPOS="949" VPOS="3954" WIDTH="39"/>
						<String ID="P43_ST00400" HPOS="988" VPOS="3920" WIDTH="58" HEIGHT="36" CONTENT="so" WC="0.61" CC="60"/>
						<SP ID="P43_SP00348" HPOS="1046" VPOS="3956" WIDTH="40"/>
						<String ID="P43_ST00401" HPOS="1086" VPOS="3896" WIDTH="158" HEIGHT="60" CONTENT="noble" WC="0.98" CC="03730"/>
						<SP ID="P43_SP00349" HPOS="1244" VPOS="3956" WIDTH="28"/>
						<String ID="P43_ST00402" HPOS="1272" VPOS="3897" WIDTH="68" HEIGHT="60" CONTENT="he" WC="1.00" CC="00"/>
						<SP ID="P43_SP00350" HPOS="1340" VPOS="3957" WIDTH="29"/>
						<String ID="P43_ST00403" HPOS="1369" VPOS="3902" WIDTH="61" HEIGHT="65" CONTENT="is," WC="0.98" CC="500"/>
						<SP ID="P43_SP00351" HPOS="1430" VPOS="3967" WIDTH="32"/>
						<String ID="P43_ST00404" HPOS="1462" VPOS="3898" WIDTH="92" HEIGHT="60" CONTENT="she" WC="0.97" CC="070"/>
					</TextLine>
					<TextLine ID="P43_TL00052" HPOS="154" VPOS="3968" WIDTH="478" HEIGHT="77">
						<String ID="P43_ST00405" HPOS="154" VPOS="3970" WIDTH="60" HEIGHT="66" CONTENT="is," WC="0.95" CC="804"/>
						<SP ID="P43_SP00352" HPOS="214" VPOS="4036" WIDTH="44"/>
						<String ID="P43_ST00406" HPOS="258" VPOS="3968" WIDTH="124" HEIGHT="77" CONTENT="they" WC="0.98" CC="0700"/>
						<SP ID="P43_SP00353" HPOS="382" VPOS="4045" WIDTH="39"/>
						<String ID="P43_ST00407" HPOS="421" VPOS="3971" WIDTH="68" HEIGHT="58" CONTENT="all" WC="0.97" CC="043"/>
						<SP ID="P43_SP00354" HPOS="489" VPOS="4045" WIDTH="40"/>
						<String ID="P43_ST00408" HPOS="529" VPOS="3996" WIDTH="103" HEIGHT="33" CONTENT="are." WC="0.98" CC="0603"/>
					</TextLine>
					<TextLine ID="P43_TL00053" HPOS="263" VPOS="4045" WIDTH="1288" HEIGHT="82">
						<String ID="P43_ST00409" HPOS="263" VPOS="4045" WIDTH="175" HEIGHT="74" CONTENT="Every" WC="0.98" CC="59020"/>
						<SP ID="P43_SP00355" HPOS="438" VPOS="4119" WIDTH="39"/>
						<String ID="P43_ST00410" HPOS="477" VPOS="4046" WIDTH="105" HEIGHT="75" CONTENT="day" WC="0.99" CC="020"/>
						<SP ID="P43_SP00356" HPOS="582" VPOS="4121" WIDTH="38"/>
						<String ID="P43_ST00411" HPOS="620" VPOS="4047" WIDTH="104" HEIGHT="58" CONTENT="and" WC="0.98" CC="050"/>
						<SP ID="P43_SP00357" HPOS="724" VPOS="4121" WIDTH="39"/>
						<String ID="P43_ST00412" HPOS="763" VPOS="4048" WIDTH="52" HEIGHT="56" CONTENT="in" WC="0.69" CC="60"/>
						<SP ID="P43_SP00358" HPOS="815" VPOS="4121" WIDTH="27"/>
						<String ID="P43_ST00413" HPOS="842" VPOS="4071" WIDTH="157" HEIGHT="51" CONTENT="every" WC="0.99" CC="00050"/>
						<SP ID="P43_SP00359" HPOS="999" VPOS="4122" WIDTH="27"/>
						<String ID="P43_ST00414" HPOS="1026" VPOS="4047" WIDTH="123" HEIGHT="60" CONTENT="land" WC="1.00" CC="0000"/>
						<SP ID="P43_SP00360" HPOS="1149" VPOS="4122" WIDTH="28"/>
						<String ID="P43_ST00415" HPOS="1177" VPOS="4048" WIDTH="98" HEIGHT="60" CONTENT="this" WC="0.98" CC="2060"/>
						<SP ID="P43_SP00361" HPOS="1275" VPOS="4122" WIDTH="28"/>
						<String ID="P43_ST00416" HPOS="1303" VPOS="4052" WIDTH="42" HEIGHT="56" CONTENT="is" WC="0.83" CC="30"/>
						<SP ID="P43_SP00362" HPOS="1345" VPOS="4122" WIDTH="38"/>
						<String ID="P43_ST00417" HPOS="1383" VPOS="4050" WIDTH="168" HEIGHT="77" CONTENT="being" WC="0.97" CC="64710"/>
					</TextLine>
					<TextLine ID="P43_TL00054" HPOS="147" VPOS="4117" WIDTH="1404" HEIGHT="72">
						<String ID="P43_ST00418" HPOS="147" VPOS="4117" WIDTH="139" HEIGHT="61" CONTENT="done" WC="1.00" CC="0000"/>
						<SP ID="P43_SP00363" HPOS="286" VPOS="4178" WIDTH="39"/>
						<String ID="P43_ST00419" HPOS="325" VPOS="4123" WIDTH="52" HEIGHT="57" CONTENT="in" WC="0.46" CC="64"/>
						<SP ID="P43_SP00364" HPOS="377" VPOS="4180" WIDTH="41"/>
						<String ID="P43_ST00420" HPOS="418" VPOS="4121" WIDTH="274" HEIGHT="68" CONTENT="Theatres," WC="0.99" CC="070109303"/>
						<SP ID="P43_SP00365" HPOS="692" VPOS="4189" WIDTH="43"/>
						<String ID="P43_ST00421" HPOS="735" VPOS="4147" WIDTH="67" HEIGHT="35" CONTENT="on" WC="0.57" CC="43"/>
						<SP ID="P43_SP00366" HPOS="802" VPOS="4189" WIDTH="40"/>
						<String ID="P43_ST00422" HPOS="842" VPOS="4149" WIDTH="32" HEIGHT="34" CONTENT="a" WC="1.00" CC="0"/>
						<SP ID="P43_SP00367" HPOS="874" VPOS="4189" WIDTH="39"/>
						<String ID="P43_ST00423" HPOS="913" VPOS="4125" WIDTH="147" HEIGHT="58" CONTENT="small" WC="0.96" CC="46366"/>
						<SP ID="P43_SP00368" HPOS="1060" VPOS="4189" WIDTH="42"/>
						<String ID="P43_ST00424" HPOS="1102" VPOS="4125" WIDTH="139" HEIGHT="58" CONTENT="scale" WC="1.00" CC="00000"/>
						<SP ID="P43_SP00369" HPOS="1241" VPOS="4189" WIDTH="42"/>
						<String ID="P43_ST00425" HPOS="1283" VPOS="4126" WIDTH="104" HEIGHT="58" CONTENT="and" WC="0.96" CC="640"/>
						<SP ID="P43_SP00370" HPOS="1387" VPOS="4189" WIDTH="33"/>
						<String ID="P43_ST00426" HPOS="1420" VPOS="4151" WIDTH="68" HEIGHT="35" CONTENT="on" WC="0.42" CC="65"/>
						<SP ID="P43_SP00371" HPOS="1488" VPOS="4189" WIDTH="31"/>
						<String ID="P43_ST00427" HPOS="1519" VPOS="4152" WIDTH="32" HEIGHT="34" CONTENT="a" WC="1.00" CC="0"/>
					</TextLine>
					<TextLine ID="P43_TL00055" HPOS="150" VPOS="4194" WIDTH="346" HEIGHT="78">
						<String ID="P43_ST00428" HPOS="150" VPOS="4194" WIDTH="147" HEIGHT="78" CONTENT="large" WC="0.97" CC="35090"/>
						<SP ID="P43_SP00372" HPOS="297" VPOS="4272" WIDTH="41"/>
						<String ID="P43_ST00429" HPOS="338" VPOS="4198" WIDTH="158" HEIGHT="60" CONTENT="scale." WC="0.98" CC="105823"/>
					</TextLine>
				</TextBlock>
				<TextBlock ID="P43_TB00003" HPOS="1588" VPOS="203" WIDTH="1405" HEIGHT="3929" STYLEREFS="TXT_1 PAR_LEFT">
					<TextLine ID="P43_TL00056" HPOS="1705" VPOS="204" WIDTH="1267" HEIGHT="79">
						<String ID="P43_ST00430" HPOS="1705" VPOS="204" WIDTH="41" HEIGHT="57" CONTENT="If" WC="0.33" CC="67"/>
						<SP ID="P43_SP00373" HPOS="1746" VPOS="261" WIDTH="38"/>
						<String ID="P43_ST00431" HPOS="1784" VPOS="218" WIDTH="89" HEIGHT="43" CONTENT="not" WC="0.93" CC="764"/>
						<SP ID="P43_SP00374" HPOS="1873" VPOS="261" WIDTH="37"/>
						<String ID="P43_ST00432" HPOS="1910" VPOS="228" WIDTH="32" HEIGHT="34" CONTENT="a" WC="1.00" CC="0"/>
						<SP ID="P43_SP00375" HPOS="1942" VPOS="262" WIDTH="42"/>
						<String ID="P43_ST00433" HPOS="1984" VPOS="208" WIDTH="31" HEIGHT="27" CONTENT='"' WC="0.21" CC="7"/>
						<SP ID="P43_SP00376" HPOS="2015" VPOS="262" WIDTH="27"/>
						<String ID="P43_ST00434" HPOS="2042" VPOS="205" WIDTH="241" HEIGHT="77" CONTENT="religious" WC="0.98" CC="305477441"/>
						<SP ID="P43_SP00377" HPOS="2283" VPOS="282" WIDTH="30"/>
						<String ID="P43_ST00435" HPOS="2313" VPOS="207" WIDTH="33" HEIGHT="19" CONTENT='"' WC="0.35" CC="6"/>
						<SP ID="P43_SP00378" HPOS="2346" VPOS="282" WIDTH="53"/>
						<String ID="P43_ST00436" HPOS="2399" VPOS="207" WIDTH="123" HEIGHT="76" CONTENT="play" WC="0.98" CC="4500"/>
						<SP ID="P43_SP00379" HPOS="2522" VPOS="283" WIDTH="51"/>
						<String ID="P43_ST00437" HPOS="2573" VPOS="209" WIDTH="82" HEIGHT="59" CONTENT="it's" WC="0.97" CC="3540"/>
						<SP ID="P43_SP00380" HPOS="2655" VPOS="283" WIDTH="39"/>
						<String ID="P43_ST00438" HPOS="2694" VPOS="235" WIDTH="31" HEIGHT="33" CONTENT="a" WC="0.07" CC="9"/>
						<SP ID="P43_SP00381" HPOS="2725" VPOS="283" WIDTH="38"/>
						<String ID="P43_ST00439" HPOS="2763" VPOS="210" WIDTH="209" HEIGHT="69" CONTENT="Revue," WC="0.98" CC="134066"/>
					</TextLine>
					<TextLine ID="P43_TL00057" HPOS="1588" VPOS="276" WIDTH="1382" HEIGHT="80">
						<String ID="P43_ST00440" HPOS="1588" VPOS="301" WIDTH="59" HEIGHT="35" CONTENT="or" WC="1.00" CC="00"/>
						<SP ID="P43_SP00382" HPOS="1647" VPOS="336" WIDTH="37"/>
						<String ID="P43_ST00441" HPOS="1684" VPOS="302" WIDTH="32" HEIGHT="34" CONTENT="a" WC="1.00" CC="0"/>
						<SP ID="P43_SP00383" HPOS="1716" VPOS="336" WIDTH="39"/>
						<String ID="P43_ST00442" HPOS="1755" VPOS="276" WIDTH="283" HEIGHT="61" CONTENT="Historical" WC="0.99" CC="0604466405"/>
						<SP ID="P43_SP00384" HPOS="2038" VPOS="337" WIDTH="38"/>
						<String ID="P43_ST00443" HPOS="2076" VPOS="280" WIDTH="151" HEIGHT="75" CONTENT="play;" WC="0.98" CC="54015"/>
						<SP ID="P43_SP00385" HPOS="2227" VPOS="355" WIDTH="55"/>
						<String ID="P43_ST00444" HPOS="2282" VPOS="306" WIDTH="100" HEIGHT="50" CONTENT="any" WC="0.98" CC="060"/>
						<SP ID="P43_SP00386" HPOS="2382" VPOS="356" WIDTH="38"/>
						<String ID="P43_ST00445" HPOS="2420" VPOS="283" WIDTH="91" HEIGHT="58" CONTENT="old" WC="0.94" CC="627"/>
						<SP ID="P43_SP00387" HPOS="2511" VPOS="356" WIDTH="40"/>
						<String ID="P43_ST00446" HPOS="2551" VPOS="283" WIDTH="173" HEIGHT="61" CONTENT="theme" WC="0.97" CC="35434"/>
						<SP ID="P43_SP00388" HPOS="2724" VPOS="356" WIDTH="58"/>
						<String ID="P43_ST00447" HPOS="2782" VPOS="309" WIDTH="188" HEIGHT="45" CONTENT="serves," WC="0.98" CC="4505260"/>
					</TextLine>
					<TextLine ID="P43_TL00058" HPOS="1592" VPOS="354" WIDTH="1002" HEIGHT="80">
						<String ID="P43_ST00448" HPOS="1592" VPOS="400" WIDTH="74" HEIGHT="12" CONTENT="...." WC="0.97" CC="3303"/>
						<SP ID="P43_SP00389" HPOS="1666" VPOS="412" WIDTH="42"/>
						<String ID="P43_ST00449" HPOS="1708" VPOS="354" WIDTH="80" HEIGHT="57" CONTENT="it's" WC="0.97" CC="5440"/>
						<SP ID="P43_SP00390" HPOS="1788" VPOS="412" WIDTH="39"/>
						<String ID="P43_ST00450" HPOS="1827" VPOS="354" WIDTH="88" HEIGHT="58" CONTENT="the" WC="0.96" CC="073"/>
						<SP ID="P43_SP00391" HPOS="1915" VPOS="412" WIDTH="39"/>
						<String ID="P43_ST00451" HPOS="1954" VPOS="378" WIDTH="206" HEIGHT="36" CONTENT="woman" WC="0.98" CC="64003"/>
						<SP ID="P43_SP00392" HPOS="2160" VPOS="414" WIDTH="39"/>
						<String ID="P43_ST00452" HPOS="2199" VPOS="360" WIDTH="44" HEIGHT="55" CONTENT="is" WC="0.57" CC="61"/>
						<SP ID="P43_SP00393" HPOS="2243" VPOS="415" WIDTH="38"/>
						<String ID="P43_ST00453" HPOS="2281" VPOS="358" WIDTH="87" HEIGHT="58" CONTENT="the" WC="0.99" CC="002"/>
						<SP ID="P43_SP00394" HPOS="2368" VPOS="416" WIDTH="42"/>
						<String ID="P43_ST00454" HPOS="2410" VPOS="358" WIDTH="184" HEIGHT="76" CONTENT="goods." WC="0.97" CC="602943"/>
					</TextLine>
					<TextLine ID="P43_TL00059" HPOS="1703" VPOS="426" WIDTH="1271" HEIGHT="82">
						<String ID="P43_ST00455" HPOS="1703" VPOS="426" WIDTH="91" HEIGHT="60" CONTENT="Do" WC="0.34" CC="66"/>
						<SP ID="P43_SP00395" HPOS="1794" VPOS="486" WIDTH="38"/>
						<String ID="P43_ST00456" HPOS="1832" VPOS="453" WIDTH="102" HEIGHT="50" CONTENT="you" WC="1.00" CC="000"/>
						<SP ID="P43_SP00396" HPOS="1934" VPOS="503" WIDTH="41"/>
						<String ID="P43_ST00457" HPOS="1975" VPOS="445" WIDTH="139" HEIGHT="44" CONTENT="want" WC="0.96" CC="4065"/>
						<SP ID="P43_SP00397" HPOS="2114" VPOS="503" WIDTH="40"/>
						<String ID="P43_ST00458" HPOS="2154" VPOS="456" WIDTH="101" HEIGHT="49" CONTENT="any" WC="0.99" CC="010"/>
						<SP ID="P43_SP00398" HPOS="2255" VPOS="505" WIDTH="50"/>
						<String ID="P43_ST00459" HPOS="2305" VPOS="433" WIDTH="267" HEIGHT="73" CONTENT="examples" WC="1.00" CC="00000200"/>
						<SP ID="P43_SP00399" HPOS="2572" VPOS="506" WIDTH="59"/>
						<String ID="P43_ST00460" HPOS="2631" VPOS="435" WIDTH="212" HEIGHT="73" CONTENT="pointed" WC="0.98" CC="0504609"/>
						<SP ID="P43_SP00400" HPOS="2843" VPOS="508" WIDTH="42"/>
						<String ID="P43_ST00461" HPOS="2885" VPOS="452" WIDTH="89" HEIGHT="43" CONTENT="out" WC="0.92" CC="667"/>
					</TextLine>
					<TextLine ID="P43_TL00060" HPOS="1591" VPOS="504" WIDTH="1384" HEIGHT="77">
						<String ID="P43_ST00462" HPOS="1591" VPOS="516" WIDTH="52" HEIGHT="45" CONTENT="to" WC="1.00" CC="00"/>
						<SP ID="P43_SP00401" HPOS="1643" VPOS="561" WIDTH="27"/>
						<String ID="P43_ST00463" HPOS="1670" VPOS="527" WIDTH="103" HEIGHT="50" CONTENT="you" WC="0.98" CC="050"/>
						<SP ID="P43_SP00402" HPOS="1773" VPOS="577" WIDTH="19"/>
						<String ID="P43_ST00464" HPOS="1792" VPOS="510" WIDTH="24" HEIGHT="52" CONTENT="?" WC="1.00" CC="9"/>
						<SP ID="P43_SP00403" HPOS="1816" VPOS="577" WIDTH="38"/>
						<String ID="P43_ST00465" HPOS="1854" VPOS="504" WIDTH="221" HEIGHT="59" CONTENT="There's" WC="0.98" CC="7032246"/>
						<SP ID="P43_SP00404" HPOS="2075" VPOS="577" WIDTH="34"/>
						<String ID="P43_ST00466" HPOS="2109" VPOS="530" WIDTH="69" HEIGHT="33" CONTENT="no" WC="0.79" CC="04"/>
						<SP ID="P43_SP00405" HPOS="2178" VPOS="577" WIDTH="37"/>
						<String ID="P43_ST00467" HPOS="2215" VPOS="508" WIDTH="157" HEIGHT="66" CONTENT="need," WC="0.99" CC="20203"/>
						<SP ID="P43_SP00406" HPOS="2372" VPOS="577" WIDTH="29"/>
						<String ID="P43_ST00468" HPOS="2401" VPOS="508" WIDTH="120" HEIGHT="73" CONTENT="they" WC="0.99" CC="0040"/>
						<SP ID="P43_SP00407" HPOS="2521" VPOS="581" WIDTH="26"/>
						<String ID="P43_ST00469" HPOS="2547" VPOS="533" WIDTH="87" HEIGHT="34" CONTENT="are" WC="0.98" CC="050"/>
						<SP ID="P43_SP00408" HPOS="2634" VPOS="581" WIDTH="28"/>
						<String ID="P43_ST00470" HPOS="2662" VPOS="534" WIDTH="58" HEIGHT="33" CONTENT="so" WC="0.78" CC="40"/>
						<SP ID="P43_SP00409" HPOS="2720" VPOS="581" WIDTH="27"/>
						<String ID="P43_ST00471" HPOS="2747" VPOS="511" WIDTH="228" HEIGHT="59" CONTENT="evident." WC="0.99" CC="00690243"/>
					</TextLine>
					<TextLine ID="P43_TL00061" HPOS="1703" VPOS="577" WIDTH="1274" HEIGHT="77">
						<String ID="P43_ST00472" HPOS="1703" VPOS="577" WIDTH="122" HEIGHT="60" CONTENT="The" WC="0.97" CC="502"/>
						<SP ID="P43_SP00410" HPOS="1825" VPOS="637" WIDTH="39"/>
						<String ID="P43_ST00473" HPOS="1864" VPOS="579" WIDTH="146" HEIGHT="58" CONTENT="small" WC="0.98" CC="40016"/>
						<SP ID="P43_SP00411" HPOS="2010" VPOS="637" WIDTH="37"/>
						<String ID="P43_ST00474" HPOS="2047" VPOS="595" WIDTH="142" HEIGHT="45" CONTENT="town" WC="0.97" CC="5006"/>
						<SP ID="P43_SP00412" HPOS="2189" VPOS="640" WIDTH="38"/>
						<String ID="P43_ST00475" HPOS="2227" VPOS="583" WIDTH="54" HEIGHT="57" CONTENT="of" WC="0.62" CC="16"/>
						<SP ID="P43_SP00413" HPOS="2281" VPOS="640" WIDTH="25"/>
						<String ID="P43_ST00476" HPOS="2306" VPOS="583" WIDTH="313" HEIGHT="68" CONTENT="Zenabella," WC="0.68" CC="6000815513"/>
						<SP ID="P43_SP00414" HPOS="2619" VPOS="651" WIDTH="30"/>
						<String ID="P43_ST00477" HPOS="2649" VPOS="588" WIDTH="53" HEIGHT="55" CONTENT="in" WC="0.41" CC="56"/>
						<SP ID="P43_SP00415" HPOS="2702" VPOS="651" WIDTH="32"/>
						<String ID="P43_ST00478" HPOS="2734" VPOS="586" WIDTH="192" HEIGHT="68" CONTENT="which," WC="0.99" CC="003063"/>
						<SP ID="P43_SP00416" HPOS="2926" VPOS="654" WIDTH="32"/>
						<String ID="P43_ST00479" HPOS="2958" VPOS="588" WIDTH="19" HEIGHT="57" CONTENT="I" WC="0.58" CC="4"/>
					</TextLine>
					<TextLine ID="P43_TL00062" HPOS="1591" VPOS="655" WIDTH="1381" HEIGHT="77">
						<String ID="P43_ST00480" HPOS="1591" VPOS="655" WIDTH="150" HEIGHT="57" CONTENT="write" WC="0.98" CC="06700"/>
						<SP ID="P43_SP00417" HPOS="1741" VPOS="712" WIDTH="38"/>
						<String ID="P43_ST00481" HPOS="1779" VPOS="655" WIDTH="116" HEIGHT="67" CONTENT="this," WC="0.98" CC="50503"/>
						<SP ID="P43_SP00418" HPOS="1895" VPOS="722" WIDTH="40"/>
						<String ID="P43_ST00482" HPOS="1935" VPOS="655" WIDTH="92" HEIGHT="58" CONTENT="has" WC="1.00" CC="000"/>
						<SP ID="P43_SP00419" HPOS="2027" VPOS="722" WIDTH="39"/>
						<String ID="P43_ST00483" HPOS="2066" VPOS="660" WIDTH="154" HEIGHT="72" CONTENT="given" WC="0.98" CC="50005"/>
						<SP ID="P43_SP00420" HPOS="2220" VPOS="732" WIDTH="38"/>
						<String ID="P43_ST00484" HPOS="2258" VPOS="682" WIDTH="84" HEIGHT="34" CONTENT="me" WC="1.00" CC="00"/>
						<SP ID="P43_SP00421" HPOS="2342" VPOS="732" WIDTH="39"/>
						<String ID="P43_ST00485" HPOS="2381" VPOS="660" WIDTH="89" HEIGHT="57" CONTENT="the" WC="1.00" CC="001"/>
						<SP ID="P43_SP00422" HPOS="2470" VPOS="732" WIDTH="46"/>
						<String ID="P43_ST00486" HPOS="2516" VPOS="660" WIDTH="184" HEIGHT="58" CONTENT="details" WC="0.99" CC="0200453"/>
						<SP ID="P43_SP00423" HPOS="2700" VPOS="732" WIDTH="38"/>
						<String ID="P43_ST00487" HPOS="2738" VPOS="661" WIDTH="174" HEIGHT="60" CONTENT="which" WC="0.99" CC="00500"/>
						<SP ID="P43_SP00424" HPOS="2912" VPOS="732" WIDTH="41"/>
						<String ID="P43_ST00488" HPOS="2953" VPOS="663" WIDTH="19" HEIGHT="57" CONTENT="I" WC="0.36" CC="6"/>
					</TextLine>
					<TextLine ID="P43_TL00063" HPOS="1592" VPOS="729" WIDTH="549" HEIGHT="61">
						<String ID="P43_ST00489" HPOS="1592" VPOS="729" WIDTH="134" HEIGHT="58" CONTENT="have" WC="0.99" CC="0004"/>
						<SP ID="P43_SP00425" HPOS="1726" VPOS="787" WIDTH="38"/>
						<String ID="P43_ST00490" HPOS="1764" VPOS="729" WIDTH="126" HEIGHT="59" CONTENT="here" WC="1.00" CC="0010"/>
						<SP ID="P43_SP00426" HPOS="1890" VPOS="788" WIDTH="38"/>
						<String ID="P43_ST00491" HPOS="1928" VPOS="731" WIDTH="213" HEIGHT="59" CONTENT="related." WC="1.00" CC="00122004"/>
					</TextLine>
					<TextLine ID="P43_TL00064" HPOS="1709" VPOS="803" WIDTH="1272" HEIGHT="75">
						<String ID="P43_ST00492" HPOS="1709" VPOS="803" WIDTH="230" HEIGHT="75" CONTENT="Perhaps" WC="0.99" CC="3070000"/>
						<SP ID="P43_SP00427" HPOS="1939" VPOS="878" WIDTH="40"/>
						<String ID="P43_ST00493" HPOS="1979" VPOS="807" WIDTH="52" HEIGHT="56" CONTENT="in" WC="0.70" CC="50"/>
						<SP ID="P43_SP00428" HPOS="2031" VPOS="878" WIDTH="527"/>
						<String ID="P43_ST00494" HPOS="2558" VPOS="806" WIDTH="138" HEIGHT="58" CONTENT="New" WC="0.93" CC="792" STYLEREFS="TXT_2"/>
						<SP ID="P43_SP00429" HPOS="2696" VPOS="878" WIDTH="-240"/>
						<String ID="P43_ST00495" HPOS="2456" VPOS="833" WIDTH="56" HEIGHT="34" CONTENT="or" WC="0.82" CC="03"/>
						<SP ID="P43_SP00430" HPOS="2696" VPOS="878" WIDTH="-146"/>
						<String ID="P43_ST00496" HPOS="2550" VPOS="811" WIDTH="52" HEIGHT="56" CONTENT="in" WC="0.36" CC="75"/>
						<SP ID="P43_SP00431" HPOS="2696" VPOS="878" WIDTH="-53"/>
						<String ID="P43_ST00497" HPOS="2643" VPOS="810" WIDTH="153" HEIGHT="58" CONTENT="Paris" WC="0.99" CC="50005" STYLEREFS="TXT_2"/>
						<SP ID="P43_SP00432" HPOS="2796" VPOS="878" WIDTH="37"/>
						<String ID="P43_ST00498" HPOS="2833" VPOS="835" WIDTH="56" HEIGHT="33" CONTENT="or" WC="0.65" CC="06"/>
						<SP ID="P43_SP00433" HPOS="2889" VPOS="878" WIDTH="38"/>
						<String ID="P43_ST00499" HPOS="2927" VPOS="814" WIDTH="54" HEIGHT="56" CONTENT="in" WC="0.63" CC="34"/>
					</TextLine>
					<TextLine ID="P43_TL00065" HPOS="1594" VPOS="877" WIDTH="1387" HEIGHT="83">
						<String ID="P43_ST00500" HPOS="1594" VPOS="877" WIDTH="221" HEIGHT="61" CONTENT="London" WC="0.97" CC="574554" STYLEREFS="TXT_2"/>
						<SP ID="P43_SP00434" HPOS="1815" VPOS="938" WIDTH="40"/>
						<String ID="P43_ST00501" HPOS="1855" VPOS="881" WIDTH="158" HEIGHT="74" CONTENT="today" WC="0.99" CC="24000"/>
						<SP ID="P43_SP00435" HPOS="2013" VPOS="955" WIDTH="38"/>
						<String ID="P43_ST00502" HPOS="2051" VPOS="882" WIDTH="143" HEIGHT="59" CONTENT="there" WC="0.99" CC="07000"/>
						<SP ID="P43_SP00436" HPOS="2194" VPOS="955" WIDTH="41"/>
						<String ID="P43_ST00503" HPOS="2235" VPOS="906" WIDTH="88" HEIGHT="35" CONTENT="are" WC="1.00" CC="000"/>
						<SP ID="P43_SP00437" HPOS="2323" VPOS="955" WIDTH="39"/>
						<String ID="P43_ST00504" HPOS="2362" VPOS="908" WIDTH="67" HEIGHT="34" CONTENT="no" WC="0.80" CC="30"/>
						<SP ID="P43_SP00438" HPOS="2429" VPOS="955" WIDTH="40"/>
						<String ID="P43_ST00505" HPOS="2469" VPOS="884" WIDTH="260" HEIGHT="60" CONTENT="ludicrous" WC="0.99" CC="509602350"/>
						<SP ID="P43_SP00439" HPOS="2729" VPOS="955" WIDTH="25"/>
						<String ID="P43_ST00506" HPOS="2754" VPOS="886" WIDTH="144" HEIGHT="74" CONTENT="jokes" WC="0.99" CC="50200"/>
						<SP ID="P43_SP00440" HPOS="2898" VPOS="960" WIDTH="28"/>
						<String ID="P43_ST00507" HPOS="2926" VPOS="887" WIDTH="55" HEIGHT="57" CONTENT="of" WC="0.47" CC="37"/>
					</TextLine>
					<TextLine ID="P43_TL00066" HPOS="1592" VPOS="953" WIDTH="1386" HEIGHT="83">
						<String ID="P43_ST00508" HPOS="1592" VPOS="953" WIDTH="99" HEIGHT="59" CONTENT="this" WC="0.97" CC="6061"/>
						<SP ID="P43_SP00441" HPOS="1691" VPOS="1012" WIDTH="58"/>
						<String ID="P43_ST00509" HPOS="1749" VPOS="956" WIDTH="185" HEIGHT="58" CONTENT="sacred" WC="1.00" CC="000000"/>
						<SP ID="P43_SP00442" HPOS="1934" VPOS="1014" WIDTH="58"/>
						<String ID="P43_ST00510" HPOS="1992" VPOS="972" WIDTH="75" HEIGHT="42" CONTENT="art" WC="0.98" CC="006"/>
						<SP ID="P43_SP00443" HPOS="2067" VPOS="1014" WIDTH="55"/>
						<String ID="P43_ST00511" HPOS="2122" VPOS="957" WIDTH="236" HEIGHT="59" CONTENT="business" WC="0.99" CC="70041400"/>
						<SP ID="P43_SP00444" HPOS="2358" VPOS="1016" WIDTH="52"/>
						<String ID="P43_ST00512" HPOS="2410" VPOS="958" WIDTH="159" HEIGHT="78" CONTENT="being" WC="0.98" CC="01555"/>
						<SP ID="P43_SP00445" HPOS="2569" VPOS="1036" WIDTH="57"/>
						<String ID="P43_ST00513" HPOS="2626" VPOS="962" WIDTH="352" HEIGHT="74" CONTENT="perpetrated." WC="1.00" CC="000003604104"/>
					</TextLine>
					<TextLine ID="P43_TL00067" HPOS="1595" VPOS="1030" WIDTH="838" HEIGHT="76">
						<String ID="P43_ST00514" HPOS="1595" VPOS="1030" WIDTH="20" HEIGHT="57" CONTENT="I" WC="0.54" CC="4"/>
						<SP ID="P43_SP00446" HPOS="1615" VPOS="1087" WIDTH="40"/>
						<String ID="P43_ST00515" HPOS="1655" VPOS="1030" WIDTH="150" HEIGHT="58" CONTENT="leave" WC="0.98" CC="60070"/>
						<SP ID="P43_SP00447" HPOS="1805" VPOS="1088" WIDTH="39"/>
						<String ID="P43_ST00516" HPOS="1844" VPOS="1055" WIDTH="101" HEIGHT="51" CONTENT="you" WC="0.99" CC="020"/>
						<SP ID="P43_SP00448" HPOS="1945" VPOS="1106" WIDTH="40"/>
						<String ID="P43_ST00517" HPOS="1985" VPOS="1046" WIDTH="52" HEIGHT="43" CONTENT="to" WC="1.00" CC="00"/>
						<SP ID="P43_SP00449" HPOS="2037" VPOS="1106" WIDTH="39"/>
						<String ID="P43_ST00518" HPOS="2076" VPOS="1032" WIDTH="193" HEIGHT="60" CONTENT="decide" WC="0.99" CC="000490"/>
						<SP ID="P43_SP00450" HPOS="2269" VPOS="1106" WIDTH="40"/>
						<String ID="P43_ST00519" HPOS="2309" VPOS="1033" WIDTH="124" HEIGHT="59" CONTENT="that." WC="0.99" CC="06003"/>
					</TextLine>
					<TextLine ID="P43_TL00068" HPOS="1709" VPOS="1106" WIDTH="1270" HEIGHT="65">
						<String ID="P43_ST00520" HPOS="1709" VPOS="1106" WIDTH="101" HEIGHT="58" CONTENT="But" WC="0.98" CC="400"/>
						<SP ID="P43_SP00451" HPOS="1810" VPOS="1164" WIDTH="55"/>
						<String ID="P43_ST00521" HPOS="1865" VPOS="1107" WIDTH="126" HEIGHT="58" CONTENT="here" WC="0.99" CC="0060"/>
						<SP ID="P43_SP00452" HPOS="1991" VPOS="1165" WIDTH="57"/>
						<String ID="P43_ST00522" HPOS="2048" VPOS="1108" WIDTH="52" HEIGHT="57" CONTENT="in" WC="0.38" CC="75"/>
						<SP ID="P43_SP00453" HPOS="2100" VPOS="1165" WIDTH="59"/>
						<String ID="P43_ST00523" HPOS="2159" VPOS="1107" WIDTH="298" HEIGHT="60" CONTENT="Zenabella" WC="0.65" CC="714070550"/>
						<SP ID="P43_SP00454" HPOS="2457" VPOS="1167" WIDTH="57"/>
						<String ID="P43_ST00524" HPOS="2514" VPOS="1134" WIDTH="31" HEIGHT="33" CONTENT="a" WC="1.00" CC="0"/>
						<SP ID="P43_SP00455" HPOS="2545" VPOS="1167" WIDTH="63"/>
						<String ID="P43_ST00525" HPOS="2608" VPOS="1110" WIDTH="371" HEIGHT="61" CONTENT="dark-skinned" WC="0.99" CC="007610040600"/>
					</TextLine>
					<TextLine ID="P43_TL00069" HPOS="1594" VPOS="1178" WIDTH="1385" HEIGHT="81">
						<String ID="P43_ST00526" HPOS="1594" VPOS="1178" WIDTH="179" HEIGHT="61" CONTENT="fellow" WC="0.99" CC="700300"/>
						<SP ID="P43_SP00456" HPOS="1773" VPOS="1239" WIDTH="39"/>
						<String ID="P43_ST00527" HPOS="1812" VPOS="1182" WIDTH="53" HEIGHT="56" CONTENT="of" WC="0.34" CC="57"/>
						<SP ID="P43_SP00457" HPOS="1865" VPOS="1239" WIDTH="37"/>
						<String ID="P43_ST00528" HPOS="1902" VPOS="1182" WIDTH="87" HEIGHT="57" CONTENT="the" WC="0.97" CC="070"/>
						<SP ID="P43_SP00458" HPOS="1989" VPOS="1239" WIDTH="39"/>
						<String ID="P43_ST00529" HPOS="2028" VPOS="1206" WIDTH="151" HEIGHT="34" CONTENT="name" WC="0.99" CC="6000"/>
						<SP ID="P43_SP00459" HPOS="2179" VPOS="1240" WIDTH="40"/>
						<String ID="P43_ST00530" HPOS="2219" VPOS="1183" WIDTH="54" HEIGHT="57" CONTENT="of" WC="0.65" CC="07"/>
						<SP ID="P43_SP00460" HPOS="2273" VPOS="1240" WIDTH="46"/>
						<String ID="P43_ST00531" HPOS="2319" VPOS="1183" WIDTH="185" HEIGHT="59" CONTENT="Moses" WC="1.00" CC="02000"/>
						<SP ID="P43_SP00461" HPOS="2504" VPOS="1242" WIDTH="41"/>
						<String ID="P43_ST00532" HPOS="2545" VPOS="1184" WIDTH="235" HEIGHT="75" CONTENT="Bethany" WC="0.99" CC="0056000"/>
						<SP ID="P43_SP00462" HPOS="2780" VPOS="1259" WIDTH="52"/>
						<String ID="P43_ST00533" HPOS="2832" VPOS="1211" WIDTH="147" HEIGHT="33" CONTENT="came" WC="0.99" CC="0110"/>
					</TextLine>
					<TextLine ID="P43_TL00070" HPOS="1594" VPOS="1254" WIDTH="1388" HEIGHT="79">
						<String ID="P43_ST00534" HPOS="1594" VPOS="1254" WIDTH="104" HEIGHT="59" CONTENT="and" WC="0.98" CC="040"/>
						<SP ID="P43_SP00463" HPOS="1698" VPOS="1313" WIDTH="42"/>
						<String ID="P43_ST00535" HPOS="1740" VPOS="1256" WIDTH="348" HEIGHT="59" CONTENT="bamboozled" WC="0.99" CC="7207230300"/>
						<SP ID="P43_SP00464" HPOS="2088" VPOS="1315" WIDTH="38"/>
						<String ID="P43_ST00536" HPOS="2126" VPOS="1258" WIDTH="86" HEIGHT="57" CONTENT="the" WC="0.96" CC="260"/>
						<SP ID="P43_SP00465" HPOS="2212" VPOS="1315" WIDTH="41"/>
						<String ID="P43_ST00537" HPOS="2253" VPOS="1262" WIDTH="159" HEIGHT="55" CONTENT="entire" WC="0.98" CC="065400"/>
						<SP ID="P43_SP00466" HPOS="2412" VPOS="1317" WIDTH="40"/>
						<String ID="P43_ST00538" HPOS="2452" VPOS="1263" WIDTH="245" HEIGHT="69" CONTENT="province" WC="1.00" CC="00005301"/>
						<SP ID="P43_SP00467" HPOS="2697" VPOS="1332" WIDTH="42"/>
						<String ID="P43_ST00539" HPOS="2739" VPOS="1262" WIDTH="129" HEIGHT="71" CONTENT="(and" WC="0.99" CC="0050"/>
						<SP ID="P43_SP00468" HPOS="2868" VPOS="1333" WIDTH="26"/>
						<String ID="P43_ST00540" HPOS="2894" VPOS="1262" WIDTH="88" HEIGHT="58" CONTENT="the" WC="0.97" CC="502"/>
					</TextLine>
					<TextLine ID="P43_TL00071" HPOS="1595" VPOS="1331" WIDTH="1389" HEIGHT="81">
						<String ID="P43_ST00541" HPOS="1595" VPOS="1346" WIDTH="142" HEIGHT="42" CONTENT="town" WC="0.99" CC="0006"/>
						<SP ID="P43_SP00469" HPOS="1737" VPOS="1388" WIDTH="36"/>
						<String ID="P43_ST00542" HPOS="1773" VPOS="1331" WIDTH="160" HEIGHT="73" CONTENT="itself)" WC="0.99" CC="4400070"/>
						<SP ID="P43_SP00470" HPOS="1933" VPOS="1404" WIDTH="59"/>
						<String ID="P43_ST00543" HPOS="1992" VPOS="1333" WIDTH="127" HEIGHT="57" CONTENT="with" WC="0.97" CC="0650"/>
						<SP ID="P43_SP00471" HPOS="2119" VPOS="1404" WIDTH="37"/>
						<String ID="P43_ST00544" HPOS="2156" VPOS="1333" WIDTH="78" HEIGHT="59" CONTENT="his" WC="0.98" CC="041"/>
						<SP ID="P43_SP00472" HPOS="2234" VPOS="1404" WIDTH="59"/>
						<String ID="P43_ST00545" HPOS="2293" VPOS="1336" WIDTH="333" HEIGHT="72" CONTENT="productions" WC="1.00" CC="04300006400"/>
						<SP ID="P43_SP00473" HPOS="2626" VPOS="1408" WIDTH="40"/>
						<String ID="P43_ST00546" HPOS="2666" VPOS="1337" WIDTH="54" HEIGHT="58" CONTENT="of" WC="0.46" CC="37"/>
						<SP ID="P43_SP00474" HPOS="2720" VPOS="1408" WIDTH="38"/>
						<String ID="P43_ST00547" HPOS="2758" VPOS="1362" WIDTH="29" HEIGHT="32" CONTENT="a" WC="0.74" CC="2"/>
						<SP ID="P43_SP00475" HPOS="2787" VPOS="1408" WIDTH="54"/>
						<String ID="P43_ST00548" HPOS="2841" VPOS="1338" WIDTH="143" HEIGHT="74" CONTENT="thing" WC="0.98" CC="70016"/>
					</TextLine>
					<TextLine ID="P43_TL00072" HPOS="1595" VPOS="1405" WIDTH="1389" HEIGHT="77">
						<String ID="P43_ST00549" HPOS="1595" VPOS="1405" WIDTH="66" HEIGHT="59" CONTENT="he" WC="0.69" CC="06"/>
						<SP ID="P43_SP00476" HPOS="1661" VPOS="1464" WIDTH="39"/>
						<String ID="P43_ST00550" HPOS="1700" VPOS="1407" WIDTH="173" HEIGHT="58" CONTENT="called" WC="0.99" CC="035500"/>
						<SP ID="P43_SP00477" HPOS="1873" VPOS="1465" WIDTH="42"/>
						<String ID="P43_ST00551" HPOS="1915" VPOS="1412" WIDTH="33" HEIGHT="20" CONTENT='"' WC="0.93" CC="0"/>
						<SP ID="P43_SP00478" HPOS="1948" VPOS="1465" WIDTH="29"/>
						<String ID="P43_ST00552" HPOS="1977" VPOS="1409" WIDTH="55" HEIGHT="56" CONTENT="A" WC="1.00" CC="0" STYLEREFS="TXT_2"/>
						<SP ID="P43_SP00479" HPOS="2032" VPOS="1465" WIDTH="44"/>
						<String ID="P43_ST00553" HPOS="2076" VPOS="1408" WIDTH="332" HEIGHT="61" CONTENT="Miraculous" WC="1.00" CC="0000050026" STYLEREFS="TXT_2"/>
						<SP ID="P43_SP00480" HPOS="2408" VPOS="1469" WIDTH="39"/>
						<String ID="P43_ST00554" HPOS="2447" VPOS="1411" WIDTH="150" HEIGHT="71" CONTENT="Play" WC="1.00" CC="0000" STYLEREFS="TXT_2"/>
						<SP ID="P43_SP00481" HPOS="2597" VPOS="1482" WIDTH="30"/>
						<String ID="P43_ST00555" HPOS="2627" VPOS="1412" WIDTH="50" HEIGHT="67" CONTENT='",' WC="0.66" CC="50"/>
						<SP ID="P43_SP00482" HPOS="2677" VPOS="1482" WIDTH="41"/>
						<String ID="P43_ST00556" HPOS="2718" VPOS="1414" WIDTH="53" HEIGHT="58" CONTENT="in" WC="0.38" CC="47"/>
						<SP ID="P43_SP00483" HPOS="2771" VPOS="1482" WIDTH="37"/>
						<String ID="P43_ST00557" HPOS="2808" VPOS="1413" WIDTH="176" HEIGHT="59" CONTENT="which" WC="0.98" CC="90200"/>
					</TextLine>
					<TextLine ID="P43_TL00073" HPOS="1595" VPOS="1482" WIDTH="1389" HEIGHT="77">
						<String ID="P43_ST00558" HPOS="1595" VPOS="1482" WIDTH="142" HEIGHT="57" CONTENT="there" WC="1.00" CC="30000"/>
						<SP ID="P43_SP00484" HPOS="1737" VPOS="1539" WIDTH="40"/>
						<String ID="P43_ST00559" HPOS="1777" VPOS="1506" WIDTH="110" HEIGHT="34" CONTENT="was" WC="0.99" CC="020"/>
						<SP ID="P43_SP00485" HPOS="1887" VPOS="1540" WIDTH="38"/>
						<String ID="P43_ST00560" HPOS="1925" VPOS="1483" WIDTH="211" HEIGHT="76" CONTENT="nothing" WC="0.98" CC="5067409"/>
						<SP ID="P43_SP00486" HPOS="2136" VPOS="1559" WIDTH="39"/>
						<String ID="P43_ST00561" HPOS="2175" VPOS="1485" WIDTH="183" HEIGHT="59" CONTENT="sacred" WC="1.00" CC="300000"/>
						<SP ID="P43_SP00487" HPOS="2358" VPOS="1559" WIDTH="38"/>
						<String ID="P43_ST00562" HPOS="2396" VPOS="1499" WIDTH="51" HEIGHT="45" CONTENT="at" WC="0.73" CC="05"/>
						<SP ID="P43_SP00488" HPOS="2447" VPOS="1559" WIDTH="37"/>
						<String ID="P43_ST00563" HPOS="2484" VPOS="1485" WIDTH="86" HEIGHT="60" CONTENT="all." WC="0.98" CC="0233"/>
						<SP ID="P43_SP00489" HPOS="2570" VPOS="1559" WIDTH="80"/>
						<String ID="P43_ST00564" HPOS="2650" VPOS="1488" WIDTH="101" HEIGHT="58" CONTENT="But" WC="0.97" CC="502"/>
						<SP ID="P43_SP00490" HPOS="2751" VPOS="1559" WIDTH="25"/>
						<String ID="P43_ST00565" HPOS="2776" VPOS="1489" WIDTH="113" HEIGHT="57" CONTENT="hew" WC="0.95" CC="272" STYLEREFS="TXT_2"/>
						<SP ID="P43_SP00491" HPOS="2889" VPOS="1559" WIDTH="27"/>
						<String ID="P43_ST00566" HPOS="2916" VPOS="1488" WIDTH="68" HEIGHT="58" CONTENT="he" WC="0.86" CC="02"/>
					</TextLine>
					<TextLine ID="P43_TL00074" HPOS="1596" VPOS="1557" WIDTH="479" HEIGHT="59">
						<String ID="P43_ST00567" HPOS="1596" VPOS="1557" WIDTH="177" HEIGHT="58" CONTENT="fooled" WC="0.98" CC="652300"/>
						<SP ID="P43_SP00492" HPOS="1773" VPOS="1615" WIDTH="38"/>
						<String ID="P43_ST00568" HPOS="1811" VPOS="1557" WIDTH="138" HEIGHT="59" CONTENT="them" WC="1.00" CC="0000"/>
						<SP ID="P43_SP00493" HPOS="1949" VPOS="1616" WIDTH="24"/>
						<String ID="P43_ST00569" HPOS="1973" VPOS="1564" WIDTH="12" HEIGHT="51" CONTENT="!" WC="0.42" CC="5"/>
						<SP ID="P43_SP00494" HPOS="1985" VPOS="1616" WIDTH="33"/>
						<String ID="P43_ST00570" HPOS="2018" VPOS="1564" WIDTH="11" HEIGHT="52" CONTENT="!" WC="0.37" CC="6"/>
						<SP ID="P43_SP00495" HPOS="2029" VPOS="1616" WIDTH="33"/>
						<String ID="P43_ST00571" HPOS="2062" VPOS="1565" WIDTH="13" HEIGHT="51" CONTENT="!" WC="0.43" CC="5"/>
					</TextLine>
					<TextLine ID="P43_TL00075" HPOS="1711" VPOS="1633" WIDTH="1270" HEIGHT="79">
						<String ID="P43_ST00572" HPOS="1711" VPOS="1633" WIDTH="76" HEIGHT="58" CONTENT="So" WC="0.91" CC="10"/>
						<SP ID="P43_SP00496" HPOS="1787" VPOS="1691" WIDTH="39"/>
						<String ID="P43_ST00573" HPOS="1826" VPOS="1633" WIDTH="71" HEIGHT="57" CONTENT="do" WC="0.50" CC="90"/>
						<SP ID="P43_SP00497" HPOS="1897" VPOS="1691" WIDTH="38"/>
						<String ID="P43_ST00574" HPOS="1935" VPOS="1634" WIDTH="127" HEIGHT="57" CONTENT="read" WC="0.96" CC="6039"/>
						<SP ID="P43_SP00498" HPOS="2062" VPOS="1691" WIDTH="44"/>
						<String ID="P43_ST00575" HPOS="2106" VPOS="1638" WIDTH="31" HEIGHT="21" CONTENT='"' WC="0.80" CC="1"/>
						<SP ID="P43_SP00499" HPOS="2137" VPOS="1691" WIDTH="32"/>
						<String ID="P43_ST00576" HPOS="2169" VPOS="1635" WIDTH="156" HEIGHT="57" CONTENT="Nana" WC="0.99" CC="3000"/>
						<SP ID="P43_SP00500" HPOS="2325" VPOS="1692" WIDTH="136"/>
						<String ID="P43_ST00577" HPOS="2461" VPOS="1639" WIDTH="38" HEIGHT="55" CONTENT="it" WC="0.59" CC="80"/>
						<SP ID="P43_SP00501" HPOS="2499" VPOS="1694" WIDTH="51"/>
						<String ID="P43_ST00578" HPOS="2550" VPOS="1635" WIDTH="113" HEIGHT="60" CONTENT="tells" WC="0.99" CC="00400"/>
						<SP ID="P43_SP00502" HPOS="2663" VPOS="1695" WIDTH="53"/>
						<String ID="P43_ST00579" HPOS="2716" VPOS="1662" WIDTH="102" HEIGHT="50" CONTENT="you" WC="0.99" CC="030"/>
						<SP ID="P43_SP00503" HPOS="2818" VPOS="1712" WIDTH="39"/>
						<String ID="P43_ST00580" HPOS="2857" VPOS="1638" WIDTH="124" HEIGHT="60" CONTENT="how" WC="0.98" CC="040"/>
					</TextLine>
					<TextLine ID="P43_TL00076" HPOS="1595" VPOS="1708" WIDTH="1171" HEIGHT="63">
						<String ID="P43_ST00581" HPOS="1595" VPOS="1709" WIDTH="39" HEIGHT="57" CONTENT="it" WC="0.60" CC="70"/>
						<SP ID="P43_SP00504" HPOS="1634" VPOS="1766" WIDTH="37"/>
						<String ID="P43_ST00582" HPOS="1671" VPOS="1709" WIDTH="42" HEIGHT="56" CONTENT="is" WC="1.00" CC="00"/>
						<SP ID="P43_SP00505" HPOS="1713" VPOS="1766" WIDTH="41"/>
						<String ID="P43_ST00583" HPOS="1754" VPOS="1708" WIDTH="141" HEIGHT="58" CONTENT="done" WC="0.97" CC="9400"/>
						<SP ID="P43_SP00506" HPOS="1895" VPOS="1766" WIDTH="39"/>
						<String ID="P43_ST00584" HPOS="1934" VPOS="1733" WIDTH="58" HEIGHT="34" CONTENT="so" WC="0.86" CC="02"/>
						<SP ID="P43_SP00507" HPOS="1992" VPOS="1767" WIDTH="39"/>
						<String ID="P43_ST00585" HPOS="2031" VPOS="1710" WIDTH="155" HEIGHT="59" CONTENT="much" WC="0.98" CC="7200"/>
						<SP ID="P43_SP00508" HPOS="2186" VPOS="1769" WIDTH="38"/>
						<String ID="P43_ST00586" HPOS="2224" VPOS="1710" WIDTH="167" HEIGHT="59" CONTENT="better" WC="0.98" CC="705504"/>
						<SP ID="P43_SP00509" HPOS="2391" VPOS="1769" WIDTH="38"/>
						<String ID="P43_ST00587" HPOS="2429" VPOS="1712" WIDTH="121" HEIGHT="58" CONTENT="than" WC="0.97" CC="4604"/>
						<SP ID="P43_SP00510" HPOS="2550" VPOS="1770" WIDTH="42"/>
						<String ID="P43_ST00588" HPOS="2592" VPOS="1713" WIDTH="19" HEIGHT="57" CONTENT="I" WC="0.54" CC="4"/>
						<SP ID="P43_SP00511" HPOS="2611" VPOS="1770" WIDTH="41"/>
						<String ID="P43_ST00589" HPOS="2652" VPOS="1738" WIDTH="114" HEIGHT="33" CONTENT="can." WC="0.98" CC="0062"/>
					</TextLine>
					<TextLine ID="P43_TL00077" HPOS="1711" VPOS="1784" WIDTH="1268" HEIGHT="80">
						<String ID="P43_ST00590" HPOS="1711" VPOS="1784" WIDTH="59" HEIGHT="72" CONTENT="€jj" WC="0.44" CC="816"/>
						<SP ID="P43_SP00512" HPOS="1770" VPOS="1856" WIDTH="40"/>
						<String ID="P43_ST00591" HPOS="1810" VPOS="1785" WIDTH="62" HEIGHT="57" CONTENT="A" WC="0.88" CC="1"/>
						<SP ID="P43_SP00513" HPOS="1872" VPOS="1856" WIDTH="58"/>
						<String ID="P43_ST00592" HPOS="1930" VPOS="1800" WIDTH="201" HEIGHT="60" CONTENT="strange" WC="0.99" CC="0004590"/>
						<SP ID="P43_SP00514" HPOS="2131" VPOS="1860" WIDTH="60"/>
						<String ID="P43_ST00593" HPOS="2191" VPOS="1788" WIDTH="104" HEIGHT="57" CONTENT="and" WC="0.99" CC="120"/>
						<SP ID="P43_SP00515" HPOS="2295" VPOS="1860" WIDTH="58"/>
						<String ID="P43_ST00594" HPOS="2353" VPOS="1786" WIDTH="94" HEIGHT="59" CONTENT="sad" WC="0.99" CC="200"/>
						<SP ID="P43_SP00516" HPOS="2447" VPOS="1860" WIDTH="59"/>
						<String ID="P43_ST00595" HPOS="2506" VPOS="1792" WIDTH="143" HEIGHT="71" CONTENT="point" WC="0.99" CC="00440"/>
						<SP ID="P43_SP00517" HPOS="2649" VPOS="1863" WIDTH="56"/>
						<String ID="P43_ST00596" HPOS="2705" VPOS="1789" WIDTH="155" HEIGHT="58" CONTENT="made" WC="0.98" CC="0090"/>
						<SP ID="P43_SP00518" HPOS="2860" VPOS="1863" WIDTH="48"/>
						<String ID="P43_ST00597" HPOS="2908" VPOS="1789" WIDTH="71" HEIGHT="75" CONTENT="by" WC="0.63" CC="70"/>
					</TextLine>
					<TextLine ID="P43_TL00078" HPOS="1596" VPOS="1858" WIDTH="1383" HEIGHT="78">
						<String ID="P43_ST00598" HPOS="1596" VPOS="1858" WIDTH="141" HEIGHT="58" CONTENT="Zola" WC="0.98" CC="0250"/>
						<SP ID="P43_SP00519" HPOS="1737" VPOS="1916" WIDTH="38"/>
						<String ID="P43_ST00599" HPOS="1775" VPOS="1860" WIDTH="43" HEIGHT="56" CONTENT="is" WC="0.65" CC="60"/>
						<SP ID="P43_SP00520" HPOS="1818" VPOS="1916" WIDTH="40"/>
						<String ID="P43_ST00600" HPOS="1858" VPOS="1859" WIDTH="86" HEIGHT="58" CONTENT="the" WC="0.97" CC="070"/>
						<SP ID="P43_SP00521" HPOS="1944" VPOS="1917" WIDTH="40"/>
						<String ID="P43_ST00601" HPOS="1984" VPOS="1863" WIDTH="231" HEIGHT="73" CONTENT="amazing" WC="0.99" CC="0004609"/>
						<SP ID="P43_SP00522" HPOS="2215" VPOS="1936" WIDTH="28"/>
						<String ID="P43_ST00602" HPOS="2243" VPOS="1860" WIDTH="250" HEIGHT="76" CONTENT="infidelity" WC="0.99" CC="1267031430"/>
						<SP ID="P43_SP00523" HPOS="2493" VPOS="1936" WIDTH="25"/>
						<String ID="P43_ST00603" HPOS="2518" VPOS="1863" WIDTH="52" HEIGHT="58" CONTENT="of" WC="0.43" CC="47"/>
						<SP ID="P43_SP00524" HPOS="2570" VPOS="1936" WIDTH="27"/>
						<String ID="P43_ST00604" HPOS="2597" VPOS="1864" WIDTH="77" HEIGHT="57" CONTENT="his" WC="0.97" CC="060"/>
						<SP ID="P43_SP00525" HPOS="2674" VPOS="1936" WIDTH="28"/>
						<String ID="P43_ST00605" HPOS="2702" VPOS="1864" WIDTH="239" HEIGHT="58" CONTENT="Heroine" WC="0.99" CC="3034400"/>
						<SP ID="P43_SP00526" HPOS="2941" VPOS="1936" WIDTH="24"/>
						<String ID="P43_ST00606" HPOS="2965" VPOS="1891" WIDTH="14" HEIGHT="33" CONTENT=":" WC="0.75" CC="2"/>
					</TextLine>
					<TextLine ID="P43_TL00079" HPOS="1596" VPOS="1933" WIDTH="1386" HEIGHT="82">
						<String ID="P43_ST00607" HPOS="1596" VPOS="1933" WIDTH="68" HEIGHT="58" CONTENT="he" WC="0.63" CC="70"/>
						<SP ID="P43_SP00527" HPOS="1664" VPOS="1991" WIDTH="38"/>
						<String ID="P43_ST00608" HPOS="1702" VPOS="1936" WIDTH="43" HEIGHT="56" CONTENT="is" WC="0.70" CC="50"/>
						<SP ID="P43_SP00528" HPOS="1745" VPOS="1992" WIDTH="40"/>
						<String ID="P43_ST00609" HPOS="1785" VPOS="1934" WIDTH="194" HEIGHT="75" CONTENT="always" WC="1.00" CC="050000"/>
						<SP ID="P43_SP00529" HPOS="1979" VPOS="2009" WIDTH="45"/>
						<String ID="P43_ST00610" HPOS="2024" VPOS="1940" WIDTH="255" HEIGHT="73" CONTENT="returning" WC="0.99" CC="301030800"/>
						<SP ID="P43_SP00530" HPOS="2279" VPOS="2013" WIDTH="42"/>
						<String ID="P43_ST00611" HPOS="2321" VPOS="1936" WIDTH="105" HEIGHT="60" CONTENT="and" WC="0.97" CC="620"/>
						<SP ID="P43_SP00531" HPOS="2426" VPOS="2013" WIDTH="52"/>
						<String ID="P43_ST00612" HPOS="2478" VPOS="1943" WIDTH="259" HEIGHT="72" CONTENT="returning" WC="0.99" CC="105042469"/>
						<SP ID="P43_SP00532" HPOS="2737" VPOS="2015" WIDTH="39"/>
						<String ID="P43_ST00613" HPOS="2776" VPOS="1954" WIDTH="51" HEIGHT="43" CONTENT="to" WC="0.69" CC="60"/>
						<SP ID="P43_SP00533" HPOS="2827" VPOS="2015" WIDTH="41"/>
						<String ID="P43_ST00614" HPOS="2868" VPOS="1940" WIDTH="114" HEIGHT="57" CONTENT="this." WC="0.98" CC="60604"/>
					</TextLine>
					<TextLine ID="P43_TL00080" HPOS="1599" VPOS="2009" WIDTH="1387" HEIGHT="77">
						<String ID="P43_ST00615" HPOS="1599" VPOS="2009" WIDTH="81" HEIGHT="58" CONTENT="Of" WC="0.65" CC="07"/>
						<SP ID="P43_SP00534" HPOS="1680" VPOS="2067" WIDTH="36"/>
						<String ID="P43_ST00616" HPOS="1716" VPOS="2009" WIDTH="92" HEIGHT="58" CONTENT="her" WC="0.99" CC="003"/>
						<SP ID="P43_SP00535" HPOS="1808" VPOS="2067" WIDTH="38"/>
						<String ID="P43_ST00617" HPOS="1846" VPOS="2034" WIDTH="199" HEIGHT="36" CONTENT="amours" WC="0.99" CC="003510"/>
						<SP ID="P43_SP00536" HPOS="2045" VPOS="2070" WIDTH="41"/>
						<String ID="P43_ST00618" HPOS="2086" VPOS="2013" WIDTH="20" HEIGHT="57" CONTENT="I" WC="0.91" CC="0"/>
						<SP ID="P43_SP00537" HPOS="2106" VPOS="2070" WIDTH="40"/>
						<String ID="P43_ST00619" HPOS="2146" VPOS="2011" WIDTH="71" HEIGHT="59" CONTENT="do" WC="0.97" CC="00"/>
						<SP ID="P43_SP00538" HPOS="2217" VPOS="2070" WIDTH="38"/>
						<String ID="P43_ST00620" HPOS="2255" VPOS="2027" WIDTH="91" HEIGHT="44" CONTENT="not" WC="0.99" CC="002"/>
						<SP ID="P43_SP00539" HPOS="2346" VPOS="2071" WIDTH="36"/>
						<String ID="P43_ST00621" HPOS="2382" VPOS="2014" WIDTH="191" HEIGHT="72" CONTENT="speak;" WC="0.99" CC="000605"/>
						<SP ID="P43_SP00540" HPOS="2573" VPOS="2086" WIDTH="43"/>
						<String ID="P43_ST00622" HPOS="2616" VPOS="2014" WIDTH="19" HEIGHT="58" CONTENT="I" WC="0.35" CC="6"/>
						<SP ID="P43_SP00541" HPOS="2635" VPOS="2086" WIDTH="27"/>
						<String ID="P43_ST00623" HPOS="2662" VPOS="2015" WIDTH="133" HEIGHT="58" CONTENT="refer" WC="0.98" CC="00704"/>
						<SP ID="P43_SP00542" HPOS="2795" VPOS="2086" WIDTH="26"/>
						<String ID="P43_ST00624" HPOS="2821" VPOS="2030" WIDTH="52" HEIGHT="43" CONTENT="to" WC="0.45" CC="46"/>
						<SP ID="P43_SP00543" HPOS="2873" VPOS="2086" WIDTH="25"/>
						<String ID="P43_ST00625" HPOS="2898" VPOS="2015" WIDTH="88" HEIGHT="57" CONTENT="the" WC="0.97" CC="070"/>
					</TextLine>
					<TextLine ID="P43_TL00081" HPOS="1598" VPOS="2084" WIDTH="1390" HEIGHT="76">
						<String ID="P43_ST00626" HPOS="1598" VPOS="2084" WIDTH="251" HEIGHT="76" CONTENT="infidelity" WC="0.99" CC="7300905300"/>
						<SP ID="P43_SP00544" HPOS="1849" VPOS="2160" WIDTH="38"/>
						<String ID="P43_ST00627" HPOS="1887" VPOS="2086" WIDTH="53" HEIGHT="59" CONTENT="of" WC="0.48" CC="36"/>
						<SP ID="P43_SP00545" HPOS="1940" VPOS="2160" WIDTH="37"/>
						<String ID="P43_ST00628" HPOS="1977" VPOS="2087" WIDTH="93" HEIGHT="59" CONTENT="her" WC="0.98" CC="004"/>
						<SP ID="P43_SP00546" HPOS="2070" VPOS="2160" WIDTH="57"/>
						<String ID="P43_ST00629" HPOS="2127" VPOS="2089" WIDTH="161" HEIGHT="58" CONTENT="mind." WC="0.99" CC="02003"/>
						<SP ID="P43_SP00547" HPOS="2288" VPOS="2160" WIDTH="79"/>
						<String ID="P43_ST00630" HPOS="2367" VPOS="2089" WIDTH="137" HEIGHT="58" CONTENT="And" WC="0.93" CC="369"/>
						<SP ID="P43_SP00548" HPOS="2504" VPOS="2160" WIDTH="59"/>
						<String ID="P43_ST00631" HPOS="2563" VPOS="2090" WIDTH="92" HEIGHT="58" CONTENT="she" WC="1.00" CC="000"/>
						<SP ID="P43_SP00549" HPOS="2655" VPOS="2160" WIDTH="40"/>
						<String ID="P43_ST00632" HPOS="2695" VPOS="2091" WIDTH="103" HEIGHT="57" CONTENT="and" WC="0.94" CC="079"/>
						<SP ID="P43_SP00550" HPOS="2798" VPOS="2160" WIDTH="58"/>
						<String ID="P43_ST00633" HPOS="2856" VPOS="2108" WIDTH="132" HEIGHT="42" CONTENT="most" WC="0.96" CC="5355"/>
					</TextLine>
					<TextLine ID="P43_TL00082" HPOS="1599" VPOS="2160" WIDTH="1387" HEIGHT="82">
						<String ID="P43_ST00634" HPOS="1599" VPOS="2161" WIDTH="52" HEIGHT="57" CONTENT="of" WC="0.44" CC="46"/>
						<SP ID="P43_SP00551" HPOS="1651" VPOS="2218" WIDTH="39"/>
						<String ID="P43_ST00635" HPOS="1690" VPOS="2160" WIDTH="92" HEIGHT="58" CONTENT="her" WC="0.99" CC="003"/>
						<SP ID="P43_SP00552" HPOS="1782" VPOS="2218" WIDTH="36"/>
						<String ID="P43_ST00636" HPOS="1818" VPOS="2161" WIDTH="453" HEIGHT="61" CONTENT="fellow-actresses" WC="1.00" CC="6065504000000000"/>
						<SP ID="P43_SP00553" HPOS="2271" VPOS="2222" WIDTH="39"/>
						<String ID="P43_ST00637" HPOS="2310" VPOS="2189" WIDTH="89" HEIGHT="33" CONTENT="are" WC="0.99" CC="100"/>
						<SP ID="P43_SP00554" HPOS="2399" VPOS="2222" WIDTH="53"/>
						<String ID="P43_ST00638" HPOS="2452" VPOS="2165" WIDTH="184" HEIGHT="75" CONTENT="adepts" WC="0.98" CC="090340"/>
						<SP ID="P43_SP00555" HPOS="2636" VPOS="2240" WIDTH="41"/>
						<String ID="P43_ST00639" HPOS="2677" VPOS="2181" WIDTH="52" HEIGHT="42" CONTENT="at" WC="0.67" CC="23"/>
						<SP ID="P43_SP00556" HPOS="2729" VPOS="2240" WIDTH="38"/>
						<String ID="P43_ST00640" HPOS="2767" VPOS="2166" WIDTH="219" HEIGHT="76" CONTENT="abusing" WC="0.99" CC="0702550"/>
					</TextLine>
					<TextLine ID="P43_TL00083" HPOS="1600" VPOS="2237" WIDTH="1387" HEIGHT="78">
						<String ID="P43_ST00641" HPOS="1600" VPOS="2259" WIDTH="257" HEIGHT="51" CONTENT="everyone" WC="1.00" CC="00000000"/>
						<SP ID="P43_SP00557" HPOS="1857" VPOS="2310" WIDTH="40"/>
						<String ID="P43_ST00642" HPOS="1897" VPOS="2237" WIDTH="127" HEIGHT="59" CONTENT="with" WC="0.97" CC="0517"/>
						<SP ID="P43_SP00558" HPOS="2024" VPOS="2310" WIDTH="40"/>
						<String ID="P43_ST00643" HPOS="2064" VPOS="2237" WIDTH="130" HEIGHT="60" CONTENT="their" WC="0.98" CC="10373"/>
						<SP ID="P43_SP00559" HPOS="2194" VPOS="2310" WIDTH="56"/>
						<String ID="P43_ST00644" HPOS="2250" VPOS="2253" WIDTH="233" HEIGHT="62" CONTENT="tongues." WC="0.99" CC="25100001"/>
						<SP ID="P43_SP00560" HPOS="2483" VPOS="2315" WIDTH="80"/>
						<String ID="P43_ST00645" HPOS="2563" VPOS="2241" WIDTH="110" HEIGHT="59" CONTENT="Yet" WC="0.99" CC="020"/>
						<SP ID="P43_SP00561" HPOS="2673" VPOS="2315" WIDTH="57"/>
						<String ID="P43_ST00646" HPOS="2730" VPOS="2240" WIDTH="257" HEIGHT="60" CONTENT="Madame" WC="1.00" CC="000000"/>
					</TextLine>
					<TextLine ID="P43_TL00084" HPOS="1600" VPOS="2310" WIDTH="1386" HEIGHT="76">
						<String ID="P43_ST00647" HPOS="1600" VPOS="2310" WIDTH="236" HEIGHT="59" CONTENT="Berton's" WC="0.81" CC="41200230"/>
						<SP ID="P43_SP00562" HPOS="1836" VPOS="2369" WIDTH="40"/>
						<String ID="P43_ST00648" HPOS="1876" VPOS="2329" WIDTH="169" HEIGHT="57" CONTENT="pretty" WC="1.00" CC="000030"/>
						<SP ID="P43_SP00563" HPOS="2045" VPOS="2386" WIDTH="57"/>
						<String ID="P43_ST00649" HPOS="2102" VPOS="2314" WIDTH="139" HEIGHT="58" CONTENT="book" WC="0.96" CC="7450"/>
						<SP ID="P43_SP00564" HPOS="2241" VPOS="2386" WIDTH="59"/>
						<String ID="P43_ST00650" HPOS="2300" VPOS="2315" WIDTH="105" HEIGHT="58" CONTENT="had" WC="0.97" CC="700"/>
						<SP ID="P43_SP00565" HPOS="2405" VPOS="2386" WIDTH="59"/>
						<String ID="P43_ST00651" HPOS="2464" VPOS="2330" WIDTH="90" HEIGHT="43" CONTENT="not" WC="0.97" CC="600"/>
						<SP ID="P43_SP00566" HPOS="2554" VPOS="2386" WIDTH="56"/>
						<String ID="P43_ST00652" HPOS="2610" VPOS="2316" WIDTH="123" HEIGHT="58" CONTENT="then" WC="0.99" CC="4020"/>
						<SP ID="P43_SP00567" HPOS="2733" VPOS="2386" WIDTH="58"/>
						<String ID="P43_ST00653" HPOS="2791" VPOS="2341" WIDTH="163" HEIGHT="45" CONTENT="appea" SUBS_TYPE="HypPart1" SUBS_CONTENT="appeared" WC="0.99" CC="04300"/>
						<HYP HPOS="2954" VPOS="2341" WIDTH="32" CONTENT="-"/>
					</TextLine>
					<TextLine ID="P43_TL00085" HPOS="1596" VPOS="2387" WIDTH="210" HEIGHT="59">
						<String ID="P43_ST00654" HPOS="1596" VPOS="2387" WIDTH="93" HEIGHT="57" CONTENT="red" SUBS_TYPE="HypPart2" SUBS_CONTENT="appeared" WC="0.98" CC="500"/>
						<SP ID="P43_SP00568" HPOS="1689" VPOS="2444" WIDTH="32"/>
						<String ID="P43_ST00655" HPOS="1721" VPOS="2387" WIDTH="85" HEIGHT="59" CONTENT="(1)." WC="0.38" CC="5764"/>
					</TextLine>
					<TextLine ID="P43_TL00086" HPOS="1714" VPOS="2461" WIDTH="1272" HEIGHT="79">
						<String ID="P43_ST00656" HPOS="1714" VPOS="2461" WIDTH="182" HEIGHT="61" CONTENT="There" WC="1.00" CC="00000"/>
						<SP ID="P43_SP00569" HPOS="1896" VPOS="2522" WIDTH="39"/>
						<String ID="P43_ST00657" HPOS="1935" VPOS="2466" WIDTH="44" HEIGHT="56" CONTENT="is" WC="0.64" CC="70"/>
						<SP ID="P43_SP00570" HPOS="1979" VPOS="2522" WIDTH="40"/>
						<String ID="P43_ST00658" HPOS="2019" VPOS="2465" WIDTH="184" HEIGHT="75" CONTENT="hardly" WC="0.99" CC="004900"/>
						<SP ID="P43_SP00571" HPOS="2203" VPOS="2540" WIDTH="38"/>
						<String ID="P43_ST00659" HPOS="2241" VPOS="2490" WIDTH="119" HEIGHT="42" CONTENT="one," WC="0.98" CC="4014"/>
						<SP ID="P43_SP00572" HPOS="2360" VPOS="2540" WIDTH="44"/>
						<String ID="P43_ST00660" HPOS="2404" VPOS="2466" WIDTH="249" HEIGHT="60" CONTENT="favoured" WC="0.99" CC="77022200"/>
						<SP ID="P43_SP00573" HPOS="2653" VPOS="2540" WIDTH="38"/>
						<String ID="P43_ST00661" HPOS="2691" VPOS="2493" WIDTH="56" HEIGHT="33" CONTENT="or" WC="0.54" CC="53"/>
						<SP ID="P43_SP00574" HPOS="2747" VPOS="2540" WIDTH="37"/>
						<String ID="P43_ST00662" HPOS="2784" VPOS="2484" WIDTH="89" HEIGHT="43" CONTENT="not" WC="0.97" CC="620"/>
						<SP ID="P43_SP00575" HPOS="2873" VPOS="2540" WIDTH="36"/>
						<String ID="P43_ST00663" HPOS="2909" VPOS="2470" WIDTH="52" HEIGHT="57" CONTENT="fa" SUBS_TYPE="HypPart1" SUBS_CONTENT="favoured," WC="0.96" CC="61"/>
						<HYP HPOS="2961" VPOS="2470" WIDTH="25" CONTENT="-"/>
					</TextLine>
					<TextLine ID="P43_TL00087" HPOS="1599" VPOS="2538" WIDTH="1392" HEIGHT="68">
						<String ID="P43_ST00664" HPOS="1599" VPOS="2538" WIDTH="213" HEIGHT="68" CONTENT="voured," SUBS_TYPE="HypPart2" SUBS_CONTENT="favoured," WC="0.99" CC="0250102"/>
						<SP ID="P43_SP00576" HPOS="1812" VPOS="2606" WIDTH="41"/>
						<String ID="P43_ST00665" HPOS="1853" VPOS="2540" WIDTH="175" HEIGHT="58" CONTENT="whom" WC="0.99" CC="0050"/>
						<SP ID="P43_SP00577" HPOS="2028" VPOS="2606" WIDTH="41"/>
						<String ID="P43_ST00666" HPOS="2069" VPOS="2540" WIDTH="147" HEIGHT="59" CONTENT="these" WC="0.99" CC="50000"/>
						<SP ID="P43_SP00578" HPOS="2216" VPOS="2606" WIDTH="39"/>
						<String ID="P43_ST00667" HPOS="2255" VPOS="2541" WIDTH="165" HEIGHT="58" CONTENT="ladies" WC="0.98" CC="009800"/>
						<SP ID="P43_SP00579" HPOS="2420" VPOS="2606" WIDTH="41"/>
						<String ID="P43_ST00668" HPOS="2461" VPOS="2542" WIDTH="72" HEIGHT="59" CONTENT="do" WC="1.00" CC="00"/>
						<SP ID="P43_SP00580" HPOS="2533" VPOS="2606" WIDTH="40"/>
						<String ID="P43_ST00669" HPOS="2573" VPOS="2557" WIDTH="87" HEIGHT="44" CONTENT="not" WC="0.98" CC="221"/>
						<SP ID="P43_SP00581" HPOS="2660" VPOS="2606" WIDTH="39"/>
						<String ID="P43_ST00670" HPOS="2699" VPOS="2542" WIDTH="161" HEIGHT="60" CONTENT="abuse" WC="0.98" CC="07500"/>
						<SP ID="P43_SP00582" HPOS="2860" VPOS="2606" WIDTH="28"/>
						<String ID="P43_ST00671" HPOS="2888" VPOS="2542" WIDTH="103" HEIGHT="60" CONTENT="like" WC="0.97" CC="4601"/>
					</TextLine>
					<TextLine ID="P43_TL00088" HPOS="1599" VPOS="2612" WIDTH="1393" HEIGHT="79">
						<String ID="P43_ST00672" HPOS="1599" VPOS="2612" WIDTH="357" HEIGHT="75" CONTENT="pickpockets." WC="1.00" CC="052061000403"/>
						<SP ID="P43_SP00583" HPOS="1956" VPOS="2687" WIDTH="82"/>
						<String ID="P43_ST00673" HPOS="2038" VPOS="2616" WIDTH="41" HEIGHT="57" CONTENT="It" WC="0.77" CC="03"/>
						<SP ID="P43_SP00584" HPOS="2079" VPOS="2687" WIDTH="25"/>
						<String ID="P43_ST00674" HPOS="2104" VPOS="2620" WIDTH="42" HEIGHT="54" CONTENT="is" WC="0.46" CC="64"/>
						<SP ID="P43_SP00585" HPOS="2146" VPOS="2687" WIDTH="23"/>
						<String ID="P43_ST00675" HPOS="2169" VPOS="2641" WIDTH="30" HEIGHT="33" CONTENT="a" WC="0.38" CC="6"/>
						<SP ID="P43_SP00586" HPOS="2199" VPOS="2687" WIDTH="28"/>
						<String ID="P43_ST00676" HPOS="2227" VPOS="2620" WIDTH="202" HEIGHT="55" CONTENT="curious" WC="0.98" CC="0257454"/>
						<SP ID="P43_SP00587" HPOS="2429" VPOS="2687" WIDTH="31"/>
						<String ID="P43_ST00677" HPOS="2460" VPOS="2620" WIDTH="174" HEIGHT="71" CONTENT="point;" WC="0.99" CC="004500"/>
						<SP ID="P43_SP00588" HPOS="2634" VPOS="2691" WIDTH="33"/>
						<String ID="P43_ST00678" HPOS="2667" VPOS="2665" WIDTH="30" HEIGHT="13" CONTENT=".." WC="0.65" CC="33"/>
						<String ID="P43_ST00679" HPOS="2709" VPOS="2665" WIDTH="9" HEIGHT="13" CONTENT="S" STYLE="subscript" WC="0.24" CC="7"/>
						<String ID="P43_ST00680" HPOS="2732" VPOS="2622" WIDTH="58" HEIGHT="55" CONTENT=".is" WC="0.82" CC="302"/>
						<SP ID="P43_SP00589" HPOS="2790" VPOS="2691" WIDTH="28"/>
						<String ID="P43_ST00681" HPOS="2818" VPOS="2622" WIDTH="38" HEIGHT="56" CONTENT="it" WC="0.60" CC="52"/>
						<SP ID="P43_SP00590" HPOS="2856" VPOS="2691" WIDTH="24"/>
						<String ID="P43_ST00682" HPOS="2880" VPOS="2635" WIDTH="112" HEIGHT="43" CONTENT="true" WC="0.97" CC="1760"/>
					</TextLine>
					<TextLine ID="P43_TL00089" HPOS="1600" VPOS="2689" WIDTH="227" HEIGHT="59">
						<String ID="P43_ST00683" HPOS="1600" VPOS="2703" WIDTH="53" HEIGHT="44" CONTENT="to" WC="0.64" CC="61"/>
						<SP ID="P43_SP00591" HPOS="1653" VPOS="2747" WIDTH="40"/>
						<String ID="P43_ST00684" HPOS="1693" VPOS="2689" WIDTH="89" HEIGHT="58" CONTENT="life" WC="0.97" CC="7070"/>
						<SP ID="P43_SP00592" HPOS="1782" VPOS="2747" WIDTH="21"/>
						<String ID="P43_ST00685" HPOS="1803" VPOS="2697" WIDTH="24" HEIGHT="51" CONTENT="?" WC="1.00" CC="9"/>
					</TextLine>
					<TextLine ID="P43_TL00090" HPOS="1714" VPOS="2764" WIDTH="1277" HEIGHT="78">
						<String ID="P43_ST00686" HPOS="1714" VPOS="2764" WIDTH="160" HEIGHT="59" CONTENT="Have" WC="1.00" CC="0000"/>
						<SP ID="P43_SP00593" HPOS="1874" VPOS="2823" WIDTH="27"/>
						<String ID="P43_ST00687" HPOS="1901" VPOS="2782" WIDTH="250" HEIGHT="45" CONTENT="actresses" WC="1.00" CC="035000400"/>
						<SP ID="P43_SP00594" HPOS="2151" VPOS="2827" WIDTH="21"/>
						<String ID="P43_ST00688" HPOS="2172" VPOS="2767" WIDTH="127" HEIGHT="58" CONTENT="such" WC="0.99" CC="0006"/>
						<SP ID="P43_SP00595" HPOS="2299" VPOS="2827" WIDTH="17"/>
						<String ID="P43_ST00689" HPOS="2316" VPOS="2768" WIDTH="183" HEIGHT="74" CONTENT="utterly" WC="0.99" CC="0060450"/>
						<SP ID="P43_SP00596" HPOS="2499" VPOS="2842" WIDTH="19"/>
						<String ID="P43_ST00690" HPOS="2518" VPOS="2768" WIDTH="268" HEIGHT="60" CONTENT="unfaithful" WC="0.99" CC="4320720656"/>
						<SP ID="P43_SP00597" HPOS="2786" VPOS="2842" WIDTH="19"/>
						<String ID="P43_ST00691" HPOS="2805" VPOS="2771" WIDTH="186" HEIGHT="67" CONTENT="minds," WC="0.96" CC="684962"/>
					</TextLine>
					<TextLine ID="P43_TL00091" HPOS="1601" VPOS="2839" WIDTH="1390" HEIGHT="82">
						<String ID="P43_ST00692" HPOS="1601" VPOS="2862" WIDTH="59" HEIGHT="36" CONTENT="so" WC="0.75" CC="50"/>
						<SP ID="P43_SP00598" HPOS="1660" VPOS="2898" WIDTH="40"/>
						<String ID="P43_ST00693" HPOS="1700" VPOS="2839" WIDTH="129" HEIGHT="60" CONTENT="little" WC="0.97" CC="460735"/>
						<SP ID="P43_SP00599" HPOS="1829" VPOS="2899" WIDTH="38"/>
						<String ID="P43_ST00694" HPOS="1867" VPOS="2842" WIDTH="195" HEIGHT="58" CONTENT="control" WC="0.99" CC="0042008"/>
						<SP ID="P43_SP00600" HPOS="2062" VPOS="2900" WIDTH="40"/>
						<String ID="P43_ST00695" HPOS="2102" VPOS="2867" WIDTH="124" HEIGHT="33" CONTENT="over" WC="0.97" CC="5404"/>
						<SP ID="P43_SP00601" HPOS="2226" VPOS="2900" WIDTH="38"/>
						<String ID="P43_ST00696" HPOS="2264" VPOS="2843" WIDTH="130" HEIGHT="59" CONTENT="their" WC="0.99" CC="30011"/>
						<SP ID="P43_SP00602" HPOS="2394" VPOS="2902" WIDTH="52"/>
						<String ID="P43_ST00697" HPOS="2446" VPOS="2851" WIDTH="253" HEIGHT="70" CONTENT="tongues?" WC="0.98" CC="40792006"/>
						<SP ID="P43_SP00603" HPOS="2699" VPOS="2921" WIDTH="42"/>
						<String ID="P43_ST00698" HPOS="2741" VPOS="2846" WIDTH="87" HEIGHT="57" CONTENT="Do" WC="0.73" CC="50"/>
						<SP ID="P43_SP00604" HPOS="2828" VPOS="2921" WIDTH="41"/>
						<String ID="P43_ST00699" HPOS="2869" VPOS="2847" WIDTH="122" HEIGHT="72" CONTENT="they" WC="1.00" CC="0000"/>
					</TextLine>
					<TextLine ID="P43_TL00092" HPOS="1599" VPOS="2914" WIDTH="1390" HEIGHT="75">
						<String ID="P43_ST00700" HPOS="1599" VPOS="2914" WIDTH="162" HEIGHT="75" CONTENT="really" WC="0.99" CC="000360"/>
						<SP ID="P43_SP00605" HPOS="1761" VPOS="2989" WIDTH="40"/>
						<String ID="P43_ST00701" HPOS="1801" VPOS="2916" WIDTH="207" HEIGHT="59" CONTENT="slander" WC="0.98" CC="0765903"/>
						<SP ID="P43_SP00606" HPOS="2008" VPOS="2989" WIDTH="38"/>
						<String ID="P43_ST00702" HPOS="2046" VPOS="2932" WIDTH="53" HEIGHT="43" CONTENT="to" WC="0.71" CC="31"/>
						<SP ID="P43_SP00607" HPOS="2099" VPOS="2989" WIDTH="40"/>
						<String ID="P43_ST00703" HPOS="2139" VPOS="2918" WIDTH="85" HEIGHT="57" CONTENT="the" WC="0.95" CC="560"/>
						<SP ID="P43_SP00608" HPOS="2224" VPOS="2989" WIDTH="40"/>
						<String ID="P43_ST00704" HPOS="2264" VPOS="2933" WIDTH="174" HEIGHT="45" CONTENT="extent" WC="0.99" CC="030250"/>
						<SP ID="P43_SP00609" HPOS="2438" VPOS="2989" WIDTH="38"/>
						<String ID="P43_ST00705" HPOS="2476" VPOS="2919" WIDTH="140" HEIGHT="60" CONTENT="Zola" WC="0.98" CC="0460"/>
						<SP ID="P43_SP00610" HPOS="2616" VPOS="2989" WIDTH="38"/>
						<String ID="P43_ST00706" HPOS="2654" VPOS="2921" WIDTH="175" HEIGHT="58" CONTENT="makes" WC="1.00" CC="00000"/>
						<SP ID="P43_SP00611" HPOS="2829" VPOS="2989" WIDTH="28"/>
						<String ID="P43_ST00707" HPOS="2857" VPOS="2938" WIDTH="91" HEIGHT="42" CONTENT="out" WC="0.95" CC="048"/>
						<SP ID="P43_SP00612" HPOS="2948" VPOS="2989" WIDTH="17"/>
						<String ID="P43_ST00708" HPOS="2965" VPOS="2929" WIDTH="24" HEIGHT="51" CONTENT="?" WC="1.00" CC="9"/>
					</TextLine>
					<TextLine ID="P43_TL00093" HPOS="1601" VPOS="2992" WIDTH="1390" HEIGHT="82">
						<String ID="P43_ST00709" HPOS="1601" VPOS="2992" WIDTH="42" HEIGHT="57" CONTENT="If" WC="0.33" CC="66"/>
						<SP ID="P43_SP00613" HPOS="1643" VPOS="3049" WIDTH="38"/>
						<String ID="P43_ST00710" HPOS="1681" VPOS="3016" WIDTH="77" HEIGHT="43" CONTENT="so," WC="0.96" CC="703"/>
						<SP ID="P43_SP00614" HPOS="1758" VPOS="3059" WIDTH="41"/>
						<String ID="P43_ST00711" HPOS="1799" VPOS="2996" WIDTH="42" HEIGHT="54" CONTENT="is" WC="0.63" CC="70"/>
						<SP ID="P43_SP00615" HPOS="1841" VPOS="3059" WIDTH="40"/>
						<String ID="P43_ST00712" HPOS="1881" VPOS="2996" WIDTH="39" HEIGHT="55" CONTENT="it" WC="0.72" CC="50"/>
						<SP ID="P43_SP00616" HPOS="1920" VPOS="3059" WIDTH="38"/>
						<String ID="P43_ST00713" HPOS="1958" VPOS="2993" WIDTH="104" HEIGHT="58" CONTENT="due" WC="1.00" CC="010"/>
						<SP ID="P43_SP00617" HPOS="2062" VPOS="3059" WIDTH="41"/>
						<String ID="P43_ST00714" HPOS="2103" VPOS="3009" WIDTH="51" HEIGHT="44" CONTENT="to" WC="0.54" CC="62"/>
						<SP ID="P43_SP00618" HPOS="2154" VPOS="3059" WIDTH="40"/>
						<String ID="P43_ST00715" HPOS="2194" VPOS="2994" WIDTH="87" HEIGHT="59" CONTENT="the" WC="1.00" CC="100"/>
						<SP ID="P43_SP00619" HPOS="2281" VPOS="3059" WIDTH="59"/>
						<String ID="P43_ST00716" HPOS="2340" VPOS="3011" WIDTH="234" HEIGHT="43" CONTENT="constant" WC="0.99" CC="00701003"/>
						<SP ID="P43_SP00620" HPOS="2574" VPOS="3059" WIDTH="56"/>
						<String ID="P43_ST00717" HPOS="2630" VPOS="2997" WIDTH="254" HEIGHT="77" CONTENT="changing" WC="0.99" CC="00006836"/>
						<SP ID="P43_SP00621" HPOS="2884" VPOS="3074" WIDTH="52"/>
						<String ID="P43_ST00718" HPOS="2936" VPOS="2998" WIDTH="55" HEIGHT="58" CONTENT="of" WC="0.36" CC="56"/>
					</TextLine>
					<TextLine ID="P43_TL00094" HPOS="1599" VPOS="3067" WIDTH="1393" HEIGHT="80">
						<String ID="P43_ST00719" HPOS="1599" VPOS="3067" WIDTH="134" HEIGHT="58" CONTENT="their" WC="0.98" CC="60040"/>
						<SP ID="P43_SP00622" HPOS="1733" VPOS="3125" WIDTH="40"/>
						<String ID="P43_ST00720" HPOS="1773" VPOS="3092" WIDTH="125" HEIGHT="51" CONTENT="very" WC="0.97" CC="5170"/>
						<SP ID="P43_SP00623" HPOS="1898" VPOS="3143" WIDTH="37"/>
						<String ID="P43_ST00721" HPOS="1935" VPOS="3084" WIDTH="179" HEIGHT="44" CONTENT="nature" WC="0.98" CC="446400"/>
						<SP ID="P43_SP00624" HPOS="2114" VPOS="3143" WIDTH="40"/>
						<String ID="P43_ST00722" HPOS="2154" VPOS="3070" WIDTH="132" HEIGHT="59" CONTENT="each" WC="1.00" CC="0000"/>
						<SP ID="P43_SP00625" HPOS="2286" VPOS="3143" WIDTH="37"/>
						<String ID="P43_ST00723" HPOS="2323" VPOS="3072" WIDTH="160" HEIGHT="73" CONTENT="night," WC="0.98" CC="666050"/>
						<SP ID="P43_SP00626" HPOS="2483" VPOS="3145" WIDTH="23"/>
						<String ID="P43_ST00724" HPOS="2506" VPOS="3072" WIDTH="106" HEIGHT="58" CONTENT="due" WC="0.98" CC="060"/>
						<SP ID="P43_SP00627" HPOS="2612" VPOS="3145" WIDTH="41"/>
						<String ID="P43_ST00725" HPOS="2653" VPOS="3087" WIDTH="51" HEIGHT="43" CONTENT="to" WC="0.36" CC="57"/>
						<SP ID="P43_SP00628" HPOS="2704" VPOS="3145" WIDTH="20"/>
						<String ID="P43_ST00726" HPOS="2724" VPOS="3072" WIDTH="131" HEIGHT="58" CONTENT="their" WC="0.98" CC="20071"/>
						<SP ID="P43_SP00629" HPOS="2855" VPOS="3145" WIDTH="19"/>
						<String ID="P43_ST00727" HPOS="2874" VPOS="3097" WIDTH="89" HEIGHT="50" CONTENT="pro" SUBS_TYPE="HypPart1" SUBS_CONTENT="profession" WC="0.97" CC="045"/>
						<HYP HPOS="2963" VPOS="3097" WIDTH="29" CONTENT="-"/>
					</TextLine>
					<TextLine ID="P43_TL00095" HPOS="1601" VPOS="3143" WIDTH="1390" HEIGHT="79">
						<String ID="P43_ST00728" HPOS="1601" VPOS="3143" WIDTH="192" HEIGHT="58" CONTENT="fession" SUBS_TYPE="HypPart2" SUBS_CONTENT="profession" WC="0.99" CC="7000463"/>
						<SP ID="P43_SP00630" HPOS="1793" VPOS="3201" WIDTH="38"/>
						<String ID="P43_ST00729" HPOS="1831" VPOS="3143" WIDTH="174" HEIGHT="58" CONTENT="which" WC="0.99" CC="00600"/>
						<SP ID="P43_SP00631" HPOS="2005" VPOS="3201" WIDTH="40"/>
						<String ID="P43_ST00730" HPOS="2045" VPOS="3145" WIDTH="166" HEIGHT="58" CONTENT="forces" WC="0.99" CC="650000"/>
						<SP ID="P43_SP00632" HPOS="2211" VPOS="3203" WIDTH="38"/>
						<String ID="P43_ST00731" HPOS="2249" VPOS="3145" WIDTH="140" HEIGHT="59" CONTENT="them" WC="0.99" CC="1003"/>
						<SP ID="P43_SP00633" HPOS="2389" VPOS="3204" WIDTH="58"/>
						<String ID="P43_ST00732" HPOS="2447" VPOS="3162" WIDTH="52" HEIGHT="42" CONTENT="to" WC="0.64" CC="15"/>
						<SP ID="P43_SP00634" HPOS="2499" VPOS="3204" WIDTH="57"/>
						<String ID="P43_ST00733" HPOS="2556" VPOS="3147" WIDTH="98" HEIGHT="57" CONTENT="this" WC="0.99" CC="0060"/>
						<SP ID="P43_SP00635" HPOS="2654" VPOS="3204" WIDTH="59"/>
						<String ID="P43_ST00734" HPOS="2713" VPOS="3152" WIDTH="278" HEIGHT="70" CONTENT="capacious" WC="0.99" CC="020501060"/>
					</TextLine>
					<TextLine ID="P43_TL00096" HPOS="1600" VPOS="3219" WIDTH="1393" HEIGHT="78">
						<String ID="P43_ST00735" HPOS="1600" VPOS="3219" WIDTH="273" HEIGHT="75" CONTENT="versatility" WC="0.98" CC="00359247669"/>
						<SP ID="P43_SP00636" HPOS="1873" VPOS="3294" WIDTH="20"/>
						<String ID="P43_ST00736" HPOS="1893" VPOS="3227" WIDTH="25" HEIGHT="50" CONTENT="?" WC="1.00" CC="9"/>
						<SP ID="P43_SP00637" HPOS="1918" VPOS="3294" WIDTH="81"/>
						<String ID="P43_ST00737" HPOS="1999" VPOS="3220" WIDTH="43" HEIGHT="57" CONTENT="Is" WC="0.64" CC="70"/>
						<SP ID="P43_SP00638" HPOS="2042" VPOS="3294" WIDTH="29"/>
						<String ID="P43_ST00738" HPOS="2071" VPOS="3223" WIDTH="37" HEIGHT="56" CONTENT="it" WC="0.32" CC="67"/>
						<SP ID="P43_SP00639" HPOS="2108" VPOS="3294" WIDTH="39"/>
						<String ID="P43_ST00739" HPOS="2147" VPOS="3220" WIDTH="105" HEIGHT="60" CONTENT="due" WC="0.98" CC="030"/>
						<SP ID="P43_SP00640" HPOS="2252" VPOS="3294" WIDTH="57"/>
						<String ID="P43_ST00740" HPOS="2309" VPOS="3238" WIDTH="52" HEIGHT="42" CONTENT="to" WC="0.96" CC="00"/>
						<SP ID="P43_SP00641" HPOS="2361" VPOS="3294" WIDTH="45"/>
						<String ID="P43_ST00741" HPOS="2406" VPOS="3222" WIDTH="97" HEIGHT="58" CONTENT="this" WC="0.97" CC="4070"/>
						<SP ID="P43_SP00642" HPOS="2503" VPOS="3294" WIDTH="48"/>
						<String ID="P43_ST00742" HPOS="2551" VPOS="3223" WIDTH="285" HEIGHT="74" CONTENT="profession" WC="0.99" CC="0057000205"/>
						<SP ID="P43_SP00643" HPOS="2836" VPOS="3297" WIDTH="49"/>
						<String ID="P43_ST00743" HPOS="2885" VPOS="3224" WIDTH="108" HEIGHT="60" CONTENT="that" WC="0.99" CC="0050"/>
					</TextLine>
					<TextLine ID="P43_TL00097" HPOS="1600" VPOS="3293" WIDTH="1389" HEIGHT="82">
						<String ID="P43_ST00744" HPOS="1600" VPOS="3293" WIDTH="122" HEIGHT="75" CONTENT="they" WC="0.99" CC="2000"/>
						<SP ID="P43_SP00644" HPOS="1722" VPOS="3368" WIDTH="38"/>
						<String ID="P43_ST00745" HPOS="1760" VPOS="3319" WIDTH="151" HEIGHT="35" CONTENT="come" WC="0.99" CC="0501"/>
						<SP ID="P43_SP00645" HPOS="1911" VPOS="3368" WIDTH="40"/>
						<String ID="P43_ST00746" HPOS="1951" VPOS="3310" WIDTH="50" HEIGHT="44" CONTENT="to" WC="0.70" CC="50"/>
						<SP ID="P43_SP00646" HPOS="2001" VPOS="3368" WIDTH="61"/>
						<String ID="P43_ST00747" HPOS="2062" VPOS="3297" WIDTH="206" HEIGHT="58" CONTENT="behave" WC="0.99" CC="700000"/>
						<SP ID="P43_SP00647" HPOS="2268" VPOS="3368" WIDTH="41"/>
						<String ID="P43_ST00748" HPOS="2309" VPOS="3298" WIDTH="103" HEIGHT="58" CONTENT="like" WC="0.98" CC="5400"/>
						<SP ID="P43_SP00648" HPOS="2412" VPOS="3368" WIDTH="52"/>
						<String ID="P43_ST00749" HPOS="2464" VPOS="3299" WIDTH="212" HEIGHT="76" CONTENT="nothing" WC="0.99" CC="0070530"/>
						<SP ID="P43_SP00649" HPOS="2676" VPOS="3375" WIDTH="45"/>
						<String ID="P43_ST00750" HPOS="2721" VPOS="3300" WIDTH="122" HEIGHT="66" CONTENT="real," WC="0.98" CC="42032"/>
						<SP ID="P43_SP00650" HPOS="2843" VPOS="3375" WIDTH="42"/>
						<String ID="P43_ST00751" HPOS="2885" VPOS="3300" WIDTH="104" HEIGHT="59" CONTENT="and" WC="1.00" CC="000"/>
					</TextLine>
					<TextLine ID="P43_TL00098" HPOS="1601" VPOS="3370" WIDTH="1382" HEIGHT="80">
						<String ID="P43_ST00752" HPOS="1601" VPOS="3394" WIDTH="90" HEIGHT="35" CONTENT="see" WC="0.99" CC="100"/>
						<SP ID="P43_SP00651" HPOS="1691" VPOS="3429" WIDTH="41"/>
						<String ID="P43_ST00753" HPOS="1732" VPOS="3370" WIDTH="67" HEIGHT="59" CONTENT="all" WC="0.95" CC="076"/>
						<SP ID="P43_SP00652" HPOS="1799" VPOS="3429" WIDTH="40"/>
						<String ID="P43_ST00754" HPOS="1839" VPOS="3370" WIDTH="105" HEIGHT="60" CONTENT="real" WC="0.99" CC="0015"/>
						<SP ID="P43_SP00653" HPOS="1944" VPOS="3430" WIDTH="41"/>
						<String ID="P43_ST00755" HPOS="1985" VPOS="3371" WIDTH="87" HEIGHT="59" CONTENT="life" WC="0.96" CC="6460"/>
						<SP ID="P43_SP00654" HPOS="2072" VPOS="3430" WIDTH="40"/>
						<String ID="P43_ST00756" HPOS="2112" VPOS="3373" WIDTH="104" HEIGHT="58" CONTENT="and" WC="0.97" CC="620"/>
						<SP ID="P43_SP00655" HPOS="2216" VPOS="3431" WIDTH="22"/>
						<String ID="P43_ST00757" HPOS="2238" VPOS="3373" WIDTH="158" HEIGHT="77" CONTENT="living" WC="0.98" CC="563630"/>
						<SP ID="P43_SP00656" HPOS="2396" VPOS="3450" WIDTH="41"/>
						<String ID="P43_ST00758" HPOS="2437" VPOS="3374" WIDTH="182" HEIGHT="75" CONTENT="beings" WC="0.97" CC="706690"/>
						<SP ID="P43_SP00657" HPOS="2619" VPOS="3450" WIDTH="26"/>
						<String ID="P43_ST00759" HPOS="2645" VPOS="3398" WIDTH="56" HEIGHT="34" CONTENT="as" WC="1.00" CC="00"/>
						<SP ID="P43_SP00658" HPOS="2701" VPOS="3450" WIDTH="27"/>
						<String ID="P43_ST00760" HPOS="2728" VPOS="3375" WIDTH="127" HEIGHT="59" CONTENT="false" WC="0.98" CC="70700"/>
						<SP ID="P43_SP00659" HPOS="2855" VPOS="3450" WIDTH="39"/>
						<String ID="P43_ST00761" HPOS="2894" VPOS="3375" WIDTH="89" HEIGHT="60" CONTENT="life" WC="0.96" CC="4670"/>
					</TextLine>
					<TextLine ID="P43_TL00099" HPOS="1601" VPOS="3445" WIDTH="1391" HEIGHT="79">
						<String ID="P43_ST00762" HPOS="1601" VPOS="3445" WIDTH="104" HEIGHT="59" CONTENT="and" WC="0.97" CC="240"/>
						<SP ID="P43_SP00660" HPOS="1705" VPOS="3504" WIDTH="41"/>
						<String ID="P43_ST00763" HPOS="1746" VPOS="3446" WIDTH="127" HEIGHT="59" CONTENT="false" WC="0.98" CC="70210"/>
						<SP ID="P43_SP00661" HPOS="1873" VPOS="3505" WIDTH="39"/>
						<String ID="P43_ST00764" HPOS="1912" VPOS="3446" WIDTH="262" HEIGHT="78" CONTENT="beings,as" WC="0.99" CC="005090400"/>
						<SP ID="P43_SP00662" HPOS="2174" VPOS="3524" WIDTH="39"/>
						<String ID="P43_ST00765" HPOS="2213" VPOS="3449" WIDTH="122" HEIGHT="75" CONTENT="they" WC="0.98" CC="2610"/>
						<SP ID="P43_SP00663" HPOS="2335" VPOS="3524" WIDTH="38"/>
						<String ID="P43_ST00766" HPOS="2373" VPOS="3474" WIDTH="139" HEIGHT="50" CONTENT="open" WC="1.00" CC="2000"/>
						<SP ID="P43_SP00664" HPOS="2512" VPOS="3524" WIDTH="41"/>
						<String ID="P43_ST00767" HPOS="2553" VPOS="3476" WIDTH="29" HEIGHT="31" CONTENT="a" WC="1.00" CC="0"/>
						<SP ID="P43_SP00665" HPOS="2582" VPOS="3524" WIDTH="39"/>
						<String ID="P43_ST00768" HPOS="2621" VPOS="3451" WIDTH="128" HEIGHT="58" CONTENT="door" WC="0.96" CC="9321"/>
						<SP ID="P43_SP00666" HPOS="2749" VPOS="3524" WIDTH="44"/>
						<String ID="P43_ST00769" HPOS="2793" VPOS="3476" WIDTH="67" HEIGHT="33" CONTENT="on" WC="0.57" CC="16"/>
						<SP ID="P43_SP00667" HPOS="2860" VPOS="3524" WIDTH="46"/>
						<String ID="P43_ST00770" HPOS="2906" VPOS="3451" WIDTH="86" HEIGHT="60" CONTENT="the" WC="0.98" CC="500"/>
					</TextLine>
					<TextLine ID="P43_TL00100" HPOS="1601" VPOS="3523" WIDTH="1390" HEIGHT="74">
						<String ID="P43_ST00771" HPOS="1601" VPOS="3535" WIDTH="144" HEIGHT="60" CONTENT="stage" WC="0.98" CC="03061"/>
						<SP ID="P43_SP00668" HPOS="1745" VPOS="3595" WIDTH="40"/>
						<String ID="P43_ST00772" HPOS="1785" VPOS="3523" WIDTH="103" HEIGHT="57" CONTENT="and" WC="0.98" CC="050"/>
						<SP ID="P43_SP00669" HPOS="1888" VPOS="3595" WIDTH="42"/>
						<String ID="P43_ST00773" HPOS="1930" VPOS="3547" WIDTH="65" HEIGHT="50" CONTENT="go" WC="0.50" CC="90"/>
						<SP ID="P43_SP00670" HPOS="1995" VPOS="3597" WIDTH="39"/>
						<String ID="P43_ST00774" HPOS="2034" VPOS="3547" WIDTH="69" HEIGHT="34" CONTENT="on" WC="0.65" CC="60"/>
						<SP ID="P43_SP00671" HPOS="2103" VPOS="3597" WIDTH="25"/>
						<String ID="P43_ST00775" HPOS="2128" VPOS="3526" WIDTH="107" HEIGHT="55" CONTENT="into" WC="0.97" CC="0531"/>
						<SP ID="P43_SP00672" HPOS="2235" VPOS="3597" WIDTH="28"/>
						<String ID="P43_ST00776" HPOS="2263" VPOS="3549" WIDTH="63" HEIGHT="33" CONTENT="an" WC="0.75" CC="40"/>
						<SP ID="P43_SP00673" HPOS="2326" VPOS="3597" WIDTH="42"/>
						<String ID="P43_ST00777" HPOS="2368" VPOS="3525" WIDTH="177" HEIGHT="59" CONTENT="unreal" WC="0.99" CC="300007"/>
						<SP ID="P43_SP00674" HPOS="2545" VPOS="3597" WIDTH="41"/>
						<String ID="P43_ST00778" HPOS="2586" VPOS="3529" WIDTH="261" HEIGHT="55" CONTENT="existence" WC="1.00" CC="003200500"/>
						<SP ID="P43_SP00675" HPOS="2847" VPOS="3597" WIDTH="21"/>
						<String ID="P43_ST00779" HPOS="2868" VPOS="3533" WIDTH="24" HEIGHT="52" CONTENT="?" WC="1.00" CC="9"/>
						<SP ID="P43_SP00676" HPOS="2892" VPOS="3597" WIDTH="77"/>
						<String ID="P43_ST00780" HPOS="2969" VPOS="3526" WIDTH="22" HEIGHT="59" CONTENT="I" WC="0.64" CC="3"/>
					</TextLine>
					<TextLine ID="P43_TL00101" HPOS="1601" VPOS="3596" WIDTH="1392" HEIGHT="80">
						<String ID="P43_ST00781" HPOS="1601" VPOS="3596" WIDTH="143" HEIGHT="59" CONTENT="think" WC="0.99" CC="00360"/>
						<SP ID="P43_SP00677" HPOS="1744" VPOS="3655" WIDTH="39"/>
						<String ID="P43_ST00782" HPOS="1783" VPOS="3600" WIDTH="38" HEIGHT="56" CONTENT="it" WC="0.65" CC="42"/>
						<SP ID="P43_SP00678" HPOS="1821" VPOS="3656" WIDTH="43"/>
						<String ID="P43_ST00783" HPOS="1864" VPOS="3600" WIDTH="75" HEIGHT="65" CONTENT="is;" WC="0.96" CC="603"/>
						<SP ID="P43_SP00679" HPOS="1939" VPOS="3665" WIDTH="60"/>
						<String ID="P43_ST00784" HPOS="1999" VPOS="3599" WIDTH="105" HEIGHT="58" CONTENT="and" WC="0.99" CC="030"/>
						<SP ID="P43_SP00680" HPOS="2104" VPOS="3665" WIDTH="59"/>
						<String ID="P43_ST00785" HPOS="2163" VPOS="3624" WIDTH="58" HEIGHT="33" CONTENT="so" WC="0.73" CC="41"/>
						<SP ID="P43_SP00681" HPOS="2221" VPOS="3665" WIDTH="58"/>
						<String ID="P43_ST00786" HPOS="2279" VPOS="3600" WIDTH="234" HEIGHT="75" CONTENT="possibly" WC="0.99" CC="03305770"/>
						<SP ID="P43_SP00682" HPOS="2513" VPOS="3675" WIDTH="56"/>
						<String ID="P43_ST00787" HPOS="2569" VPOS="3601" WIDTH="122" HEIGHT="75" CONTENT="they" WC="0.97" CC="0760"/>
						<SP ID="P43_SP00683" HPOS="2691" VPOS="3676" WIDTH="57"/>
						<String ID="P43_ST00788" HPOS="2748" VPOS="3625" WIDTH="117" HEIGHT="50" CONTENT="may" WC="0.98" CC="040"/>
						<SP ID="P43_SP00684" HPOS="2865" VPOS="3676" WIDTH="58"/>
						<String ID="P43_ST00789" HPOS="2923" VPOS="3601" WIDTH="70" HEIGHT="60" CONTENT="be" WC="0.64" CC="70"/>
					</TextLine>
					<TextLine ID="P43_TL00102" HPOS="1601" VPOS="3675" WIDTH="1392" HEIGHT="77">
						<String ID="P43_ST00790" HPOS="1601" VPOS="3688" WIDTH="210" HEIGHT="59" CONTENT="exempt" WC="0.98" CC="034900"/>
						<SP ID="P43_SP00685" HPOS="1811" VPOS="3747" WIDTH="37"/>
						<String ID="P43_ST00791" HPOS="1848" VPOS="3675" WIDTH="128" HEIGHT="57" CONTENT="from" WC="0.97" CC="6025"/>
						<SP ID="P43_SP00686" HPOS="1976" VPOS="3747" WIDTH="39"/>
						<String ID="P43_ST00792" HPOS="2015" VPOS="3675" WIDTH="88" HEIGHT="58" CONTENT="the" WC="0.95" CC="670"/>
						<SP ID="P43_SP00687" HPOS="2103" VPOS="3747" WIDTH="41"/>
						<String ID="P43_ST00793" HPOS="2144" VPOS="3675" WIDTH="171" HEIGHT="60" CONTENT="blame" WC="0.99" CC="70010"/>
						<SP ID="P43_SP00688" HPOS="2315" VPOS="3747" WIDTH="28"/>
						<String ID="P43_ST00794" HPOS="2343" VPOS="3678" WIDTH="105" HEIGHT="57" CONTENT="due" WC="0.94" CC="940"/>
						<SP ID="P43_SP00689" HPOS="2448" VPOS="3747" WIDTH="27"/>
						<String ID="P43_ST00795" HPOS="2475" VPOS="3693" WIDTH="52" HEIGHT="42" CONTENT="to" WC="0.96" CC="00"/>
						<SP ID="P43_SP00690" HPOS="2527" VPOS="3747" WIDTH="27"/>
						<String ID="P43_ST00796" HPOS="2554" VPOS="3678" WIDTH="189" HEIGHT="67" CONTENT="others," WC="0.98" CC="5170540"/>
						<SP ID="P43_SP00691" HPOS="2743" VPOS="3747" WIDTH="28"/>
						<String ID="P43_ST00797" HPOS="2771" VPOS="3678" WIDTH="75" HEIGHT="59" CONTENT="for" WC="0.95" CC="605"/>
						<SP ID="P43_SP00692" HPOS="2846" VPOS="3747" WIDTH="27"/>
						<String ID="P43_ST00798" HPOS="2873" VPOS="3678" WIDTH="120" HEIGHT="74" CONTENT="they" WC="1.00" CC="2000"/>
					</TextLine>
					<TextLine ID="P43_TL00103" HPOS="1599" VPOS="3747" WIDTH="918" HEIGHT="64">
						<String ID="P43_ST00799" HPOS="1599" VPOS="3747" WIDTH="136" HEIGHT="60" CONTENT="have" WC="0.98" CC="0080"/>
						<SP ID="P43_SP00693" HPOS="1735" VPOS="3807" WIDTH="38"/>
						<String ID="P43_ST00800" HPOS="1773" VPOS="3773" WIDTH="68" HEIGHT="34" CONTENT="no" WC="0.66" CC="51"/>
						<SP ID="P43_SP00694" HPOS="1841" VPOS="3807" WIDTH="38"/>
						<String ID="P43_ST00801" HPOS="1879" VPOS="3774" WIDTH="152" HEIGHT="34" CONTENT="sense" WC="0.99" CC="30600"/>
						<SP ID="P43_SP00695" HPOS="2031" VPOS="3808" WIDTH="40"/>
						<String ID="P43_ST00802" HPOS="2071" VPOS="3750" WIDTH="92" HEIGHT="58" CONTENT="left" WC="0.97" CC="2064"/>
						<SP ID="P43_SP00696" HPOS="2163" VPOS="3808" WIDTH="36"/>
						<String ID="P43_ST00803" HPOS="2199" VPOS="3751" WIDTH="55" HEIGHT="59" CONTENT="of" WC="0.65" CC="07"/>
						<SP ID="P43_SP00697" HPOS="2254" VPOS="3810" WIDTH="24"/>
						<String ID="P43_ST00804" HPOS="2278" VPOS="3751" WIDTH="239" HEIGHT="60" CONTENT="realities." WC="0.99" CC="4004540004"/>
					</TextLine>
					<TextLine ID="P43_TL00104" HPOS="1718" VPOS="3824" WIDTH="1273" HEIGHT="80">
						<String ID="P43_ST00805" HPOS="1718" VPOS="3824" WIDTH="41" HEIGHT="58" CONTENT="If" WC="0.38" CC="57"/>
						<SP ID="P43_SP00698" HPOS="1759" VPOS="3882" WIDTH="38"/>
						<String ID="P43_ST00806" HPOS="1797" VPOS="3825" WIDTH="99" HEIGHT="58" CONTENT="this" WC="0.97" CC="4063"/>
						<SP ID="P43_SP00699" HPOS="1896" VPOS="3883" WIDTH="56"/>
						<String ID="P43_ST00807" HPOS="1952" VPOS="3825" WIDTH="70" HEIGHT="58" CONTENT="be" WC="0.63" CC="70"/>
						<SP ID="P43_SP00700" HPOS="2022" VPOS="3883" WIDTH="59"/>
						<String ID="P43_ST00808" HPOS="2081" VPOS="3841" WIDTH="126" HEIGHT="51" CONTENT="true," WC="0.99" CC="64000"/>
						<SP ID="P43_SP00701" HPOS="2207" VPOS="3892" WIDTH="45"/>
						<String ID="P43_ST00809" HPOS="2252" VPOS="3827" WIDTH="139" HEIGHT="68" CONTENT="then," WC="0.98" CC="67002"/>
						<SP ID="P43_SP00702" HPOS="2391" VPOS="3895" WIDTH="42"/>
						<String ID="P43_ST00810" HPOS="2433" VPOS="3827" WIDTH="38" HEIGHT="59" CONTENT="if" WC="0.26" CC="77"/>
						<SP ID="P43_SP00703" HPOS="2471" VPOS="3895" WIDTH="57"/>
						<String ID="P43_ST00811" HPOS="2528" VPOS="3827" WIDTH="122" HEIGHT="75" CONTENT="they" WC="0.98" CC="5020"/>
						<SP ID="P43_SP00704" HPOS="2650" VPOS="3902" WIDTH="52"/>
						<String ID="P43_ST00812" HPOS="2702" VPOS="3827" WIDTH="108" HEIGHT="60" CONTENT="lied" WC="0.97" CC="5720"/>
						<SP ID="P43_SP00705" HPOS="2810" VPOS="3902" WIDTH="56"/>
						<String ID="P43_ST00813" HPOS="2866" VPOS="3827" WIDTH="125" HEIGHT="77" CONTENT="they" WC="1.00" CC="0000"/>
					</TextLine>
					<TextLine ID="P43_TL00105" HPOS="1601" VPOS="3900" WIDTH="1392" HEIGHT="80">
						<String ID="P43_ST00814" HPOS="1601" VPOS="3900" WIDTH="179" HEIGHT="59" CONTENT="would" WC="0.98" CC="07440"/>
						<SP ID="P43_SP00706" HPOS="1780" VPOS="3959" WIDTH="42"/>
						<String ID="P43_ST00815" HPOS="1822" VPOS="3902" WIDTH="69" HEIGHT="57" CONTENT="lie" WC="0.95" CC="660"/>
						<SP ID="P43_SP00707" HPOS="1891" VPOS="3959" WIDTH="39"/>
						<String ID="P43_ST00816" HPOS="1930" VPOS="3901" WIDTH="103" HEIGHT="60" CONTENT="like" WC="0.97" CC="4700"/>
						<SP ID="P43_SP00708" HPOS="2033" VPOS="3961" WIDTH="39"/>
						<String ID="P43_ST00817" HPOS="2072" VPOS="3902" WIDTH="148" HEIGHT="68" CONTENT="truth," WC="0.98" CC="763701"/>
						<SP ID="P43_SP00709" HPOS="2220" VPOS="3970" WIDTH="42"/>
						<String ID="P43_ST00818" HPOS="2262" VPOS="3904" WIDTH="205" HEIGHT="74" CONTENT="making" WC="0.99" CC="040630"/>
						<SP ID="P43_SP00710" HPOS="2467" VPOS="3978" WIDTH="105"/>
						<String ID="P43_ST00819" HPOS="2572" VPOS="3904" WIDTH="87" HEIGHT="59" CONTENT="the" WC="0.94" CC="673"/>
						<SP ID="P43_SP00711" HPOS="2659" VPOS="3978" WIDTH="40"/>
						<String ID="P43_ST00820" HPOS="2699" VPOS="3929" WIDTH="124" HEIGHT="51" CONTENT="very" WC="0.98" CC="5040"/>
						<SP ID="P43_SP00712" HPOS="2823" VPOS="3980" WIDTH="37"/>
						<String ID="P43_ST00821" HPOS="2860" VPOS="3906" WIDTH="133" HEIGHT="59" CONTENT="truth" WC="0.98" CC="03707"/>
					</TextLine>
					<TextLine ID="P43_TL00106" HPOS="1603" VPOS="3976" WIDTH="1388" HEIGHT="81">
						<String ID="P43_ST00822" HPOS="1603" VPOS="4000" WIDTH="143" HEIGHT="36" CONTENT="seem" WC="1.00" CC="0001"/>
						<SP ID="P43_SP00713" HPOS="1746" VPOS="4036" WIDTH="19"/>
						<String ID="P43_ST00823" HPOS="1765" VPOS="3976" WIDTH="273" HEIGHT="61" CONTENT="falsehood" WC="0.99" CC="700007230"/>
						<SP ID="P43_SP00714" HPOS="2038" VPOS="4037" WIDTH="27"/>
						<String ID="P43_ST00824" HPOS="2065" VPOS="3992" WIDTH="53" HEIGHT="45" CONTENT="to" WC="0.83" CC="30"/>
						<SP ID="P43_SP00715" HPOS="2118" VPOS="4037" WIDTH="27"/>
						<String ID="P43_ST00825" HPOS="2145" VPOS="3978" WIDTH="86" HEIGHT="59" CONTENT='it"' WC="0.94" CC="616"/>
						<SP ID="P43_SP00716" HPOS="2231" VPOS="4037" WIDTH="21"/>
						<String ID="P43_ST00826" HPOS="2252" VPOS="4004" WIDTH="11" HEIGHT="33" CONTENT=":" WC="0.94" CC="0"/>
						<SP ID="P43_SP00717" HPOS="2263" VPOS="4037" WIDTH="24"/>
						<String ID="P43_ST00827" HPOS="2287" VPOS="3980" WIDTH="98" HEIGHT="58" CONTENT="this" WC="0.97" CC="5072"/>
						<SP ID="P43_SP00718" HPOS="2385" VPOS="4038" WIDTH="25"/>
						<String ID="P43_ST00828" HPOS="2410" VPOS="4004" WIDTH="126" HEIGHT="53" CONTENT="goes" WC="0.97" CC="8600"/>
						<SP ID="P43_SP00719" HPOS="2536" VPOS="4057" WIDTH="20"/>
						<String ID="P43_ST00829" HPOS="2556" VPOS="3981" WIDTH="218" HEIGHT="58" CONTENT="without" WC="0.99" CC="0640203"/>
						<SP ID="P43_SP00720" HPOS="2774" VPOS="4057" WIDTH="20"/>
						<String ID="P43_ST00830" HPOS="2794" VPOS="3984" WIDTH="197" HEIGHT="73" CONTENT="saying." WC="0.98" CC="0007384"/>
					</TextLine>
					<TextLine ID="P43_TL00107" HPOS="1601" VPOS="4051" WIDTH="1388" HEIGHT="81">
						<String ID="P43_ST00831" HPOS="1601" VPOS="4051" WIDTH="129" HEIGHT="60" CONTENT="One" WC="0.96" CC="460"/>
						<SP ID="P43_SP00721" HPOS="1730" VPOS="4111" WIDTH="38"/>
						<String ID="P43_ST00832" HPOS="1768" VPOS="4055" WIDTH="43" HEIGHT="56" CONTENT="is" WC="0.67" CC="60"/>
						<SP ID="P43_SP00722" HPOS="1811" VPOS="4111" WIDTH="41"/>
						<String ID="P43_ST00833" HPOS="1852" VPOS="4067" WIDTH="88" HEIGHT="45" CONTENT="not" WC="0.94" CC="547"/>
						<SP ID="P43_SP00723" HPOS="1940" VPOS="4112" WIDTH="39"/>
						<String ID="P43_ST00834" HPOS="1979" VPOS="4079" WIDTH="66" HEIGHT="33" CONTENT="an" WC="0.37" CC="66"/>
						<SP ID="P43_SP00724" HPOS="2045" VPOS="4112" WIDTH="38"/>
						<String ID="P43_ST00835" HPOS="2083" VPOS="4069" WIDTH="208" HEIGHT="53" CONTENT="actress," WC="0.99" CC="00060522"/>
						<SP ID="P43_SP00725" HPOS="2291" VPOS="4122" WIDTH="44"/>
						<String ID="P43_ST00836" HPOS="2335" VPOS="4056" WIDTH="19" HEIGHT="57" CONTENT="1" WC="1.00" CC="0"/>
						<SP ID="P43_SP00726" HPOS="2354" VPOS="4122" WIDTH="28"/>
						<String ID="P43_ST00837" HPOS="2382" VPOS="4079" WIDTH="245" HEIGHT="51" CONTENT="suppose," WC="1.00" CC="00000303"/>
						<SP ID="P43_SP00727" HPOS="2627" VPOS="4130" WIDTH="30"/>
						<String ID="P43_ST00838" HPOS="2657" VPOS="4056" WIDTH="76" HEIGHT="58" CONTENT="for" WC="0.94" CC="754"/>
						<SP ID="P43_SP00728" HPOS="2733" VPOS="4130" WIDTH="25"/>
						<String ID="P43_ST00839" HPOS="2758" VPOS="4051" WIDTH="231" HEIGHT="81" CONTENT="nothing." WC="0.99" CC="60072003"/>
					</TextLine>
				</TextBlock>
				<TextBlock ID="P43_TB00004" HPOS="1726" VPOS="4218" WIDTH="872" HEIGHT="57" STYLEREFS="TXT_3 PAR_RIGHT">
					<TextLine ID="P43_TL00108" HPOS="1728" VPOS="4219" WIDTH="870" HEIGHT="56">
						<String ID="P43_ST00840" HPOS="1728" VPOS="4221" WIDTH="59" HEIGHT="54" CONTENT="(I)" WC="0.92" CC="687"/>
						<SP ID="P43_SP00729" HPOS="1787" VPOS="4275" WIDTH="33"/>
						<String ID="P43_ST00841" HPOS="1820" VPOS="4219" WIDTH="112" HEIGHT="45" CONTENT="Vide" WC="0.98" CC="1440"/>
						<SP ID="P43_SP00730" HPOS="1932" VPOS="4275" WIDTH="31"/>
						<String ID="P43_ST00842" HPOS="1963" VPOS="4219" WIDTH="136" HEIGHT="46" CONTENT="Mask." WC="0.97" CC="80754" STYLEREFS="TXT_4"/>
						<SP ID="P43_SP00731" HPOS="2099" VPOS="4275" WIDTH="33"/>
						<String ID="P43_ST00843" HPOS="2132" VPOS="4220" WIDTH="98" HEIGHT="51" CONTENT="Vol," WC="0.96" CC="0666"/>
						<SP ID="P43_SP00732" HPOS="2230" VPOS="4275" WIDTH="32"/>
						<String ID="P43_ST00844" HPOS="2262" VPOS="4221" WIDTH="60" HEIGHT="45" CONTENT="X." WC="0.78" CC="04"/>
						<SP ID="P43_SP00733" HPOS="2322" VPOS="4275" WIDTH="33"/>
						<String ID="P43_ST00845" HPOS="2355" VPOS="4223" WIDTH="110" HEIGHT="52" CONTENT="Page" WC="0.96" CC="5570"/>
						<SP ID="P43_SP00734" HPOS="2465" VPOS="4275" WIDTH="39"/>
						<String ID="P43_ST00846" HPOS="2504" VPOS="4223" WIDTH="94" HEIGHT="45" CONTENT="135." WC="0.41" CC="8374"/>
					</TextLine>
				</TextBlock>
			</PrintSpace>
		</Page>
	</Layout>
</alto>
