3166 4530
217 93 82 45 168

210 184 229 72 possible
499 208 118 51 way
673 185 484 74 rhythm-members
1216 190 287 74 composed
1543 190 53 59 of

209 283 102 51 any
348 260 217 59 number
602 260 53 57 of
692 260 255 60 members
985 263 55 58 of
1077 265 207 59 inferior
1308 266 171 59 order.
1540 266 56 59 In

210 334 148 59 these
397 335 283 58 derivative
720 336 254 69 schemes,
1014 362 101 50 any
1151 340 56 57 of
1253 339 88 60 the
1399 341 162 60 above-

209 410 297 58 mentioned
565 412 570 60 accent-isochronisms
1176 439 118 50 may
1333 416 69 59 be
1441 420 126 55 inter-

208 485 206 74 rupted,
456 509 54 33 or
555 485 295 75 disappear.
930 487 125 69 Yet,
1113 489 38 57 if
1210 514 85 34 we
1353 493 240 58 consider

208 559 87 58 the
332 560 237 58 schemes
608 561 107 59 that
753 586 87 32 are
880 578 105 42 met
1022 564 127 58 with
1187 566 53 56 in
1267 564 85 59 the
1394 566 201 75 literary

207 639 242 69 practice,
473 661 84 33 we
577 636 130 58 shall
729 637 105 57 find
856 639 121 67 that,
1000 639 214 59 besides
1225 641 88 57 the
1325 642 237 75 indispen-

208 710 146 58 sable
367 713 591 58 measure-isochronism
972 713 106 72 (8),
1094 715 198 58 several
1308 717 169 59 others
1503 743 88 34 are

208 786 263 75 generally
508 787 297 73 preserved,
845 813 186 53 among
1070 790 191 70 which,
1290 795 273 57 stanza-iso-

208 860 255 60 chronism
500 865 43 55 is
583 862 181 75 hardly
803 887 124 35 ever
965 867 246 75 wanting.

536 1027 309 60 SPEECH
894 1028 362 60 RHYTHM

318 1164 96 56 22.
443 1162 143 73 -Up
632 1178 53 42 to
743 1187 138 43 now,
942 1188 85 36 we
1084 1166 134 58 have
1277 1168 315 61 considered

210 1237 243 75 syllables
492 1262 55 33 as
586 1237 38 58 if
664 1239 119 74 they
810 1263 142 35 were
979 1239 249 61 elements
1256 1257 89 43 not
1371 1244 219 73 subject,

205 1317 55 56 in
298 1314 131 57 their
486 1317 268 72 grouping,
815 1331 52 42 to
924 1341 102 49 any
1083 1317 104 58 law
1244 1318 93 58 but
1381 1321 108 57 that
1539 1322 54 57 of

204 1388 217 74 rhythm,
449 1413 57 33 so
533 1388 107 58 that
665 1415 85 33 we
788 1390 160 77 might
986 1416 92 34 use
1116 1393 141 57 them
1282 1408 52 43 to
1361 1395 231 75 embody

204 1488 100 50 any
344 1467 153 73 given
537 1465 352 74 pure-rhythm
928 1467 225 69 scheme,
1195 1493 56 35 as
1290 1495 84 33 we
1432 1472 160 76 might

204 1539 126 57 with
368 1539 88 57 the
495 1539 193 58 sounds
727 1540 52 57 of
817 1566 32 33 a
889 1543 213 57 musical
1149 1547 315 58 instrument.
1550 1547 42 58 If

204 1615 88 59 the
332 1614 257 77 language
641 1641 141 33 were
821 1641 66 34 an
927 1619 241 74 arbitrary
1228 1624 360 66 construction,

203 1689 39 58 if
278 1691 39 56 it
355 1713 141 34 were
537 1690 249 74 possible,
815 1694 52 56 in
895 1693 151 58 order
1073 1708 52 43 to
1150 1710 268 59 represent
1445 1698 145 58 ideas

204 1780 52 43 to
295 1765 152 58 make
486 1790 71 50 up
595 1768 174 57 words
810 1768 52 57 of
901 1769 127 58 such
1068 1770 163 74 shape
1271 1773 104 57 and
1402 1775 105 56 size
1532 1798 58 34 as

204 1864 85 36 we
329 1841 195 74 please,
567 1867 85 33 we
689 1843 161 76 might
908 1844 149 58 make
1108 1846 482 73 speech-members

204 1915 123 75 tally
365 1917 204 74 exactly
607 1917 125 59 with
770 1919 87 58 the
896 1920 257 60 members
1193 1923 54 57 of
1285 1947 100 50 any
1436 1948 121 49 pure-

203 1991 202 75 rhythm
443 1992 226 60 scheme.
751 1994 176 75 Every
964 1996 184 74 simple
1187 1997 122 58 idea
1336 2000 158 58 could
1521 2000 70 58 be

200 2069 336 72 represented
576 2069 70 72 by
684 2093 177 34 means
900 2071 55 57 of
979 2097 30 33 a
1036 2097 100 33 one
1163 2097 234 35 measure
1421 2075 167 67 word,

203 2165 157 52 every
398 2144 334 72 coumpound
772 2145 123 57 idea
936 2145 69 75 by
1044 2171 176 35 means
1259 2149 55 57 of
1351 2174 56 33 as
1436 2175 154 50 many

202 2213 174 64 words
416 2244 55 33 as
510 2218 142 59 there
692 2244 86 33 are
817 2245 260 36 measures
1117 2226 52 55 in
1207 2224 87 59 the
1332 2225 124 68 foot,
1485 2227 105 57 and

200 2317 60 35 so
298 2319 84 34 on.
462 2295 100 58 But
600 2293 254 79 language
894 2298 43 56 is
976 2323 66 33 an
1092 2315 336 47 autonomous
1484 2302 104 59 and

200 2368 245 76 irregular
483 2373 361 65 construction,
873 2372 176 59 which
1077 2398 82 34 we
1193 2399 98 34 can
1319 2376 150 58 make
1497 2401 93 35 use

202 2444 53 59 of
293 2444 121 75 only
471 2471 68 33 on
598 2447 264 58 condition
900 2448 55 57 of
991 2453 294 74 respecting
1324 2453 62 56 its
1440 2452 147 60 laws.

200 2519 57 60 In
295 2536 133 43 most
466 2546 164 43 cases,
671 2522 273 69 therefore,
994 2525 86 58 the
1140 2528 450 73 correspondence

202 2596 245 58 between
510 2596 479 75 speech-members
1061 2601 106 58 and
1237 2603 353 75 pure-rhythm

202 2672 212 58 scheme
452 2673 258 59 members
748 2673 109 59 will
897 2674 69 59 be
1007 2677 364 61 unattainable.

312 2749 95 59 23.
436 2782 21 12 -
485 2748 122 57 The
664 2749 256 59 members
972 2751 55 58 of
1065 2753 196 72 speech
1318 2779 86 33 are
1428 2781 13 33 :
1502 2756 88 58 the

202 2822 166 68 word,
409 2823 86 58 the
536 2824 201 73 phrase,
779 2825 88 59 the
906 2825 196 68 clause,
1144 2828 87 58 the
1271 2829 207 74 period.

313 2900 94 58 24.
436 2933 22 13 -
486 2899 241 59 Division
754 2900 53 59 of
833 2902 575 72 speech-members—.
1458 2906 133 58 This

202 2977 43 56 is
283 2975 220 58 obvious
542 2999 54 34 as
624 2975 77 58 far
726 3001 56 33 as
810 2977 174 58 words
1011 3002 88 34 are
1122 2980 314 60 concerned.
1505 2982 86 58 As

202 3066 52 41 to
292 3050 203 59 clauses
534 3050 103 59 and
665 3052 227 72 periods,
922 3053 87 58 the
1037 3078 250 51 grammar
1313 3057 279 72 principles

199 3149 70 36 on
307 3126 88 59 the
433 3125 221 76 analysis
692 3128 54 57 of
783 3143 273 44 sentences
1107 3154 88 35 are
1247 3132 251 58 sufficient

315 3201 62 59 A
415 3201 187 74 phrase
652 3205 44 55 is
746 3227 144 35 more
948 3204 215 60 difficult
1219 3222 53 43 to
1322 3206 175 60 define
1524 3208 50 43 (2)
1579 3256 14 22 ,

203 3275 105 58 and
349 3276 256 60 therefore
645 3302 142 34 more
826 3278 215 61 difficult
1066 3295 52 44 to
1146 3281 181 60 divide
1353 3283 72 75 by
1461 3283 127 61 rule.

203 3353 112 57 Yet
351 3353 88 58 the
478 3353 251 76 difficulty
748 3354 303 76 disappears
1091 3360 52 55 in
1182 3361 248 70 practice,
1459 3375 133 44 most

200 3430 277 72 particular
511 3431 257 57 instances
810 3434 156 72 being
1004 3457 123 50 very
1165 3434 157 60 clear.

313 3505 94 58 25.
434 3535 18 9 -
477 3505 233 60 Accent.
743 3538 69 8 —
843 3506 151 60 Each
1031 3509 234 58 member
1301 3509 55 58 of
1393 3511 197 73 speech

198 3580 43 57 is
280 3580 266 58 endowed
570 3581 126 59 with
722 3607 31 31 a
778 3605 188 51 proper
989 3600 202 51 accent,
1221 3585 176 58 which
1431 3586 156 60 could

198 3655 72 57 be
309 3655 172 59 called
520 3656 88 58 the
649 3673 174 43 centre
862 3657 53 60 of
953 3662 197 73 gravity
1188 3661 54 57 of
1280 3662 86 58 the
1413 3662 174 60 whole

196 3732 248 60 member.
524 3732 142 60 That
703 3749 186 43 accent
925 3751 134 42 must
1097 3751 87 44 not
1225 3737 67 60 be
1333 3739 254 59 confused

195 3807 127 59 with
363 3808 272 70 emphasis,
675 3810 174 58 which
889 3812 43 57 is
958 3835 31 34 a
1016 3812 189 59 further
1230 3828 150 44 stress
1407 3815 183 58 added

287 4016 65 57 (1)
390 4014 266 47 NESFIELD.
689 4017 173 55 English
895 4036 220 38 grammar,
1153 4029 94 43 past
1287 4021 94 45 and
1407 4032 174 43 present,

197 4094 41 36 p.
280 4076 99 45 102.

287 4137 66 57 (2)
388 4136 101 45 Ibid.
522 4155 43 38 p.
599 4138 42 44 2.
675 4138 213 46 Nesfield's
935 4139 206 47 definition
1191 4142 44 44 of
1266 4142 68 45 the
1381 4143 141 57 phrase
1555 4146 32 43 is

198 4195 71 47 but
298 4216 24 25 a
353 4199 186 51 negative
571 4216 95 27 one.

1643 194 350 75 occasionally
2032 212 52 43 to
2124 222 30 33 a
2193 200 147 58 word
2397 218 204 54 accent,
2659 207 53 56 in
2768 207 153 59 order
2970 225 53 44 to

1643 270 118 73 give
1800 273 333 70 prominence
2171 288 54 44 to
2264 274 86 60 the
2390 275 122 61 idea
2550 279 77 57 for
2684 280 173 59 which
2917 283 106 61 that

1642 344 147 58 word
1847 346 176 59 stands
2052 349 47 38 (I)
2107 396 11 11 .
2220 350 160 60 Since
2437 353 86 58 the
2581 369 177 46 nature
2810 358 55 58 of
2921 359 105 60 that

1638 435 187 42 accent
1875 421 44 58 is
1971 423 318 73 rhythmical,
2331 426 88 59 the
2465 444 185 45 accent
2705 432 136 58 itself
2898 434 128 61 shall

1639 494 141 75 obey
1818 494 87 59 the
1944 499 135 57 rules
2117 500 54 57 of
2209 524 127 49 pure
2374 503 216 75 rhythm,
2632 529 56 35 as
2728 506 74 59 far
2828 532 56 34 as
2918 509 79 60 lan-

1640 593 167 52 guage
1864 585 249 47 structure
2166 576 103 57 and
2330 576 88 60 the
2456 581 240 68 meaning
2735 581 55 59 of
2827 585 196 64 speech

1638 644 107 58 will
1785 649 202 68 permit.

1752 720 228 75 Namely
2004 747 12 31 :
2061 722 402 64 Word-accents
2504 729 133 58 have
2675 757 32 33 a
2745 731 139 60 fixed
2909 750 112 43 seat

1637 793 53 59 of
1729 795 257 73 linguistic
2025 801 182 73 origin,
2249 801 175 59 which
2481 820 205 54 cannot,
2728 830 57 35 as
2824 832 31 33 a
2893 810 125 67 rule,

1638 868 70 60 be
1746 871 293 60 influenced
2080 874 70 73 by
2187 875 345 75 rhythm-law.

1751 946 239 67 Phrase-,
2051 948 217 70 clause-,
2310 951 105 58 and
2456 955 419 72 period-accents
2928 959 73 58 fol-

1638 1020 103 59 low
1780 1022 88 59 the
1911 1023 197 58 second
2155 1025 349 62 fundamental
2542 1030 103 58 law
2684 1031 55 58 of
2776 1034 222 72 poetical-

1637 1094 198 75 rhythm
1863 1097 141 72 (13),
2046 1098 104 59 and
2190 1101 151 72 place
2381 1103 308 61 themselves
2729 1124 52 42 at
2806 1107 87 60 the
2919 1110 106 58 end

1637 1169 53 59 of
1728 1169 86 59 the
1853 1173 250 59 member.

1752 1247 111 57 Not
1920 1248 67 59 all
2040 1265 209 43 accents
2307 1253 214 59 marked
2579 1256 127 58 with
2757 1257 87 58 the
2884 1284 141 34 same

1637 1321 217 58 number
1893 1322 132 58 have
2066 1324 203 74 exactly
2307 1327 87 58 the
2432 1352 142 35 same
2615 1331 194 72 degree
2848 1333 55 57 of
2949 1337 50 56 in-

1635 1399 201 73 tensity.
1917 1398 126 66 Yet,
2085 1416 52 42 to
2174 1402 119 58 take
2320 1406 105 56 into
2452 1422 222 42 account
2700 1407 68 58 all
2794 1409 231 73 possible

1637 1472 218 76 degrees
1896 1475 42 56 is
1997 1498 346 54 unnecessary
2397 1481 104 57 and
2562 1482 180 58 would
2800 1483 122 60 lead
2971 1500 55 44 to

1635 1548 286 60 confusion.
2004 1549 120 59 The
2183 1555 238 75 meaning
2462 1555 53 58 of
2554 1557 241 58 numbers
2834 1562 54 56 in
2933 1583 93 35 our

1634 1627 229 54 notation
1901 1628 43 54 is
1983 1625 107 59 that
2128 1651 100 51 any
2267 1644 185 44 accent
2490 1632 56 57 of
2583 1657 30 33 a
2662 1636 154 72 given
2874 1634 152 60 order

1638 1699 127 65 —3,
1819 1698 78 58 for
1950 1702 353 58 instance-is
2363 1705 194 74 always
2618 1722 229 62 stronger
2904 1710 121 59 than

1632 1773 87 58 the
1747 1788 252 61 strongest
2024 1793 185 42 accent
2236 1779 53 57 of
2316 1779 86 58 the
2432 1782 208 57 inferior
2660 1784 154 59 order
2827 1785 97 58 —2
2933 1817 89 34 —,

1632 1849 104 58 and
1778 1851 209 59 weaker
2025 1853 122 58 than
2187 1854 86 58 the
2331 1858 233 58 weakest
2621 1876 185 43 accent
2844 1860 55 59 of
2937 1860 86 60 the

1632 1928 232 69 superior
1901 1926 153 59 order
2062 1929 104 57 —4
2176 1961 87 26 —.

1748 2001 122 59 The
1910 2004 148 57 word
2098 2028 67 33 on
2206 2005 174 60 which
2420 2008 87 57 the
2533 2024 184 43 accent
2743 2009 114 60 falls
2882 2011 140 59 need

1635 2090 89 43 not
1764 2076 67 57 be
1873 2077 85 58 the
1999 2095 130 42 most
2166 2081 271 73 important
2474 2084 55 57 of
2566 2084 88 58 the
2693 2086 248 68 member,
2968 2112 55 34 as

1635 2151 124 57 here
1799 2177 85 34 we
1924 2152 133 60 have
2096 2170 51 42 to
2188 2155 70 58 do
2316 2157 127 58 with
2495 2174 200 53 accent,
2754 2177 89 41 not
2899 2161 127 60 with

1637 2226 257 74 emphasis
1935 2229 140 71 (25).
2156 2230 86 58 As
2283 2230 119 77 long
2442 2257 57 34 as
2538 2234 88 58 the
2664 2251 185 42 accent
2889 2236 129 60 does

1635 2316 89 42 not
1764 2302 122 59 lend
1926 2304 87 58 the
2053 2305 147 58 word
2241 2331 32 33 a
2312 2311 336 70 prominence
2686 2314 335 58 inconsistent

1637 2377 124 59 with
1800 2378 87 59 the
1926 2380 196 58 natural
2161 2386 241 74 meaning
2442 2385 53 57 of
2535 2385 86 58 the
2660 2387 248 68 member,
2937 2389 86 59 the

1634 2452 146 59 word
1819 2453 135 59 itself
1991 2457 42 55 is
2073 2457 319 61 immaterial.

1751 2530 53 57 In
1844 2530 86 59 the
1969 2531 268 79 following
2275 2533 195 68 clause,
2515 2536 87 57 the
2642 2536 94 60 last
2777 2538 149 59 word
2978 2540 43 57 is

1635 2627 32 32 a
1706 2603 238 60 different
2000 2630 101 34 one
2141 2622 51 42 at
2230 2610 133 58 each
2421 2612 272 60 inversion.
2776 2613 110 59 Yet
2936 2612 86 60 the

1635 2695 186 43 accent
1859 2681 194 75 always
2093 2682 114 60 falls
2246 2709 69 34 on
2354 2686 122 58 that.

1637 2791 110 60 But
1773 2803 116 48 time
1917 2794 162 59 drives
2095 2798 174 68 flocks
2287 2798 143 69 from
2462 2799 142 68 field
2625 2810 48 47 to
2701 2801 23 69 \\
2742 2801 133 69 fold
2890 2803 47 40 (2)

1713 2867 156 59 From
1887 2870 142 69 field
2048 2881 50 47 to
2113 2872 133 69 fold
2267 2874 163 57 drives
2457 2884 117 48 time
2599 2875 83 58 the
2708 2876 22 71 jj
2749 2878 174 69 flocks

1722 2944 110 57 The
1850 2946 171 69 flocks
2038 2946 145 69 from
2203 2949 141 67 field
2366 2959 49 47 to
2432 2950 133 69 fold
2585 2951 164 59 drives
2775 2952 21 72 (|
2827 2961 118 50 time

1714 3019 156 58 From
1888 3022 142 68 field
2052 3033 48 48 to
2117 3024 133 68 fold
2270 3034 118 48 time
2405 3025 173 70 flocks
2606 3026 119 59 does
2752 3029 23 70 ||
2804 3027 138 59 drive

1753 3133 41 57 It
1831 3134 43 57 is
1913 3157 124 52 easy
2076 3148 52 46 to
2166 3137 150 58 make
2344 3162 71 50 up
2441 3138 189 60 similar
2654 3139 267 76 examples
2947 3140 78 59 for

1638 3206 89 60 the
1766 3208 184 75 phrase
1991 3210 104 59 and
2134 3212 89 58 the
2263 3213 202 72 period.

1750 3285 94 59 26.
1872 3318 22 12 -
1922 3284 312 75 Separation
2297 3289 53 57 of
2414 3289 496 74 speech-members.
2951 3323 74 9 —

1639 3359 495 72 Speech-members
2199 3387 88 34 are
2358 3365 274 73 separated
2698 3367 129 58 from
2891 3367 132 58 each

1637 3435 144 57 other
1826 3435 71 74 by
1935 3459 177 36 means
2151 3439 55 57 of
2244 3463 265 36 caesurae.
2589 3441 114 59 We
2749 3441 133 59 have
2922 3441 76 75 syl-

1635 3509 182 70 lable-,
1841 3513 191 67 word-,
2056 3514 228 73 phrase-,
2314 3514 218 70 clause-,
2560 3518 104 58 and
2689 3519 304 74 period-cae-

1633 3610 167 36 surae.
1882 3589 58 56 A
1983 3613 215 34 caesura
2254 3594 43 53 is
2335 3615 31 33 a
2416 3607 229 44 moment
2701 3594 53 57 of
2810 3593 213 58 relaxed

1699 3782 65 57 (1)
1797 3783 65 43 As
1892 3783 68 44 the
1992 3796 137 32 nature
2175 3786 45 43 of
2249 3788 197 55 emphasis
2477 3790 30 42 is
2554 3800 68 33 not
2670 3790 235 56 rhythmical
2952 3791 69 44 but

1633 3843 154 55 logical,
1819 3843 68 44 the
1919 3843 81 45 fact
2030 3846 102 44 itself
2162 3848 31 42 is
2223 3848 156 44 outside
2421 3848 67 44 the
2519 3867 122 39 scope
2685 3850 46 45 of
2761 3869 73 26 our
2866 3864 155 43 present

1635 3902 193 47 research.
1891 3904 177 52 Besides,
2101 3907 195 56 emphasis
2326 3910 46 50 is,
2404 3920 42 33 to
2469 3928 24 26 a
2515 3922 106 43 great
2653 3923 146 39 extent,
2832 3913 189 55 arbitrary

1638 3963 81 45 and
1751 3964 186 45 variable.

1726 4025 80 44 See
1838 4024 49 45 E.
1921 4028 62 41 A.
2029 4027 114 44 Poe:
2186 4029 86 43 The
2319 4030 224 45 Rationale
2575 4032 53 51 of
2653 4047 107 29 verse
2764 4068 11 9 .
2808 4033 213 56 Complete

1634 4084 178 46 Works:
1847 4086 139 50 Black,
2020 4087 176 45 London
2237 4090 124 50 1901,
2396 4092 81 44 vol.
2512 4092 63 50 Ill,
2609 4111 41 37 p.
2684 4094 107 44 242.

1727 4147 65 58 (2)
1827 4147 255 46 RALEIGH.
2117 4151 176 43 Answer
2323 4158 39 37 to
2385 4152 181 45 Marlow
2582 4171 19 25 s
2623 4154 246 45 Passionate
2890 4155 105 52 Shep-

1635 4206 111 44 herd.
