3223 4554
2924 101 88 63 47

200 872 310 78 BOOK
581 872 519 78 REVIEWS.

196 1060 25 43 /
247 1058 275 45 PROFETI
562 1058 72 43 DI
661 1058 345 44 BABILONIA
1053 1059 53 52 by

199 1120 52 44 G.
285 1119 49 45 F.
368 1119 236 51 Malipiero.
668 1119 178 54 Bottega
867 1120 46 42 di
941 1119 162 48 Poesia,

197 1180 181 44 Milano.
444 1180 118 43 Price
602 1179 61 43 15
695 1180 86 43 lire.

194 1292 185 107 THIS
413 1291 200 43 Milanese
635 1291 236 54 Publishing
891 1292 214 56 Company

284 1352 197 55 produces
502 1370 25 24 a
558 1352 181 54 quantity
760 1351 44 43 of
825 1351 137 50 books,
995 1369 110 26 some

193 1413 160 55 printed
386 1429 94 38 very
522 1411 135 56 badly,
706 1411 81 43 and
820 1429 109 25 some
976 1412 108 44 excel-

193 1472 136 56 lently.
393 1472 30 43 It
456 1489 89 26 uses
576 1490 24 25 a
647 1489 100 37 poor
778 1472 127 55 sandy
952 1484 76 31 sort
1061 1472 44 44 of

193 1550 126 38 paper
352 1532 166 45 without
552 1533 187 42 sufficient
772 1550 140 24 reason
931 1551 10 25 :
980 1533 61 42 for
1074 1533 31 43 if

192 1594 109 43 there
325 1594 31 42 is
378 1611 53 26 no
452 1592 152 54 perfect
626 1609 124 38 paper
782 1595 40 40 in
840 1592 108 56 Italy,
971 1611 134 37 young

192 1654 154 43 Italians
378 1653 119 43 could
529 1670 98 25 soon
660 1653 114 43 make
807 1670 122 26 some.

279 1714 42 43 It
354 1715 39 41 is
435 1713 68 43 all
541 1730 254 26 nonsense
832 1712 271 56 nowadays

192 1787 41 31 to
264 1792 67 38 say
365 1774 110 43 there
507 1775 32 41 is
571 1791 52 25 no
655 1773 89 48 this,
780 1790 53 25 no
866 1773 96 49 that,
1006 1774 97 43 with

191 1851 51 27 an
273 1834 225 45 awakened
531 1833 96 55 Italy
659 1832 122 56 easily
802 1832 91 44 able
924 1844 41 31 to
988 1834 115 43 make

191 1895 232 55 everything
454 1893 82 44 and
569 1893 117 43 make
719 1895 28 41 it
780 1893 205 56 perfectly.

280 1955 209 55 Anyhow,
534 1954 145 54 Signor
710 1954 217 54 Malipiero
969 1953 134 44 makes

190 2013 53 45 all
274 2015 50 43 he
356 2015 135 43 makes
522 2013 194 57 perfectly
734 2032 10 31 ;
793 2013 80 43 and
920 2014 76 43 this
1033 2013 48 44 de-

190 2074 154 55 lightful
391 2075 108 43 book
546 2074 44 43 of
636 2092 147 32 scenes,
835 2074 145 49 letters,
1020 2074 82 43 and

190 2146 168 33 extracts
396 2134 196 44 collected
640 2135 101 42 from
797 2135 94 42 18th
938 2146 165 44 century

189 2196 174 53 writings
395 2195 54 54 by
471 2196 150 48 Chiari,
656 2194 121 43 Carlo
809 2193 80 44 and
919 2194 184 55 Gaspare

188 2256 144 49 Gozzi,
366 2255 214 54 Calsabigi,
614 2255 113 49 Affo,
763 2255 213 54 Algarotti,
1021 2256 55 42 Ar-

188 2328 129 42 teaga,
355 2316 248 48 Metastasio,
653 2315 168 49 Milizia,
855 2314 81 43 and
984 2333 119 38 many

188 2375 143 51 others,
367 2376 98 44 with
497 2394 51 24 an
581 2375 193 43 excellent
813 2375 160 55 preface
1021 2375 80 43 and

188 2448 113 32 notes
322 2436 55 56 by
407 2436 217 55 Malipiero
655 2435 171 49 himself,
859 2437 31 41 is
921 2453 43 25 as
996 2435 105 56 good

192 2514 41 25 as
275 2498 28 42 it
337 2496 121 44 could
489 2496 66 44 be.

278 2557 94 43 The
404 2557 149 54 subject
596 2557 32 42 is
659 2555 68 44 the
758 2556 177 43 Theatre
955 2575 9 25 :
1008 2556 94 55 they

190 2616 52 44 all
273 2617 123 55 speak
428 2617 44 43 of
492 2618 67 42 the
590 2617 176 42 Theatre
787 2615 43 44 of
850 2616 100 43 their
981 2618 121 48 time;

190 2676 93 51 and,
318 2695 42 25 as
391 2677 95 56 they
519 2695 65 25 are
617 2676 53 44 all
712 2677 148 42 serious
896 2694 105 32 men,
1035 2676 68 43 the

188 2737 210 45 collection
430 2740 31 41 is
508 2756 51 25 an
602 2739 214 53 important
862 2754 91 33 one,
1004 2738 99 44 ....in

189 2815 109 26 some
330 2815 109 40 ways
472 2798 67 43 the
571 2809 101 32 most
719 2799 214 53 important
970 2798 133 43 which

190 2860 131 42 exists.

279 2919 93 43 The
404 2918 108 44 book
532 2919 164 42 consists
727 2917 44 44 of
795 2918 88 43 438
916 2936 120 37 pages
1060 2918 45 43 of

189 2977 218 45 admirable
455 2980 157 53 writing
658 2978 97 44 with
803 2996 78 25 one
918 2978 119 56 plate,
1072 2980 31 41 is

188 3038 92 44 well
289 3039 185 51 covered,
486 3038 287 55 distinguished
790 3040 40 42 in
840 3057 261 36 appearance,

190 3098 80 45 and
319 3112 102 32 costs
463 3099 96 57 only
590 3100 135 43 fifteen
757 3100 86 44 lire.
908 3100 31 42 It
973 3101 43 48 is,
1049 3099 54 57 by

187 3159 68 44 the
288 3177 105 39 way,
426 3159 216 45 dedicated
675 3172 42 31 to
747 3178 50 25 an
830 3159 271 55 Englishman.

282 3220 200 44 Fourteen
505 3239 109 25 more
632 3220 126 44 books
780 3238 66 26 are
863 3220 239 44 announced

188 3282 41 41 ia
261 3280 77 45 this
370 3283 131 48 series,
527 3290 25 15 44
576 3281 14 44 I
623 3280 193 45 Fascicoli
849 3280 188 45 Musicali

187 3340 45 44 of
262 3342 133 43 which
428 3342 78 43 this
538 3344 30 41 is
600 3342 68 43 the
699 3342 93 43 first.

279 3401 84 45 We
394 3401 120 45 could
538 3402 55 44 do
625 3402 167 44 without
819 3419 23 25 a
874 3401 105 55 good
1001 3400 82 45 half-

187 3460 132 46 dozen
352 3462 44 44 of
426 3463 131 44 them:
581 3462 61 44 for
664 3462 197 56 example,
896 3471 24 14 44
938 3462 165 44 Nerone

187 3523 46 42 di
276 3523 123 43 Boifo
503 3523 54 56 by
604 3524 85 53 Guj
709 3541 11 32 ;
774 3532 26 15 44
825 3523 139 51 Opera
1017 3523 88 43 and

186 3582 164 45 Drama
447 3583 54 57 by
547 3584 205 54 Wagner;
802 3592 25 15 44
850 3584 186 51 Falstaff
1060 3584 46 42 di

191 3643 51 44 G.
282 3645 128 43 Verdi
503 3644 52 56 by
590 3644 107 44 della
734 3645 125 42 Corte
877 3662 10 32 ;
934 3652 28 16 44
984 3645 96 43 Beet-

187 3704 133 45 hoven
398 3705 53 56 by
474 3705 199 49 Rolland;
712 3704 81 43 and
829 3712 25 16 44

186 3764 55 57 by
273 3765 254 45 Perracchio.
593 3766 30 42 It
656 3766 33 42 is
710 3765 169 50 Italians,
906 3777 68 31 not
996 3765 81 43 Ger-

187 3843 112 26 mans
347 3826 83 44 and
479 3826 266 49 Frenchmen,
794 3843 64 26 we
905 3837 108 32 want
1060 3837 41 32 to

191 3887 121 44 know
344 3887 142 44 better.

279 3948 66 43 As
378 3947 61 44 for
473 3947 119 44 Boito
623 3946 82 44 and
737 3946 145 51 Verdi,
926 3946 15 44 I
973 3963 103 26 some-

186 4009 114 43 times
350 4007 78 45 fee!
479 4008 83 43 that
609 4019 70 31 too
725 4007 117 43 much
887 4008 97 42 time
1030 4006 71 44 has

188 4069 164 57 already
383 4068 105 44 been
520 4067 178 44 devoted
729 4080 42 31 to
802 4067 112 44 these
955 4085 122 26 remar-

188 4129 119 58 kably
339 4129 155 45 famous
525 4146 239 38 composers.

278 4191 123 44 More
432 4191 95 42 time
548 4191 117 51 given
686 4201 42 32 to
750 4188 136 54 telling
910 4206 44 27 us
976 4188 121 43 about

1149 196 67 43 the
1251 196 118 44 lesser
1399 197 146 43 known
1566 214 225 38 composers
1814 197 81 43 and
1931 197 113 43 libret-

1149 257 83 42 tists
1265 256 81 43 and
1394 257 100 43 their
1541 259 197 42 assistants
1787 259 31 41 is
1856 257 108 44 what
1998 274 63 25 we

1150 315 93 45 look
1291 316 61 43 for
1390 334 109 26 now.
1577 317 120 43 More
1744 317 120 43 about
1902 317 156 55 Pepoli,

1148 376 226 54 Albergatti
1426 377 81 43 and
1555 378 218 48 Contarini,
1828 376 80 43 and
1961 378 100 42 their

1151 435 143 44 houses
1324 436 82 44 and
1440 443 162 38 teatrini
1620 457 12 24 :
1677 455 109 25 more
1817 437 43 43 of
1892 436 169 44 Bibiena

1151 496 81 42 and
1266 496 60 43 his
1358 496 149 56 family,
1540 497 44 44 of
1616 498 67 42 the
1709 496 169 44 Galliari
1910 496 148 55 family,

1151 555 43 43 of
1226 556 67 43 the
1326 557 135 43 Mauri
1508 559 65 54 (or
1605 557 168 56 Mauro)
1806 556 136 56 family
1960 576 9 24 :
2018 557 44 43 of

1153 616 47 43 F.
1235 617 51 42 C.
1325 616 149 49 Motta,
1507 617 43 43 of
1581 616 192 44 Petronio
1804 617 147 49 Nanni,
1979 616 80 43 and

1154 675 176 50 Rivani;
1378 676 43 43 of
1468 678 68 42 the
1582 678 146 53 singers
1775 677 81 43 and
1894 677 166 43 dancers

1152 736 94 43 who
1278 753 66 26 are
1376 736 338 45 out-shaddowed
1757 737 121 55 today
1909 736 54 56 by
1994 736 66 45 the

1153 796 148 43 eternal
1351 804 10 15 4
1368 806 7 13 4
1399 809 132 31 return
1578 799 86 42 visit
1769 797 44 43 of
1862 797 198 43 Farinello

1154 856 80 42 and
1268 856 215 45 Cafarello.

1243 917 126 43 What
1403 917 44 43 of
1494 918 148 42 Sancta
1679 916 138 51 Stella,
1869 916 80 44 and
1993 917 46 43 Pi-

1153 978 131 46 stocci,
1319 977 107 42 what
1458 978 43 41 of
1532 978 204 43 architects
1758 977 78 44 like
1859 977 201 55 Sighizzi?

1155 1036 110 43 How
1297 1038 31 41 is
1359 1038 28 41 it
1420 1037 82 43 that
1540 1037 214 56 seemingly
1794 1055 52 25 no
1879 1037 107 44 book
2016 1054 44 26 or

1152 1096 160 44 booklet
1346 1098 116 42 exists
1493 1096 135 56 telling
1658 1115 45 25 us
1741 1097 53 44 all
1834 1096 120 45 about
2002 1097 59 43 his

1153 1158 148 42 service
1323 1168 41 31 to
1386 1157 68 42 the
1484 1157 178 43 Theatre
1678 1163 19 38 ?

1245 1217 14 41 I
1293 1217 155 43 believe
1480 1217 51 43 all
1562 1218 110 43 these
1704 1218 138 54 figures
1874 1220 94 41 wait
2001 1218 61 43 for

1152 1276 143 54 Signor
1328 1277 215 55 Malipiero
1590 1289 40 31 to
1674 1279 87 53 give
1806 1278 109 43 them
1948 1277 113 56 place

1152 1336 81 43 and
1266 1338 268 54 prominence,
1579 1339 40 42 in
1653 1355 22 25 a
1709 1355 90 26 new
1846 1338 121 49 book,
2001 1338 61 43 for

1152 1396 51 43 he
1235 1398 69 42 has
1336 1415 24 24 a
1409 1415 91 38 way
1532 1397 44 43 of
1606 1397 159 55 dealing
1812 1399 97 43 with
1951 1399 110 43 these

1151 1456 77 44 fine
1261 1458 127 53 things
1420 1458 80 43 and
1524 1458 144 55 people
1700 1458 133 44 which
1865 1458 98 44 does
1990 1458 49 44 ho-

1152 1534 99 27 nour
1284 1530 40 31 to
1357 1520 121 42 them.

1164 1646 253 45 WOMAN
1427 1646 73 44 IN
1521 1646 229 45 WORLD
1767 1646 294 45 HISTORY.

1152 1707 131 43 HER
1331 1707 203 43 PLACE
1578 1707 71 45 IN
1682 1707 127 43 THE
1850 1707 218 44 GREAT

1153 1767 344 44 RELIGIONS,
1560 1768 54 53 by
1676 1768 51 44 E.
1782 1768 68 45 M.
1912 1768 150 44 White.

1153 1828 175 43 Herbert
1353 1827 181 52 Jenkins.
1599 1829 90 55 8/6
1722 1836 80 36 net.

1155 1942 169 106 WE
1356 1940 99 44 dont
1478 1943 109 53 quite
1609 1940 79 45 like
1710 1941 67 44 the
1807 1942 84 43 title
1923 1940 43 44 of
1997 1942 66 42 the

1286 2002 107 44 book
1414 2021 11 25 :
1459 2002 261 44 ....however.
1785 2001 68 45 Do
1887 2019 62 27 we
1983 2001 77 44 like

1151 2063 68 43 the
1250 2062 108 44 book
1375 2067 19 39 ?
1456 2062 43 44 In
1531 2064 28 41 it
1591 2063 67 42 the
1691 2062 140 43 author
1867 2064 33 40 is
1931 2061 129 44 stated

1151 2135 41 30 to
1209 2123 104 44 have
1346 2131 26 15 44
1394 2122 219 44 ransacked
1635 2122 68 44 the
1721 2140 90 37 ages
1834 2122 80 43 and
1933 2139 103 25 roam-

1203 2184 52 43 ed
1310 2184 66 42 the
1430 2183 129 44 world
1613 2194 41 32 to
1707 2194 107 31 trace
1867 2182 194 44 woman's

1152 2251 26 16 44
1196 2244 194 43 influence
1423 2245 41 41 in
1496 2244 67 43 the
1595 2255 106 43 story
1731 2242 44 44 of
1805 2242 253 50 civilization,

1153 2312 25 16 44
1200 2305 97 42 with
1329 2303 172 56 special*
1517 2302 202 45 reference
1766 2314 41 33 to
1840 2303 67 43 the
1954 2315 107 43 great

1152 2373 26 16 44
1202 2365 194 53 religions,
1432 2363 80 44 and
1543 2376 42 31 to
1616 2364 102 43 their
1760 2363 115 44 effect
1906 2380 54 27 on
1992 2363 68 45 the

1153 2433 25 17 44
1202 2427 171 52 position
1431 2424 45 43 of
1522 2423 285 45 womanhood.
1880 2424 64 43 As
1993 2425 67 42 the

1153 2494 23 15 44
1199 2497 97 31 term
1331 2485 163 47 religion
1537 2485 69 43 has
1637 2485 104 43 been
1788 2484 120 44 taken
1939 2486 41 42 in
2013 2487 47 41 its

1152 2554 25 16 44
1199 2545 186 44 broadest
1418 2564 125 31 sense,
1577 2547 29 41 it
1653 2545 71 43 has
1772 2544 189 44 included
2008 2545 52 44 all

1151 2614 26 17 44
1200 2606 68 43 the
1299 2606 120 44 social
1452 2605 81 45 and
1565 2607 145 41 artistic
1734 2605 161 55 spheres
1928 2605 132 45 which

1152 2676 25 14 44
1200 2667 99 43 each
1331 2667 163 54 religion
1527 2667 70 42 has
1618 2665 187 50 touched,
1830 2665 81 44 and
1933 2666 110 52 thejre-

1153 2736 24 15 44
1202 2726 84 44 fore
1319 2728 66 42 the
1414 2727 107 44 book
1552 2744 138 26 covers
1722 2725 136 56 nearly
1900 2725 52 44 all
1994 2727 67 43 the

1153 2796 24 16 44
1200 2787 93 44 field
1326 2787 43 44 of
1406 2787 194 45 woman's
1632 2786 162 57 hisjtory.
1856 2786 94 43 The
1981 2789 79 41 aim

1153 2857 24 14 44
1200 2849 70 42 has
1292 2848 103 43 been
1417 2848 270 56 appreciation
1709 2846 138 45 before
1864 2848 196 49 criticism,

1152 2918 26 15 44
1201 2908 81 43 and
1334 2909 68 43 the
1458 2908 249 44 conclusions
1758 2907 173 44 reached
1994 2925 67 26 are

1152 2978 25 16 44
1202 2969 152 43 neither
1386 2970 195 43 anti-man
1620 2986 71 26 nor
1723 2967 272 44 anti-feminist

1242 3029 220 56 Certainly,
1494 3031 42 42 in
1567 3030 70 43 her
1670 3029 86 44 395
1790 3046 134 37 pages,
1959 3029 102 44 Miss

1150 3089 142 44 White
1341 3092 107 52 gives
1478 3108 45 26 us
1570 3107 24 25 a
1626 3101 106 43 great
1780 3088 93 45 deal
1914 3089 83 43 that
2029 3091 32 42 is

1150 3152 228 53 interesting
1423 3153 42 40 in
1512 3150 139 55 regard
1698 3162 42 31 to
1787 3149 67 44 the
1903 3149 68 44 life
2018 3149 44 44 of

1151 3229 171 32 women,
1349 3211 100 43 from
1472 3213 198 53 primitive
1685 3212 127 48 times,
1832 3210 80 43 and
1935 3209 125 45 down

1150 3271 168 54 through
1350 3274 158 40 ancient
1539 3272 145 55 Egypt,
1720 3270 222 57 Babylonia
1978 3269 82 45 and

1150 3334 181 53 Assyria,
1364 3332 167 55 through
1564 3332 231 49 Hinduism,
1821 3330 236 51 Buddhism,

1150 3392 391 44 Mahammedanism
1564 3393 81 43 and
1667 3391 191 56 Judaism,
1893 3392 167 55 through

1149 3454 158 42 ancient
1338 3453 159 44 Greece
1529 3453 80 44 and
1641 3454 147 48 Rome,
1821 3452 82 43 and
1935 3452 125 43 down

1150 3512 102 44 from
1284 3515 66 42 the
1372 3514 213 54 beginning
1606 3513 43 44 of
1670 3514 66 43 the
1759 3513 199 43 Christian
1980 3513 80 43 Era

1148 3585 43 32 to
1222 3574 68 43 the
1322 3586 158 43 present
1511 3577 97 41 time
1626 3593 11 26 :
1669 3573 83 44 and
1782 3573 71 44 her
1884 3573 113 44 work
2028 3574 32 42 is

1150 3635 68 43 the
1250 3653 110 25 more
1382 3635 128 44 useful
1531 3636 169 42 because
1731 3636 29 42 it
1782 3636 32 42 is
1846 3633 191 56 non-pole-

1150 3695 116 44 mical
1285 3715 10 25 :
1343 3695 69 44 she
1459 3696 71 43 has
1577 3695 151 44 neither
1766 3695 67 43 the
1881 3694 178 44 frenzied

1149 3755 130 44 desire
1309 3767 43 33 to
1383 3774 124 38 prove
1555 3757 84 43 that
1666 3773 161 27 woman
1874 3756 31 42 is
1938 3766 38 32 at
2008 3754 53 44 all

1149 3818 131 53 points
1301 3817 68 44 the
1392 3817 118 54 equal
1531 3817 44 44 of
1595 3835 92 25 man
1716 3825 24 15 44
1757 3815 96 57 only
1874 3815 127 44 better

1150 3896 23 24 a
1205 3877 143 50 desire,
1390 3896 103 25 even
1525 3877 32 44 if
1586 3896 79 25 one
1712 3876 132 46 which
1876 3878 32 42 is
1940 3893 120 27 never

1148 3937 289 51 realized,lhat
1459 3939 282 43 characterizes
1757 3939 150 42 certain
1931 3948 129 33 ....too

1148 4001 208 42 certain....
1381 3998 171 45 feminist
1585 4000 150 42 writers
1754 4017 10 26 :
1798 4016 72 25 nor
1898 3998 70 44 has
1989 3996 69 45 she

1147 4059 67 43 the
1245 4060 143 43 inborn
1420 4071 205 44 contempt
1653 4059 60 44 for
1745 4075 159 29 women
1926 4057 132 46 which

1146 4119 174 44 detracts
1352 4121 101 42 from
1475 4120 67 44 the
1575 4119 115 44 value
1711 4119 44 44 of
1785 4124 68 39 the
1885 4120 173 54 writings

1145 4179 45 44 of
1220 4183 149 40 certain
1399 4181 167 42 virulent
1599 4179 305 44 anti-feminists.
1969 4179 89 44 Her

2108 197 95 55 only
2234 198 76 42 aim
2343 199 31 41 is
2396 209 41 33 to
2470 209 107 31 trace
2598 197 125 45 down
2756 198 168 55 through
2947 197 68 44 the

2107 274 90 37 ages
2229 259 148 41 certain
2423 258 212 43 influences
2683 257 130 45 which
2857 257 158 45 reacted

2108 334 121 37 upon,
2263 317 81 43 and
2366 318 211 43 emanated
2610 317 113 50 from,
2747 335 79 25 one
2858 317 84 45 half
2972 317 45 44 of

2107 376 67 43 the
2205 377 148 43 human
2399 379 151 53 species
2568 397 11 31 ;
2613 377 80 44 and
2725 377 69 43 the
2831 395 111 39 ways
2972 379 41 42 in

2107 437 145 49 which,
2286 438 40 42 in
2368 437 183 43 different
2582 437 172 55 periods,
2804 438 93 55 they
2928 455 87 26 rose

2106 508 42 31 to
2178 514 45 25 or
2257 496 139 55 lapsed
2444 497 101 44 from
2577 498 67 43 the
2691 497 128 44 fullest
2861 515 130 26 accom-

2107 557 211 54 plishment
2335 557 44 43 of
2399 558 101 43 their
2522 557 171 55 especial
2715 557 196 44 functions
2933 557 82 44 and

2107 617 207 55 privileges
2347 635 42 24 as
2411 618 241 43 individuals
2683 618 81 43 and
2787 619 41 41 in
2850 618 165 43 relation

2109 688 39 31 to
2180 694 91 25 man
2304 677 80 43 and
2426 689 42 31 to
2514 678 67 43 the
2615 678 147 43 human
2809 677 136 57 family
2977 688 40 32 at

2106 736 118 55 large.
2288 737 29 42 It
2350 739 31 41 is
2413 749 68 32 not
2514 756 49 24 an
2611 738 265 43 unambitious
2923 739 91 48 aim,

2107 797 80 43 and
2220 814 63 26 we
2331 797 136 44 would
2500 798 254 44 recommend
2801 798 78 43 this
2909 797 107 45 book

2107 868 41 31 to
2179 856 68 44 the
2279 857 118 56 study
2427 857 44 44 of
2500 858 113 43 those
2645 858 94 44 who
2772 857 102 45 have
2905 858 110 43 often

2107 917 188 55 disputed
2326 917 68 43 the
2415 920 241 48 conviction,
2679 935 93 27 now
2799 918 80 44 and
2902 920 115 52 again

2107 977 212 55 expressed
2342 977 55 56 by
2418 980 151 41 writers
2594 981 41 40 in
2711 978 92 43 The
2835 978 122 45 Mask
2974 977 41 51 *\

2107 1037 84 43 that
2225 1055 160 27 women
2429 1056 66 25 are
2543 1051 68 31 not
2643 1038 155 56 exactly
2843 1040 41 42 in
2916 1038 101 44 their

2108 1098 99 54 right
2240 1098 114 54 place
2387 1116 108 37 upon
2526 1099 68 43 the
2625 1110 106 43 stage
2751 1117 10 26 :
2801 1098 94 56 they
2926 1117 92 37 may

2107 1158 110 43 learn
2249 1159 95 42 here
2377 1159 81 43 that
2491 1160 28 42 it
2554 1177 82 26 was
2669 1171 68 31 not
2761 1176 78 37 any
2870 1161 83 52 sign
2975 1159 44 43 of

2107 1217 68 44 the
2206 1217 259 45 belittlement
2497 1218 44 43 of
2570 1237 158 26 women
2759 1218 54 56 by
2845 1236 104 33 men,
2973 1237 44 26 or

2107 1277 43 44 of
2182 1278 273 55 degradation,
2486 1297 45 25 or
2564 1279 135 44 undue
2731 1279 204 45 weakness
2963 1297 54 26 on

2107 1338 101 44 their
2239 1356 93 26 own
2365 1351 100 43 part,
2516 1340 120 44 when
2683 1340 94 55 they
2813 1340 204 55 preferred

2108 1409 41 32 to
2182 1397 95 45 hold
2301 1399 99 43 their
2422 1399 96 45 lives
2550 1399 107 44 aloof
2680 1399 100 44 from
2811 1399 204 57 publicity,

2108 1459 80 42 and
2222 1459 211 56 especially
2481 1460 100 43 from
2634 1460 106 44 what
2778 1477 24 26 a
2846 1461 171 43 Russian

2109 1520 139 43 author
2269 1520 71 42 has
2356 1519 128 45 called
2617 1537 182 26 amorous
2825 1520 191 56 display'*

2109 1579 137 43 before
2278 1597 24 25 a
2333 1580 146 54 public,
2505 1580 60 44 for
2597 1581 82 44 that
2703 1580 116 55 spoilt
2852 1580 167 56 public's

2109 1641 317 44 entertainment.

2199 1700 30 43 It
2275 1706 33 37 is
2356 1719 22 24 a
2432 1700 127 45 vexed
2607 1702 193 54 question,
2855 1701 14 44 I
2918 1713 99 32 must

2110 1759 124 44 admit
2255 1779 10 31 ;
2309 1761 180 44 whether
2519 1764 28 41 it
2580 1761 51 43 be
2673 1761 126 43 better
2830 1773 41 32 to
2903 1762 115 44 suffer

2108 1820 67 43 the
2206 1820 119 56 slings
2356 1821 81 44 and
2470 1839 158 33 arrows,
2663 1839 44 26 or
2732 1832 41 33 to
2805 1823 91 43 take
2918 1840 101 26 arms

2109 1882 148 53 against
2289 1900 24 24 a
2345 1900 65 25 sea
2428 1917 46 9 ...
2507 1882 80 44 and
2620 1881 80 44 end
2732 1882 67 44 the
2830 1882 187 46 troubles.

2200 1942 103 43 And
2338 1943 13 42 I
2385 1942 61 43 for
2482 1961 78 26 one
2592 1943 130 43 rather
2759 1942 80 45 like
2871 1954 40 32 to
2953 1961 66 25 see

2107 2018 79 26 one
2218 2002 82 44 role
2333 2002 148 57 always
2525 2004 117 43 acted
2675 2002 53 56 by
2760 2022 24 24 a
2830 2020 159 27 woman
3007 2021 10 26 :

2106 2061 14 42 I
2152 2061 103 44 refer
2304 2074 42 32 to
2377 2063 67 44 the
2493 2075 86 44 part
2611 2063 44 44 of

2108 2122 95 44 with
2235 2121 44 44 of
2310 2140 138 27 course
2480 2142 24 25 a
2535 2142 92 25 man
2674 2126 42 41 in
2747 2124 67 43 the
2863 2124 82 43 role
2977 2122 42 44 of

2106 2182 67 43 the
2251 2182 136 57 player
2418 2202 131 37 queen

2107 2307 214 45 MASKS
2339 2309 139 44 AND
2502 2309 280 45 DEMONS.
2818 2310 56 43 K.
2897 2309 122 44 Mac

2111 2368 154 44 Gowan
2298 2370 87 43 and
2404 2370 63 43 H.
2502 2370 144 45 Rosse.
2710 2370 159 44 Martin
2902 2370 88 52 Hop-

2107 2429 143 52 kjnson
2271 2448 14 26 :
2317 2429 171 45 London
2509 2450 14 24 :
2565 2431 83 59 15/
2740 2439 79 36 net.

2109 2542 169 107 WE
2310 2544 162 56 already
2504 2544 174 44 referred
2728 2556 40 32 to
2794 2545 75 44 this
2913 2545 105 46 book

2242 2605 41 42 in
2314 2603 89 57 July
2443 2605 111 43 1924
2577 2605 120 44 when
2719 2607 28 41 it
2780 2606 170 44 reached
2973 2624 45 26 us

2109 2664 101 43 from
2241 2666 48 41 its
2335 2666 220 42 American
2587 2665 232 55 publishers,
2869 2666 148 44 Messrs

2109 2725 87 43 Har
2199 2737 122 38 court,
2357 2726 126 42 Brace
2514 2730 39 39 &
2584 2727 66 42 Co
2670 2744 11 32 ;
2729 2744 64 26 we
2825 2744 65 26 are
2928 2727 91 54 glad

2108 2802 93 27 now
2234 2797 40 31 to
2306 2804 67 25 see
2404 2786 83 44 that
2521 2805 23 24 a
2575 2786 164 55 English
2763 2786 154 44 edition
2949 2787 70 44 has

2109 2846 216 55 appeared,
2359 2846 82 44 and
2490 2847 137 44 would
2674 2848 256 43 recommend
2966 2847 53 44 all

2108 2907 150 42 theatre
2290 2906 179 44 students
2511 2919 41 32 to
2584 2926 135 26 secure
2768 2926 23 24 a
2822 2925 105 39 copy
2958 2907 61 44 for

2107 2967 68 43 the
2207 2967 93 44 sake
2330 2967 44 43 of
2404 2968 67 42 the
2493 2967 105 55 large
2629 2967 166 44 number
2815 2967 44 44 of
2890 2968 108 44 excel-

2109 3026 82 45 lent
2222 3026 250 45 illustrations
2519 3029 30 42 it
2579 3030 179 42 contains
2805 3028 44 43 of
2890 3029 129 43 masks

2109 3087 43 44 of
2184 3105 118 39 many
2336 3089 166 50 nations,
2547 3089 81 43 and
2662 3089 66 44 the
2759 3091 260 53 entertaining

2105 3159 96 34 text,

2109 3276 459 47 RESTORATION
2632 3278 277 45 COMEDY
2967 3279 51 51 by

2109 3338 196 53 Bonamy
2366 3339 177 46 Dohree.
2642 3340 86 43 The
2782 3339 233 45 Clarendon

2109 3398 132 45 Press.
2308 3399 181 53 Oxford.
2558 3400 52 58 6/
2702 3409 80 36 net.

2105 3512 176 106 THE
2302 3513 229 45 Publishers
2548 3531 209 27 announce

2198 3581 25 16 44
2244 3574 108 44 book
2395 3576 106 53 gives
2548 3593 24 25 a
2619 3574 157 56 general
2826 3576 104 43 view
2975 3575 44 44 of

2107 3643 10 16 4
2124 3643 9 16 4
2157 3634 187 56 Comedy
2374 3637 41 41 in
2436 3636 68 43 the
2525 3635 141 56 period
2690 3635 100 43 from
2820 3635 197 56 Etherege

2109 3704 24 16 44
2156 3708 41 31 to
2215 3695 219 55 Farquhar,
2453 3696 80 44 and
2551 3696 132 55 places
2699 3697 149 42 certain
2865 3708 154 43 aspects

2108 3764 26 17 44
2156 3757 44 43 of
2231 3756 252 44 Restoration
2532 3757 187 55 Comedy
2766 3758 40 42 in
2855 3774 24 25 a
2926 3773 91 28 new

2107 3825 27 17 44
2157 3817 108 56 light.
2319 3817 29 44 It
2370 3818 250 54 investigates
2642 3835 108 26 more
2783 3817 234 56 thoroughly

2108 3887 25 15 44
2156 3879 95 43 than
2283 3878 70 43 has
2385 3889 65 45 yet
2481 3877 104 44 been
2633 3877 107 44 done
2770 3878 69 43 the
2887 3877 130 45 vexed

2107 3947 24 16 44
2155 3939 182 54 question
2384 3937 43 44 of
2474 3938 157 45 French
2679 3937 207 51 influence,
2935 3937 81 44 and

2107 4007 25 16 44
2156 4017 142 38 proves
2330 3998 53 56 by
2414 3998 132 56 ample
2578 4000 206 54 quotation
2806 4000 84 43 that
2914 3999 78 43 Res-

2105 4068 25 16 44
2154 4061 169 42 toration
2356 4058 186 58 Comedy
2573 4077 97 32 was,
2702 4061 42 42 in
2785 4059 68 44 the
2895 4061 121 48 main,

2107 4129 26 15 48
2156 4139 24 24 a
2211 4120 152 44 natural
2394 4119 283 57 development
2699 4119 44 44 of
2773 4120 79 43 late
2885 4119 110 45 Eliza-

2106 4190 26 16 44
2156 4181 147 43 bethan
2356 4181 123 44 work.
2566 4181 77 44 But
2701 4181 67 43 the
2822 4180 193 55 principal
