3112 4515
2826 93 83 44 159

76 184 219 77 parition
333 186 53 57 of
426 183 287 76 Olympian
774 183 174 59 Gods.
1026 183 132 59 This
1204 183 261 60 rendered

76 283 276 50 necessary
416 259 86 59 the
567 259 151 74 rapid
793 259 404 59 transformation
1261 259 54 59 of
1378 259 88 58 the

76 358 173 36 scene.
329 334 179 59 There
549 334 159 59 could
746 334 71 59 be
842 334 145 59 three
1014 334 136 57 fixed
1179 358 184 35 scenes
1390 358 75 42 as,

76 435 68 34 on
182 409 86 59 the
308 410 147 58 other
492 410 160 67 hand,
692 409 145 59 there
878 409 156 60 could
1075 410 70 58 be
1183 410 170 58 others
1390 424 78 44 set

76 510 56 35 or
170 485 140 75 hung
349 510 127 34 over
502 485 147 59 these
676 485 157 59 when
859 487 86 57 the
973 485 119 75 play
1118 511 60 33 so
1202 485 263 74 required.

191 562 52 57 4.
287 562 42 57 It
366 564 43 55 is
447 584 144 35 more
630 560 257 74 probable
926 560 108 59 that
1072 560 86 59 the
1184 564 142 55 artist
1350 583 118 51 may

75 637 134 58 have
247 635 229 74 planned
516 661 32 34 a
584 637 239 59 machine
863 637 104 57 and
996 661 30 33 a
1053 661 158 34 scene
1236 630 232 80 adapted

75 727 54 44 to
167 736 31 33 a
236 711 274 74 particular
548 711 122 74 play
708 711 167 58 rather
901 711 120 59 than
1048 711 136 61 have
1208 710 259 60 recorded

76 812 32 33 a
146 786 145 60 work
328 785 215 75 already
581 785 407 75 accomplished,
1029 788 230 58 because
1293 789 53 56 in
1372 786 98 59 this

75 863 146 58 latter
259 887 124 34 case
421 863 143 57 there
605 863 179 58 would
822 863 223 73 perhaps
1085 863 70 58 be
1193 887 143 34 more
1363 887 70 33 am-

76 938 89 74 ple
203 939 107 58 and
349 936 211 61 definite
598 939 266 58 theatrical
903 938 205 59 details.

200 1015 14 56 1
249 1014 61 58 B.
353 1014 42 58 It
432 1016 43 56 is
516 1016 193 56 certain
748 1014 108 58 that
894 1014 88 58 the
1021 1023 164 62 ospitii
1209 1038 145 34 were
1382 1012 88 59 the

74 1112 170 36 rooms
282 1103 80 44 set
400 1104 145 58 apart
582 1089 77 58 for
697 1089 86 58 the
831 1104 194 52 actors;
1067 1089 105 58 and
1211 1089 124 75 they
1374 1113 62 48 ap-

75 1188 128 52 pear
240 1164 267 75 evidently
545 1180 52 43 to
654 1165 70 58 be
783 1165 144 66 such,
969 1165 126 58 both
1153 1165 129 58 from
1338 1164 132 58 their

75 1242 224 71 position
337 1255 52 42 at
426 1241 87 56 the
559 1240 140 58 sides
756 1241 53 56 of
847 1240 88 58 the
974 1263 177 44 scene,
1191 1239 105 58 and
1339 1240 128 57 from

76 1316 88 58 the
202 1319 300 71 inscription
541 1316 174 58 which
755 1320 364 71 accompanies
1158 1316 87 58 the
1287 1316 179 57 sketch

76 1390 279 59 attributed
414 1405 55 43 to
529 1390 252 76 Sangallo
821 1391 43 57 il
899 1401 235 62 giovane.
1198 1391 19 57 I
1256 1391 211 58 believe

78 1466 108 58 that
211 1467 88 59 the
325 1490 153 34 name
504 1466 54 58 of
584 1476 166 61 ospitii
775 1465 207 59 derives
1009 1466 129 58 from
1164 1466 86 57 the
1291 1466 146 58 analo-

79 1565 127 52 gous
247 1543 387 59 denomination
658 1546 53 54 in
738 1566 94 34 use
857 1545 55 55 in
936 1543 88 57 the
1051 1542 416 58 Greco-Roman

79 1618 196 57 theatre
333 1617 193 67 which,
568 1617 256 74 precisely
871 1634 54 41 at
963 1618 86 57 the
1109 1617 138 60 sides
1287 1617 53 58 of
1378 1617 89 57 the

78 1708 161 61 stage,
280 1693 105 60 had
437 1693 88 59 the
583 1693 238 76 galleries
863 1693 242 59 destined
1147 1708 52 42 to
1258 1696 208 56 receive

78 1771 104 57 and
224 1768 190 60 shelter
454 1769 89 59 the
586 1785 166 45 actors
821 1769 104 58 and
991 1768 300 60 Theatrical
1350 1794 88 49 pro-

82 1847 210 72 perties.

198 1921 117 58 2B.
358 1921 122 57 The
527 1919 187 59 Teatro
752 1922 52 56 in
864 1921 87 57 the
990 1934 114 59 past
1160 1943 109 35 was
1310 1943 127 51 gene-

80 1995 129 75 rally
247 1995 89 59 the
375 1994 168 60 stable
583 2011 112 58 part
733 1995 53 58 of
824 1995 87 59 the
951 1994 237 76 building
1227 1994 240 59 destined

78 2072 78 58 for
196 2070 308 75 spectacles,
548 2072 104 57 and
691 2070 258 74 precisely
1000 2070 108 59 that
1147 2072 212 57 defined
1399 2070 71 74 by

76 2147 89 58 the
205 2147 153 73 place
399 2147 76 57 for
515 2147 85 57 the
640 2161 281 58 spectators
979 2145 105 59 and
1143 2147 87 57 the
1289 2167 178 37 cavea.

78 2222 167 67 Thus,
289 2224 53 56 in
380 2222 88 58 the
527 2222 202 76 design,
790 2222 87 57 the
935 2235 114 60 part
1100 2222 370 58 denominated

80 2309 177 56 teatro,
299 2298 127 58 with
465 2296 88 59 the
603 2321 272 49 accessory
915 2322 158 49 space
1113 2298 241 57 destined
1393 2298 77 57 for

79 2375 89 57 the
206 2374 276 67 orchestra,
523 2373 105 59 and
667 2374 88 57 the
794 2374 145 58 other
974 2376 153 72 given
1153 2398 124 33 over
1303 2388 54 43 to
1383 2373 87 58 the

82 2453 345 56 construction
466 2449 54 58 of
559 2449 86 57 the
683 2473 153 34 scena
884 2449 211 76 (stage).
1137 2449 123 58 The
1317 2473 153 34 scena

82 2549 110 36 was
233 2528 52 54 in
313 2524 104 58 fact
443 2548 67 34 an
535 2523 237 59 addition
795 2549 13 42 ;
836 2524 292 68 moveable,
1157 2523 103 59 and
1288 2523 183 59 added

82 2601 157 66 later;
283 2600 106 58 and
427 2600 264 74 evidently
730 2599 94 59 did
864 2615 89 43 not
991 2600 128 58 form
1158 2614 114 61 part
1297 2599 53 58 of
1385 2599 87 58 the

83 2688 162 47 teatro
283 2700 56 35 as
377 2676 148 67 built,
567 2676 91 57 but
697 2700 110 35 was
845 2676 122 74 only
1006 2676 103 59 like
1142 2700 32 33 a
1198 2675 275 75 joined-on

83 2766 265 45 structure.

201 2829 33 57 3
256 2827 62 60 B.
348 2826 123 60 The
490 2827 127 69 foro
656 2830 41 56 is
737 2827 87 59 the
864 2825 147 61 usual
1051 2827 152 73 place
1228 2825 243 59 destined

80 2906 78 57 for
197 2904 180 74 public
417 2902 291 79 gatherings
748 2902 106 60 and
894 2904 130 58 does
1063 2917 90 44 not
1191 2928 197 49 appear
1421 2917 52 44 to

82 2978 134 60 have
275 3003 100 50 any
427 2977 197 74 special
1091 2981 54 55 in
1202 3003 92 34 our
1358 3001 87 51 pre-

84 3070 114 43 sent
238 3079 139 34 case.
440 3055 40 57 If
520 3057 36 56 it
595 3057 43 55 is
676 3055 143 68 held,
861 3079 56 34 as
958 3079 240 49 appears,
1240 3055 108 58 that
1386 3053 87 58 the

83 3130 236 78 drawing
358 3130 186 58 relates
584 3145 53 43 to
695 3156 32 32 a
784 3130 274 74 particular
1114 3130 161 67 work,
1336 3133 38 56 it
1433 3132 42 56 is

84 3206 212 59 evident
334 3206 108 57 that
479 3208 53 56 in
558 3204 87 59 the
672 3208 408 70 representation
1106 3206 54 58 of
1184 3206 88 58 the
1301 3207 175 56 scenic

84 3285 187 74 setting
310 3282 144 58 there
492 3297 133 43 must
663 3282 132 60 have
824 3282 139 58 been
991 3307 29 32 a
1040 3282 141 70 foro,
1209 3282 96 58 but
1330 3281 110 59 whe-

83 3358 113 59 ther
262 3357 197 68 Greek,
521 3358 223 67 Roman,
805 3357 671 76 Fantastic-mythological,

84 3433 130 60 does
266 3448 87 44 not
410 3448 199 44 matter.
689 3433 57 59 In
794 3433 88 59 the
940 3448 183 44 matter
1179 3433 56 59 of
1272 3433 86 59 the
1397 3432 54 58 di-

85 3511 259 57 mensions
404 3508 88 60 the
531 3508 179 60 sketch
767 3508 93 58 has
918 3533 68 35 no
1044 3512 323 71 pretensions
1425 3522 52 43 to

84 3585 259 60 technical
385 3601 271 43 exactness
680 3611 11 42 ;
734 3584 123 68 and,
899 3610 69 34 on
1007 3584 88 59 the
1134 3584 144 60 other
1316 3584 160 69 hand,

84 3663 39 56 it
160 3662 160 73 being
379 3685 277 49 necessary
694 3676 53 43 to
786 3662 117 72 give
944 3686 30 33 a
1015 3663 311 72 proportion,
1388 3660 89 59 the

74 3738 128 70 foro
240 3737 107 59 had
385 3752 53 43 to
485 3737 69 57 be
593 3761 144 34 more
776 3737 173 73 ample
996 3737 122 58 than
1174 3735 87 60 the
1321 3737 155 58 Aula

84 3813 196 73 Regia.

200 3889 116 58 4B.
358 3889 155 58 Aula
553 3888 177 73 Regia
767 3890 43 57 is
849 3888 133 77 right
1020 3890 53 56 in
1113 3912 58 34 so
1216 3888 75 58 far
1330 3912 56 34 as
1439 3890 37 56 it

84 3964 187 58 should
309 3964 161 58 relate
511 3979 52 43 to
603 3991 31 31 a
673 3964 212 58 definite
925 3988 157 36 scene
1133 3965 78 56 for
1249 3988 31 33 a
1318 3965 129 73 parti-

84 4039 142 60 cular
264 4040 145 60 work
447 4040 177 59 which
661 4039 242 75 required
944 4040 86 59 the
1071 4041 404 72 representation

84 4116 55 59 of
177 4140 30 34 a
245 4116 144 77 regal
428 4115 103 60 hall
572 4116 127 58 with
741 4142 31 33 a
812 4119 137 56 view
987 4115 217 76 through
1242 4139 66 36 an
1336 4139 139 51 open

84 4191 338 78 background
460 4217 69 34 on
568 4207 53 43 to
659 4191 88 60 the
786 4193 154 58 Foro.

1513 183 578 60 ALLARDYCE
2158 183 356 60 NICOLL.
2622 182 282 73 (London)-

1626 335 57 56 In
1722 337 310 54 connection
2070 335 127 56 with
2254 335 88 58 the
2381 335 345 73 exceedingly
2775 339 105 56 inte-

1513 412 189 73 resting
1741 409 141 74 early
1919 409 148 59 XVI
2107 423 212 61 century
2356 409 234 75 drawing
2618 410 175 60 which
2817 413 93 57 has

1515 487 139 57 been
1693 485 179 74 kindly
1910 501 113 43 sent
2060 501 54 42 to
2153 510 84 34 me
2280 487 18 56 I
2338 485 187 59 should
2554 485 101 59 like
2680 502 53 43 to
2759 488 151 58 make

1515 587 31 33 a
1585 562 107 58 few
1730 560 222 59 remarks
1994 560 126 59 both
2158 586 67 34 on
2263 562 88 57 the
2392 560 113 60 MS
2557 577 104 43 text
2699 563 105 58 and
2842 587 69 36 on

1514 638 89 57 the
1642 637 122 73 plan
1802 637 154 58 itself.

1639 713 44 58 1.
1725 711 275 75 Although
2041 711 19 59 I
2100 736 83 34 am
2242 727 89 43 not
2366 736 32 33 a
2445 710 408 79 palaeographer
2895 714 19 57 I

1515 811 84 34 am
1637 786 231 59 inclined
1908 802 53 43 to
2002 789 237 71 question
2298 811 143 34 some
2481 786 54 59 of
2572 786 89 59 the
2698 789 214 75 reading

1517 864 53 57 of
1608 863 88 58 the
1738 864 129 58 MS.
1912 864 160 57 Lines
2111 864 33 56 5
2186 863 104 57 and
2341 864 65 56 10
2445 863 53 58 of
2536 863 88 58 the
2663 864 103 58 first
2792 888 89 50 pas-

1518 962 124 50 sage
1682 962 87 34 are
1828 938 192 73 clearly
2075 936 275 69 doubtful;
2403 938 18 57 I
2463 938 188 58 should
2707 955 208 61 suggest

1517 1014 106 58 that
1660 1014 88 58 the
1786 1014 148 58 word
1976 1019 35 20 44
2040 1028 176 58 parato
2321 1016 52 56 in
2399 1014 88 57 the
2515 1014 185 57 former
2727 1015 185 58 should

1517 1090 71 57 be
1626 1089 126 58 read
1815 1094 33 21 44
1879 1104 179 58 parete
2159 1086 104 61 and
2322 1089 109 58 that
2472 1095 30 18 44
2534 1114 30 33 e
2605 1089 127 58 dera
2790 1115 125 33 cosa

1840 1160 186 63 should
2084 1165 70 58 be
2206 1165 128 58 read
2376 1169 32 21 44
2437 1188 167 35 aveva
2662 1190 123 33 cosa
2831 1166 84 73 (or

1518 1246 13 19 '
1561 1242 111 56 cosi
1699 1240 42 72 ')
1782 1244 133 71 posti
1955 1255 72 43 tre
2187 1239 122 58 The
2547 1240 54 58 of
2639 1241 87 57 the
2766 1240 148 58 word

1517 1316 19 57 I
1576 1315 117 58 take
1733 1331 52 41 to
1826 1316 69 57 be
1993 1340 164 34 aveva
2321 1330 88 43 not
2435 1315 175 58 unlike
2638 1316 86 57 the
2768 1321 31 19 44
2823 1341 35 35 u

1515 1393 52 56 in
1607 1391 87 58 the
1733 1392 101 57 first
1881 1391 150 58 word
2088 1391 53 57 of
2178 1391 88 57 the
2326 1415 238 52 passage,
2618 1391 158 58 while
2827 1392 88 57 the

1762 1470 42 54 is
1844 1491 123 49 very
2026 1466 188 58 similar
2253 1481 52 43 to
2362 1467 88 57 the
2737 1468 52 56 in
2827 1468 88 58 the

1515 1543 97 57 last
1651 1541 103 58 line
1795 1543 53 57 of
1886 1542 84 57 all.
2051 1541 121 59 The
2234 1542 294 58 translation
2567 1542 179 58 would
2792 1543 124 59 then

1515 1620 70 57 be
1626 1642 54 33 as
1721 1617 203 61 follows
1950 1644 11 33 :

1696 1693 148 59 Aula
1909 1694 141 74 regia
2115 1693 104 59 and
2284 1693 86 57 the
2435 1692 273 74 hospitalia
2774 1717 143 35 were

1581 1768 157 60 made
1777 1794 69 34 on
1885 1769 86 59 the
2012 1772 326 71 proscenium
2376 1763 177 65 which
2594 1795 82 33 we
2705 1768 99 60 call
2830 1769 89 59 the

1585 1849 13 21 4
1626 1846 123 58 wall
1773 1846 13 17 *
1828 1846 103 57 and
1985 1870 32 31 a
2055 1846 107 57 sala
2220 1868 111 36 was
2390 1844 273 59 simulated
2724 1844 103 59 and
2867 1861 52 42 at

1583 1921 133 58 each
1755 1921 115 58 side
1928 1945 67 33 an
2034 1923 186 71 ospitio
2279 1945 55 33 or
2373 1945 144 34 room
2568 1921 222 59 whence
2829 1921 88 58 the

1584 2011 165 43 actors
1790 2020 147 34 came
1978 1995 147 60 forth.
2205 1995 133 59 This
2378 1995 105 59 had
2524 1995 33 59 3
2610 1998 210 56 stations
2860 2021 57 33 so

1581 2073 110 57 that
1729 2073 280 74 according
2047 2087 54 43 to
2140 2073 88 57 the
2268 2072 202 72 subject
2508 2086 183 44 matter
2715 2074 202 56 various

1583 2147 329 58 decorations
1952 2171 142 35 were
2136 2150 171 73 given,
2348 2172 58 32 as
2448 2148 17 56 I
2506 2148 131 66 said,
2679 2147 54 58 of
2770 2147 145 58 three

1519 2228 32 20 <<
1582 2223 12 25 1
1619 2223 85 32 J

1583 2235 150 46 kinds
1803 2270 11 12 .

1635 2299 40 57 It
1734 2322 169 34 seems
1962 2313 52 43 to
2054 2322 84 34 me
2177 2298 107 57 that
2341 2296 100 59 this
2479 2300 143 71 gives
2680 2322 32 33 a
2749 2298 167 58 better

1519 2398 153 34 sense
1712 2389 52 43 to
1804 2374 86 57 the
1931 2374 174 58 whole
2147 2398 237 51 passage.

1633 2451 53 56 2.
1729 2449 188 60 While
1975 2449 88 58 the
2102 2449 252 74 drawing,
2394 2448 217 76 judging
2669 2449 128 58 from
2834 2449 87 58 the

1519 2540 116 59 past
1672 2540 147 43 tense
1860 2526 54 57 of
1953 2525 88 58 the
2082 2525 170 67 verbs,
2294 2528 43 54 is
2376 2539 91 43 not
2506 2549 30 33 a
2576 2526 184 77 design
2784 2525 78 58 for
2886 2550 33 33 a

1519 2601 358 74 performance
1915 2616 91 44 not
2045 2604 170 75 given,
2260 2601 17 57 1
2318 2603 237 71 question
2606 2600 236 60 whether
2881 2604 39 56 it

1518 2676 162 75 really
1736 2691 290 59 represents
2084 2702 66 33 an
2211 2676 177 57 Italian
2446 2674 214 61 theatre.
2741 2676 42 59 If
2820 2675 97 60 this

1520 2752 237 75 drawing
1796 2754 70 57 be
1905 2752 283 74 compared
2247 2752 127 59 with
2413 2751 87 59 the
2539 2751 211 59 fanciful
2807 2752 76 59 Ro-

1520 2853 120 34 man
1678 2829 198 58 theatre
1915 2831 155 74 given
2108 2831 54 56 in
2201 2827 87 59 the
2327 2826 265 74 Jocundus
2632 2827 199 59 edition
2868 2829 55 58 of

1519 2904 273 59 Vitruvius
1834 2904 202 72 (1513)
2075 2928 32 33 a
2145 2902 225 76 startling
2411 2902 259 75 similarity
2709 2902 108 59 will
2844 2904 72 59 be

1520 2996 267 57 apparent.
1866 2980 124 58 The
2093 2995 164 43 teatro
2360 2982 43 55 is
2450 2978 185 74 simply
2674 3004 30 32 a
2756 2994 136 44 trans-

1522 3056 157 58 lation
1717 3058 54 56 of
1810 3056 88 58 the
1937 3056 180 58 Greek
2158 3053 241 73 @axpov
2453 3055 155 72 (from
2667 3052 250 57 saa&at

1526 3137 12 22 4
1569 3147 53 42 to
1666 3156 91 35 see
1786 3131 42 72 ')
1867 3133 53 58 in
1959 3135 62 54 its
2060 3131 215 76 original
2315 3155 152 33 sense
2507 3130 52 58 of
2601 3135 12 20 4
2635 3130 87 58 the
2768 3131 119 58 audi-

1523 3211 184 56 torium
1727 3207 32 56 '.
1823 3208 54 57 In
1918 3208 272 57 Vitruvius
2230 3231 85 34 we
2357 3221 87 60 get
2496 3206 85 58 the
2643 3206 273 71 hospitalia

1526 3298 50 44 at
1614 3282 134 60 each
1786 3282 115 58 side
1941 3282 105 60 and
2086 3285 53 55 in
2187 3282 88 58 the
2333 3281 201 59 middle
2592 3279 88 60 the
2736 3282 184 58 valvae

1528 3370 188 62 regiae,
1759 3358 408 76 corresponding
2205 3373 53 44 to
2298 3357 87 60 the
2425 3358 129 57 aula
2596 3367 139 62 regia
2773 3357 141 60 here.

1526 3434 218 75 Finally,
1786 3450 51 43 at
1887 3434 87 59 the
2013 3458 112 35 rear
2164 3433 52 59 of
2253 3433 90 59 the
2383 3448 143 61 stage
2566 3434 43 56 is
2648 3456 32 34 a
2732 3456 185 48 square

1526 3512 190 58 odeum
1754 3511 177 58 which
1970 3509 180 61 would
2191 3511 71 58 be
2301 3509 87 59 the
2428 3508 298 75 equivalent
2751 3508 53 60 of
2829 3508 86 60 the

1517 3587 127 68 foro
1669 3589 53 55 in
1741 3585 88 59 the
1851 3585 252 77 drawing.
2148 3587 87 57 As
2256 3583 213 79 regards
2491 3584 86 57 the
2600 3584 317 71 triangulate

1527 3662 256 67 machina,
1816 3662 248 58 Daniello
2105 3662 229 58 Barbaro
2371 3660 93 59 has
2505 3685 30 33 a
2573 3674 121 45 note
2733 3663 54 55 in
2839 3659 77 59 his

1526 3738 196 58 edition
1763 3739 53 57 of
1856 3739 273 59 Vitruvius
2168 3738 174 60 which
2393 3761 118 49 may
2569 3761 150 34 serve
2771 3759 55 35 as
2884 3761 32 32 a

1524 3829 353 59 commentary
1901 3839 13 34 :

1640 3894 32 23 44
1702 3890 282 74 Vtrunque
2022 3889 135 58 aliae
2196 3904 179 60 portae
2415 3904 144 42 erant
2609 3886 311 60 concharum

1588 3965 176 69 modo,
1806 3989 127 51 quas
1975 3966 221 59 Nichios
2237 3965 236 66 dicimus,
2514 3968 69 54 ita
2623 3988 92 50 pro
2754 3964 166 57 fronte

1527 4047 33 20 44
1589 4066 192 34 scenae
1819 4057 101 43 tres
1974 4057 142 43 erant
2166 4044 309 70 apertiones,
2517 4054 120 45 ante
2696 4062 130 51 quas
2863 4041 53 56 in

1526 4123 30 19 44
1586 4118 210 75 singulis
1835 4118 272 58 machinae
2158 4133 142 43 erant
2357 4116 289 59 collocatae
2696 4118 194 72 triangu-

1526 4198 33 20 44
1590 4193 131 58 lares
1780 4194 182 58 axibus
2021 4193 280 67 versatiles,
2361 4195 52 56 in
2472 4190 212 77 singulis
2742 4213 175 37 earum
