3520 4475
1694 185 111 53 263

645 329 194 53 Aus
893 329 270 53 Wien.

136 442 269 51 [ltalienische
435 442 103 47 Oper
619 441 253 47 Hoffnungen
903 440 63 34 für
995 438 61 36 die
1086 438 189 37 deutsche
1306 438 103 49 Oper
1492 439 216 50 Prüfung—

226 507 166 37 Concert
422 505 65 36 der
517 504 190 48 Zöglinge
738 504 65 35 des
835 502 365 36 Conservatoriums
1308 502 253 48 Sing-Verein

741 563 359 49 Sing-Akademie.]

1195 636 133 36 Ende
1366 636 106 39 Juli
1512 635 115 40 1858.

213 710 74 35 Die
315 708 276 49 geschlossene
620 708 247 46 Stagione
898 706 68 35 der
994 706 263 39 Ttaliäner
1301 708 67 36 hat
1408 708 208 35 wiederum
1646 707 43 36 be-

134 773 155 43 wiesen,
325 772 87 36 dass
444 772 61 35 die
534 769 252 38 italienische
816 768 104 47 Oper
950 769 83 35 sich
1063 769 179 37 überlebt
1268 771 66 35 hat
1380 771 87 35 Don
1499 769 209 47 Giovanni,

133 834 179 47 Figaro's
340 834 203 47 Hochzeit,
590 834 86 35 Cosi
701 832 75 45 fan
805 837 88 28 lulle
926 830 172 37 bildeten
1127 833 69 35 mit
1226 831 72 36 den
1328 832 183 36 besseren
1541 831 170 36 Werken

134 896 190 36 Rossini's
369 896 74 35 den
480 896 106 35 Kern
632 894 81 35 und
757 894 175 47 einzigen
963 894 245 36 Lebensnerv
1254 894 68 35 der
1366 892 344 37 dreimonatlichen

136 957 359 49 Opern-Versuche.
546 957 200 35 Trovatore
774 956 79 34 und
884 957 179 46 Uigoletlo
1094 961 176 31 mussten
1299 955 151 36 freilich
1481 954 101 35 auch
1609 954 101 36 noch

132 1020 204 36 herhalten
378 1020 81 35 und
500 1018 258 47 befriedigten
799 1017 101 36 auch
940 1018 71 37 den
1041 1018 277 47 ungebildeten
1348 1017 79 35 und
1458 1016 240 36 verbildeten

132 1083 115 37 Theil
275 1083 66 36 des
372 1082 249 44 Publicums;
651 1081 119 35 allein
799 1082 119 33 etwas
948 1081 129 35 Neues
1114 1080 67 35 der
1209 1081 73 34 Art
1311 1081 145 34 konnte
1484 1078 110 36 nicht
1625 1078 65 35 auf-

134 1145 197 48 getrieben
364 1143 161 37 werden.
585 1142 151 36 Verdi's
765 1140 141 37 Aroldo
910 1169 10 17 ,
964 1142 174 36 Perelli's
1172 1142 172 36 Cltirissa
1373 1142 173 35 Hcirlöwe
1582 1152 128 23 waren

134 1208 97 35 zwei
270 1218 91 35 arge
392 1204 247 45 Durchfälle,
681 1204 182 35 während
896 1204 84 36 Cosi
1004 1206 73 44 fan
1105 1211 88 29 tutte
1237 1204 63 35 die
1331 1204 137 36 Saison
1509 1215 76 24 neu
1628 1201 83 36 und

132 1269 122 36 frisch
280 1268 165 36 belebte.
477 1268 73 35 Wo
580 1266 121 36 bleibt
729 1266 83 36 also
841 1266 69 35 das
933 1267 154 35 Walten
1113 1267 65 35 des
1202 1266 275 35 italiänischen
1499 1266 211 43 Elements,

132 1331 70 35 das
232 1331 69 33 mit
330 1341 42 23 so
403 1340 161 35 grossen
592 1328 147 37 Konten
769 1328 226 47 vergeblich
1027 1328 394 36 heraufbeschworen
1451 1327 126 35 wird?

213 1390 85 35 Von
328 1390 74 35 den
433 1389 47 38 75
512 1389 338 48 Opern-Abenden
879 1390 114 35 fielen
1023 1388 50 38 22
1105 1390 71 35 auf
1198 1389 152 36 Verdi
1383 1390 232 44 (Trovatore
1648 1385 61 47 11,

133 1453 198 48 Rigoletto
361 1452 36 46 6,
427 1453 147 35 Ernani
602 1451 38 49 3,
670 1453 146 35 Aroldo
847 1451 61 46 2);
938 1451 50 38 20
1020 1453 70 35 auf
1114 1453 203 35 Rossini
1348 1450 174 50 (Barbier
1541 1448 65 48 10,
1637 1448 48 36 Ce-

130 1516 201 36 nerentola
358 1514 36 45 4,
442 1515 128 35 Moses
600 1514 38 47 4,
683 1514 227 36 Italienerin
942 1516 39 33 in
1009 1515 136 46 Algier
1175 1512 67 50 2);
1300 1512 49 38 16
1395 1514 75 35 auf
1509 1514 200 34 Mozart

134 1578 103 47 (Cosi
264 1579 72 44 fan
364 1583 89 30 tutte
486 1576 36 47 6,
553 1576 142 48 Figaro
725 1576 34 45 5,
789 1577 86 35 Don
905 1576 106 35 Juan
1044 1578 66 44 5);
1152 1575 49 38 10
1232 1577 72 34 auf
1329 1576 191 35 Bellini
1550 1574 137 46 (Nacht-

134 1639 215 36 wandlerin
379 1639 35 47 5,
447 1639 143 35 Norraa
619 1636 35 47 3,
685 1638 143 35 Romeo
859 1637 60 49 2);
972 1637 21 39 5
1024 1639 74 35 auf
1122 1638 267 35 Donizetti
1434 1637 206 46 (Lucrezia
1668 1634 38 49 4,

133 1702 88 35 Don
251 1701 196 46 Pasquale
478 1698 61 49 1);
587 1699 24 39 2
641 1701 72 34 auf
736 1700 196 35 Perelli
972 1698 192 48 (Clarissa
1194 1698 49 49 2).
1354 1699 73 35 Die
1457 1698 149 36 Herren
1635 1696 48 35 Ca-

133 1763 238 48 pellmeister
398 1762 179 46 Proch,
609 1762 151 35 Esser
793 1761 79 36 und
905 1762 58 34 de
992 1761 240 37 Barbieri
1283 1761 203 46 dirigirten
1527 1759 155 36 abwech-

134 1824 120 38 selnd.
303 1822 57 38 Im
391 1823 159 36 Ganzen
593 1822 160 37 wurden
795 1820 47 39 17
876 1823 130 47 Opern
1046 1834 74 24 von
1159 1822 23 38 6
1212 1821 300 37 verschiedenen
1543 1822 137 45 Compo-

134 1887 128 35 nisten
291 1885 186 49 gegeben.

213 1948 79 35 Der
320 1947 213 35 deutschen
563 1945 288 47 Opern-Saison
893 1945 99 36 sieht
1032 1958 88 24 man
1161 1945 69 35 mit
1259 1956 159 35 grossen
1455 1944 252 45 Hoffnungen

134 2011 202 44 entgegen.
365 2007 232 36 Eckert's
630 2008 280 35 Wirksamkeit
938 2006 107 37 kann
1067 2020 102 34 man,
1217 2007 153 36 obwohl
1399 2008 54 33 sie
1483 2006 142 36 bereits
1655 2007 52 33 im

132 2074 162 44 vorigen
322 2071 151 36 Winter
502 2071 164 46 begann,
697 2073 79 32 erst
805 2082 88 23 vom
921 2069 86 36 Juli
1038 2067 102 40 1858
1170 2081 48 23 an
1249 2069 162 36 datiren.
1452 2069 51 34 Es
1533 2069 174 45 knüpfen

135 2134 84 36 sich
248 2133 101 36 viele
378 2133 266 47 gutgemeinte
674 2131 199 37 Wünsche
905 2132 141 43 daran;
1094 2131 60 34 die
1185 2131 84 34 Zeit
1297 2142 107 23 muss
1435 2130 146 45 lehren,
1628 2140 79 24 was

135 2198 128 34 davon
292 2196 134 35 erfüllt
456 2194 152 37 werden
638 2194 96 35 wird
762 2194 80 35 und
872 2206 26 23 w
899 2206 5 7 T
910 2194 115 36 erden
1055 2194 118 36 kann.
1202 2194 61 34 An
1293 2193 66 34 der
1389 2192 210 47 Fähigkeit
1627 2191 82 35 und

135 2259 87 36 dem
250 2262 121 43 guten
402 2258 147 36 Willen
594 2257 66 35 des
689 2269 127 24 neuen
846 2257 250 36 artistischen
1125 2257 149 34 Leiters
1307 2256 66 35 des
1404 2255 304 47 Operntheaters

135 2322 52 34 ist
215 2321 107 35 nicht
353 2331 49 23 zu
432 2321 189 35 zweife'n.
651 2318 103 38 Dass
771 2318 207 48 Wagner's
998 2318 222 47 Lohengrin
1250 2317 74 35 den
1353 2318 147 46 Reigen
1530 2316 177 43 eröffnet,

132 2384 53 35 ist
211 2394 74 24 nur
312 2384 38 33 in
380 2394 42 23 so
451 2384 82 33 fern
561 2380 162 48 löblich,
761 2380 58 36 als
850 2393 39 23 es
922 2381 83 34 eine
1035 2379 104 48 Oper
1168 2381 106 34 eines
1305 2379 212 36 deutschen
1545 2379 137 46 Compo-

133 2447 128 35 nisten
289 2446 52 34 ist
409 2443 241 36 Hoffentlich
693 2442 96 36 wird
832 2442 261 35 Marschner's
1124 2443 169 45 „Hiarne
1298 2442 9 17 4
1316 2448 6 9 '
1354 2441 81 35 ihm
1474 2445 235 41 wenigstens

134 2507 144 47 folgen,
319 2505 175 36 wiewohl
524 2517 90 23 man
642 2505 101 34 noch
773 2504 108 35 nicht
909 2504 78 34 viel
1017 2502 166 37 darüber
1214 2503 98 37 hört.
1371 2502 59 35 Ob
1460 2502 70 35 wir
1558 2500 125 36 Idome-

133 2582 72 23 neo
235 2569 80 36 und
345 2569 125 43 Titus,
501 2568 61 35 die
592 2566 190 44 Vestalin,
814 2566 181 47 Templer
1014 2566 79 35 und
1110 2565 136 47 Jüdin,
1279 2566 109 33 Hans
1405 2565 171 46 Heiling,
1609 2563 72 35 Che-

133 2631 165 36 rubini's
320 2631 150 43 Medea,
502 2629 163 36 Gluck's
686 2629 169 45 Armide,
889 2629 63 35 die
980 2628 242 48 Iphigenien,
1254 2627 179 47 Orpheus
1463 2625 119 35 hören
1613 2637 70 23 wer-

135 2692 86 48 den,
252 2693 60 35 die
342 2693 77 34 alle
450 2692 77 34 fast
556 2703 42 23 so
628 2696 72 42 gut
727 2693 72 33 wie
827 2703 78 23 neu
938 2692 61 34 für
1028 2702 74 23 uns
1133 2690 97 43 sind,
1274 2692 158 31 müssen
1461 2689 68 34 wir
1559 2686 125 37 abwar-

135 2758 75 33 ten.
238 2754 112 36 Alles
382 2754 73 36 auf
480 2754 142 35 einmal
651 2754 51 34 ist
731 2753 152 36 freilich
912 2752 109 35 nicht
1051 2752 172 47 möglich
1254 2763 48 23 zu
1331 2751 174 36 machen.

214 2815 77 38 Am
321 2815 61 38 29.
411 2816 87 36 Juli
541 2815 93 36 fand
676 2817 40 34 in
762 2815 86 37 dem
892 2815 113 36 Saale
1053 2815 66 35 der
1159 2813 261 37 Gesellschaft
1460 2813 66 35 der
1555 2812 128 35 Musik-

134 2879 160 37 freunde
324 2879 61 35 die
412 2878 391 47 Preis-Vertheilung
844 2890 49 23 an
923 2878 60 35 die
1015 2876 189 48 Zöglinge
1247 2876 67 35 des
1345 2875 364 36 Conservatoriums

135 2942 114 35 Statt.
280 2942 73 34 Ein
383 2940 166 36 Concert
579 2941 95 45 ging
704 2939 204 36 derselben
939 2951 156 24 voraus.
1127 2939 96 36 Rob.
1255 2937 258 36 Schumann's
1539 2937 172 34 Sinfonie

134 3006 41 34 in
206 3004 32 35 D
269 3004 185 36 eröffnete
484 3015 53 24 es.
594 3003 62 35 Sie
687 3003 133 35 wurde
848 3005 114 32 unter
992 3001 168 47 Leitung
1192 3001 66 34 des
1291 3001 195 35 Directors
1514 2996 196 48 Joseph

139 3065 424 48 Hellmesberger
599 3066 71 33 mit
704 3076 42 24 so
776 3065 77 34 viel
882 3065 202 34 Präcision
1114 3063 80 35 und
1223 3062 113 37 Kraft
1368 3061 241 46 ausgeführt,
1651 3059 57 34 als

139 3140 92 24 man
273 3140 76 23 von
393 3127 86 35 dem
502 3126 278 47 jugendlichen
812 3125 209 36 Orchester
1065 3130 189 31 erwarten
1296 3125 155 35 konnte.
1509 3123 84 35 Von
1638 3120 72 35 den

141 3191 313 45 Sololeistungen
498 3190 66 35 der
593 3190 192 46 Zöglinge
827 3188 226 36 zeichneten
1098 3189 83 34 sich
1228 3198 71 23 aus
1343 3186 66 34 der
1434 3186 167 44 Vortrag
1642 3182 67 35 des

139 3252 339 37 Violin-Concerts
522 3264 72 23 von
639 3251 278 35 Mendelssohn
964 3250 124 35 durch
1118 3250 126 35 Herrn
1275 3247 174 47 Leopold
1477 3247 107 34 Auer
1628 3244 80 36 und

139 3317 68 34 der
235 3325 160 36 grossen
425 3313 89 34 Arie
552 3313 64 34 der
644 3312 142 35 Nonna
832 3311 123 35 durch
985 3311 185 35 Fräulein
1214 3309 246 35 Gabriele
1502 3307 208 36 Kraasa.

140 3376 114 36 Auch
282 3375 136 36 Fräul.
448 3374 216 34 Katharina
693 3374 127 33 Bauer
863 3374 125 43 zeigte
1033 3372 39 33 in
1115 3370 66 35 der
1210 3371 91 33 Arie
1343 3381 72 22 aus
1445 3367 151 36 Fidelio
1627 3368 82 33 eine

141 3438 209 38 besonders
379 3439 39 33 in
449 3438 66 35 der
540 3436 112 35 Höhe
680 3435 111 36 recht
820 3434 143 36 schöne
992 3434 181 43 Stimme;
1217 3433 91 34 dass
1349 3431 92 35 aber
1479 3430 81 34 eine
1590 3428 97 36 Schü-

141 3502 97 36 lerin
267 3501 67 35 des
364 3500 362 35 Conservatoriums
757 3497 59 35 die
846 3498 126 34 Unart
1000 3495 67 36 des
1098 3495 148 37 breiten
1276 3494 336 44 Herauspressens
1643 3490 66 34 der

141 3565 161 34 tieferen
332 3563 108 35 Töne
470 3561 118 35 schon
617 3571 276 36 angenommen
924 3558 79 43 hat,
1049 3556 148 48 spricht
1244 3556 96 35 eben
1387 3554 109 35 nicht
1543 3556 61 32 für
1650 3551 60 35 die

143 3625 242 46 Richtigkeit
412 3623 91 36 oder
533 3624 160 44 Strenge
722 3621 67 35 der
817 3621 180 34 Methode
1028 3619 66 35 der
1124 3618 169 37 Anstalt.

221 3688 97 36 Sehr
348 3686 205 36 erfreulich
583 3686 50 33 ist
663 3695 52 32 es,
748 3683 89 35 dass
867 3682 85 36 sich
981 3683 39 32 in
1050 3681 144 34 diesem
1220 3681 172 34 Sommer
1414 3680 39 33 in
1477 3678 113 34 Wien
1620 3674 67 37 end-

142 3751 80 37 lich
252 3749 144 38 wieder
424 3746 338 48 Gesang-Vereine
800 3746 60 35 für
890 3742 290 47 vollständigen
1209 3741 103 36 Chor
1354 3740 171 47 gebildet
1568 3739 139 45 haben,

144 3814 67 36 der
238 3811 303 47 Singverein
572 3815 114 28 unter
702 3809 169 44 Leitung
889 3818 75 23 von
986 3804 127 36 Herb
1127 3803 85 36 eck
1242 3803 80 35 und
1344 3804 59 32 die
1425 3803 146 45 Sing-
1583 3800 71 35 Ak
1667 3812 19 21 a-

143 3875 161 35 demie
332 3879 113 29 unter
473 3872 65 34 der
567 3869 200 35 Direction
796 3880 75 23 von
900 3866 297 47 Stegmaier.
1227 3864 117 35 Beide
1375 3864 128 35 haben
1533 3862 66 35 der
1616 3862 69 33 Ver-

144 3936 183 46 suchung
355 3934 108 36 nicht
492 3931 254 38 widerstehen
774 3930 166 44 können,
972 3929 121 35 schon
1121 3928 125 45 einige
1277 3926 174 36 Wochen
1480 3924 98 35 nach
1608 3923 102 36 ihrer

144 3998 218 45 Gründung
388 3998 39 33 in
457 3995 61 35 die
546 3991 310 38 Oefientlichkeit
893 4002 49 22 zu
970 3994 138 40 treten,
1155 4000 75 22 was
1262 3989 67 33 wir
1360 3998 69 24 aus
1461 3987 94 34 zwei
1585 3985 100 34 Grün-

144 4060 73 36 den
246 4061 63 34 für
338 4057 174 38 verfrüht
541 4057 131 35 halten
688 4069 8 23 :
727 4057 146 32 erstens
902 4064 133 35 wegen
1056 4051 176 46 Mangels
1263 4062 48 23 an
1340 4049 141 35 bereits
1513 4048 196 46 erlangter

143 4120 220 37 Sicherheit
393 4119 152 36 obwohl
575 4117 192 46 tüchtiger
795 4115 157 43 Kräfte;
996 4115 182 33 zweitens
1208 4111 87 35 weil
1324 4111 61 33 ein
1415 4121 41 23 so
1488 4108 200 36 überstürz-

141 4187 59 30 tes
229 4183 206 34 Auftreten
467 4182 59 35 die
555 4181 186 35 Eitelkeit
769 4176 108 37 mehr
908 4176 216 47 befriedigt,
1164 4175 56 35 als
1251 4174 83 35 dem
1365 4171 163 36 Zwecke
1558 4170 153 37 solcher

140 4244 164 38 Vereine
334 4255 252 35 angemessen
627 4243 65 46 ist,
736 4239 78 36 und
856 4250 72 25 nur
966 4249 48 26 zu
1045 4238 118 37 leicht
1192 4236 115 38 dahin
1336 4234 119 46 führt,
1502 4233 88 37 dass
1621 4247 89 23 man

1787 329 109 38 mehr
1925 328 63 36 für
2018 327 186 36 äusseren
2233 327 133 37 Prunk
2397 328 58 37 als
2484 329 60 36 für
2575 328 61 38 die
2666 327 300 49 Wiedergeburt
2996 328 105 36 eines
3130 339 116 37 regen
3279 327 63 38 Sin-

1787 404 67 24 nes
1885 392 63 35 für
1976 390 62 35 die
2068 389 207 36 Tonkunst
2303 390 79 35 und
2411 391 113 37 deren
2554 392 145 37 edelste
2729 392 262 47 Erzeugnisse
3020 390 176 38 arbeitet.
3236 390 126 36 Ueber

1786 453 111 37 beide
1926 451 304 47 Aufführungen
2258 451 148 47 spricht
2448 453 81 34 sich
2573 454 66 36 der
2681 453 338 37 kenntnissreiche
3062 452 81 36 und
3186 451 175 50 tüchtige

1786 516 182 36 Referent
2014 514 97 36 über
2148 513 307 37 Kirchenmusik
2498 516 39 34 in
2580 515 66 37 der
2689 517 142 35 wiener
2859 514 276 38 Monatschrift
3161 514 201 47 folgender

1786 578 187 35 Maassen
2003 588 95 25 aus:

1868 641 104 43 „Der
2002 637 308 49 Singverein
2338 648 162 24 unserer
2523 637 288 47 „Gesellschaft
2841 637 66 38 der
3296 636 65 38 hat

1787 701 73 36 den
1891 705 127 33 ersten
2048 701 147 37 Schritt
2234 701 40 34 in
2317 700 61 35 die
2409 699 321 35 Oeffentliehkeit
2767 701 69 33 mit
2864 701 254 36 Palestrina's
3158 712 65 24 um
3253 698 104 39 .1590

1787 765 260 46 componirter
2075 764 129 35 Messe
2234 790 24 17 „
2260 764 68 35 iste
2357 762 193 45 confessor
2607 761 155 46 gethan.
2792 762 116 35 Diese
2931 762 118 35 Wahl
3078 764 51 33 ist
3147 762 71 35 mit
3236 761 98 36 nach-

1787 827 268 37 drücklichem
2084 826 107 35 Lobe
2220 838 49 23 zu
2299 826 228 46 begrüssen.
2582 825 72 34 Die
2684 824 96 35 eben
2809 828 191 42 genannte
3029 825 127 36 Messe
3186 837 82 24 war
3295 825 64 38 für

1785 889 115 35 Wien
1927 891 82 33 eine
2039 888 261 46 vollständige
2318 887 171 37 Neuheit
2517 886 81 36 und
2627 886 53 35 ist
2710 897 88 24 vom
2815 886 268 46 Standpunkte
3112 887 244 37 ascetiscben

1786 949 260 36 Kirchenstils
2076 950 85 35 eine
2190 950 111 35 echte
2329 949 125 35 Perle.
2514 948 58 35 Im
2612 947 49 36 Et
2688 948 228 35 incarnatus
2958 947 161 35 arbeitet
3160 948 83 35 sich
3288 948 67 35 das

1786 1011 153 36 einfach
1969 1011 117 36 hehre
2109 1011 422 47 Dreiklangs-Gewebe
2561 1021 118 35 sogar
2709 1021 69 23 zur
2801 1009 258 35 Geisteshöhe
3088 1010 104 34 einer
3221 1011 115 44 gewis-

1787 1085 65 23 sen
1881 1073 73 35 Art
1980 1073 283 35 dramatischen
2293 1073 290 46 Aufschwungs
2615 1084 145 35 empor.
2811 1070 115 36 Dank
2972 1070 85 34 dem
3097 1081 116 36 regen
3252 1070 108 36 Eifer

1785 1134 80 36 und
1895 1135 66 36 der
1989 1135 314 35 künstlerischen
2333 1134 231 47 Intelligenz
2598 1133 66 36 des
2694 1134 126 34 Herrn
2852 1132 100 36 Prof
2984 1131 242 44 Herbeck,
3269 1132 93 46 griff

1785 1196 103 35 auch
1929 1197 61 34 die
2019 1196 268 47 Darstellung,
2335 1196 178 48 obgleich
2544 1196 237 47 Angesichts
2827 1194 69 36 der
2936 1194 149 35 kurzen
3128 1193 230 36 Lebenszeit

1787 1258 125 36 dieses
1943 1258 248 47 Singvereins
2223 1265 121 28 etwas
2375 1257 187 46 verfrüht,
2607 1256 241 36 namentlich
2890 1256 41 35 in
2960 1255 135 47 Bezug
3123 1256 71 34 auf
3219 1255 116 34 weihe-

1785 1322 103 35 volle
1917 1322 205 46 Betonung
2151 1321 66 36 der
2244 1322 130 35 reinen
2405 1321 183 35 Gefühls-
2633 1320 80 35 und
2744 1319 292 36 dramatischen
3066 1318 195 35 Momente
3292 1317 65 36 des

1785 1383 358 36 Palestrina'schen
2159 1383 162 35 Werkes
2346 1383 179 47 lebendig
2549 1382 77 36 und
2645 1382 179 35 ziemlich
2854 1383 76 33 fest
2958 1383 40 33 in
3029 1380 70 36 das
3118 1380 111 47 Zeug
3258 1378 103 37 ihier

1786 1445 171 36 schönen
1985 1444 185 47 Aufgabe
2199 1446 73 33 ein.
2329 1444 83 35 Nur
2448 1445 52 34 im
2532 1444 130 35 Gloria
2704 1443 80 35 und
2813 1446 128 33 ersten
2973 1441 138 36 Theile
3140 1441 66 36 des
3239 1441 119 36 Credo

1786 1507 131 36 verfiel
1949 1507 66 36 der
2043 1509 131 34 seinen
2205 1510 225 32 äussersten
2460 1506 186 35 Stimmen
2674 1505 97 35 nach
2801 1505 155 47 markig
2985 1503 80 37 und
3096 1503 91 46 voll,
3215 1503 40 35 in
3285 1502 73 36 den

1785 1569 332 47 Mittelgegenden
2142 1568 143 46 jedoch
2305 1568 111 35 nicht
2444 1569 170 34 intensiv
2643 1579 130 36 genug
2801 1567 198 36 wirkende
3029 1565 80 36 und
3139 1564 124 37 selbst
3292 1564 66 35 der

1782 1632 153 35 Anzahl
1965 1632 102 35 nach
2095 1631 108 35 nicht
2233 1630 258 35 ausreichend
2520 1629 170 37 besetzte
2721 1629 186 46 Singchor
2944 1630 38 33 in
3023 1627 73 36 den
3126 1628 83 34 hier
3237 1625 122 37 leider

1782 1693 280 47 gangläufigen
2091 1692 141 36 Fehler
2261 1693 104 35 eines
2396 1691 157 37 blossen
2582 1691 184 37 Abthuns
2801 1690 110 46 jeder
2940 1690 332 47 Lapidar-Noten,
3316 1689 42 34 in

1785 1756 113 36 deren
1928 1754 292 47 Hintergrunde
2250 1753 100 36 doch
2380 1755 115 34 meist
2523 1754 61 35 ein
2613 1754 164 46 inniges,
2820 1753 56 36 oft
2905 1764 114 35 sogar
3047 1753 62 34 ein
3139 1749 216 48 g'ühendes

1782 1819 102 34 Herz
1916 1818 262 37 schlummert.
2225 1817 74 35 Die
2328 1817 192 46 Einlagen
2549 1827 76 24 von
2653 1815 195 43 Herbeck,
2880 1815 185 35 Pertinax
3094 1812 79 36 und
3201 1813 129 45 Haupt-

1782 1893 128 32 mann,
1938 1879 181 49 obgleich
2149 1879 274 47 durchgängig
2453 1891 88 23 vom
2568 1878 131 36 Geiste
2728 1889 160 24 unserer
2917 1877 84 35 Zeit
3025 1875 231 47 befruchtet,
3288 1875 45 34 da-

1783 1943 68 36 her
1880 1955 89 23 zum
1997 1942 266 47 Hauptwerke
2293 1941 110 36 nicht
2430 1952 100 35 ganz
2559 1939 182 48 passend,
2773 1942 124 32 traten
2928 1938 117 35 theils
3076 1936 123 37 durch
3231 1937 105 34 kraft-

1782 2005 130 36 vollen
1942 2004 224 44 Ausdruck,
2208 2003 115 35 theils
2366 2002 124 37 durch
2519 2003 127 34 feinen
2679 2000 314 37 Tonfarbenduft
3021 2001 37 33 in
3088 1998 240 37 vorteilhaf-

1782 2071 77 32 tem
1890 2067 115 35 Sinne
2032 2066 152 36 heraus.
2241 2065 301 46 Erstgenannte,
2585 2062 211 49 jedenfalls
2841 2062 332 36 riihmenswerthe
3210 2061 120 47 Eigen-

1783 2131 178 35 schaften
2004 2131 179 35 kommen
2213 2130 71 34 den
2315 2129 327 48 Tondichtungen
2667 2128 214 36 Herbeck's
2911 2128 80 35 und
3020 2128 215 46 Pertinax',
3286 2126 61 35 die

1782 2194 301 45 letztgenannte,
2114 2192 109 35 nicht
2250 2191 149 36 minder
2427 2190 217 48 anregende
2668 2191 104 34 Seite
2802 2190 92 36 aber
2915 2189 86 35 dem
3031 2189 320 46 wunderinnigen

1785 2255 221 35 Benedictas
2021 2252 286 48 Hauptmanns
2330 2251 209 47 vollgültig
2561 2264 61 25 zu.
2650 2252 84 35 Nur
2761 2251 200 36 bedauern
2991 2251 69 34 wir
3090 2250 61 35 die
3182 2252 176 33 äusserst

1783 2316 365 44 verschwommene,
2192 2328 76 23 von
2298 2315 238 47 Fehlgriffen
2566 2316 97 35 aller
2686 2316 73 35 Art
2790 2314 242 36 wimmelnde
3062 2312 275 47 Darstellungs-

1786 2381 115 34 weise
1931 2379 124 35 dieser
2083 2378 389 47 Hauptmann'schen
2500 2378 177 46 Einlage.
2721 2377 157 35 Möchte
2907 2376 92 36 bald
3030 2387 48 23 an
3109 2375 124 35 dieses
3262 2375 72 35 Mei-

1785 2445 100 31 sters
1914 2441 189 35 herrliche
2134 2441 251 34 Vocalmesse
2413 2439 169 47 gedacht
2611 2438 174 36 werden!
2813 2438 225 46 Bibljw«.
3069 2438 86 34 that
3185 2436 84 35 sich
3299 2435 57 36 als

1782 2503 201 35 moderner
2011 2502 264 47 Orgelspieler
2302 2502 53 35 im
2386 2502 117 34 Sinne
2526 2500 314 36 Mendelssohn's
2870 2500 63 36 bei
2956 2500 128 35 dieser
3103 2497 255 47 Gelegenheit

1783 2566 96 35 eben
1909 2577 41 24 so
1979 2565 151 44 hervor,
2161 2565 71 34 wie
2261 2565 144 36 immer.
2445 2564 127 34 Allein
2604 2565 105 33 seine
2739 2564 79 34 fast
2848 2563 196 35 durchaus
3074 2559 259 37 chromatisch-

1782 2625 344 38 enharmonischen
2156 2625 286 46 Accordfolgen
2484 2637 128 23 waren
2644 2624 67 36 das
2741 2625 159 46 grellste
2932 2624 234 47 Widerspiel
3196 2633 49 24 zu
3275 2622 51 34 Pa-

1780 2688 195 37 lestrina's
2006 2691 130 42 streng
2166 2686 218 36 diatonisch
2417 2686 227 47 gehaltener
2673 2686 142 35 Messe.

1863 2753 98 43 ~Die
1990 2749 433 47 Sing-Akademie
2453 2749 68 34 hat
2549 2748 191 36 ebenfalls
2771 2761 49 23 an
2850 2749 61 35 die
2931 2747 132 48 Spitze
3091 2746 104 36 ihrer
3224 2744 104 37 Wirk-

1785 2814 165 35 samkeit
1980 2812 72 34 den
2083 2813 90 33 Satz
2189 2824 7 22 :
2229 2811 168 44 „Omnia
2426 2810 50 35 ad
2503 2813 180 43 majorem
2717 2810 66 35 Dei
3027 2809 171 48 gestellt,
3228 2807 128 36 indem

1785 2875 100 36 auch
1916 2876 55 34 sie
2001 2874 68 35 das
2098 2876 99 33 erste
2227 2874 167 35 Zeichen
2422 2873 103 36 ihres
2555 2873 250 36 öffentlichen
2832 2873 154 35 Lebens
3018 2871 121 36 durch
3172 2871 59 35 die
3260 2871 73 35 Auf-

1787 2937 172 47 führung
1988 2937 103 35 einer
2120 2936 128 36 Messe
2276 2936 108 36 kund
2412 2936 188 47 gegeben.
2655 2936 63 34 Sie
2758 2937 52 34 ist
2851 2934 250 37 behutsamer
3137 2934 71 34 mit
3234 2932 124 35 ihrem

1785 3000 228 46 Programm
2044 2998 214 43 verfahren,
2289 2998 58 35 als
2379 2998 60 35 die
2468 2998 303 37 Herbeck'sche.
2811 2997 60 36 Ob
2898 2995 320 44 künstlerischer,
3248 2994 112 36 wolle

1788 3059 280 48 dahingestellt
2096 3059 167 36 bleiben.
2292 3060 148 35 Unsere
2470 3059 309 47 Ueberzeugung
2807 3059 104 34 kann
2942 3058 104 34 diese
3075 3057 140 47 Frage,
3246 3067 112 23 wenn

1785 3121 110 37 nicht
1921 3133 99 35 ganz
2052 3120 245 47 verneinend,
2330 3121 99 35 doch
2459 3133 74 23 nur
2563 3121 363 46 bedingungsweise
2945 3117 259 37 zustimmend
3233 3117 123 37 lösen.

1785 3186 113 33 Denn
1926 3182 200 35 Friedrich
2156 3182 245 35 Schneidens
2431 3182 247 36 Vocalmesse
2707 3183 152 46 gehört,
2907 3182 72 34 wie
3009 3181 79 35 fast
3118 3180 110 44 alles,
3273 3191 82 23 was

1787 3245 125 35 dieser
1940 3245 38 33 in
2007 3242 183 36 mancher
2220 3243 198 46 Richtung
2448 3243 198 36 verdiente
2676 3243 228 47 Componist
2940 3241 268 48 geschrieben,
3247 3241 110 44 jener

1786 3306 156 48 Epoche
1971 3304 195 36 zwischen
2193 3304 156 47 Haydn,
2380 3305 150 35 Mozart
2559 3305 80 35 und
2669 3306 224 35 Beethoven
2921 3317 61 32 an,
3031 3304 61 35 die
3132 3303 71 36 mit
3231 3302 125 35 Recht

1787 3369 57 35 als
1875 3369 84 34 eine
1988 3367 195 43 trostlose,
2213 3378 89 23 vom
2326 3367 284 36 Götterfunken
2639 3368 239 44 verlassene,
2911 3367 105 36 bloss
3035 3366 72 35 auf
3119 3365 60 35 die
3198 3365 158 35 Stützen

1786 3430 65 35 des
1881 3428 386 47 handwerksmässig
2311 3429 274 46 gebahrenden
2629 3428 303 36 musicalischen
2976 3426 245 45 Verstandes,
3267 3426 91 35 oder

1785 3492 209 35 höchstens
2025 3491 72 34 auf
2125 3490 92 45 jene
2247 3490 66 35 des
2352 3502 28 26 s.
2411 3504 40 35 g.
2479 3490 459 49 Filigrangeschmackes
2986 3488 179 46 gestellte
3194 3487 164 36 Periode

1785 3553 225 36 bezeichnet
2039 3553 108 35 wird.
2197 3552 175 36 Rechnet
2400 3565 90 23 man
2521 3553 69 35 das
2620 3551 366 47 stimmungswahre
3015 3550 115 48 Kyrie
3172 3549 82 35 und
3284 3549 74 37 den

1785 3616 176 46 einzigen
1989 3615 53 34 ini
2074 3612 219 49 Crueifixus
2321 3614 383 36 durchleuchtenden
2734 3612 247 36 Geistesblitz
3026 3613 105 34 eines
3175 3610 161 37 dramati-

1786 3678 118 35 schen
1936 3676 221 37 Tonlebens
2201 3677 165 47 hinweg,
2416 3689 42 23 so
2499 3676 119 36 bietet
2660 3674 244 37 Schneidens
2947 3675 129 34 Messe
3119 3673 132 36 nichts
3300 3674 58 34 als

1786 3740 134 45 längst
1949 3739 325 47 eingebürgerten
2303 3739 182 36 Meistern
2530 3737 291 36 süddeutschen
2848 3735 263 36 Kirchenstils
3155 3735 205 47 geschickt

1787 3802 294 45 abgelauschte,
2114 3802 113 36 dürre
2258 3801 232 40 Tonreihen,
2536 3800 60 34 die
2638 3798 107 37 nicht
2787 3798 143 35 einmal
2971 3797 100 47 klug
3113 3810 133 35 genug
3269 3799 89 44 jene

1784 3864 144 47 Klippe
1958 3876 49 23 zu
2036 3864 229 35 umschiffen
2297 3864 151 42 wissen,
2491 3862 146 35 welche
2675 3861 117 35 ihnen
2822 3861 61 35 die
2913 3861 158 34 allezeit
3099 3859 258 37 herrschende

1785 3925 531 47 Reminiscenzen-Jagdlust
2344 3923 352 47 entgegenthürmt.
2727 3923 95 35 Man
2852 3923 99 35 trifft
2982 3925 39 34 in
3052 3923 142 36 diesem
3217 3920 139 36 Werke

1785 4000 51 22 zu
1866 3988 100 36 viele
1995 3988 77 35 alte
2100 3987 200 37 Bekannte
2327 3998 69 23 aus
2428 3985 450 46 Ilaydn-Mozart'scher
2898 3986 96 45 Zeit,
3022 3986 113 34 deren
3159 3982 175 35 Gesichts-

1786 4052 126 44 zügen
1943 4049 61 36 die
2033 4049 177 46 erborgte
2237 4049 126 34 Larve
2393 4049 55 33 oft
2477 4059 69 35 gar
2575 4059 49 23 zu
2655 4047 175 36 deutlich
2870 4046 272 37 anzumerken.
3197 4042 135 36 Schnei-

1788 4112 100 38 dens
1917 4112 121 36 Werk
2067 4112 103 45 singt
2199 4111 82 35 sich
2311 4110 183 45 übrigens
2526 4115 72 41 gut
2628 4109 81 35 und
2740 4109 133 46 leicht,
2920 4109 71 34 wie
3033 4106 76 35 alle
3139 4104 191 47 Schöpfun-

1787 4185 76 36 gen
1893 4175 124 35 seiner
2044 4172 138 37 beiden
2210 4173 39 34 in
2277 4171 105 36 ihrer
2410 4174 71 35 Art
2510 4183 161 34 grossen
2700 4170 215 37 Vorbilder.
2971 4169 71 33 Die
3080 4167 62 33 für
3171 4165 84 35 eine
3287 4177 46 35 ge-

1787 4236 115 37 wisse
1929 4233 282 38 Hörerschicht
2240 4233 220 48 klappende
2491 4233 197 47 Wirkung
2730 4232 151 36 solcher
2911 4229 132 35 Musik
3086 4229 53 34 ist
3168 4225 84 37 hier
3281 4228 73 35 wie
