3520 4475
1706 147 104 50 261

264 298 89 51 Die
397 296 402 69 Sing-Akademie
849 293 122 52 zählt
1021 292 113 53 220
1179 294 292 68 Mitglieder;
1522 312 59 32 an
1625 294 88 50 den

143 376 265 69 Uebungen
438 378 201 48 nehmen
666 393 160 33 ausser
847 374 91 49 den
969 373 272 51 wirklichen
1266 373 298 67 Mitgliedern
1593 376 118 48 noch

143 458 31 48 0
206 458 324 66 Expectanten
563 456 93 49 und
689 456 72 49 24
791 454 229 66 Zöglinge
1044 453 80 51 des
1148 454 565 50 Schullehrer-Seminars

145 538 149 50 Theil.

261 616 242 50 Soireen
546 614 83 51 der
659 614 88 50 den
781 612 352 51 musicalischen
1166 613 154 51 Cirkel
1353 614 79 50 für
1462 614 214 51 Kammer-

140 696 154 49 musik
324 694 249 50 bildenden
606 693 292 64 Abtheilung
929 692 83 48 der
1042 693 416 67 Sing-Akademie.

267 776 44 49 1.
342 776 91 49 Am
466 776 89 49 29.
584 776 182 48 Januar
804 772 174 49 1858:

261 871 42 33 a.
334 854 350 66 Vierstimmige
723 853 216 65 Gesänge
985 851 257 69 (gesungen
1280 871 88 32 von
1399 853 151 50 einem
1583 853 128 50 Chor

136 950 89 33 von
271 933 71 51 45
384 933 256 67 Sängern):
691 932 371 51 Willkommene
1104 933 142 58 lluh',
1301 934 68 47 Im
1404 932 175 52 Walde
1622 950 88 33 von

137 1012 238 67 Vierling;
408 1014 123 49 Gute
554 1012 171 58 Nacht,
750 1011 196 66 Morgen
972 1012 65 49 als
1061 1013 181 50 Lerche
1265 1030 88 33 von
1379 1011 138 50 Ferd.
1541 1011 166 50 Hiller.

135 1091 37 50 b.
202 1093 325 65 Einstimmige
558 1091 171 50 Lieder
758 1108 87 32 von
871 1092 286 58 Kaufmann,
1183 1092 337 57 Niedermeier,
1547 1093 160 47 Fesca.

146 1188 36 32 c.
215 1171 100 49 Aus
356 1171 82 49 der
482 1171 132 66 Oper
667 1169 198 60 „Zai'de"
920 1187 89 33 von
1058 1172 203 49 Mozart:
1306 1172 137 48 Arie:
1501 1171 209 49 Trostlos

135 1251 291 49 schmachtet
456 1251 280 58 Philomele;
781 1252 209 48 Terzett:
1033 1252 43 49 0
1108 1252 142 67 selige
1280 1252 220 56 Wonne;
1546 1252 126 58 Quar-

137 1336 111 49 tett:
280 1328 257 60 Freundin,
568 1331 117 49 stille
714 1329 133 50 deine
871 1329 235 51 Thränen.
1137 1331 43 49 d.
1203 1329 227 56 Joconde,
1461 1331 133 64 Oper
1622 1347 89 31 von

136 1409 59 49 N.
224 1408 222 58 Jsouard,
477 1409 88 50 Act
602 1411 45 58 1,
680 1409 92 50 und
818 1409 249 60 Quartett:
1112 1411 165 49 Wenn
1321 1427 85 32 uns
1449 1408 73 51 die
1561 1411 151 48 Gunst

139 1487 86 49 der
254 1488 230 51 Schönen.

262 1568 49 52 2.
342 1568 93 50 Am
468 1568 87 51 26.
587 1568 218 51 Februar
842 1568 177 51 1858:

259 1663 42 35 a.
336 1648 344 67 Vierstimmige
720 1649 215 66 Gesänge
977 1666 89 30 von
1104 1647 356 49 Mendelssohn:
1503 1647 205 56 Mailied,

140 1726 255 59 Ruhethal,
446 1727 288 59 Herbstlied,
778 1727 350 67 Waldvöglein.
1256 1727 327 67 Einstimmige
1621 1745 87 30 von

140 1806 250 61 Schubert,
427 1808 164 59 Fesca,
635 1808 224 66 Vierling,
903 1808 50 48 C.
983 1807 192 58 Eckert,
1214 1807 249 67 Reissiger.
1513 1825 34 31 c.
1581 1807 126 49 Chor

137 1884 99 50 und
264 1887 148 48 Scene
445 1884 179 69 (Duett)
657 1903 82 32 aus
770 1886 211 67 Oedipus
1015 1887 85 48 auf
1124 1887 209 48 Kolonos
1362 1903 87 32 von
1480 1886 227 49 Sacchini.

146 1964 46 51 d.
214 1967 148 48 Scene
393 1967 94 48 und
520 1967 218 49 Cavatine
781 1983 83 32 aus
893 1968 183 47 Romeo
1108 1966 94 49 und
1233 1967 221 48 Giulietta
1482 1983 89 32 von
1599 1967 81 47 Zin-

140 2044 177 66 garelli.
565 2062 33 32 E.
407 2046 111 48 Arie
544 2044 133 54 (Non
1266 2061 49 33 so
1404 2043 94 69 dir)
887 2044 95 50 und
1006 2047 146 47 Duett
1517 2046 159 48 ausGe-

139 2124 284 50 rusalemme
454 2124 221 51 Liberata
703 2142 88 32 von
823 2126 201 66 Righini.
1063 2126 47 64 f.
1142 2126 215 58 Quintett
1387 2124 22 65 (.
1411 2122 167 71 Empio
1581 2126 12 63 )
1626 2141 82 33 aus

141 2203 228 66 Tigranes
399 2221 86 32 von
517 2203 203 67 Righini.
1395 2222 43 50 G.
837 2203 113 50 Arie
981 2221 84 30 aus
1495 2221 86 33 von
1606 2204 68 49 Mo-

136 2289 123 42 zart:
296 2283 78 50 Un
701 2298 125 36 aura
1002 2300 226 33 amorosa.
1518 2284 67 71 Ji.
925 2284 228 66 Mignon's
1460 2301 87 32 von
1585 2282 125 51 Roh.

139 2361 285 50 Schumann.

261 2441 48 52 3.
341 2443 104 48 Den
477 2441 86 52 23.
595 2442 132 67 April
766 2442 172 49 1858:

257 2538 42 33 a.
329 2522 348 66 Vierstimmige
708 2523 213 65 Gesänge
952 2538 86 31 von
1068 2519 328 51 Mendelssohn
1418 2540 10 30 :
1479 2521 191 66 Morgen-

141 2599 156 68 gebet,
348 2602 99 47 Der
478 2608 119 41 erste
628 2601 335 67 Frühlingstag
995 2598 114 65 (drei
1139 2598 209 67 Lieder),
1395 2598 231 67 Jagdlied.

137 2681 326 66 Einstimmige
487 2679 171 50 Lieder
686 2697 89 32 von
800 2681 51 49 C.
875 2678 177 58 Ranck,
1081 2681 234 57 Dürrner,
1345 2679 205 56 Hauser,
1580 2679 94 49 Mer-

137 2758 91 51 kel.
283 2777 35 32 c.
358 2759 234 50 Preludes
634 2776 86 33 von
772 2759 200 68 Chopin,
1015 2758 218 50 Andante
1278 2758 82 48 mit
1404 2758 302 48 Variationen

136 2855 90 33 von
275 2838 235 50 Schubert
555 2839 79 49 für
682 2838 285 51 Pianoforte.
1118 2838 112 48 Arie
1273 2855 82 31 aus
1504 2837 76 51 Re

139 2921 122 47 store
308 2936 87 32 von
424 2921 182 49 Mozart
637 2919 12 66 (
656 2919 238 57 Barbaro,
922 2936 24 30 o
976 2916 130 68 Dio).
1156 2935 34 33 c.
1222 2917 251 67 Erlkönigs
1504 2918 204 48 Tochter

137 3013 91 35 von
257 2998 128 50 Niels
417 2998 82 51 W.
532 2997 146 51 Gade.

756 3163 213 56 Rreslau,
1001 3161 89 49 den
1124 3159 46 51 7.
1202 3161 188 67 August
1425 3159 160 50 1858.

259 3241 165 49 Wenn
463 3241 69 48 ich
574 3241 89 49 mir
694 3241 211 58 erlaube,
950 3241 84 49 der
1076 3241 229 64 geehrten
1334 3239 258 50 Redaction
1625 3238 81 50 das

139 3319 291 66 beiliegende
461 3319 319 50 Verzeichniss
818 3319 83 49 der
929 3318 373 66 Aufführungen
1345 3335 193 31 unserer
1569 3318 136 65 Sing-

139 3398 261 51 Akademie
444 3416 81 30 zur
567 3398 270 50 Aufnahme
878 3416 53 30 zu
977 3397 354 56 überschicken,
1374 3413 51 32 so
1468 3397 240 66 geschieht

139 3477 96 51 dies
264 3495 84 33 aus
379 3477 263 67 folgendem
675 3476 207 50 Grunde.
920 3476 89 49 Die
1039 3476 268 66 Thätigkeit
1334 3476 145 49 dieses
1513 3474 193 50 Vereins

139 3557 283 51 beschränkt
451 3558 94 47 sich
577 3557 348 66 grösstentheils
955 3557 85 47 auf
1062 3556 156 49 solche
1251 3554 201 60 Werke,
1493 3554 72 50 die
1609 3572 63 32 we-

140 3637 84 49 der
252 3638 148 48 einem
432 3636 263 57 Publicum,
727 3636 81 49 das
837 3636 94 48 sich
963 3634 123 50 bloss
1118 3636 81 48 mit
1223 3636 153 48 Musik
1406 3634 299 50 unterhalten

139 3717 110 57 will,
278 3716 200 67 gefallen
511 3716 200 54 können,
742 3713 118 50 noch
893 3714 215 65 geeignet
1137 3713 117 60 sind,
1298 3731 88 32 von
1414 3713 287 50 Jedermann

139 3796 292 68 besprochen
459 3813 56 31 zu
544 3793 203 50 werden.
803 3794 75 49 Da
922 3793 289 50 Mosevius
1254 3793 143 50 selbst
1439 3793 83 50 die'
1542 3793 128 48 Mita-

139 3874 194 68 rbeitung
358 3892 58 32 an
441 3873 349 50 musicalischen
807 3872 336 57 Zeitschriften,
1175 3872 88 48 wie
1293 3890 47 30 es
1363 3873 193 55 scheint,
1588 3888 114 49 ganz

140 3954 295 69 aufgegeben
466 3954 80 50 hat
577 3952 100 67 [das
706 3956 207 45 müssten
943 3952 86 49 wir
1057 3952 108 48 sehr
1194 3951 264 58 bedauern;
1504 3952 46 49 in
1573 3951 108 66 jetzi-

141 4050 84 49 ger
253 4034 117 58 Zeit,
410 4051 74 32 wo
522 4032 73 49 die
625 4031 319 50 musicalische
973 4029 371 51 Schriftstellerei
1374 4031 166 48 immer
1570 4029 133 50 mehr

140 4113 47 48 in
215 4114 194 49 unreine
440 4112 166 51 Hände
638 4112 160 67 geräth
842 4109 96 51 und
977 4112 44 47 in
1066 4109 119 51 eben
1225 4127 48 33 so
1315 4107 293 52 unwissende
1637 4111 66 48 als

140 4192 337 49 anmaassende
520 4189 424 55 Rerichtmacherei
995 4197 223 51 ausartet,
1261 4188 167 51 dürfen
1485 4188 74 50 die
1613 4206 90 33 nur

1790 296 122 50 noch
1941 312 209 51 sparsam
2185 294 332 51 vorhandenen
2549 294 267 50 Veteranen
2858 308 90 33 von
2980 289 254 50 Kenntniss
3282 289 96 50 und

1791 376 277 66 Gesinnung
2096 373 128 51 nicht
2253 374 206 68 feiern!],
2492 374 90 50 und
2616 374 242 50 Kahlert
2887 370 110 50 sehr
3027 369 204 60 schwer,
3262 369 88 50 viel-

1790 456 139 49 leicht
1957 454 265 59 unrettbar,
2252 454 225 50 erkrankt
2500 456 71 57 ist,
2601 453 178 51 andere
2803 450 189 53 Federn
3017 449 119 51 aber
3159 449 98 50 sich
3283 468 92 31 nur

1790 536 80 48 für
1899 536 213 67 specielle
2141 534 202 50 Zwecke
2382 534 45 50 in
2458 536 273 66 Bewegung
2761 541 173 50 setzen,
2980 548 52 32 so
3065 530 117 50 fehlt
3213 547 49 33 es
3295 529 82 51 für

1788 616 284 66 auswärtige
2098 616 168 48 Kreise
2296 631 58 33 an
2378 614 136 66 jeder
2535 614 318 68 Mittheilung,
2883 628 59 33 an
2966 610 160 69 jedem
3160 610 211 51 Zeichen

1786 711 88 33 von
1914 694 109 51 dem
2068 696 208 66 rüstigen
2305 694 164 51 Leben
2502 694 94 50 und
2625 694 351 50 Fortschreiten
3018 690 86 50 der
3149 690 195 50 einfluss-

1786 776 189 48 reichen
2008 776 343 49 Wirksamkeit
2393 774 84 50 der
2521 774 211 68 hiesigen
2770 772 422 68 Sing-Akademie.
3257 772 111 51 Wie

1787 854 200 59 überall,
2017 872 50 33 so
2097 854 100 50 sind
2228 856 118 48 auch
2378 856 100 48 hier
2509 856 72 48 die
2608 856 208 55 Kaffee-,
2841 852 168 51 Volks-
3034 851 96 49 und
3155 851 211 50 anderen

1787 934 175 49 Gärten
1987 933 82 50 mit
2082 933 556 69 Unterhaltungs-Musik
2663 933 422 55 überschwemmt;
3118 931 100 49 ihre
3246 932 90 49 Ver-

1785 1021 160 50 treter,
1976 1013 89 50 wie
2095 1014 119 49 auch
2246 1013 81 50 das
2357 1014 221 57 Theater,
2619 1030 171 50 sorgen
2822 1012 126 49 dann
2978 1011 139 57 auch,
3160 1028 79 32 um
3271 1013 61 47 Zu-

1787 1092 102 49 lauf
1924 1111 54 30 zu
2009 1093 312 57 veranlassen,
2366 1094 79 47 für
2487 1094 255 49 Reclamen
2787 1092 45 48 in
2878 1091 225 57 Blättern,
3147 1089 74 50 die
3264 1091 97 49 sich

1785 1171 116 50 dazu
1932 1172 255 67 hergeben.
2243 1174 287 66 Desswegen
2575 1173 111 48 hielt
2728 1172 73 49 ich
2848 1188 47 33 es
2940 1169 82 49 für
3058 1171 102 48 eine
3192 1171 169 49 Pflicht

1785 1268 152 50 gegen
1961 1252 74 49 die
2058 1253 153 48 Kunst
2241 1252 92 49 und
2359 1252 141 51 deren
2525 1252 213 67 würdige
2763 1252 179 67 Pflege,
2973 1249 149 50 durch
3149 1249 209 51 einfache

1783 1332 488 66 Zusammenstellung
2313 1332 84 48 der
2425 1332 371 67 Aufführungen
2839 1331 85 49 der
2953 1328 405 67 Sing-Akademie

1785 1428 87 32 von
1903 1412 148 49 einem
2079 1412 344 66 Stiftungsfeste
2454 1411 68 49 bis
2550 1430 103 30 zum
2685 1411 210 50 anderen
2926 1409 45 49 in
3003 1409 151 49 einem
3187 1409 143 66 geach-

1782 1498 126 42 teten
1938 1492 153 49 Blatte
2121 1491 258 50 Nachricht
2417 1508 88 32 von
2544 1491 149 50 ihrem
2722 1489 164 52 Leben
2930 1488 94 50 und
3056 1488 206 51 Streben
3301 1507 57 31 zu

1785 1571 167 66 geben.

1903 1651 90 49 Die
2326 1649 80 51 hat
2430 1651 152 66 einige
2604 1648 209 51 Herolde
2843 1649 119 49 auch
2994 1648 163 50 hieher
3188 1647 169 68 postirt

1785 1728 91 50 und
1909 1729 159 50 macht
2098 1729 331 68 Propaganda,
2472 1746 50 33 so
2552 1728 85 51 viel
2666 1728 65 50 sie
2759 1745 208 50 vermag,
3011 1743 98 33 was
3137 1727 89 57 ihr,
3264 1727 90 49 wie

1777 1808 135 66 jeder
1947 1808 208 51 anderen
2186 1809 254 66 Richtung,
2483 1814 220 61 gestattet
2743 1806 191 50 werden
2977 1823 140 33 muss.
3174 1807 180 49 Unsere

1783 1888 134 51 Stadt
1946 1889 84 49 mit
2058 1889 130 50 ihren
2220 1897 123 42 etwa
2380 1888 244 59 130,000
2649 1887 321 51 Einwohnern
3003 1887 81 48 hat
3104 1888 249 47 Elemente

1782 1985 160 50 genug
1970 1985 81 33 zur
2074 1968 161 66 Pflege
2265 1968 84 50 der
2373 1968 246 48 Tonkunst
2646 1967 119 49 nach
2797 1967 119 49 allen
2942 1966 299 66 Richtungen
3272 1964 80 50 hin

1782 2047 46 49 in
1857 2048 113 59 sich,
2001 2047 91 49 und
2119 2047 108 66 jede
2258 2048 144 50 findet
2430 2048 100 48 ihre
2561 2063 332 50 angemessene
2925 2044 325 51 Theilnahme.
3288 2046 64 48 Es

1785 2132 125 44 wäre
1934 2128 50 66 ja
2014 2127 119 49 auch
2163 2128 205 55 seltsam,
2397 2145 138 31 wenn
2566 2128 87 48 alle
2677 2127 136 49 Welt
2834 2143 91 32 nur
2949 2127 79 47 für
3052 2126 145 58 Bach,
3221 2127 96 47 Hän-

1786 2206 72 49 del
1889 2225 44 30 u.
1964 2223 34 33 s.
2030 2225 57 30 w.
2119 2207 113 49 Sinn
2261 2207 157 49 haben
2446 2208 148 48 sollte.
2651 2206 152 49 Allein
2845 2222 47 32 es
2935 2204 98 50 sind
3066 2204 121 50 auch
3217 2206 113 48 Insti-

1785 2292 99 42 tute
1914 2284 320 60 erforderlich,
2277 2286 144 49 deren
2450 2284 169 50 Zweck
2651 2286 72 57 ist,
2766 2284 155 49 diesen
2954 2283 115 50 Sinn
3111 2283 127 50 nicht
3281 2300 48 33 er-

1785 2364 189 51 sterben
2014 2383 58 31 zu
2114 2366 166 57 lassen,
2324 2366 79 48 ihn
2444 2364 213 51 aufrecht
2698 2382 56 31 zu
2790 2364 174 57 halten,
3005 2363 264 66 fortgesetzt
3298 2381 54 30 zu

1786 2444 213 59 beleben,
2031 2444 94 50 und
2154 2444 90 50 den
2274 2444 383 51 Kunstfreunden
2689 2446 86 48 wie
2806 2443 105 50 dem
2944 2442 286 51 werdenden
3260 2444 62 49 Ge-

1782 2524 232 50 schlechte
2045 2524 146 49 durch
2223 2524 73 49 die
2314 2526 123 48 That
2465 2542 55 31 zu
2554 2524 249 56 beweisen,
2834 2523 104 48 dass
2968 2522 74 49 die
3071 2540 245 31 monumen-

1780 2604 124 49 talen
1934 2602 186 52 Werke
2143 2603 134 66 jener
2305 2603 191 50 Meister
2525 2603 136 48 einen
2690 2603 131 47 Kern
2850 2602 46 51 in
2925 2601 94 49 sich
3053 2608 182 59 tragen,
3267 2601 84 49 der

1781 2683 63 48 sie
1886 2683 75 50 nie
2003 2701 57 30 zu
2102 2682 178 51 blosser
2318 2681 552 67 Unterhaltungs-Musik
2915 2681 217 67 geeignet
3175 2681 173 58 macht,

1780 2762 125 49 wohl
1936 2762 114 49 aber
2079 2762 73 48 ihr
2173 2762 325 49 Verständniss
2529 2761 95 49 und
2653 2761 101 49 ihre
2776 2761 304 64 Darstellung
3111 2777 55 31 zu
3194 2759 153 50 einem

1782 2860 116 48 ganz
1928 2842 206 49 anderen
2166 2843 180 48 Genuss
2374 2841 184 58 erhebt,
2589 2842 64 48 als
2677 2841 110 66 jene
2817 2839 254 68 gewähren
3100 2839 140 50 kann.
3282 2841 62 47 So

1782 2922 89 48 wie
1895 2921 108 67 jede
2027 2922 83 48 mit
2130 2921 291 67 Hingebung
2444 2921 233 67 gepflegte
2700 2919 195 68 geistige
2919 2918 268 66 Thätigkeit
3215 2918 134 50 ihren

1783 3002 157 66 Segen
1969 3002 44 49 in
2042 3002 93 48 sich
2168 3007 137 61 trägt,
2349 3020 49 31 so
2436 3003 55 47 ist
2520 3001 119 50 auch
2670 2999 81 51 das
2780 2999 280 50 erworbene
3091 2998 226 50 Verständ-

1782 3081 90 48 niss
1903 3098 89 31 nur
2021 3081 126 48 eines
2183 3081 206 66 einzigen
2423 3079 324 50 bedeutenden
2778 3077 338 51 Kunstwerkes
3146 3077 72 48 ein
3251 3078 62 48 Ge-

1781 3159 176 66 gengift
1987 3177 85 31 von
2102 3159 73 49 nie
2196 3177 55 31 zu
2274 3158 312 67 vertilgender
2600 3158 136 48 Kraft
2759 3156 146 50 wider
2928 3157 81 49 das
3033 3154 311 52 ansteckende

1781 3239 195 49 Miasma
2006 3238 157 57 roher,
2192 3238 250 50 sinnlicher
2473 3237 331 51 Genusssucht.

1898 3317 304 48 Durchleben
2232 3335 95 30 nun
2350 3318 156 48 solche
2530 3317 163 49 Kreise
2717 3316 120 50 auch
2863 3316 138 58 noch,
3029 3332 98 32 was
3152 3316 188 48 frühere

1777 3398 160 47 Zeiten
1981 3396 79 49 für
2103 3397 251 49 Kammer-
2385 3396 96 49 und
2511 3396 288 50 Hausmusik
2830 3394 218 69 geboten,
3091 3394 159 49 lernen
3279 3396 65 47 sie

1778 3477 61 48 im
1868 3476 442 67 Zusammenhange
2342 3476 87 50 den
2460 3477 83 49 Stil
2573 3476 353 49 verschiedener
2949 3476 267 64 Gattungen
3249 3474 95 50 und

1777 3554 231 50 Nationen
2055 3554 201 60 kennen,
2313 3556 114 49 wird
2472 3556 141 49 ihnen
2656 3554 136 50 dabei
2836 3553 123 50 nicht
3003 3552 340 59 vorenthalten,

1777 3651 97 33 was
1904 3634 74 50 die
2009 3636 290 66 Gegenwart
2327 3636 173 66 bringt,
2539 3652 50 32 so
2622 3634 142 50 bildet
2799 3633 94 50 sich
2924 3632 211 51 dadurch
3168 3633 73 48 bei
3273 3634 47 49 ih-

1777 3731 81 32 ren
1890 3714 367 52 Theilnehmern
2302 3714 93 50 und
2422 3714 245 49 Zuhörern
2710 3713 168 48 immer
2920 3712 103 48 eine
3067 3712 278 68 Grundlage

1776 3794 245 66 eigenen
2053 3794 313 50 Geschmacks
2394 3794 95 49 und
2519 3792 219 58 Urtheils,
2770 3792 94 49 und
2890 3792 73 48 die
2987 3793 136 65 Lüge
3152 3792 98 49 und
3273 3793 72 50 die

1774 3890 51 31 so
1857 3873 263 50 schädliche
2148 3873 311 50 Nachbeterei
2491 3872 115 49 wird
2648 3871 142 49 ihnen
2822 3872 87 49 fast
2939 3872 299 66 unmöglich;
3279 3873 64 47 sie

1776 3953 170 50 wissen
1975 3953 125 51 dann
2129 3953 293 66 wenigstens,
2465 3968 96 32 was
2610 3952 64 48 sie
2724 3953 186 50 wollen.
2968 3953 99 48 Das
3104 3951 238 52 Gedeihen

1777 4033 126 48 eines
1932 4033 189 50 solchen
2149 4032 187 48 Kreises
2366 4031 210 49 inmitten
2606 4029 85 51 der
2721 4031 360 68 mannigfachen
3113 4029 226 49 musicalN

1777 4112 141 49 sehen
1947 4111 355 66 Bestrebungen
2412 4109 229 51 vielleicht
2670 4113 120 48 auch
2826 4112 318 63 Verirrungen
3254 4125 85 31 un-»

1777 4208 130 33 sercr
1942 4192 100 49 Zeit
2069 4191 177 50 scheint
2276 4191 86 47 mir
2392 4188 218 52 desshalb
2641 4207 86 49 gar
2755 4191 107 49 sehr
2892 4187 446 53 erwähnenswerth.
