3520 4475
1719 142 113 50 260

160 285 224 51 möchten
413 287 87 49 wir
530 287 65 49 als
624 284 316 51 vortreffliche
968 284 310 60 Einführung
1322 287 44 49 in
1408 287 72 51 die
1512 285 222 53 moderne

160 365 174 50 Schule
378 364 72 50 die
493 364 601 51 charakteristischen
1137 365 231 51 Etüden
1411 383 88 33 von
1542 368 42 48 J.
1623 367 74 48 Mo-

162 447 92 48 sch
270 447 45 48 el
332 463 56 32 es
418 445 294 50 bezeichnen.
743 445 97 49 Hat
869 444 83 50 der
976 445 199 50 Schüler
1204 447 125 49 diese
1359 447 165 49 beiden
1552 444 183 52 Werke

164 524 155 50 hinter
347 524 112 57 sich,
502 532 93 40 erst
624 523 122 49 dann
779 524 121 68 gehe
930 542 51 32 er
1010 543 55 31 zu
1096 525 89 50 den
1226 527 44 48 in
1301 542 216 33 unserem
1552 523 183 51 Werke

164 603 249 67 folgenden
461 603 191 49 Etüden
701 604 147 57 über;
900 622 52 33 er
994 604 124 51 kann
1161 605 125 50 dann
1343 605 120 49 allen
1500 604 235 52 .ferneren

163 683 418 67 Schwierigkeiten
632 684 75 50 bei
754 687 214 57 Henselt,
1019 685 197 68 Chopin,
1267 683 209 51 Taubert
1518 702 45 32 u.
1603 701 33 33 s.
1674 701 60 33 w.

163 763 142 66 ruhig

282 844 63 48 So
375 843 158 49 haben
569 844 88 48 wir
695 844 123 50 denn
863 846 44 48 in
950 844 149 50 dieser
1131 843 341 49 Clavierschule
1503 843 72 49 ein
1603 843 110 49 treff-

166 923 140 50 liches
336 924 346 50 methodisches
713 926 171 57 Werk,
926 924 197 49 welches
1152 923 120 50 eben
1302 939 50 34 so
1382 924 108 49 sehr
1519 923 85 50 der
1631 928 77 45 tän-

167 1003 202 50 delnden
393 1003 449 51 Oberflächlichkeit
870 1004 87 50 wie
987 1003 104 50 dem
1124 1003 247 66 geistlosen
1390 1003 347 50 Mechanismus

166 1083 82 48 des
277 1083 295 50 Unterrichts
601 1083 343 67 entgegentritt,
978 1082 96 49 und
1105 1083 121 48 allen
1256 1082 351 49 Musikschulen
1637 1082 97 49 und

169 1162 375 49 Ciavierlehrern
587 1163 100 48 aufs
731 1162 125 49 beste
886 1160 266 69 empfohlen
1183 1162 79 49 sei.
1316 1163 106 48 Nur
1451 1163 85 48 auf
1560 1162 173 49 diesem

360 1242 124 51 kann
522 1242 84 49 der
647 1242 349 49 verderblichen
1024 1242 436 67 Manege-Dressur
1502 1251 232 59 entgegen

167 1322 264 65 gearbeitet
459 1320 206 59 werden,
715 1338 83 33 aus
837 1322 205 49 welcher
1072 1322 430 49 Clavier-Husaren
1543 1322 164 49 hervor-

168 1400 172 65 gehen,
370 1402 126 48 nicht
524 1399 115 51 aber
674 1400 369 68 Clavierspieler,
1088 1400 72 50 die
1201 1402 95 48 sich
1326 1420 56 30 zu
1409 1403 212 65 Jüngern
1653 1400 84 51 der

167 1479 236 51 keuschen
426 1482 132 47 Muse
586 1479 82 50 der
691 1481 249 49 Tonkunst
971 1481 244 50 bekennen
1239 1481 181 50 dürfen.
1451 1481 172 50 Haben
1648 1482 87 48 wir

166 1559 119 50 doch
314 1559 141 49 schon
488 1558 164 60 erlebt,
693 1559 105 50 dass
828 1559 73 50 die
935 1561 351 67 Clavierspieler
1314 1561 116 48 nach
1463 1561 246 66 Specialitä-

162 1647 80 44 ten
271 1639 140 49 taxirt
441 1638 207 58 werden,
679 1641 88 48 wie
798 1639 314 51 Fabricanten
1141 1656 88 33 von
1260 1639 183 68 Spitzen
1474 1639 114 51 oder
1617 1641 86 49 ähn-

164 1718 149 48 lichen
343 1719 436 59 Luxus-Artikeln;
817 1738 111 32 man
957 1721 113 66 geht
1098 1721 67 48 ins
1197 1721 202 49 Concert
1428 1737 88 33 von
1545 1722 78 57 X.,
1653 1738 80 31 um

163 1797 157 51 seinen
346 1798 185 58 Triller,
562 1816 87 33 von
672 1801 76 55 Y.,
779 1818 77 31 um
882 1801 126 48 seine
1032 1801 226 57 Octaven,
1288 1817 87 32 von
1399 1802 68 56 Z.,
1498 1818 80 31 um
1607 1799 126 51 seine

163 1877 309 67 Harpeggien
501 1896 54 30 zu
587 1877 315 58 bewundern;
934 1879 154 49 Musik
1118 1897 53 31 zu
1203 1879 166 57 hören,
1401 1879 57 57 ei,
1488 1897 100 32 wer
1617 1878 118 50 wird

164 1955 299 68 dergleichen
492 1958 221 50 veraltete
743 1958 280 67 Ansprüche
1063 1976 60 33 an
1166 1958 73 50 die
1272 1958 461 51 Clavier-Virtuosen

164 2035 235 51 machen?
536 2037 106 49 Und
686 2037 136 51 dabei
867 2055 170 48 wagen
1079 2038 125 50 diese
1236 2038 423 67 Spiel-Maschinen
1688 2038 47 50 in

163 2116 423 66 Menschengestalt
615 2118 123 48 wohl
771 2136 85 48 gar
886 2118 120 48 noch
1034 2118 154 50 Franz
1211 2118 120 48 Liszt
1362 2118 65 50 als
1457 2118 132 48 ihren
1612 2119 93 49 Vor-

171 2199 176 63 gänger
378 2196 95 49 und
501 2198 176 48 Patron
709 2198 328 50 aufzustellen!
1093 2198 118 48 Liszt
1256 2198 148 50 kann
1448 2197 175 51 freilich
1654 2197 83 49 das

171 2274 111 50 alles
306 2274 120 50 auch
453 2276 278 58 ausführen,
773 2295 91 30 nur
893 2277 73 48 ein
990 2277 218 48 Bisschen
1239 2277 261 66 geistvoller
1531 2276 94 49 und
1655 2293 55 50 ge-

167 2354 176 57 nialer;
375 2354 116 50 aber
520 2372 51 32 er
600 2356 174 67 schlägt
806 2356 147 49 durch
985 2356 87 49 den
1099 2357 206 66 Vortrag
1334 2358 127 47 einer
1491 2357 244 49 einfachen

163 2433 425 51 Beethoven'schen
614 2436 190 58 Sonate,
835 2455 35 30 z.
897 2437 50 47 B.
980 2434 83 50 der
1090 2436 42 48 in
1159 2436 193 49 As-dar
1380 2434 114 50 oder
1524 2436 84 48 der
1630 2436 69 49 Pa-

164 2510 215 69 thetique,
411 2514 86 49 alle
521 2531 206 33 neueren
754 2514 267 51 Hexereien
1046 2533 53 31 zu
1123 2516 177 49 Boden.
1328 2514 243 51 Warum?
1602 2516 129 49 Weil

164 2610 52 30 er
238 2592 225 58 Musiker,
494 2593 103 50 weil
629 2611 51 32 er
703 2594 223 49 Künstler
948 2594 71 56 ist,
1051 2596 103 47 weil
1187 2612 50 31 er
1265 2594 74 49 die
1363 2596 133 48 Seele
1521 2593 82 51 der
1626 2596 70 48 Mu-

163 2670 85 58 sik,
291 2670 73 51 die
394 2672 217 58 Melodie,
654 2674 86 49 auf
776 2673 367 51 unerreichbare
1180 2674 163 50 Weise
1386 2691 84 32 aus
1512 2674 85 49 der
1627 2674 78 50 Cla-

162 2751 150 50 viatur
334 2753 384 57 herauszaubert,
748 2771 138 32 wenn
916 2771 51 32 er
996 2754 92 49 will
1112 2753 96 51 und
1231 2772 137 32 wenn
1391 2754 80 49 ihn
1495 2754 73 50 die
1592 2754 113 50 Stim-

163 2848 147 50 mung
341 2831 114 50 dazu
486 2832 156 49 treibt.
696 2833 108 50 Und
844 2850 97 31 was
977 2833 126 48 seine
1132 2833 376 48 Bravourstücke
1538 2833 195 57 betrifft,

163 2927 51 32 so
254 2909 101 49 sind
384 2911 88 49 wir
515 2912 167 48 immer
718 2912 121 48 noch
877 2911 84 49 der
988 2912 254 66 Meinung:
1288 2912 136 63 Quod
1461 2909 107 52 licet
1601 2911 130 63 Jovi,

162 3005 92 33 non
285 2985 105 54 licet
503 2987 118 53 aliis.

714 3049 6 16 \

282 3069 89 49 Ein
398 3068 207 67 Anhang
628 3087 105 31 zum
762 3071 78 47 111.
868 3068 161 50 Theile
1058 3069 177 49 enthält
1263 3086 86 32 von
1378 3071 41 48 J.
1451 3069 284 50 Benedikt

162 3148 104 48 eine
296 3148 163 50 Studie
506 3149 79 47 für
621 3148 74 50 die
733 3148 123 50 linke
888 3147 139 49 Hand
1057 3148 152 57 allein,
1251 3148 47 50 in
1329 3149 203 49 welcher
1561 3148 141 51 beson-

162 3227 108 48 ders
300 3227 84 49 der
413 3228 283 50 melodische
726 3228 245 50 Mittelsatz
1009 3227 277 51 interessant
1320 3228 79 58 ist;
1443 3246 88 33 von
1574 3231 157 48 Imm.

160 3307 196 49 Faisst
385 3307 102 49 eine
517 3325 179 48 grosse,
729 3308 101 48 klar
860 3305 95 50 und
985 3307 179 67 tüchtig
1193 3307 286 66 gearbeitete
1507 3309 201 50 vierstim-

163 3387 124 67 mige
317 3387 304 67 Doppelfuge
652 3388 46 48 in
731 3386 180 62 C-moll,
943 3383 17 28 4
961 3383 67 63 /4,
1057 3387 131 48 sechs
1218 3388 157 48 Seiten
1404 3389 125 56 Fol.;
1573 3405 89 34 von
1690 3391 41 48 J.

164 3468 55 46 G.
249 3468 230 65 Herzog
510 3467 103 48 eine
642 3466 213 50 einfache
887 3468 133 64 Fuge
1049 3466 45 48 in
1121 3464 170 51 B-dur
1302 3485 10 36 ;
1340 3483 87 32 von
1457 3468 53 48 F.
1545 3468 189 50 Hiller

163 3546 74 48 ein
267 3546 235 50 reizendes
534 3543 282 53 Andantino
845 3547 44 48 in
920 3546 173 49 B-dur
1133 3546 80 47 mit
1253 3546 327 64 gebundenem
1615 3549 89 49 Vor-

163 3632 105 57 trag
313 3624 62 65 (S.
409 3627 70 48 92
520 3627 57 48 ist
619 3627 85 48 auf
741 3626 104 49 dem
892 3627 165 48 letzten
1095 3626 179 64 System
1320 3623 82 50 der
1433 3626 300 50 6r-Schlüssel

167 3703 289 66 vergessen);
500 3722 87 32 von
619 3706 173 49 Wilh.
823 3706 232 66 Krüger
1090 3703 74 50 ein

166 3780 45 49 in
242 3780 109 50 F-d
351 3797 69 42 ur,
460 3780 81 64 %,
592 3784 101 50 eine
734 3787 91 47 Art
864 3782 353 51 Triller-Etude
1258 3782 82 48 mit
1389 3784 346 66 untergelegter

167 3859 204 50 Melodie
413 3862 43 47 in
501 3862 242 51 derselben
774 3864 169 56 Hand;
994 3882 88 31 von
1128 3864 183 49 Franz
1354 3862 263 49 Lachner
1660 3866 74 48 ein

167 3939 241 50 brillantes
437 3939 294 59 Präludium;
774 3960 87 33 von
906 3944 113 65 Ign.
1063 3942 259 49 Lachner
1366 3940 134 50 einen
1542 3940 189 60 Canon;

163 4036 89 33 von
281 4021 41 46 J.
353 4019 321 48 Moscheies
704 4021 100 48 eine
834 4038 158 49 grosse
1016 4021 97 49 und
1135 4022 172 48 schöne
1333 4021 397 58 Concert-Etude,

164 4101 66 47 als
259 4101 93 64 Op.
393 4098 105 50 126
533 4098 283 57 bezeichnet,
846 4101 43 47 in
915 4101 202 60 Es-dur,
1137 4098 17 28 s
1155 4101 47 60 /$
1223 4103 133 56 Taet,
1387 4099 141 50 deren
1549 4101 182 66 Haupt-

159 4178 151 53 Effect
369 4179 45 49 in
470 4178 90 50 den
611 4177 315 68 gebundenen
971 4181 440 65 Terzen-Passagen
1463 4177 14 69 (
1484 4177 249 69 Allegretto

1820 284 140 69 quasi
2172 287 138 70 Allegro)
2311 291 64 67 liegt;
2431 289 181 51 endlich
2657 307 87 32 von
2787 289 176 51 Wilh.
3009 289 128 68 Spei
3156 289 88 50 del
3292 289 97 52 drei

1810 365 188 51 Etüden
2031 368 111 67 (Op.
2180 369 111 64 18);
2335 369 73 51 die
2439 377 120 42 erste
2589 369 44 49 in
2886 367 19 28 3
2906 374 65 55 /4,

1814 448 105 47 rato
1950 447 46 48 in
2026 448 234 50 Henselt's
2290 451 203 54 Manier;
2539 449 73 50 die
2653 449 162 49 zweite
2857 449 45 49 in
3155 447 85 62 %,

1808 525 144 50 dante
1980 529 247 61 sostenuto,
2257 529 62 49 im
2350 531 248 49 Mittelsatz
2614 527 97 72 piü
2739 546 161 43 mosso,
2933 531 195 67 originel
3161 531 97 48 und
3288 548 63 31 we-

1810 622 90 50 gen
1931 605 80 50 des
2040 607 316 66 gebundenen
2374 611 227 66 Vortrags
2623 609 84 51 der
2719 611 392 49 Sexten-Triolen
3145 609 154 68 (theils
3328 628 54 31 zu

1808 685 129 50 nicht
1978 685 270 68 punktirten
2293 688 362 52 Sechszehnteln
2694 691 61 48 im
2798 688 131 69 Bass)
2982 689 275 69 schwierig;
3311 689 73 51 die

1809 763 140 51 dritte
1979 765 103 50 eine
2112 767 267 66 gewaltige,
2424 768 254 66 glänzende
2718 768 97 51 und
2858 769 348 68 schwungvolle
3238 771 116 49 Octa-

1808 844 269 50 ven-Etude
2106 846 45 48 in
2182 846 201 62 D-moll,
2416 842 18 31 4
2435 843 30 63 /
2466 873 16 32 4
2490 886 11 19 ,
2533 847 186 70 Allegro
2746 866 84 33 con
2846 849 158 66 fuoco.

1930 926 111 49 Wir
2069 924 217 51 scheiden
2316 943 86 32 von
2434 926 105 49 dem
2565 945 179 49 ganzen
2769 929 184 50 Werke
2977 929 82 50 mit
3081 929 150 50 hoher
3255 929 96 50 Ach-

1809 1012 117 60 tung
1956 1006 80 49 für
2065 1006 74 49 die
2170 1007 311 66 Leistungen,
2497 1006 85 50 der
2612 1009 189 49 Herren
2827 1009 258 51 Verfasser.
3134 1011 137 48 Doch
3302 1009 82 51 das

1809 1084 231 50 Scheiden
2082 1086 84 48 soll
2209 1086 95 48 sich
2347 1102 92 32 nur
2478 1087 84 48 auf
2599 1086 157 50 diesen
2788 1088 295 67 Augenblick
3128 1088 221 51 beziehen
3371 1107 10 37 ;

1809 1164 88 49 wir
1926 1166 169 48 wollen
2126 1182 47 32 es
2204 1166 67 49 oft
2300 1166 176 48 wieder
2504 1166 45 49 in
2581 1166 72 49 die
2685 1167 169 51 Hände
2883 1169 202 50 nehmen
3126 1168 95 51 und
3252 1169 129 50 recht

1810 1244 165 50 Vielen
2004 1246 46 48 in
2081 1246 72 49 die
2186 1246 166 49 Hände
2384 1246 168 66 geben.

3127 1252 52 47 L.
3212 1250 51 50 B.

1864 1441 373 76 Aufführungen
2278 1444 85 59 der
2401 1444 378 61 breslauischen
2813 1446 411 75 Sing-Akademie
3263 1450 65 57 im

2153 1535 183 59 32sten
2373 1534 151 60 Jahre
2563 1535 134 59 ihres
2735 1536 293 58 Bestehens.

1936 1640 43 50 1.
2011 1641 104 48 Den
2148 1640 89 50 29.
2269 1640 279 67 September
2585 1640 165 59 1857,
2779 1660 62 30 zu
2874 1642 200 49 Ehren
3117 1643 100 51 der
3253 1646 96 48 Phi-

1810 1719 738 68 lologen-Versammlung:

1930 1817 39 33 a.
2001 1798 103 52 Ave
2130 1798 164 70 regina
2323 1818 87 32 von
2440 1801 241 66 Legrenzi.
2739 1801 35 49 b.
2805 1801 181 50 Uebers
3017 1802 180 68 Gebirg
3226 1804 151 51 Maria

1811 1879 129 68 geht,
1982 1879 96 50 und
2115 1881 151 49 Maria
2295 1881 129 49 wallt
2453 1898 104 31 zum
2590 1881 292 67 Heiligthum
2928 1898 89 33 von
3046 1883 107 50 Joh.
3184 1884 197 50 Eccard.

1810 1977 34 32 c.
1876 1958 163 51 Bleibe
2069 1959 74 50 bei
2176 1977 100 41 uns,
2322 1959 197 51 Cantate
2558 1977 90 32 von
2685 1962 46 48 S.
2763 1961 143 50 Bach.
2965 1962 44 49 d.
3040 1963 205 48 Fürchte
3276 1963 104 50 dich

1810 2038 142 58 nicht,
1983 2039 195 49 Motette
2208 2056 87 32 von
2327 2039 46 50 S.
2403 2039 144 50 Bach.
2603 2056 35 34 e.
2669 2041 148 48 Scene
2848 2039 84 50 der
2961 2041 181 49 Witwe
3172 2041 95 49 und
3297 2042 80 49 des

1810 2119 73 49 Eli
1889 2135 48 33 as
1968 2118 134 50 nebst
2134 2118 149 50 Chor:
2326 2119 178 57 „Wohl
2535 2118 125 60 dem,
2692 2118 82 50 der
2803 2119 90 50 den
2924 2122 160 48 Herrn

1813 2213 82 33 aus
1924 2198 127 48 Elias
2081 2215 86 33 von
2198 2199 52 47 F.
2281 2197 343 51 Mendelssohn.

1932 2277 50 48 2.
2011 2277 104 48 Den
2149 2277 88 49 22.
2269 2277 269 49 November
2572 2277 141 51 1857
2750 2278 46 48 in
2825 2277 84 51 der
2937 2278 123 51 Aula
3090 2279 289 68 Leopoldina

1813 2357 82 48 mit
1923 2356 280 49 Orchester:

1928 2452 42 34 a.
2002 2436 213 50 Liebster
2241 2437 125 58 Gott,
2391 2453 139 32 wann
2554 2437 144 49 werd'
2722 2437 72 49 ich
2819 2437 205 60 sterben,
3053 2455 87 34 von
3165 2441 46 49 S.
3238 2441 142 49 Bach.

1815 2514 36 50 b.
1947 2513 215 69 Requiem
2163 2533 56 31 von
2252 2514 272 51 Cherubini.

1930 2593 48 51 3.
2010 2596 105 48 Den
2166 2596 82 49 19.
2280 2594 267 50 December
2598 2594 163 59 1857,
2811 2597 528 51 Weihnachts-Auf-

1809 2674 283 68 führung:

2002 2771 59 32 a.
2062 2754 163 50 Choräle:
2272 2753 200 52 Gelobet
2501 2756 108 48 seist
2637 2757 96 54 Du,
2764 2757 135 47 Jesus
2932 2756 175 49 Christ!
3160 2756 97 49 drei
3288 2758 60 48 Be-

1810 2833 310 66 arbeitungen
2151 2852 87 31 von
2271 2836 59 48 Fl.
2363 2836 52 48 L.
2448 2836 208 57 Hassler,
2693 2836 184 48 Eccard
2915 2834 95 50 und
3040 2836 45 49 S.
3117 2837 141 48 Bach.
3315 2838 64 47 Es

1809 2912 53 48 ist
1894 2913 72 48 ein
1997 2914 110 47 llos'
2139 2919 337 61 entsprungen,
2516 2912 151 67 (alter)
2702 2914 188 49 Choral.
2942 2916 316 64 Festgesänge
3288 2932 88 33 von

1813 2991 194 49 Eccard.
2039 2991 103 50 Ave
2537 2989 163 70 regina
2360 3010 88 31 von
2477 2993 242 66 Legrenzi.
2769 2992 37 51 b.
2836 2993 192 48 Messias
3057 3011 88 32 von
3174 2993 202 60 Händel,

1811 3071 133 48 Theil
1974 3071 33 48 I.
2039 3071 82 48 mit
2151 3071 273 58 Orchester,
2448 3072 119 48 nach
2598 3071 105 49 dem
2735 3072 214 66 Original
2982 3072 83 49 mit
3094 3074 163 66 Orgel.

1931 3151 49 47 4.
2012 3152 106 47 Den
2153 3149 85 51 13.
2267 3152 181 48 Januar
2485 3151 163 58 1858,
2680 3152 407 49 Trauerfeier:

2003 3246 58 33 a.
2062 3229 169 50 Choräle:
2283 3229 90 50 Gib
2424 3231 102 49 dich
2571 3231 237 49 zufrieden
2845 3231 97 49 und
2984 3232 61 48 sei
3085 3233 116 50 stille
3248 3232 128 67 (alt);

1808 3308 78 50 Ich
1905 3308 77 66 lag
1998 3309 42 47 in
2059 3309 174 49 tiefster
2251 3308 312 60 Todesnacht,
2587 3309 205 57 Eccard;
2824 3311 124 49 Mein
2971 3313 129 55 Jesu,
3125 3313 252 48 schmücke

1810 3388 137 56 mich,
1973 3389 45 49 S.
2045 3388 140 50 Bach.
2217 3388 35 50 b.
2279 3389 137 50 Mich.
2441 3389 149 50 Bach:
2622 3391 216 48 Motette:
2863 3391 151 49 Unser
3034 3391 163 49 Leben
3221 3392 56 48 ist
3302 3392 73 48 ein

1810 3468 236 50 Schalten,
2091 3486 34 30 c.
2158 3468 224 50 Cantate:
2415 3469 161 49 Gottes
2599 3469 115 59 Zeit,
2746 3469 108 50 Seb.
2887 3469 141 50 Bach.

1932 3547 47 49 5.
2010 3548 104 48 Den
2147 3548 87 51 20.
2266 3549 123 49 März
2429 3547 163 59 1858,
2623 3549 44 49 in
2698 3548 84 50 der
2812 3549 122 49 Aula
2963 3548 314 67 Leopoldina,

1928 3628 89 47 Die
2049 3627 157 49 sieben
2239 3628 209 52 Schläfer
2476 3645 87 33 von
2596 3629 50 50 C.
2676 3629 162 50 Löwe.

1932 3706 48 49 6.
2012 3707 106 48 Den
2149 3707 47 49 2.
2229 3708 132 66 April
2401 3707 162 58 1858,
2595 3726 83 32 am
2712 3708 438 66 Charfreitage:

2054 3801 41 33 a.
2204 3783 165 52 Oratio
2584 3784 242 52 Jeremiae
3123 3787 258 68 Prophetae
2756 3805 88 31 von
2866 3788 264 48 Francesco
3147 3787 230 53 Durante,

1815 3864 36 50 b.
1874 3864 209 59 Messias,
2115 3867 131 48 Theil
2279 3868 54 47 11.
2365 3867 120 49 nach
2516 3867 104 49 dem
2653 3867 214 66 Original
2900 3867 82 48 mit
3012 3866 162 64 Orgel.

1932 3943 46 50 7.
2010 3944 104 49 Den
2147 3943 47 51 3.
2224 3946 92 48 Juli
2358 3944 163 59 1858,
2561 3963 117 31 zum
2711 3944 466 66 Stiftungsfeste:

1927 4041 41 32 a.
1999 4023 130 51 Suite
2168 4026 79 47 für
2278 4026 256 48 Orchester
2575 4042 86 32 von
2706 4027 45 47 S.
2783 4024 151 56 Bach;
2991 4023 35 48 b.
3057 4022 84 48 der

1808 4103 149 48 Messe
1980 4120 88 31 von
2098 4104 45 49 S.
2176 4103 127 50 Bach
2332 4103 188 50 zweiter
2551 4104 132 50 Theil
2750 4102 160 58 Credo,
2948 4099 224 60 Sanclus,
3214 4099 165 70 Agnus,

1807 4179 130 69 Dei).
