2179 3573
79 108 82 49 448

1067 291 55 41 IV

870 413 205 32 MUSIQUE
1108 412 213 26 MODERNE

84 518 29 39 J.
133 517 218 32 TIERSOT.
374 518 70 31 Des
470 517 314 32 transformations
810 517 43 32 de
877 519 31 30 la
929 517 150 32 tonalité
1109 517 31 31 &
1164 517 46 31 du
1234 519 75 30 rôle
1332 517 45 31 du
1397 517 98 31 dièse
1515 524 32 24 et
1565 516 44 32 du
1635 517 122 31 bémol
1781 516 129 41 depuis
1937 518 32 29 le

130 585 131 30 moyen
279 578 67 38 âge
377 574 165 41 jusqu'au
560 585 67 19 xvn
630 579 12 16 e
659 572 108 33 siècle
787 573 180 41 {Résumé)
2034 582 62 33 175

87 638 28 30 D
122 642 26 16 re
176 636 43 32 O.
245 635 302 33 CHILESOTTI.
591 635 201 33 Musiciens
825 635 154 43 français
1016 649 6 18 :
1070 635 273 42 Jean-Baptiste
1383 635 134 33 Besard
1561 635 31 32 &
1634 638 48 28 les
1710 635 168 32 luthistes
1917 634 45 32 du

130 704 56 20 xvi
191 697 12 15 e
224 691 109 33 siècle
2032 702 64 32 179

89 755 141 31 ROMAIN
253 753 238 33 ROLLAND.
512 754 112 32 Notes
646 765 60 20 sur
734 753 19 32 1'
779 767 13 15 «
819 755 107 31 Orfeo
949 764 19 22 x>
1006 755 40 31 de
1070 754 107 43 Luigi
1203 754 101 32 Rossi
1342 754 31 32 &
1412 765 60 21 sur
1503 757 50 29 les
1583 753 193 33 musiciens
1816 752 143 33 italiens

132 812 18 30 à
167 810 115 34 Paris,
300 821 84 21 sous
407 809 159 33 Mazarin
2036 820 59 31 191

91 872 271 33 SHEDLOCK.
383 873 142 32 Purcell
548 879 32 25 et
600 873 98 31 Bach
717 872 163 41 (Traduit
901 873 42 32 de
966 873 167 42 l'anglais
1148 884 64 29 par
1234 873 34 31 M
1273 873 30 22 lle
1325 873 190 32 FERNANDE
1540 872 245 41 SALZEDO).
1836 896 7 8 .
1895 897 7 8 .
1953 897 6 7 .
2032 882 69 20 210

90 936 215 31 ALEXANDRE
327 934 185 33 LONGO.
535 934 262 33 Observations
817 946 61 21 sur
900 938 31 29 la
952 938 123 29 valeur
1093 935 202 41 historique
1321 936 60 31 des
1408 935 260 41 compositions
1689 945 94 31 pour
1804 934 160 33 clavecin

134 992 44 31 de
205 991 221 42 Dominique
452 991 169 32 Scarlatti
2032 1000 67 34 213

89 1054 122 32 ADÔLF
230 1053 258 32 LINDGREN.
513 1053 258 32 Contribution
794 1055 17 30 à
830 1053 177 32 l'histoire
1033 1053 43 31 de
1098 1056 31 29 la
1154 1066 13 14 «
1199 1053 192 33 Polonaise
1411 1066 13 15 »
2033 1061 65 34 215

91 1116 167 32 GEORGES
282 1115 244 33 HUMBERT.
550 1117 66 31 Les
634 1115 184 40 principes
842 1118 158 29 naturels
1020 1115 42 32 de
1079 1115 210 32 l'évolution
1308 1115 173 32 musicale
2033 1125 63 21 221

90 1179 169 31 ARNALDO
281 1177 375 32 BONAVENTURA.
677 1178 157 41 Progrès
855 1178 31 30 &
912 1176 215 33 nationalité
1148 1177 88 32 dans
1256 1180 31 29 la
1312 1177 167 41 musique
2034 1178 67 31 226

90 1240 122 32 ILMARI
238 1239 185 33 KROHN.
450 1240 51 31 De
520 1242 32 30 la
572 1249 143 22 mesure
739 1242 18 28 à
782 1249 14 32 5
820 1246 114 33 temps
955 1239 89 33 dans
1063 1242 31 28 la
1122 1240 166 40 musique
1308 1239 155 33 finnoise
2034 1251 63 30 241

90 1303 42 31 P.
160 1301 282 32 LANDORMY.
468 1302 70 31 Des
562 1311 151 31 moyens
738 1301 225 42 d'organiser
998 1312 41 21 en
1080 1302 137 32 France
1246 1312 71 22 une
1348 1301 98 43 ligue
1471 1313 91 29 pour
1587 1305 32 29 la
1648 1301 207 41 protection
1877 1302 31 31 &
1936 1305 32 29 le

133 1358 302 40 développement
461 1357 43 31 de
526 1360 77 29 l'art
627 1357 149 31 musical
2036 1358 65 43 246

91 1421 71 34 TH.
191 1420 206 33 GEROLD.
427 1421 51 32 De
496 1423 31 30 la
545 1423 125 29 valeur
689 1420 63 32 des
767 1420 129 40 petites
920 1427 103 26 notes
1047 1420 222 43 d'agrément
1293 1421 31 32 &
1352 1420 243 41 d'expression
2035 1432 63 33 251

1035 1595 133 41 V

1035 1722 132 25 VARIA

94 1832 318 33 Communication
439 1832 43 31 de
504 1832 48 30 M.
574 1830 204 33 CAMILLE
804 1830 309 33 SAINT-SAENS
1136 1830 185 42 (réformes
1352 1831 43 31 de
1435 1830 180 32 l'écriture
1644 1830 202 42 musicale).
1899 1855 6 7 .
2035 1832 63 30 261

94 1887 212 41 HÉLOUIN
339 1894 159 32 Histoire
513 1894 46 31 du
585 1895 223 31 métronome
825 1903 41 22 en
887 1893 137 31 France
2034 1893 65 43 264

94 1957 233 33 MEERENS.
353 1956 166 33 Réforme
535 1957 46 30 du
611 1957 157 40 système
795 1954 149 33 musical
2034 1968 69 30 270

93 2023 125 38 JULIAN
242 2018 215 33 CARILLO.
484 2019 48 31 La
555 2020 274 30 nomenclature
849 2017 61 31 des
936 2027 85 22 sons
2036 2021 68 41 276

95 2076 168 40 ÉDOUARD
283 2081 182 33 GARIEL.
490 2082 50 30 De
567 2083 31 29 la
623 2079 177 33 nécessité
832 2079 43 31 de
892 2079 219 33 méthodiser
1130 2079 298 44 l'enseignement
1449 2081 42 31 de
1523 2082 32 30 la
1576 2080 166 41 musique
1766 2090 42 22 en
1832 2081 50 31 lui
1907 2091 40 30 ap-

139 2140 170 40 pliquant
329 2148 69 21 une
427 2138 85 31 base
538 2135 230 42 scientifique
1490 2163 6 6 .
2038 2138 64 31 281

95 2203 35 31 M
133 2201 34 22 lle
189 2202 190 32 HORTENSE
405 2200 204 32 PARENT.
632 2201 51 30 De
703 2197 300 42 l'enseignement
1035 2199 231 33 élémentaire
1292 2200 46 31 du
1361 2199 109 41 piano
1496 2210 43 22 en
1566 2200 136 32 France
1729 2210 42 21 au
1804 2200 105 40 point
1928 2200 43 32 de

139 2269 68 22 vue
230 2258 43 31 de
296 2260 31 30 la
345 2256 266 42 vulgarisation
632 2256 42 31 de
695 2258 32 29 la
748 2253 168 42 musique
2039 2256 68 43 289

96 2322 137 31 LIONEL
261 2319 205 33 DAURIAC
501 2320 48 31 La
568 2319 138 31 Pensée
730 2316 178 33 musicale
2039 2321 70 41 296

96 2385 108 38 JULES
231 2382 293 33 COMBARIEU.
552 2382 47 32 Le
623 2383 230 34 vandalisme
881 2383 149 32 musical
2040 2382 69 42 298

99 2446 153 32 Concert
277 2444 203 42 historique
502 2444 121 32 donné
640 2447 18 30 à
681 2447 192 32 l'occasion
893 2446 45 31 du
957 2446 162 41 Congrès
1136 2445 42 31 de
1204 2444 167 41 musique
1394 2447 31 29 le
1448 2444 135 32 samedi
1602 2444 42 32 28
1664 2443 116 43 juillet
1813 2455 90 31 1900
1927 2453 44 23 en

141 2502 123 31 l'hôtel
288 2501 42 31 de
349 2500 36 32 S.
407 2502 40 29 A.
470 2504 31 29 le
534 2501 125 40 prince
693 2502 146 33 Roland
878 2503 205 39 Bonaparte
2040 2500 69 45 306

99 2564 202 33 Collection
325 2563 282 42 d'autographes
626 2564 186 33 musicaux
2038 2573 69 33 309

98 2628 118 31 Vœux
237 2627 45 31 du
310 2626 163 42 Congrès
2037 2637 65 33 311

98 2690 97 32 Liste
216 2690 31 31 &
269 2689 161 32 adresses
450 2690 62 31 des
532 2690 181 31 Membres
732 2691 46 30 du
801 2690 176 42 Congrès.
2040 2699 66 35 313

144 2758 258 43 (Nombreuses
418 2758 174 40 planches
616 2758 43 32 de
676 2758 167 41 musique
860 2759 175 32 ancienne
1054 2764 33 27 et
1107 2758 170 33 moderne
1300 2759 90 31 dans
1409 2761 32 29 le
1465 2757 120 42 texte.)

144 2876 84 31 Prix
247 2876 43 31 de
309 2876 196 41 l'ouvrage,
525 2882 80 32 port
633 2874 157 41 compris
815 2886 6 20 :
852 2885 39 20 10
909 2874 41 32 fr.
972 2873 58 39 (au
1053 2873 67 32 lieu
1145 2873 42 31 de
1218 2872 71 44 15).

231 2927 78 29 Aux
324 2925 161 32 bureaux
503 2925 43 31 de
573 2928 32 28 la
631 2925 116 31 Revue
773 2924 171 32 Musicale
950 2949 8 12 ,
980 2933 55 33 51,
1060 2933 63 21 rue
1145 2923 42 32 de
1202 2923 165 36 Paradis,
1387 2922 114 39 Paris,
1526 2928 124 25 contre
1674 2921 284 38 mandat-poste.

1326 3298 57 39 Le
1417 3295 161 41 Gérant
1604 3312 11 23 :
1646 3295 53 41 A.
1737 3295 205 47 REBECQ.

745 3431 99 26 Poitiers.
861 3442 18 5 -
891 3429 87 28 Société
994 3431 106 30 française
1114 3430 151 28 d'lmprimerie
1281 3430 24 25 et
1321 3430 26 24 de
1368 3429 108 24 Librairie.
