2179 3573
598 132 77 26 LES
711 124 127 34 IDÉES
874 133 55 25 DE
967 132 185 26 BERLIOZ
1186 132 85 26 SUR
1303 132 50 25 LA
1384 129 200 32 MUSIQUE

2009 126 73 37 435

87 234 220 44 rapports,
328 224 103 41 c'est
455 223 330 42 l'Andromède
816 225 196 50 antique,
1057 223 274 40 divinement
1354 221 114 40 belle
1490 230 41 31 et
1553 233 101 33 nue,
1678 221 106 38 dont
1808 219 62 39 les
1908 218 182 50 regards

89 295 53 39 de
177 294 178 39 flamme
394 306 46 26 se
478 293 321 52 décomposent
840 306 54 26 en
919 305 161 38 rayons
1111 291 303 40 multicolores
1445 304 54 25 en
1534 298 183 43 passant
1749 303 55 25 au
1825 296 167 32 travers
2033 287 58 39 du

90 365 165 49 prisme
283 362 53 39 cle
360 375 69 26 ses
449 362 165 51 pleurs.
649 360 258 40 Enchaînée
930 374 77 26 sur
1043 374 61 25 un
1134 373 73 26 roc
1230 374 55 25 au
1326 358 111 41 bord
1457 358 52 40 de
1545 358 40 39 la
1631 371 94 26 mer
1743 359 217 38 immense
1986 355 107 40 dont

90 430 62 40 les
175 432 99 38 flots
312 432 211 38 viennent
562 429 142 40 battre
732 442 104 26 sans
874 442 122 25 cesse
1025 437 40 30 et
1095 429 173 37 couvrir
1309 427 53 39 cle
1395 426 137 40 limon
1567 440 68 26 ses
1668 425 141 40 beaux
1845 425 140 52 pieds,
2011 425 82 40 elle

92 499 148 40 attend
282 499 39 39 le
340 498 164 40 Persée
541 499 253 50 vainqueur
819 498 75 50 qui
934 497 92 38 doit
1061 495 143 40 briser
1242 508 45 26 sa
1318 495 155 39 chaîne
1513 503 40 31 et
1604 503 154 31 mettre
1791 508 53 25 en
1874 496 144 49 pièces
2052 493 40 40 la

90 567 194 40 chimère
303 567 180 51 appelée
502 566 212 49 Routine,
741 565 107 39 dont
871 564 40 39 la
941 564 161 49 gueule
1138 564 39 38 la
1202 576 179 26 menace
1417 576 54 26 en
1504 562 174 50 lançant
1713 562 76 40 des
1828 561 266 41 tourbillons

92 635 54 40 de
187 634 148 41 fumée
353 639 237 47 empestée.

146 715 19 26 ((
207 703 233 45 Pourtant,
462 703 39 50 je
521 703 37 37 le
582 703 130 43 crois,
748 700 39 38 le
813 707 196 31 monstre
1046 712 45 25 se
1126 697 77 40 fait
1237 699 144 40 vieux,
1410 710 68 26 ses
1511 706 309 30 mouvements
1853 697 121 40 n'ont
1996 698 98 51 plus

93 771 94 38 leur
240 771 178 49 énergie
462 769 232 51 première,
742 780 69 25 ses
852 766 128 39 dents
1019 774 99 31 sont
1159 778 54 26 en
1255 764 163 45 débris,
1457 779 69 25 ses
1568 766 156 49 ongles
1762 769 245 47 émoussés,
2027 778 69 27 ses

94 839 178 39 lourdes
295 846 141 43 pattes
460 837 188 49 glissent
668 848 54 26 en
745 848 46 25 se
817 842 186 44 possant
1042 847 75 26 sur
1158 833 39 39 le
1241 832 111 41 bord
1398 833 58 40 du
1501 834 155 39 rocher
1695 832 346 49 d'Andromède,
2066 835 30 38 il

94 918 258 27 commence
389 908 21 35 à
447 907 275 36 reconnaître
745 900 224 41 l'inutilité
989 902 53 39 de
1068 915 70 26 ses
1167 900 150 41 efforts
1346 915 111 38 pour
1496 916 26 37 y
1557 903 163 48 gravir,
1746 901 28 39 il
1797 916 53 25 va
1875 901 223 40 retomber

94 977 20 35 à
149 971 193 48 l'abîme,
365 972 96 51 déjà
483 970 167 53 parfois
671 984 57 26 on
751 971 160 38 entend
937 983 81 26 son
1061 969 90 39 râle
1179 969 222 50 d'agonie.

150 1053 19 26 ((
194 1039 55 41 Et
273 1040 149 51 quand
447 1039 39 40 la
501 1039 99 40 bête
633 1053 96 26 sera
753 1047 141 31 morte
916 1039 53 38 de
992 1051 46 26 sa
1061 1038 115 39 laide
1198 1047 130 37 mort,
1367 1051 84 38 que
1475 1037 261 40 restera-t-il
1767 1042 21 35 à
1826 1037 108 40 faire
1976 1042 21 35 à
2023 1038 57 39 l'a-

93 1117 122 31 mant
233 1109 171 39 dévoué
426 1108 52 39 de
501 1108 38 39 la
565 1107 191 40 sublime
773 1108 185 51 captive,
984 1107 129 39 sinon
1133 1107 53 38 de
1209 1120 139 36 nager
1367 1107 173 51 jusqu'à
1591 1106 98 46 elle,
1726 1107 52 38 de
1818 1120 175 37 rompre
2028 1120 68 26 ses

92 1177 127 46 liens,
245 1186 55 41 et,
322 1176 283 52 l'emportant
624 1175 191 52 éperdue
851 1179 21 34 à
903 1183 166 31 travers
1090 1174 62 40 les
1187 1174 115 49 flots,
1336 1174 53 39 de
1439 1174 40 39 la
1522 1174 156 39 rendre
1704 1178 18 35 à
1765 1174 36 39 la
1859 1173 153 48 Grèce,
2041 1188 55 26 au

94 1247 149 49 risque
266 1249 144 35 même
429 1245 52 39 de
515 1246 96 37 voir
630 1242 283 40 Andromède
933 1256 135 38 payer
1105 1251 94 31 tant
1221 1242 53 39 de
1306 1244 181 49 passion
1524 1256 79 38 par
1637 1241 316 41 l'indifférence
1985 1251 41 31 et
2058 1242 36 40 la

93 1312 195 40 froideur
311 1316 15 36 ?
347 1312 266 40 Vainement
633 1312 62 38 les
716 1310 181 52 Satyres
913 1311 76 39 des
1010 1324 209 26 cavernes
1240 1312 195 38 voisines
1456 1310 220 40 riront-ils
1698 1310 53 39 de
1777 1323 80 27 son
1894 1310 159 40 ardeur
2075 1314 22 35 à

94 1380 39 39 la
167 1380 203 50 délivrer,
389 1382 254 37 vainement
674 1379 60 39 lui
768 1378 269 40 crieront-ils
1062 1378 51 39 de
1130 1378 94 39 leur
1241 1379 99 38 voix
1357 1378 52 38 de
1433 1377 113 40 bouc
1565 1391 5 24 :
1590 1377 131 47 Mais,
1743 1378 221 39 laisse-lui
1987 1378 112 40 donc

95 1461 70 27 ses
198 1449 179 39 chaînes
405 1451 5 36 !
446 1447 102 41 Sais
572 1456 45 31 tu
645 1448 51 48 si,
717 1446 126 50 libre,
869 1447 84 39 elle
974 1447 169 39 voudra
1162 1460 44 25 se
1229 1446 171 40 donner
1417 1451 21 34 à
1461 1448 58 38 toi
1543 1450 15 36 ?
1576 1445 97 41 Nue
1696 1455 40 31 et
1759 1446 255 47 enchaînée,
2058 1446 39 40 la

95 1517 185 51 majesté
300 1517 53 39 de
376 1529 80 26 son
480 1515 203 40 malheur
702 1514 100 40 n'en
825 1523 64 31 est
910 1528 84 38 que
1009 1517 145 37 moins
1176 1513 256 40 inviolable.
1458 1526 20 25 ))
1492 1512 205 42 L'amant
1715 1515 73 50 qui
1812 1515 113 38 aime
1950 1528 21 24 a
1995 1514 80 39 hor-

96 1598 100 26 reur
213 1585 103 39 d'un
335 1585 56 38 tel
415 1585 134 38 crime
576 1599 8 32 ;
611 1583 28 39 il
663 1591 103 31 veut
790 1583 195 39 recevoir
1006 1591 41 31 et
1068 1595 87 27 non
1174 1582 219 38 arracher.
1422 1580 102 41 Non
1565 1582 244 39 seulement
1852 1582 29 38 il
1915 1595 184 26 sauvera

97 1653 275 39 chastement
395 1651 299 45 Andromède,
729 1651 113 38 mais
862 1655 127 47 après
1030 1651 123 38 avoir
1193 1649 164 50 baigné
1385 1649 53 39 de
1477 1649 161 39 larmes
1661 1648 202 40 d'amour
1886 1662 69 26 ses
1978 1649 124 51 pieds

95 1721 208 39 meurtris
335 1719 132 40 d'une
506 1721 35 38 si
576 1719 166 49 longue
776 1719 200 43 étreinte,
1005 1717 28 39 il
1068 1717 60 40 lui
1167 1717 248 40 donnerait,
1442 1717 66 39 s'il
1539 1718 103 38 était
1665 1715 211 53 possible,
1899 1717 76 39 des
1996 1717 106 39 ailes

94 1801 157 27 encore
277 1802 114 37 pour
414 1792 210 35 accroître
650 1800 47 26 sa
720 1785 174 40 liberté.

151 1869 19 27 ((
207 1856 147 50 Voilà,
374 1855 249 48 Monsieur,
646 1863 120 32 toute
802 1855 39 38 la
880 1853 254 53 profession
1180 1853 53 40 de
1255 1853 59 40 foi
1358 1867 84 38 que
1463 1854 36 51 je
1529 1855 99 50 puis
1651 1866 111 26 vous
1781 1852 123 51 faire,
1927 1861 41 32 et
1992 1853 37 52 je
2061 1853 39 39 la

95 1923 84 40 fais
193 1925 292 50 uniquement
508 1937 111 38 pour
642 1936 195 38 prouver
858 1936 85 38 que
965 1923 70 52 j'ai
1056 1935 88 26 une
1165 1921 199 40 foi.Tant
1379 1922 54 39 cle
1452 1923 276 50 professeurs
1745 1934 53 26 en
1819 1929 246 43 manquent
2092 1925 7 36 !

96 1990 440 41 Malheureusement
575 1992 87 49 oui,
705 1991 83 52 j'en
841 1992 39 37 ai
913 2004 101 35 une,
1060 1990 38 51 je
1149 1990 71 39 l'ai
1256 1998 95 43 trop
1390 1989 253 52 longtemps
1676 1987 225 53 professée
1944 2002 75 26 sur
2042 1989 61 39 les

95 2061 118 49 toits,
238 2059 230 41 obéissant
483 2061 280 50 pieusement
802 2073 54 25 au
894 2063 207 47 précepte
1135 2056 310 53 évangélique.
1489 2056 55 40 Et
1584 2057 141 50 grand
1763 2065 63 31 est
1862 2056 38 39 le
1937 2065 84 31 tort
2044 2057 59 39 du

96 2127 217 52 proverbe
336 2139 6 25 :
367 2140 19 26 ((
414 2127 31 39 Il
462 2128 72 51 n'y
556 2142 21 24 a
619 2141 85 37 que
727 2127 38 39 la
801 2126 59 40 foi
883 2128 73 50 qui
988 2139 134 26 sauve
1157 2137 37 27 )>.
1217 2125 32 39 Il
1273 2125 71 52 n'y
1361 2140 20 24 a
1405 2138 84 38 que
1509 2125 39 39 la
1567 2124 59 40 foi
1651 2126 73 43 qui
1748 2124 122 52 perd,
1911 2138 53 26 au
1997 2138 80 26 con-

99 2197 130 38 traire
255 2208 8 36 ;
287 2195 102 40 c'est
413 2196 83 38 elle
520 2197 75 49 qui
613 2208 70 26 me
698 2195 173 51 perdra.
896 2194 124 40 Telle
1044 2203 64 30 est
1132 2208 71 24 ma
1233 2193 258 40 conclusion
1527 2208 7 32 ;
1576 2193 244 51 j'ajouterai
1856 2192 246 40 seulement

99 2277 172 27 comme
294 2263 79 41 fait
398 2277 104 26 mon
527 2262 203 42 Galiléen
753 2265 88 37 ami
861 2262 318 52 Griepenkerl,.
1195 2276 55 28 au
1277 2260 80 41 bas
1374 2262 53 38 de
1447 2270 143 31 toutes
1624 2274 69 26 ses
1722 2260 148 40 lettres
1897 2272 6 26 :
1925 2275 18 24 e
1965 2269 82 45 pur
2065 2275 34 24 si

97 2346 147 27 muove
264 2337 14 34 !
302 2331 134 41 —Ne
460 2345 70 26 me
565 2332 226 39 dénoncez
820 2344 79 39 pas
923 2331 97 39 àla
1047 2331 141 39 sainte
1210 2329 281 53 Inquisition.

1358 2433 31 41 «
1389 2433 187 41 Hector
1600 2433 224 41 BERLIOZ.
1824 2433 28 41 »

154 2587 126 40 Cette
299 2588 125 39 lettre
439 2587 207 40 brillante
662 2596 40 31 et
723 2587 227 50 hautaine,
971 2587 99 52 plus
1088 2588 209 39 littéraire
1316 2601 84 38 que
1423 2588 227 50 musicale,
1674 2588 109 39 n'est
1805 2601 79 38 pas
1900 2597 200 42 exempte

99 2656 53 39 cle
172 2657 271 50 rhétorique,
478 2656 24 39 d
524 2660 168 47 apprêt,
735 2664 41 31 et
799 2658 145 36 même
976 2655 53 39 cle
1064 2654 71 40 bel
1177 2657 150 50 esprit.
1361 2654 62 40 La
1464 2656 258 51 métaphore
1743 2671 27 36 y
1799 2665 64 30 est
1890 2656 206 40 conduite

100 2737 103 26 avec
241 2737 86 26 une
367 2725 231 38 virtuosité
635 2723 281 51 particulière
948 2734 9 27 :
1000 2723 161 39 nouvel
1197 2723 198 51 exemple
1430 2723 129 40 d'une
1616 2724 321 39 contradiction
1977 2737 121 26 assez

99 2793 213 50 piquante
334 2791 58 39 du
413 2792 289 38 romantisme
725 2791 91 49 qui,
845 2804 53 25 au
942 2799 199 32 moment
1161 2795 142 35 même
1327 2797 56 34 où
1403 2792 28 38 il
1453 2800 103 31 veut
1579 2793 202 38 anéantir
1818 2792 38 39 le
1900 2800 198 32 monstre

100 2858 289 40 Classicisme
413 2857 124 53 (dont
558 2858 40 39 la
618 2858 163 50 gueule
801 2860 138 37 vomit
963 2872 85 26 une
1063 2858 145 40 fumée
1225 2864 235 47 empestée,
1486 2857 117 55 etc.),
1628 2869 233 42 emprunte
1882 2865 21 35 à
1933 2874 46 26 ce
1998 2860 75 40 der-

100 2928 95 38 nier
210 2939 70 27 ses
302 2926 153 40 cadres
479 2926 53 39 de
563 2926 408 51 développements,
995 2940 69 26 ses
1089 2926 224 53 symboles
1346 2932 231 35 consacrés
1609 2937 40 30 et
1685 2937 93 31 tout
1798 2941 79 27 son
1898 2929 198 39 matériel

101 2996 206 38 oratoire.
332 3018 52 3 —
413 2993 189 41 Comme
621 2995 255 50 expression
916 2994 53 39 de
993 3001 233 44 caractère,
1256 2996 38 38 la
1335 2996 125 39 lettre
1476 3009 114 26 nous
1621 2995 77 40 fait
1719 2998 97 38 voir
1838 3011 59 25 un
1917 2996 179 40 homme

99 3062 107 40 dont
229 3062 327 50 l'imagination
569 3064 166 48 grossit
753 3071 144 31 toutes
937 3062 173 52 choses,
1138 3066 74 49 qui
1229 3072 64 31 est
1310 3064 114 51 dupe
1447 3064 54 39 de
1521 3077 81 26 son
1633 3066 312 47 imagination,
1980 3072 40 31 et
2043 3077 53 26 en

102 3132 79 38 tire
219 3139 325 32 constamment
573 3131 76 39 des
662 3129 152 41 motifs
830 3130 54 39 de
906 3130 263 50 souffrance,
1207 3144 78 38 par
1326 3132 111 38 suite
1472 3130 53 39 de
1552 3129 269 41 l'inévitable
1843 3130 228 52 dispropor-

102 3199 90 39 tion
212 3201 73 49 qui
321 3198 191 41 s'établit
550 3207 122 31 entre
692 3198 62 40 les
788 3197 222 40 fantômes
1049 3199 106 39 dont
1177 3199 28 38 il
1230 3206 64 32 est
1336 3197 179 50 obsédé,
1550 3206 41 31 et
1629 3198 38 38 la
1704 3198 166 39 réalité.
1896 3196 65 42 Ne
1991 3212 78 26 con-

102 3265 155 41 fondez
280 3281 80 38 pas
395 3276 109 31 cette
524 3266 249 41 souffrance
796 3279 103 27 avec
944 3266 106 40 celle
1071 3266 102 39 dun
1193 3265 255 41 Beethoven
1470 3279 55 26 ou
1563 3266 105 39 d'un
1705 3265 182 41 Weber.
1924 3266 172 40 Berlioz

104 3334 101 41 s'est
235 3336 138 39 rendu
406 3335 227 40 lui-même
674 3335 304 49 malheureux,
1020 3334 90 39 cela
1155 3342 65 31 est
1261 3334 175 39 évident
1461 3346 8 36 ;
1507 3333 29 40 il
1561 3348 21 25 a
1618 3339 219 35 méconnu
1885 3335 211 51 l'antique

102 3408 201 47 précepte
325 3404 53 39 de
400 3403 256 53 Pythagore
682 3416 8 27 :
712 3417 50 25 ne
779 3417 139 40 ronge
931 3402 125 55 point
1092 3408 72 33 ton
1188 3417 111 24 cœur
1313 3401 12 35 !
1360 3401 63 40 De
1457 3402 116 52 plus,
1616 3416 55 26 on
1710 3403 130 40 dirait
1861 3403 104 52 qu'il
1990 3404 106 38 tient
