2179 3573
720 128 192 26 LETTRES
947 121 203 33 INÉDITES
1184 129 56 25 DE
1275 128 182 26 BERLIOZ

2002 126 78 36 427

136 216 52 49 Je
209 231 105 26 vous
346 218 94 39 dois
468 218 213 54 beaucoup
703 225 35 33 et
750 219 48 52 je
812 219 112 40 serai
946 219 93 40 bien
1060 219 183 40 heureux
1268 220 37 39 si
1326 235 101 26 vous
1458 220 182 53 daignez
1672 234 185 26 recevoir
1880 225 58 33 cet
1960 217 91 41 hom-

91 298 125 38 mage
240 285 51 38 de
313 299 99 24 mon
423 286 144 52 jaible
590 286 128 40 talent
738 301 156 25 comme
914 303 57 24 un
995 288 277 53 témoignage
1294 289 49 38 de
1362 304 68 23 ma
1453 288 88 41 vive
1559 287 365 40 reconnaissance.

141 350 89 40 J'ai
252 349 227 44 Vhonneur
499 353 141 49 d'être,
665 353 221 40 Monsieur
909 355 35 38 le
972 355 199 48 Vicomte,
1197 370 96 25 avec
1316 355 35 39 le
1369 356 98 54 plus
1484 356 194 54 profond
1695 362 172 48 respect,

320 418 125 42 Votre
468 423 160 38 dévoué
642 423 219 47 serviteur,

1458 490 162 40 Hector
1642 490 209 40 BERLIOZ.

1150 576 96 41 Rue
1270 577 52 39 de
1345 576 246 47 Richelieu,
1616 580 122 48 n°9Ô.

145 703 318 54 Bibliothèque
485 706 58 39 du
583 705 344 41 Conservatoire
1354 728 53 5 —
1436 705 69 40 Cf.
1531 706 158 40 Lettres
1722 707 167 39 intimes
1895 738 8 17 ,
1957 722 40 36 p.
2028 721 50 36 34

88 769 76 55 (du
188 786 23 37 9
231 773 105 39 avril
371 773 116 51 1829)
510 784 50 28 :((
579 774 49 52 Je
650 786 111 27 vous
793 775 155 37 envoie
984 772 130 40 Faust
1122 804 7 14 ,
1167 774 127 38 dédié
1315 778 21 34 à
1367 772 61 40 M.
1454 774 53 38 de
1544 774 39 38 la
1620 773 351 42 Rochefoucault
1988 786 7 36 ;
2032 787 46 26 ce

89 840 152 40 n'était
261 854 79 37 pas
364 854 113 37 pour
498 840 59 39 lui
575 844 62 36 !...
661 851 21 27 ))

910 972 36 40 A
969 972 295 41 MEYERBEER.

1534 1085 41 35 23
1594 1076 188 32 décembre
1803 1076 102 43 1843.

316 1170 111 42 Cher
450 1170 172 51 Maître,

153 1272 118 40 Voici
296 1273 14 38 l
327 1273 257 54 exemplaire
607 1275 159 38 destiné
781 1277 22 35 à
827 1273 259 41 VAcadémie
1107 1276 50 38 de
1171 1275 149 39 Berlin
1341 1290 96 25 avec
1463 1290 80 24 une
1575 1276 115 39 lettre
1712 1276 49 38 de
1789 1274 288 55 présentation

88 1341 49 38 de
160 1338 234 56 Vouvrage,
425 1341 87 47 j'en
536 1342 139 52 ajoute
697 1356 80 23 une
799 1348 116 33 autre
945 1357 76 38 que
1032 1343 48 52 je
1103 1358 101 24 vous
1218 1343 94 54 prie
1339 1344 49 38 de
1406 1343 92 39 bien
1525 1343 168 40 vouloir
1726 1349 199 47 accepter.
1967 1341 111 40 C'est

86 1424 81 24 une
190 1411 107 38 dette
318 1425 77 38 que
409 1410 27 52 j
453 1410 192 54 acquitte,
666 1425 72 26 vos
762 1424 161 25 œuvres
944 1425 39 24 m
1002 1417 126 46 ayant
1134 1411 159 52 fourni
1311 1417 88 33 tant
1415 1411 49 38 de
1487 1411 134 39 beaux
1642 1411 208 53 exemples
1871 1411 103 38 dont
1997 1410 75 51 j'ai

84 1477 157 54 profité
257 1479 49 38 de
329 1484 131 33 toutes
478 1478 221 39 manières.

143 1545 35 39 L
196 1545 254 54 exemplaire
473 1546 55 38 du
550 1545 87 39 Roi
656 1560 105 24 vous
778 1559 92 24 sera
884 1545 127 38 remis
1028 1553 81 46 par
1131 1544 61 42 M.
1210 1546 138 48 Land,
1371 1546 72 53 qui
1460 1560 85 25 sen
1562 1553 57 32 est
1651 1545 170 54 chargé.

141 1611 124 40 Mille
286 1613 166 39 amitiés
474 1619 36 32 et
526 1613 273 53 complimens
819 1618 42 32 et
876 1613 331 47 renierciemens,

1559 1679 54 40 H.
1641 1679 211 40 BERLIOZ.

141 1813 508 53 MonsieurMeyeerbeer,
674 1813 129 40 Hôtel
825 1814 48 39 de
893 1813 205 54 l'Empire
1119 1813 55 48 (le
1206 1826 104 27 nom
1335 1813 53 38 de
1416 1811 259 52 Meyerbeer
1715 1825 21 25 a
1773 1814 66 36 été
1868 1814 143 46 gratté
2034 1818 40 31 et

87 1882 176 39 déchiré
284 1896 76 25 sur
378 1882 40 39 la
442 1880 302 53 suscription).

144 1948 237 40 Collection
406 1949 79 39 Ch.
518 1948 234 40 Malherbe.

140 2015 251 52 L'ouvrage
409 2018 108 39 dont
535 2018 29 38 il
588 2025 64 31 est
670 2018 205 50 question
897 2018 52 37 ici
973 2024 64 31 est
1072 2016 39 38 le
1139 2014 141 40 Traité
1302 2013 429 41 d'instrumentation.
1848 2013 31 38 Il
1897 2026 53 25 ne
1976 2011 74 40 fau-

84 2085 113 39 drait
217 2098 81 38 pas
323 2087 108 37 tirer
454 2086 77 38 des
551 2089 329 46 conséquences
903 2085 244 38 excessives
1170 2084 58 38 du
1265 2082 289 52 compliment
1576 2090 190 31 contenu
1800 2085 21 35 à
1856 2081 38 38 la
1935 2079 60 40 fin
2017 2081 57 38 du

84 2154 191 50 premier
298 2152 283 51 paragraphe
604 2166 7 24 :
635 2152 62 38 les
714 2163 19 27 ((
760 2151 139 40 beaux
913 2150 221 52 exemples
1155 2162 20 26 ))
1200 2150 107 40 dont
1329 2150 172 40 Berlioz
1526 2164 21 25 a
1578 2161 20 27 ((
1618 2147 158 54 profité
1800 2160 20 27 ))
1853 2156 99 31 sont
1969 2149 79 38 sim-

82 2220 195 51 plement
296 2220 77 39 des
391 2218 248 50 fragments
662 2220 53 38 de
732 2218 159 40 Robert
913 2218 35 39 le
987 2218 154 39 Diable
1164 2227 40 31 et
1227 2218 76 39 des
1326 2217 255 54 Huguenots
1602 2232 58 36 qu
1679 2216 28 39 il
1728 2230 21 25 a
1775 2218 168 37 insérés
1960 2215 110 39 dans

85 2301 80 27 son
190 2289 127 39 traité
335 2300 177 27 comme
534 2298 20 27 ((
579 2286 221 52 exemples
825 2297 19 27 ))
862 2286 230 40 d'écriture
1115 2286 282 40 orchestrale.

827 2416 38 40 A
884 2418 264 40 FERDINAND
1171 2416 162 41 DAVID.

1450 2520 114 37 Paris,
1590 2531 17 30 7
1630 2520 136 41 janvier
1797 2519 101 43 1854.

302 2614 107 40 Mon
426 2614 94 40 cher
538 2615 156 49 David,

143 2718 41 47 Je
205 2717 87 39 suis
314 2717 208 40 vraiment
546 2719 231 36 tourmenté
799 2716 49 38 de
870 2729 50 25 ne
931 2723 79 45 pas
1023 2715 118 39 avoir
1164 2716 49 38 de
1232 2729 73 26 vos
1321 2715 212 39 nouvelles
1548 2729 11 33 ;
1578 2723 153 45 prenez
1753 2715 109 38 donc
1877 2729 57 24 un
1950 2721 121 47 quart

83 2785 169 40 d'heure
274 2793 111 44 pour
417 2783 53 40 ni
477 2783 144 49 écrire,
639 2797 102 26 vous
761 2782 276 54 m'obligerez
1075 2783 228 53 beaucoup.
1329 2782 51 48 Je
1410 2797 102 25 vous
1545 2782 42 39 ai
1608 2785 155 49 envoyé
1791 2783 36 38 le
1865 2798 51 24 22
1942 2797 51 25 ou
2036 2782 35 38 le

84 2869 52 38 2q
161 2852 213 40 décembre
397 2851 168 39 dernier
586 2865 100 25 mon
711 2850 218 51 Requiem
952 2856 36 32 et
1008 2848 109 42 Sara
1141 2850 39 39 la
1206 2850 250 50 Baigneuse
1480 2865 94 25 avec
1597 2856 104 33 texte
1724 2850 228 50 allemand,
1971 2850 99 55 plus

82 2936 80 25 une
182 2921 129 39 lettre.
336 2919 241 41 Avez-vous
596 2933 91 36 reçu
714 2918 36 38 le
769 2924 87 33 tout
874 2920 15 36 ?
919 2916 64 40 Ou
1006 2931 50 25 en
1070 2924 58 32 est
1150 2917 40 39 la
1207 2932 188 38 gravure
1415 2919 49 37 de
1487 2917 39 40 la
1547 2917 125 40 Fuite
1689 2931 53 26 en
1765 2917 173 53 Egypte
1975 2917 96 53 cheq

80 2988 176 40 Kistner
272 2990 15 37 ?

137 3055 157 49 Qu'ont
317 3055 61 39 dit
394 3055 57 39 les
468 3055 217 50 journaux
707 3051 50 40 de
779 3052 178 54 Leipzig
977 3067 70 24 sur
1077 3067 100 25 mon
1198 3060 162 33 concert
1384 3057 15 36 ?

133 3123 160 40 A-t-on
312 3122 148 55 publié
482 3123 106 38 dans
611 3122 36 38 le
665 3119 233 53 Leipziger
920 3119 239 51 Tageblatt
1180 3137 67 23 ma
1270 3122 114 39 lettre
1418 3123 54 38 du
1502 3123 184 53 Journal
1707 3123 76 38 des
1806 3121 166 40 Débats
2018 3135 49 24 en

78 3194 176 49 réponse
273 3194 22 35 à
320 3191 214 39 l'insolent
552 3203 232 39 mensonge
804 3189 48 38 de
873 3187 13 39 l
904 3195 145 32 avocat
1068 3189 52 38 du
1136 3189 209 39 directeur
1367 3190 49 38 de
1439 3188 171 55 l'Opéra
1632 3190 71 53 qui
1717 3189 53 40 ni
1776 3189 216 40 attribuait
2012 3189 57 38 les

78 3258 265 39 mutilations
377 3259 53 38 du
457 3258 253 40 Freischùtz
734 3261 14 35 ?

137 3325 117 41 Cette
266 3326 168 54 stupide
473 3326 151 54 affaire
658 3339 64 25 me
743 3325 141 38 donne
913 3338 58 25 un
1000 3323 181 54 chagrin
1218 3331 36 33 et
1282 3340 81 23 une
1394 3324 279 54 indignation
1705 3340 77 39 que
1811 3341 103 25 vous
1945 3327 123 51 deveq

78 3394 291 53 comprendre.
381 3392 92 51 J'ai
504 3396 124 51 passé
647 3392 148 54 quinqe
819 3406 75 25 ans
916 3392 50 39 de
986 3407 68 24 ma
1077 3392 63 40 vie
1152 3392 50 39 de
1225 3392 172 54 critique
1413 3397 22 35 à
1456 3394 225 40 combattre
1704 3395 57 38 les
1796 3401 267 42 correcteurs,
