2179 3573
767 137 266 28 DOCUMENTS
1067 137 361 33 BIOGRAPHIQUES

2013 136 82 37 407

101 230 75 47 tin,
199 229 247 50 par-devant
461 240 125 34 nous,,
605 228 131 39 Maire
762 237 38 30 et
826 228 160 39 officier
1008 229 50 37 de
1085 229 111 38 l'état
1218 228 96 39 civil
1352 229 51 37 de
1427 228 38 37 la
1483 240 228 26 commune
1730 228 49 37 de
1809 227 290 45 Montmartre,

103 294 60 29 est
192 296 202 37 comparu
417 285 36 37 le
477 284 111 38 sieur
612 284 131 38 Louis
768 286 161 36 Hector
960 285 175 47 Berlioz,
1157 285 73 49 âgé
1263 285 51 37 de
1344 292 135 30 trente
1509 296 74 26 ans
1613 293 40 28 et
1671 283 125 48 demi,
1815 282 287 50 compositeur

101 343 49 36 de
180 339 195 50 musique
396 341 248 37 demeurant
676 354 52 24 en
760 349 105 29 cette
889 353 224 25 commune
1133 352 71 26 rue
1246 341 202 37 St-Denis
1479 352 45 24 n<>
1552 352 61 36 10,
1644 340 140 50 lequel
1823 350 107 26 nous
1959 350 23 25 a
2012 337 68 50 pré-

103 398 114 37 senté
236 408 58 25 un
324 396 143 38 enfant
487 409 79 37 que
585 409 108 25 nous
724 409 129 25 avons
878 408 187 25 reconnu
1088 396 84 37 être
1203 396 55 37 du
1282 408 95 25 sexe
1414 395 208 38 masculin
1646 397 50 36 né
1737 395 116 37 audit
1872 394 99 47 lieu,
1994 393 104 47 hier,

102 454 21 36 à
146 464 105 25 onze
279 451 152 38 heures
455 453 55 36 du
540 452 148 46 matin,
712 453 49 36 de
797 451 58 37 lui
878 451 215 38 déclarant
1115 460 39 28 et
1176 451 50 37 de
1250 451 218 37 Henriette
1500 452 242 37 Constance
1768 450 233 47 Smithson,
2024 461 76 25 son

101 510 173 47 épouse,
294 507 100 50 âgée
411 508 51 38 de
484 516 133 29 trente
638 508 109 37 deux
771 519 74 25 ans
869 515 40 29 et
931 507 125 46 demi,
1082 506 141 37 artiste
1246 506 282 49 dramatique,
1559 508 139 37 même
1721 508 214 44 demeure,
1960 514 39 29 et
2028 517 49 25 au-

104 563 96 51 quel
228 562 145 39 enfant
405 563 29 37 il
470 564 165 37 déclare
660 564 163 36 donner
846 562 59 37 les
937 562 198 49 prénoms
1165 562 50 36 de
1248 561 144 47 Louis,
1420 570 78 30 etc.
1533 576 19 21 »

517 667 14 38 5
541 662 16 17 0
588 653 148 40 DÉCÈS
783 650 306 41 D'HENRIETTE
1122 650 268 41 CONSTANCE
1428 649 250 43 SMITHSON.

152 733 191 36 EXTRAIT
362 731 68 37 des
450 731 176 37 minutes
648 730 67 37 des
738 736 110 31 actes
870 732 48 34 de
935 728 132 39 décès.

150 804 18 18 «
197 787 216 38 Ancienne
443 797 224 26 commune
691 785 49 37 de
766 785 290 45 Montmartre,
1080 784 133 37 année
1241 785 112 46 1854.

150 859 19 18 «
195 844 100 36 L'an
318 842 71 37 mil
413 841 89 37 huit
531 849 96 29 cent
655 841 231 48 cinquante
910 848 162 40 quatre,
1109 839 36 38 le
1176 839 106 37 trois
1323 851 127 35 mars,
1475 847 61 29 est
1562 839 186 36 décédée
1772 839 20 36 à
1822 839 278 38 Montmartre

98 898 170 49 (Seine),
295 896 217 39 Henriette
533 897 237 36 Constance
792 895 233 43 Smithson,
1048 907 95 25 sans
1166 894 254 49 profession,
1445 895 99 48 âgée
1562 895 49 36 de
1629 893 358 49 cinquante-trois
2009 907 89 33 ans,

98 954 76 38 née
198 954 22 36 à
246 952 153 38 Ernuis
419 953 218 49 (Irlande),
667 951 159 50 épouse
851 952 202 36 d'Hector
1078 950 180 46 Berlioz,
1289 949 289 50 compositeur
1603 950 50 37 de
1681 950 209 49 musique,
1914 958 77 29 etc.
2024 962 19 25 »

149 1010 116 48 (Acte
292 1008 288 49 reconstitué.)

600 1101 42 37 6°
676 1095 182 43 SECOND
891 1109 196 27 MARIAGE
1119 1095 233 41 D'HECTOR
1385 1095 215 40 BERLIOZ.

149 1191 18 19 «
195 1176 249 52 Préfecture
470 1175 54 38 du
559 1175 290 51 département
870 1175 48 38 de
950 1176 39 37 la
1020 1176 137 38 Seine.
1282 1176 194 36 EXTRAIT
1512 1175 70 36 des
1611 1174 176 38 minutes
1817 1173 69 39 des
1922 1182 112 30 actes
2053 1175 47 36 de

102 1232 205 51 mariage.

149 1303 18 18 «
195 1287 164 37 Ancien
384 1287 133 39 Paris.
540 1288 146 36 Année
714 1288 115 47 1854.

148 1359 18 18 «
199 1343 100 37 L'an
317 1342 72 37 mil
409 1342 91 38 huit
519 1350 95 30 cent
630 1342 230 49 cinquante
885 1350 159 42 quatre,
1065 1342 36 37 le
1121 1340 196 39 dix-neuf
1333 1342 172 36 octobre
1530 1342 21 36 à
1570 1340 135 39 Paris.
1728 1341 101 37 Acte
1846 1340 50 37 de
1917 1339 181 50 mariage

98 1399 49 37 de
197 1400 160 36 Hector
402 1398 166 38 Berlioz
608 1399 249 37 demeurant
896 1411 72 24 rue
1005 1397 226 37 Boursault
1275 1410 59 36 19,
1368 1396 102 38 veuf
1495 1397 50 37 de
1594 1396 219 38 Henriette
1853 1397 244 36 Constance

100 1454 231 44 Smithson,
346 1454 65 38 fils
430 1455 50 36 de
507 1455 158 49 Joseph
698 1455 128 36 Louis
851 1454 163 37 Berlioz
1038 1462 39 28 et
1100 1455 50 36 de
1172 1452 229 50 Joséphine
1427 1452 225 44 Marmion,
1681 1464 78 25 son
1779 1452 173 48 épouse,
1984 1458 40 30 et
2045 1451 51 37 de

99 1510 132 38 Marie
267 1509 233 39 Geneviève
537 1509 170 47 Martin,
731 1510 247 37 demeurant
1012 1521 72 25 rue
1115 1507 227 38 Boursault
1371 1516 47 28 no
1449 1521 60 36 19,
1546 1507 85 37 fille
1657 1507 50 38 de
1730 1507 158 49 Joseph
1925 1506 170 48 Martin,

100 1566 155 37 décédé
286 1575 39 28 et
347 1567 50 36 de
420 1566 148 37 Sotera
590 1566 49 37 de
670 1564 133 46 Vilas,
828 1577 77 24 son
925 1564 171 49 épouse,
1120 1572 78 29 etc.
1224 1575 20 25 »

149 1622 116 48 (Acte
296 1620 295 49 reconstitué.)

421 1726 20 35 7
448 1717 15 16 0
494 1709 148 40 DÉCÈS
674 1723 55 26 DE
764 1723 52 26 LA
849 1721 200 28 SECONDE
1082 1721 145 26 FEMME
1260 1721 56 25 DE
1348 1705 196 42 BERLIOZ
1670 1709 100 38 1862

152 1791 191 35 EXTRAIT
363 1789 51 36 du
437 1789 182 50 registre
641 1789 69 36 des
733 1794 110 30 actes
864 1787 48 37 de
933 1785 114 39 décès
1076 1785 47 37 de
1146 1786 39 36 la
1209 1797 216 25 commune
1452 1784 49 37 de
1521 1784 349 37 Saint-Germain
1890 1795 47 25 en
1961 1783 136 51 Laye,

97 1846 145 51 déposé
259 1857 52 24 au
335 1845 136 52 greffe
496 1845 52 36 du
581 1843 185 38 tribunal
801 1843 97 37 civil
927 1843 49 36 de
1015 1840 224 39 Versailles
1267 1852 108 38 pour
1402 1839 157 38 Vannée
1584 1839 74 37 mil
1679 1839 91 37 huit
1786 1846 91 30 cent
1904 1838 196 38 soixante

96 1902 118 37 deux.

153 1972 18 19 «
199 1957 103 37 Acte
325 1956 49 37 de
395 1955 122 38 décès
540 1956 55 36 du
627 1954 128 38 treize
784 1953 88 51 juin
895 1952 73 37 mil
990 1952 90 37 huit
1115 1960 94 29 cent
1233 1951 192 37 soixante
1465 1951 124 43 deux,
1614 1950 98 49 cinq
1732 1950 151 37 heures
1904 1957 40 30 et
1960 1948 137 39 demie

98 2013 54 37 du
182 2011 98 38 soir.
320 2010 281 51 Aujourd'hui
632 2011 21 36 à
684 2010 101 38 midi
828 2017 61 29 est
915 2008 181 37 décédée
1119 2007 22 36 à
1165 2006 340 38 Saint-Germain
1542 2018 72 25 rue
1655 2007 50 36 de
1728 2005 228 38 Versailles
1979 2015 45 26 no
2047 2005 48 37 26

96 2069 120 36 dame
242 2067 132 37 Marie
404 2065 234 39 Geneviève
675 2064 171 48 Martin,
878 2076 95 25 sans
1004 2062 256 50 profession,
1284 2062 98 49 âgée
1407 2062 50 37 de
1491 2069 201 42 quarante
1733 2061 91 38 huit
1846 2073 88 34 ans,
1954 2060 76 37 née
2074 2060 22 37 à

96 2124 214 48 Chatenay
352 2122 171 47 (Seine),
554 2122 156 49 épouse
740 2122 49 36 de
834 2121 56 37 M.
929 2119 127 37 Louis
1095 2119 158 37 Hector
1294 2116 180 45 Berlioz,
1519 2118 187 36 membre
1748 2118 50 36 de
1822 2116 200 38 l'lnstitut
2044 2116 51 36 de

98 2181 175 45 France,
570 2178 22 36 à
623 2177 115 37 Paris
761 2189 73 24 rue
872 2176 49 36 de
947 2173 138 39 Calais
1116 2184 45 26 no
1190 2186 38 36 4,
1263 2173 191 37 constaté
1482 2184 76 38 par
1580 2185 110 25 nous
1714 2172 114 38 Jules
1844 2171 150 39 Xavier
2018 2172 50 36 Sa-

98 2248 102 37 guez
216 2236 49 36 de
291 2235 216 48 Brumery,
531 2232 127 38 maire
679 2234 50 35 de
754 2239 107 30 cette
889 2231 112 46 ville,
1025 2229 159 38 officier
1200 2229 49 37 de
1272 2229 114 37 l'état
1408 2227 110 47 civil,
1543 2237 110 29 etc...
1673 2243 18 20 »

399 2326 42 37 8°
472 2322 149 41 DÉCÈS
656 2337 55 26 DE
742 2319 362 43 LOUIS-HECTOR
1136 2318 195 41 BERLIOZ
1448 2330 23 40 9
1508 2330 120 28 mars
1665 2319 118 49 1869.

148 2419 18 18 «
187 2402 243 52 Préfecture
442 2402 51 36 du
514 2401 290 49 département
824 2399 48 37 de
893 2399 39 36 la
958 2398 137 37 Seine.
1183 2398 192 35 EXTRAIT
1399 2396 69 37 des
1491 2395 177 38 minutes
1688 2394 68 37 des
1778 2401 110 30 actes
1909 2393 48 37 de
1973 2391 115 38 décès

95 2460 51 37 du
275 2458 355 37 arrondissement
658 2457 47 36 de
724 2456 146 37 Paris.

146 2530 18 17 «
195 2515 66 36 Du
288 2513 133 38 mardi
444 2512 104 38 neuf
556 2525 109 24 mars
683 2511 71 37 mil
777 2511 91 36 huit
891 2518 95 30 cent
1007 2507 323 46 soixante-neuf,
1354 2518 83 26 une
1460 2507 129 36 heure
1613 2513 40 29 et
1682 2504 138 38 demie
1843 2504 50 37 de
1914 2503 176 37 relevée.

94 2572 101 36 Acte
220 2570 50 37 de
308 2568 122 39 décès
460 2569 50 36 de
536 2580 9 26 :
587 2567 321 38 Louis-Hector
947 2563 179 45 Berlioz,
1163 2561 289 49 compositeur
1481 2561 49 37 de
1570 2560 207 48 musique,
1816 2559 187 36 membre
2043 2558 49 36 de

99 2625 213 47 l'lnstitut,
336 2624 160 37 officier
519 2624 50 36 de
599 2624 38 36 la
670 2622 161 50 Légion
855 2621 252 41 d'honneur,
1145 2618 73 48 âgé
1255 2619 50 35 de
1347 2617 190 36 soixante
1561 2615 98 49 cinq
1700 2627 90 33 ans,
1815 2613 50 37 né
1887 2613 79 37 ala
1986 2613 105 37 Cote

97 2680 279 40 Saint-André
402 2678 159 50 (Isère),
583 2678 156 38 décédé
759 2676 92 38 hier
874 2676 22 37 à
924 2674 103 38 midi
1051 2682 38 29 et
1109 2673 110 37 demi
1243 2685 50 24 en
1318 2684 77 25 son
1411 2670 214 45 domicile,
1651 2681 72 25 rue
1743 2670 50 36 de
1824 2667 138 39 Calais
1986 2674 45 30 n°
2052 2680 38 34 4.

96 2736 114 39 Veuf
243 2749 51 24 en
317 2735 180 50 premier
536 2734 181 48 mariage
755 2734 50 36 de
837 2730 219 38 Henriette
1095 2728 216 39 Smithson
1336 2736 40 29 et
1399 2726 111 38 aussi
1533 2725 101 38 veuf
1657 2737 49 24 en
1731 2725 159 36 second
1913 2723 181 50 mariage

96 2794 50 37 de
173 2805 8 25 :
198 2791 131 37 Marie
353 2788 234 39 Geneviève
620 2788 171 38 Martin.
823 2788 56 36 Le
919 2785 60 37 dit
1020 2793 89 28 acte
1145 2784 140 37 dressé
1310 2795 51 25 en
1385 2782 201 49 présence
1611 2790 39 27 et
1679 2793 70 24 sur
1775 2780 38 37 la
1836 2779 259 38 déclaration

95 2850 50 36 de
168 2848 107 39 MM.
304 2845 130 38 Louis
457 2846 210 42 Maurant,
692 2841 292 51 propriétaire,
1009 2841 73 48 âgé
1103 2840 50 37 de
1177 2839 230 49 cinquante
1432 2838 109 36 deux
1563 2848 90 32 ans,
1676 2843 39 30 et
1742 2836 104 37 Jean
1871 2834 220 47 Ladonne,

95 2902 209 51 employé,
335 2901 72 50 âgé
447 2902 49 36 de
521 2899 226 50 cinquante
771 2897 104 38 trois
905 2909 90 32 ans,
1032 2897 247 37 demeurant
1305 2902 93 29 tous
1422 2894 109 36 deux
1553 2892 22 37 à
1596 2891 119 37 Paris
1740 2903 72 25 rue
1838 2890 253 38 Saint-Marc

94 2970 46 27 n°
170 2971 62 27 22.
257 2956 203 38 Témoins
486 2956 70 49 qui
585 2964 74 28 ont
682 2954 116 49 signé
823 2965 97 26 avec
955 2963 108 26 nous
1112 2951 117 37 Léon
1272 2950 155 44 Ohnet,
1448 2948 161 50 adjoint
1632 2959 52 25 au
1712 2946 143 47 maire,
1882 2944 209 39 chevalier

93 3018 51 37 de
167 3015 39 37 la
232 3012 160 51 Légion
414 3012 267 46 d'Honneur,
711 3017 78 33 etc.
811 3024 19 21 »

1090 3069 17 16 ★

1075 3110 11 14 -¥
1110 3109 12 14 ¥

149 3167 69 42 Au
240 3168 114 51 sujet
369 3167 53 40 de
439 3166 39 39 la
505 3162 266 41 Damnation
803 3161 50 39 de
1658 3158 131 41 Faust
1011 3193 8 16 ,
1039 3158 182 41 l'œuvre
1243 3157 39 39 la
1306 3157 99 52 plus
1433 3156 234 52 populaire
1690 3155 53 39 de
1764 3152 190 50 Berlioz,
1975 3163 115 28 nous

93 3236 248 53 possédons
360 3231 223 53 l'original
605 3231 55 40 de
680 3231 38 39 la
752 3229 127 40 lettre
896 3229 218 49 suivante,
1133 3226 163 40 inédite
1312 3221 221 55 jusqu'ici,
1571 3223 211 39 adressée
1804 3233 80 38 par
1905 3219 40 40 le
1968 3232 92 28 com-

94 3306 199 50 positeur
314 3307 23 35 à
360 3301 72 41 feu
453 3299 240 54 Gasperini
710 3297 78 54 (i).

134 3424 51 42 (i)
211 3424 42 32 A.
277 3423 46 32 de
349 3421 215 43 Gasperini,
592 3419 165 43 critique
776 3417 162 33 musical
961 3415 166 42 français
1150 3415 75 34 très
1250 3412 189 45 apprécié,
1469 3419 101 26 mort
1592 3421 46 24 en
1669 3410 104 35 1868.
