2179 3573
732 137 23 24 A
788 136 170 28 PROPOS
992 123 224 43 D'HECTOR
1249 137 183 29 BERLIOZ

2000 140 77 40 415

150 237 112 41 Rien
281 238 54 40 de
370 242 178 39 curieux
569 254 173 28 comme
765 256 70 27 ces
859 242 145 51 lignes
1027 244 307 40 incohérentes
1368 249 71 43 où,
1466 241 111 41 dans
1599 254 59 27 un
1679 239 107 41 tohu
1811 238 121 41 bohu
1957 238 102 41 char-

94 314 138 41 mant,
255 306 340 52 s'amalgament
614 318 40 33 et
677 310 308 52 s'équilibrent
1002 311 38 40 la
1061 310 206 41 fantaisie
1289 311 78 40 des
1391 310 157 41 détails
1562 318 41 32 et
1622 309 41 40 la
1688 308 222 53 précision
1931 306 59 40 du
2009 306 78 40 but

92 374 107 40 visé.
240 373 38 40 A
301 383 167 34 travers
493 391 46 27 ce
571 377 96 42 brio
705 379 252 50 étincelant,
983 379 40 40 la
1045 388 103 31 note
1170 379 57 40 du
1249 379 176 40 tailleur
1446 391 113 27 nous
1583 391 21 27 a
1638 391 109 38 paru
1783 374 281 54 particulière-

94 449 120 33 ment
233 442 215 52 piquante
471 449 7 32 !

539 614 178 42 LETTRE
755 621 176 36 INÉDITE
959 616 100 40 D'H.
1086 616 195 41 BERLIOZ
1305 631 24 25 A
1362 616 284 43 DESMAREST.

1320 718 175 34 Fischhof
1512 720 94 33 stadt
1630 730 112 34 5,15.

1399 786 131 32 Vienne
1557 787 40 32 16
1620 788 188 33 décembre

1388 852 165 32 Autriche
1576 861 10 23 :
1616 853 103 44 1845.

319 938 105 41 MON
449 953 116 27 CHER
597 939 285 52 DESMAREST,

148 1035 144 42 Avant
320 1044 104 45 tout,
450 1038 57 40 les
529 1038 157 41 bonnes
708 1039 212 41 nouvelles
938 1054 12 33 ;
967 1053 102 27 vous
1088 1039 57 40 les
1162 1053 120 40 savez
1300 1044 203 49 pourtant
1524 1037 111 55 déjà,
1657 1042 81 37 très
1754 1039 331 54 probablement.

97 1102 295 42 Grandissime
409 1108 139 37 succès
569 1106 58 40 ici
649 1113 14 33 !
683 1106 183 55 rappels,
890 1106 62 40 bis
980 1106 85 52 (ter
1093 1106 168 53 même).
1285 1106 38 40 Il
1336 1120 144 40 yaeu
1499 1120 57 25 un
1575 1120 210 35 morceau,
1824 1106 264 42 l'ouverture

96 1171 57 40 du
171 1170 237 51 Carnaval,
433 1173 107 39 dans
576 1188 57 25 un
656 1180 165 34 concert
847 1188 77 40 que
945 1174 48 52 je
1014 1188 51 26 ne
1087 1173 244 41 conduisais
1350 1181 91 46 pas,
1467 1188 76 40 que
1577 1173 37 40 le
1625 1174 144 53 public
1804 1190 24 24 a
1867 1175 126 40 voulu
2015 1190 49 24 en-

95 1239 143 39 tendre
259 1239 106 40 trois
374 1239 98 54 jois
494 1240 49 40 de
564 1240 106 40 suite
691 1256 12 33 ;
797 1241 215 54 banquets,
1032 1241 205 48 discours,
1264 1240 218 56 portraits,
1509 1255 249 38 couronnes,
1778 1241 125 41 bâton
1926 1243 50 39 de
1994 1241 98 55 chef

94 1305 251 42 d'orchestre
366 1321 50 25 en
448 1307 171 41 vermeil
651 1310 125 52 offert
792 1316 81 47 par
896 1308 57 40 les
988 1323 55 39 40
1062 1308 262 55 principaux
1345 1308 163 40 artistes
1531 1316 36 33 et
1604 1316 209 34 amateurs
1835 1311 49 39 de
1911 1310 172 53 Vienne,

96 1373 115 54 enfin
231 1377 139 37 succès
408 1375 280 55 ébourriffant
705 1376 92 40 !Et
837 1383 88 33 tout
953 1376 86 40 cela
1063 1383 57 33 est
1145 1377 55 39 dû
1228 1384 175 47 presque
1441 1376 269 42 entièrement
1737 1381 24 35 à
1781 1385 120 33 notre
1929 1387 159 47 pauvre

94 1440 263 55 Symphonie
368 1443 270 54 fantastique
658 1455 13 27 :
694 1444 42 39 la
756 1446 119 38 scène
896 1458 85 26 aux
1002 1443 169 55 champs
1193 1450 37 34 et
1251 1444 41 39 la
1322 1443 168 41 marche
1521 1459 54 25 au
1598 1445 187 54 supplice
1803 1452 74 34 ont
1894 1451 194 36 retourné

95 1508 58 39 les
170 1509 215 40 entrailles
403 1510 311 40 autrichiennes
725 1526 11 33 ;
752 1517 130 47 quant
903 1526 53 25 au
978 1510 215 42 Carnaval
1207 1518 37 33 et
1260 1514 23 36 à
1301 1511 42 40 la
1357 1511 166 40 marche
1541 1512 71 40 des
1623 1512 211 52 Pèlerins,
1848 1527 42 26 ce
1909 1520 95 34 sont
2018 1515 70 39 des

94 1590 226 26 morceaux
351 1578 259 54 populaires.
653 1577 67 41 On
742 1578 93 53 fait
871 1578 264 40 maintenant
1158 1578 58 40 ici
1234 1578 174 54 jusqu'à
1437 1579 71 39 des
1550 1583 118 50 pâtés
1689 1580 72 53 qui
1792 1587 170 47 portent
1987 1597 100 24 mon

95 1658 115 25 nom.
219 1644 92 49 J'ai
329 1646 70 38 des
417 1646 227 40 musiciens
662 1646 222 40 excellents
895 1660 12 34 ;
929 1658 57 27 un
999 1645 132 53 jeune
1152 1644 209 42 orchestre
1393 1645 220 55 mi-partie
1649 1646 169 40 bohème
1839 1654 36 34 et
1896 1647 192 41 viennois

95 1726 77 38 que
188 1712 87 52 j'ai
291 1715 160 49 formé,
477 1728 69 25 car
567 1713 34 39 il
623 1719 57 34 est
712 1713 203 40 constitué
932 1712 147 56 depuis
1095 1713 110 39 deux
1218 1712 108 41 mois
1343 1713 240 48 seulement,
1609 1720 37 33 et
1665 1714 73 54 qui
1757 1729 51 26 va
1825 1715 263 41 maintenant

96 1794 157 24 comme
273 1795 58 24 un
353 1780 105 39 lion.
481 1778 58 42 Ce
560 1780 134 40 matin
718 1780 86 52 j'ai
838 1779 143 55 dirigé
1007 1787 112 47 pour
1147 1780 41 38 la
1213 1794 19 24 i
1240 1787 28 15 re
1298 1778 88 53 fois
1404 1778 238 42 Vorchestre
1670 1780 57 40 du
1753 1779 246 42 Kernathor
2027 1782 62 51 (le

91 1846 183 55 premier
296 1846 207 42 orchestre
534 1849 51 39 de
619 1846 325 55 l'Allemagne),
983 1846 73 54 qui
1073 1853 58 33 est
1163 1848 91 52 fort
1292 1846 210 41 contrarié
1541 1861 77 39 que
1652 1847 58 39 les
1731 1846 142 42 choses
1892 1863 43 25 se
1954 1849 135 40 soient

96 1917 230 51 arrangées
345 1915 49 39 de
405 1915 140 55 façon
561 1918 23 36 à
607 1929 42 25 ce
673 1929 77 39 que
760 1917 51 52 je
829 1915 140 39 donne
990 1929 85 25 mes
1098 1921 186 34 concerts
1303 1915 107 39 dans
1428 1929 58 25 un
1508 1921 117 33 autre
1641 1914 156 41 théâtre
1817 1930 77 39 que
1910 1916 36 39 le
1965 1916 90 40 sien
2076 1933 12 33 ;

97 1980 94 39 c'est
212 1984 23 36 à
270 1980 40 40 la
343 1980 225 55 répétition
602 1982 56 39 du
688 1987 165 35 concert
875 1982 49 39 de
950 1980 260 54 Dreyschok,
1251 1980 73 55 qui
1359 1995 83 26 ma
1464 1982 206 40 demandé
1703 1983 110 39 deux
1844 1997 240 27 morceaux.

102 2045 304 43 Tremblement
436 2048 433 55 d'applaudissemens
886 2048 64 40 !...
964 2048 185 55 J'espère
1171 2049 110 40 donc
1303 2063 148 25 encore
1468 2064 58 24 un
1543 2051 139 38 succès
1705 2049 252 42 chaleureux
1978 2060 110 46 pour

96 2114 169 39 demain
284 2115 107 39 dans
412 2114 42 40 la
474 2115 104 40 salle
599 2116 55 38 du
679 2114 339 42 Conservatoire.

151 2179 58 41 Le
242 2196 55 38 yo
331 2182 49 39 de
413 2196 43 26 ce
489 2182 123 50 mois,
646 2182 49 54 je
729 2183 141 39 donne
902 2197 100 25 mon
1031 2182 229 54 quatrième
1291 2190 166 33 concert
1478 2198 53 25 au
1554 2183 157 40 théâtre
1732 2185 51 39 de
1811 2184 158 41 Vienne
1992 2201 96 26 avec

97 2247 239 41 l'orchestre
357 2255 37 34 et
417 2249 57 39 les
496 2249 163 40 chœurs
675 2257 177 47 presque
886 2250 187 50 doublés,
1093 2258 110 47 pour
1226 2250 171 42 Roméo
1420 2260 41 31 et
1490 2250 193 55 Juliette,
1708 2267 50 24 en
1795 2253 147 41 entier.
1981 2254 70 39 Ah
2076 2258 13 37 !

86 2314 87 54 j'ai
193 2331 81 24 une
297 2317 115 39 basse
430 2317 136 40 solide
585 2324 36 33 et
644 2318 103 39 belle
765 2326 111 46 pour
905 2317 36 40 le
969 2321 100 51 père
1093 2319 49 38 de
1162 2317 217 41 Laurence
1402 2323 14 35 !
1451 2317 241 43 STANDIGL.
1728 2319 122 41 Voilà
1876 2336 58 24 un
1956 2322 106 39 musi-

97 2383 91 39 cien
209 2383 66 41 !...
309 2383 123 41 Voilà
453 2399 81 25 une
555 2385 101 40 voix
675 2384 18 40 !
710 2385 36 40 Il
769 2401 30 37 y
821 2400 24 25 a
873 2387 120 52 après
1026 2385 87 40 cela
1136 2384 184 41 d'autres
1351 2386 163 55 projets
1548 2401 49 24 en
1615 2387 111 41 l'air.
1752 2386 115 41 Mais
1895 2404 111 25 assez
2039 2390 49 39 de

96 2451 215 41 nouvelles
326 2459 110 46 pour
459 2452 288 53 aujourd'hui.
771 2452 71 41 Au
863 2467 97 38 reçu
990 2453 50 39 de
1059 2459 98 34 cette
1180 2453 116 40 lettre
1327 2467 124 40 soyez
1472 2469 114 38 assez
1616 2454 82 41 bon
1715 2462 112 47 pour
1859 2456 103 40 aller
1996 2456 92 41 chez

95 2519 199 40 Bernard
313 2519 120 40 Latte
453 2526 36 34 et
506 2519 62 40 lui
589 2520 91 39 dire
692 2535 77 39 que
785 2531 12 27 :

142 2585 91 50 J'ai
257 2587 142 39 vendu
430 2589 24 36 à
487 2586 257 55 Haslinger,
767 2586 72 50 ici,
865 2587 42 40 la
933 2587 218 55 propriété
1178 2595 111 46 pour
1323 2587 288 55 VAllemagne
1632 2590 56 38 du
1724 2589 160 41 Boléro
1917 2589 174 55 (Zaïde)

96 2654 104 39 dont
211 2653 50 53 je
274 2653 62 40 lui
353 2653 117 42 avais
482 2655 136 54 parlé.
654 2654 157 41 Veut-il
828 2655 193 53 toujours
1040 2670 65 25 me
1125 2655 193 40 l'acheter
1336 2663 112 47 pour
1470 2656 40 39 la
1535 2655 164 41 France
1731 2672 53 24 au
1801 2657 101 54 prix
1924 2657 51 41 de
2004 2675 84 24 mes

97 2727 138 33 autres
256 2720 239 41 Romances
520 2737 12 24 :
555 2735 78 27 200
651 2721 58 52 fr.
738 2721 83 50 ?Je
842 2736 103 26 vous
966 2721 193 42 enverrai
1178 2737 43 24 ce
1237 2722 104 54 petit
1367 2737 197 26 morceau
1581 2731 82 47 par
1695 2724 41 39 la
1752 2731 120 47 poste
1893 2740 97 25 sous
2006 2735 82 45 peu

97 2787 51 39 de
157 2787 143 52 jours.
320 2790 124 37 Dans
475 2788 36 39 le
535 2803 68 24 cas
625 2803 54 24 ou
694 2788 33 39 il
740 2789 203 40 voudrait
967 2789 108 39 m'en
1098 2789 163 40 donner
1293 2804 42 25 ce
1349 2790 186 54 prix-là,
1558 2804 104 27 vous
1688 2790 37 40 le
1757 2791 182 55 prieriez
1975 2795 50 38 de
2052 2795 36 39 le

84 2852 126 56 faire
246 2869 155 38 graver
436 2861 89 34 tout
559 2856 50 38 de
631 2855 107 39 suite
772 2862 37 33 et
839 2856 50 39 de
922 2855 256 55 m'indiquer
1202 2856 98 54 quel
1317 2857 109 53 jour
1454 2857 35 41 il
1516 2857 36 41 le
1582 2864 150 34 mettra
1754 2873 50 25 en
1824 2866 133 42 vente,
1978 2869 111 47 pour

96 2921 65 54 qu'
165 2921 242 54 Haslinger
429 2922 166 39 attende
606 2921 174 54 jusqu'à
795 2937 43 26 ce
849 2922 107 53 jour
978 2922 40 40 là
1035 2937 12 34 ;
1066 2938 98 25 sans
1183 2923 115 54 quoi,
1312 2923 34 41 il
1360 2924 192 55 perdrait
1571 2925 42 41 la
1624 2926 216 54 propriété
1861 2942 50 24 en
1926 2927 163 42 France

98 3004 54 25 ou
174 2988 240 55 Haslinger
432 2989 41 40 la
487 2989 194 55 perdrait
694 2998 112 45 pour
820 2989 302 56 l'Allemagne.
1136 2991 84 40 S'il
1234 3006 51 26 ne
1302 2999 95 34 veut
1407 3001 80 47 pas
1503 2992 209 51 l'acheter,
1730 2995 227 40 donnez-le
1966 3011 97 26 vous-

96 3058 130 39 même
249 3060 23 35 à
291 3057 233 51 Devienne,
549 3057 37 40 le
600 3072 200 39 graveur,
822 3057 72 54 qui
917 3058 37 40 le
972 3073 183 39 gravera
1172 3067 113 47 pour
1306 3074 100 26 mon
1426 3067 175 49 compte,
1624 3061 36 40 le
1679 3062 203 54 déposera
1900 3065 23 37 à
1946 3063 41 40 la
2027 3064 41 39 di-

96 3131 160 33 rection
280 3131 35 34 et
335 3125 203 54 remplira
560 3125 58 40 les
637 3126 243 50 formalités
901 3129 253 37 nécessaires
1170 3135 112 47 pour
1317 3128 110 40 m'en
1450 3144 165 24 assurer
1652 3129 41 40 la
1724 3129 230 54 propriété,
1994 3137 72 33 tou-

87 3192 127 53 jours
235 3206 50 25 en
306 3192 285 54 m'indiquant
612 3193 39 40 le
673 3193 100 53 jour
793 3206 54 26 ou
880 3192 33 40 il
946 3193 126 41 devra
1105 3196 81 38 être
1218 3194 169 54 déposé.
1411 3194 52 51 Je
1494 3210 107 26 veux
1637 3210 54 40 qu
1707 3194 255 56 Haslinger,
1987 3198 101 38 d'un

97 3264 117 33 autre
236 3257 103 52 côté,
359 3260 157 54 profite
538 3260 50 39 de
610 3260 41 40 la
672 3274 139 40 vogue
833 3274 77 40 que
926 3268 163 46 pourra
1107 3262 120 41 avoir
1246 3277 48 25 en
1315 3276 42 26 ce
1378 3269 184 35 moment
1580 3278 42 25 ce
1639 3262 158 41 Boléro
1820 3278 77 39 que
1907 3263 49 53 je
1972 3264 117 41 viens

97 3325 340 41 d'instrumenter
459 3333 37 34 et
516 3326 73 54 qui
607 3342 24 25 a
649 3328 78 54 plu
749 3328 211 54 beaucoup
984 3331 23 36 à
1027 3343 99 26 mon
1148 3330 211 40 troisième
1381 3336 179 34 concert.

151 3392 137 55 Après
310 3394 101 51 cela,
431 3402 162 46 passez,
604 3396 50 52 je
675 3410 103 26 vous
788 3403 110 47 prie,
919 3394 92 53 chez
1032 3412 99 25 mon
1150 3397 184 48 tailleur,
1352 3410 74 26 rue
1446 3396 235 53 Richelieu,
1696 3397 24 55 g
1720 3397 48 55 6,
1780 3405 36 34 et
1835 3399 252 53 demandez-
