2929 4572
155 765 112 53 und
313 773 200 48 stürzte
559 766 278 70 kopfüber
882 773 52 50 in
983 774 121 53 eine
1152 773 290 71 gefrorene
1489 776 208 70 Pfütze,
1745 779 372 76 durchschlug
2163 788 88 54 die

154 836 251 70 gläserne
461 839 190 54 Decke
708 841 113 54 und
877 841 149 57 blieb
1091 845 154 56 darin
1310 851 95 52 mit
1460 851 429 57 zerbrochenem
1948 855 135 57 Leib
2140 861 111 54 und

155 919 305 45 erstarrtem
501 911 217 56 Herzen
757 915 242 57 stecken.

223 1004 114 54 Das
385 1005 149 56 nicht
579 1009 453 58 endenwollende
1079 1013 344 59 Schluchzen
1474 1020 113 54 und
1632 1020 297 59 Wimmern
1978 1027 273 57 entstellte

149 1077 110 54 und
299 1079 344 57 verfinsterte
682 1082 101 56 das
822 1085 171 55 runde
1034 1086 249 59 Gesicht.

219 1170 158 71 Ignaz
423 1173 205 58 Pindor
682 1178 206 72 vergaß
938 1180 109 55 sich
1095 1183 175 57 selbst
1315 1185 175 57 darob
1538 1189 111 55 und
1687 1190 270 73 verfolgte
1998 1196 98 55 das
2136 1196 75 57 Ge-

145 1242 199 56 schehn
385 1249 97 52 mit
520 1263 343 56 gespannten
902 1251 224 59 Sinnen.

216 1338 88 57 Da
350 1342 97 53 sah
488 1363 76 46 er,
604 1348 101 52 wie
745 1368 66 33 an
852 1348 107 55 den
999 1349 281 73 Wimpern
1320 1354 100 55 der
1456 1357 320 71 gebeugten
1815 1359 137 56 Frau
1992 1363 251 70 schwere,

139 1414 268 55 zitternde
433 1413 214 58 Tränen
687 1419 219 71 hingen,
945 1423 136 54 aber
1118 1424 128 69 daß,
1284 1448 66 33 zu
1392 1428 126 57 dem
1559 1429 251 59 hilflosen
1846 1433 146 57 Kind
2032 1439 182 55 nieder-

139 1485 293 70 geglitten,
482 1489 247 57 dennoch
778 1496 87 53 ein
911 1496 222 56 seltsam
1181 1503 220 67 gütiges
1442 1502 230 57 Lächeln
1719 1505 114 56 ihre
1874 1508 369 58 Mundwinkel

139 1557 131 68 hob,
318 1559 81 54 ihr
445 1560 171 57 Mund
662 1564 300 58 flüsternde
1001 1569 192 57 Worte
1240 1573 212 68 formte,
1494 1575 90 56 die
1623 1577 219 71 freudig
1880 1583 113 53 und
2040 1583 107 56 hell
2187 1588 54 52 in

140 1631 89 55 die
270 1630 204 58 Trauer
513 1636 433 73 niederquellten
1071 1646 112 54 und
1223 1648 212 56 endlich
1465 1649 100 56 das
1593 1650 147 57 Kind
1766 1655 205 55 wieder
2011 1657 227 57 herzlich

136 1702 186 57 lachen
364 1707 261 57 machten.

211 1799 159 56 Dann
428 1804 129 68 griff
612 1808 80 53 sie
748 1809 52 53 in
847 1809 91 56 die
985 1809 224 70 Tasche,
1266 1836 107 49 zog
1430 1820 85 52 ein
1575 1818 198 58 buntes
1823 1820 145 57 Tuch
2025 1824 212 71 hervor,

137 1872 148 55 band
324 1874 90 53 auf
452 1876 99 54 der
591 1880 156 53 einen
788 1879 152 58 Seite
979 1886 158 54 einen
1166 1885 188 73 Knopf
1392 1889 201 69 hinein,
1632 1894 184 55 reckte
1855 1897 113 54 und
2007 1899 230 57 rundete

136 1945 92 54 die
256 1947 203 56 andere
485 1949 186 57 Hälfte
705 1954 112 53 und
842 1956 258 56 zauberte
1126 1980 63 33 so
1218 1964 85 51 ein
1334 1983 170 35 neues
1531 1964 444 61 Stoffmännchen
2002 1973 230 67 zurecht,

136 2021 99 52 das
276 2024 95 52 mit
408 2021 201 71 langen
649 2024 192 58 Ohren
882 2031 110 54 und
1030 2032 390 59 wunderlicher
1458 2038 148 55 Nase
1646 2043 84 53 ins
1768 2041 150 57 Licht
1957 2044 273 60 blinzelte.

207 2111 106 57 Die
352 2114 452 62 Porzellanleiche
842 2144 112 34 war
990 2147 315 49 vergessen.

206 2206 93 68 „O
339 2209 224 58 Mutter!
605 2213 179 57 Schön
825 2218 123 54 das!
988 2218 242 58 Schön!“

388 2307 99 54 das
526 2308 164 56 Weib
732 2311 110 55 hob
891 2313 80 55 ihr
1007 2314 262 73 Jüngstes
1324 2321 92 54 auf
1453 2322 90 55 die
1581 2323 188 70 Arme,
1811 2327 226 58 drückte
2077 2335 151 53 seine

135 2380 245 68 V/angen
438 2402 181 48 gegen
678 2383 114 56 ihre
850 2385 194 58 Brüste
1103 2391 110 53 und
1259 2394 349 56 verschwand
1655 2398 299 59 allmählich
2002 2407 52 51 in
2101 2406 126 56 dem

125 2450 223 68 Abend,
390 2453 101 54 der
529 2458 52 49 in
619 2455 279 57 violettem
939 2460 267 74 Vorhang
1242 2487 99 33 vor
1380 2468 90 55 die
1509 2468 189 58 Sonne
1738 2476 155 54 sank.

198 2544 159 70 Ignaz
395 2546 206 57 Pindor
639 2551 177 66 stand,
858 2553 80 55 als
978 2554 149 56 hätte
1166 2558 90 55 ihn
1298 2562 122 53 eine
1460 2562 163 57 heiße
1650 2566 179 57 W'elle
1856 2590 109 34 von
1992 2572 109 54 sich
2130 2573 64 56 ab-

123 2627 271 59 getrennt,
435 2623 89 53 die
564 2623 201 57 Hände
804 2628 569 74 ineinandergekrallt,
1413 2637 109 55 den
1562 2637 153 67 Kopf
1745 2643 459 61 zurückgebogen

123 2711 68 31 an
231 2690 100 55 der
367 2693 251 57 feuchten
657 2697 185 56 Wand
992 2704 343 70 regungslos,
1378 2708 233 58 erblaßt.

192 2784 119 70 Jäh,
358 2810 108 34 von
516 2793 199 70 eisiger
755 2793 165 56 Faust
966 2819 67 31 an
1081 2798 99 56 der
1218 2800 177 58 Kehle
1433 2806 237 70 gepackt
1819 2808 401 61 Schneewirbel

120 2859 172 54 rissen
341 2860 89 55 ihn
477 2864 144 54 wach
786 2873 226 51 stürmte
1062 2892 74 46 er,
1184 2873 98 56 das
1330 2874 239 59 Innerste
1613 2900 121 34 zum
1781 2880 291 59 Zerreißen
2122 2909 64 45 ge-

120 2943 289 60 gespannt,
450 2935 90 56 die
579 2937 258 73 Treppen
877 2940 185 58 hinauf

190 3014 194 62 tappte
431 3008 194 57 durchs
665 3012 218 55 Dunkel

191 3079 110 52 und
341 3080 257 57 verkroch
639 3085 109 55 sich
790 3085 177 56 hinter
1005 3092 117 52 sein
1162 3090 141 56 Bett.

192 3169 97 56 Ein
336 3173 228 72 banges,
602 3187 314 61 verstörtes,
958 3183 190 57 dürres
1175 3184 239 59 Röcheln
1454 3189 213 59 hastete
1714 3217 97 33 aus
1849 3198 110 55 ihm
1999 3200 211 68 hervor,

120 3243 109 53 und
267 3264 58 33 er
364 3255 201 61 spürte,
605 3255 103 53 wie
748 3274 60 35 es
849 3255 90 54 ihn
979 3259 188 54 immer
1204 3259 159 56 tiefer
1399 3266 398 66 vornüberzog,
1839 3271 148 57 dicht
2022 3296 67 33 an
2121 3274 90 56 die

116 3314 297 70 gefalteten
463 3321 213 70 Hände,
718 3328 91 54 die
849 3332 151 52 seine
1039 3330 205 71 Augen
1284 3334 226 57 näßten:

192 3388 316 64 „Mutter!!“

188 3473 187 57 Schrill
423 3479 205 56 entfloh
668 3484 98 55 der
803 3485 185 60 Schrei
1026 3512 110 34 von
1176 3490 181 58 Wand
1395 3516 65 34 zu
1499 3497 199 70 Wand,
1739 3502 212 67 klopfte
1990 3527 68 33 an
2097 3504 111 59 Tür

116 3554 110 47 und
266 3559 247 48 renster:

187 3633 235 66 „Mutter
568 3640 201 59 Mutter
807 3653 104 33 —“

111 3720 91 56 fiel
243 3723 89 54 die
372 3723 219 73 Treppe
631 3729 164 59 hinab
837 3737 111 53 und
986 3758 300 52 zersprang
1320 3763 99 35 vor
1457 3744 108 56 den
1604 3747 187 57 Füßen
1833 3751 99 56 der
1970 3751 230 71 Oberin,

111 3799 90 50 die
242 3807 231 45 entsetzt
511 3802 392 71 zurückprallte
944 3812 110 52 und
1094 3812 174 56 darob
1306 3826 367 48 verstummte.

687 595 193 56 Albert
919 594 223 74 Talhoff
1190 629 13 13 ♦
1260 600 117 54 Der
1413 611 113 46 rote
1561 624 169 48 ignaz

2149 613 102 54 165
