2929 4572
147 793 113 41 nur
303 769 170 66 wahr
519 775 96 72 ist,
664 798 128 40 was
832 774 309 69 kümmert
1179 805 69 39 es
1288 782 183 79 mich,
1514 784 87 68 ob
1643 787 204 68 hinter
1880 793 362 84 „Hamlet“,

148 854 239 78 „Lear“
407 858 128 65 und
558 858 288 76 „Sturm“
871 868 100 61 ein
991 864 205 70 Name
1216 867 528 90 „Shakespeare“
1766 878 159 68 oder
1942 882 300 78 „Bacon“

145 943 159 65 oder
335 947 99 62 ein
467 947 268 66 anderer
765 949 187 69 steht.
1045 953 133 68 Das
1203 954 196 70 Werk
1429 963 79 64 ist
1542 962 101 79 da,
1694 966 129 66 und
1857 967 117 67 das
2016 996 67 40 es
2130 999 112 41 aus

144 1028 511 88 Menschengeist
723 1048 427 75 entsprungen
1222 1047 98 75 ist,
1394 1046 115 67 das
1579 1054 80 62 ist
1728 1052 104 68 die
1893 1056 348 71 Wahrheit.

140 1115 145 66 Daß
337 1118 685 94 Nachtigallengesang
1061 1132 61 63 in
1173 1130 114 67 der
1334 1132 201 69 Natur
1574 1141 80 62 ist
1694 1141 128 66 und
1855 1169 344 45 zusammen-

138 1203 199 85 klingt
391 1211 111 62 mit
557 1203 145 73 dem
759 1211 322 70 Geflüster
1135 1244 124 41 von
1315 1220 390 86 Liebenden,
1757 1233 111 63 mit
1916 1231 143 68 dem
2111 1234 86 68 Ge-

134 1291 197 84 geifer
374 1322 124 39 von
547 1296 405 85 Zankenden,
1003 1310 110 61 mit
1154 1306 146 66 dem
1342 1309 280 71 Röcheln
1662 1342 126 40 von
1836 1319 400 71 Sterbenden

264 1380 509 85 Trommelfeuer,
824 1390 116 66 das
987 1395 79 64 ist
1113 1393 103 67 die
1661 1405 129 65 und
1840 1407 114 67 der
1993 1409 243 70 Beweis

133 1493 123 39 von
313 1469 395 90 Strindberg,
768 1476 127 68 daß
956 1479 101 67 die
1122 1482 356 88 Nachtigall
1541 1494 140 64 eine
1743 1493 492 89 Hochstaplerin

137 1555 128 65 und
322 1556 103 67 die
479 1559 263 69 Drossel
799 1565 102 66 die
954 1568 342 70 verkannte
1352 1573 309 88 Sängerin
1723 1584 98 75 ist,
1887 1588 99 61 ein
2043 1586 186 87 Trug.

134 1640 337 71 Trotzdem
519 1647 127 67 ihm
695 1652 329 68 sicherlich
1073 1658 226 66 einmal
1347 1664 99 63 ein
1479 1663 206 85 Vogel
1725 1667 157 69 über
1912 1671 124 66 den
2072 1673 161 85 Weg

126 1729 298 88 geflogen
479 1738 97 76 ist,
637 1737 112 66 der
793 1746 117 61 wie
958 1742 104 67 die
1113 1747 357 86 Nachtigall
1517 1758 169 80 singt
1732 1757 129 66 und
1909 1760 172 68 nicht
2129 1762 103 68 die

129 1816 356 88 Nachtigall
539 1827 104 62 ist:
702 1826 103 67 die
860 1828 459 84 Spottdrossel,
1381 1837 103 66 die
1539 1846 90 61 sie
1678 1843 358 70 nachahmt.
2149 1851 82 66 Ist

366 1907 444 85 Spottdrossel
873 1917 168 66 nicht
1104 1920 116 67 das
1283 1922 266 87 Symbol
1611 1934 206 63 seines
1884 1935 340 85 Unglücks,

128 1992 115 66 das
298 1993 127 68 ihm
481 2001 218 65 immer
750 2005 235 66 wieder
1037 2007 156 68 auch
1248 2037 101 40 am
1413 2014 344 71 Menschen
1818 2023 410 71 widerfährt?

217 2081 146 66 Der
407 2084 498 73 Bühnenherr:
976 2094 95 82 Ja,
1137 2096 116 68 das
1315 2103 80 63 ist
1452 2106 99 63 ein
1615 2105 265 85 Symbol
1941 2110 97 67 für
2101 2114 123 65 den

124 2193 241 57 ganzen
429 2171 279 69 Erleider
769 2177 394 89 Strindberg,
1229 2185 113 66 der
1401 2214 126 41 nun
1591 2195 228 65 einmal
1880 2198 169 66 nicht
2114 2200 112 66 der

123 2258 221 80 große,
401 2259 345 87 freigebige
801 2264 358 72 Liebhaber
1207 2271 114 68 der
1366 2273 377 94 Schöpfung
1788 2287 97 73 ist,
1937 2285 146 66 dem
2130 2292 93 63 sie

124 2344 363 84 Tragödien
540 2349 273 82 gebiert;
872 2354 156 67 aber
1081 2363 92 61 sie
1227 2360 110 68 hat
1393 2363 127 67 ihm
1581 2367 105 67 die
1741 2369 195 79 Tiefe,
1995 2374 102 68 die
2153 2402 69 40 er

123 2430 218 79 besaß,
399 2433 99 67 bis
552 2462 140 41 zum
747 2440 186 68 Rand
987 2449 112 61 mit
1151 2445 156 69 Leid
1361 2452 242 84 gefüllt:
1663 2457 102 67 die
1812 2459 231 69 Wucht
2089 2465 129 66 und

120 2517 211 68 Masse
380 2520 112 66 der
539 2523 281 81 Materie,
872 2531 103 66 die
1020 2537 135 62 sein
1203 2533 300 90 Zeitgeist
1549 2542 125 67 ihm
1730 2553 486 80 entgegenwarf,

116 2630 127 41 war
281 2633 73 40 zu
385 2610 165 84 groß
580 2610 97 69 für
707 2620 135 61 sein
872 2618 381 88 Vermögen,
1289 2625 97 66 ihr
1416 2633 140 63 eine
1586 2630 186 69 Seele
1805 2661 73 40 zu
1911 2635 303 82 schaffen,

117 2697 131 61 sein
298 2697 288 66 Erleiden
629 2712 178 56 unter
849 2705 122 66 den
1005 2707 257 69 Zähnen
1296 2713 128 66 und
1459 2716 252 69 Rädern
1747 2721 113 66 der
1892 2725 324 68 Maschine

114 2783 421 79 gewordenen
584 2787 439 89 Welt-Sphinx
1069 2823 73 39 so
1192 2801 190 76 stark,
1432 2802 129 68 daß
1608 2833 68 39 er
1714 2814 173 62 seine
1918 2812 295 69 Wunden

115 2893 89 39 ais
253 2868 237 70 Gesetz
535 2877 323 83 empfand.
952 2882 81 66 Er
1080 2884 200 68 besaß
1329 2889 169 66 nicht
1545 2894 176 66 mehr
1761 2896 104 68 die
1898 2899 315 71 Ganzheit

116 2957 111 63 der
272 2957 204 79 Seele,
528 2961 103 66 die
679 2970 110 61 mit
835 2967 116 66 der
989 2970 231 69 Wucht
1268 2974 113 67 des
1429 2976 417 90 Eindeutigen
1894 2988 130 66 und
2082 2990 86 66 Ge-

112 3040 404 72 schlossenen
573 3050 185 67 Geist
811 3058 60 62 in
929 3056 103 68 die
1085 3059 395 71 Zeitmaterie
1527 3066 262 89 schlägt.
1879 3074 183 67 Aber
2109 3083 99 61 ein

115 3154 246 74 ganzes
410 3133 218 82 bleibt,
676 3145 117 61 wie
840 3141 108 69 Sie
994 3152 58 77 ja
1099 3148 210 66 selber
1347 3152 335 81 erkennen,
1725 3159 159 68 auch
1918 3163 292 70 dividiert

111 3239 99 40 ein
274 3219 270 79 Ganzes,
610 3228 129 65 und
793 3256 179 42 wenn
1028 3233 127 67 ihm
1213 3237 103 66 die
1370 3238 307 72 Zeitseeie
1733 3247 104 67 die
1893 3251 315 69 Ganzheit

111 3305 207 75 nahm,
360 3308 103 66 die
504 3310 191 69 durch
739 3317 121 66 den
902 3319 169 66 Stoff
1109 3327 60 60 in
1211 3323 102 66 die
1347 3327 175 67 Tiefe
1558 3331 224 87 dringt,
1818 3364 74 39 so
1925 3340 278 82 geschah

110 3413 67 38 es
237 3397 184 72 wohl,
486 3399 136 64 weil
683 3406 90 62 sie
835 3404 180 69 dafür
1075 3408 253 80 feinere,
1399 3421 267 77 spitzere
1737 3425 128 64 und
1935 3428 268 66 ätzende

110 3474 258 85 Organe
430 3481 317 85 brauchte,
813 3519 101 39 um
979 3498 109 63 mit
1151 3496 184 68 Geist
1404 3502 103 67 die
1578 3507 263 70 Materie
1909 3516 60 61 in
2040 3515 163 66 ihrer

107 3571 207 59 Breite
359 3592 73 38 zu
483 3571 427 85 durchsetzen,
963 3582 103 65 die
1113 3588 111 61 mit
1271 3591 100 62 nie
1417 3592 307 83 geahnter
1770 3597 249 68 Gewalt
2067 3601 133 69 ihre

182 3676 182 42 assen
412 3656 106 65 auf
563 3658 123 68 den
728 3664 342 70 Menschen
1116 3670 191 80 häuft,
1346 3702 100 40 um
1489 3680 104 66 ihn
1627 3696 179 54 unter
1837 3685 95 66 ihr
1965 3687 233 70 Gesetz

101 3762 75 40 zu
222 3764 298 61 zwingen,
565 3746 127 66 daß
731 3748 192 83 heißt,
957 3768 180 54 unter
1169 3760 102 66 die
1306 3762 367 74 Herrschaft
1706 3771 112 66 der
1850 3773 343 81 Maschine,

104 3835 101 56 die
253 3853 68 39 er
365 3841 177 56 unter
587 3835 193 68 ihrem
815 3839 269 89 Zwange
1123 3848 132 66 sich
1296 3851 210 68 selber
1534 3858 261 82 gebaut:
1847 3862 344 79 Maschine,

461 596 296 56 Bernhard
786 599 249 57 Bernson
1091 633 12 14 •
1166 601 279 74 Gespräch
1484 631 94 34 um

2140 625 108 53 203
