3150 4572
854 771 500 73 Tschernagorsky,
1414 770 101 56 der
1561 766 351 59 betreffende
1957 765 224 66 Posten,
2230 765 89 53 ein
2366 760 239 71 ruhiger,
2655 756 318 57 nüchterner

855 849 166 56 Mann
1079 869 110 34 von
1247 847 72 55 26
1364 845 221 71 Jahren,
1645 842 102 56 der
1802 840 155 58 Sohn
2017 842 153 52 eines
2228 837 209 71 Popen,
2496 839 72 50 ist
2625 832 100 56 der
2777 831 166 56 Unter-

858 919 397 74 suchungshaft
1305 919 289 72 zugeführt
1637 916 244 57 worden.
1968 913 108 56 Die
2121 913 318 70 Regierung
2483 906 135 58 wird
2667 908 122 54 eine
2839 913 138 46 etwa

856 995 362 72 vorliegende
1278 992 203 57 Schuld
1540 988 452 60 unnachsichtlich
2051 987 238 55 ahnden.
2387 983 142 56 Ehre
2587 981 127 54 dem
2774 976 202 58 Toten!

858 1071 119 57 Vor
1034 1071 127 55 dem
1218 1067 314 73 gefallenen
1584 1065 229 72 Gegner
1857 1062 211 57 senken
2114 1062 96 53 wir
2255 1057 260 57 trauernd
2562 1056 91 54 die
2702 1052 273 57 Fahnen.“

931 1157 144 64 Nun,
1103 1156 320 72 jedermann
1447 1153 161 68 weiß,
1636 1156 103 53 wie
1767 1174 62 34 es
1855 1150 284 57 weiterhin
2168 1146 264 74 geschah;
2462 1145 191 57 Stefan
2683 1141 265 57 Tscherna-

861 1232 206 74 gorsky
1107 1231 219 56 entkam
1367 1230 93 56 auf
1500 1225 452 76 geheimnisvolle
1979 1223 191 56 Weise
2210 1222 126 55 dem
2366 1220 327 69 Gefängnis,
2730 1214 113 58 und
2869 1216 113 63 wir,

861 1311 93 53 die
1007 1308 97 52 wir
1156 1305 102 55 der
1303 1303 318 73 Regierung
1678 1296 466 62 Mitwisserschaft
2197 1294 112 56 und
2369 1288 469 61 Mitwollerschaft
2892 1310 62 33 zu-

861 1388 235 60 trauten,
1136 1377 285 71 kämpften
1462 1381 53 52 in
1555 1374 143 58 allen
1726 1373 234 57 Städten
2001 1373 160 54 einen
2187 1368 332 56 fruchtlosen
2547 1363 437 74 opferschweren

865 1453 207 71 Kampf
1126 1474 185 50 gegen
1359 1451 92 56 die
1499 1444 578 74 Maschinengewehre
2125 1443 99 55 der
2262 1441 394 69 Petersburger
2695 1435 289 70 Richtung.

863 1529 165 56 Wem
1070 1548 59 35 es
1170 1526 145 55 nicht
1354 1524 220 73 gelang,
1616 1527 82 52 ins
1725 1519 255 59 Ausland
2018 1540 66 33 zu
2126 1515 370 65 entkommen,
2537 1514 100 55 der
2674 1509 189 57 wurde
2904 1512 82 52 ins

868 1602 310 71 Gefängnis
1217 1599 300 74 geworfen.
1594 1595 159 58 Auch
1794 1594 80 56 ich
1913 1614 110 35 war
2064 1590 184 56 dabei.

943 1674 231 59 Sinaida
1183 1673 92 71 lag
1287 1673 209 56 damals
1508 1675 53 53 in
1574 1674 176 54 einem
1762 1669 267 64 Lazarett,
2041 1668 80 53 sie
2131 1664 150 56 hatte
2293 1684 68 33 an
2371 1661 110 56 den
2491 1655 498 73 Straßenkämpfen

868 1752 175 56 daher
1082 1748 144 56 nicht
1264 1747 335 55 teilnehmen
1639 1745 237 55 können.
1957 1740 164 55 Denn
2163 1740 81 54 sie
2285 1736 154 55 hatte
2478 1734 131 66 sich,
2650 1733 342 69 überspannt

870 1844 206 54 genug,
1114 1843 102 34 vor
1254 1824 151 52 einer
1443 1820 99 55 der
1580 1819 140 55 zehn
1758 1815 283 56 Millionen
2100 1809 451 72 Photographien
2609 1805 251 66 Schures,
2901 1802 90 55 die

873 1903 87 53 ein
1001 1895 337 71 ehemaliger
1376 1893 369 57 Hoflieferant
1790 1890 137 55 über
1971 1909 164 34 unser
2172 1882 304 59 Vaterland
2516 1900 267 52 ergossen
2824 1879 168 63 hatte,

874 1969 319 61 erschießen
1213 1968 198 57 wollen
1433 1968 113 54 und
1566 1988 112 33 war
1698 1966 127 55 dem
1849 1961 373 71 mißglückten
2241 1955 323 74 Kopfschuß
2589 1954 143 55 nicht
2752 1951 242 71 erlegen.

949 2042 382 73 Gelegentlich
1392 2045 151 52 einer
1601 2041 99 55 der
1758 2036 339 57 zahlreichen
2144 2032 327 57 Amnestien
2528 2029 190 57 wurde
2768 2026 80 56 ich
2897 2025 97 54 frei

874 2121 117 57 und
1048 2117 221 58 wohnte
1329 2119 98 52 mit
1482 2114 233 57 Sinaida
1772 2110 244 73 idyllisch
2076 2114 53 50 in
2187 2105 306 71 Pereßnaja
2551 2125 86 34 am
2697 2100 125 57 See.
2909 2098 89 55 Da

877 2194 212 57 machte
1134 2191 82 57 ich
1256 2213 91 34 um
1388 2190 102 54 des
1529 2187 272 74 täglichen
1842 2186 195 55 Brotes
2083 2181 178 57 willen
2302 2181 246 56 Romane
2586 2176 174 56 voller
2798 2175 172 53 hinter-

879 2269 238 69 hältiger
1161 2263 363 59 Wahrheiten
1583 2261 115 56 und
1755 2257 293 74 sorgfältig
2106 2253 362 74 gedämpften
2521 2247 478 72 Rachegeschreis,

878 2343 114 56 und
1033 2341 136 56 mich
1211 2338 180 58 ekelte
1433 2359 86 34 am
1560 2357 213 50 ganzen
1814 2333 206 56 Leben.
2088 2328 229 57 Sinaida
2342 2328 309 70 vegetierte
2678 2322 111 57 faul
2817 2321 183 54 neben

880 2420 101 53 mir
1019 2415 112 54 hin.
1195 2411 286 57 Immerhin
1522 2418 239 47 steuerte
1801 2410 81 53 sie
1910 2427 121 35 zum
2060 2401 272 58 Haushalt
2357 2402 111 65 bei,
2497 2399 146 55 denn
2672 2401 79 52 sie
2780 2393 220 71 angelte

882 2491 263 57 stunden-
1184 2487 113 56 und
1336 2484 373 70 stundenlang
1749 2484 95 53 mit
1882 2479 444 58 schafsfrommer
2365 2473 227 57 Geduld
2633 2470 112 56 und
2784 2469 217 64 Idiotie;

883 2564 135 58 auch
1066 2559 345 60 entwickelte
1460 2561 81 53 sie
1589 2562 122 52 eine
1762 2554 217 73 geniale
2018 2550 303 73 Fertigkeit
2360 2552 71 52 im
2471 2543 308 61 Steilschuß
2821 2563 182 50 gegen

884 2637 272 58 stehende
1203 2633 208 57 Fische.
1490 2629 94 57 Sie
1631 2629 318 56 verlotterte
1997 2625 112 56 und
2153 2622 361 57 vertrottelte.
2592 2618 96 56 Sie
2735 2615 109 56 ließ
2893 2614 111 56 sich

883 2711 229 58 wahllos
1159 2712 97 52 mit
1302 2708 109 56 den
1461 2703 411 58 Dorfburschen
1922 2703 86 52 ein
2055 2698 116 57 und
2217 2698 340 68 bevorzugte
2600 2691 273 73 geradezu
2914 2688 91 57 die

884 2783 417 60 widerlichsten.
1608 2778 81 56 ich
1739 2779 80 52 sie
1866 2773 188 65 schalt,
2102 2771 174 56 lachte
2324 2771 80 54 sie
2451 2765 247 57 kindisch
2738 2764 112 54 und
2892 2773 86 44 ant-

887 2868 256 48 wortete:
1190 2855 116 68 „Ich
1345 2854 146 56 habe
1532 2855 122 52 eine
1695 2851 248 64 Mission,
1985 2846 82 56 ich
2109 2844 128 57 muß
2279 2843 136 55 mich
2457 2839 205 58 üben!“

966 2931 215 69 „Wenn
1217 2930 74 55 du
1317 2931 339 69 wenigstens
1686 2928 87 53 ein
1802 2923 149 55 Kind
1978 2921 228 70 kriegen
2234 2918 291 64 wolltest“,
2554 2923 160 62 sagte
2742 2911 101 66 ich,
2874 2910 135 67 „das

889 3009 245 55 könnten
1192 3006 96 52 wir
1333 3000 341 58 wundervoll
1721 2995 367 60 auferziehen.
2173 2992 83 55 Ich
2302 2990 189 58 würde
2544 3009 172 51 gerne
2764 2986 248 56 arbeiten

891 3083 86 54 für
1015 3081 130 56 dein
1184 3076 207 57 Kind!“
2755 3136 11 13 .

967 3156 90 56 Da
1114 3152 290 59 erwiderte
1463 3154 82 53 sie
1592 3146 251 59 fröhlich:
1902 3144 160 68 „Von
2117 3140 205 57 Schure
2382 3138 151 55 hätte
2582 3138 80 53 ich
2719 3156 87 33 ein
2865 3138 149 49 Kind

893 3230 182 56 haben
1105 3231 221 68 mögen,
1355 3225 138 57 oder
1518 3222 135 56 auch
1681 3243 109 34 von
1819 3221 102 65 dir,
1950 3217 185 70 Marja,
2163 3236 158 33 wenn
2350 3212 74 56 du
2454 3215 86 52 ein
2570 3211 165 53 Mann
2761 3212 216 60 wärest,

894 3305 115 56 und
1051 3302 147 56 dann
1237 3299 172 57 küßte
1449 3301 80 53 sie
1571 3296 155 56 mich.
1791 3293 95 58 Sie
1927 3291 182 57 stellte
2149 3288 111 56 sich
2300 3287 179 55 hinter
2716 3282 78 55 als
2835 3283 80 52 sie
2956 3299 61 35 es

893 3389 99 57 tat,
1033 3377 114 56 und
1173 3396 109 51 zog
1308 3377 218 52 meinen
1554 3370 153 72 Kopf
1734 3368 133 56 nach
1896 3366 293 57 rückwärts
2217 3361 184 67 hinab,
2437 3381 64 36 so
2530 3358 111 56 daß
2670 3357 115 55 ihre
2812 3356 205 70 Augen

898 3474 181 51 genau
1119 3450 140 56 über
1298 3451 216 53 meinen
1556 3443 253 66 standen,
1851 3441 112 56 und
2003 3438 73 56 da
2115 3437 263 56 erkannte
2418 3434 80 55 ich
2528 3455 122 33 zum
2679 3439 183 47 ersten
2890 3427 129 66 Mal,

900 3526 111 57 daß
1058 3525 84 55 ihr
1195 3522 152 56 Blick
1405 3519 112 59 voll
1566 3519 170 58 Gram
1785 3516 114 56 und
1947 3517 151 52 einer
2136 3509 402 74 grauenhaften
2580 3504 272 73 Begierde
2891 3523 128 45 war,

901 3602 90 56 die
1032 3600 135 55 aber
1193 3619 101 49 gar
1320 3596 174 56 nichts
1523 3596 219 70 gemein
1769 3592 152 54 hatte
1950 3592 95 51 mit
2072 3586 170 55 Liebe
2270 3584 113 56 und
2411 3580 145 68 Kuß,
2586 3580 113 55 und
2727 3582 80 53 sie
2834 3575 186 59 wurde

901 3678 101 54 mir
1042 3668 410 76 einigermaßen
1493 3664 349 68 unheimlich;
1891 3662 80 56 ich
2012 3660 146 56 liebe
2199 3659 161 54 keine
2399 3654 357 59 Verrückten.

977 3748 173 56 Drum
1204 3754 240 47 trauerte
1493 3742 81 57 ich
1622 3739 135 57 auch
1813 3738 146 56 nicht
2004 3735 143 65 sehr,
2195 3733 80 56 als
2336 3734 79 53 sie
2463 3733 152 53 eines
2662 3727 186 71 Tages
2905 3744 89 36 ver-

903 3820 334 59 schwunden
1294 3840 129 35 war.
1501 3815 159 56 Aber
1717 3817 73 52 im
1848 3809 261 58 nächsten
2148 3807 165 71 Jahre
2373 3804 191 56 kehrte
2613 3804 81 52 sie
2741 3799 84 56 für
2864 3800 160 52 einen

903 3897 204 57 halben
1166 3895 192 56 Monat
1413 3890 215 65 zurück,
1677 3888 113 56 und
1836 3907 109 35 von
1993 3884 72 56 da
2112 3904 68 33 an
2228 3884 53 52 in
2317 3879 185 72 jedem
2544 3876 131 71 Jahr
2721 3875 84 55 für
2845 3875 179 67 einige

1517 591 228 57 Arnold
1785 588 147 59 Ulitz
1988 619 14 13 ♦
2059 586 242 57 Sinaida

850 599 109 53 218
