3242 4572
1024 731 137 55 Hier
1199 727 272 58 bedeutet
1509 745 29 33 c
1578 721 90 55 die
1707 711 651 77 Lichtgeschwindigkeit
2396 710 71 52 im
2507 705 186 55 leeren
2722 698 192 55 Raum.
2974 691 94 57 Sie

952 806 189 66 sehen,
1202 802 99 56 der
1356 793 478 70 Zusammenhang
1892 787 265 59 zwischen
2214 783 43 57 t'
2273 809 52 17 =
2337 792 21 46 t
2394 783 73 54 ist
2521 776 150 57 recht
2725 774 345 66 kompliziert

954 879 316 67 geworden.
1367 873 118 55 Das
1542 870 126 56 sind
1726 867 92 55 die
1864 861 270 66 Formeln,
2182 858 172 55 deren
2400 853 110 59 sich
2557 851 100 55 der
2695 844 266 73 Physiker
2999 862 71 33 im

954 953 154 68 Zuge
1165 951 278 56 bedienen
1502 942 147 67 muß,
1707 940 107 57 will
1874 960 57 34 er
1989 937 90 55 die
2139 933 319 69 Bewegung
2516 926 98 55 der
2660 915 413 72 Billardkugeln

957 1026 202 58 einmal
1197 1046 110 34 von
1348 1022 127 56 dem
1517 1017 388 69 mitbewegten
1947 1012 426 66 Bezugssystem
2433 1002 99 54 der
2587 999 206 55 beiden
2845 999 229 47 Banden

957 1102 91 57 auf
1088 1101 101 56 das
1227 1094 252 60 ruhende
1518 1092 441 70 Bezugssystem,
1999 1083 234 57 Schiene
2274 1078 112 56 und
2413 1073 337 65 Querleiste,
2791 1072 283 49 beziehen.

958 1177 132 58 Und
1149 1176 73 53 da
1279 1194 61 34 es
1395 1173 53 66 ja
1507 1166 133 57 nach
1700 1164 100 56 der
1838 1159 308 69 Erfahrung
2201 1150 290 73 belanglos
2551 1167 118 37 sein
2716 1149 147 57 muß,
2904 1149 73 45 ob
3021 1157 57 33 er

962 1254 192 55 seinen
1196 1246 118 71 Zug
1354 1244 80 56 als
1474 1239 216 59 ruhend
1735 1237 137 57 oder
1930 1230 232 59 fahrend
2219 1225 321 62 betrachtet,
2601 1242 64 34 so
2726 1234 221 37 müssen
2989 1216 89 49 die

961 1323 254 58 Formeln
1254 1323 182 53 seiner
1472 1314 205 74 Physik
1715 1312 109 56 den
1864 1307 248 73 gleichen
2151 1303 271 71 Vorgang
2467 1294 380 96 beschreiben,
2894 1308 34 34 o

963 1401 93 54 die
1098 1399 160 52 einen
1298 1393 139 56 oder
1475 1389 91 56 die
1607 1387 208 55 andern
1856 1379 382 58 Koordinaten
2297 1375 243 55 benutzt.
2638 1365 182 56 Dabei
2873 1361 210 53 kommt

964 1474 92 56 die
1085 1492 184 49 gegen
1297 1468 183 56 früher
1507 1460 363 74 umgekehrte
1898 1455 329 55 Erkenntnis
2253 1472 65 33 zu
2345 1446 173 71 Tage.
2565 1441 108 56 Die
2702 1436 381 66 Gleichungen

966 1549 101 55 der
1107 1538 485 75 Elektrodynamik
1631 1533 229 58 erfüllen
1900 1529 91 56 die
2031 1525 342 69 Forderung,
2433 1517 109 58 daß
2589 1536 80 36 sie
2708 1514 117 54 ihre
2866 1510 219 103 Gestalt

968 1620 145 57 nicht
1157 1616 228 65 ändern,
1429 1633 159 35 wenn
1635 1629 124 34 man
1813 1608 98 52 mit
1956 1600 151 57 Hilfe
2161 1599 99 54 der
2306 1615 179 37 neuen
2525 1586 252 58 Formeln
2824 1586 91 52 die
2960 1586 85 49 Um-

969 1695 280 67 rechnung
1287 1712 110 34 von
1427 1689 177 53 einem
1632 1682 295 68 bewegten
1954 1675 218 72 System
2201 1670 91 56 auf
2319 1690 88 34 ein
2443 1662 278 60 ruhendes
2749 1658 338 59 umrechnet;

972 1770 91 55 die
1114 1761 426 61 Newton’schen
1601 1755 381 67 Gleichungen
2041 1747 99 56 der
2198 1741 289 60 Mechanik
2544 1735 229 58 erfüllen
2831 1733 258 66 dagegen

973 1845 155 55 diese
1170 1839 332 70 Bedingung
1541 1831 161 56 nicht.
1781 1825 159 57 Doch
1991 1844 110 34 war
2158 1825 132 66 jetzt
2347 1816 157 56 diese
2543 1811 329 56 Erkenntnis
2932 1808 158 48 keine

972 1907 447 73 Überraschung,
1480 1909 147 54 denn
1687 1924 123 33 man
1864 1896 201 66 wußte,
2126 1892 108 57 daß
2293 1912 124 35 man
2458 1886 93 57 auf
2591 1905 123 35 eine
2754 1881 339 71 prinzipielle

975 1990 185 57 Lücke
1201 1990 54 52 in
1296 1985 100 54 der
1434 1975 423 62 Newton’schen
1898 1969 240 56 Theorie
2177 1963 277 75 gestoßen
2491 1980 127 45 war,
2666 1958 113 53 und
2820 1958 109 50 daß
2971 1969 123 35 man

976 2086 99 36 vor
1114 2063 101 55 der
1254 2079 180 37 neuen
1474 2051 268 72 Aufgabe
1781 2044 178 68 stand,
2002 2043 156 55 diese
2199 2038 179 57 Lücke
2419 2033 419 56 auszubessern.

1052 2138 130 56 Man
1220 2133 136 57 wird
1396 2152 108 33 nun
1546 2128 217 69 fragen:
1858 2118 129 57 Wie
2044 2118 126 53 kam
2210 2136 80 44 es,
2350 2109 109 59 daß
2509 2107 89 56 dm
2638 2102 266 73 Physiker
2943 2098 154 54 diese

981 2212 140 57 doch
1182 2230 138 47 ganz
1380 2199 340 78 prinzipielle
1772 2192 292 59 Schwäche
2124 2193 53 52 in
2236 2188 100 55 der
2392 2179 368 69 Behandlung
2820 2176 99 54 der
2958 2176 113 49 Zeit-

982 2305 337 51 messungen
1359 2284 54 51 in
1455 2278 99 55 der
1594 2267 425 63 Newton’schen
2058 2259 291 60 Mechanik
2408 2255 144 59 nicht
2609 2251 184 58 früher
2849 2243 253 59 bemerkt

982 2357 234 60 hatten?
1293 2354 117 56 Der
1450 2348 198 60 Grund
1687 2349 71 52 ist
1795 2342 161 55 leicht
2008 2335 351 59 einzusehen.
2435 2325 367 75 Vergleichen
2859 2342 95 34 wir
3013 2325 90 47 die

983 2437 133 53 zwei
1157 2430 256 67 Systeme
1452 2446 109 35 von
1602 2410 672 74 Umrechnungsformeln,
2317 2428 63 34 so
2422 2404 172 56 sehen
2632 2420 96 35 wir
2755 2400 351 52 unmittelbar

986 2505 321 64 folgendes:
1386 2500 88 55 Da
1509 2498 90 54 die
1629 2486 511 71 Geschwindigkeit
2167 2483 102 55 des
2297 2480 183 70 Zuges
2505 2498 110 34 von
2643 2491 223 51 einigen
2894 2471 212 51 Metern

987 2588 54 51 in
1107 2582 99 54 der
1269 2574 266 60 Sekunde
1594 2560 475 65 außerordentlich
2134 2557 145 56 klein
2339 2557 69 53 ist
2466 2547 325 75 gegenüber
2849 2546 100 52 der
3005 2546 102 48 des

991 2700 232 65 Lichtes,
1265 2716 64 36 so
1371 2691 124 58 sind
1544 2688 88 55 die
1674 2682 209 58 Brüche
2163 2674 127 56 sehr
2317 2672 164 63 klein,
2510 2690 65 34 so
2604 2664 110 57 daß
2744 2683 124 35 man
2897 2659 91 55 die
3015 2659 97 52 mit

992 2811 165 56 ihnen
1218 2803 441 71 multiplizierten
1718 2791 231 61 Glieder
2006 2784 274 74 praktisch
2339 2780 294 57 fortlassen
2692 2775 162 54 kann.
2951 2768 162 55 Dann

992 2883 223 58 werden
1255 2879 135 57 aber
1430 2897 97 34 aus
1575 2872 109 55 den
1738 2886 179 37 neuen
1956 2853 673 74 Umrechnungsformeln,
2690 2853 92 50 die
2840 2865 123 34 man
3023 2853 92 42 die

994 2946 708 69 Lorentz-Einstein’schen
1762 2949 185 57 nennt,
2007 2936 89 55 die
2152 2932 254 56 früheren
2455 2949 112 34 von
2613 2918 500 61 Galilei-Newton.

996 3034 131 54 Man
1185 3030 152 55 hatte
1396 3024 118 55 also
1575 3021 90 55 die
1714 3008 509 71 Geschwindigkeit
2281 3005 102 54 des
2421 3001 215 56 Lichtes
2714 2991 221 61 obwohl
2994 3010 124 34 man

997 3105 201 62 wußte,
1243 3100 110 57 daß
1395 3099 91 55 die
1516 3092 213 60 endlich
1757 3095 85 57 ist,
1885 3081 301 61 unbewußt
2213 3083 53 52 in
2295 3078 110 55 den
2433 3072 252 60 Formeln
2714 3071 79 53 als
2821 3071 299 50 unendlich

1003 3179 138 62 groß
1184 3173 327 68 gegenüber
1550 3170 108 54 den
1698 3161 272 59 irdischen
2012 3151 579 71 Geschwindigkeiten
2638 3148 324 66 eingesetzt,
3007 3157 114 34 was

1003 3213 300 103 Illerdings
1343 3248 93 55 bei
1477 3245 100 54 der
1616 3238 309 59 erstrebten
1954 3228 376 71 Genauigkeit
2356 3226 101 53 der
2482 3220 373 68 Rechnungen
2883 3213 240 66 zulässig

1003 3350 127 33 war.
1207 3318 314 74 Prinzipiell
1560 3317 135 56 aber
1733 3313 95 53 hat
1869 3330 67 34 an
1978 3307 90 54 die
2109 3300 171 59 Stelle
2327 3299 100 55 der
2468 3290 469 63 Galilei-Newton
2960 3284 165 57 sehen

1004 3396 594 72 Relativitätsprinzips
1664 3389 102 55 das
1831 3388 348 66 sogenannte
2248 3373 253 73 spezielle
2557 3368 569 63 Relatimtatspnnzip

1006 3499 110 34 von
1155 3468 509 62 Lorentz-Einstein
1702 3483 66 33 zu
1808 3467 197 47 treten.
2083 3453 203 56 Dieses
2325 3449 228 67 besagt:
2631 3439 162 57 Nicht
2840 3457 99 34 nur
2986 3431 142 56 nicht

1009 3572 98 35 aus
1147 3549 111 54 den
1298 3538 694 75 Bewegungsvorgängen,
2052 3525 241 59 sondern
2351 3520 135 57 auch
2547 3516 145 55 nicht
2744 3533 97 35 aus
2895 3515 204 50 elektro-

1011 3619 412 76 magnetischen
1461 3615 344 70 Vorgängen
1846 3609 72 52 im
1946 3603 414 56 Laboratorium
2401 3593 115 57 laßt
2552 3589 109 58 sich
2692 3587 90 55 die

1013 3699 99 55 der
1151 3695 145 56 Erde
1337 3695 72 51 im
1448 3688 304 57 Weltraum
1800 3675 333 65 feststellen;
2192 3693 61 34 es
2313 3688 224 37 müssen
2596 3666 117 52 also
2774 3666 103 47 alle
2937 3666 163 45 Natur-

1015 3781 226 57 gesetze
1282 3763 372 61 unverändert
1691 3755 244 64 bleiben,
1975 3772 160 35 wenn
2176 3768 124 34 man
2341 3765 53 33 in
2435 3741 165 55 ihnen
2629 3737 89 55 die
2747 3734 387 62 Umrechnung

1018 3848 99 53 der
1157 3833 733 67 Raum-Zeit-Koordinaten
1930 3848 110 33 von
2101 3825 178 52 einem
2325 3814 287 58 ruhenden
2654 3812 217 69 System
2918 3812 90 46 aut
3048 3821 86 34 ein

1113 551 65 58 E.
1201 547 325 60 Freundlich
1568 576 12 12 •
1620 543 108 55 Die
1753 537 390 71 Entwicklung
2166 533 96 56 des
2285 525 447 78 physikalischen
2759 517 305 61 Weltbildes

947 557 106 54 186
