2929 4572
184 722 456 85 Versicherung
699 750 149 39 usw.
891 724 355 85 detailliert)
1308 729 366 85 anzugeben
1731 733 130 65 und
1926 734 125 67 den
2108 737 129 67 Kon-

181 822 325 55 sumenten
553 836 75 39 zu
677 811 238 66 diesem
966 813 210 66 Preise
1223 814 233 68 liefern.
1530 818 211 68 Durch
1784 821 175 67 diese
2000 823 240 69 Rechen-

181 897 553 86 schaftsablegung
785 900 213 67 würde
1047 901 103 67 die
1197 903 292 69 offizielle
1536 906 605 91 Preisbestimmung
2188 939 61 39 er-

181 983 314 84 möglicht,
546 985 84 66 da
678 985 155 78 ~der
880 987 489 87 Handelsprofit
1416 994 104 64 auf
1567 994 113 67 der
1726 996 551 90 Verheimlichung

180 1070 112 66 der
340 1070 325 75 Qualität“
717 1074 275 86 (Busch),
1042 1076 171 69 nicht
1258 1105 115 40 nur
1420 1080 115 67 der
1577 1081 307 81 Qualität,
1921 1086 358 88 überhaupt

179 1157 113 66 das
351 1187 199 57 ganze
613 1161 197 68 Geld-
872 1165 130 65 und
1068 1166 527 87 Handelssystem
1652 1173 105 66 auf
1813 1174 461 81 Heimlichkeit,

179 1245 456 80 Unsicherheit,
687 1249 358 68 Mißtrauen
1094 1253 244 68 beruht.

260 1333 154 68 Zum
471 1335 292 70 Schlüsse
823 1339 250 69 möchte
1136 1342 97 67 ich
1289 1344 160 67 nach
1507 1347 187 66 Diehl
1748 1375 138 39 zum
1941 1350 332 86 Vergleich

174 1424 203 81 einige
417 1423 723 72 Tauschbankversuche
1187 1432 324 67 anführen.
1582 1433 220 70 Zuerst
1842 1438 102 66 die
1986 1439 251 69 Arbeits-

171 1508 394 68 tauschbank
605 1512 112 67 des
750 1514 456 69 Assozialisten
1252 1518 206 69 Owen
1500 1526 59 61 in
1592 1521 273 69 London
1902 1527 168 65 1832
2082 1531 185 73 —34,

172 1596 102 66 die
322 1598 130 66 sich
491 1626 113 41 vor
642 1601 182 67 allem
865 1630 123 39 von
1030 1606 377 68 Proudhons
1449 1608 255 87 Projekt
1743 1612 281 69 dadurch
2067 1629 170 54 unter-

171 1683 301 80 scheidet,
515 1687 129 66 daß
684 1716 66 40 er
791 1691 115 66 das
942 1691 169 68 Geld
1152 1695 157 67 auch
1350 1697 91 65 als
1475 1698 418 69 Wertmesser
1933 1729 123 39 von
2089 1731 145 40 vorn-

170 1771 212 67 herein
409 1773 331 70 abschafft.
777 1777 80 66 Er
873 1777 133 67 läßt
1022 1784 180 63 einen
1225 1784 419 85 „gerechten“
1667 1786 172 67 Preis
1859 1789 193 67 durch
2072 1792 158 66 Taxa-

169 1871 179 55 toren
426 1862 407 82 bestimmen;
913 1866 82 66 da
1064 1869 155 66 aber
1287 1871 182 67 keine
1539 1874 730 90 Produktionsregelung

167 1950 390 84 vorgesehen
604 1978 145 53 war,
791 1980 74 40 so
906 1955 272 69 bestand
1213 1959 181 67 keine
1428 1961 277 68 Gewähr
1734 1964 93 66 für
1864 1966 102 66 die
2001 1968 229 67 Brauch-

170 2034 242 67 barkeit
444 2038 128 66 und
607 2040 550 88 Absatzfähigkeit
1190 2045 111 66 der
1332 2048 339 71 Produkte.
1746 2051 281 69 Obwohl
2061 2055 203 66 Owen

170 2123 114 66 das
345 2125 554 70 kommunistische
962 2131 169 68 Ideal
1193 2134 191 77 hatte,
1449 2138 128 65 und
1648 2144 173 62 seine
1891 2143 373 67 Banknoten

165 2210 467 89 Anweisungen
680 2217 106 64 auf
834 2217 123 66 den
1006 2218 401 71 Einzelanteil
1455 2251 78 39 an
1583 2227 115 66 der
1731 2227 495 70 Gemeinschafts-

166 2298 201 67 arbeit
429 2300 335 70 darstellen
828 2307 246 77 sollten,
1139 2335 72 39 so
1276 2337 127 40 war
1465 2313 103 66 die
1632 2316 177 64 Bank
1865 2317 165 67 doch
2095 2318 169 67 nicht

165 2385 532 83 kommunistisch,
731 2393 156 78 weil,
917 2394 113 66 der
1052 2394 768 75 frühindustrialistischen
1837 2405 388 68 Wirtschafts-

160 2472 251 67 technik
443 2478 481 84 entsprechend,
960 2507 77 41 an
1072 2487 137 62 eine
1235 2483 478 73 Zentralisation
1742 2491 112 66 der
1870 2492 390 69 Produktion

161 2561 161 66 noch
371 2563 170 66 nicht
584 2592 74 40 zu
707 2567 248 66 denken
1002 2596 144 41 war.
1242 2573 118 66 Die
1408 2576 423 69 Tauschbank
1875 2608 125 39 von
2047 2582 221 69 Mazel

162 2653 59 60 in
279 2650 310 69 Marseille
647 2657 168 65 1829
908 2659 84 64 45
1047 2660 209 67 wollte
1312 2689 113 41 nur
1480 2665 124 66 den
1654 2667 285 68 direkten
1990 2671 264 79 Tausch,

160 2736 167 66 nicht
374 2739 155 67 auch
580 2741 123 67 den
753 2746 526 84 unentgeltlichen
1314 2750 225 69 Kredit
1572 2760 447 79 organisieren.
2095 2760 163 78 „Die

158 2822 380 70 Zirkulation
588 2829 111 66 der
745 2831 215 68 Werte
1008 2838 79 62 ist
1133 2835 168 69 nicht
1341 2839 242 67 einfach
1620 2841 113 66 der
1765 2844 348 85 Transport
2146 2848 113 66 der

242 2920 212 70 aren“,
504 2929 178 71 sagte
730 2918 366 69 Proudhon.
1199 2923 191 67 Diese
1439 2927 817 90 Kommanditgesellschaft

157 2999 104 65 auf
321 3001 235 66 Aktien
621 3004 271 67 bestand
956 3034 112 40 aus
1122 3010 393 69 Aktionären
1580 3017 128 64 und
1770 3018 479 81 Tauschenden,

157 3090 89 61 sie
279 3087 173 68 hatte
485 3092 133 64 also
654 3093 123 66 den
811 3094 490 70 Krebsschaden
1337 3100 113 65 der
1483 3102 324 80 Industrie,
1845 3107 114 66 das
1992 3108 225 69 Aktien-

156 3198 227 54 wesen,
439 3181 61 60 in
556 3179 112 66 der
713 3181 538 83 kapitalistischen
1299 3187 425 87 Privilegform
1774 3193 476 73 übernommen.

156 3259 413 73 Tauschbons
594 3269 255 66 wurden
877 3276 405 82 ausgegeben
1301 3301 204 60 gegen
1526 3280 290 85 Bargeld,
1839 3283 410 80 Immobilien,

155 3347 252 79 Aktien,
471 3354 321 82 gelieferte
862 3360 159 66 oder
1086 3361 364 85 geforderte
1520 3366 340 81 Produkte,
1934 3379 316 77 quittierte

155 3432 434 74 Tauschbons.
661 3442 120 67 Die
821 3445 389 68 Einnahmen
1243 3451 255 66 wurden
1533 3468 179 54 unter
1742 3457 506 87 Vorwegnahme

153 3548 122 39 von
348 3526 113 80 5/o
506 3526 356 71 Dividende
932 3535 96 65 für
1097 3536 102 65 die
1265 3539 353 71 Aktionäre
1686 3545 560 85 folgendermaßen

153 3611 263 66 verteilt:
489 3612 25 85 /
515 3657 16 32 3
585 3615 297 70 erhielten
941 3622 101 65 die
1089 3624 459 82 Angestellten,
1726 3633 102 67 die
1874 3634 370 80 Aktionäre,

162 3720 38 57 (3
233 3697 210 68 diente
477 3701 112 65 der
1190 3710 100 67 Da
1332 3714 201 68 Mazel
1574 3719 182 67 keine
1794 3722 454 88 Abschätzung

151 3784 113 66 der
322 3786 320 70 Produkte
703 3795 381 67 vornehmen
1149 3799 141 78 ließ,
1356 3802 271 71 bestand
1690 3809 182 66 keine
1943 3810 301 67 Garantie

506 548 273 72 Gottfried
812 550 271 56 Salomon
1143 583 11 12 •
1214 553 345 57 Proudhon’s
1602 555 358 61 Tauschbank

2176 566 106 54 153
