2929 4572
162 545 65 55 E.
250 545 322 58 Freundlich
612 580 11 11 •
662 548 106 55 Die
791 547 383 72 Entwicklung
1200 549 93 55 des
1318 549 442 71 physikalischen
1789 552 303 58 Weltbildes

2160 558 103 54 187

167 720 280 72 bewegtes
489 721 230 71 System,
762 720 296 71 allerdings
1119 721 131 56 nach
1298 724 107 53 den
1448 745 175 34 neuen
1665 725 249 56 Formeln
1954 732 304 54 vornimmt.

165 792 126 56 Daß
332 815 122 33 man
493 795 184 53 dieses
705 793 556 73 Relativitätsprinzip
1305 796 99 55 das
1433 799 259 68 spezielle
1727 809 185 57 nennt,
1952 800 94 56 hat
2073 807 188 51 seinen

164 866 193 54 Grund
399 866 168 67 darin,
629 866 108 56 daß
795 870 191 52 immer
1042 868 91 55 die
1192 868 449 58 beschränkende
1679 871 451 74 Voraussetzung
2168 899 62 48 ge-

168 938 174 55 macht
397 940 152 64 wird,
610 938 109 56 daß
779 940 90 54 die
930 940 505 73 Geschwindigkeit
1499 945 100 54 des
1664 946 293 70 bewegten
2017 946 244 72 Systems

162 1012 189 53 relativ
388 1031 120 34 zum
549 1012 283 56 ruhenden
877 1017 120 53 eine
1037 1014 293 56 konstante
1371 1020 82 52 ist.

235 1082 71 56 Es
365 1086 70 53 ist
493 1086 144 54 nicht
686 1087 250 70 möglich,
985 1091 69 50 im
1096 1088 243 56 Rahmen
1387 1092 153 53 eines
1587 1091 200 56 kurzen
1827 1092 297 58 Aufsatzes
2171 1096 90 56 die

159 1157 316 70 ungeheure
515 1160 337 69 prinzipielle
892 1160 270 72 Wirkung
1202 1162 99 54 der
1326 1162 327 58 Erkenntnis
1693 1164 99 56 der
1819 1164 312 59 Relativität
2164 1169 97 55 der

162 1228 119 56 Zeit
319 1230 366 73 erschöpfend
727 1234 348 71 darzulegen.
1155 1234 70 56 Es
1284 1234 176 73 folgte
1519 1258 97 35 aus
1675 1238 82 55 ihr
1815 1240 142 55 nicht
2015 1262 97 34 nur
2171 1242 89 56 die

158 1300 312 59 Relativität
510 1299 100 61 der
648 1304 291 58 Zeitdauer
983 1310 151 52 eines
1174 1308 352 72 Vorganges,
1584 1312 239 54 sondern
1870 1313 211 57 ebenso
2128 1315 130 55 auch

156 1375 91 55 die
311 1376 98 55 der
473 1376 589 74 Längenausdehnung
1127 1384 152 53 eines
1344 1383 270 71 Körpers,
1692 1389 182 51 seines
1924 1387 332 68 Volumens,

159 1451 179 52 seiner
391 1448 218 57 Gestalt
666 1473 129 34 usw.
873 1453 127 55 Man
1059 1453 258 72 gelangte
1377 1455 117 56 also
1546 1477 65 34 zu
1667 1458 99 54 der
1820 1459 287 71 wichtigen
2166 1461 62 55 Er-

156 1520 279 67 kenntnis,
513 1522 108 56 daß
700 1525 88 55 die
854 1525 184 71 Länge
1104 1530 150 52 eines
1319 1528 246 71 Körpers
1637 1530 144 57 nicht
1852 1531 80 56 als
1997 1536 86 51 ein
2148 1534 108 56 ihm

156 1594 326 55 schlechthin
532 1597 430 58 zukommendes
1020 1600 249 56 Attribut
1325 1601 344 56 aufzufassen
1729 1606 90 65 ist,
1881 1605 240 56 sondern
2180 1608 78 55 als

155 1670 122 52 eine
318 1667 269 70 Relation,
647 1671 89 55 die
781 1672 263 55 zwischen
1084 1672 108 55 ihm
1232 1675 112 53 und
1385 1675 124 56 dem
1550 1679 329 54 messenden
1919 1679 341 57 Beobachter

155 1740 243 67 besteht;
465 1742 100 56 das
624 1743 209 72 gleiche
898 1746 99 71 gilt
1056 1746 83 55 für
1197 1746 91 56 die
1348 1746 291 58 Zeitdauer
1702 1754 150 53 eines
1905 1751 350 74 Vorganges.

154 1812 226 57 Welche
419 1812 309 75 Tragweite
769 1818 100 56 das
910 1820 83 54 für
1032 1840 195 34 unsere
1268 1832 250 59 gesamte
1557 1820 543 62 Erkenntnistheorie
2145 1827 110 68 hat,

154 1887 235 56 leuchtet
426 1889 143 56 wohl
607 1892 350 56 unmittelbar
996 1895 104 53 ein.
1179 1893 117 56 Nur
1334 1895 92 54 auf
1465 1898 122 54 eine
1612 1897 249 71 wichtige
1896 1898 360 74 Entdeckung

154 1959 213 56 möchte
407 1961 78 54 ich
527 1962 136 56 noch
704 1963 128 56 kurz
872 1964 313 56 hinweisen.
1263 1966 105 56 Die
1409 1969 259 70 spezielle
1696 1969 557 60 Relativitätstheorie

156 2032 190 67 lehrte,
395 2033 109 56 daß
559 2038 86 52 ein
694 2036 233 72 Körper,
974 2038 99 55 der
1118 2038 150 56 Licht
1313 2041 139 54 oder
1487 2042 227 56 Wärme
1759 2046 310 66 ausstrahlt,
2117 2047 139 56 oder

151 2128 110 33 von
303 2107 125 54 dem
469 2110 85 53 ein
596 2109 348 57 elektrischer
981 2110 183 56 Strom
1223 2113 248 69 abfließt,
1531 2116 109 55 daß
1700 2117 184 56 dieser
1922 2118 217 71 Körper
2183 2143 68 32 an

153 2184 180 66 träger
369 2179 182 56 Masse
590 2183 233 66 verliert,
870 2185 376 70 proportional
1287 2185 98 56 der
1440 2189 323 56 verlorenen
1805 2189 249 73 Energie,
2098 2193 52 55 d,
2194 2194 52 55 h.

153 2254 78 52 sie
272 2251 194 58 lehrte:
544 2254 155 56 Auch
741 2256 89 55 die
872 2255 209 68 Größe,
1122 2259 89 53 die
1250 2262 96 52 wir
1383 2264 97 52 mit
1507 2262 234 72 Energie
1771 2263 330 57 bezeichnen
2140 2267 112 54 und

151 2324 92 56 die
301 2329 94 51 wir
451 2326 79 55 als
588 2338 169 45 etwas
814 2350 107 35 von
981 2330 99 56 der
1118 2331 228 56 Materie
1392 2335 396 69 grundsätzlich
1828 2339 423 57 verschiedenes

151 2397 333 68 betrachten,
525 2401 131 55 auch
698 2405 80 52 sie
818 2403 93 54 hat
949 2409 155 65 träge
1146 2404 200 67 Masse,
1387 2428 180 49 genau
1616 2430 62 35 so
1724 2413 103 52 wie
1872 2410 90 56 die
2003 2411 245 58 Materie.

154 2470 128 56 Und
323 2493 122 33 man
484 2493 231 49 gewann
757 2497 167 49 sogar
962 2476 108 56 den
1110 2476 289 70 Eindruck,
1439 2481 80 55 als
1559 2483 160 54 rühre
1747 2483 88 54 die
1863 2483 263 73 Trägheit
2153 2486 99 55 der

150 2545 226 54 Materie
417 2546 311 72 überhaupt
753 2570 99 33 nur
877 2571 108 33 von
1011 2552 99 54 der
1136 2550 261 72 Trägheit
1425 2555 99 55 der
1551 2559 52 52 in
1631 2556 80 55 ihr
1739 2556 509 73 aufgespeicherten

149 2616 235 72 Energie
423 2617 112 56 her.
614 2620 254 58 Dadurch
910 2627 175 66 geriet
1124 2645 196 36 unsere
1360 2649 173 48 ganze
1585 2629 278 72 bisherige
1904 2631 345 73 Auffassung

148 2712 108 33 von
297 2692 126 55 dem
464 2692 206 56 Wesen
710 2696 99 55 der
847 2696 229 56 Materie
1117 2700 81 52 ins
1239 2698 269 59 Wanken.

221 2763 136 55 Hier
397 2773 171 47 setzte
610 2789 108 33 nun
760 2768 89 55 die
888 2772 192 52 zweite
1133 2770 177 71 große
1350 2770 103 57 Tat
1493 2773 290 58 Einstein’s
1843 2778 104 54 ein.
2025 2776 70 57 Er
2153 2778 95 56 hat

148 2834 100 56 das
289 2836 274 57 Gebäude
604 2839 99 55 der
742 2841 216 71 Physik,
1000 2843 100 55 das
1129 2865 59 32 er
1214 2843 164 55 durch
1407 2848 154 54 seine
1595 2848 261 70 spezielle
1884 2850 336 57 Relativitäts-

145 2909 213 56 theorie
400 2913 83 53 ins
510 2912 251 57 Wanken
802 2916 263 69 gebracht
1103 2916 166 68 hatte,
1312 2919 165 55 durch
1518 2923 88 52 ein
1646 2944 170 34 neues
1846 2922 274 57 Gebäude
2161 2947 57 33 er-

148 2991 153 57 setzt,
343 2983 101 56 das
484 2984 97 55 frei
620 3007 107 33 von
769 2988 108 55 den
917 2989 375 70 prinzipiellen
1321 2991 328 58 Schwächen
1689 2997 85 62 ist,
1815 2994 92 56 die
1933 2999 95 53 wir
2053 2998 193 54 vorhin

145 3054 79 55 als
253 3055 89 55 die
370 3057 427 58 unerfreulichen
826 3060 296 56 Merkmale
1151 3062 99 56 der
1270 3063 419 60 Newton’schen
1717 3068 285 56 Mechanik
2028 3071 215 54 kennen

150 3128 208 68 gelernt
398 3130 203 56 hatten.

220 3198 123 55 Daß
384 3224 122 33 man
545 3205 132 54 nach
718 3205 99 55 der
842 3205 353 76 Aufstellung
1235 3210 99 55 der
1360 3213 295 68 speziellen
1689 3214 554 57 Relativitätstheorie

148 3270 166 55 daran
353 3275 178 67 gehen
572 3278 203 67 mußte,
818 3279 89 56 die
950 3280 239 59 Gesetze
1231 3284 98 55 der
1354 3284 419 58 Newton’schen
1806 3288 286 56 Mechanik
2130 3311 76 33 um-

148 3345 354 68 zugestalten,
550 3350 236 56 darüber
822 3375 110 32 war
972 3377 122 33 man
1134 3356 110 55 sich
1286 3359 68 52 im
1396 3358 201 55 klaren.
1677 3360 105 56 Die
1823 3360 174 71 Frage
2037 3361 204 56 konnte

148 3438 97 31 nur
291 3420 133 65 sein,
473 3430 240 62 genügte
760 3429 120 53 eine
929 3429 151 54 mehr
1126 3430 137 55 oder
1308 3431 210 56 minder
1562 3433 99 54 tief
1706 3434 284 70 greifende
2039 3434 163 71 Umge-

148 3488 240 72 staltung
433 3492 97 55 der
573 3497 386 57 vorhandenen
1009 3501 238 57 Gesetze
1296 3505 137 53 oder
1480 3505 183 56 mußte
1711 3529 122 32 man
1880 3507 85 55 bis
2012 3507 93 54 auf
2150 3509 91 54 die

146 3561 372 57 Fundamente
557 3568 377 72 zurückgehen
974 3575 111 53 und
1126 3579 120 50 eine
1286 3596 138 49 ganz
1471 3598 138 35 neue
1650 3579 283 54 Mechanik
1980 3579 259 57 schaffen.

145 3633 240 56 Einstein
433 3637 275 69 erkannte,
756 3643 108 55 daß
912 3667 99 33 nur
1056 3647 99 55 der
1199 3648 222 56 letztere
1460 3650 147 71 Weg
1651 3652 233 54 wirklich
1931 3673 120 34 zum
2092 3651 147 58 Ziele

144 3706 190 57 führen
380 3709 201 66 würde,
637 3714 53 53 d.
725 3713 51 56 h.
823 3737 64 35 zu
940 3722 149 52 einer
1134 3720 301 66 Mechanik,
1490 3722 90 56 die
1635 3723 96 55 frei
1785 3746 110 33 war
1946 3746 109 33 von
2111 3727 126 55 dem

143 3780 467 70 unerquicklichen
651 3784 207 71 Begriff
902 3789 99 55 der
1047 3792 288 55 absoluten
1376 3793 318 73 Bewegung
1741 3797 322 70 gegenüber
2110 3800 125 54 dem
