2428 3934
806 1119 368 56 CURIOSITÉS
1212 1132 80 41 DE
1333 1126 456 52 L'ACOUSTIQUE

526 1468 381 86 ÉCHOS
966 1483 122 71 ET
1154 1465 853 89 RÉSONNANCES

2029 1458 49 47 (I)

820 1908 254 27 ASSENFRATZ
1104 1893 81 41 cite
1207 1906 153 28 encore
1396 1906 60 26 un
1495 1891 106 41 écho
1632 1890 73 40 des
1728 1889 99 56 plus
1864 1887 200 53 curieux,
2107 1887 50 40 ob-

821 1971 119 38 servé
959 1972 22 37 à
998 1968 185 41 l'ancien
1201 1968 160 53 collège
1686 1972 41 32 et
1747 1976 85 42 que
1850 1962 39 41 la
1912 1962 149 41 trouée
2084 1960 98 41 faite

821 2056 77 39 par
925 2042 37 40 le
992 2040 235 42 boulevard
1255 2039 314 43 Saint-Michel
1590 2038 89 41 doit
1705 2037 117 41 seule
1848 2036 123 41 avoir
1992 2035 78 40 tait
2092 2033 68 42 dis-

822 2118 198 53 paraître.

876 2195 43 40 Si
938 2209 85 27 une
1040 2207 214 42 personne
1274 2194 146 54 placée
1442 2206 55 28 au
1521 2192 151 40 milieu
1692 2192 50 40 de
1764 2191 39 40 la
1826 2203 108 29 cour
1942 2223 14 19 3
1980 2197 121 33 entre
2123 2188 59 40 les

419 2271 112 40 deux
571 2270 103 40 ailes
696 2271 59 39 du
795 2268 230 49 bâtiment,
1051 2267 153 55 parlait
1227 2267 123 52 haut,
1379 2267 59 40 les
1461 2275 120 32 notes
1603 2279 152 40 graves
1781 2264 51 41 de
1867 2278 43 26 sa
1932 2263 101 40 voix
2069 2265 90 37 s'en-

419 2344 220 41 tendaient
658 2343 108 42 dans
788 2357 86 27 une
894 2341 213 42 direction
1133 2341 200 55 parallèle
1355 2345 22 36 à
1400 2340 38 40 la
1479 2353 77 27 rue
1592 2339 52 41 de
1678 2339 38 40 la
1740 2339 165 53 Harpe,
1937 2346 40 32 et
1999 2338 58 40 les
2081 2350 102 27 sons

418 2418 124 53 aigus
566 2418 106 40 dans
696 2431 85 27 une
804 2416 214 41 direction
1039 2416 78 54 qui
1138 2414 141 42 faisait
1304 2428 61 27 un
1382 2413 123 54 angle
1526 2413 51 41 de
1598 2413 239 54 cinquante
1859 2411 149 56 degrés
2030 2424 94 27 vers
2146 2409 37 41 le

419 2493 108 40 nord
563 2506 102 27 avec
691 2491 40 42 la
765 2491 225 55 première.

472 2566 36 40 Il
524 2580 27 40 y
570 2566 117 40 avait
708 2566 293 40 évidemment
1022 2564 41 41 là
1083 2578 62 27 un
1168 2564 270 55 phénomène
1462 2562 110 56 qu'il
1595 2562 94 42 faut
1711 2561 219 41 attribuer
1945 2565 23 36 à
1989 2561 41 40 la
2053 2560 106 41 diffé-

416 2653 125 28 rence
562 2640 52 41 de
629 2640 182 41 tonalité
830 2640 71 40 des
913 2653 120 27 murs
1049 2639 59 40 du
1127 2638 177 55 collège,
1319 2647 41 32 et
1373 2637 78 55 qui
1472 2637 191 40 méritait
1677 2635 131 42 d'être
1825 2634 168 44 étudiée
2014 2635 51 40 de
2085 2634 98 54 plus

414 2718 110 51 près.
554 2715 121 40 Dans
697 2714 116 41 l'état
835 2715 143 41 actuel
1008 2714 52 40 de
1096 2727 77 28 nos
1209 2712 333 42 connaissances
1584 2710 295 55 acoustiques,
1919 2709 162 42 l'étude
2128 2721 52 27 en

416 2790 198 55 pourrait
634 2791 88 41 être
744 2789 239 55 entreprise
1006 2802 101 28 avec
1131 2788 108 42 fruit
1255 2802 9 28 :
1289 2787 112 42 mais
1420 2788 136 41 l'écho
1581 2788 109 41 n'est
1707 2787 111 55 plus.

475 3012 80 43 Les
576 3010 228 44 réflexions
820 3012 189 55 répétées
1032 3024 74 27 sur
1126 3024 87 27 une
1236 3009 169 42 surface
1427 3010 162 41 courbe
1610 3023 57 27 ou
1703 3008 262 55 polygonale
1999 3008 158 56 produi-

413 3099 95 31 sent
531 3095 184 34 souvent
738 3100 85 27 une
846 3084 330 43 concentration
1199 3085 73 41 des
1294 3084 135 41 ondes
1444 3097 179 27 sonores
1643 3083 78 55 qui
1746 3083 105 41 rend
1878 3083 304 55 perceptibles,

416 3169 22 35 à
463 3177 89 27 une
586 3163 197 41 distance
810 3159 297 44 considérable
1146 3160 57 41 du
1244 3160 120 55 foyer
1385 3158 275 55 d'émission,
1679 3157 73 42 des
1794 3171 101 28 sons
1924 3159 143 39 même
2098 3160 85 37 très

416 3236 167 41 faibles.

476 3311 82 40 Par
573 3310 210 55 exemple,
801 3309 116 42 deux
937 3323 238 42 personnes
1211 3309 164 55 placées
1413 3312 23 37 à
1476 3309 113 41 deux
1623 3307 144 56 points
1804 3307 379 42 diamétralement

533 3469 90 36 Voir
644 3471 32 33 le
697 3471 154 34 numéro
871 3470 48 35 du
947 3469 16 46 i
979 3469 15 46 5
1010 3469 123 46 juillet.
