2428 3934
433 328 78 40 128

894 329 77 40 LA
1002 330 385 51 CHRONIQUE
1419 333 318 44 MUSICALE

426 475 239 43 musiciens
692 493 9 36 ;
727 479 92 41 l'un
855 480 97 51 joue
986 482 51 39 de
1061 482 39 39 la
1124 481 127 54 viole,
1276 482 155 41 l'autre
1469 483 131 40 d'une
1637 487 146 52 espèce
1809 487 52 40 de
1884 487 233 51 hautbois,
2149 487 38 41 le

427 551 219 42 troisième
670 567 137 28 sonne
828 555 52 41 de
902 555 38 41 la
962 569 272 40 cornemuse,
1258 565 41 32 et
1316 557 38 40 le
1376 558 245 54 quatrième
1644 559 146 54 frappe
1807 560 51 40 de
1879 560 40 41 la
1941 561 121 41 main
2079 574 81 40 gau-

427 625 79 40 che
527 640 74 27 sur
624 641 60 27 un
710 629 271 52 tambourin,
1010 631 220 54 suspendu
1256 635 23 36 à
1313 645 77 27 son
1415 632 99 40 bras
1534 632 129 51 droit,
1701 633 145 40 tandis
1868 647 87 41 que
1992 648 45 27 sa
2065 634 120 40 main

431 699 141 42 droite
595 701 110 41 tient
727 716 60 26 un
811 702 125 42 flutet
967 704 106 40 dans
1106 704 143 54 lequel
1272 705 31 40 il
1341 706 168 40 souffle.
1550 706 124 42 Cette
1706 706 239 41 miniature
1968 720 41 27 se
2034 716 152 32 trouve

426 774 106 41 dans
547 789 87 28 une
651 776 115 41 bible
790 779 265 40 manuscrite
1067 779 50 40 de
1134 779 40 40 la
1197 779 307 56 Bibliothèque
1521 781 234 42 nationale.
1771 781 127 41 Nous
1914 795 52 27 ne
1987 795 201 41 pouvons

428 845 104 43 finir
556 861 43 28 ce
635 850 268 54 paragraphe
925 864 75 26 sur
1025 851 141 40 David
1187 865 100 27 sans
1308 854 280 40 mentionner
1621 868 61 27 un
1705 854 246 42 manuscrit
1973 855 60 41 du
2056 856 106 54 quin-

424 920 140 42 zième
586 922 127 41 siècle
736 923 93 54 qui,
855 937 76 40 par
953 925 35 38 la
1011 924 259 54 disposition
1294 926 59 41 du
1374 927 160 54 dessin,
1561 942 75 41 par
1653 943 87 26 une
1762 935 126 34 naïve
1909 929 211 41 tentative
2138 930 50 40 de

427 995 183 41 couleur
633 996 134 41 locale
788 1005 41 32 et
851 1010 76 41 par
957 996 303 42 l'instrument
1287 1000 107 39 dont
1414 1000 99 53 joue
1536 1002 37 38 le
1597 1002 77 50 roi,
1702 1003 198 53 présente
1924 1003 38 40 le
1982 1003 99 54 plus
2102 1003 86 41 réel

426 1068 172 42 intérêt.
628 1069 116 41 C'est
762 1083 59 27 un
845 1071 272 52 magnifique
1141 1071 33 39 B
1199 1070 254 57 majuscule,
1475 1082 244 45 provenant
1738 1074 107 41 d'un
1867 1076 245 40 manuscrit
2136 1077 52 39 de

424 1141 138 40 sainte
590 1141 199 54 Bénigne
811 1142 50 41 de
886 1142 147 55 Dijon.
1062 1144 119 40 Dans
1202 1153 111 33 cette
1341 1159 166 38 œuvre,
1531 1146 40 40 la
1596 1147 295 41 Renaissance
1921 1162 41 27 se
1993 1148 78 42 fait
2092 1149 91 53 déjà

424 1214 149 42 sentir.
604 1215 59 40 Le
687 1216 33 39 B
750 1216 59 40 du
833 1216 167 41 Beatus
1035 1218 70 40 vir
1138 1226 63 32 est
1230 1218 137 41 formé
1389 1233 76 40 par
1487 1220 113 41 deux
1623 1230 214 40 monstres
1862 1223 167 40 marins
2059 1231 42 33 et
2122 1237 62 26 un

424 1287 157 42 triton.
605 1291 72 38 Au
701 1289 172 54 milieu,
901 1290 157 53 David,
1084 1294 102 38 vêtu
1209 1296 23 36 à
1257 1292 241 42 l'orientale
1517 1308 100 26 avec
1637 1308 62 27 un
1723 1296 159 40 turban
1907 1306 40 31 et
1970 1310 86 27 une
2085 1297 74 40 lon-

423 1376 87 40 gue
534 1364 132 41 barbe
690 1373 41 32 et
749 1365 107 41 assis
874 1381 74 26 sur
966 1381 60 26 un
1047 1367 112 55 tapis
1178 1382 85 27 aux
1286 1368 166 41 dessins
1473 1370 251 55 asiatiques,
1744 1372 157 41 chante
1915 1386 53 26 en
1984 1372 179 41 s'accom-

422 1445 194 45 pagnant
641 1452 72 26 sur
743 1453 87 27 une
851 1440 164 42 cithare
1037 1446 24 36 à
1087 1442 99 41 huit
1209 1443 162 41 cordes.
1396 1443 84 40 Sur
1500 1444 302 42 l'instrument
1829 1446 78 53 qui
1935 1446 163 41 semble
2121 1461 61 26 un

423 1511 96 40 luth
551 1512 53 40 de
631 1515 136 38 forme
797 1514 222 51 orientale,
1045 1525 92 45 sept
1173 1516 179 41 touches
1383 1517 236 42 fortement
1650 1520 199 40 accusées
1879 1519 235 55 indiquent
2144 1520 39 40 la

423 1585 117 53 place
574 1585 71 40 dés
675 1586 248 41 intervalles
943 1604 9 35 ;
987 1588 105 40 trois
1128 1595 123 33 ouïes
1289 1590 155 40 rondes
1477 1600 101 31 sont
1612 1592 249 53 pratiquées
1889 1607 77 26 sur
1992 1593 40 41 la
2069 1593 114 41 table

420 1657 27 40 d
463 1656 243 43 harmonie.
755 1659 176 42 Debout
973 1669 162 32 autour
1177 1661 59 40 du
1275 1662 88 53 roi,
1405 1663 61 40 les
1505 1672 156 45 quatre
1712 1665 256 53 chanteurs,
2006 1678 146 29 accom-

418 1732 161 52 pagnés
602 1745 76 40 par
702 1731 38 41 le
760 1732 99 41 luth
879 1733 51 40 de
952 1734 95 40 leur
1071 1737 171 49 maître,
1260 1734 189 43 forment
1470 1750 61 28 un
1553 1746 170 32 concert
1748 1738 80 55 (i).

480 1803 74 41 Un
578 1812 126 33 autre
726 1805 240 54 épisodede
988 1807 39 41 la
1052 1807 126 41 Bible
1195 1822 112 27 nous
1331 1809 170 42 fournit
1522 1811 119 40 aussi
1663 1811 52 41 de
1736 1813 285 40 nombreuses
2044 1816 116 52 repré-

422 1878 245 41 sentations
691 1880 247 53 musicales,
961 1881 100 41 c'est
1082 1882 212 42 l'histoire
1315 1884 280 54 dramatique
1617 1894 41 32 et
1681 1886 235 42 touchante
1938 1887 52 40 de
2009 1888 172 54 Jephté.

425 1952 147 40 Parmi
593 1952 58 41 les
675 1953 264 42 miniatures
962 1957 77 53 qui
1068 1957 244 54 rappellent
1333 1967 109 32 cette
1463 1962 139 49 scène,
1629 1973 112 27 nous
1763 1960 189 41 citerons
1975 1961 175 55 particu-

420 2025 229 43 lièrement
670 2028 103 40 celle
795 2029 77 55 qui
905 2044 42 26 se
982 2039 154 32 trouve
1158 2031 106 41 dans
1286 2033 36 39 le
1345 2033 193 53 psautier
1570 2033 52 41 de
1644 2034 112 41 saint
1797 2035 150 40 Louis.
1986 2035 60 41 Ce
2070 2037 109 40 beau

421 2111 265 32 monument
707 2103 58 40 du
787 2104 221 42 treizième
1026 2106 126 40 siècle
1174 2107 64 41 fut
1254 2107 96 41 volé
1375 2122 74 40 par
1466 2108 58 40 les
1542 2108 221 42 Vandales
1785 2110 105 40 delà
1908 2110 271 42 Révolution

418 2181 41 33 et
475 2174 146 41 vendu
647 2180 21 36 à
691 2176 59 40 vil
769 2177 111 55 prix,
903 2188 42 32 et
965 2193 53 27 ne
1040 2181 143 41 revint
1204 2184 23 37 à
1248 2181 40 40 la
1309 2183 166 38 France
1489 2196 86 40 que
1597 2185 122 51 grâce
1743 2187 21 36 à
1787 2183 38 40 la
1848 2183 241 55 générosité
2109 2186 59 39 du

418 2248 149 55 prince
589 2249 211 56 Galitzin,
825 2251 77 54 qui
926 2253 38 40 le
985 2253 172 41 racheta
1181 2268 54 26 au
1263 2255 150 54 prince
1432 2256 253 52 Gorlouski,
1710 2271 77 27 son
1820 2258 188 54 premier
2029 2260 129 52 acqué-

418 2334 118 42 reur,
564 2330 41 32 et
634 2322 150 42 l'offrit
816 2325 346 53 gracieusement
1181 2341 58 27 au
1263 2329 63 39 roi
1373 2329 135 40 Louis
1532 2329 173 42 XVIII.
1734 2331 120 40 Dans
1877 2340 108 33 cette
2013 2333 139 40 minia-

418 2402 112 47 ture,
548 2395 61 41 les
628 2395 105 42 filles
749 2397 179 42 d'lsraël
948 2399 224 49 viennent,
1191 2414 54 28 au
1267 2416 76 26 son
1367 2403 72 40 des
1459 2402 173 56 harpes,
1651 2405 191 40 recevoir
1862 2405 38 41 le
1918 2406 261 54 vainqueur.

418 2470 38 38 A
478 2468 95 42 leur
596 2472 98 51 tête,
715 2471 127 55 Seila,
865 2471 192 56 joyeuse,
1075 2474 132 41 danse
1226 2489 53 28 en
1300 2477 380 55 s'accompagnant
1700 2479 60 40 du
1784 2479 272 43 tambourin.

475 2543 61 40 La
559 2543 69 42 vie
668 2545 73 40 des
767 2547 134 40 saints
924 2560 111 28 nous
1060 2548 146 42 donne
1232 2551 118 41 aussi
1374 2565 61 27 un
1451 2553 136 53 grand
1608 2554 184 40 nombre
1813 2554 52 40 de
1886 2557 146 37 scènes
2054 2562 41 33 et
2131 2554 51 41 de

416 2630 291 43 personnages
729 2620 161 41 relatifs
910 2625 23 36 à
955 2621 40 41 la
1020 2623 220 55 musique.
1265 2624 114 42 C'est
1395 2625 112 41 ainsi
1531 2640 85 40 que
1633 2641 110 26 nous
1766 2641 168 41 voyons
1956 2628 168 40 donner
2140 2628 39 40 la

414 2690 113 41 viole
548 2694 23 38 à
593 2693 326 57 Saint-Geniès,
950 2696 238 49 comédien,
1220 2702 22 36 à
1268 2698 407 56 Saint-Wilgeford,
1702 2705 24 36 à
1757 2700 336 43 Saint-Nicolas
2129 2702 51 40 de

415 2764 230 52 Tolentin,
680 2768 42 41 la
757 2782 258 28 cornemuse
1037 2774 22 37 à
1085 2770 317 53 Saint-Simon,
1435 2774 36 41 le
1498 2774 188 41 solitaire
1712 2788 56 28 ou
1793 2775 219 52 l'insensé,
2039 2776 36 40 le
2107 2789 73 27 cor

412 2837 53 42 de
495 2840 147 42 chasse
672 2845 23 37 à
724 2841 355 56 Saint-Hubert;
1113 2860 54 26 au
1199 2861 106 40 pape
1334 2848 385 52 Saint-Corneille,
1750 2854 23 35 à
1802 2849 375 53 Saint-Lamberr,

413 2913 165 56 évéque
606 2914 50 40 de
682 2914 147 55 Liège,
858 2915 40 42 la
923 2917 150 55 harpe,
1104 2927 81 33 etc.
1220 2919 62 41 La
1303 2920 181 53 légende
1507 2921 73 40 des
1608 2920 136 41 saints
1771 2921 202 54 explique
1999 2936 67 27 ces
2093 2922 66 42 dif-

414 2986 159 44 férents
597 2989 228 43 attributs.
856 2991 146 41 Sainte
1034 2992 161 55 Cécile,
1220 2994 39 41 la
1282 2994 138 41 sainte
1455 2996 276 42 musicienne
1753 3011 75 42 par
1846 2998 256 49 excellence,
2128 3013 53 27 ne

412 3062 68 42 fut
502 3064 249 41 considérée
779 3079 100 28 sous
900 3080 45 27 ce
981 3077 176 45 rapport
1186 3081 87 41 que
1296 3082 96 28 vers
1413 3069 39 41 le
1475 3071 296 53 quatorzième
1794 3072 144 42 siècle.
1976 3073 58 41 Le
2057 3072 125 44 fidèle

412 3150 277 44 compagnon
720 3140 52 41 de
805 3140 115 43 saint
954 3142 197 43 Antoine
1173 3143 232 42 lui-même
1425 3157 54 28 ne
1500 3153 83 47 put
1620 3146 212 56 échapper
1854 3161 53 27 au
1932 3146 103 56 joug
2062 3147 51 41 de
2140 3148 41 40 la

454 3310 51 43 (i)
531 3311 57 32 On
618 3318 128 28 trouve
779 3324 51 22 un
858 3313 123 35 dessin
1013 3315 43 33 de
1092 3322 91 27 cette
1212 3316 199 35 miniature
1438 3316 90 35 dans
1567 3318 49 34 les
1650 3320 94 33 Arts
1775 3330 46 24 au
1851 3330 130 34 moyen
2008 3318 72 45 âge
2083 3344 8 17 ,
2117 3329 62 33 par

412 3369 56 34 Du
493 3372 253 37 Sommerard.
831 3376 117 45 Chap.
973 3377 92 42 VIII,
1089 3379 52 42 pl.
1167 3379 93 33 XXL
