2428 3934
369 1064 325 76 REVUE
745 1069 170 74 DES
971 1056 508 94 THÉATRES
1540 1079 479 89 LYRIQUES

494 1597 131 36 OPÉRA
647 1609 7 23 :
682 1599 216 44 IJEsclavc,
922 1601 109 43 opéra
1056 1610 45 24 en
1124 1597 83 47 cinq
1229 1605 109 36 actes,
1362 1599 43 33 de
1422 1599 47 32 M.
1487 1598 172 32 Edmond
1677 1597 197 35 Membrce.

747 1821 8 9 .
782 1788 303 42 Membréeest
1106 1801 59 27 un
1192 1787 128 54 jeune
1342 1785 363 55 compositeur....
1736 1783 52 41 de
1810 1782 234 55 cinquante-

744 1871 155 46 quatre
918 1876 92 27 ans.
1029 1861 61 42 Ce
1113 1861 108 40 n'est
1242 1859 143 56 point,
1400 1859 135 54 qu'on
1552 1856 162 42 veuille
1737 1856 98 40 bien
1857 1857 39 39 le
1914 1856 154 50 croire,

742 1952 78 40 par
842 1936 191 41 manière
1060 1935 52 41 de
1139 1933 187 41 raillerie
1353 1945 85 41 que
1471 1931 37 54 je
1536 1938 194 34 constate
1757 1943 46 27 ce
1837 1929 89 52 fait,
1960 1929 110 40 mais

744 2025 111 41 pour
874 2011 104 41 faire
1012 2010 96 41 voir
1129 2007 198 42 combien
1353 2014 62 33 est
1436 2012 227 41 navrante,
1687 2004 107 40 dans
1814 2010 124 32 notre
1958 2004 110 39 beau

743 2099 107 42 pays
868 2086 51 40 de
944 2085 182 50 France,
1147 2083 39 40 la
1210 2080 210 42 situation
1442 2079 51 40 de
1511 2092 77 27 nos
1610 2076 252 52 musiciens,
1888 2085 40 32 et
1949 2090 90 26 com-

742 2160 100 40 bien
869 2158 31 41 il
922 2158 130 41 serait
1083 2158 87 39 bon
1199 2169 87 40 que
1309 2141 150 63 l'État,
1483 2152 79 54 qui
1595 2164 42 27 se
1658 2150 78 40 fait
1775 2150 96 40 leur
1905 2157 142 47 protec-

294 2238 99 33 teur
412 2244 53 27 en
487 2233 386 43 subventionnant
895 2238 285 48 grassement,
1202 2234 23 36 à
1247 2230 96 40 leur
1366 2225 237 53 intention,
1621 2238 62 27 un
1702 2224 162 41 certain
1888 2224 181 39 nombre

294 2304 52 41 de
381 2309 146 38 scènes
560 2308 214 54 lyriques,
803 2307 158 40 voulût
986 2305 101 41 bien
1107 2302 186 57 prendre
1323 2302 114 40 leurs
1466 2298 179 43 intérêts
1666 2298 98 54 plus
1788 2297 281 40 directement

291 2382 24 37 à
336 2393 133 39 cœur,
496 2389 42 33 et
558 2396 137 41 peser,
725 2382 51 40 de
804 2390 99 33 tout
932 2380 37 40 le
1000 2378 125 56 poids
1151 2378 51 40 de
1233 2390 78 28 son
1341 2374 207 53 autorité,
1578 2386 75 27 sur
1679 2371 73 41 des
1781 2370 260 40 administra-

289 2455 117 42 tions
428 2457 78 52 qui
531 2457 194 40 relèvent
745 2457 52 39 de
821 2455 64 41 lui
909 2462 41 33 et
976 2453 78 56 qui
1077 2452 64 41 lui
1173 2451 184 41 doivent
1379 2449 39 41 la
1440 2447 98 55 plus
1557 2445 163 54 grande
1741 2445 138 56 partie
1900 2443 50 40 de
1975 2443 93 39 leur

288 2531 257 54 prospérité.

345 2604 123 42 Cette
499 2605 182 41 histoire
715 2605 52 40 de
798 2605 27 39 Y
831 2603 196 42 Esclave
1069 2608 64 33 est
1166 2605 123 34 toute
1324 2609 87 27 une
1446 2594 192 54 odyssée.
1684 2592 34 39 L
1735 2603 189 40 ouvrage
1959 2589 104 40 était

286 2679 179 42 d'abord
489 2693 87 27 une
598 2678 211 55 tragédie,
838 2678 109 40 dont
978 2674 175 42 l'action
1189 2685 42 27 se
1255 2669 161 56 passait
1437 2668 107 39 dans
1566 2666 40 40 la
1631 2666 139 39 Rome
1800 2662 197 54 antique,
2022 2671 41 31 et

287 2768 84 41 que
389 2755 38 40 le
455 2753 160 43 comité
649 2753 53 41 de
734 2752 41 41 la
797 2746 489 59 Comédie-Française,
1312 2741 118 42 avait
1465 2753 125 45 reçue
1618 2743 24 36 à
1676 2736 278 42 coirections.
1981 2735 81 40 Les

285 2830 115 41 deux
434 2838 200 43 auteurs,
663 2827 117 43 MM»
816 2826 87 41 Got
930 2832 41 33 et
1004 2821 203 42 Edouard
1234 2816 219 53 Foussier,
1475 2813 260 55 corrigèrent
1762 2824 53 27 en
1847 2810 97 40 effet
1968 2809 94 39 leur

286 2918 169 39 œuvre,
480 2911 42 33 et
559 2903 38 41 la
622 2902 267 55 corrigèrent
913 2899 35 41 si
974 2898 101 41 bien
1098 2894 131 56 qu'ils
1249 2893 40 40 la
1319 2889 362 44 transformèrent
1714 2899 51 26 en
1797 2884 151 55 poème
1969 2882 27 39 d
2014 2895 23 26 o-

285 2979 101 55 péra
411 2996 9 34 ;
443 2979 54 40 ils
517 2976 244 43 confièrent
784 2989 47 27 ce
851 2977 154 53 poème
1021 2977 23 36 à
1068 2971 63 41 M.
1159 2966 241 52 Membrée,
1426 2977 61 28 un
1510 2960 218 43 musicien
1750 2958 77 55 qui
1850 2956 116 40 a\ait
1986 2956 76 39 fait

288 3052 53 40 de
365 3052 169 40 bonnes
553 3052 153 40 études
727 3060 40 30 et
787 3048 75 56 qui
881 3046 137 42 s'était
1035 3044 78 41 fait
1134 3041 228 42 connaître
1378 3038 58 40 du
1460 3035 150 56 public
1634 3046 74 42 par
1727 3029 218 57 plusieurs
1967 3029 63 38 mé-

291 3125 137 43 lodies
469 3132 42 33 et
551 3127 150 38 scènes
724 3121 301 53 dramatiques
1046 3130 120 29 assez
1206 3113 201 51 réussies,
1449 3110 106 39 dont
1579 3120 87 27 une
1696 3110 189 43 suitout,
1912 3103 146 52 Page,

287 3202 187 53 écuyer,
493 3198 228 55 capitaine
729 3229 10 21 ,
771 3198 117 40 avait
909 3196 166 40 obtenu
1099 3203 88 29 une
1205 3187 189 42 certaine
1411 3180 261 59 popularité.

344 3274 103 43 Ceci
473 3287 42 27 se
538 3272 163 56 passait
730 3285 53 26 en
816 3270 49 41 18
874 3269 159 42 si.Le
1056 3280 22 27 2
1102 3262 225 44 décembre
1351 3259 51 40 de
1424 3264 109 33 cette
1558 3254 154 52 année,
1822 3249 40 41 la
1884 3249 98 40 date
2006 3262 55 27 au

289 3350 148 43 moins
459 3349 76 56 [est
574 3354 23 35 à
633 3354 141 45 noter,
908 3344 65 42 M.
999 3339 224 45 Membrée
1259 3349 42 28 se
1324 3332 173 43 mettait
1519 3344 55 26 au
1597 3327 179 51 travail,
1801 3333 64 44 et,
1887 3324 108 40 dans
2025 3323 37 40 le

287 3441 127 28 ours
449 3425 51 41 de
531 3424 48 42 18
590 3424 69 48 52,
695 3421 31 41 il
748 3420 118 41 avait
886 3417 186 42 terminé
1094 3428 45 28 sa
1159 3410 224 58 partition.
1413 3402 331 59 Roqueplan,le
1773 3400 241 56 «spirituel
2043 3415 16 20 »
