2428 3934
498 405 80 44 130

950 407 78 44 LA
1059 407 387 51 CHRONIQUE
1480 407 320 44 MUSICALE

492 555 177 42 L'hiver
705 567 73 31 eut
807 571 53 28 en
895 567 176 46 partage
1103 557 59 42 les
1196 565 97 34 tons
1324 557 257 56 phrygiens;
1618 557 38 41 le
1684 557 263 55 printemps,
1971 558 58 41 les
2051 558 171 55 lydiens
2248 576 6 37 ;

488 630 114 55 l'été,
622 632 58 40 les
702 632 193 50 doriens;
919 632 255 52 l'automne,
1195 632 59 41 les
1275 632 312 56 mixolydiens;
1609 632 59 41 les
1686 641 123 33 notes
1827 646 168 40 graves,
2015 646 239 40 moyennes

1887 693 11 10 /

489 713 41 33 et
553 705 166 56 aiguës,
739 707 341 54 représentaient
1098 708 59 40 les
1179 707 105 41 trois
1305 707 147 41 ordres
1473 707 51 41 de
1545 707 144 41 fidèles
1710 707 109 41 dans
1836 706 182 54 l'Eglise
2040 707 51 40 de
2116 707 134 52 Dieu;

488 780 41 41 la
554 780 189 41 division
768 795 77 40 par
863 781 278 53 tétracordes,
1165 781 59 41 les
1251 791 152 44 quatre
1434 782 184 54 Pâques,
1643 781 59 41 les
1728 789 154 47 quatre
1905 795 96 26 sens
2022 783 50 38 de
2095 781 136 41 l'Ecri-

488 863 111 43 ture,
624 863 77 33 etc.
720 868 11 40 ;
769 855 58 40 les
867 855 168 54 finales,
1065 856 40 40 la
1145 863 129 33 mort.
1317 855 120 41 Dans
1477 855 169 55 chaque
1683 856 253 53 tétracorde,
1966 855 38 41 le
2044 856 210 40 demi-ton

487 943 183 40 marque
704 928 237 42 l'humilité
977 943 74 27 sur
1083 929 188 54 laquelle
1303 929 247 55 s'appuient
1576 930 60 40 les
1668 938 146 34 autres
1835 942 161 32 vertus.
2036 930 80 41 Les
2140 939 114 46 tons,

486 1004 109 40 dans
630 1004 94 40 leur
759 1002 236 51 ensemble,
1022 1002 224 54 signifient
1272 1002 41 41 la
1344 1002 84 54 vie,
1453 1004 40 40 la
1519 1004 187 55 louange
1728 1006 52 40 de
1811 1004 114 42 Dieu
1929 1038 11 20 ;
1966 1005 59 40 les
2060 1004 129 41 cieux
2215 1015 39 31 et

485 1078 117 41 aussi
626 1079 40 40 la
688 1078 100 40 voix
809 1078 73 40 des
903 1078 169 54 apôtres
1096 1076 243 41 s'étendant
1361 1091 73 26 sur
1456 1078 38 40 le
1516 1079 158 40 monde
1695 1079 153 41 entier.
1876 1080 81 39 Les
1978 1086 98 34 tons
2099 1078 155 41 mixtes

797 1150 7 7 •
1030 1150 7 6 •
1879 1141 10 9 s

485 1151 191 53 figurent
696 1150 172 42 l'union
889 1150 60 42 du
972 1150 213 54 Seigneur
1206 1157 40 33 et
1267 1150 52 40 de
1340 1164 78 28 son
1441 1150 160 54 Eglise.
1640 1151 185 42 Comme
1862 1152 201 42 Ezéchiel
2095 1152 77 55 qui
2191 1152 63 42 vit

483 1223 113 41 deux
620 1237 126 27 roues
761 1222 282 42 enflammées
1065 1236 42 27 se
1129 1225 233 53 pénétrant
1383 1223 120 42 l'une
1519 1223 156 44 l'antre
1696 1235 43 32 et
1758 1226 51 41 de
1829 1226 114 41 deux
1968 1227 99 40 n'en
2092 1226 160 43 faisant

482 1298 183 54 qu'une,
690 1298 52 41 de
764 1300 141 40 même
925 1311 309 42 voyons-nous
1256 1298 322 56 l'authentique
1599 1309 42 33 et
1660 1300 38 42 le
1720 1301 142 55 plagal
1894 1315 42 27 se
1964 1301 148 42 fondre
2140 1316 113 41 pour

482 1371 158 42 former
659 1372 39 41 le
720 1372 155 42 mixte.

541 1447 77 42 Un
654 1447 73 42 des
761 1456 285 33 monuments
1076 1447 61 42 les
1170 1448 100 55 plus
1300 1447 181 42 curieux
1508 1447 52 42 de
1592 1448 40 41 la
1663 1448 207 56 musique
1902 1448 279 57 symbolique
2209 1463 43 28 se

480 1531 202 33 retrouve
715 1522 110 41 dans
854 1522 58 41 les
943 1522 148 41 ruines
1115 1522 54 41 de
1194 1522 200 55 l'abbaye
1425 1522 52 41 de
1500 1522 167 55 Cluny.
1692 1522 117 43 C'est
1835 1537 61 27 un
1926 1524 232 56 chapiteau
2190 1526 60 39 du

482 1596 227 41 douzième
729 1594 126 42 siècle
877 1608 73 28 sur
972 1596 145 54 lequel
1148 1603 101 33 sont
1275 1596 192 54 sculptés
1494 1596 60 40 les
1579 1596 102 40 huit
1707 1604 99 33 tons
1835 1597 276 54 grégoriens;
2145 1599 106 54 cinq

482 1670 244 41 seulement
759 1678 97 33 sont
893 1682 156 28 encore
1082 1668 367 42 reconnaissables
1466 1683 10 37 ;
1513 1669 60 41 les
1607 1670 107 41 trois
1748 1678 145 34 autres
1926 1679 100 33 sont
2055 1672 166 56 complè-

482 1751 164 33 tement
676 1743 221 53 dégradés.
938 1745 72 39 Au
1047 1743 112 53 sujet
1190 1742 54 42 de
1277 1749 110 35 cette
1418 1742 287 44 intéressante
1738 1744 241 56 sculpture,
2009 1745 64 41 M.
2109 1745 142 42 l'abbé

484 1818 200 53 Pougnet
704 1831 24 26 a
751 1817 168 55 publié,
941 1831 54 26 en
1025 1817 111 54 1869
1156 1824 42 34 et
1225 1817 129 54 1870,
1380 1831 87 27 une
1499 1818 113 42 suite
1642 1818 218 42 d'articles
1890 1820 142 55 pleins
2058 1820 166 42 d'érudi-

480 1889 92 42 tion
596 1898 41 33 et
657 1889 303 55 d'ingéniosité
981 1889 108 41 dans
1110 1889 187 55 lesquels
1329 1889 32 42 il
1391 1889 70 42 n'a
1493 1904 90 42 pas,
1608 1895 24 37 à
1653 1905 105 28 mon
1790 1891 110 55 avis,
1923 1893 325 44 suffisamment

478 1963 84 42 cité
583 1963 60 40 les
672 1961 207 42 autorités
910 1977 76 26 sur
1014 1963 231 54 lesquelles
1268 1964 32 41 il
1321 1964 212 54 appuyait
1554 1978 64 28 ses
1640 1965 277 56 hypothèses,
1941 1970 218 52 peut-être
2182 1984 62 28 un

479 2050 81 41 peu
597 2036 240 55 hasardées,
863 2036 109 41 mais
1001 2036 79 55 qui
1110 2038 270 41 constituent
1408 2053 60 26 un
1500 2040 155 41 travail
1686 2041 208 42 excellent
1914 2051 42 32 et
1976 2044 86 42 fort
2082 2059 139 28 recom-

478 2111 249 42 mandable.
766 2111 127 42 Nous
931 2111 287 42 ne,suivrons
1250 2126 76 42 pas
1355 2112 65 42 M.
1443 2114 142 42 l'abbé
1625 2115 200 56 Pougnet
1860 2118 109 41 dans
2006 2134 44 27 sa
2082 2120 164 55 longue

477 2185 276 42 dissertation
788 2199 75 28 sur
893 2186 41 41 la
959 2186 206 55 musique
1190 2186 71 42 des
1294 2186 150 56 Grecs,
1465 2191 227 52 comparée
1721 2204 56 28 au
1810 2191 296 55 plain-chant,
2131 2195 116 41 mais

478 2272 112 27 nous
612 2272 321 40 consacrerons,
957 2262 122 52 après
1110 2260 80 52 lui,
1214 2261 214 55 quelques
1460 2271 115 32 mots
1606 2276 56 28 au
1693 2264 113 55 sujet
1837 2266 52 41 de
1917 2266 40 41 la
1980 2267 242 55 personnifi-

474 2332 147 41 cation
643 2332 278 55 symbolique
941 2332 75 42 des
1037 2341 99 33 tons
1156 2333 189 55 sculptés
1367 2349 76 26 sur
1463 2335 40 42 le
1521 2336 232 55 chapiteau
1775 2337 53 42 de
1849 2339 149 55 Cluny
2023 2340 80 56 (1).

530 2405 114 41 C'est
665 2406 106 40 dans
792 2406 59 40 les
879 2407 230 41 antiennes
1132 2407 77 55 qui
1240 2408 228 54 précèdent
1488 2408 60 42 les
1573 2411 189 42 tonaires
1783 2426 87 41 que
1891 2427 115 28 nous
2027 2422 219 36 trouvons

473 2478 292 54 l'explication
795 2482 73 39 des
889 2481 225 54 allégories
1136 2495 178 43 propres
1335 2487 23 37 à
1382 2483 169 42 chacun
1575 2485 73 41 des
1669 2495 114 33 tons.
1814 2487 61 42 Ce
1909 2502 98 28 sens
2030 2499 63 34 est
2114 2505 106 41 pure-

473 2562 123 32 ment
630 2554 240 56 mystique.
913 2556 60 40 Le
1005 2556 99 54 plus
1137 2566 202 43 souvent,
1380 2559 174 55 excepté
1589 2573 114 42 pour
1739 2562 349 55 quelques-uns,
2129 2565 30 40 il
2200 2580 43 28 se

473 2634 203 49 rapporte
698 2627 100 42 bien
821 2628 143 55 plutôt
985 2633 22 37 à
1029 2629 41 41 la
1095 2629 119 55 place
1240 2631 58 40 du
1322 2638 75 33 ton
1428 2632 110 41 dans
1568 2633 193 42 l'échelle
1786 2634 75 42 des
1890 2650 118 39 sons,
2031 2638 102 55 qu'à
2162 2652 77 28 son

472 2700 214 41 caractère
706 2700 260 56 esthétique.
992 2702 61 40 Le
1076 2703 187 53 premier
1284 2704 243 55 représente
1548 2706 40 40 le
1609 2708 187 53 premier
1818 2709 77 54 âge
1924 2711 60 40 du
2007 2712 176 49 monde,
2204 2712 38 42 le

472 2773 226 52 Créateur,
723 2775 113 41 Dieu
855 2788 10 41 ;
894 2775 39 41 le
954 2777 159 40 second
1134 2777 40 42 le
1194 2779 230 42 deuxième
1447 2782 93 52 âge,
1562 2780 143 55 Jésus,
1729 2782 40 40 la
1792 2782 311 44 confirmation
2124 2788 52 39 de
2197 2787 44 40 la

470 2858 219 41 promesse
708 2848 138 40 sainte
860 2863 10 37 ;
886 2848 39 39 le
941 2848 219 42 troisième
1176 2859 64 33 est
1255 2850 175 55 qualifié
1446 2852 50 40 de
1515 2860 75 34 ton
1604 2854 117 41 élevé
1736 2855 78 54 qui
1830 2857 177 54 remplit
2021 2857 60 42 les
2096 2871 145 29 cœurs

472 2932 77 42 par
569 2919 42 41 la
632 2919 195 42 douceur
849 2928 42 34 et
911 2920 41 41 la
972 2921 245 42 délicatesse
1246 2924 52 41 de
1319 2938 44 27 sa
1390 2925 205 54 mélodie;
1617 2927 32 41 il
1668 2935 61 33 est
1750 2929 191 42 attribué
1961 2934 23 38 à
2007 2932 41 40 la
2069 2932 169 53 trinité,

469 3005 56 27 au
548 2993 221 41 troisième
786 2995 77 52 âge
883 2994 58 40 du
964 2994 177 54 monde,
1164 3009 56 27 au
1240 2996 220 42 troisième
1482 2998 98 53 jour
1598 3000 80 55 qui
1707 3010 64 32 est
1794 3003 115 40 celui
1931 3004 52 41 de
2006 3004 40 41 la
2070 3005 140 42 Résur-

466 3065 188 53 rection;
675 3067 38 40 le
734 3067 246 55 quatrième
1009 3085 19 21 «
1051 3069 106 40 dans
1188 3083 62 28 un
1272 3083 108 40 rang
1400 3070 223 52 inférieur,
1646 3081 62 33 est
1729 3088 171 30 comme
1931 3078 39 42 le
1992 3080 161 41 second
2175 3080 59 42 du

465 3140 233 43 deuxième
728 3158 23 23 »
780 3141 145 43 disent
955 3142 60 42 les
1040 3150 152 43 textes,
1227 3144 60 40 les
1312 3144 107 54 joies
1452 3154 41 35 et
1524 3148 61 40 les
1613 3149 150 54 peines
1794 3151 111 55 qu'il
1931 3163 181 45 apporte
2138 3165 99 32 sont

502 3322 54 43 (1)
577 3325 167 34 Annales
769 3325 303 47 archéologiques
1099 3327 45 36 de
1162 3326 160 37 Didron.
1344 3331 112 36 —T.
1481 3331 128 46 XXVI,
1636 3345 38 34 p.
1704 3336 83 36 380.
1871 3337 44 35 T.
1938 3339 144 40 XXVII,
2106 3353 35 31 p.
2172 3339 57 45 32,

469 3383 80 41 151,
687 3387 57 32 On
767 3394 87 36 peut
874 3388 202 45 compléter
1097 3389 53 35 les
1170 3391 173 44 planches
1364 3392 45 33 de
1430 3400 54 26 cet
1504 3394 124 36 article
1650 3408 66 33 par
1735 3398 95 35 deux
1858 3406 122 28 autres
2000 3401 63 44 qui
2085 3411 121 24 accom-

461 3452 164 36 pagnent
647 3457 49 21 un
722 3447 123 34 article
865 3449 44 32 de
934 3450 48 32 M.
1006 3450 227 37 Barraud.—
1254 3453 45 34 T.
1321 3453 109 34 XVII.
1456 3466 33 32 p.
1522 3457 80 34 io3.
