2428 3934
612 755 591 63 CHRONOLOGIE
1266 755 94 57 DE
1421 738 313 76 L'ANNÉE
1798 751 151 79 1874

1180 1053 193 47 juive

446 1163 47 37 28
516 1162 111 37 Juin.
724 1160 115 36 ROME
863 1158 272 46 (Politeama).
1163 1156 204 38 Première
1390 1157 326 49 représentation
1740 1158 48 35 de
1813 1155 104 38 Cola
1938 1155 42 36 di

397 1226 138 35 drame
571 1222 158 50 lyrique
764 1234 49 24 en
853 1220 90 46 cinq
980 1227 125 38 actes,
1148 1219 161 49 paroles
1345 1220 48 36 de
1429 1220 55 36 M.
1524 1219 134 36 Pietro
1696 1220 147 45 Cossa,
1885 1216 191 49 musique
2116 1216 49 37 de

399 1287 55 35 M.
479 1284 216 38 Venceslas
719 1282 226 37 Persichini
972 1282 65 48 (1).

446 1384 48 36 29
522 1371 108 47 Juin,
663 1382 12 24 lERI
684 1378 30 16 ER
740 1376 40 30 et
803 1369 18 37 3
851 1367 143 39 Juillet
1000 1400 7 7 .
1109 1369 184 37 LONDRES
1322 1367 360 49 (Cristal-Palace).
1716 1366 205 50 Septième
1955 1364 211 38 Haendcl-

395 1432 193 38 Fcstival.
616 1432 55 36 Le
693 1431 176 50 premier
890 1430 105 50 jour,
1027 1443 53 24 on
1110 1432 167 35 exécute
1307 1430 64 37 tlie
1397 1429 191 38 Mcssials
1599 1446 14 30 ;
1634 1429 38 37 la
1700 1430 176 36 seconde
1904 1426 172 51 journée
2105 1435 61 28 est

399 1494 216 37 consacrée
634 1496 22 33 à
671 1505 81 25 une
770 1507 20 21 «
807 1492 195 37 sélection
1022 1505 20 23 »
1059 1493 48 36 de
1128 1504 218 25 morceaux
1365 1493 96 35 tirés
1480 1492 48 37 d£
1550 1493 178 36 diverses
1747 1502 162 26 œuvres
1925 1489 53 37 du
1997 1488 143 38 maître
2156 1499 7 36 ;

1364 1543 10 9 /

402 1566 38 29 et
458 1557 36 38 le
517 1555 207 40 troisième
745 1554 91 50 jour
858 1567 53 26 on
935 1555 167 37 exécute
1128 1554 131 37 Israël
1281 1553 39 38 in
1341 1554 163 50 Egypt.

1133 1680 290 39 JUILLET

442 1799 26 34 4
488 1787 150 37 Juillet.
728 1787 185 36 INSTITUT
936 1799 49 24 DE
1012 1788 175 35 FRANCE.
1208 1785 246 49 Exécution,
1478 1785 148 37 devant
1648 1785 57 35 les
1729 1783 206 37 membres
1958 1783 48 36 de
2028 1783 111 35 l'Aca-

397 1848 132 37 démie
560 1848 69 38 des
653 1849 267 47 Beaux-Arts,
942 1848 69 37 des
1033 1855 181 30 cantates
1239 1848 70 36 des
1331 1847 133 37 élèves
1486 1846 131 38 admis
1646 1858 51 24 au
1728 1857 204 25 concours
1957 1844 55 36 du
2038 1844 128 49 grand

395 1909 90 48 prix
507 1910 48 37 de
580 1912 143 46 Rome,
746 1919 39 29 et
815 1910 208 49 jugement
1044 1910 48 37 de
1127 1921 43 25 ce
1206 1922 215 25 concours.
1447 1909 138 47 (Voir,
1621 1921 105 36 pour
1748 1907 56 37 les
1836 1906 191 38 résultats
2050 1906 48 37 de
2121 1917 44 25 ce

395 1985 219 37 concours,
640 1972 39 37 la
703 1973 228 50 Chronique
954 1971 189 38 musicale
1164 1972 55 36 du
1247 1970 17 53 i
1281 1970 17 53 5
1315 1970 155 53 juillet.)

449 2059 56 37 15.
604 2060 151 38 OPÉRA.
790 2058 206 38 Première
1025 2059 325 48 représentation
1374 2059 48 37 de
1448 2058 210 48 l'Esclave,
1686 2058 123 49 opéra
1836 2069 50 25 en
1915 2057 93 48 cinq
2038 2067 126 36 actes,

989 2110 10 9 /

394 2121 158 49 paroles
585 2122 47 36 de
668 2123 105 37 MM.
799 2121 80 36 Got
902 2129 38 30 et
973 2122 193 36 Edouard
1199 2121 274 47 Foussier(et
1506 2121 111 36 Jules
1654 2120 200 49 Barbier),
1891 2120 189 49 musique
2116 2121 49 37 de

398 2183 56 37 M.
483 2183 191 38 Edmond
697 2183 223 37 Membrée.

450 2270 55 38 16,
601 2270 245 37 VERSAILLES
869 2269 196 49 (chapelle
1093 2269 54 36 du
1169 2269 205 47 château).
1402 2269 204 38 Première
1629 2269 232 45 exécution,
1892 2282 52 24 au
1966 2269 124 49 profit
2113 2269 48 36 de

2049 2320 9 10 /

395 2331 183 38 l'Œuvre
615 2332 54 36 du
706 2331 176 49 Refuge,
923 2331 121 37 d'une
1082 2343 131 25 messe
1255 2331 227 38 solennelle
1519 2343 50 26 en
1615 2331 188 50 musique
1837 2331 49 39 de
1929 2333 56 36 M.
2033 2330 133 39 Emile

401 2394 238 48 Bourgeois.

456 2480 57 36 18.
537 2481 250 37 —AVIGNON
806 2480 142 47 (Hôtel
971 2481 49 36 de
1041 2480 127 46 ville).
1198 2481 245 47 Exécution,
1463 2483 21 33 à
1502 2480 220 37 l'occasion
1744 2481 69 35 des
1832 2480 99 36 fêtes
1954 2479 207 37 célébrées

395 2553 49 25 en
470 2550 104 29 cette
597 2542 96 37 ville
721 2554 103 37 pour
858 2542 36 37 le
929 2542 233 48 cinquième
1196 2542 274 38 anniversaire
1503 2541 196 37 séculaire
1722 2542 49 36 de
1806 2541 38 37 la
1869 2549 109 29 mort
2006 2542 49 36 de
2090 2542 49 36 Pé-

396 2611 180 42 trarque,
601 2605 121 36 d'une
748 2612 158 30 cantate
933 2606 47 35 de
1017 2604 281 37 circonstance
1331 2604 123 37 écrite
1484 2616 49 25 en
1562 2604 149 48 langue
1745 2604 258 51 provençale,
2028 2610 115 31 canta-

395 2665 105 37 disso
528 2678 24 24 a
585 2667 213 47 Petrarco,
825 2666 137 49 poésie
994 2666 47 38 de
1071 2667 56 36 M.
1164 2666 216 38 Théodore
1411 2665 204 49 Aubanel,
1646 2666 192 48 musique
1869 2667 47 35 de
1952 2667 56 36 M.
2050 2665 114 40 G.-F.

401 2726 166 38 Imbert.
602 2727 120 47 (Voir
745 2728 39 36 la
809 2728 235 50 Chronique
1065 2728 190 37 musicale
1276 2728 53 36 du
1360 2726 18 52 i
1396 2726 17 52 5
1431 2726 140 52 juillet,
1594 2728 71 49 qui
1688 2728 186 37 contient
1907 2726 37 38 la
1977 2728 189 48 musique

395 2788 48 37 de
467 2796 104 29 cette
590 2789 191 49 cantate.)

446 2874 62 48 25,
534 2876 47 35 26
602 2883 39 29 et
664 2888 60 35 27.
820 2876 156 37 HALLE.
1001 2876 240 37 Assemblée
1263 2876 194 37 annuelle
1474 2876 47 37 de
1545 2876 286 37 l'Association
1854 2876 245 36 universelle
2121 2875 45 50 (?)

395 2935 70 36 des
486 2937 161 36 artistes
682 2937 223 36 musiciens
927 2937 242 39 allemands.
1199 2938 35 35 A
1257 2946 105 29 cette
1385 2938 189 37 occasion
1597 2946 72 29 ont
1691 2938 82 36 lieu
1795 2937 48 36 de
1865 2937 171 48 grandes
2064 2937 101 38 fêtes

396 2997 231 49 musicales,
651 2998 237 48 auxquelles
907 3008 206 39 prennent
1135 3007 88 41 part
1242 2999 37 37 la
1300 2999 159 37 célèbre
1482 3000 150 37 société
1655 2998 192 38 musicale
1870 3000 48 35 de
1944 2998 163 51 Leipzig
2129 3000 36 37 le

399 3060 289 48 Gewandhaus,
717 3068 38 29 et
777 3060 203 49 plusieurs
1001 3060 161 38 artistes
1182 3062 248 38 renommés.
1451 3062 77 36 Sur
1549 3061 36 36 le
1601 3072 260 37 programme
1883 3060 144 50 ligure,
2049 3070 115 29 entre

395 3130 136 29 autres
553 3134 162 26 œuvres
735 3122 284 50 importantes,
1043 3123 37 37 le
1102 3123 193 51 Requiem
1318 3124 199 37 d'Hector
1542 3122 174 39 Berlioz.

1796 3192 48 37 A.
1879 3193 42 35 P.

435 3364 52 41 (1)
509 3363 48 32 Le
585 3374 46 32 24
653 3365 91 42 juin,
766 3376 49 22 on
832 3373 96 27 avait
948 3367 123 32 donne
1097 3377 45 22 au
1170 3366 142 33 théâtre
1336 3366 242 36 Mercadante.
1601 3367 43 33 de
1673 3366 147 45 Naples,
1843 3368 33 32 la
1898 3367 181 44 première
2102 3378 39 22 re-

395 3418 246 43 présentation
670 3420 44 31 de
743 3421 174 35 Romilda
944 3423 45 31 de
1008 3421 146 45 'Bardy
1159 3449 7 14 ,
1192 3422 111 43 opéra
1331 3422 156 39 sérieux,
1518 3423 142 43 paroles
1688 3423 43 33 de
1763 3424 33 31 M
1876 3448 7 15 ,
1914 3423 174 44 musique
2118 3423 42 33 de

395 3474 48 32 M.
473 3473 88 33 Dell'
579 3472 152 34 Orefice.
