2428 3934
614 366 107 41 LES
752 366 441 43 CANTATRICES
1227 367 465 51 DRAMATIQUES

1954 386 79 42 109

262 525 58 27 on
343 526 54 28 ne
418 512 63 42 lui
501 513 118 42 avait
639 513 126 56 point
795 513 161 54 permis
978 513 52 40 de
1059 513 251 54 participer,
1335 513 79 41 elle
1444 527 44 27 se
1510 514 94 41 leva
1627 519 23 36 à
1674 515 102 55 cinq
1801 517 155 42 heures
1977 520 59 40 du

264 588 159 52 matin,
447 597 58 43 et,
529 587 408 51 clandestinement,
961 586 40 40 la
1024 586 49 40 fit
1095 598 114 42 pour
1232 600 79 27 son
1331 597 191 45 compte.

320 661 122 41 Dans
463 662 60 40 les
547 661 210 54 premiers
777 659 119 54 jours
918 660 52 41 de
990 661 244 54 septembre
1262 662 127 52 1836,
1414 661 78 42 elle
1512 663 146 54 quitta
1681 665 160 54 Roissy
1861 679 114 41 pour
1998 681 42 27 se

263 735 156 40 rendre
442 748 53 26 en
515 734 280 54 Angleterre,
818 743 42 32 et
882 735 84 40 alla
992 747 42 27 se
1059 735 118 54 loger
1199 735 109 41 dans
1330 736 38 40 le
1392 736 141 42 même
1554 738 118 43 hôtel
1695 754 85 40 que
1805 741 233 53 Lablache,

260 808 156 55 qu'elle
439 808 153 42 aimait
614 810 231 54 beaucoup
863 825 10 35 ;
900 809 109 41 mais
1032 809 40 42 là
1096 823 78 28 son
1193 811 89 40 état
1304 811 184 54 empira.
1514 812 82 41 Les
1618 814 421 51 évanouissements,

261 883 59 41 les
361 883 128 41 crises
526 884 52 40 de
613 884 114 40 nerfs
764 885 214 54 auxquels
1013 884 80 41 elle
1123 885 119 42 avait
1263 887 66 40 été
1362 885 155 55 sujette
1552 896 122 33 toute
1709 903 44 26 sa
1785 888 70 42 vie
1887 889 130 42 redou-

265 959 183 40 blèrent.
477 957 201 43 Pendant
696 959 159 54 qu'elle
877 959 199 41 chantait
1107 974 45 27 sa
1169 961 296 55 composition
1490 963 52 41 de
1565 963 45 41 la
1632 963 181 53 Morte,
1840 977 57 28 on
1920 964 39 42 la
1980 964 64 41 vit

263 1046 54 26 en
340 1033 121 54 proie
490 1037 23 37 à
536 1047 86 27 une
656 1033 243 42 exaltation
923 1034 255 57 effrayante.

319 1106 144 42 Partie
486 1120 111 42 pour
619 1108 188 54 prendre
838 1117 98 47 part
952 1123 57 27 au
1032 1110 173 42 festival
1227 1111 51 41 de
1302 1111 295 55 Manchester,
1624 1117 23 37 à
1684 1114 165 55 l'église
1878 1115 57 40 où
1965 1114 80 42 elle

264 1181 149 42 venait
447 1181 210 51 chanter,
684 1183 38 40 le
754 1197 78 28 son
866 1183 51 42 de
938 1184 169 56 l'orgue
1135 1187 198 40 entendu
1364 1187 40 41 la
1426 1187 83 55 jeta
1531 1188 110 42 dans
1674 1202 88 28 une
1799 1190 108 41 crise
1935 1204 84 27 nou-

264 1255 123 53 velle,
414 1254 108 42 dans
555 1256 73 41 des
651 1257 131 43 éclats
804 1260 51 39 de
882 1258 86 41 rire
992 1258 261 56 convulsifs,
1283 1261 213 54 auxquels
1517 1263 185 40 succéda
1724 1278 63 26 un
1810 1263 208 42 évanouis-

264 1338 183 36 sement.
472 1330 235 56 Emportée
747 1332 52 41 de
829 1332 163 54 l'église
1029 1343 40 31 et
1109 1347 192 27 revenue
1323 1340 23 35 à
1371 1336 97 51 elle,
1501 1336 80 41 elle
1603 1345 205 34 retrouva
1839 1352 118 28 assez
1991 1339 52 41 de

266 1418 186 41 courage
474 1418 113 42 pour
614 1406 93 40 dire
728 1406 94 41 l'air
849 1407 292 52 à'Abraham,
1166 1408 54 40 de
1244 1407 246 44 Gimarosa.
1518 1410 62 41 Le
1613 1411 102 54 soir,
1745 1411 80 42 elle
1858 1411 101 55 joua
1988 1426 56 27 au

266 1479 180 42 théâtre.
487 1479 58 41 Le
578 1480 270 50 lendemain,
881 1481 80 41 elle
993 1490 210 33 retourna
1222 1486 23 37 à
1268 1482 187 56 l'église;
1480 1484 111 41 mais
1619 1484 60 41 les
1702 1499 101 27 sons
1825 1486 219 41 solennels

265 1553 51 41 de
354 1554 167 54 l'orgue
557 1555 171 53 agirent
766 1555 52 41 de
849 1555 124 58 façon
1008 1570 158 27 encore
1200 1557 99 55 plus
1328 1557 175 43 terrible
1542 1573 73 27 sur
1652 1559 82 41 elle
1777 1574 86 41 que
1894 1575 75 26 sur
2005 1560 40 41 la

268 1627 272 54 Marguerite
562 1629 50 41 de
635 1630 147 42 Faust
788 1662 8 8 .
822 1629 95 42 Elle
949 1644 42 28 se
1017 1639 158 33 trouva
1197 1632 106 51 mal,
1328 1633 151 42 tomba
1501 1642 42 33 et
1577 1647 53 27 ne
1650 1642 83 47 put
1754 1634 181 42 chanter
1962 1648 86 41 que

268 1701 39 41 le
329 1703 103 41 soir.

325 1777 208 42 Affaiblie
554 1793 78 41 par
648 1780 221 54 plusieurs
889 1789 200 47 attaques
1105 1782 51 40 de
1179 1782 129 53 nerfs,
1327 1782 266 55 hallucinée,
1610 1783 59 41 les
1685 1797 116 42 yeux
1822 1783 92 55 déjà
1935 1785 111 41 dans

268 1865 63 27 un
354 1853 164 40 monde
541 1855 199 52 étranger
760 1858 23 37 à
798 1855 39 40 la
862 1863 127 46 terre,
1007 1861 22 36 à
1050 1855 41 41 la
1114 1855 81 41 fois
1218 1870 86 27 une
1325 1856 62 42 fée
1409 1865 42 33 et
1473 1871 88 27 une
1575 1858 169 54 ombre,
1768 1859 79 40 elle
1869 1860 177 40 souleva

267 1926 58 40 les
360 1934 244 47 transports
636 1942 53 26 en
731 1929 210 40 chantant
969 1929 40 40 le
1048 1929 90 41 duo
1168 1930 26 39 d
1202 1931 291 52 'Andronico,
1525 1931 52 40 de
1600 1931 306 54 Mercadante,
1945 1947 102 26 avec

270 1999 202 43 madame
494 2000 225 43 Garadori.
741 2003 72 41 On
832 2003 263 41 redemanda
1112 2004 39 40 le
1168 2003 107 55 duo,
1296 2018 98 27 sans
1415 2004 108 55 pitié
1538 2018 114 42 pour
1667 2006 118 42 l'état
1800 2006 248 54 inquiétant

267 2073 50 41 de
343 2074 155 42 Marie.
526 2076 94 40 Elle
643 2076 65 42 dit
730 2078 128 51 alors,
886 2086 290 47 assure-t-on,
1201 2082 24 37 à
1258 2078 63 41 M.
1347 2078 190 55 Georges
1560 2079 145 42 Smart
1737 2080 76 55 qui
1843 2080 205 55 dirigeait

267 2148 245 42 l'orchestre
534 2166 9 26 :
577 2168 13 21 «
619 2150 43 42 Si
683 2149 38 56 je
739 2152 145 55 répète
906 2166 46 26 ce
975 2153 103 51 duo,
1103 2152 39 55 je
1161 2153 91 40 suis
1286 2166 87 28 une
1394 2153 158 41 femme
1575 2162 156 34 morte.
1758 2171 19 21 »

407 2224 145 53 Alors,
578 2224 66 42 lui
679 2226 205 55 répondit
917 2227 68 43 M.
1028 2227 192 54 Georges
1250 2227 146 42 Smart
1422 2241 10 29 :
1477 2242 110 27 vous
1618 2229 150 41 n'avez
1799 2229 103 55 qu'à
1938 2242 110 28 vous

269 2298 168 53 retirer,
468 2299 218 55 madame,
708 2300 39 55 je
768 2302 106 40 ferai
898 2316 77 27 vos
997 2315 178 29 excuses
1197 2316 57 28 au
1275 2302 168 56 public.
1470 2319 20 22 »

411 2372 122 55 Non,
558 2374 186 51 dit-elle,
765 2389 170 28 comme
956 2375 35 41 si
1015 2390 45 27 sa
1084 2375 108 43 fuite
1218 2376 65 42 lui
1317 2379 77 39 eût
1429 2377 165 41 semblé
1617 2391 87 29 une
1726 2378 216 42 désertion
1965 2391 8 32 ;
1999 2380 49 40 Je

269 2445 245 56 chanterai,
540 2449 110 41 mais
670 2450 85 54 j'en
777 2451 213 42 mourrai.
1016 2468 18 20 »

327 2519 59 42 Et
407 2522 82 40 elle
510 2524 146 53 répéta
677 2523 39 41 le
733 2524 90 41 duo
846 2539 101 27 avec
968 2538 87 28 une
1077 2526 159 41 ardeur
1257 2527 312 49 surnaturelle,
1594 2528 78 54 qui
1693 2526 50 44 fit
1772 2541 145 42 passer
1938 2530 110 40 dans

268 2593 254 44 l'auditoire
545 2596 40 41 la
611 2597 131 42 lièvre
764 2599 78 54 qui
858 2599 40 40 la
919 2600 221 41 soutenait
1164 2614 156 27 encore
1337 2615 111 40 pour
1465 2601 40 42 la
1525 2610 97 32 tuer
1643 2614 182 42 presque
1842 2603 201 40 aussitôt.

272 2667 61 41 Ce
368 2671 147 40 turent
537 2671 61 41 les
620 2672 221 42 dernières
865 2683 122 32 notes
1018 2676 77 54 qui
1119 2675 327 55 s'échappèrent
1476 2676 52 40 de
1559 2690 67 26 ces
1658 2676 138 40 lèvres
1818 2676 227 55 inspirées.

272 2743 115 41 Mais
422 2759 52 27 ne
498 2759 188 42 croyons
721 2762 74 41 pas
816 2763 86 41 que
925 2758 66 33 cet
1013 2749 125 42 effort
1163 2751 93 40 seul
1277 2749 92 43 l'ait
1385 2751 112 40 tuée.
1523 2750 141 41 Marie
1686 2751 105 40 était
1816 2750 93 56 déjà
1938 2765 81 27 con-

270 2817 206 54 damnée;
501 2821 80 41 elle
602 2824 213 49 retombe,
841 2824 187 41 aussitôt
1049 2824 38 41 le
1109 2824 90 41 duo
1222 2824 172 50 achevé,
1418 2824 108 41 dans
1541 2824 306 55 d'effrayantes
1867 2825 156 40 convul-

280 2893 133 42 sions.
443 2895 140 42 L'état
606 2897 294 54 s'aggravant,
927 2911 57 27 on
1008 2912 160 40 songea
1190 2902 23 37 à
1234 2898 40 42 la
1296 2898 188 56 saignée,
1517 2904 23 35 à
1567 2898 187 56 laquelle
1790 2912 58 27 on
1875 2899 118 41 avait
2015 2898 33 40 si

270 2967 381 55 imprudemment
676 2972 175 54 négligé
877 2973 52 40 de
950 2973 215 50 recourir,
1189 2977 23 36 à
1235 2973 199 52 l'origine
1455 2973 61 41 du
1540 2973 105 41 mal.
1686 2972 299 53 D'ordinaire,
2008 2973 37 40 la

270 3042 176 54 saignée
467 3046 256 40 surexcitait
752 3060 153 28 encore
925 3048 58 40 les
1002 3048 132 41 crises
1150 3062 230 28 nerveuses
1402 3050 259 53 auxquelles
1683 3048 140 40 Marie
1844 3048 118 40 avait
1982 3048 66 41 été

270 3116 202 54 toujours
494 3118 169 55 sujette.
689 3119 74 43 On
785 3123 166 40 voulut
965 3123 236 55 empêcher
1221 3123 39 41 le
1283 3123 195 41 médecin
1502 3123 50 40 de
1575 3122 186 55 prendre
1783 3135 44 27 sa
1842 3121 202 42 lancette.

272 3190 163 49 Bériot,
470 3194 164 52 engagé
667 3208 102 27 avec
804 3196 80 40 elle
911 3210 113 42 pour
1062 3196 121 56 jouer
1218 3197 109 41 dans
1352 3198 64 40 six
1450 3196 230 54 meetings,
1717 3195 148 42 n'était
1895 3209 74 41 pas
1991 3210 55 26 au

270 3263 101 56 pied
404 3264 52 41 de
496 3279 78 27 son
609 3266 53 42 lit
695 3267 51 41 de
794 3269 201 43 douleur.
1032 3271 94 42 Nul
1160 3271 159 42 n'osait
1352 3271 186 41 décider.
1573 3269 164 55 Marie,
1775 3278 210 33 revenant
2022 3274 23 37 à

270 3339 96 52 elle,
402 3340 65 41 dit
500 3342 137 52 qu'on
669 3342 39 42 la
741 3343 172 56 saignât
936 3359 9 41 ;
971 3347 110 40 mais
1117 3347 78 41 elle
1223 3346 144 56 ajouta
1393 3363 7 25 :
1436 3362 15 23 «
1486 3345 103 42 Cela
1620 3352 62 34 est
1714 3345 51 41 de
1799 3360 84 42 peu
1918 3344 103 42 d'im-

271 3421 220 46 portance-
517 3431 23 22 ))
