<?xml version="1.0" encoding="UTF-8"?>
<alto xmlns:xsi="http://www.w3.org/2001/XMLSchema-instance" xmlns="http://www.loc.gov/standards/alto/ns-v2#" xsi:schemaLocation="http://www.loc.gov/standards/alto/ns-v2# http://www.loc.gov/standards/alto/alto-v2.0.xsd" xmlns:xlink="http://www.w3.org/1999/xlink">
	<Description>
		<MeasurementUnit>mm10</MeasurementUnit>
		<sourceImageInformation>
			<fileName>//fileserver7/IN2/Princeton/Batch3/bmtnaac/1932/02_01/00000027.tif</fileName>
		</sourceImageInformation>
		<OCRProcessing ID="OCRPROCESSING_1">
			<preProcessingStep>
				<processingSoftware>
					<softwareCreator>CCS Content Conversion Specialists GmbH, Germany</softwareCreator>
					<softwareName>CCS docWORKS</softwareName>
					<softwareVersion>6.6-1.18</softwareVersion>
				</processingSoftware>
			</preProcessingStep>
			<ocrProcessingStep>
				<processingSoftware>
					<softwareCreator>ABBYY (BIT Software), Russia</softwareCreator>
					<softwareName>FineReader</softwareName>
					<softwareVersion>10.0</softwareVersion>
				</processingSoftware>
			</ocrProcessingStep>
		</OCRProcessing>
	</Description>
	<Styles>
		<TextStyle ID="TXT_0" FONTSIZE="22" FONTFAMILY="Times New Roman" FONTSTYLE="bold"/>
		<TextStyle ID="TXT_1" FONTSIZE="5" FONTFAMILY="Times New Roman"/>
		<TextStyle ID="TXT_2" FONTSIZE="15" FONTFAMILY="Times New Roman" FONTSTYLE="italics"/>
		<TextStyle ID="TXT_3" FONTSIZE="14" FONTFAMILY="Times New Roman"/>
		<TextStyle ID="TXT_4" FONTSIZE="52" FONTFAMILY="Fraktur"/>
		<ParagraphStyle ID="PAR_LEFT" ALIGN="Left"/>
		<ParagraphStyle ID="PAR_RIGHT" ALIGN="Right"/>
		<ParagraphStyle ID="PAR_BLOCK" ALIGN="Block"/>
	</Styles>
	<Layout>
		<Page ID="P27" PHYSICAL_IMG_NR="27" HEIGHT="4368" WIDTH="3413" PRINTED_IMG_NR="101" PC="0.901">
			<TopMargin ID="P27_TM00001" HPOS="0" VPOS="0" WIDTH="3413" HEIGHT="462">
				<TextBlock ID="P27_TB00001" HPOS="295" VPOS="394" WIDTH="746" HEIGHT="65" STYLEREFS="TXT_0 PAR_LEFT">
					<TextLine ID="P27_TL00001" HPOS="295" VPOS="394" WIDTH="746" HEIGHT="65">
						<String ID="P27_ST00001" HPOS="295" VPOS="402" WIDTH="315" HEIGHT="57" CONTENT="TEK" WC="0.30" CC="633"/>
						<SP ID="P27_SP00001" HPOS="610" VPOS="459" WIDTH="90"/>
						<String ID="P27_ST00002" HPOS="700" VPOS="404" WIDTH="60" HEIGHT="55" CONTENT="H" WC="0.41" CC="5"/>
						<SP ID="P27_SP00002" HPOS="760" VPOS="459" WIDTH="88"/>
						<String ID="P27_ST00003" HPOS="848" VPOS="404" WIDTH="59" HEIGHT="55" CONTENT="N" WC="0.81" CC="1"/>
						<SP ID="P27_SP00003" HPOS="907" VPOS="459" WIDTH="88"/>
						<String ID="P27_ST00004" HPOS="995" VPOS="394" WIDTH="46" HEIGHT="64" CONTENT="É" WC="0.46" CC="5"/>
					</TextLine>
				</TextBlock>
			</TopMargin>
			<LeftMargin ID="P27_LM00001" HPOS="0" VPOS="462" WIDTH="315" HEIGHT="3414"/>
			<RightMargin ID="P27_RM00001" HPOS="2837" VPOS="462" WIDTH="576" HEIGHT="3414"/>
			<BottomMargin ID="P27_BM00001" HPOS="0" VPOS="3876" WIDTH="3413" HEIGHT="492">
				<TextBlock ID="P27_TB00002" HPOS="2694" VPOS="3879" WIDTH="143" HEIGHT="56" STYLEREFS="TXT_1 PAR_RIGHT">
					<TextLine ID="P27_TL00002" HPOS="2694" VPOS="3879" WIDTH="143" HEIGHT="56">
						<String ID="P27_ST00005" HPOS="2694" VPOS="3879" WIDTH="143" HEIGHT="56" CONTENT="101" WC="1.00" CC="000"/>
					</TextLine>
				</TextBlock>
			</BottomMargin>
			<PrintSpace ID="P27_PS00001" HPOS="315" VPOS="462" WIDTH="2522" HEIGHT="3414">
				<TextBlock ID="P27_TB00003" HPOS="2517" VPOS="1797" WIDTH="218" HEIGHT="52" STYLEREFS="TXT_2 PAR_RIGHT">
					<TextLine ID="P27_TL00003" HPOS="2518" VPOS="1798" WIDTH="217" HEIGHT="51">
						<String ID="P27_ST00006" HPOS="2518" VPOS="1798" WIDTH="113" HEIGHT="42" CONTENT="Plan" WC="0.97" CC="3117"/>
						<SP ID="P27_SP00004" HPOS="2631" VPOS="1840" WIDTH="31"/>
						<String ID="P27_ST00007" HPOS="2662" VPOS="1798" WIDTH="73" HEIGHT="51" CONTENT="4b." WC="0.62" CC="307"/>
					</TextLine>
				</TextBlock>
				<TextBlock ID="P27_TB00004" HPOS="315" VPOS="2123" WIDTH="1180" HEIGHT="489" STYLEREFS="TXT_3 PAR_BLOCK">
					<TextLine ID="P27_TL00004" HPOS="383" VPOS="2124" WIDTH="1108" HEIGHT="55">
						<String ID="P27_ST00008" HPOS="383" VPOS="2124" WIDTH="201" HEIGHT="55" CONTENT="Lorsque" WC="0.99" CC="0463000"/>
						<SP ID="P27_SP00005" HPOS="584" VPOS="2179" WIDTH="35"/>
						<String ID="P27_ST00009" HPOS="619" VPOS="2125" WIDTH="57" HEIGHT="41" CONTENT="les" WC="0.99" CC="101"/>
						<SP ID="P27_SP00006" HPOS="676" VPOS="2179" WIDTH="33"/>
						<String ID="P27_ST00010" HPOS="709" VPOS="2124" WIDTH="258" HEIGHT="43" CONTENT="chauffeurs" WC="1.00" CC="0000320070"/>
						<SP ID="P27_SP00007" HPOS="967" VPOS="2179" WIDTH="35"/>
						<String ID="P27_ST00011" HPOS="1002" VPOS="2126" WIDTH="275" HEIGHT="52" CONTENT="approchent" WC="1.00" CC="0000022003"/>
						<SP ID="P27_SP00008" HPOS="1277" VPOS="2179" WIDTH="35"/>
						<String ID="P27_ST00012" HPOS="1312" VPOS="2126" WIDTH="20" HEIGHT="41" CONTENT="à" WC="0.34" CC="6"/>
						<SP ID="P27_SP00009" HPOS="1332" VPOS="2179" WIDTH="36"/>
						<String ID="P27_ST00013" HPOS="1368" VPOS="2135" WIDTH="123" HEIGHT="31" CONTENT="toute" WC="0.99" CC="03010"/>
					</TextLine>
					<TextLine ID="P27_TL00005" HPOS="315" VPOS="2186" WIDTH="1177" HEIGHT="55">
						<String ID="P27_ST00014" HPOS="315" VPOS="2187" WIDTH="153" HEIGHT="42" CONTENT="vitesse" WC="0.99" CC="8000270"/>
						<SP ID="P27_SP00010" HPOS="468" VPOS="2229" WIDTH="34"/>
						<String ID="P27_ST00015" HPOS="502" VPOS="2187" WIDTH="110" HEIGHT="41" CONTENT="d'un" WC="1.00" CC="0100"/>
						<SP ID="P27_SP00011" HPOS="612" VPOS="2229" WIDTH="35"/>
						<String ID="P27_ST00016" HPOS="647" VPOS="2187" WIDTH="238" HEIGHT="47" CONTENT="carrefour," WC="0.99" CC="0067040064"/>
						<SP ID="P27_SP00012" HPOS="885" VPOS="2234" WIDTH="38"/>
						<String ID="P27_ST00017" HPOS="923" VPOS="2187" WIDTH="51" HEIGHT="41" CONTENT="ils" WC="0.97" CC="610"/>
						<SP ID="P27_SP00013" HPOS="974" VPOS="2234" WIDTH="35"/>
						<String ID="P27_ST00018" HPOS="1009" VPOS="2187" WIDTH="184" HEIGHT="42" CONTENT="doivent" WC="0.99" CC="0060005"/>
						<SP ID="P27_SP00014" HPOS="1193" VPOS="2234" WIDTH="33"/>
						<String ID="P27_ST00019" HPOS="1226" VPOS="2186" WIDTH="194" HEIGHT="55" CONTENT="pouvoir" WC="0.99" CC="0300350"/>
						<SP ID="P27_SP00015" HPOS="1420" VPOS="2241" WIDTH="33"/>
						<String ID="P27_ST00020" HPOS="1453" VPOS="2201" WIDTH="39" HEIGHT="26" CONTENT="se" WC="1.00" CC="00"/>
					</TextLine>
					<TextLine ID="P27_TL00006" HPOS="316" VPOS="2248" WIDTH="1174" HEIGHT="55">
						<String ID="P27_ST00021" HPOS="316" VPOS="2249" WIDTH="153" HEIGHT="42" CONTENT="rendre" WC="0.99" CC="700060"/>
						<SP ID="P27_SP00016" HPOS="469" VPOS="2291" WIDTH="28"/>
						<String ID="P27_ST00022" HPOS="497" VPOS="2260" WIDTH="177" HEIGHT="42" CONTENT="compte" WC="1.00" CC="200000"/>
						<SP ID="P27_SP00017" HPOS="674" VPOS="2302" WIDTH="27"/>
						<String ID="P27_ST00023" HPOS="701" VPOS="2248" WIDTH="279" HEIGHT="54" CONTENT="rapidement" WC="1.00" CC="7005000000"/>
						<SP ID="P27_SP00018" HPOS="980" VPOS="2302" WIDTH="27"/>
						<String ID="P27_ST00024" HPOS="1007" VPOS="2249" WIDTH="50" HEIGHT="42" CONTENT="de" WC="1.00" CC="00"/>
						<SP ID="P27_SP00019" HPOS="1057" VPOS="2302" WIDTH="27"/>
						<String ID="P27_ST00025" HPOS="1084" VPOS="2265" WIDTH="43" HEIGHT="26" CONTENT="sa" WC="0.96" CC="00"/>
						<SP ID="P27_SP00020" HPOS="1127" VPOS="2302" WIDTH="27"/>
						<String ID="P27_ST00026" HPOS="1154" VPOS="2248" WIDTH="336" HEIGHT="55" CONTENT="configuration" WC="0.99" CC="0103760700500"/>
					</TextLine>
					<TextLine ID="P27_TL00007" HPOS="315" VPOS="2310" WIDTH="1155" HEIGHT="55">
						<String ID="P27_ST00027" HPOS="315" VPOS="2325" WIDTH="39" HEIGHT="30" CONTENT="et" WC="0.39" CC="66"/>
						<SP ID="P27_SP00021" HPOS="354" VPOS="2355" WIDTH="30"/>
						<String ID="P27_ST00028" HPOS="384" VPOS="2311" WIDTH="50" HEIGHT="41" CONTENT="de" WC="1.00" CC="00"/>
						<SP ID="P27_SP00022" HPOS="434" VPOS="2355" WIDTH="30"/>
						<String ID="P27_ST00029" HPOS="464" VPOS="2326" WIDTH="81" HEIGHT="26" CONTENT="son" WC="1.00" CC="000"/>
						<SP ID="P27_SP00023" HPOS="545" VPOS="2355" WIDTH="32"/>
						<String ID="P27_ST00030" HPOS="577" VPOS="2311" WIDTH="351" HEIGHT="54" CONTENT="aménagement." WC="1.00" CC="600200000004"/>
						<SP ID="P27_SP00024" HPOS="928" VPOS="2365" WIDTH="37"/>
						<String ID="P27_ST00031" HPOS="965" VPOS="2310" WIDTH="35" HEIGHT="42" CONTENT="Il" WC="0.76" CC="04"/>
						<SP ID="P27_SP00025" HPOS="1000" VPOS="2365" WIDTH="31"/>
						<String ID="P27_ST00032" HPOS="1031" VPOS="2322" WIDTH="60" HEIGHT="30" CONTENT="est" WC="1.00" CC="000"/>
						<SP ID="P27_SP00026" HPOS="1091" VPOS="2365" WIDTH="32"/>
						<String ID="P27_ST00033" HPOS="1123" VPOS="2310" WIDTH="156" HEIGHT="43" CONTENT="inutile" WC="1.00" CC="4000020"/>
						<SP ID="P27_SP00027" HPOS="1279" VPOS="2365" WIDTH="31"/>
						<String ID="P27_ST00034" HPOS="1310" VPOS="2312" WIDTH="49" HEIGHT="40" CONTENT="de" WC="0.50" CC="09"/>
						<SP ID="P27_SP00028" HPOS="1359" VPOS="2365" WIDTH="31"/>
						<String ID="P27_ST00035" HPOS="1390" VPOS="2325" WIDTH="80" HEIGHT="27" CONTENT="con" WC="0.99" CC="000"/>
					</TextLine>
					<TextLine ID="P27_TL00008" HPOS="315" VPOS="2372" WIDTH="1178" HEIGHT="55">
						<String ID="P27_ST00036" HPOS="315" VPOS="2373" WIDTH="145" HEIGHT="42" CONTENT="cevoir" WC="0.56" CC="960307"/>
						<SP ID="P27_SP00029" HPOS="460" VPOS="2415" WIDTH="31"/>
						<String ID="P27_ST00037" HPOS="491" VPOS="2373" WIDTH="50" HEIGHT="42" CONTENT="de" WC="0.51" CC="09"/>
						<SP ID="P27_SP00030" HPOS="541" VPOS="2415" WIDTH="33"/>
						<String ID="P27_ST00038" HPOS="574" VPOS="2374" WIDTH="136" HEIGHT="53" CONTENT="larges" WC="0.99" CC="006000"/>
						<SP ID="P27_SP00031" HPOS="710" VPOS="2427" WIDTH="32"/>
						<String ID="P27_ST00039" HPOS="742" VPOS="2373" WIDTH="223" HEIGHT="42" CONTENT="chaussées" WC="0.99" CC="050000740"/>
						<SP ID="P27_SP00032" HPOS="965" VPOS="2427" WIDTH="31"/>
						<String ID="P27_ST00040" HPOS="996" VPOS="2372" WIDTH="47" HEIGHT="46" CONTENT="si," WC="0.98" CC="004"/>
						<SP ID="P27_SP00033" HPOS="1043" VPOS="2427" WIDTH="35"/>
						<String ID="P27_ST00041" HPOS="1078" VPOS="2373" WIDTH="22" HEIGHT="41" CONTENT="à" WC="0.46" CC="5"/>
						<SP ID="P27_SP00034" HPOS="1100" VPOS="2427" WIDTH="34"/>
						<String ID="P27_ST00042" HPOS="1134" VPOS="2373" WIDTH="254" HEIGHT="52" CONTENT="l'approche" WC="0.99" CC="0400057000"/>
						<SP ID="P27_SP00035" HPOS="1388" VPOS="2427" WIDTH="34"/>
						<String ID="P27_ST00043" HPOS="1422" VPOS="2373" WIDTH="71" HEIGHT="40" CONTENT="des" WC="1.00" CC="000"/>
					</TextLine>
					<TextLine ID="P27_TL00009" HPOS="316" VPOS="2434" WIDTH="1177" HEIGHT="55">
						<String ID="P27_ST00044" HPOS="316" VPOS="2435" WIDTH="259" HEIGHT="43" CONTENT="carrefours," WC="0.99" CC="78660100604"/>
						<SP ID="P27_SP00036" HPOS="575" VPOS="2478" WIDTH="36"/>
						<String ID="P27_ST00045" HPOS="611" VPOS="2436" WIDTH="36" HEIGHT="41" CONTENT="le" WC="1.00" CC="00"/>
						<SP ID="P27_SP00037" HPOS="647" VPOS="2478" WIDTH="31"/>
						<String ID="P27_ST00046" HPOS="678" VPOS="2435" WIDTH="153" HEIGHT="54" CONTENT="regard" WC="0.99" CC="000060"/>
						<SP ID="P27_SP00038" HPOS="831" VPOS="2489" WIDTH="32"/>
						<String ID="P27_ST00047" HPOS="863" VPOS="2450" WIDTH="52" HEIGHT="26" CONTENT="ne" WC="1.00" CC="00"/>
						<SP ID="P27_SP00039" HPOS="915" VPOS="2489" WIDTH="31"/>
						<String ID="P27_ST00048" HPOS="946" VPOS="2446" WIDTH="229" HEIGHT="31" CONTENT="rencontre" WC="0.99" CC="700010060"/>
						<SP ID="P27_SP00040" HPOS="1175" VPOS="2489" WIDTH="29"/>
						<String ID="P27_ST00049" HPOS="1204" VPOS="2449" WIDTH="83" HEIGHT="40" CONTENT="que" WC="1.00" CC="000"/>
						<SP ID="P27_SP00041" HPOS="1287" VPOS="2489" WIDTH="30"/>
						<String ID="P27_ST00050" HPOS="1317" VPOS="2434" WIDTH="176" HEIGHT="54" CONTENT="l'image" WC="1.00" CC="0040000"/>
					</TextLine>
					<TextLine ID="P27_TL00010" HPOS="318" VPOS="2495" WIDTH="1173" HEIGHT="56">
						<String ID="P27_ST00051" HPOS="318" VPOS="2497" WIDTH="184" HEIGHT="42" CONTENT="confuse" WC="1.00" CC="0002040"/>
						<SP ID="P27_SP00042" HPOS="502" VPOS="2539" WIDTH="35"/>
						<String ID="P27_ST00052" HPOS="537" VPOS="2511" WIDTH="40" HEIGHT="31" CONTENT="et" WC="1.00" CC="00"/>
						<SP ID="P27_SP00043" HPOS="577" VPOS="2542" WIDTH="35"/>
						<String ID="P27_ST00053" HPOS="612" VPOS="2496" WIDTH="248" HEIGHT="55" CONTENT="irrégulière" WC="0.99" CC="27600020740"/>
						<SP ID="P27_SP00044" HPOS="860" VPOS="2551" WIDTH="36"/>
						<String ID="P27_ST00054" HPOS="896" VPOS="2496" WIDTH="109" HEIGHT="42" CONTENT="d'un" WC="0.98" CC="0703"/>
						<SP ID="P27_SP00045" HPOS="1005" VPOS="2551" WIDTH="38"/>
						<String ID="P27_ST00055" HPOS="1043" VPOS="2495" WIDTH="174" HEIGHT="43" CONTENT="fouillis" WC="0.99" CC="53060530"/>
						<SP ID="P27_SP00046" HPOS="1217" VPOS="2551" WIDTH="37"/>
						<String ID="P27_ST00056" HPOS="1254" VPOS="2495" WIDTH="237" HEIGHT="43" CONTENT="d'édifices." WC="0.99" CC="00004460024"/>
					</TextLine>
					<TextLine ID="P27_TL00011" HPOS="382" VPOS="2557" WIDTH="1113" HEIGHT="55">
						<String ID="P27_ST00057" HPOS="382" VPOS="2559" WIDTH="110" HEIGHT="43" CONTENT="Bien" WC="0.97" CC="4504"/>
						<SP ID="P27_SP00047" HPOS="492" VPOS="2602" WIDTH="61"/>
						<String ID="P27_ST00058" HPOS="553" VPOS="2559" WIDTH="73" HEIGHT="42" CONTENT="des" WC="0.98" CC="004"/>
						<SP ID="P27_SP00048" HPOS="626" VPOS="2602" WIDTH="56"/>
						<String ID="P27_ST00059" HPOS="682" VPOS="2559" WIDTH="230" HEIGHT="53" CONTENT="jonctions" WC="0.99" CC="422643302"/>
						<SP ID="P27_SP00049" HPOS="912" VPOS="2612" WIDTH="60"/>
						<String ID="P27_ST00060" HPOS="972" VPOS="2558" WIDTH="257" HEIGHT="43" CONTENT="offriraient" WC="0.99" CC="00174700000"/>
						<SP ID="P27_SP00050" HPOS="1229" VPOS="2612" WIDTH="56"/>
						<String ID="P27_ST00061" HPOS="1285" VPOS="2558" WIDTH="101" HEIGHT="53" CONTENT="plus" WC="1.00" CC="0000"/>
						<SP ID="P27_SP00051" HPOS="1386" VPOS="2612" WIDTH="59"/>
						<String ID="P27_ST00062" HPOS="1445" VPOS="2557" WIDTH="50" HEIGHT="42" CONTENT="de" WC="0.63" CC="07"/>
					</TextLine>
				</TextBlock>
				<TextBlock ID="P27_TB00005" HPOS="1646" VPOS="2121" WIDTH="1183" HEIGHT="488" STYLEREFS="TXT_3 PAR_LEFT">
					<TextLine ID="P27_TL00012" HPOS="1646" VPOS="2121" WIDTH="1182" HEIGHT="56">
						<String ID="P27_ST00063" HPOS="1646" VPOS="2124" WIDTH="180" HEIGHT="43" CONTENT="sécurité" WC="0.99" CC="27007207"/>
						<SP ID="P27_SP00052" HPOS="1826" VPOS="2167" WIDTH="35"/>
						<String ID="P27_ST00064" HPOS="1861" VPOS="2124" WIDTH="69" HEIGHT="42" CONTENT="s'il" WC="0.99" CC="0410"/>
						<SP ID="P27_SP00053" HPOS="1930" VPOS="2167" WIDTH="37"/>
						<String ID="P27_ST00065" HPOS="1967" VPOS="2139" WIDTH="26" HEIGHT="37" CONTENT="y" WC="1.00" CC="0"/>
						<SP ID="P27_SP00054" HPOS="1993" VPOS="2176" WIDTH="37"/>
						<String ID="P27_ST00066" HPOS="2030" VPOS="2123" WIDTH="171" HEIGHT="54" CONTENT="régnait" WC="0.98" CC="7080046"/>
						<SP ID="P27_SP00055" HPOS="2201" VPOS="2177" WIDTH="36"/>
						<String ID="P27_ST00067" HPOS="2237" VPOS="2122" WIDTH="50" HEIGHT="42" CONTENT="de" WC="0.70" CC="05"/>
						<SP ID="P27_SP00056" HPOS="2287" VPOS="2177" WIDTH="37"/>
						<String ID="P27_ST00068" HPOS="2324" VPOS="2121" WIDTH="176" HEIGHT="45" CONTENT="Tordre," WC="0.98" CC="8070707"/>
						<SP ID="P27_SP00057" HPOS="2500" VPOS="2177" WIDTH="38"/>
						<String ID="P27_ST00069" HPOS="2538" VPOS="2122" WIDTH="115" HEIGHT="41" CONTENT="alors" WC="1.00" CC="00004"/>
						<SP ID="P27_SP00058" HPOS="2653" VPOS="2177" WIDTH="36"/>
						<String ID="P27_ST00070" HPOS="2689" VPOS="2121" WIDTH="139" HEIGHT="41" CONTENT="même" WC="0.97" CC="0605"/>
					</TextLine>
					<TextLine ID="P27_TL00013" HPOS="1646" VPOS="2181" WIDTH="1182" HEIGHT="60">
						<String ID="P27_ST00071" HPOS="1646" VPOS="2201" WIDTH="84" HEIGHT="40" CONTENT="que" WC="0.96" CC="630"/>
						<SP ID="P27_SP00059" HPOS="1730" VPOS="2241" WIDTH="44"/>
						<String ID="P27_ST00072" HPOS="1774" VPOS="2185" WIDTH="172" HEIGHT="42" CONTENT="celui-ci" WC="0.99" CC="00004407"/>
						<SP ID="P27_SP00060" HPOS="1946" VPOS="2241" WIDTH="49"/>
						<String ID="P27_ST00073" HPOS="1995" VPOS="2185" WIDTH="128" HEIGHT="42" CONTENT="serait" WC="0.99" CC="404020"/>
						<SP ID="P27_SP00061" HPOS="2123" VPOS="2241" WIDTH="46"/>
						<String ID="P27_ST00074" HPOS="2169" VPOS="2185" WIDTH="171" HEIGHT="41" CONTENT="obtenu" WC="1.00" CC="002000"/>
						<SP ID="P27_SP00062" HPOS="2340" VPOS="2241" WIDTH="48"/>
						<String ID="P27_ST00075" HPOS="2388" VPOS="2199" WIDTH="54" HEIGHT="27" CONTENT="au" WC="1.00" CC="00"/>
						<SP ID="P27_SP00063" HPOS="2442" VPOS="2241" WIDTH="49"/>
						<String ID="P27_ST00076" HPOS="2491" VPOS="2183" WIDTH="241" HEIGHT="42" CONTENT="détriment" WC="0.98" CC="006669508"/>
						<SP ID="P27_SP00064" HPOS="2732" VPOS="2241" WIDTH="47"/>
						<String ID="P27_ST00077" HPOS="2779" VPOS="2181" WIDTH="49" HEIGHT="42" CONTENT="de" WC="1.00" CC="00"/>
					</TextLine>
					<TextLine ID="P27_TL00014" HPOS="1648" VPOS="2248" WIDTH="338" HEIGHT="53">
						<String ID="P27_ST00078" HPOS="1648" VPOS="2249" WIDTH="179" HEIGHT="52" CONTENT="l'espace" WC="0.99" CC="84000600"/>
						<SP ID="P27_SP00065" HPOS="1827" VPOS="2301" WIDTH="38"/>
						<String ID="P27_ST00079" HPOS="1865" VPOS="2248" WIDTH="121" HEIGHT="41" CONTENT="libre." WC="0.99" CC="300504"/>
					</TextLine>
					<TextLine ID="P27_TL00015" HPOS="1717" VPOS="2306" WIDTH="1112" HEIGHT="56">
						<String ID="P27_ST00080" HPOS="1717" VPOS="2310" WIDTH="73" HEIGHT="41" CONTENT="Au" WC="0.51" CC="09"/>
						<SP ID="P27_SP00066" HPOS="1790" VPOS="2351" WIDTH="36"/>
						<String ID="P27_ST00081" HPOS="1826" VPOS="2310" WIDTH="192" HEIGHT="52" CONTENT="surplus," WC="0.99" CC="60000017"/>
						<SP ID="P27_SP00067" HPOS="2018" VPOS="2362" WIDTH="43"/>
						<String ID="P27_ST00082" HPOS="2061" VPOS="2310" WIDTH="177" HEIGHT="52" CONTENT="l'aspect" WC="0.99" CC="04900000"/>
						<SP ID="P27_SP00068" HPOS="2238" VPOS="2362" WIDTH="34"/>
						<String ID="P27_ST00083" HPOS="2272" VPOS="2308" WIDTH="173" HEIGHT="54" CONTENT="général" WC="0.98" CC="4907005"/>
						<SP ID="P27_SP00069" HPOS="2445" VPOS="2362" WIDTH="37"/>
						<String ID="P27_ST00084" HPOS="2482" VPOS="2308" WIDTH="134" HEIGHT="40" CONTENT="d'une" WC="0.98" CC="04075"/>
						<SP ID="P27_SP00070" HPOS="2616" VPOS="2362" WIDTH="37"/>
						<String ID="P27_ST00085" HPOS="2653" VPOS="2306" WIDTH="102" HEIGHT="42" CONTENT="ville" WC="0.98" CC="45004"/>
						<SP ID="P27_SP00071" HPOS="2755" VPOS="2362" WIDTH="35"/>
						<String ID="P27_ST00086" HPOS="2790" VPOS="2317" WIDTH="39" HEIGHT="30" CONTENT="et" WC="0.25" CC="77"/>
					</TextLine>
					<TextLine ID="P27_TL00016" HPOS="1649" VPOS="2369" WIDTH="1180" HEIGHT="55">
						<String ID="P27_ST00087" HPOS="1649" VPOS="2373" WIDTH="134" HEIGHT="41" CONTENT="d'une" WC="0.95" CC="54997"/>
						<SP ID="P27_SP00072" HPOS="1783" VPOS="2414" WIDTH="42"/>
						<String ID="P27_ST00088" HPOS="1825" VPOS="2387" WIDTH="72" HEIGHT="27" CONTENT="rue" WC="0.96" CC="900"/>
						<SP ID="P27_SP00073" HPOS="1897" VPOS="2414" WIDTH="41"/>
						<String ID="P27_ST00089" HPOS="1938" VPOS="2371" WIDTH="254" HEIGHT="53" CONTENT="dépendent" WC="1.00" CC="070000006"/>
						<SP ID="P27_SP00074" HPOS="2192" VPOS="2424" WIDTH="40"/>
						<String ID="P27_ST00090" HPOS="2232" VPOS="2371" WIDTH="110" HEIGHT="41" CONTENT="dans" WC="0.97" CC="0903"/>
						<SP ID="P27_SP00075" HPOS="2342" VPOS="2424" WIDTH="40"/>
						<String ID="P27_ST00091" HPOS="2382" VPOS="2385" WIDTH="85" HEIGHT="26" CONTENT="une" WC="0.99" CC="200"/>
						<SP ID="P27_SP00076" HPOS="2467" VPOS="2424" WIDTH="39"/>
						<String ID="P27_ST00092" HPOS="2506" VPOS="2369" WIDTH="116" HEIGHT="42" CONTENT="forte" WC="1.00" CC="40000"/>
						<SP ID="P27_SP00077" HPOS="2622" VPOS="2424" WIDTH="41"/>
						<String ID="P27_ST00093" HPOS="2663" VPOS="2383" WIDTH="166" HEIGHT="27" CONTENT="mesure" WC="0.99" CC="003006"/>
					</TextLine>
					<TextLine ID="P27_TL00017" HPOS="1648" VPOS="2430" WIDTH="1181" HEIGHT="54">
						<String ID="P27_ST00094" HPOS="1648" VPOS="2435" WIDTH="51" HEIGHT="40" CONTENT="de" WC="0.50" CC="90"/>
						<SP ID="P27_SP00078" HPOS="1699" VPOS="2475" WIDTH="44"/>
						<String ID="P27_ST00095" HPOS="1743" VPOS="2434" WIDTH="325" HEIGHT="41" CONTENT="l'ordonnance" WC="1.00" CC="340600000000"/>
						<SP ID="P27_SP00079" HPOS="2068" VPOS="2475" WIDTH="46"/>
						<String ID="P27_ST00096" HPOS="2114" VPOS="2433" WIDTH="72" HEIGHT="41" CONTENT="des" WC="1.00" CC="000"/>
						<SP ID="P27_SP00080" HPOS="2186" VPOS="2475" WIDTH="42"/>
						<String ID="P27_ST00097" HPOS="2228" VPOS="2448" WIDTH="83" HEIGHT="26" CONTENT="con" WC="0.83" CC="004"/>
						<SP ID="P27_SP00081" HPOS="2311" VPOS="2475" WIDTH="29"/>
						<String ID="P27_ST00098" HPOS="2340" VPOS="2432" WIDTH="219" HEIGHT="42" CONTENT="tructions" WC="0.80" CC="070005102"/>
						<SP ID="P27_SP00082" HPOS="2559" VPOS="2475" WIDTH="45"/>
						<String ID="P27_ST00099" HPOS="2604" VPOS="2432" WIDTH="77" HEIGHT="52" CONTENT="qui" WC="0.98" CC="004"/>
						<SP ID="P27_SP00083" HPOS="2681" VPOS="2484" WIDTH="45"/>
						<String ID="P27_ST00100" HPOS="2726" VPOS="2430" WIDTH="78" HEIGHT="41" CONTENT="bor" SUBS_TYPE="HypPart1" SUBS_CONTENT="bordent" WC="0.98" CC="006"/>
						<HYP HPOS="2804" VPOS="2430" WIDTH="25" CONTENT="-"/>
					</TextLine>
					<TextLine ID="P27_TL00018" HPOS="1648" VPOS="2491" WIDTH="1181" HEIGHT="47">
						<String ID="P27_ST00101" HPOS="1648" VPOS="2496" WIDTH="106" HEIGHT="42" CONTENT="dent" SUBS_TYPE="HypPart2" SUBS_CONTENT="bordent" WC="0.97" CC="9320"/>
						<SP ID="P27_SP00084" HPOS="1754" VPOS="2538" WIDTH="34"/>
						<String ID="P27_ST00102" HPOS="1788" VPOS="2496" WIDTH="56" HEIGHT="42" CONTENT="les" WC="0.99" CC="300"/>
						<SP ID="P27_SP00085" HPOS="1844" VPOS="2538" WIDTH="35"/>
						<String ID="P27_ST00103" HPOS="1879" VPOS="2495" WIDTH="247" HEIGHT="42" CONTENT="carrefours" WC="0.99" CC="0060050060"/>
						<SP ID="P27_SP00086" HPOS="2126" VPOS="2538" WIDTH="33"/>
						<String ID="P27_ST00104" HPOS="2159" VPOS="2495" WIDTH="73" HEIGHT="41" CONTENT="des" WC="1.00" CC="000"/>
						<SP ID="P27_SP00087" HPOS="2232" VPOS="2538" WIDTH="35"/>
						<String ID="P27_ST00105" HPOS="2267" VPOS="2504" WIDTH="161" HEIGHT="31" CONTENT="routes." WC="0.99" CC="5060004"/>
						<SP ID="P27_SP00088" HPOS="2428" VPOS="2538" WIDTH="37"/>
						<String ID="P27_ST00106" HPOS="2465" VPOS="2493" WIDTH="189" HEIGHT="42" CONTENT="Ceux-ci" WC="0.99" CC="2000430"/>
						<SP ID="P27_SP00089" HPOS="2654" VPOS="2538" WIDTH="34"/>
						<String ID="P27_ST00107" HPOS="2688" VPOS="2491" WIDTH="141" HEIGHT="43" CONTENT="créent" WC="0.99" CC="070000"/>
					</TextLine>
					<TextLine ID="P27_TL00019" HPOS="1649" VPOS="2556" WIDTH="898" HEIGHT="53">
						<String ID="P27_ST00108" HPOS="1649" VPOS="2559" WIDTH="110" HEIGHT="40" CONTENT="dans" WC="0.97" CC="7005"/>
						<SP ID="P27_SP00090" HPOS="1759" VPOS="2599" WIDTH="32"/>
						<String ID="P27_ST00109" HPOS="1791" VPOS="2559" WIDTH="38" HEIGHT="41" CONTENT="la" WC="0.54" CC="09"/>
						<SP ID="P27_SP00091" HPOS="1829" VPOS="2600" WIDTH="32"/>
						<String ID="P27_ST00110" HPOS="1861" VPOS="2557" WIDTH="105" HEIGHT="43" CONTENT="ville" WC="0.99" CC="04000"/>
						<SP ID="P27_SP00092" HPOS="1966" VPOS="2600" WIDTH="29"/>
						<String ID="P27_ST00111" HPOS="1995" VPOS="2557" WIDTH="71" HEIGHT="42" CONTENT="des" WC="1.00" CC="000"/>
						<SP ID="P27_SP00093" HPOS="2066" VPOS="2600" WIDTH="31"/>
						<String ID="P27_ST00112" HPOS="2097" VPOS="2557" WIDTH="99" HEIGHT="42" CONTENT="sites" WC="1.00" CC="03000"/>
						<SP ID="P27_SP00094" HPOS="2196" VPOS="2600" WIDTH="30"/>
						<String ID="P27_ST00113" HPOS="2226" VPOS="2556" WIDTH="321" HEIGHT="53" CONTENT="proéminents." WC="1.00" CC="004704001004"/>
					</TextLine>
				</TextBlock>
				<TextBlock ID="P27_TB00006" HPOS="323" VPOS="2915" WIDTH="1179" HEIGHT="724" STYLEREFS="TXT_3 PAR_LEFT">
					<TextLine ID="P27_TL00020" HPOS="323" VPOS="2915" WIDTH="1176" HEIGHT="57">
						<String ID="P27_ST00114" HPOS="323" VPOS="2921" WIDTH="74" HEIGHT="41" CONTENT="Au" WC="0.63" CC="33"/>
						<SP ID="P27_SP00095" HPOS="397" VPOS="2962" WIDTH="36"/>
						<String ID="P27_ST00115" HPOS="433" VPOS="2919" WIDTH="238" HEIGHT="42" CONTENT="sommaire" WC="0.99" CC="11206067"/>
						<SP ID="P27_SP00096" HPOS="671" VPOS="2962" WIDTH="35"/>
						<String ID="P27_ST00116" HPOS="706" VPOS="2919" WIDTH="71" HEIGHT="42" CONTENT="des" WC="0.98" CC="022"/>
						<SP ID="P27_SP00097" HPOS="777" VPOS="2962" WIDTH="35"/>
						<String ID="P27_ST00117" HPOS="812" VPOS="2917" WIDTH="239" HEIGHT="55" CONTENT="prochains" WC="0.99" CC="070544502"/>
						<SP ID="P27_SP00098" HPOS="1051" VPOS="2972" WIDTH="37"/>
						<String ID="P27_ST00118" HPOS="1088" VPOS="2917" WIDTH="208" HEIGHT="42" CONTENT="numéros" WC="0.98" CC="3428024"/>
						<SP ID="P27_SP00099" HPOS="1296" VPOS="2972" WIDTH="35"/>
						<String ID="P27_ST00119" HPOS="1331" VPOS="2916" WIDTH="50" HEIGHT="42" CONTENT="de" WC="0.37" CC="57"/>
						<SP ID="P27_SP00100" HPOS="1381" VPOS="2972" WIDTH="36"/>
						<String ID="P27_ST00120" HPOS="1417" VPOS="2915" WIDTH="82" HEIGHT="41" CONTENT="LA" WC="0.56" CC="35"/>
					</TextLine>
					<TextLine ID="P27_TL00021" HPOS="323" VPOS="3018" WIDTH="200" HEIGHT="44">
						<String ID="P27_ST00121" HPOS="323" VPOS="3018" WIDTH="153" HEIGHT="44" CONTENT="CITE" WC="1.00" CC="0020"/>
						<SP ID="P27_SP00101" HPOS="476" VPOS="3062" WIDTH="39"/>
						<String ID="P27_ST00122" HPOS="515" VPOS="3034" WIDTH="8" HEIGHT="26" CONTENT=":" WC="1.00" CC="0"/>
					</TextLine>
					<TextLine ID="P27_TL00022" HPOS="434" VPOS="3148" WIDTH="1067" HEIGHT="58">
						<String ID="P27_ST00123" HPOS="434" VPOS="3154" WIDTH="365" HEIGHT="42" CONTENT="L'Architecture" WC="0.99" CC="04066660960006"/>
						<SP ID="P27_SP00102" HPOS="799" VPOS="3196" WIDTH="45"/>
						<String ID="P27_ST00124" HPOS="844" VPOS="3168" WIDTH="50" HEIGHT="26" CONTENT="en" WC="1.00" CC="00"/>
						<SP ID="P27_SP00103" HPOS="894" VPOS="3196" WIDTH="47"/>
						<String ID="P27_ST00125" HPOS="941" VPOS="3150" WIDTH="212" HEIGHT="56" CONTENT="Belgique" WC="0.98" CC="54354080"/>
						<SP ID="P27_SP00104" HPOS="1153" VPOS="3206" WIDTH="45"/>
						<String ID="P27_ST00126" HPOS="1198" VPOS="3150" WIDTH="206" HEIGHT="53" CONTENT="(travaux" WC="1.00" CC="40000001"/>
						<SP ID="P27_SP00105" HPOS="1404" VPOS="3206" WIDTH="48"/>
						<String ID="P27_ST00127" HPOS="1452" VPOS="3148" WIDTH="49" HEIGHT="41" CONTENT="d?" WC="0.64" CC="07"/>
					</TextLine>
					<TextLine ID="P27_TL00023" HPOS="327" VPOS="3236" WIDTH="1172" HEIGHT="57">
						<String ID="P27_ST00128" HPOS="327" VPOS="3240" WIDTH="58" HEIGHT="41" CONTENT="V," WC="0.63" CC="07"/>
						<SP ID="P27_SP00106" HPOS="385" VPOS="3281" WIDTH="32"/>
						<String ID="P27_ST00129" HPOS="417" VPOS="3239" WIDTH="260" HEIGHT="54" CONTENT="Bourgeois," WC="0.99" CC="5306000337"/>
						<SP ID="P27_SP00107" HPOS="677" VPOS="3293" WIDTH="32"/>
						<String ID="P27_ST00130" HPOS="709" VPOS="3239" WIDTH="54" HEIGHT="41" CONTENT="A." WC="0.79" CC="04"/>
						<SP ID="P27_SP00108" HPOS="763" VPOS="3293" WIDTH="30"/>
						<String ID="P27_ST00131" HPOS="793" VPOS="3239" WIDTH="52" HEIGHT="42" CONTENT="C," WC="0.66" CC="24"/>
						<SP ID="P27_SP00109" HPOS="845" VPOS="3293" WIDTH="31"/>
						<String ID="P27_ST00132" HPOS="876" VPOS="3238" WIDTH="243" HEIGHT="53" CONTENT="Duesberg," WC="0.90" CC="210000004"/>
						<SP ID="P27_SP00110" HPOS="1119" VPOS="3293" WIDTH="31"/>
						<String ID="P27_ST00133" HPOS="1150" VPOS="3236" WIDTH="67" HEIGHT="44" CONTENT="M," WC="0.45" CC="37"/>
						<SP ID="P27_SP00111" HPOS="1217" VPOS="3293" WIDTH="32"/>
						<String ID="P27_ST00134" HPOS="1249" VPOS="3236" WIDTH="250" HEIGHT="52" CONTENT="Houyoux." WC="0.84" CC="40003004"/>
					</TextLine>
					<TextLine ID="P27_TL00024" HPOS="325" VPOS="3325" WIDTH="446" HEIGHT="45">
						<String ID="P27_ST00135" HPOS="325" VPOS="3327" WIDTH="56" HEIGHT="42" CONTENT="G." WC="0.61" CC="07"/>
						<SP ID="P27_SP00112" HPOS="381" VPOS="3369" WIDTH="34"/>
						<String ID="P27_ST00136" HPOS="415" VPOS="3325" WIDTH="245" HEIGHT="45" CONTENT="Brunfaut," WC="0.72" CC="560040034"/>
						<SP ID="P27_SP00113" HPOS="660" VPOS="3370" WIDTH="35"/>
						<String ID="P27_ST00137" HPOS="695" VPOS="3337" WIDTH="76" HEIGHT="31" CONTENT="etc." WC="0.99" CC="0004"/>
					</TextLine>
					<TextLine ID="P27_TL00025" HPOS="429" VPOS="3460" WIDTH="787" HEIGHT="44">
						<String ID="P27_ST00138" HPOS="429" VPOS="3463" WIDTH="58" HEIGHT="41" CONTENT="Le" WC="0.72" CC="05"/>
						<SP ID="P27_SP00114" HPOS="487" VPOS="3504" WIDTH="35"/>
						<String ID="P27_ST00139" HPOS="522" VPOS="3462" WIDTH="107" HEIGHT="42" CONTENT="Prix" WC="0.99" CC="0030"/>
						<SP ID="P27_SP00115" HPOS="629" VPOS="3504" WIDTH="39"/>
						<String ID="P27_ST00140" HPOS="668" VPOS="3462" WIDTH="183" HEIGHT="42" CONTENT="Annuel" WC="1.00" CC="000600"/>
						<SP ID="P27_SP00116" HPOS="851" VPOS="3504" WIDTH="38"/>
						<String ID="P27_ST00141" HPOS="889" VPOS="3461" WIDTH="104" HEIGHT="41" CONTENT="Van" WC="0.99" CC="200"/>
						<SP ID="P27_SP00117" HPOS="993" VPOS="3504" WIDTH="38"/>
						<String ID="P27_ST00142" HPOS="1031" VPOS="3461" WIDTH="50" HEIGHT="41" CONTENT="de" WC="1.00" CC="00"/>
						<SP ID="P27_SP00118" HPOS="1081" VPOS="3504" WIDTH="37"/>
						<String ID="P27_ST00143" HPOS="1118" VPOS="3460" WIDTH="98" HEIGHT="40" CONTENT="Ven" WC="0.84" CC="004"/>
					</TextLine>
					<TextLine ID="P27_TL00026" HPOS="418" VPOS="3595" WIDTH="794" HEIGHT="44">
						<String ID="P27_ST00144" HPOS="418" VPOS="3598" WIDTH="364" HEIGHT="41" CONTENT="L'Architecture" WC="0.99" CC="07060012036070"/>
						<SP ID="P27_SP00119" HPOS="782" VPOS="3639" WIDTH="32"/>
						<String ID="P27_ST00145" HPOS="814" VPOS="3595" WIDTH="353" HEIGHT="44" CONTENT="Internationale" WC="1.00" CC="00500002140036"/>
						<SP ID="P27_SP00120" HPOS="1167" VPOS="3639" WIDTH="37"/>
						<String ID="P27_ST00146" HPOS="1204" VPOS="3610" WIDTH="8" HEIGHT="26" CONTENT=":" WC="0.89" CC="1"/>
					</TextLine>
				</TextBlock>
				<TextBlock ID="P27_TB00007" HPOS="1654" VPOS="2911" WIDTH="1180" HEIGHT="731" STYLEREFS="TXT_3 PAR_LEFT">
					<TextLine ID="P27_TL00027" HPOS="1654" VPOS="2911" WIDTH="1180" HEIGHT="55">
						<String ID="P27_ST00147" HPOS="1654" VPOS="2915" WIDTH="71" HEIGHT="41" CONTENT="Au" WC="1.00" CC="00"/>
						<SP ID="P27_SP00121" HPOS="1725" VPOS="2956" WIDTH="61"/>
						<String ID="P27_ST00148" HPOS="1786" VPOS="2914" WIDTH="239" HEIGHT="42" CONTENT="sommaire" WC="0.99" CC="70000070"/>
						<SP ID="P27_SP00122" HPOS="2025" VPOS="2956" WIDTH="62"/>
						<String ID="P27_ST00149" HPOS="2087" VPOS="2913" WIDTH="71" HEIGHT="47" CONTENT="des" WC="1.00" CC="000"/>
						<SP ID="P27_SP00123" HPOS="2158" VPOS="2960" WIDTH="55"/>
						<String ID="P27_ST00150" HPOS="2213" VPOS="2913" WIDTH="240" HEIGHT="53" CONTENT="prochains" WC="0.99" CC="000059502"/>
						<SP ID="P27_SP00124" HPOS="2453" VPOS="2966" WIDTH="62"/>
						<String ID="P27_ST00151" HPOS="2515" VPOS="2911" WIDTH="209" HEIGHT="43" CONTENT="numéros" WC="0.98" CC="0207039"/>
						<SP ID="P27_SP00125" HPOS="2724" VPOS="2966" WIDTH="60"/>
						<String ID="P27_ST00152" HPOS="2784" VPOS="2911" WIDTH="50" HEIGHT="41" CONTENT="de" WC="0.62" CC="07"/>
					</TextLine>
					<TextLine ID="P27_TL00028" HPOS="1654" VPOS="3013" WIDTH="311" HEIGHT="41">
						<String ID="P27_ST00153" HPOS="1654" VPOS="3013" WIDTH="311" HEIGHT="41" CONTENT="TEKHNE:" WC="0.77" CC="3020133"/>
					</TextLine>
					<TextLine ID="P27_TL00029" HPOS="1750" VPOS="3145" WIDTH="889" HEIGHT="45">
						<String ID="P27_ST00154" HPOS="1750" VPOS="3148" WIDTH="167" HEIGHT="42" CONTENT="Etudes" WC="0.97" CC="469044"/>
						<SP ID="P27_SP00126" HPOS="1917" VPOS="3190" WIDTH="33"/>
						<String ID="P27_ST00155" HPOS="1950" VPOS="3159" WIDTH="40" HEIGHT="30" CONTENT="et" WC="0.85" CC="02"/>
						<SP ID="P27_SP00127" HPOS="1990" VPOS="3190" WIDTH="32"/>
						<String ID="P27_ST00156" HPOS="2022" VPOS="3147" WIDTH="265" HEIGHT="42" CONTENT="documents" WC="1.00" CC="000000051"/>
						<SP ID="P27_SP00128" HPOS="2287" VPOS="3190" WIDTH="33"/>
						<String ID="P27_ST00157" HPOS="2320" VPOS="3145" WIDTH="319" HEIGHT="42" CONTENT="d'urbanisme." WC="0.99" CC="046600022004"/>
					</TextLine>
					<TextLine ID="P27_TL00030" HPOS="1752" VPOS="3292" WIDTH="1081" HEIGHT="45">
						<String ID="P27_ST00158" HPOS="1752" VPOS="3295" WIDTH="382" HEIGHT="42" CONTENT="Rationalisation" WC="1.00" CC="000500001603000"/>
						<SP ID="P27_SP00129" HPOS="2134" VPOS="3337" WIDTH="35"/>
						<String ID="P27_ST00159" HPOS="2169" VPOS="3306" WIDTH="38" HEIGHT="31" CONTENT="et" WC="0.68" CC="06"/>
						<SP ID="P27_SP00130" HPOS="2207" VPOS="3337" WIDTH="35"/>
						<String ID="P27_ST00160" HPOS="2242" VPOS="3293" WIDTH="224" HEIGHT="42" CONTENT="Industrie" WC="0.99" CC="209024020"/>
						<SP ID="P27_SP00131" HPOS="2466" VPOS="3337" WIDTH="33"/>
						<String ID="P27_ST00161" HPOS="2499" VPOS="3293" WIDTH="58" HEIGHT="41" CONTENT="du" WC="1.00" CC="00"/>
						<SP ID="P27_SP00132" HPOS="2557" VPOS="3337" WIDTH="33"/>
						<String ID="P27_ST00162" HPOS="2590" VPOS="3292" WIDTH="243" HEIGHT="42" CONTENT="Bâtiment." WC="0.99" CC="676504004"/>
					</TextLine>
					<TextLine ID="P27_TL00031" HPOS="1750" VPOS="3441" WIDTH="931" HEIGHT="55">
						<String ID="P27_ST00163" HPOS="1750" VPOS="3444" WIDTH="203" HEIGHT="41" CONTENT="Examen" WC="1.00" CC="200000"/>
						<SP ID="P27_SP00133" HPOS="1953" VPOS="3485" WIDTH="35"/>
						<String ID="P27_ST00164" HPOS="1988" VPOS="3444" WIDTH="49" HEIGHT="41" CONTENT="de" WC="1.00" CC="00"/>
						<SP ID="P27_SP00134" HPOS="2037" VPOS="3485" WIDTH="31"/>
						<String ID="P27_ST00165" HPOS="2068" VPOS="3442" WIDTH="205" HEIGHT="54" CONTENT="procédés" WC="0.99" CC="00000074"/>
						<SP ID="P27_SP00135" HPOS="2273" VPOS="3496" WIDTH="31"/>
						<String ID="P27_ST00166" HPOS="2304" VPOS="3441" WIDTH="269" HEIGHT="55" CONTENT="techniques," WC="0.99" CC="67032000004"/>
						<SP ID="P27_SP00136" HPOS="2573" VPOS="3496" WIDTH="33"/>
						<String ID="P27_ST00167" HPOS="2606" VPOS="3452" WIDTH="75" HEIGHT="31" CONTENT="etc." WC="0.97" CC="0644"/>
					</TextLine>
					<TextLine ID="P27_TL00032" HPOS="1757" VPOS="3587" WIDTH="942" HEIGHT="54">
						<String ID="P27_ST00168" HPOS="1757" VPOS="3591" WIDTH="160" HEIGHT="43" CONTENT="Echos," WC="0.99" CC="302004"/>
						<SP ID="P27_SP00137" HPOS="1917" VPOS="3634" WIDTH="41"/>
						<String ID="P27_ST00169" HPOS="1958" VPOS="3590" WIDTH="347" HEIGHT="46" CONTENT="Informations," WC="1.00" CC="0030000004064"/>
						<SP ID="P27_SP00138" HPOS="2305" VPOS="3636" WIDTH="41"/>
						<String ID="P27_ST00170" HPOS="2346" VPOS="3587" WIDTH="353" HEIGHT="54" CONTENT="Bibliographie," WC="0.99" CC="63006070904207"/>
					</TextLine>
				</TextBlock>
				<ComposedBlock ID="P27_CB00001" HPOS="324" VPOS="591" WIDTH="1477" HEIGHT="1335" STYLEREFS="TXT_4 PAR_LEFT" TYPE="Illustration">
					<GraphicalElement ID="P27_CB00001_SUB" HPOS="324" VPOS="591" WIDTH="1477" HEIGHT="1335"/>
				</ComposedBlock>
			</PrintSpace>
		</Page>
	</Layout>
</alto>
