3413 4368
2748 3811 69 56 89

1908 452 162 59 Foyer
2107 449 266 58 Masaryk,
2409 452 29 44 à
2477 447 225 58 Prague.

1911 540 254 45 Architecte
2195 557 8 25 :
2232 540 36 41 B.
2297 536 142 50 Kozak,
2468 539 82 51 ing.

1918 1156 89 41 Une
2029 1171 81 25 vue
2132 1150 268 45 d'ensemble
2424 1152 108 54 prise
2554 1147 53 43 du
2631 1147 174 43 sud-est.

1918 2538 182 56 Croquis
2128 2535 297 57 schématique
2452 2535 172 54 d'après
2653 2534 35 42 le
2717 2534 91 55 plan

1917 2612 174 55 général
2147 2611 340 56 d'implantation
2544 2608 77 44 des
2673 2608 136 43 divers

1919 2689 245 41 bâtiments.

432 3148 51 41 Le
512 3148 130 54 Foyer
668 3144 203 58 Mazaryk,
899 3144 102 43 dans
1029 3142 32 44 la
1089 3142 195 44 banlieue
1308 3141 57 43 de
1393 3143 169 52 Prague,
1590 3144 66 37 est
1681 3155 91 26 sans
1798 3136 136 44 doute
1962 3134 47 68 le
2032 3134 24 68 „
2079 3134 141 68 centre
2246 3134 131 68 social
2399 3134 22 68 ”
2443 3134 43 68 le
2513 3134 85 57 plus
2623 3134 183 55 complet

431 3221 221 55 d'Europe,
694 3226 46 36 et
773 3217 449 45 vraisemblablement
1258 3216 35 43 le
1331 3215 83 57 plus
1449 3221 132 41 vaste,
1624 3212 186 58 puisqu'il
1848 3230 157 25 couvre
2043 3229 81 25 une
2157 3210 229 57 superficie
2422 3210 57 43 de
2524 3214 41 38 18
2603 3209 65 44 ha.
2707 3210 85 41 Envi-

434 3300 128 39 ronné
596 3296 57 42 de
685 3312 264 39 campagnes
982 3300 46 37 et
1059 3293 56 43 de
1150 3293 100 47 bois,
1286 3291 18 43 il
1337 3308 167 38 occupe
1539 3307 78 25 une
1652 3291 195 39 situation
1884 3286 389 57 d'exceptionnelle
2308 3285 213 44 salubrité.
2558 3287 51 40 Le
2644 3283 169 44 schéma

433 3371 202 43 ci-dessus
667 3389 50 25 en
751 3370 141 43 donne
925 3369 56 43 les
1012 3369 267 55 dispositions
1311 3365 237 56 générales.
1584 3382 7 25 :
1625 3365 33 47 E,
1689 3367 152 39 entrée
1872 3362 231 57 principale
2132 3369 47 36 et
2206 3364 311 52 conciergerie;
2550 3362 40 46 D,
2623 3358 168 44 adminis-

432 3450 171 44 tration;
636 3449 47 45 A,
720 3446 228 43 bâtiments
979 3444 77 43 des
1085 3442 221 47 vieillards;
1343 3443 31 46 L,
1410 3442 228 41 bâtiments
1662 3439 77 42 des
1762 3442 117 39 vieux
1907 3442 222 50 ménages;
2155 3438 49 48 C,
2233 3437 210 43 bâtiment
2468 3434 213 49 récréatif,
2709 3451 105 26 avec

433 3522 99 43 salle
560 3522 56 43 de
646 3520 237 57 spectacle;
917 3523 31 45 B,
983 3520 227 42 bâtiments
1240 3518 76 42 des
1347 3515 203 48 malades;
1584 3516 32 46 F,
1649 3517 183 39 services
1863 3517 230 51 généraux;
2129 3515 48 46 H,
2211 3511 254 47 chaufferie;
2498 3511 52 47 G,
2587 3510 227 43 bâtiments

433 3598 77 44 des
542 3597 184 48 enfants;
758 3598 37 47 J,
831 3596 211 43 bâtiment
1071 3595 56 42 de
1160 3610 125 40 repos
1318 3598 46 37 et
1394 3591 56 44 de
1482 3590 291 43 délassement
1807 3588 218 58 physique,
2063 3591 228 40 environné
2324 3587 57 43 de
2414 3589 175 41 terrains
2623 3584 56 44 de
2694 3587 119 55 jeux,

436 3677 169 52 piscine,
633 3678 88 42 etc;
751 3673 54 47 M,
833 3670 209 57 chapelle.
