2988 3048
1513 2473 70 73 26

936 1331 433 36 MITTHEILUNGEN
1401 1334 99 35 DER
1526 1334 347 35 VEREINIGUNG
1898 1335 280 35 BILDENDER

1234 1387 277 43 KÜNSTLER
1538 1386 349 44 ÖSTERREICHS

1176 1574 57 28 Als
1255 1577 54 26 wir
1334 1577 41 25 im
1397 1575 146 35 Frühling
1570 1575 91 29 dieses
1679 1575 105 35 Jahres
1811 1576 47 29 die
1883 1575 92 29 erfreu-

1117 1613 78 28 liche
1210 1613 171 29 Nachricht
1396 1625 61 17 von
1476 1614 66 28 dem
1563 1625 118 25 grossen
1697 1615 120 36 Erfolge
1836 1614 155 34 brachten,

1118 1652 57 28 den
1185 1652 47 28 die
1240 1652 200 36 Ausstellung
1450 1653 60 28 und
1521 1653 47 28 die
1577 1653 234 36 Versteigerung
1822 1655 49 28 der
1878 1654 113 28 Werke

1118 1689 144 30 Theodor
1273 1702 61 17 von
1346 1692 174 28 Hörmanns
1532 1692 95 34 hatte,
1642 1693 134 28 konnten
1789 1704 52 17 wir
1852 1693 139 36 zugleich

1117 1729 92 29 schon
1235 1740 159 25 anzeigen,
1423 1731 66 29 dass
1519 1731 47 29 die
1587 1732 125 28 Wittwe
1740 1743 118 18 unseres
1886 1737 104 24 treuen

1118 1769 306 35 Kampfesgenossen,
1444 1770 80 27 Frau
1546 1770 99 28 Laura
1667 1782 61 17 von
1751 1771 170 34 Hörmann,
1944 1771 46 29 die

1117 1808 47 28 für
1193 1819 104 18 unsere
1326 1808 208 36 Vereinigung
1563 1809 67 28 sehr
1660 1809 171 29 ehrenvolle
1860 1810 130 29 Absicht

1117 1847 91 35 hege,
1243 1857 85 19 einen
1357 1847 313 36 Lieblingsgedanken
1701 1849 77 29 ihres
1807 1854 183 31 verewigten

1118 1886 162 28 Gemahles
1303 1886 223 30 aufzunehmen
1541 1888 61 28 und
1617 1898 31 17 in
1662 1888 213 36 hochsinniger
1889 1889 101 28 Weise

1117 1936 65 18 eine
1203 1925 134 36 Stiftung
1360 1935 37 20 zu
1419 1925 245 30 Kunstzwecken
1685 1937 38 19 zu
1745 1927 154 29 errichten*
1941 1927 49 29 Sie

1116 1965 101 28 wollte
1239 1964 94 29 damit
1354 1964 84 29 nicht
1467 1976 56 17 nur
1552 1965 67 29 dem
1640 1966 113 34 Mann,
1783 1967 67 28 dem
1879 1977 42 18 sie
1949 1969 41 25 im

1116 2004 100 28 Leben
1237 2009 65 23 treu
1323 2014 52 19 zur
1390 2003 79 29 Seite
1485 2004 163 36 gestanden
1663 2005 96 33 hatte,
1781 2008 46 26 ein
1843 2006 146 35 würdiges

1116 2043 153 28 Denkmal
1298 2048 114 28 setzen,
1441 2043 127 29 sondern
1594 2055 55 17 vor
1675 2044 87 28 allem
1792 2044 56 29 den
1879 2056 110 24 jungen

1117 2082 277 34 emporstrebenden
1404 2082 174 34 Künstlern,
1590 2083 46 28 die
1645 2083 47 28 für
1701 2083 64 29 ihre
1775 2083 214 37 Schöpfungen

1116 2121 47 29 die
1184 2121 152 29 verdiente
1351 2121 231 36 Anerkennung
1602 2122 83 28 nicht
1708 2123 150 35 gefunden
1879 2123 110 33 haben,

1116 2163 65 25 eine
1202 2160 131 36 kräftige
1355 2160 174 36 Förderung
1551 2161 186 35 angedeihen
1758 2162 106 28 lassen*
1899 2162 89 28 Diese

1115 2199 136 36 Stiftung
1271 2202 37 25 ist
1329 2210 62 18 nun
1412 2199 166 35 geschehen
1595 2200 59 28 und
1670 2200 54 28 hat
1739 2212 50 16 am
1805 2203 28 26 7*
1844 2201 61 34 Juli
1921 2201 27 28 d*
1960 2202 28 34 J*

1115 2239 35 27 Z*
1171 2240 56 27 578
1231 2240 36 27 99
1289 2238 47 29 die
1358 2238 234 35 Genehmigung
1613 2238 49 29 der
1684 2239 40 28 K*
1740 2240 41 27 K.
1803 2243 72 25 n*-ö*
1897 2240 77 29 Statt-

1115 2278 126 28 halterei
1258 2278 159 35 gefunden*
1449 2276 103 29 Indem
1563 2280 53 25 wir
1627 2289 118 17 unserer
1756 2279 232 36 Genugthuung

1116 2317 125 28 darüber
1270 2316 154 29 lebhaften
1449 2316 164 29 Ausdruck
1643 2316 109 36 geben,
1781 2317 124 37 bringen
1935 2321 53 27 wir

1116 2356 120 28 hiermit
1258 2356 56 28 den
1329 2355 101 29 Inhalt
1453 2356 49 28 des
1517 2354 191 31 Stiftsbriefes
1727 2367 51 19 zur
1793 2357 195 29 öffentlichen

1116 2395 174 29 Kenntniss*

339 552 274 24 BUCHSCHMUCK

433 591 81 24 VON

351 630 122 24 ADOLF
491 624 105 30 BÖHM
