2973 3048
1397 2476 74 75 27

1186 476 958 62 WIDMUNGSURKUNDE

1001 762 139 29 nlässlich
1162 762 49 28 des
1223 761 167 35 Jubiläums
1411 761 50 29 der
1476 762 178 36 50jährigen
1669 763 173 37 Regierung
1858 765 99 29 Seiner
1975 767 144 35 Majestät
2142 769 49 29 des
2213 771 121 30 Kaisers

1001 803 94 28 Franz
1107 801 82 36 Josef
1202 800 23 29 L
1246 801 70 28 sehe
1337 800 48 29 ich
1406 800 79 29 mich
1506 804 41 25 im
1561 801 90 29 Sinne
1665 805 110 26 meines
1796 804 128 36 seeligen
1940 805 123 35 Gatten,
2079 807 98 30 Herrn
2189 808 145 31 Theodor

1000 852 61 18 von
1076 841 167 32 Hörmann,
1258 839 206 29 Kunstmalers
1485 842 31 25 in
1645 842 176 33 veranlasst,
1836 846 64 25 eine
1912 842 165 35 „Theodor
2088 858 60 17 von
2162 848 151 29 Hörmann-

1000 880 68 29 sche
1084 880 106 28 Kaiser
1205 879 95 29 Franz
1311 878 83 35 Josef
1407 878 23 28 I.
1444 878 336 38 Jubiläums-Stiftung”
1794 881 107 30 behufs
1916 883 171 37 Förderung
2102 886 231 34 hauptsächlich

1000 917 251 31 österreichischer
1265 918 98 28 Maler
1378 927 35 20 zu
1432 917 170 36 begründen
1615 919 62 28 und
1691 920 108 28 widme
1819 931 38 19 zu
1879 921 108 30 diesem
2002 923 127 30 Zwecke
2151 925 56 28 den
2222 926 110 37 Betrag

1000 969 61 18 von
1082 959 99 27 20000
1201 957 33 28 fl.
1317 967 72 25 sage
1409 956 272 36 Zwanzigtausend
1707 958 118 30 Gulden
1904 964 91 26 sowie
2017 963 46 28 die
2082 963 106 29 Hälfte
2210 964 48 29 des
2282 966 34 28 Er-

1000 998 74 28 löses
1091 997 49 28 der
1154 999 30 26 in
1200 996 49 29 der
1263 996 121 35 Beilage
1399 996 224 29 verzeichneten
1632 997 99 28 Bilder
1750 1008 53 19 aus
1819 999 66 29 dem
1895 1000 171 30 Nachlasse
2079 1005 110 27 meines
2203 1004 130 37 seeligen

1001 1036 121 29 Gatten.

1060 1075 58 28 Die
1144 1074 198 35 Verwaltung
1368 1073 92 29 dieser
1484 1072 133 37 Stiftung
1647 1074 112 37 obliegt
1792 1080 95 26 einem
1918 1090 53 17 aus
2002 1080 68 28 fünf
2098 1080 164 31 Künstlern
2283 1083 34 30 be-

1002 1114 160 30 stehenden
1184 1113 200 28 Curatorium.
1426 1113 56 28 Als
1504 1112 45 29 die
1571 1118 94 24 ersten
1688 1113 165 31 Curatoren
1875 1128 127 19 ernenne
2022 1119 49 28 ich
2093 1120 47 29 die
2162 1121 127 30 Herren:

1055 1152 121 37 JOSEF
1204 1150 282 34 ENGELHART,
1519 1151 195 30 Kunstmaler
1738 1157 32 25 in
1794 1155 89 29 Wien
1908 1156 68 35 111.,
2007 1157 169 38 Steingasse
2206 1163 45 32 13,
2278 1164 55 26 mit

1100 1194 34 26 10
1140 1191 127 36 jähriger
1281 1190 253 28 Functionsdauer
1539 1201 9 22 ;

1057 1229 174 30 RUDOLF
1260 1229 185 33 BACHER,
1474 1229 193 30 Kunstmaler
1696 1242 30 18 in
1752 1233 89 29 M7ien
1866 1234 64 34 HL,
1955 1235 235 38 Mathäusgasse
2221 1242 29 31 6,
2278 1244 54 25 mit

1096 1269 150 36 9jähriger
1267 1267 266 34 Functionsdauer;

1057 1308 114 29 CARL
1182 1307 129 32 MOLL,
1325 1306 192 28 Kunstmaler
1528 1309 31 25 in
1570 1307 89 29 Wien
1670 1309 68 34 IV.,
1748 1308 306 41 Theresianumgasse
2069 1317 28 32 6,
2112 1318 54 27 mit
2181 1319 17 26 8
2205 1317 126 37 jähriger

1096 1348 22 27 F
1121 1345 240 33 unctionsdauer;

1057 1385 196 29 FELICIAN
1268 1383 156 29 BARON
1440 1384 230 35 MYRBACH,
1684 1387 151 30 Professor
1849 1392 31 25 in
1895 1390 89 30 Wien
1998 1392 50 34 11.,
2062 1393 210 31 Praterstrasse
2282 1399 48 31 33,

1094 1428 54 25 mit
1170 1426 17 26 7
1195 1423 127 35 jähriger
1344 1422 266 37 Functionsdauer;

1056 1461 145 30 ERNST
1230 1455 159 39 STÖHR,
1411 1461 193 31 Kunstmaler
1624 1466 31 26 in
1677 1464 43 30 St.
1742 1466 121 34 Johann
1885 1479 48 18 am
1947 1469 182 31 Wocheiner
2147 1472 65 34 See,
2234 1473 76 30 Ober-

1095 1502 97 31 krain,
1213 1504 54 24 mit
1285 1502 17 26 6
1308 1499 126 37 jähriger
1455 1500 265 33 Functionsdauer.

1056 1541 57 27 Die
1141 1540 181 34 Ernennung
1345 1538 49 29 der
1418 1542 31 25 in
1470 1540 134 36 Wegfall
1629 1542 201 31 kommenden
1854 1546 172 37 Mitglieder
2051 1549 50 30 des
2123 1550 206 32 Curatoriums

997 1579 118 29 behalte
1149 1578 48 28 ich
1230 1578 47 28 für
1310 1580 96 26 meine
1440 1578 172 32 Lebenszeit
1648 1593 55 18 vor
1737 1587 92 26 sowie
1861 1587 78 28 auch
1974 1588 48 28 die
2053 1588 194 38 Festsetzung
2279 1592 50 28 der

997 1616 253 30 Functionsdauer
1284 1616 160 29 derselben.
1478 1618 93 29 Nach
1601 1623 127 27 meinem
1749 1621 88 31 Tode
1858 1625 107 36 erfolgt
2001 1626 46 29 die
2076 1628 180 37 Ergänzung
2280 1630 48 29 des

997 1657 202 28 Curatoriums
1225 1655 92 28 durch
1342 1656 92 28 Wahl
1464 1656 112 31 Seitens
1610 1659 50 29 der
1692 1661 175 30 Curatoren.
1908 1664 53 29 Bei
1991 1665 92 29 dieser
2107 1667 60 28 Art
2200 1668 50 29 der
2278 1669 34 29 Er-

997 1698 138 33 gänzung
1152 1694 49 29 des
1217 1694 204 30 Curatoriums
1439 1701 78 24 setze
1536 1697 48 29 ich
1605 1698 43 29 als
1663 1698 256 33 Functionsdauer
1941 1704 76 34 jedes
2039 1705 142 30 Curators
2202 1709 19 26 5
2238 1708 91 34 Jahre

995 1735 56 28 fest
1072 1734 61 28 und
1154 1733 163 33 bestimme,
1339 1734 66 29 dass
1431 1737 46 26 ein
1494 1736 127 30 Curator
1643 1737 47 30 bei
1709 1742 94 27 seiner
1817 1741 173 37 Bestellung
2004 1743 84 28 nicht
2102 1744 71 29 über
2188 1748 37 26 45
2237 1747 91 34 Jahre

996 1773 41 29 alt
1057 1775 62 26 sein
1141 1772 93 28 dürfe.
1275 1772 58 29 Die
1354 1773 93 28 Wahl
1470 1785 39 18 an
1529 1775 90 30 Stelle
1648 1777 49 29 des
1726 1781 31 26 in
1780 1780 133 35 Wegfall
1941 1781 217 36 gekommenen
2188 1784 140 30 Curators

995 1811 106 36 erfolgt
1123 1810 91 29 durch
1236 1811 46 28 die
1302 1813 208 29 sämmtlichen
1531 1814 123 37 übrigen
1677 1817 165 30 Curatoren
1861 1822 55 25 mit
1936 1820 304 32 Stimmenmehrheit.

1053 1850 58 28 Die
1132 1849 165 29 Curatoren
1326 1851 119 29 wählen
1475 1864 52 17 aus
1557 1854 77 29 ihrer
1656 1856 90 29 Mitte
1775 1859 86 27 einen
1887 1858 218 31 Vorsitzenden
2134 1862 61 29 und
2226 1863 102 29 dessen

995 1889 212 28 Stellvertreter
1231 1889 61 29 und
1314 1890 106 35 gehört
1445 1901 51 19 zur
1527 1892 160 37 Giltigkeit
1713 1898 78 26 einer
1819 1896 281 40 Beschlussfassung
2126 1901 49 29 des
2201 1902 108 29 Curato-

994 1930 88 26 riums
1104 1927 46 29 die
1170 1927 215 31 Anwesenheit
1406 1941 61 17 von
1488 1932 177 30 mindestens
1688 1933 60 29 drei
1768 1935 165 29 Curatoren
1953 1937 78 28 nach
2056 1939 138 36 erfolgter
2212 1941 101 29 schrift-

993 1967 90 28 licher
1098 1967 170 36 Einladung
1284 1969 202 28 sämmtlicher
1507 1970 172 37 Mitglieder
1700 1973 92 29 durch
1814 1974 57 28 den
1896 1975 217 32 Vorsitzenden
2135 1979 69 29 oder
2226 1980 102 30 dessen

993 2005 222 30 Stellvertreter.

1052 2045 60 29 Der
1133 2045 151 29 erwähnte
1305 2046 111 29 Zweck
1437 2047 91 29 dieser
1542 2047 134 38 Stiftung
1696 2051 55 28 soll
1772 2052 53 28 auf
1846 2053 222 31 nachstehende
2082 2057 101 30 Weise
2204 2061 124 29 erreicht

992 2084 132 28 werden:

1052 2123 57 29 Die
1139 2123 162 35 jährlichen
1328 2124 162 30 Interessen
1521 2126 49 30 des
1598 2128 195 35 gewidmeten
1817 2130 134 36 Capitals
1972 2134 94 28 sollen
2090 2145 69 20 zum
2178 2137 149 31 Ankäufe

994 2164 77 27 eines
1099 2163 69 28 oder
1192 2163 145 30 mehrerer
1361 2164 99 30 Bilder
1484 2167 170 28 verwendet
1683 2168 127 29 werden.
1853 2170 56 29 Die
1941 2172 225 40 Entscheidung
2192 2177 135 35 darüber,

993 2202 125 29 welches
1134 2202 66 29 Bild
1223 2214 35 17 an
1263 2203 126 36 gekauft
1411 2204 116 30 werden
1549 2206 65 33 soll,
1636 2207 157 37 unterliegt
1808 2209 50 29 der
1872 2209 281 42 Beschlussfassung
2168 2216 50 29 des
2234 2217 75 30 Cura-

993 2244 133 31 toriums,
1150 2242 75 28 doch
1249 2242 118 30 behalte
1388 2244 49 28 ich
1459 2247 69 31 mir,
1560 2245 122 36 solange
1711 2246 48 29 ich
1791 2247 78 35 lebe,
1899 2250 47 29 die
1971 2251 235 41 Genehmigung
2235 2257 92 30 dieser

994 2280 185 30 Beschlüssse
1201 2292 64 23 vor,
1287 2283 79 28 ohne
1386 2284 112 28 welche
1520 2284 49 28 der
1589 2284 131 30 Ankauf
1739 2287 84 28 nicht
1844 2289 133 36 erfolgen
1999 2291 74 31 darf.

1051 2320 73 29 Was
1146 2320 47 29 die
1207 2321 93 28 Wahl
1322 2322 48 28 des
1392 2322 251 31 anzukaufenden
1663 2324 98 30 Bildes
1782 2326 125 36 betrifft,
1926 2340 33 18 so
1981 2331 75 35 gebe
2076 2333 48 28 ich
2147 2334 66 29 dem
2234 2336 75 29 Cura-

993 2364 109 23 torium
1122 2359 220 29 nachstehende
1364 2361 163 29 Dhective:

953 2400 36 23 TB
1051 2399 62 28 Das
1138 2399 67 28 Bild
1229 2411 78 16 muss
1333 2402 40 25 im
1398 2399 90 30 Sinne
1512 2405 109 26 meines
1646 2404 210 30 verstorbenen
1880 2407 128 36 Gatten,
2036 2417 78 24 ernst
2139 2412 188 35 individuell,

2386 487 270 25 BUCHSCHMUCK

2482 527 81 24 VON

2401 565 120 23 ADOLF
2540 559 104 30 BÖHM
