2988 3048
1514 2497 71 72 28

654 492 65 29 fern
742 503 63 17 von
823 491 292 36 Nachempfindung
1138 492 59 28 und
1213 491 232 36 Nachahmung
1467 491 62 29 und

655 543 63 17 von
746 533 63 27 rein
840 530 246 30 künstlerischem
1115 530 142 30 Interesse
1288 533 71 27 sein*
1407 530 122 30 Hierbei

654 571 66 30 sind
750 570 47 28 die
825 569 99 29 Bilder
953 581 61 18 von
1043 570 179 33 Künstlern,
1252 570 46 29 die
1329 570 63 29 sich
1421 570 106 29 bereits

655 612 86 26 einen
757 609 122 29 Namen
895 609 140 36 gemacht
1050 609 110 34 haben,
1181 609 84 29 nicht
1287 619 37 20 zu
1339 609 172 29 berücksich-

655 651 96 33 tigen;
782 648 144 29 vielmehr
954 660 55 17 vor
1031 649 102 28 Allem
1163 649 47 28 die
1230 649 100 28 Bilder
1360 651 72 33 jung
1463 649 49 27 auf-

655 687 168 29 strebender
844 688 109 34 Maler,
978 688 114 29 welche
1113 688 47 28 für
1181 687 64 29 ihre
1266 687 100 29 Bilder
1392 687 46 29 die
1463 698 49 18 ver-

656 726 99 29 diente
775 726 231 37 Anerkennung
1032 727 83 28 nicht
1141 727 152 35 gefunden
1318 726 114 34 haben,
1461 738 51 17 vor-

656 766 120 36 züglich
797 777 38 19 zu
856 766 273 36 berücksichtigen*
1170 766 99 29 Bilder
1291 766 50 28 der
1362 766 166 28 Curatoren

656 804 104 30 dürfen
790 806 144 28 während
963 806 88 28 deren
1080 805 258 29 Functionsdauer
1367 805 83 29 nicht
1477 816 34 17 an-

657 845 126 36 gefcauft
804 845 128 28 werden*

714 884 58 28 Die
793 884 169 28 Curatoren
982 884 66 29 sind
1069 884 84 28 nicht
1174 883 201 35 verpflichtet,
1396 893 52 20 zur
1463 883 44 28 An-

654 923 161 36 schaffung
842 926 78 26 eines
941 923 98 29 Bildes
1066 923 46 28 die
1138 923 164 28 Interessen
1328 925 77 26 eines
1423 922 105 35 Jahres

655 973 36 19 zu
721 962 194 34 verwenden,
949 962 145 29 vielmehr
1124 962 123 28 können
1277 961 251 29 ausnahmsweise

655 1001 78 29 auch
756 1001 47 29 die
825 1002 254 35 angesammelten
1101 1003 16 25 2
1125 1000 134 36 jährigen
1277 1000 162 29 Interessen
1461 1010 68 19 zum

655 1041 149 27 Ankäufe
826 1043 79 25 eines
927 1039 99 29 Bildes
1047 1038 172 29 verwendet
1241 1039 128 28 werden*

714 1079 38 29 Es
774 1082 37 25 ist
832 1079 85 28 nicht
939 1078 255 35 ausgeschlossen,
1216 1077 67 28 dass
1304 1077 53 28 das
1372 1077 138 29 anzukau-

655 1118 87 28 fende
757 1118 67 28 Bild
846 1129 61 17 von
929 1120 96 25 einem
1040 1116 228 29 ausländischen
1282 1115 99 29 Maler
1394 1120 135 28 stamme,

655 1157 79 29 doch
760 1157 65 28 sind
851 1155 242 29 österreichische
1114 1155 98 28 Maler
1236 1154 161 36 möglichst
1423 1165 36 19 zu
1481 1154 32 28 be-

655 1206 164 25 vorzugen*
861 1195 58 28 Die
940 1195 207 35 angekauften
1169 1194 98 29 Bilder
1288 1194 66 29 sind
1378 1193 78 29 nach
1478 1193 34 29 Er-

655 1245 115 18 messen
803 1234 49 29 des
887 1234 204 28 Curatoriums
1126 1233 148 29 entweder
1311 1236 80 26 einer
1423 1233 105 29 bereits

655 1273 201 29 bestehenden
892 1273 194 29 öffentlichen
1119 1273 119 29 Galerie
1273 1273 70 29 oder
1379 1275 78 26 einer
1491 1283 37 20 zu

656 1313 194 36 gründenden
872 1313 119 28 Galerie
1011 1313 214 30 zuzuwenden*

716 1352 80 28 Über
818 1352 47 29 die
879 1352 94 29 Wahl
996 1353 49 28 der
1065 1353 129 33 Galerie,
1215 1352 127 28 welcher
1363 1352 52 28 das
1438 1363 72 24 ange-

655 1391 107 29 kaufte
776 1391 67 29 Bild
858 1391 195 36 zugewendet
1067 1391 85 34 wird,
1171 1391 181 29 entscheidet
1368 1391 52 29 das
1436 1391 74 28 Cura-

656 1433 110 26 torium
799 1430 78 29 nach
912 1431 56 29 den
1002 1431 76 28 oben
1111 1430 214 36 angegebenen
1358 1430 169 34 Principien

655 1470 124 29 mittelst
801 1470 167 28 Beschluss*

711 1509 85 34 Jedes
818 1520 61 17 von
895 1508 67 29 dem
977 1509 94 29 Gelde
1086 1509 93 28 dieser
1193 1508 133 35 Stiftung
1343 1508 185 35 angekaufte

1577 491 69 29 Bild
1667 502 79 18 muss
1767 491 131 29 sichtbar
1920 491 56 29 den
1997 490 83 30 Titel
2102 491 166 35 „Theodor
2290 504 61 17 von
2370 492 59 29 Hör-

1577 530 173 29 mann'sche
1765 531 108 29 Kaiser
1883 531 95 30 Franz
1986 531 82 35 Josef
2078 531 23 29 I*
2113 531 335 37 Jubiläums-Stiftung”

1577 575 116 30 tragen*

1636 609 63 28 Das
1730 609 49 29 der
1802 609 134 36 Stiftung
1966 610 177 35 gewidmete
2171 610 174 36 Vermögen
2375 610 73 29 wird

1576 651 31 25 in
1628 648 46 35 4°/
1678 669 11 16 o
1695 651 69 33 igen
1787 651 101 26 österr*
1910 649 228 29 Kronenrenten
2160 650 154 35 angelegt,
2335 649 113 29 welche

1575 687 48 28 für
1645 687 77 28 diese
1743 687 133 36 Stiftung
1898 688 157 29 vinculiert
2076 687 118 30 werden
2215 691 127 27 müssen*

1635 726 59 28 Die
1708 726 228 36 Werthpapiere
1956 727 89 29 selbst
2059 727 118 29 bleiben
2191 731 31 25 in
2237 728 211 36 Verwahrung

1578 765 49 29 des
1649 765 219 30 Vorsitzenden
1891 767 50 28 der
1963 767 175 28 Curatoren*

1636 805 59 28 Die
1724 807 30 26 in
1784 805 50 29 der
1856 805 122 36 Beilage
2007 806 228 29 verzeichneten
2256 806 98 29 Bilder
2383 807 65 28 sind

1577 843 79 29 nach
1681 844 153 28 Ermessen
1860 844 49 28 des
1932 845 203 28 Curatoriums
2161 845 155 29 innerhalb
2344 849 104 26 zweier

1573 883 91 35 Jahre
1707 893 37 20 zu
1782 883 181 34 verkaufen,
2004 885 158 35 widrigens
2204 884 47 29 die
2291 885 155 29 innerhalb

1577 922 92 29 dieses
1702 922 183 29 Zeitraumes
1914 922 83 29 nicht
2033 923 181 29 verkauften
2249 923 99 29 Bilder
2381 925 66 28 dem

1577 961 269 36 Stiftungszwecke
1869 967 146 31 entzogen
2036 963 128 28 werden*
2199 963 61 28 Der
2282 963 148 29 Verkaufs-

1578 1000 73 28 erlös
1683 1000 49 28 der
1764 1001 98 28 Bilder
1897 1004 37 26 ist
1966 1002 166 35 gleichfalls
2167 1005 32 25 in
2229 1001 47 37 4°/
2279 1023 10 15 0
2295 1005 84 33 igen,
2411 1013 36 19 zu

1577 1039 251 33 vinculierenden,
1838 1043 101 25 österr*
1946 1041 228 28 Kronenrenten
2183 1052 37 19 zu
2229 1041 218 29 fructificieren*

1577 1077 50 27 Bis
1657 1087 36 19 zu
1724 1077 109 28 diesem
1858 1078 183 34 Zeitpunkte
2070 1079 116 29 bleiben
2215 1080 46 29 die
2290 1080 99 29 Bilder
2417 1084 31 25 in

1578 1115 211 36 Verwahrung
1812 1116 49 28 des
1884 1117 214 29 Curatoriums*

1637 1154 59 28 Für
1721 1154 46 28 die
1789 1154 134 36 Stiftung
1950 1156 73 28 wird
2050 1157 49 27 der
2120 1157 197 29 Vorsitzende
2338 1160 30 25 in
2391 1158 38 28 Ge-

1577 1193 177 28 meinschaft
1780 1196 53 26 mit
1860 1196 95 26 einem
1980 1194 158 36 Mitgliede
2168 1195 49 28 des
2244 1196 203 30 Curatoriums

1577 1232 154 30 zeichnen*

1637 1272 146 29 Urkunde
1818 1273 102 28 dessen
1954 1275 97 26 meine
2086 1273 136 29 notariell
2257 1273 191 37 beglaubigte

1577 1312 174 36 Fertigung*

1635 1430 175 34 Innsbruck,
1832 1442 48 17 am
1905 1433 44 26 19*
1967 1431 71 34 Juni
2064 1433 72 26 1899

1891 1508 151 29 LAURA
2066 1512 80 23 VON
2168 1502 237 36 HÖRMANN

329 2343 272 23 BUCHSCHMUCK

423 2382 80 24 VON

341 2422 121 23 ADOLF
481 2415 105 30 BÖHM
