2973 3048
1328 2490 72 73 11

487 472 31 28 in
539 468 432 35 historisch-philosophischen
1000 468 114 33 Zeiten,
1144 471 71 28 alles

488 515 60 29 und
584 515 142 31 Können,
763 512 69 28 alles
867 511 128 29 Denken
1029 510 60 29 und
1124 510 142 30 Schaffen
1301 512 53 28 auf

488 556 186 32 papierenem
708 551 102 29 Boden
846 550 171 35 gestanden*
1078 549 103 29 Dieser
1214 551 139 28 moderne

487 593 83 28 Geist
592 592 53 28 hat
666 591 84 28 mehr
771 590 41 28 als
833 589 145 30 fünfzehn
1004 589 91 34 Jahre
1123 601 55 17 vor
1200 590 72 28 sich*
1314 590 38 28 Er

486 631 54 28 hat
561 633 64 25 eine
645 640 75 17 neue
741 629 100 27 Kunst
864 627 182 36 angebahnt,
1068 628 46 28 die
1135 628 106 28 ebenso
1263 629 88 35 lange

486 670 110 28 dauern
612 667 60 29 und
688 667 106 28 ebenso
810 667 76 28 viele
900 666 212 36 Wandlungen
1131 667 220 29 durchmachen

485 708 95 32 kann,
601 708 55 26 wie
679 705 46 28 die
746 706 68 28 alte*

543 759 189 29 Einstweilen
761 759 99 29 haben
889 762 53 26 wir
971 760 77 28 allen
1077 760 115 33 Grund,
1221 771 54 17 uns
1301 759 49 29 des

483 798 225 36 Augenblickes
744 809 38 20 zu
815 799 111 29 freuen*
983 800 60 27 Der
1078 797 271 36 durchschlagende

484 839 114 27 äussere
619 837 60 29 und
700 840 101 27 innere
821 838 104 36 Erfolg
945 841 37 25 ist
1004 840 46 26 ein
1072 838 122 32 Beweis,
1216 837 65 28 dass
1303 837 46 28 die

483 875 150 30 Sezession
665 877 110 36 gethan
805 878 64 33 hat,
898 888 61 18 was
988 880 31 25 in
1048 877 66 28 dem
1138 875 210 37 Augenblicke

483 915 112 35 gethan
617 915 118 29 werden
755 922 121 29 musste,
897 916 116 29 worauf
1034 916 50 28 der
1098 916 176 35 allgemeine
1291 915 39 27 Zu-

483 954 86 28 stand
592 954 49 28 der
662 955 115 29 Geister
799 955 191 37 gebieterisch
1011 954 189 36 hindrängte*
1235 954 34 28 In
1291 953 44 29 die-

482 1003 61 18 sem
565 993 91 29 Sinne
678 1005 61 18 war
769 995 47 29 die
844 995 151 30 Sezession
1025 997 47 26 ein
1095 994 252 35 Naturereignisse

483 1032 94 28 Unter
599 1033 123 29 Donner
745 1034 61 28 und
835 1034 77 30 Blitz
942 1033 60 29 und
1031 1033 121 29 starken
1180 1032 152 28 Erschütte-

482 1082 115 25 rungen
630 1075 71 34 ging
733 1073 45 28 die
809 1073 192 36 Erfrischung
1032 1084 55 17 vor
1118 1071 72 34 sich,
1222 1071 45 28 die
1296 1070 52 29 das

482 1110 165 29 Publikum
683 1114 69 33 jetzt
786 1115 30 26 in
851 1113 77 28 allen
963 1115 99 26 seinen
1097 1112 125 28 Nerven
1257 1112 90 33 spürt*

482 1149 34 28 In
538 1149 49 29 der
609 1149 96 36 That,
735 1151 90 29 dieses
846 1151 165 29 Publikum
1032 1153 37 26 ist
1093 1160 76 26 ganz
1198 1152 150 32 verjüngt,

482 1199 29 17 es
532 1191 36 26 ist
589 1189 108 29 wieder
719 1193 71 33 jung
812 1193 31 26 in
865 1193 99 26 seinen
993 1190 163 28 Interessen
1182 1188 60 28 und
1264 1187 67 29 Lieb-

481 1227 169 35 habereien,
680 1232 31 26 in
736 1229 50 29 der
806 1230 123 28 Wärme
951 1232 92 26 seiner
1064 1228 223 31 Parteinahme,
1316 1229 30 25 in

482 1269 92 27 seiner
603 1267 327 38 Aufnahmsfähigkeit
959 1268 61 28 und
1035 1287 32 9 **
1082 1287 8 8 *
1106 1266 154 29 Kauflust*
1309 1265 38 28 Es

480 1308 38 27 ist
539 1308 158 34 eigentlich
719 1318 69 19 zum
810 1307 144 34 Staunen,
983 1310 55 25 wie
1067 1306 84 29 rasch
1177 1316 29 17 es
1228 1305 49 27 der
1298 1304 32 28 Se-

480 1348 114 27 zession
611 1346 118 36 gelang,
744 1346 67 29 dem
825 1346 165 28 Publikum
1006 1345 45 29 die
1060 1345 113 35 Augen
1183 1355 38 19 zu
1233 1343 113 28 öffnen*

480 1384 104 29 Einem
605 1385 176 34 Publikum,
810 1385 125 29 welches
964 1396 31 17 so
1022 1383 169 30 ausserhalb
1213 1382 133 34 Europas

482 1423 152 36 geblieben
663 1435 72 23 war,
764 1424 66 29 dass
859 1423 248 29 bahnbrechende
1133 1421 142 29 Künstler
1297 1420 49 28 der

479 1462 132 31 Neuzeit
631 1463 64 28 ihm
716 1464 83 28 nicht
821 1466 130 33 weniger
972 1462 176 28 unbekannt
1166 1460 179 32 erschienen,

480 1502 43 27 als
544 1504 95 26 einem
661 1502 209 36 Congoneger*
911 1502 52 28 Ich
986 1499 161 30 übertreibe
1178 1498 95 33 nicht;
1303 1498 42 28 als

480 1543 96 25 einem
598 1541 105 36 Neger
724 1553 72 17 vom
826 1541 133 28 obersten
982 1539 145 29 Oberlauf
1156 1537 49 29 des
1227 1537 116 35 Congo*

480 1579 57 29 Die
559 1591 97 24 grosse
677 1581 112 35 Menge
811 1591 117 17 unserer
949 1577 175 30 Gebildeten
1153 1577 83 28 hatte
1258 1575 86 29 selbst

481 1618 45 28 die
548 1619 123 28 Namen
692 1619 147 33 Meunier,
860 1618 113 34 Rodin,
995 1617 204 34 Charpentier,
1220 1615 125 34 Dampt,

482 1657 130 34 Grasset,
634 1658 72 28 Van
728 1658 49 28 der
799 1657 105 32 Velde,
934 1658 26 33 J*
983 1656 49 29 W*
1058 1654 185 33 Alexander,
1272 1654 72 27 Van

478 1696 230 36 Rysselberghe,
738 1697 160 28 Baertsoen
920 1708 28 16 u*
971 1706 22 17 s*
1014 1695 21 27 f*
1065 1694 121 28 niemals
1209 1703 116 18 vernom-

479 1746 78 17 men*
599 1736 88 27 Diese
718 1746 93 25 ganze
843 1746 97 25 grosse
969 1744 74 18 neue
1067 1733 100 28 Kunst
1197 1742 61 18 war
1287 1731 55 28 den

478 1774 142 28 Wienern
650 1777 64 25 eine
743 1777 93 25 vierte
865 1774 177 28 Dimension
1073 1771 162 36 geblieben*
1277 1770 44 28 An-

477 1813 88 35 fangs
587 1813 177 28 versuchten
794 1816 39 25 sie
863 1813 78 27 nach
967 1812 73 28 alter
1060 1811 120 28 Wiener
1201 1809 58 29 Art
1281 1809 62 28 sich

478 1850 125 29 darüber
623 1851 309 36 hinwegzuscherzen*
973 1850 83 28 Aber
1083 1849 76 28 diese
1180 1849 100 35 Dinge
1302 1859 28 17 er-

478 1893 107 25 wiesen
607 1890 63 27 sich
695 1900 37 19 zu
761 1889 223 29 unabweislich*
1026 1889 38 27 Es
1084 1891 36 25 ist
1141 1890 31 25 in
1193 1887 91 28 ihnen

476 1940 52 17 um
550 1931 47 25 ein
620 1928 248 29 Bismarck'sches
897 1927 226 36 Lieblingswort
1153 1937 36 18 zu
1221 1925 105 37 gebrau-

477 1967 76 28 chen
633 1970 64 25 eine
943 1967 102 33 Kraft,
1074 1965 50 29 der
1153 1965 78 28 auch
1253 1965 89 28 Wien

477 2006 82 29 nicht
581 2006 188 29 widerstand*
810 2006 142 36 Anfangs
981 2005 100 29 schien
1102 2004 84 29 Alles
1216 2014 36 20 zu
1274 2015 69 21 neu,

477 2048 69 33 jetzt
567 2045 73 29 wird
662 2045 68 28 bald
752 2045 96 28 nichts
869 2045 84 28 mehr
974 2056 58 16 neu
1053 2055 100 25 genug
1175 2046 71 26 sein*
1277 2042 44 29 An-

476 2085 88 36 fangs
601 2090 120 30 vertrug
760 2095 71 18 man
870 2087 85 25 einen
989 2083 131 29 Besnard
1159 2083 69 28 oder
1262 2083 80 28 Zorn

476 2125 122 34 schwer,
620 2127 28 33 ja
671 2135 52 26 gar
744 2124 96 33 nicht;
869 2134 88 18 wenn
985 2122 46 29 die
1052 2122 289 36 Zorn-Ausstellung

476 2169 56 23 erst
554 2164 89 28 heute
664 2164 102 33 käme,
794 2162 90 29 fände
911 2165 39 26 sie
972 2162 81 29 wohl
1074 2163 84 28 mehr
1179 2161 145 30 Verständ-

476 2206 68 25 nisse
587 2204 63 28 Das
670 2202 164 29 Publikum
863 2205 37 25 ist
929 2201 103 30 bereits
1062 2213 32 17 so
1116 2204 68 26 weit
1206 2211 136 26 erzogen,

476 2242 66 29 dass
576 2241 90 30 Theo
701 2243 72 28 Van
807 2240 230 37 Rysselberghe,
1078 2240 50 29 der
1161 2243 54 26 mit
1249 2243 93 26 seiner

475 2281 223 30 Punktirkunst
728 2285 47 26 ein
800 2281 74 36 Jahr
901 2280 102 29 früher
1031 2283 31 26 in
1084 2279 49 29 der
1154 2279 170 29 Gartenbau-

476 2321 186 34 gesellschaft
684 2321 79 30 ohne
783 2321 121 29 Zweifel
934 2320 150 28 verhöhnt
1112 2318 120 30 worden
1252 2321 90 32 wäre,

475 2359 95 29 kaum
592 2361 79 28 noch
692 2364 118 33 einigen
831 2359 210 35 Widerspruch
1063 2363 120 32 erregte*
1215 2359 105 28 Bewun-

476 2397 62 29 dert
559 2400 101 29 wurde
682 2412 29 17 er
733 2401 61 29 und
815 2400 115 29 erzielte
952 2401 85 27 einen
1064 2398 177 29 förmlichen
1262 2397 60 29 Aus-

2366 566 190 28 TÄNZERIN

2332 483 122 25 FRANZ
2471 484 120 24 STUCK

2332 519 180 29 MÜNCHEN
2534 526 20 22 C
2567 526 28 22 M

2391 610 144 23 BRONZE
