3111 4371
2847 85 81 45 177

207 188 60 75 if
308 189 20 57 I
371 212 84 34 am
493 186 184 60 forced
716 202 52 44 to
808 185 148 76 reply
997 186 19 59 I
1056 186 134 59 have
1218 209 67 33 no
1313 186 177 58 notion

92 263 284 59 whatever.
457 263 42 58 If
538 263 21 58 I
599 287 90 51 say
728 263 142 59 what
909 263 19 58 I
956 261 141 60 think
1137 284 102 51 you
1266 259 109 61 will
1401 274 91 45 not

92 340 181 66 listen;
316 339 38 58 if
395 339 19 57 I
453 339 151 58 listen
644 339 225 75 perhaps
908 362 102 52 you
1037 338 110 59 will
1175 360 91 51 say
1300 335 141 60 what
1471 335 17 59 I

95 415 160 60 think.
336 416 102 58 But
479 416 19 58 I
537 414 210 61 believe
786 416 109 59 that
933 415 116 67 this,
1092 414 88 58 the
1219 428 133 44 most
1391 411 75 59 dif-

95 491 142 59 ficult
275 491 144 75 thing
457 491 177 59 which
673 494 218 57 remains
919 505 54 43 to
999 490 70 58 be
1100 489 233 59 decided
1360 503 133 43 must

95 567 71 59 be
206 567 186 59 settled
433 567 104 59 first
575 567 54 59 of
668 569 85 67 all,
796 567 40 59 if
883 592 91 34 our
1035 565 221 77 English
1295 565 198 60 Drama

95 642 107 60 and
241 644 165 76 Stage
448 669 87 33 are
575 659 54 43 to
669 645 161 75 begin
870 659 53 43 to
964 641 307 60 reestablish
1328 641 132 59 them-

96 719 187 59 selves.
343 720 160 58 After
542 719 108 58 that
687 720 71 58 be
787 717 252 68 decided,
1069 717 145 59 there
1239 741 89 35 are
1355 716 142 76 eight

96 819 59 34 or
212 797 122 58 nine
375 795 184 58 almost
617 819 57 34 as
733 795 217 60 difficult
1007 794 169 77 things
1222 808 53 43 to
1333 791 160 60 solve.

98 871 100 58 But
241 872 19 57 I
303 872 212 59 believe
555 871 98 58 this
695 886 50 43 to
787 872 70 57 be
898 870 85 59 the
1023 894 126 49 very
1187 868 116 59 first-

98 1565 269 81 THE
439 1562 266 81 OLD
779 1562 723 81 THEATRES

233 1679 173 81 OF
497 1679 846 81 PIACENZA.

103 1798 115 59 BY
263 1798 94 59 A.
408 1796 102 61 M.
560 1796 846 61 NASALI-ROCCA.

1440 1794 15 58 (
1456 1811 25 26 a
1482 1795 19 56 )

249 1971 360 47 TEATRO
669 1971 287 46 DELLE
1014 1970 361 46 SALINE.

104 2164 84 127 IN
230 2159 87 57 the
358 2156 201 60 middle
599 2179 125 52 ages
763 2156 146 59 there
955 2180 142 35 were
1144 2179 69 34 no
1251 2155 253 67 theatres;

185 2238 160 72 jousts
386 2234 105 58 and
532 2248 240 59 tourneys
813 2232 123 59 took
961 2232 132 59 their
1119 2231 170 75 place.
1357 2231 150 75 Only

101 2325 55 45 at
195 2311 89 59 the
325 2312 123 56 time
508 2310 54 57 of
622 2309 89 58 the
769 2309 360 59 Renaissance
1182 2333 144 34 were
1384 2307 123 74 they

100 2387 234 59 restored
394 2401 53 44 to
505 2386 132 57 their
696 2387 209 56 ancient
961 2385 224 58 honours
1244 2384 129 58 with
1417 2382 88 59 the

104 2462 197 60 revival
340 2462 54 57 of
433 2461 86 58 the
561 2461 186 57 classic
786 2461 208 67 drama;
1037 2460 106 59 and
1190 2459 123 76 they
1363 2483 143 34 were

107 2555 53 42 at
188 2540 96 58 the
324 2554 169 43 outset
531 2536 296 69 moveable,
869 2536 105 60 and
1034 2560 143 34 were
1237 2536 142 57 often
1418 2550 89 43 not

104 2617 76 59 for
220 2616 181 76 public
443 2639 94 35 use
576 2613 96 60 but
710 2613 77 59 for
825 2613 88 60 the
954 2616 196 72 private
1204 2611 271 60 embellish-

101 2709 144 43 ment
282 2692 54 59 of
376 2692 87 57 the
503 2691 192 58 houses
735 2691 55 58 of
828 2690 88 59 the
959 2705 193 63 gentiy.

216 2768 84 59 At
339 2767 265 59 Piacenza
644 2766 145 58 there
828 2768 44 56 is
913 2791 67 33 no
1020 2763 185 61 record
1251 2763 109 60 that
1406 2789 100 49 any

104 2845 128 59 such
270 2845 198 58 theatre
509 2843 202 60 existed
750 2842 77 60 till
869 2843 87 59 the
1003 2842 106 58 end
1156 2841 54 59 of
1248 2841 88 58 the
1384 2841 123 59 16th

103 2936 232 58 century.
415 2920 123 58 The
597 2935 133 43 most
787 2921 209 57 ancient
1053 2918 177 60 which
1275 2942 85 33 we
1401 2918 105 57 find

101 2994 262 61 recorded
404 3000 53 55 in
495 3019 94 35 our
629 2994 289 59 chronicles
978 2996 43 56 is
1073 2994 107 59 that
1218 2993 192 59 known
1450 3019 56 31 as

100 3076 88 58 the
230 3085 164 47 teatro
433 3073 141 59 delle
611 3072 209 67 Saline,
862 3072 233 58 because
1137 3069 227 60 beneath
1418 3069 88 60 the

100 3149 240 77 building
381 3174 110 34 was
531 3148 87 59 the
659 3147 298 75 depositary
997 3147 54 58 of
1091 3147 87 58 the
1218 3147 288 58 salmarino

103 3226 260 73 (sea-salt)
402 3224 180 60 which
621 3248 110 35 was
772 3223 225 60 situated
1037 3226 54 57 in
1130 3223 88 58 the
1258 3238 155 43 street
1453 3221 53 59 of

100 3304 88 59 the
253 3326 144 35 same
456 3325 171 43 name,
675 3301 107 59 and
842 3301 206 73 exactly
1107 3316 52 43 at
1211 3299 88 59 the
1352 3299 154 74 angle

107 3379 181 59 where
328 3402 121 36 now
476 3377 178 59 stands
682 3375 87 60 the
815 3378 142 58 Ccsa
997 3377 240 58 Fracassi
1275 3375 104 59 and
1420 3375 89 58 the

101 3458 96 57 site
223 3455 56 59 of
306 3454 88 60 the
423 3454 151 59 baths
594 3453 55 58 of
668 3453 89 60 the
780 3453 166 60 Hotel
1034 3454 175 57 Croce
1232 3452 213 59 Bianca.

103 3533 66 58 Its
212 3534 230 56 erection
482 3530 149 59 dates
691 3529 137 60 back
886 3544 54 45 to
993 3529 86 59 the
1140 3528 107 60 end
1307 3528 53 58 of
1420 3528 87 58 the

103 3608 260 60 aforesaid
402 3623 232 60 century,
674 3632 57 34 as
771 3609 43 57 is
855 3605 232 61 asserted
1128 3607 72 73 by
1238 3605 88 59 the
1360 3604 118 60 chro-

101 3687 162 58 nicler
291 3684 209 67 Boselli,
531 3685 141 66 who,
716 3684 169 58 under
923 3683 89 58 the
1051 3682 125 59 date
1215 3683 55 57 of
1297 3682 213 74 August

231 3869 57 58 (a)
325 3867 139 45 Those
495 3866 212 45 interested
738 3868 42 43 in
811 3866 76 45 this
917 3866 152 56 subject
1109 3865 81 46 will
1234 3865 82 44 find
1363 3864 148 45 further

103 3930 254 45 information
388 3931 40 42 in
461 3947 23 26 a
515 3928 120 56 study
667 3927 201 57 compiled
915 3945 110 39 upon
1072 3927 68 45 the
1189 3927 151 43 theatre
1389 3927 99 44 tradi-

103 3995 100 40 tions
235 3991 43 44 of
310 3991 199 44 Piacenza
555 3990 56 56 by
660 3989 205 44 Professor
912 3990 188 55 Augusto
1143 3988 173 44 Balsano
1349 3988 61 44 for
1443 3988 66 44 the

155 4054 139 42 Amici
325 4050 248 47 dell'Arte"
605 4052 41 43 in
678 4050 85 45 that
809 4052 107 55 city:
964 4050 83 45 also
1093 4051 42 43 in
1180 4050 68 45 the
1293 4049 215 55 analagous

98 4113 118 57 study
248 4113 202 57 compiled
482 4130 121 39 many
634 4129 113 40 years
769 4111 139 45 earlier
928 4110 56 58 by
1016 4111 50 46 L.
1099 4112 126 49 Cerri,
1258 4111 82 44 and
1361 4128 146 38 among

101 4176 68 44 the
202 4176 257 55 manuscripts
491 4174 45 45 of
566 4174 108 45 Casa
707 4172 178 45 Pastrelli
928 4174 40 43 in
1016 4172 67 45 the
1115 4174 117 43 Civic
1265 4172 167 56 Library
1464 4172 45 44 of

99 4238 214 43 Piacenza,

1547 181 158 67 1592,
1749 182 175 58 writes
1963 178 111 60 that
2123 179 89 59 the
2259 178 238 78 building
2547 179 55 59 of
2650 177 89 61 the

1538 258 146 59 della
1727 256 319 67 Commedia,
2090 278 127 36 over
2262 254 87 59 the
2404 256 155 58 dazio
2616 254 198 74 grande
2876 278 57 35 or

1536 348 144 61 great
1718 347 222 45 customs
1981 331 164 58 house
2183 353 126 36 near
2345 329 88 60 the
2471 331 194 58 church
2691 331 53 58 of
2771 331 164 58 Santo

1538 412 233 65 Protaso,
1812 433 109 35 was
1961 405 360 69 commenced,
2363 422 52 42 at
2453 407 88 58 the
2593 431 230 49 expense
2881 407 55 58 of

1536 486 89 59 the
1667 486 193 74 Signor
1901 484 175 59 Pietro
2119 482 220 58 Martire
2380 483 252 58 Bonvino.

1653 560 261 60 Towards
1954 559 89 59 the
2083 558 201 60 middle
2324 558 54 58 of
2417 558 87 58 the
2550 574 115 59 past
2704 572 229 61 century,

1542 661 114 51 says
1710 635 444 60 Commendatore
2213 633 221 75 Agnelli
2493 637 53 56 in
2597 634 80 59 his
2775 633 129 60 Rela-

1540 715 151 56 zione
1718 712 79 59 sul
1823 727 162 43 teatro
2020 709 314 76 municipale
2437 709 303 72 (Piacenza,
2777 712 159 64 1888,

1543 813 90 52 pg*
1661 789 99 72 24)
1801 790 40 56 it
1878 812 112 34 was
2030 785 183 60 almost
2253 789 52 56 in
2344 789 155 65 ruins,
2541 786 104 59 and
2693 786 88 60 the
2827 785 74 59 En-

1544 868 179 73 gineer
1762 864 299 58 Domenico
2099 861 326 60 Cerdimisca
2470 863 275 73 subjected
2799 865 38 56 it
2886 877 54 43 to

1544 955 107 45 two
1693 943 278 71 enquiries,
2000 939 88 58 the
2116 963 101 34 one
2243 940 53 57 in
2342 938 138 58 1743
2522 938 105 58 and
2668 938 86 59 the
2794 938 148 58 other

1545 1019 54 57 in
1646 1016 195 73 1746;|
1868 1015 104 60 and
2013 1015 147 59 these
2198 1016 263 71 enquiries
2502 1014 128 60 form
2669 1029 112 58 part
2818 1014 54 60 of
2911 1039 30 32 a

1536 1094 260 70 fascicolo
1832 1091 55 60 of
1925 1093 88 58 the
2065 1091 100 60 fine
2207 1085 392 65 Pallastrelliani
2645 1090 297 60 Collection

1548 1169 237 76 together
1825 1167 128 60 with
1990 1167 89 59 the
2117 1167 123 74 plan
2279 1166 54 59 of
2384 1166 87 59 the
2509 1166 231 60 Theatre
2785 1165 156 60 made

1545 1245 74 75 by
1657 1272 32 33 a
1728 1248 195 57 certain
1962 1244 232 59 Zanetti.

1662 1322 41 58 It
1741 1320 107 60 had
1887 1320 145 60 three
2071 1322 119 58 tiers
2230 1319 53 59 of
2323 1319 163 59 boxes
2545 1319 128 58 with
2724 1333 186 61 twenty-

1549 1399 76 57 six
1662 1397 165 59 boxes
1887 1411 53 44 to
1999 1396 133 59 each
2190 1399 111 63 tier,
2345 1395 106 58 and
2512 1394 127 61 with
2676 1395 87 60 the
2801 1395 143 73 royal

1548 1474 107 57 box
1693 1472 105 60 and
1858 1496 31 33 a
1952 1472 236 74 loggione
2244 1495 57 34 or
2348 1470 210 77 gallery,
2599 1471 107 58 and
2757 1474 38 55 it
2833 1495 112 34 was

1545 1548 125 59 then
1709 1548 175 59 called
1933 1548 186 59 Teatro
2159 1547 188 73 Regio.

1666 1626 41 58 It
1745 1629 43 54 is
1829 1640 52 43 to
1921 1625 70 58 be
2032 1623 158 60 noted
2232 1625 125 67 that,
2397 1623 88 59 the
2532 1622 164 60 boxes
2754 1622 192 78 having

1549 1701 140 60 been
1728 1702 73 75 by
1839 1702 199 73 special
2066 1715 146 62 grant
2251 1698 266 61 accorded
2555 1701 53 57 in
2648 1700 298 73 ownership

1548 1792 52 45 to
1639 1777 89 59 the
1769 1780 274 72 patricians
2070 1776 137 76 only,
2236 1777 88 59 the
2350 1778 214 56 citizens
2592 1775 122 59 who
2740 1775 206 59 wished

1548 1869 52 43 to
1639 1855 71 58 be
1750 1869 208 59 present
1997 1869 53 43 at
2088 1853 87 60 the
2215 1852 384 76 performances
2639 1851 106 59 had
2785 1852 162 58 either

1549 1946 53 42 to
1642 1929 119 59 take
1802 1929 131 60 their
1971 1929 180 75 places
2193 1954 67 34 on
2300 1928 89 59 the
2436 1927 326 79 groundfloor
2800 1952 56 35 or
2894 1942 53 45 to

1550 2006 216 75 depend
1806 2031 142 48 upon
1986 2006 88 59 the
2113 2004 358 60 box-holders'
2513 2002 293 81 good-will.

1669 2082 121 60 The
1831 2082 198 60 theatre
2069 2082 188 58 served
2296 2096 89 44 not
2424 2081 122 73 only
2585 2081 77 58 for
2700 2079 249 60 dramatic

1550 2161 435 71 representations
2025 2158 94 60 but
2157 2157 110 58 also
2306 2157 78 60 for
2423 2156 175 76 lyrical
2638 2156 307 74 spectacles.

1554 2236 55 57 In
1658 2236 141 57 1776
1837 2237 40 56 it
1915 2238 43 56 is
1997 2233 260 61 recorded
2316 2234 109 57 that
2483 2233 146 58 there
2681 2233 268 74 appeared

1552 2312 144 58 there
1736 2309 187 78 during
1963 2310 89 60 the
2110 2309 227 61 carnival
2397 2333 185 35 season
2638 2308 88 60 the
2780 2310 171 75 singer

1552 2389 144 57 Rosa
1738 2388 155 58 Sardi
1926 2385 31 60 0
1957 2406 15 24 5
1975 2388 36 67 ),
2053 2412 31 33 a
2137 2387 254 75 celebrity
2450 2387 54 58 of
2560 2387 108 58 that
2714 2389 141 64 time,
2897 2401 53 43 to

1550 2464 178 59 whom
1756 2463 319 75 Giampaolo
2098 2463 193 77 Maggi
2311 2462 287 59 dedicated
2620 2460 87 60 the
2728 2462 224 77 homage

1550 2540 56 59 of
1633 2540 79 59 his
1740 2540 307 59 admiration
2074 2543 53 56 in
2154 2564 66 35 an
2246 2539 106 59 ode
2385 2539 175 59 which
2599 2540 44 58 is
2669 2539 283 74 preserved

1550 2619 55 57 in
1643 2619 318 71 manuscript
1999 2620 52 55 in
2091 2615 89 60 the
2221 2617 293 58 Biblioteca
2554 2614 312 61 Comunale.

1666 2693 133 59 This
1859 2693 288 75 playhouse
2207 2691 282 60 continued
2555 2694 55 56 in
2667 2716 92 34 use
2819 2716 135 34 even

1552 2770 129 57 after
1719 2770 87 59 the
1848 2784 205 59 present
2093 2768 105 76 day
2245 2769 189 58 Teatro
2472 2768 334 71 Municipale
2843 2793 111 34 was

1554 2845 146 67 built,
1765 2845 201 73 (1804)
2025 2846 204 74 serving
2286 2844 284 75 especially
2624 2843 78 58 for
2761 2844 164 74 perfor-

1550 2945 214 35 mances
1804 2923 54 57 of
1898 2921 285 69 comedies,
2225 2921 105 59 and
2367 2920 79 59 for
2497 2920 87 60 the
2640 2920 221 72 veglioni
2897 2921 57 54 (<0

1552 2998 179 58 which
1769 3022 145 34 were
1973 2996 123 60 then
2143 3023 56 33 as
2251 2996 160 75 today
2469 3000 53 55 in
2579 3012 145 60 great
2775 2996 179 59 favour

1553 3089 237 62 amongst
1829 3075 86 58 the
1957 3074 193 76 people
2202 3074 55 58 of
2314 3074 279 58 Piacenza.
2674 3072 94 59 On
2806 3072 148 60 these

1550 3155 272 55 occasions
1865 3153 305 57 Piacentine
2212 3151 255 59 dilettanti
2491 3165 89 43 not
2606 3149 345 75 infrequently

1553 3227 268 74 appeared
1886 3230 53 56 in
1997 3226 251 60 dramatic
2312 3226 398 74 performances,
2772 3240 52 43 to
2883 3226 69 57 be

1553 3319 208 60 present
1801 3319 50 43 at
1891 3302 176 60 which
2107 3326 101 36 one
2249 3302 126 74 paid
2415 3328 33 33 a
2853 3301 101 74 (20

1553 3380 296 72 centesimi)
1889 3380 78 58 for
2025 3379 300 61 admission.
2405 3379 123 59 The
2585 3377 199 59 theatre
2843 3403 111 34 was

1554 3456 181 60 closed
1774 3456 79 58 for
1892 3480 145 36 some
2075 3480 168 50 years,
2284 3455 125 58 then
2447 3453 345 61 demolished.

1671 3534 202 76 During
1939 3534 88 58 the
2091 3547 108 45 two
2258 3535 258 57 centuries
2580 3555 59 34 or
2702 3555 141 34 more
2903 3534 52 54 in

1554 3610 178 59 which
1771 3610 89 58 the
1901 3621 161 48 teatro
2103 3610 140 58 delle
2281 3608 190 60 Saline
2511 3633 110 34 was
2660 3633 158 49 open,
2847 3621 108 45 two

1553 3687 149 59 other
1738 3686 226 58 theatres
2004 3710 145 36 were
2188 3685 321 59 established
2550 3687 53 56 in
2654 3683 298 65 Piacenza;

1554 3762 88 60 the
1681 3762 233 60 Theatre
1961 3762 54 60 of
2071 3762 89 59 the
2218 3761 226 58 Palazzo
2504 3760 294 59 Comunale
2851 3760 104 58 and

1553 3840 89 59 the
1681 3840 234 59 Theatre
1956 3840 140 59 della
2137 3837 304 69 Cittadella,
2472 3838 54 59 of
2565 3837 175 60 which
2790 3838 16 56 I
2850 3836 106 59 will

1555 3918 120 74 give
1715 3940 144 34 some
1898 3916 135 58 brief
2072 3916 325 58 information
2437 3915 143 58 here.

1677 4108 65 58 (b)
1778 4108 87 45 Not
1911 4108 231 45 mentioned
2187 4109 41 44 in
2277 4106 175 46 Grove's
2500 4106 236 57 Dictionary
2785 4104 174 61 (1911),

1554 4170 199 58 [Editor].

1681 4232 59 57 (c)
1774 4229 195 47 Carnival
2001 4229 97 47 balls
2128 4229 82 46 and
2243 4229 214 47 festivities.
