3111 4371
185 60 82 45 148

269 155 350 66 D'Avenant
688 155 111 66 and
862 156 276 84 Killgrew
1210 158 145 66 have
1431 159 141 66 with

177 247 152 64 them
376 245 95 66 the
518 245 122 66 best
688 264 154 49 actor
889 249 58 65 of
994 248 95 66 the
1144 277 122 55 age,
1318 249 255 66 Thomas

179 337 296 65 Betterton.
533 336 132 66 The
713 337 173 84 King,
936 339 134 66 who
1116 339 196 65 knows
1359 367 34 37 a
1421 339 153 83 good

175 428 150 83 plate
371 428 57 65 of
473 428 127 65 fruit
645 429 166 65 when
858 429 73 65 he
975 457 118 39 sees
1125 433 58 70 it,
1219 431 218 65 doesn't
1469 432 67 65 he-

176 521 159 62 sitate
382 517 174 66 about
604 518 104 65 this
755 546 176 57 group
978 520 58 64 of
1082 548 145 38 men.
1324 521 101 66 He
1456 521 116 66 had

176 609 283 66 doubtless
485 636 128 39 seen
646 609 178 68 better
856 628 177 48 actors
1074 615 55 61 in
1168 612 178 74 Paris,
1381 612 191 68 where

177 701 96 65 the
318 701 154 65 finest
522 701 214 65 Italians
783 729 151 40 were
980 704 151 63 often
1168 706 229 73 visitors,
1447 704 119 75 but,

177 791 147 65 back
353 795 54 62 in
457 791 277 83 England,
783 793 73 64 he
924 794 154 83 picks
1133 813 96 46 out
1284 822 100 38 our
1447 794 124 67 best

174 910 127 38 men
346 883 139 67 with
531 911 71 37 an
649 888 250 79 unerring
928 888 232 62 instinct.
1242 887 91 64 Or
1365 887 199 75 rather,

174 973 167 67 when
387 974 132 83 they
566 992 217 65 present
830 976 347 75 themselves,
1225 977 73 65 he
1346 977 220 65 doesn't

177 1067 169 80 reject
392 1064 151 67 them
590 1066 243 66 because
881 1067 133 83 they
1063 1067 160 66 don't
1276 1067 127 66 look
1459 1068 108 65 like

174 1158 191 80 priests
411 1155 113 66 and
571 1156 471 66 water-drinkers.

292 1246 110 65 But
448 1246 89 65 Sir
584 1247 201 83 Henry
833 1247 251 66 Herbert
1146 1251 44 62 is
1252 1265 95 48 not
1399 1251 165 80 going

177 1354 60 48 to
284 1336 161 68 stand
492 1341 56 61 it.
647 1339 102 65 He
795 1339 99 65 has
941 1340 145 65 been
1139 1339 206 84 poking
1390 1340 173 65 about

174 1429 139 65 with
360 1457 36 38 a
443 1429 122 65 fork
612 1434 54 61 in
713 1430 96 65 the
852 1430 151 83 plate
1035 1432 58 64 of
1138 1432 146 73 fruit,
1319 1432 112 64 and
1464 1432 99 66 has

171 1547 164 37 come
382 1547 152 56 upon
583 1550 33 35 a
669 1520 330 66 scandalous
1060 1522 113 64 and
1227 1522 337 66 unheard-of

171 1611 173 82 thing.
440 1612 135 63 One
622 1612 58 65 of
726 1611 94 66 the
873 1612 192 84 apples
1127 1613 101 65 has
1290 1641 33 36 a
1387 1641 175 38 worm

170 1705 53 61 in
270 1706 61 61 it.

288 1792 141 66 Like
476 1820 166 38 never
689 1793 184 83 taking
919 1821 134 56 very
1098 1793 189 84 kindly
1329 1811 59 49 to
1434 1795 125 75 like,

176 1885 195 82 (when
396 1903 95 47 not
515 1885 231 84 pretty),
776 1887 89 63 Sir
890 1886 201 81 Henry
1124 1886 110 65 will
1267 1889 170 80 reject
1468 1886 95 65 the

171 1976 188 68 whole
406 1976 150 83 plate
602 1978 242 63 because
892 1978 103 64 this
1044 1978 297 82 particular
1388 2006 178 38 worm

171 2068 100 63 has
321 2067 325 67 discovered
694 2096 36 37 a
777 2086 236 48 sweeter
1051 2068 226 82 lodging
1307 2068 134 65 than
1472 2068 90 66 he.

282 2159 143 65 This
471 2162 56 62 in
558 2187 35 37 a
623 2159 112 66 few
783 2159 190 68 words
1017 2162 46 62 is
1110 2160 320 82 practically
1470 2160 96 65 the

166 2251 109 64 first
321 2267 124 66 part
492 2251 58 64 of
612 2251 94 64 the
754 2268 149 65 story
950 2251 58 64 of
1063 2251 95 64 the
1205 2252 358 65 Restoration

165 2342 269 65 Theatre.

279 2434 145 64 And
473 2460 94 37 see
598 2432 156 68 what
786 2434 235 66 follows.
1059 2434 87 66 Sir
1195 2432 203 83 Henry
1445 2434 118 64 tells

166 2522 94 65 the
310 2524 194 81 lackey
552 2540 59 47 to
729 2525 113 63 Put
889 2525 174 65 down
1134 2524 119 64 that
1315 2524 152 84 plate

169 2615 132 65 The
353 2615 197 81 lackey
598 2614 136 66 does
782 2644 81 36 so.
960 2615 133 65 The
1139 2633 175 48 sweet
1347 2615 212 84 apples,

164 2733 181 55 pears,
395 2707 261 83 peaches,
708 2735 215 55 grapes,
976 2707 111 64 and
1120 2724 122 47 nuts
1287 2735 94 36 are
1428 2735 133 38 now

164 2798 163 66 alone
376 2798 138 65 with
560 2799 87 64 Sir
702 2799 202 82 Henry
969 2798 111 66 and
1144 2798 83 66 his
1296 2826 258 55 purpose.

165 2889 100 65 He
312 2889 225 67 unlocks
570 2889 94 64 the
696 2889 221 67 drawer
947 2889 59 65 of
1036 2889 83 65 his
1150 2893 217 78 writing
1398 2889 156 74 desk,

164 2980 152 66 takes
350 3010 34 36 a
415 2981 161 84 pistol
602 2983 54 63 in
687 3009 108 38 one
825 2981 173 75 hand,
1025 2985 149 71 rises,
1210 2982 348 83 approaches

161 3072 94 65 the
303 3072 123 66 dish
476 3072 58 65 of
595 3074 126 63 fruit
752 3100 13 46 ;
824 3072 237 66 without
1115 3071 293 67 hesitation
1445 3071 112 66 and

164 3164 137 66 with
334 3193 35 37 a
402 3192 240 54 courage
674 3164 189 65 which
896 3164 228 82 belongs
1172 3182 60 47 to
1272 3164 94 65 the
1412 3164 113 66 fool-

161 3255 180 84 hardy
390 3255 180 75 alone,
621 3255 72 65 he
740 3255 155 70 takes
941 3255 95 65 the
1092 3254 148 84 plate
1295 3255 59 65 of
1407 3255 146 74 fruit,

161 3347 151 66 locks
359 3350 41 63 it
447 3375 75 55 up
567 3349 55 62 in
670 3376 35 35 a
750 3347 240 83 Spanish
1023 3347 239 75 cabinet,
1296 3364 127 66 puts
1461 3348 96 65 the

160 3439 108 82 key
315 3441 56 63 in
416 3438 83 65 his
546 3438 222 83 pocket,
806 3437 113 67 and
952 3438 194 66 allows
1177 3443 42 61 it
1263 3456 61 47 to
1357 3456 103 57 rot,
1496 3457 58 46 to

161 3530 174 67 breed
388 3530 243 83 myriads
691 3530 59 64 of
804 3557 223 47 worms,
1078 3547 60 49 to
1206 3530 192 66 stench
1460 3531 95 66 the

158 3622 187 65 whole
415 3624 60 63 of
545 3622 95 65 the
710 3621 482 84 neighbourhood,
1248 3621 113 66 and
1423 3622 132 66 then

157 3712 394 84 triumphantly
598 3716 180 80 points
848 3730 97 47 out
1013 3716 67 62 its
1146 3730 303 47 rottenness
1496 3731 57 47 to

157 3806 84 65 his
287 3804 207 66 friends
539 3804 115 66 and
701 3805 275 66 relations.

249 3895 162 66 Thus
473 3895 138 66 ends
679 3895 97 66 the
844 3913 150 66 story
1065 3895 59 64 of
1169 3894 97 66 the
1320 3895 232 84 English

158 3988 357 66 Restoration
562 3987 272 66 Theatre.

273 4079 249 65 Because
569 4082 204 64 certain
825 4079 191 65 idiotic
1047 4106 127 38 men
1205 4079 55 64 in
1291 4078 261 84 England

157 4171 144 68 have
345 4172 85 66 for
476 4198 159 56 years
683 4171 201 83 utterly
943 4170 444 68 misunderstood
1455 4170 97 66 the

1620 156 184 68 whole
1822 174 192 48 nature
2037 156 59 65 of
2127 156 95 65 the
2253 156 269 75 Theatre,
2559 156 110 66 and
2704 158 309 66 mankind's

1619 276 96 38 use
1761 249 85 65 for
1907 277 36 36 a
2004 247 269 73 Theatre,
2354 247 259 82 England
2691 249 99 65 has
2870 249 143 66 been

1619 341 213 81 always
1879 339 235 66 without
2161 367 35 37 a
2241 339 113 64 real
2403 356 186 65 stage;
2648 341 119 63 that
2828 344 152 79 price-

1620 431 104 63 less
1756 447 125 66 spot
1911 433 55 61 in
1996 432 67 62 its
2094 428 211 66 neutral
2336 429 214 83 ground
2597 432 44 62 is
2673 429 140 67 built
2855 459 155 39 over.

1618 521 293 81 Killgrew,
1963 520 375 73 D'Avenant,
2373 520 305 75 Betterton,
2714 521 111 66 and
2858 522 155 84 King

1618 612 235 65 Charles
1900 638 152 40 were
2099 638 144 38 none
2312 611 58 65 of
2439 611 151 65 them
2655 612 358 84 particularly

1615 701 297 66 interested
1958 705 55 61 in
2067 729 109 56 any
2225 701 191 83 trifling
2471 705 342 64 innovations
2876 706 136 64 such

1616 822 60 38 as
1724 812 287 56 actresses,
2061 821 218 56 operas,
2329 797 345 80 perspective
2720 800 290 70 sceneries,

1615 884 113 66 and
1762 884 97 65 the
1891 884 127 65 like.
2109 884 111 65 But
2253 884 285 66 inasmuch
2570 912 60 37 as
2663 884 156 66 these
2850 885 162 68 trifles

1613 976 275 83 outraged
1935 976 94 66 the
2076 976 274 64 obstinate
2399 976 119 64 soul
2564 977 60 65 of
2672 977 90 65 Sir
2809 977 203 84 Henry

1610 1067 253 66 Herbert
1911 1067 113 65 and
2071 1094 34 37 a
2150 1066 186 66 dozen
2383 1066 205 73 others,
2640 1095 62 37 so
2757 1067 99 66 did
2909 1070 97 64 the

1609 1157 147 83 pack
1780 1157 134 66 who
1952 1156 265 66 followed
2246 1156 129 65 take
2406 1184 77 56 up
2519 1157 141 65 their
2700 1185 122 55 cry:
2874 1160 137 65 with

1610 1250 136 65 such
1769 1249 222 64 fervour
2006 1249 120 64 that
2141 1275 140 40 even
2297 1247 259 84 ordinary
2570 1250 203 82 people
2796 1250 215 82 paused

1610 1358 57 46 to
1717 1340 158 64 listen
1924 1338 113 66 and
2069 1338 148 74 look,
2265 1339 132 75 and,
2451 1343 184 78 seeing
2700 1340 307 83 something

1609 1430 293 84 troubling,
1989 1430 181 83 began
2248 1430 115 65 also
2441 1448 58 47 to
2575 1432 245 64 trouble:
2895 1433 112 65 and

1609 1539 283 58 actresses,
1944 1525 55 61 in
2044 1525 141 79 spite
2231 1522 58 64 of
2344 1522 141 64 their
2531 1522 203 84 having
2782 1523 144 65 been
2974 1552 34 36 a

1609 1614 145 82 huge
1787 1641 217 37 success
2035 1617 54 61 in
2123 1612 156 82 Italy,
2315 1612 145 81 (and
2490 1641 36 36 a
2556 1631 142 47 most
2740 1614 270 83 ordinary

1606 1706 160 80 one),
1802 1705 253 73 become,
2091 1707 56 61 in
2194 1703 261 75 London,
2493 1731 34 36 a
2559 1705 246 64 scandal.
2858 1706 148 65 And

1609 1796 95 65 the
1750 1813 264 48 actresses
2061 1795 114 65 had
2208 1813 59 47 to
2298 1795 106 65 live
2452 1821 75 55 up
2574 1813 60 47 to
2664 1795 140 65 their
2843 1823 122 39 new-

1608 1886 201 83 gained
1858 1886 231 83 English
2159 1889 331 78 reputation.
2587 1886 81 64 So
2723 1887 137 65 with
2911 1887 96 65 the

1613 2006 172 54 opera
1832 1978 112 64 and
1976 1976 94 65 the
2118 1980 392 80 perspectives,
2561 1976 112 65 and
2721 1978 94 64 the
2846 1978 161 66 other

1610 2069 291 66 novelties:
1952 2067 369 66 cried-out-at
2370 2094 58 37 as
2476 2068 212 81 though
2720 2068 246 66 unheard-

1611 2160 78 74 of,
1741 2160 132 82 they
1920 2159 133 66 took
2099 2187 74 36 on
2218 2158 343 66 unheard-of
2607 2159 281 66 attitudes.

1724 2252 120 65 Into
1892 2251 105 64 this
2028 2249 134 66 kind
2194 2251 59 64 of
2284 2251 259 82 England
2575 2268 148 65 steps
2763 2251 238 82 Evelyn.

1609 2342 100 65 He
1756 2341 117 67 had
1917 2370 131 37 seen
2118 2341 72 66 all
2260 2342 155 65 these
2484 2342 274 65 excellent
2820 2343 183 82 things

1609 2432 247 75 abroad;
1906 2431 110 67 and
2063 2432 72 65 he
2183 2449 207 48 returns
2436 2449 59 48 to
2541 2432 113 65 find
2684 2432 152 66 them
2867 2460 102 38 con-

1608 2524 220 66 sidered
1874 2526 275 62 eccentric
2196 2522 111 66 and
2339 2524 428 82 out-of-place.:
2803 2522 202 86 placed

1606 2615 372 84 out-of-place
2025 2615 78 80 by
2154 2615 95 64 the
2305 2615 487 74 Educationalists,
2843 2615 159 65 those

1605 2708 160 74 hard,
1801 2707 450 75 matter-of-fact,
2287 2724 95 65 yet
2414 2707 230 83 perfect,
2679 2707 319 66 obstinates.

1721 2799 101 65 He
1868 2798 361 83 straightway
2276 2823 130 56 goes
2453 2816 59 46 to
2560 2826 93 37 see
2692 2798 95 66 the
2818 2798 184 66 works

1604 2889 61 65 of
1712 2891 242 65 Reeves.
2051 2889 142 65 This
2237 2892 45 62 is
2329 2892 54 62 in
2443 2889 165 65 1652
2640 2917 14 46 ;
2701 2889 119 74 but,
2871 2889 132 65 until

1618 2981 189 75 1659,
1856 2982 74 64 he
1975 2981 100 66 has
2121 3008 73 38 no
2241 2980 212 66 chance
2499 2981 58 65 of
2618 2983 218 79 visiting
2894 3008 109 55 any

1602 3072 380 84 play-houses.
2091 3071 115 66 For
2281 3072 96 65 the
2465 3099 246 56 usurper,
2801 3071 200 66 Oliver

1604 3164 325 75 Cromwell,
2004 3164 114 66 had
2189 3164 191 66 closed
2450 3164 171 75 them,
2686 3164 113 65 and
2869 3164 132 82 they

1601 3255 179 66 dared
1827 3274 97 46 not
1972 3255 236 83 disobey
2254 3255 133 66 until
2434 3255 74 65 he
2555 3255 155 75 died,
2745 3254 113 67 and
2905 3255 96 65 the

1602 3375 129 39 new
1778 3375 231 55 usurper
2057 3347 255 66 Richard
2358 3347 305 64 Cromwell
2697 3375 159 38 came
2886 3350 116 61 into

1604 3438 94 66 the
1729 3456 276 47 remnants
2037 3437 58 66 of
2126 3465 212 57 power.
2424 3438 170 65 Then
2624 3437 95 66 the
2751 3438 252 66 Theatre

1601 3531 194 82 begins
1844 3547 57 47 to
1952 3533 108 61 stir.

1718 3621 312 66 Meantime
2061 3621 74 65 let
2166 3648 61 38 us
2262 3649 92 38 see
2387 3620 156 66 what
2574 3625 56 61 in
2660 3621 96 66 the
2786 3622 213 65 interim

1601 3712 220 84 Evelyn
1853 3742 185 36 comes
2079 3740 204 46 across,
2334 3712 188 66 which
2569 3740 126 46 can,
2744 3729 57 47 to
2851 3740 151 37 some

1601 3822 207 57 extent,
1842 3805 75 66 be
1949 3804 180 66 called
2164 3805 57 64 of
2251 3805 96 64 the
2378 3803 273 66 Theatre.
2799 3805 19 64 I
2852 3822 150 49 went

1676 3913 59 47 to
1781 3923 93 37 see
1925 3923 154 37 some
2126 3895 412 83 workmanship
2587 3895 59 65 of
2692 3894 95 66 the
2819 3894 144 66 admi-

1676 3988 155 65 rable
1878 3992 169 70 artist,
2098 3988 244 72 Reeves,
2377 3988 213 64 famous
2624 3987 83 65 for
2738 4015 229 56 perspec-

1676 4083 109 63 tive
1853 4078 242 84 (1652)
2375 4078 120 68 We
2557 4078 70 66 all
2705 4078 173 66 dined
2947 4096 56 48 at

1605 4177 37 22 <!
1681 4170 120 67 that
1831 4187 142 50 most
2004 4170 244 85 obliging
2278 4168 112 69 and
2429 4168 327 85 universally
2786 4172 217 65 curious
