3111 4371
154 68 85 45 166

267 164 135 59 And
444 164 139 59 what
623 168 42 55 is
705 165 87 58 the
831 165 157 59 moral
1029 167 53 57 of
1122 167 133 58 this?

272 239 122 57 The
435 239 157 57 moral
633 243 59 57 is,
742 240 107 58 that
887 263 85 36 we
1010 257 132 42 must
1181 242 239 58 consider
1458 242 87 58 the

155 317 220 73 existing
416 338 122 34 case
577 315 54 57 of
670 339 92 35 our
802 315 147 75 lungs
990 317 105 57 and
1147 342 92 33 our
1289 318 155 66 skins,
1491 320 52 55 in

154 390 85 59 the
278 393 74 56 air
393 390 53 57 of
484 390 87 57 the
610 390 215 68 theatre,
865 390 219 59 without
1122 393 155 58 much
1313 394 140 72 hope
1491 393 55 57 of

154 488 100 51 any
294 464 208 75 general
543 465 200 75 change
770 465 75 57 for
872 465 86 57 the
1000 466 181 59 better.
1263 468 123 57 The
1413 468 132 58 truth

154 544 43 52 is
237 539 109 58 that
384 564 85 33 we
510 540 127 57 offer
673 564 69 33 no
784 557 433 58 encouragement
1256 558 51 42 to
1340 543 202 58 reform.

159 616 89 56 Do
287 615 89 57 the
404 630 108 43 two
539 639 57 33 or
623 616 142 57 three
792 616 219 57 theatres
1039 620 54 53 in
1120 618 224 57 London
1371 618 175 58 which

157 691 133 57 have
333 691 310 75 generously
700 694 154 70 given
911 717 57 33 us
1020 692 88 59 the
1159 718 125 48 pure
1339 692 208 59 electric

162 766 142 75 light,
348 781 176 59 empty
563 767 86 56 the
690 766 145 57 other
873 766 221 60 theatres
1136 769 174 57 which
1355 793 160 33 econo-

162 840 208 73 mically
408 844 183 69 persist
628 845 52 53 in
720 844 272 72 poisoning
1020 866 59 35 us
1105 844 126 57 with
1266 850 122 70 gas?
1429 844 119 73 only

163 917 71 56 let
271 916 145 57 those
458 916 147 58 other
642 916 222 58 theatres
905 919 215 72 provide
1174 943 58 34 us
1279 920 127 57 with
1458 943 92 34 our

159 993 254 56 favourite
455 991 154 77 laugh
649 992 103 57 and
793 1016 92 35 cur
912 992 269 76 delightful
1222 995 324 75 vulgarity—

160 1067 106 59 and
305 1067 122 74 they
465 1091 118 50 may
623 1071 115 74 give
779 1093 58 34 us
878 1093 100 49 any
1018 1073 71 54 air
1127 1095 57 32 or
1223 1095 66 33 no
1336 1072 73 56 air
1452 1072 98 71 just

160 1167 56 33 as
256 1142 123 74 they
418 1142 120 60 like.

829 1264 58 56 II.

162 1381 200 129 THE
400 1382 267 59 prospects
708 1370 52 55 of
799 1371 371 71 improvement
1223 1372 52 56 in
1334 1370 186 59 ventila-

275 1446 104 54 tion
408 1443 155 74 being
602 1467 121 36 now
762 1443 248 74 disposed
1048 1446 69 66 of,
1173 1446 379 58 consideration

162 1519 54 57 of
240 1519 87 57 the
367 1518 263 60 theatrical
658 1519 341 74 atmosphere,
1026 1545 56 33 as
1108 1523 38 56 it
1171 1524 42 56 is
1240 1536 52 43 at
1325 1537 225 58 present,

163 1593 180 60 claims
384 1597 62 54 its
485 1609 113 44 turn
637 1609 137 44 next.

280 1669 244 60 Sensible
583 1670 254 59 invalides
891 1670 121 59 who
1059 1670 133 60 have
1251 1688 52 43 to
1363 1673 116 58 take
1523 1697 31 34 a

170 1745 131 59 dose
339 1744 54 58 of
432 1744 183 75 physic
666 1768 153 36 never
878 1744 109 60 add
1046 1761 52 43 to
1155 1748 87 57 the
1283 1762 179 44 terrors
1503 1749 53 57 of

162 1820 88 60 the
290 1835 242 60 prospect
572 1822 72 73 by
681 1820 227 78 dallying
946 1822 127 58 with
1113 1823 86 58 the
1242 1824 178 67 bottle,
1449 1824 103 58 and

167 1896 231 77 thinking
445 1896 122 59 how
626 1912 146 58 nasty
828 1898 38 56 it
924 1895 161 61 looks.
1190 1898 157 76 They
1404 1923 151 50 spare

167 1971 312 60 themselves
506 1997 65 33 an
596 1973 213 57 interval
837 1971 52 59 of
915 1973 378 77 disgust—and
1321 1975 234 60 swallow

167 2048 89 58 the
296 2046 290 60 detestable
626 2050 214 56 mixture
879 2046 182 60 before
1100 2049 122 75 they
1260 2050 133 61 have
1433 2053 121 56 time

165 2140 54 42 to
259 2124 103 59 feel
403 2125 124 58 sick.

277 2200 170 61 What
504 2201 246 59 scientific
814 2199 314 76 knowledge
1192 2201 91 59 has
1348 2218 51 43 to
1465 2227 90 49 say

168 2279 161 58 about
367 2277 87 59 the
493 2280 72 55 air
604 2277 106 58 that
748 2300 85 35 we
894 2275 214 60 breathe
1160 2279 51 56 in
1251 2277 221 59 theatres
1512 2281 42 55 is

168 2378 93 35 our
299 2354 159 58 moral
498 2354 127 58 dose
666 2352 52 59 of
755 2352 199 74 physic,
996 2366 52 44 at
1086 2351 87 60 the
1212 2369 207 58 present
1444 2378 72 34 mo-

168 2444 156 44 ment.
405 2429 102 58 Let
546 2453 58 34 us
647 2441 84 61 get
767 2421 79 65 rid
887 2427 53 57 of
967 2429 37 55 it
1029 2441 53 43 at
1106 2451 133 36 once
1244 2453 129 34 —as
1409 2429 116 75 plea-

168 2506 165 72 santly
372 2531 55 33 as
468 2505 244 73 possible.

281 2580 124 59 You
458 2581 102 58 and
604 2581 17 58 1
662 2605 86 34 are
789 2596 51 43 at
878 2580 86 59 the
1004 2580 210 61 theatre.
1296 2580 258 59 Towards

170 2657 89 60 the
300 2656 145 60 latter
485 2671 112 60 part
648 2657 53 59 of
739 2656 87 58 the
865 2656 372 75 performance,
1282 2680 85 34 we
1414 2660 141 70 wipe

168 2759 93 34 our
299 2736 273 74 streaming
598 2733 143 68 face;
770 2733 104 59 and
901 2756 99 50 you
1029 2758 91 49 say
1146 2749 51 43 to
1231 2756 102 45 me,
1421 2732 133 69 Hot,

170 2808 120 60 isn't
502 2808 103 59 and
647 2806 19 61 1
724 2808 252 73 cordially
1033 2832 155 53 agree
1246 2807 127 60 with
1433 2831 119 52 you.

172 2885 42 59 If
250 2909 86 35 we
375 2910 141 35 were
557 2901 90 42 not
704 2900 105 43 two
866 2886 233 76 ignorant
1136 2885 291 76 playgoers,
1468 2907 86 35 we

172 2961 185 59 should
436 2985 208 49 express
710 2959 261 60 ourselves
1035 2984 143 35 more
1242 2958 312 76 accurately.

168 3038 126 59 You
333 3038 179 59 would
551 3037 197 60 remind
790 3060 84 35 me
926 3036 108 58 that
1072 3060 87 35 we
1195 3052 140 43 want
1374 3062 31 32 a
1444 3061 84 34 cer-

170 3116 106 57 tain
315 3116 231 72 quantity
585 3114 53 58 of
696 3136 203 53 oxygen
959 3116 53 54 in
1070 3112 87 60 the
1216 3114 73 56 air
1326 3111 108 59 that
1472 3136 85 34 we

172 3189 231 60 breathe.
483 3189 136 59 And
659 3189 19 59 I
719 3188 187 58 should
934 3187 162 75 reply,
1188 3188 114 58 Yes
1341 3188 216 66 indeed,

169 3290 87 50 my
294 3266 185 58 friend.
558 3266 101 58 For
698 3264 86 59 the
825 3263 95 60 last
957 3277 106 46 two
1104 3264 152 59 hours
1296 3288 86 35 we
1427 3263 134 58 have

172 3343 139 57 been
351 3340 240 78 engaged
634 3342 241 71 (assisted
936 3338 71 76 by
1066 3339 86 60 the
1200 3338 268 79 gaslights)
1509 3342 53 56 in

172 3415 176 77 madly
388 3417 303 75 exhausting
751 3439 91 36 our
898 3438 222 52 oxygen,
1175 3415 104 59 and
1331 3418 54 55 in
1443 3438 90 51 sup-

173 3493 180 76 plying
393 3495 62 56 its
497 3493 151 73 place
682 3492 127 58 with
835 3517 30 33 a
892 3490 103 60 vile
1023 3492 222 58 infusion
1273 3492 53 58 of
1353 3490 211 69 carbon,

173 3565 175 62 which
386 3568 181 59 would
605 3568 107 58 end
751 3570 53 56 in
845 3566 301 74 suffocating
1174 3591 58 34 us
1260 3568 38 57 if
1324 3565 86 59 the
1449 3591 88 49 per-

172 3644 287 58 formances
487 3644 120 74 only
628 3644 164 58 lasted
818 3641 120 79 long
1293 3641 136 60 And
1453 3643 111 57 if—

173 3720 245 75 appalled
460 3720 71 76 by
571 3720 86 59 the
698 3733 240 60 prospect
941 3719 96 57 —I
1063 3718 284 75 happened
1372 3733 52 43 to
1452 3733 115 58 stop

172 3796 160 63 there,
374 3796 122 60 who
536 3789 181 67 would
757 3796 69 58 be
865 3795 219 74 happier
1129 3810 54 44 to
1235 3794 193 60 refresh
1480 3794 87 58 the

174 3873 252 59 scientific
464 3871 115 59 side
620 3873 55 58 of
710 3895 88 51 my
836 3894 229 51 memory
1108 3870 122 58 than
1288 3893 86 52 my
1427 3894 105 34 com-

173 3950 207 71 panion.
483 3947 146 59 Dont
666 3949 166 75 forget
946 3946 97 59 this
1071 3945 284 76 intelligent
1381 3969 188 50 person

172 4024 181 58 would
416 4022 124 68 add,
642 4022 108 59 that
805 4021 145 59 there
1007 4024 44 56 is
1110 4021 230 66 another,
1382 4020 104 58 and
1540 4047 30 33 a

174 4123 144 35 more
357 4099 228 73 horribly
621 4097 215 60 vitiated
880 4096 343 76 atmosphere,
1264 4096 174 60 which
1484 4121 85 35 we

176 4199 91 37 are
308 4175 110 60 also
458 4175 205 76 making
710 4174 78 59 for
845 4172 278 61 ourselves.
1204 4172 211 61 Minute
1454 4196 87 51 par-

1589 167 163 67 tides,
1804 167 125 58 dear
1988 166 121 73 boy,
2163 190 86 35 are
2309 167 158 76 being
2520 172 11 20 '
2556 171 152 72 given
2754 167 104 58 off'
2905 167 72 76 by

1589 266 58 33 us
1706 242 104 58 and
1868 242 70 73 by
1995 264 91 36 our
2144 244 287 74 perspiring
2477 243 179 58 fellow
2699 257 273 46 creatures.

1590 317 113 58 We
1730 341 88 34 are
1844 315 244 76 inhaling,
2129 317 132 58 each
2288 317 188 58 other's
2505 317 259 73 particles.
2818 318 154 67 And,

1588 417 169 34 worse
1797 391 116 68 still,
1955 393 37 58 if
2030 394 142 57 there
2211 391 210 74 happen
2459 407 53 43 to
2559 393 70 58 be
2681 418 102 50 any
2827 394 120 75 play-

1590 492 149 52 goers
1778 466 54 59 of
1871 470 356 71 consumptive
2266 466 262 75 tendency
2580 484 222 57 present,
2851 469 126 58 their

1592 541 240 74 particles
1866 565 117 51 may
2009 543 69 57 be
2100 543 221 73 actually
2341 543 226 76 charged
2596 544 127 58 with
2751 544 225 67 disease,

1592 616 105 59 and
1740 640 118 51 may
1898 642 110 34 sow
2054 618 88 58 the
2200 618 156 58 seeds
2415 619 106 57 that
2577 618 180 59 results
2797 621 53 55 in
2888 620 88 57 the

1592 694 166 58 future
1816 718 68 33 on
1942 694 174 58 which
2176 694 79 71 (as
2313 718 85 33 we
2456 718 86 34 are
2594 695 124 57 here
2769 694 77 58 for
2884 719 93 34 our

1594 769 264 73 pleasure)
1899 793 85 34 we
2023 769 106 58 had
2154 769 168 58 better
2347 784 88 43 not
2462 769 176 58 dwell.
2722 769 146 59 Shall
2895 794 83 36 we

1595 858 111 59 stay
1733 844 75 57 for
1835 842 87 60 the
1943 844 96 58 last
2058 846 184 71 piece?
2270 866 57 35 or
2347 844 127 57 shall
2495 868 83 34 we
2599 844 326 72 adjourn—?

1710 919 19 57 I
1768 919 118 57 take
1924 943 85 49 my
2048 917 212 61 friend's
2299 943 123 43 arm,
2478 919 102 58 and
2633 919 152 74 hurry
2831 944 151 51 away

1597 993 125 59 with
1761 993 105 59 him
1905 995 179 58 before
2143 995 67 58 he
2269 1019 96 34 can
2412 995 147 58 finish
2597 995 78 58 his
2714 1010 264 46 sentence.

1598 1070 18 57 I
1659 1070 154 57 know
1852 1070 140 58 what
2030 1070 67 59 he
2135 1094 192 34 means.

1710 1143 122 60 The
1871 1160 189 60 system
2098 1146 55 58 of
2194 1146 199 57 Nature
2418 1147 44 56 is
2490 1170 30 33 a
2547 1160 188 58 system
2761 1146 54 57 of
2840 1170 105 34 com-

1598 1221 312 71 pensations.
1989 1220 99 58 All
2145 1220 178 58 mortal
2375 1218 128 60 evils
2561 1220 133 58 have
2740 1220 129 58 their
2907 1236 50 42 at-

1598 1294 211 59 tendant
1846 1296 271 59 remedies.
2199 1297 54 57 In
2293 1296 86 57 the
2431 1296 172 58 horrid
2648 1298 207 71 tropics,
2897 1297 87 58 the

1597 1394 282 35 venemous
1918 1387 206 56 serpent
2162 1371 167 77 glides
2356 1386 53 43 to
2443 1371 168 58 attack
2651 1396 58 33 us
2749 1395 123 34 over
2897 1371 88 58 the

1598 1470 121 49 very
1758 1446 155 58 herbs
1951 1446 174 58 which
2163 1470 243 49 preserve
2445 1470 93 35 our
2563 1446 127 58 lives
2730 1446 130 58 from
2898 1447 86 58 the

1599 1523 184 71 poison
1823 1522 53 58 of
1913 1522 77 58 his
2030 1522 162 73 fangs.
2274 1522 55 58 In
2374 1546 93 34 our
2516 1522 217 75 happier
2783 1536 168 59 tempe-

1598 1609 108 45 rate
1763 1621 149 42 zone,
1960 1597 86 58 the
2105 1590 195 65 theatre
2361 1597 129 72 (and
2549 1599 62 56 its
2670 1597 314 58 destructive

1599 1672 351 73 atmosphere)
1978 1674 42 56 is
2048 1673 86 57 the
2162 1697 124 34 near
2324 1672 291 76 neighbour
2653 1673 55 57 of
2745 1672 89 58 the
2872 1696 86 49 pre-

1601 1750 251 56 servative
1909 1748 248 58 shell-fish
2216 1748 149 74 shop,
2429 1748 101 58 and
2590 1748 86 57 the
2735 1748 250 58 remedial

1602 1822 180 74 public
1819 1823 180 59 house.
2081 1823 147 58 Does
2285 1816 86 65 the
2429 1847 119 34 man
2586 1822 103 59 live
2727 1823 122 58 who
2888 1847 99 34 can

1602 1896 235 75 honestly
1876 1923 90 50 say
2004 1898 107 58 that
2149 1898 66 58 he
2256 1898 91 58 has
2387 1922 123 34 ever
2536 1898 225 75 enjoyed
2793 1913 193 60 oysters

1602 1973 105 58 and
1748 1989 132 43 stout
1919 1998 55 34 as
2013 1974 68 58 he
2121 1976 179 73 enjoys
2340 1974 139 58 them
2505 1974 127 58 after
2670 1974 204 76 leaving
2900 1974 87 57 the

1601 2048 233 59 theatre?
1913 2049 150 58 How
2101 2050 129 57 does
2269 2049 86 58 the
2394 2064 145 61 great
2576 2064 185 43 master
2801 2051 53 56 of
2898 2050 66 57 fic-

1599 2126 108 57 tion
1745 2128 148 55 write
1932 2125 53 58 of
2023 2125 79 58 his
2143 2128 117 55 visit
2298 2140 53 43 to
2390 2126 79 57 his
2516 2125 167 58 friend
2722 2125 169 74 Terry
2937 2139 52 43 at

1601 2200 86 58 the
1726 2200 90 58 old
1855 2200 279 74 Adelphi?
2262 2200 18 57 I
2322 2224 109 34 was
2460 2199 121 76 glad
2620 2215 52 43 to
2700 2224 90 34 see
2817 2200 170 58 Dan's

1601 2276 195 59 theatre
1844 2300 56 35 as
1959 2276 91 59 full
2109 2276 287 76 seemingly
2446 2302 56 33 as
2554 2279 38 56 it
2637 2276 156 60 could
2841 2275 145 60 hold.

1601 2351 120 59 The
1748 2352 120 58 heat
1894 2375 109 35 was
2030 2351 313 60 dreadful....
2430 2351 114 60 We
2568 2351 106 60 had
2697 2375 111 35 rare
2850 2350 137 77 good

1601 2441 170 60 porter
1810 2427 103 59 and
1954 2443 193 59 oysters
2173 2427 127 59 after
2324 2427 87 59 the
2439 2427 120 75 play
2714 2430 143 56 Rare
2884 2426 103 60 and

1602 2502 139 78 good
1802 2502 210 60 Walter
2072 2504 175 58 Scott!
2314 2504 220 73 Happy,
2596 2504 160 57 thrice
2815 2504 175 72 happy

1602 2580 283 72 provisions
1924 2578 55 59 of
2018 2578 219 68 Nature,
2260 2572 174 65 which
2473 2580 208 72 poisons
2721 2601 58 35 us
2821 2581 53 55 in
2898 2572 89 62 the

1601 2655 212 67 theatre,
1856 2655 104 58 and
1999 2655 173 75 brings
2214 2679 58 35 us
2312 2670 52 42 to
2422 2655 88 58 life
2567 2656 154 74 again
2778 2653 72 74 by
2900 2653 87 58 the

1602 2730 172 77 genial
1838 2752 201 52 agency
2103 2731 51 57 of
2219 2754 66 34 an
2350 2745 169 58 oyster
2582 2728 139 59 knife
2785 2727 106 60 and
2958 2752 31 32 a

1604 2821 201 59 pewter
1844 2812 117 68 pot!

2261 2926 82 58 III.

1609 3050 73 127 IS
1721 3034 98 60 this
1860 3033 249 76 flippant?
2177 3033 56 59 In
2290 3033 108 57 that
2458 3056 120 36 case
2630 3032 72 58 let
2740 3056 58 36 us
2840 3055 65 52 go
2943 3045 52 44 to

1688 3111 88 58 the
1815 3109 146 59 other
1999 3125 247 50 extreme,
2288 3107 104 59 and
2445 3108 149 58 make
2642 3132 30 34 a
2723 3107 104 59 few
2881 3130 86 35 sen-

1608 3185 131 61 sible
1780 3184 238 60 remarks.

1724 3259 369 76 Experienced
2120 3259 270 78 playgoers
2417 3259 135 59 have
2578 3258 139 58 often
2738 3255 260 61 observed

1609 3339 88 59 the
1725 3340 203 56 curious
1968 3337 281 58 difference
2289 3339 52 56 in
2380 3335 88 60 the
2526 3334 153 60 effect
2728 3332 270 77 produced

1612 3439 69 35 on
1720 3414 86 59 the
1847 3428 202 60 temper
2086 3413 54 58 of
2167 3437 66 34 an
2261 3413 275 66 audience,
2563 3410 158 59 when
2747 3437 30 32 a
2803 3409 196 60 theatre

1611 3492 42 57 is
1694 3504 87 42 too
1819 3488 91 58 hot
1947 3486 104 60 and
2091 3486 157 60 when
2294 3513 32 32 a
2374 3488 196 57 theatre
2620 3488 43 56 is
2717 3500 86 44 too
2855 3484 141 60 cold.

1616 3566 54 59 In
1708 3565 88 59 the
1835 3565 102 57 first
1975 3587 121 35 case
2100 3561 318 77 —infinitely
2455 3563 89 58 the
2582 3577 155 43 worst
2774 3586 122 34 case
2949 3560 54 59 of

1613 3641 88 59 the
1739 3655 108 44 two
1848 3640 163 59 —the
2051 3638 436 61 semi-suffocated
2535 3638 181 75 public
2760 3652 89 44 not
2876 3636 122 73 only

1616 3716 213 59 submits
1868 3715 129 60 with
2035 3714 287 61 admirable
2363 3715 327 74 resignation,
2718 3711 94 60 but
2837 3711 39 59 if
2914 3711 89 59 the

1616 3793 122 74 play
1774 3791 237 75 happens
2050 3807 53 43 to
2142 3805 209 60 present
2394 3814 68 36 an
2511 3791 299 74 interesting
2849 3801 152 61 story,

1614 3870 248 57 becomes
1901 3866 291 75 absolutely
2249 3866 282 60 insensible
2581 3880 53 45 to
2686 3862 315 68 discomfort,

1616 3944 104 59 and
1759 3942 184 77 utterly
1987 3942 256 60 oblivious
2302 3942 53 59 of
2411 3941 86 59 the
2556 3940 146 60 small
2754 3939 251 72 maladies

1616 4020 166 60 under
1819 4019 176 59 which
2046 4021 38 56 it
2143 4019 176 59 suffers
2359 4034 50 42 at
2459 4017 173 60 home.
2712 4016 95 58 On
2858 4015 147 58 these

1617 4097 287 66 occasions,
1945 4095 87 58 the
2059 4094 330 59 tremendous
2430 4094 195 58 silence
2665 4092 53 59 of
2756 4116 32 33 a
2826 4090 179 61 crowd

1617 4172 55 59 of
1708 4171 191 61 human
1938 4172 186 75 beings
2162 4168 259 63 mastered
2482 4168 72 77 by
2611 4193 102 35 one
2765 4189 240 53 supreme
