3111 4371
81 380 1058 264 THE
1393 380 1513 264 MASK

732 912 44 10 mm
877 912 15 10 w
904 912 15 10 «
958 895 38 21 ftl
1128 905 32 11 ec
2091 895 35 19 Em
2204 895 32 27 18Kj
2728 904 14 10 >-

118 1076 442 193 1908
585 914 843 355 fftC
1459 1315 91 10 _
1566 1229 91 91 r
1611 1035 1295 229 °1924

86 1717 127 127 A
315 1712 437 132 STEP
853 1707 168 137 IN
1133 1712 127 127 A
1371 1707 407 132 NEW
1890 1707 1016 132 DIRECTION.

93 1985 756 407 WHEN
905 2028 112 47 we
1070 1993 162 80 read
1288 1992 207 80 about
1549 1993 115 79 the
1719 1990 296 99 building
2071 1990 70 79 of
2197 1990 114 80 the
2347 1990 256 80 Teatro
2643 1992 224 97 Argen-

631 2106 133 76 tina
802 2101 68 96 (1
902 2097 195 99 732)
1134 2134 71 44 or
1242 2098 113 80 the
1392 2098 180 79 Salle
1628 2098 122 79 des
1802 2097 325 80 Tuileries
2183 2096 67 98 (1
2282 2095 216 99 764),
2559 2131 71 45 or
2685 2097 68 79 of
2798 2097 115 80 the

632 2205 677 83 Lincoln-Inn-Fields
1364 2205 298 79 Theatre
1718 2204 66 96 (1
1812 2201 221 98 660),
2074 2204 161 80 how
2281 2204 136 78 few
2455 2204 186 78 there
2678 2238 109 44 are
2842 2205 70 77 of

632 2350 75 44 us
759 2314 162 80 who
976 2346 125 46 can
1138 2346 109 44 see
1305 2310 115 80 the
1474 2312 186 78 three
1704 2310 222 98 places
1981 2314 65 74 in
2102 2343 116 46 our
2272 2309 184 79 mind
2484 2345 28 43 s
2549 2343 161 64 eye:
2753 2309 160 81 how

86 2425 139 81 few
278 2458 156 47 ever
486 2426 205 79 know
745 2421 116 80 the
896 2423 282 96 position
1233 2418 70 79 of
1357 2418 187 79 these
1581 2417 397 99 playhouses
2015 2420 65 76 in
2118 2417 164 79 their
2326 2421 362 93 respective
2733 2420 180 76 cities

87 2530 72 80 of
213 2531 248 92 Rome,
521 2531 185 79 Paris
762 2526 134 80 and
952 2525 315 80 London.
1379 2525 98 79 So
1531 2524 144 79 that
1730 2523 234 80 should
2020 2557 112 47 we
2187 2557 155 47 ever
2395 2523 169 80 wish
2602 2544 69 57 to
2711 2523 203 80 know

87 2637 162 81 how
303 2637 160 99 they
500 2670 183 47 were
719 2633 293 80 reached
1069 2633 92 97 by
1215 2630 474 98 theatre-goers
1726 2630 71 78 of
1843 2629 113 79 the
1994 2628 383 99 eighteenth
2422 2651 289 76 century,
2754 2630 162 78 who

87 2743 197 92 lived,
344 2778 138 65 say,
541 2747 67 76 in
661 2741 115 81 the
833 2741 215 79 Corso
1121 2771 73 45 or
1265 2741 67 76 in
1404 2737 116 79 the
1591 2737 158 79 Rue
1824 2736 187 79 Saint
2085 2736 286 79 Honore
2445 2769 71 44 or
2588 2737 65 76 in
2728 2733 189 82 Fleet

89 2850 242 89 Street,
371 2884 110 46 we
537 2845 236 84 should
829 2845 174 80 have
1058 2867 70 57 to
1182 2843 136 99 rely
1374 2877 88 44 on
1515 2843 371 97 something
1940 2876 183 44 more
2178 2840 265 80 reliable
2507 2840 161 80 than
2733 2876 184 44 some

86 2957 194 99 lucky
341 2991 74 45 or
471 2956 282 96 unlucky
810 2986 191 65 guess
1055 2950 207 82 work.

249 3062 148 80 We
452 3062 85 80 all
592 3062 91 80 do
739 3081 96 78 try
891 3081 70 57 to
1017 3091 189 64 guess
1262 3057 114 79 the
1430 3060 283 94 position
1751 3055 70 78 of
1858 3055 113 78 the
2009 3056 283 77 theatres
2338 3053 226 80 which
2607 3088 112 45 we
2756 3053 160 80 read

89 3171 208 79 about
350 3173 66 76 in
471 3168 281 99 Evelyn,
810 3166 192 79 Saint
1037 3165 257 89 Simon,
1354 3198 72 45 or
1479 3160 358 83 Goldoni's
1876 3161 353 90 Memoirs;
2273 3182 69 57 to
2382 3194 191 65 guess
2612 3160 113 79 the
2763 3159 154 80 look

89 3274 137 80 and
297 3278 283 94 position
650 3273 71 80 of
776 3272 114 80 the
946 3269 328 98 buildings
1341 3269 227 80 which
1638 3267 257 80 housed
1953 3267 122 80 Dr.
2133 3267 318 98 Johnson,
2512 3265 279 79 Garrick
2846 3300 71 44 or

89 3382 106 79 Le
251 3381 215 91 Kain;
524 3381 115 81 the
693 3399 403 79 apartments
1131 3376 226 80 which
1397 3376 291 89 Clairon,
1728 3375 108 78 La
1874 3372 331 80 Guimard
2257 3408 72 43 or
2366 3371 552 81 Beaumarchaise

89 3489 381 91 inhabited;
528 3488 114 80 the
681 3490 327 76 mansions
1062 3483 358 99 belonging
1473 3505 70 58 to
1599 3483 106 78 La
1745 3480 438 99 Popeliniere,
2226 3483 225 76 Conte
2499 3479 418 80 Alessandro

90 3593 240 100 Pepoli
367 3629 72 45 or
476 3593 320 80 Cardinal
824 3591 357 88 Ottoboni,
1213 3589 189 79 those
1440 3588 184 80 three
1652 3610 326 57 amateurs
2006 3585 296 82 devoted
2332 3608 69 58 to
2428 3584 117 82 the
2580 3584 336 92 Theatre;

90 3737 72 45 or
217 3724 70 57 to
341 3701 301 81 discover
696 3700 230 81 where
980 3695 264 100 exactly
1299 3730 144 46 was
1497 3696 114 79 the
1647 3695 257 78 Teatro
1944 3693 89 80 de
2111 3693 304 80 Granari.
2495 3693 150 80 We
2681 3691 237 80 should

90 3808 127 80 like
254 3812 48 76 it
355 3808 47 80 if
456 3842 113 46 we
623 3805 198 81 could
879 3827 177 57 trace
1096 3801 114 80 the
1247 3803 164 78 road
1450 3801 113 80 the
1601 3824 214 56 actors
1854 3800 159 79 took
2050 3800 207 80 when
2292 3800 156 98 they
2486 3820 186 58 went
2713 3798 206 80 down

89 3916 170 78 from
313 3914 166 80 their
533 3914 239 80 houses
827 3916 67 75 in
947 3912 160 79 Rue
1162 3909 93 80 du
1291 3908 279 81 Renard
1608 3944 71 43 or
1716 3909 158 78 Rue
1912 3907 418 80 Tireboudin
2368 3927 68 59 at
2474 3909 99 75 six
2610 3940 72 44 or
2718 3939 201 47 seven

89 4021 280 92 o'clock,
427 4044 69 58 to
551 4021 155 99 play
762 4020 165 80 their
993 4039 178 77 parts
1238 4039 69 57 at
1361 4017 113 79 the
1545 4015 336 80 Comedie
1938 4015 245 89 Italien,
2243 4013 134 79 and
2447 4012 163 80 how
2663 4012 152 97 long
2871 4015 48 73 it

90 4151 173 59 must
316 4129 174 80 have
546 4129 198 79 taken
797 4127 183 80 them
1036 4147 70 57 to
1159 4124 178 80 walk
1392 4124 216 90 there;
1667 4157 71 44 or
1793 4121 203 82 when
2052 4154 89 46 on
2194 4120 202 97 April
2466 4119 172 80 18th
2709 4118 208 80 1734
