3111 4371
168 53 83 44 158

159 174 203 56 money
408 162 176 68 spent,
636 144 113 66 and
781 143 70 66 all
898 143 249 66 founded
1177 170 151 57 upon
1375 170 140 39 unne-

159 266 218 56 cessary
424 236 238 84 sobbing
707 236 113 67 and
865 236 199 82 feeling
1095 235 102 66 sad
1244 235 173 66 about
1464 235 57 67 di-

159 329 235 67 stressed
441 345 199 57 actors,
696 326 216 66 instead
973 327 58 64 of
1077 326 164 81 being
1303 326 249 66 founded

156 449 74 37 on
278 421 94 64 the
418 419 341 82 intelligence
805 416 113 66 and
964 416 95 65 the
1105 416 180 66 desire
1332 434 58 47 to
1436 416 85 66 for-

159 513 158 67 ward
340 514 181 80 acting
551 510 79 83 by
663 510 95 65 the
790 509 124 65 best
946 508 361 66 conceivable
1336 536 211 39 means.

272 604 101 64 On
418 600 334 84 September
815 599 191 74 29th.,
1082 598 187 75 1675,
1336 599 217 84 Evelyn

157 722 120 37 sees
322 694 83 65 his
455 692 190 66 Italian
692 693 394 65 Scaramuccio
1131 707 58 47 at
1237 691 198 64 Court.

275 791 36 23 44
349 785 20 64 I
419 812 118 40 saw
599 783 96 65 the
752 782 191 66 Italian
1003 782 395 65 Scaramuccio
1460 800 92 47 act

160 884 37 21 44
234 876 193 65 before
488 876 95 63 the
628 875 157 81 King
846 891 56 46 at
961 872 333 75 Whitehall,
1355 873 203 84 people

162 975 35 20 44
234 971 181 79 giving
463 993 201 54 money
728 981 58 49 to
843 990 160 38 come
1048 966 75 73 in,
1185 964 189 66 which
1436 992 120 39 was

161 1065 36 23 44
232 1087 132 56 very
411 1058 347 74 scandalous,
802 1055 112 66 and
961 1083 167 38 never
1159 1083 64 37 so
1271 1055 197 66 before
1497 1074 59 47 at

160 1157 35 22 44
232 1152 181 63 Court
457 1149 320 66 diversions.
860 1146 232 84 Having
1139 1174 131 37 seen
1317 1148 112 65 him
1464 1164 92 49 act

161 1249 36 22 44
232 1242 193 64 before
472 1246 55 59 in
576 1239 157 84 Italy,
768 1265 167 57 many
982 1266 161 54 years
1173 1256 145 64 past,
1371 1239 21 64 I
1432 1267 120 39 was

161 1341 36 20 44
232 1350 97 48 not
374 1359 192 40 averse
611 1348 59 47 to
716 1332 186 79 seeing
947 1328 97 66 the
1090 1346 143 48 most
1281 1328 275 66 excellent

161 1431 36 22 44
234 1426 58 63 of
336 1423 120 65 that
500 1422 135 66 kind
682 1422 57 65 of
785 1420 134 83 folly

270 1515 143 65 This
462 1543 120 38 was
612 1541 147 39 none
790 1512 161 66 other
982 1512 134 65 than
1149 1511 239 66 Tiberio
1420 1512 99 65 Fio-

156 1607 118 74 rilli,
311 1605 298 66 Moliere's
642 1621 147 50 tutor
836 1604 110 64 and
979 1604 95 64 the
1120 1620 239 66 greatest
1398 1620 156 48 actor

154 1699 58 65 of
258 1699 82 65 his
404 1701 147 72 time,
621 1698 134 64 who
801 1695 162 65 ranks
1031 1695 139 66 with
1242 1694 312 66 Francesco

155 1788 292 76 Andreini,
486 1787 249 66 Barbieri
768 1785 111 66 and
914 1785 323 65 Martinelli.
1289 1785 263 68 Andrew

156 1878 243 69 Marvell
430 1907 120 40 was
583 1896 57 48 at
670 1879 106 65 this
809 1877 315 67 Whitehall
1147 1877 402 82 performance,

155 1972 112 65 and
314 1972 95 65 the
455 1988 133 47 next
656 1997 138 56 year
841 1997 72 37 on
983 1967 128 85 July
1161 1968 149 65 24th
1366 1972 186 62 writes

155 2082 58 47 to
261 2063 117 66 Mr.
416 2061 258 67 William
707 2060 294 67 Ramsden
1031 2063 56 61 in
1117 2088 35 36 a
1182 2060 158 66 letter
1370 2063 183 80 giving

154 2159 217 62 various
401 2157 186 79 pieces
625 2152 59 65 of
716 2155 180 63 Court
942 2179 155 39 news
1126 2179 14 37 :
1192 2188 85 6 —
1332 2157 36 22 44
1406 2152 108 65 Sca-

157 2254 10 20 4
181 2254 12 20 4
230 2248 279 63 ramuccio
556 2248 184 80 acting
810 2242 153 84 daily
1030 2246 54 63 in
1154 2242 98 65 the
1327 2241 109 66 hall
1495 2244 58 63 of

157 2347 33 19 44
231 2338 333 75 Whitehall,
615 2338 111 63 and
775 2335 71 66 all
881 2352 136 48 sorts
1050 2334 59 66 of
1139 2334 207 84 people
1378 2334 142 66 flock
1528 2375 23 11 -

155 2437 37 21 44
227 2433 90 79 ing
372 2429 221 74 thither,
651 2427 112 66 and
811 2430 204 79 paying
1062 2425 139 66 their
1250 2452 200 56 money
1491 2453 62 38 as

156 2528 34 21 44
228 2538 58 47 at
333 2549 34 36 a
424 2546 258 39 common
729 2518 308 84 playhouse
1065 2546 14 46 ;
1142 2543 111 58 nay
1316 2545 141 37 even
1519 2545 34 37 a

156 2620 37 21 44
241 2613 75 64 12
388 2639 186 57 penny
642 2610 206 83 gallery
912 2612 44 62 is
1013 2607 233 67 builded
1302 2608 83 66 for
1459 2608 93 66 the

157 2712 36 21 44
230 2707 373 63 convenience
634 2703 58 65 of
724 2702 84 65 his
842 2701 300 84 Majesty's
1190 2726 203 57 poorer
1418 2700 100 66 sub-

157 2803 35 21 44
228 2799 136 80 jects

268 2886 277 84 England,
597 2886 115 66 rich
776 2884 112 66 and
935 2912 160 56 poor,
1159 2912 136 56 goes
1341 2900 61 49 to
1459 2910 94 39 see

152 2979 108 65 this
315 2997 202 47 master
585 2977 314 74 comedian,
974 2975 211 66 second
1255 2993 58 47 to
1383 3002 166 38 none.

151 3071 145 64 And
341 3071 42 66 if
438 3072 20 63 I
508 3069 169 69 know
724 3068 265 84 anything
1050 3068 60 65 of
1156 3083 153 68 great
1357 3095 153 36 come-

151 3162 174 75 dians,
376 3166 42 61 it
465 3164 43 63 is
570 3161 105 64 this
703 3189 14 36 :
783 3161 135 81 they
971 3176 92 48 act
1095 3157 122 66 best
1257 3157 170 67 when
1458 3158 95 65 the

151 3253 273 66 audience
468 3256 44 62 is
559 3251 273 68 leavened
880 3251 77 82 by
990 3279 31 37 a
1055 3251 151 82 large
1238 3253 315 78 smattering

148 3346 59 64 of
254 3345 94 65 the
394 3345 261 82 ordinary
716 3342 220 85 people,
1003 3341 112 66 and
1178 3359 59 47 to
1298 3369 91 37 me
1449 3341 105 65 this

148 3436 248 84 explains
442 3436 137 84 why
636 3435 240 66 Charles
926 3434 91 73 II.,
1081 3432 212 84 always
1341 3460 36 39 a
1424 3460 133 37 man

147 3529 60 63 of
254 3556 258 38 common
559 3556 175 45 sense,
786 3526 63 82 (a
898 3553 155 38 sense
1084 3553 63 37 so
1180 3524 263 84 despised
1473 3524 80 84 by

147 3620 161 65 those
354 3619 363 84 tight-lipped
764 3618 206 65 friends
1006 3617 58 66 of
1095 3617 129 80 his),
1260 3615 136 69 who

148 3712 155 79 often
336 3711 99 66 did
468 3740 35 37 a
548 3714 140 64 wise
733 3709 155 83 thing
935 3713 141 80 spite
1123 3708 58 65 of
1214 3708 95 65 the
1341 3708 215 83 cynical

148 3831 174 49 verse,
373 3802 244 69 allowed
664 3801 203 86 people
921 3819 59 48 to
1043 3827 163 39 come
1267 3799 112 67 and
1441 3827 115 56 pay

148 3897 86 64 for
264 3914 163 57 seats,
477 3897 84 64 for
592 3895 122 66 that
761 3895 182 82 brings
990 3892 96 65 the
1133 3896 318 80 inspiration
1498 3892 59 64 of

148 3989 96 64 the
289 4015 199 38 muses.
555 3986 133 66 The
735 3985 329 66 deadheads
1096 4012 93 38 are
1220 3982 337 68 deadhearts

147 4097 60 47 to
237 4079 132 85 play
416 4097 78 48 to.
545 4079 99 66 To
688 4079 145 66 have
877 4094 61 48 to
1008 4075 75 66 be
1152 4078 170 80 funny
1394 4093 57 47 to
1521 4103 36 37 a

147 4170 216 68 theatre
408 4170 95 66 full
550 4170 59 65 of
655 4172 263 64 courtiers
950 4172 43 62 is
1026 4167 127 68 well
1183 4168 131 84 nigh
1346 4169 173 83 impos-

1600 145 137 65 sible
1763 172 15 50 ;
1829 162 58 48 to
1934 145 145 67 have
2128 162 58 48 to
2217 146 122 64 face
2370 145 203 85 people
2605 145 109 64 like
2752 145 246 74 Marvel,

1599 237 133 67 who
1764 255 82 48 sat
1878 237 222 83 blankly
2141 237 241 66 amazed
2429 254 58 48 at
2532 237 107 65 this
2685 263 280 40 unconven-

1599 327 165 66 tional
1797 326 355 85 proceeding,
2180 355 82 47 or,
2288 329 41 63 if
2360 345 97 47 not
2481 326 260 75 amazed,
2762 331 235 71 curious,

1601 447 169 47 ....or,
1839 420 39 64 if
1923 437 96 47 not
2081 423 238 69 curious,
2353 419 249 72 amused,
2639 437 56 47 at
2742 445 109 58 any
2884 437 117 47 rate

1599 528 94 47 not
1756 528 57 48 at
1873 538 219 47 ease,...
2127 528 59 48 to
2233 510 144 66 have
2431 527 58 48 to
2553 510 130 84 play
2746 528 58 47 to
2865 510 135 66 such

1601 630 206 55 uneasy
1869 630 132 36 ones
2055 604 44 62 is
2169 602 226 82 nothing
2464 602 82 64 for
2612 600 247 78 Fiorilli;
2931 602 73 64 he

1601 711 143 48 must
1789 693 148 66 have
1982 692 112 66 real
2142 692 202 84 people
2391 711 60 47 to
2483 692 171 84 speak
2686 711 79 57 to,
2804 692 199 66 ....and

1600 785 75 64 he
1705 801 117 66 gets
1854 785 170 63 them.
2055 778 61 59 6)

1717 876 171 65 After
1932 875 201 82 having
2179 903 131 38 seen
2363 873 107 66 this
2523 891 141 48 most
2733 875 271 64 excellent

1601 966 315 75 comedian,
1967 966 217 83 Evelyn
2241 993 132 57 goes
2442 994 75 37 no
2559 993 154 38 more
2781 984 60 47 to
2908 965 96 66 the

1601 1059 215 65 theatre
1862 1058 85 66 for
1994 1086 166 38 seven
2208 1084 178 57 years.

1738 1150 101 65 On
1907 1149 244 83 January
2215 1149 146 74 6th.,
2448 1149 187 74 1684,
2702 1148 97 65 the
2861 1150 140 64 river

1599 1240 169 83 being
1844 1243 151 80 quite
2074 1240 193 65 frozen
2344 1266 151 48 over,
2563 1238 219 84 Evelyn
2860 1239 140 64 after

1601 1334 228 80 waiting
1882 1331 156 64 three
2107 1328 139 86 days
2316 1357 155 38 more
2540 1328 113 67 and
2723 1331 176 81 trying
2960 1333 40 61 it

1601 1422 139 67 with
1785 1422 84 65 his
1916 1440 113 56 toe,
2083 1427 36 23 44
2149 1439 151 50 went
2346 1447 185 40 across
2586 1421 96 66 the
2743 1420 258 66 Thames

1601 1541 74 37 on
1722 1513 95 65 the
1864 1517 87 61 ice
2066 1512 113 66 and
2220 1511 330 67 discovered
2597 1512 155 66 there
2782 1529 215 57 streets,

1600 1605 203 84 people
1849 1607 241 80 roasting
2139 1623 168 57 meat,
2358 1605 189 82 shops,
2606 1604 95 64 the
2756 1602 244 66 hubbub

1601 1698 57 64 of
1690 1699 94 63 the
1816 1700 132 80 city,
1984 1696 323 84 everything
2339 1724 61 38 as
2431 1699 56 62 in
2518 1724 36 37 a
2600 1714 156 48 town
2798 1712 204 66 except

1605 1794 36 23 44
1678 1788 257 75 coaches,
1972 1806 158 58 carts,
2170 1788 112 66 and
2314 1788 189 65 horses
2690 1785 143 66 This
2865 1787 136 64 frost

1599 1884 43 61 is
1690 1908 62 37 so
1799 1907 190 40 severe
2036 1879 119 65 that
2201 1883 42 61 it
2290 1883 283 62 continues
2622 1875 230 87 beyond
2906 1877 95 66 the

1603 1971 191 76 24th.,
1845 2000 74 37 on
1966 1971 188 66 which
2187 1971 113 84 day
2334 1971 220 82 Evelyn
2584 1969 261 66 observes
2879 1968 118 65 that

1600 2062 155 65 there
1787 2066 43 61 is
1878 2091 34 36 a
1959 2062 423 84 puppet-booth
2429 2089 148 56 open
2624 2060 132 75 and,
2808 2060 72 64 let
2936 2086 64 38 us

1600 2154 168 85 hope,
1818 2154 213 66 closed.
2125 2152 134 68 The
2305 2157 86 61 ice
2437 2154 163 64 bears
2655 2179 155 38 more
2865 2151 135 65 than

1599 2250 40 61 it
1686 2245 99 66 did
1832 2249 56 62 in
1935 2245 96 66 the
2061 2249 257 79 previous
2358 2245 134 65 frost
2522 2245 85 65 for
2639 2272 75 38 on
2744 2244 94 65 the
2875 2242 122 65 5th.

1600 2335 58 66 of
1705 2336 289 83 February
2027 2336 72 65 he
2131 2335 183 69 drives
2347 2363 184 38 across
2577 2338 56 62 in
2681 2335 84 65 his
2798 2333 197 66 coach.

1737 2428 168 65 From
1952 2428 131 66 cold
2130 2444 59 49 to
2252 2428 152 74 heat,
2453 2428 141 65 from
2649 2427 243 82 January
2940 2442 58 48 to

1599 2519 146 84 July,
1794 2521 141 64 from
1982 2519 237 66 hubbub
2274 2536 59 48 to
2389 2519 95 65 the
2554 2535 175 48 sweet
2793 2516 207 66 sounds

1600 2611 58 65 of
1707 2612 191 65 Italian
1944 2615 193 69 music,
2188 2610 112 66 and
2348 2610 220 83 Evelyn
2616 2626 56 48 at
2720 2608 83 65 his
2866 2613 98 60 sim-

1599 2703 139 84 plest
1761 2703 271 67 —almost
2086 2720 97 48 too
2253 2701 213 84 simple.
2563 2701 113 65 For
2746 2728 73 38 on
2889 2701 109 65 this

1604 2795 164 66 25th.
1822 2796 60 65 of
1926 2795 148 84 July,
2122 2794 188 75 1684,
2346 2795 72 63 he
2471 2799 38 23 44
2537 2791 172 67 dined
2742 2809 57 48 at
2838 2791 158 65 Lord

1605 2895 34 22 44
1678 2886 341 75 Falkland's,
2102 2885 306 66 Treasurer
2498 2885 58 65 of
2634 2884 95 66 the
2807 2884 189 82 Navy,

1605 2987 36 21 44
1679 2980 192 66 where
1918 2978 139 66 after
2103 2978 193 66 dinner
2343 3006 91 39 we
2489 2975 116 66 had
2652 3003 119 38 rare
2803 2978 193 72 music,

1605 3078 36 22 44
1678 3071 154 66 there
1865 3069 167 83 being
2079 3084 251 69 amongst
2375 3068 207 74 others,
2631 3069 200 80 Signor
2862 3067 100 64 Pie-

1605 3170 36 21 44
1678 3180 85 48 tro
1811 3161 242 84 Reggio,
2088 3158 18 56 (
2108 3175 39 26 w
2150 3158 15 57 )
2199 3159 114 68 and
2352 3161 198 82 Signor
2580 3159 148 83 John
2760 3158 242 84 Baptist,,

1606 3264 35 20 44
1679 3253 139 66 both
1887 3255 234 73 famous,
2172 3281 107 37 one
2342 3253 85 65 for
2497 3252 83 65 his
2650 3255 182 71 voice,
2904 3250 96 64 the

1606 3352 36 22 44
1676 3346 160 65 other
1883 3345 84 65 for
2014 3345 222 82 playing
2307 3372 73 36 on
2450 3342 95 66 the
2605 3340 387 86 harpsichord,

1606 3445 35 22 44
1678 3439 114 67 few
1838 3436 41 65 if
1925 3464 109 55 any
2083 3440 54 62 in
2192 3435 231 84 Europe
2483 3434 310 85 exceeding
2860 3434 135 65 him.

1728 3640 63 59 (v)
1825 3638 147 45 Fiorilli
1992 3638 82 45 had
2107 3638 103 44 been
2231 3655 101 28 once
2363 3638 139 44 before
2523 3649 43 33 to
2598 3637 176 45 London
2802 3638 29 43 it
2864 3635 135 46 would

1603 3719 106 27 seem
1728 3715 10 26 :
1774 3700 15 45 I
1821 3711 123 45 quote
1977 3700 59 45 H.
2072 3699 204 55 Maynard
2309 3699 131 45 Smith
2458 3713 11 26 :

1775 3761 158 57 Evelyn
1972 3779 85 26 saw
2102 3760 167 45 Tiberio
2316 3760 158 45 Fiurelli
2520 3771 64 32 act
2631 3779 42 25 as
2720 3758 269 46 Scaramuccio-

1655 3822 120 47 while
1805 3824 40 43 in
1888 3821 113 57 Italy,
2033 3823 80 44 and
2156 3824 113 53 again
2300 3823 40 43 in
2380 3821 225 45 Whitehall
2635 3824 40 42 in
2714 3820 129 45 1675.
2907 3818 71 44 Fiu-

1606 3896 24 15 44
1654 3885 81 44 relli
1766 3902 84 26 was
1871 3884 77 44 first
1969 3886 41 41 in
2032 3881 183 58 England
2236 3883 100 44 from
2360 3884 104 55 May
2485 3894 42 32 to
2549 3881 236 58 September
2806 3883 41 42 in
2875 3881 138 47 1673,*

1606 3956 25 16 44
1655 3946 80 44 and
1766 3946 97 43 then
1892 3945 184 43 returned
2123 3956 43 33 to
2197 3944 212 45 Sondiac's
2453 3944 178 44 Theatre
2672 3945 40 42 in
2744 3942 124 45 Paris.
2931 3940 70 44 He

1661 4008 95 56 paid
1789 4005 186 56 England
2006 4005 167 45 another
2207 4007 85 43 visit
2323 4007 41 42 in
2395 4005 92 56 July
2527 4006 110 44 1675

1730 4068 73 59 (w)
1839 4067 45 44 In
1914 4067 70 44 the
2019 4067 146 44 British
2206 4066 192 45 Museum
2428 4066 69 45 lies
2528 4085 25 25 a
2594 4066 237 54 manuscript
2863 4063 43 44 of
2928 4063 72 50 his,

1820 4128 61 44 for
1926 4139 84 34 two
2059 4127 189 52 voices*',
2282 4127 183 45 Mottetti
2500 4127 215 56 Madrigali
2746 4144 104 32 ecc.,
2892 4142 113 26 some

1610 4190 81 47 195
1725 4208 135 40 pages.
