<?xml version="1.0" encoding="UTF-8"?>
<alto xmlns:xsi="http://www.w3.org/2001/XMLSchema-instance" xmlns="http://www.loc.gov/standards/alto/ns-v2#" xsi:schemaLocation="http://www.loc.gov/standards/alto/ns-v2# http://www.loc.gov/standards/alto/alto-v2.0.xsd" xmlns:xlink="http://www.w3.org/1999/xlink">
	<Description>
		<MeasurementUnit>mm10</MeasurementUnit>
		<sourceImageInformation>
			<fileName>//fileserver7/IN2-2/Princeton/bmtnaau/1924/10_01/00000238.tif</fileName>
		</sourceImageInformation>
		<OCRProcessing ID="OCRPROCESSING_1">
			<preProcessingStep>
				<processingSoftware>
					<softwareCreator>CCS Content Conversion Specialists GmbH, Germany</softwareCreator>
					<softwareName>CCS docWorks</softwareName>
					<softwareVersion>6.7-1.24</softwareVersion>
				</processingSoftware>
			</preProcessingStep>
			<ocrProcessingStep>
				<processingSoftware>
					<softwareCreator>ABBYY (BIT Software), Russia</softwareCreator>
					<softwareName>FineReader</softwareName>
					<softwareVersion>10.0</softwareVersion>
				</processingSoftware>
			</ocrProcessingStep>
		</OCRProcessing>
		<OCRProcessing ID="OCRPROCESSING_2">
			<preProcessingStep>
				<processingSoftware>
					<softwareCreator>CCS Content Conversion Specialists GmbH, Germany</softwareCreator>
					<softwareName>CCS docWorks</softwareName>
					<softwareVersion>6.7-1.24</softwareVersion>
				</processingSoftware>
			</preProcessingStep>
			<ocrProcessingStep>
				<processingSoftware>
					<softwareCreator>ABBYY (BIT Software), Russia</softwareCreator>
					<softwareName>NA</softwareName>
				</processingSoftware>
			</ocrProcessingStep>
		</OCRProcessing>
	</Description>
	<Styles>
		<TextStyle ID="TXT_0" FONTSIZE="32" FONTFAMILY="Times New Roman"/>
		<TextStyle ID="TXT_1" FONTSIZE="15" FONTFAMILY="Times New Roman"/>
		<TextStyle ID="TXT_2" FONTSIZE="15" FONTFAMILY="Times New Roman" FONTSTYLE="italics"/>
		<TextStyle ID="TXT_3" FONTSIZE="17" FONTFAMILY="Times New Roman"/>
		<TextStyle ID="TXT_4" FONTSIZE="14" FONTFAMILY="Times New Roman" FONTSTYLE="bold"/>
		<TextStyle ID="TXT_5" FONTSIZE="10" FONTFAMILY="Times New Roman" FONTSTYLE="bold"/>
		<TextStyle ID="TXT_6" FONTSIZE="25" FONTFAMILY="Times New Roman"/>
		<TextStyle ID="TXT_7" FONTSIZE="14" FONTFAMILY="Times New Roman"/>
		<TextStyle ID="TXT_8" FONTSIZE="12" FONTFAMILY="Times New Roman" FONTSTYLE="bold"/>
		<TextStyle ID="TXT_9" FONTSIZE="13" FONTFAMILY="Times New Roman" FONTSTYLE="bold italics"/>
		<TextStyle ID="TXT_10" FONTSIZE="11" FONTFAMILY="Times New Roman" FONTSTYLE="bold italics"/>
		<TextStyle ID="TXT_11" FONTSIZE="13" FONTFAMILY="Times New Roman" FONTSTYLE="italics"/>
		<TextStyle ID="TXT_12" FONTSIZE="9" FONTFAMILY="Times New Roman" FONTSTYLE="bold"/>
		<ParagraphStyle ID="PAR_LEFT" ALIGN="Left"/>
		<ParagraphStyle ID="PAR_BLOCK" ALIGN="Block"/>
		<ParagraphStyle ID="PAR_RIGHT" ALIGN="Right"/>
	</Styles>
	<Layout>
		<Page ID="P60" PHYSICAL_IMG_NR="60" HEIGHT="4371" WIDTH="3111" PRINTED_IMG_NR="188" PC="0.888">
			<TopMargin ID="P60_TM00001" HPOS="0" VPOS="0" WIDTH="3111" HEIGHT="143">
				<TextBlock ID="P60_TB00001" HPOS="141" VPOS="95" WIDTH="83" HEIGHT="45" STYLEREFS="TXT_0 PAR_LEFT">
					<TextLine ID="P60_TL00001" HPOS="141" VPOS="95" WIDTH="83" HEIGHT="45">
						<String ID="P60_ST00001" HPOS="141" VPOS="95" WIDTH="83" HEIGHT="45" CONTENT="188" WC="1.00" CC="000"/>
					</TextLine>
				</TextBlock>
			</TopMargin>
			<LeftMargin ID="P60_LM00001" HPOS="0" VPOS="143" WIDTH="132" HEIGHT="4124"/>
			<RightMargin ID="P60_RM00001" HPOS="3005" VPOS="143" WIDTH="106" HEIGHT="4124"/>
			<BottomMargin ID="P60_BM00001" HPOS="0" VPOS="4267" WIDTH="3111" HEIGHT="104"/>
			<PrintSpace ID="P60_PS00001" HPOS="132" VPOS="143" WIDTH="2873" HEIGHT="4125">
				<TextBlock ID="P60_TB00002" HPOS="132" VPOS="185" WIDTH="931" HEIGHT="181" STYLEREFS="TXT_1 PAR_LEFT">
					<TextLine ID="P60_TL00002" HPOS="134" VPOS="185" WIDTH="916" HEIGHT="58">
						<String ID="P60_ST00002" HPOS="134" VPOS="186" WIDTH="211" HEIGHT="57" CONTENT="sympathy" WC="0.98" CC="73202675"/>
						<SP ID="P60_SP00001" HPOS="345" VPOS="243" WIDTH="31"/>
						<String ID="P60_ST00003" HPOS="376" VPOS="186" WIDTH="53" HEIGHT="55" CONTENT="by" WC="0.60" CC="70"/>
						<SP ID="P60_SP00002" HPOS="429" VPOS="243" WIDTH="37"/>
						<String ID="P60_ST00004" HPOS="466" VPOS="185" WIDTH="312" HEIGHT="57" CONTENT="understanding" WC="0.99" CC="3772634057667"/>
						<SP ID="P60_SP00003" HPOS="778" VPOS="243" WIDTH="42"/>
						<String ID="P60_ST00005" HPOS="820" VPOS="186" WIDTH="52" HEIGHT="46" CONTENT="all" WC="0.94" CC="158"/>
						<SP ID="P60_SP00004" HPOS="872" VPOS="243" WIDTH="33"/>
						<String ID="P60_ST00006" HPOS="905" VPOS="188" WIDTH="82" HEIGHT="43" CONTENT="that" WC="0.97" CC="6702"/>
						<SP ID="P60_SP00005" HPOS="987" VPOS="243" WIDTH="31"/>
						<String ID="P60_ST00007" HPOS="1018" VPOS="190" WIDTH="32" HEIGHT="40" CONTENT="is" WC="0.40" CC="65"/>
					</TextLine>
					<TextLine ID="P60_TL00003" HPOS="135" VPOS="247" WIDTH="918" HEIGHT="58">
						<String ID="P60_ST00008" HPOS="135" VPOS="247" WIDTH="187" HEIGHT="55" CONTENT="possible," WC="0.98" CC="046247506"/>
						<SP ID="P60_SP00006" HPOS="322" VPOS="302" WIDTH="33"/>
						<String ID="P60_ST00009" HPOS="355" VPOS="265" WIDTH="44" HEIGHT="25" CONTENT="or" WC="0.59" CC="16"/>
						<SP ID="P60_SP00007" HPOS="399" VPOS="302" WIDTH="33"/>
						<String ID="P60_ST00010" HPOS="432" VPOS="247" WIDTH="52" HEIGHT="44" CONTENT="let" WC="0.96" CC="405"/>
						<SP ID="P60_SP00008" HPOS="484" VPOS="302" WIDTH="33"/>
						<String ID="P60_ST00011" HPOS="517" VPOS="265" WIDTH="64" HEIGHT="26" CONTENT="me" WC="0.60" CC="24"/>
						<SP ID="P60_SP00009" HPOS="581" VPOS="302" WIDTH="32"/>
						<String ID="P60_ST00012" HPOS="613" VPOS="258" WIDTH="63" HEIGHT="45" CONTENT="get" WC="0.95" CC="606"/>
						<SP ID="P60_SP00010" HPOS="676" VPOS="303" WIDTH="42"/>
						<String ID="P60_ST00013" HPOS="718" VPOS="266" WIDTH="116" HEIGHT="39" CONTENT="away" WC="0.97" CC="3560"/>
						<SP ID="P60_SP00011" HPOS="834" VPOS="305" WIDTH="31"/>
						<String ID="P60_ST00014" HPOS="865" VPOS="248" WIDTH="83" HEIGHT="44" CONTENT="and" WC="0.93" CC="539"/>
						<SP ID="P60_SP00012" HPOS="948" VPOS="305" WIDTH="37"/>
						<String ID="P60_ST00015" HPOS="985" VPOS="247" WIDTH="68" HEIGHT="44" CONTENT="die" WC="0.98" CC="040"/>
					</TextLine>
					<TextLine ID="P60_TL00004" HPOS="138" VPOS="309" WIDTH="924" HEIGHT="56">
						<String ID="P60_ST00016" HPOS="138" VPOS="310" WIDTH="41" HEIGHT="42" CONTENT="in" WC="0.82" CC="30"/>
						<SP ID="P60_SP00013" HPOS="179" VPOS="352" WIDTH="32"/>
						<String ID="P60_ST00017" HPOS="211" VPOS="325" WIDTH="109" HEIGHT="27" CONTENT="some" WC="0.99" CC="2003"/>
						<SP ID="P60_SP00014" HPOS="320" VPOS="352" WIDTH="50"/>
						<String ID="P60_ST00018" HPOS="370" VPOS="309" WIDTH="246" HEIGHT="53" CONTENT="pretentious" WC="0.99" CC="04470207564"/>
						<SP ID="P60_SP00015" HPOS="616" VPOS="362" WIDTH="47"/>
						<String ID="P60_ST00019" HPOS="663" VPOS="325" WIDTH="153" HEIGHT="34" CONTENT="corner," WC="0.97" CC="5655194"/>
						<SP ID="P60_SP00016" HPOS="816" VPOS="362" WIDTH="45"/>
						<String ID="P60_ST00020" HPOS="861" VPOS="327" WIDTH="66" HEIGHT="38" CONTENT="my" WC="1.00" CC="00"/>
						<SP ID="P60_SP00017" HPOS="927" VPOS="365" WIDTH="48"/>
						<String ID="P60_ST00021" HPOS="975" VPOS="309" WIDTH="87" HEIGHT="51" CONTENT="self" WC="1.00" CC="0000" STYLEREFS="TXT_2"/>
					</TextLine>
				</TextBlock>
				<TextBlock ID="P60_TB00003" HPOS="136" VPOS="367" WIDTH="614" HEIGHT="60" STYLEREFS="TXT_1 PAR_LEFT">
					<TextLine ID="P60_TL00005" HPOS="138" VPOS="368" WIDTH="610" HEIGHT="57">
						<String ID="P60_ST00022" HPOS="138" VPOS="369" WIDTH="175" HEIGHT="56" CONTENT="anyhow" WC="0.99" CC="000630"/>
						<SP ID="P60_SP00018" HPOS="313" VPOS="425" WIDTH="23"/>
						<String ID="P60_ST00023" HPOS="336" VPOS="370" WIDTH="120" HEIGHT="42" CONTENT="intact" WC="0.99" CC="503004"/>
						<SP ID="P60_SP00019" HPOS="456" VPOS="425" WIDTH="33"/>
						<String ID="P60_ST00024" HPOS="489" VPOS="379" WIDTH="42" HEIGHT="33" CONTENT="to" WC="0.54" CC="44"/>
						<SP ID="P60_SP00020" HPOS="531" VPOS="425" WIDTH="31"/>
						<String ID="P60_ST00025" HPOS="562" VPOS="368" WIDTH="68" HEIGHT="44" CONTENT="the" WC="0.97" CC="600"/>
						<SP ID="P60_SP00021" HPOS="630" VPOS="425" WIDTH="35"/>
						<String ID="P60_ST00026" HPOS="665" VPOS="368" WIDTH="83" HEIGHT="45" CONTENT="last." WC="0.98" CC="40034"/>
						<SP ID="P60_SP00022" HPOS="748" VPOS="425" WIDTH="0"/>
					</TextLine>
				</TextBlock>
				<TextBlock ID="P60_TB00004" HPOS="906" VPOS="367" WIDTH="147" HEIGHT="50" STYLEREFS="TXT_3 PAR_LEFT">
					<TextLine ID="P60_TL00006" HPOS="909" VPOS="370" WIDTH="143" HEIGHT="44">
						<String ID="P60_ST00027" HPOS="909" VPOS="370" WIDTH="59" HEIGHT="44" CONTENT="G." WC="0.60" CC="07"/>
						<SP ID="P60_SP00023" HPOS="968" VPOS="414" WIDTH="33"/>
						<String ID="P60_ST00028" HPOS="1001" VPOS="371" WIDTH="51" HEIGHT="43" CONTENT="C." WC="0.98" CC="06"/>
					</TextLine>
				</TextBlock>
				<TextBlock ID="P60_TB00005" HPOS="135" VPOS="488" WIDTH="920" HEIGHT="366" STYLEREFS="TXT_1 PAR_LEFT">
					<TextLine ID="P60_TL00007" HPOS="138" VPOS="489" WIDTH="916" HEIGHT="51">
						<String ID="P60_ST00029" HPOS="138" VPOS="489" WIDTH="109" HEIGHT="44" CONTENT="MY" WC="1.00" CC="00"/>
						<SP ID="P60_SP00024" HPOS="247" VPOS="533" WIDTH="26"/>
						<String ID="P60_ST00030" HPOS="273" VPOS="489" WIDTH="135" HEIGHT="45" CONTENT="LIFE" WC="1.00" CC="0000"/>
						<SP ID="P60_SP00025" HPOS="408" VPOS="534" WIDTH="29"/>
						<String ID="P60_ST00031" HPOS="437" VPOS="489" WIDTH="71" HEIGHT="44" CONTENT="IN" WC="1.00" CC="00"/>
						<SP ID="P60_SP00026" HPOS="508" VPOS="534" WIDTH="28"/>
						<String ID="P60_ST00032" HPOS="536" VPOS="489" WIDTH="142" HEIGHT="44" CONTENT="ART" WC="0.98" CC="120"/>
						<SP ID="P60_SP00027" HPOS="678" VPOS="534" WIDTH="40"/>
						<String ID="P60_ST00033" HPOS="718" VPOS="490" WIDTH="50" HEIGHT="50" CONTENT="by" WC="0.96" CC="70"/>
						<SP ID="P60_SP00028" HPOS="768" VPOS="540" WIDTH="46"/>
						<String ID="P60_ST00034" HPOS="814" VPOS="490" WIDTH="240" HEIGHT="43" CONTENT="Constantin" WC="0.96" CC="0557467612"/>
						<SP ID="P60_SP00029" HPOS="1054" VPOS="540" WIDTH="0"/>
					</TextLine>
					<TextLine ID="P60_TL00008" HPOS="138" VPOS="550" WIDTH="915" HEIGHT="52">
						<String ID="P60_ST00035" HPOS="138" VPOS="550" WIDTH="314" HEIGHT="52" CONTENT="Stanislawsky." WC="0.58" CC="0500686048607"/>
						<SP ID="P60_SP00030" HPOS="452" VPOS="602" WIDTH="84"/>
						<String ID="P60_ST00036" HPOS="536" VPOS="550" WIDTH="123" HEIGHT="43" CONTENT="Little" WC="0.99" CC="351004"/>
						<SP ID="P60_SP00031" HPOS="659" VPOS="602" WIDTH="36"/>
						<String ID="P60_ST00037" HPOS="695" VPOS="552" WIDTH="151" HEIGHT="42" CONTENT="Brown" WC="0.97" CC="71652"/>
						<SP ID="P60_SP00032" HPOS="846" VPOS="602" WIDTH="45"/>
						<String ID="P60_ST00038" HPOS="891" VPOS="550" WIDTH="45" HEIGHT="43" CONTENT="&amp;" WC="1.00" CC="0"/>
						<SP ID="P60_SP00033" HPOS="936" VPOS="602" WIDTH="44"/>
						<String ID="P60_ST00039" HPOS="980" VPOS="552" WIDTH="73" HEIGHT="42" CONTENT="Co." WC="0.96" CC="064"/>
						<SP ID="P60_SP00034" HPOS="1053" VPOS="602" WIDTH="0"/>
					</TextLine>
					<TextLine ID="P60_TL00009" HPOS="138" VPOS="611" WIDTH="688" HEIGHT="50">
						<String ID="P60_ST00040" HPOS="138" VPOS="612" WIDTH="168" HEIGHT="43" CONTENT="Boston." WC="0.98" CC="2004454"/>
						<SP ID="P60_SP00035" HPOS="306" VPOS="655" WIDTH="72"/>
						<String ID="P60_ST00041" HPOS="378" VPOS="611" WIDTH="149" HEIGHT="44" CONTENT="1924." WC="0.73" CC="50034"/>
						<SP ID="P60_SP00036" HPOS="527" VPOS="655" WIDTH="65"/>
						<String ID="P60_ST00042" HPOS="592" VPOS="611" WIDTH="115" HEIGHT="50" CONTENT="$6." WC="0.97" CC="704"/>
						<SP ID="P60_SP00037" HPOS="707" VPOS="661" WIDTH="37"/>
						<String ID="P60_ST00043" HPOS="744" VPOS="619" WIDTH="82" HEIGHT="37" CONTENT="net," WC="0.95" CC="8804"/>
						<SP ID="P60_SP00038" HPOS="826" VPOS="661" WIDTH="0"/>
					</TextLine>
					<TextLine ID="P60_TL00010" HPOS="138" VPOS="671" WIDTH="917" HEIGHT="54">
						<String ID="P60_ST00044" HPOS="138" VPOS="672" WIDTH="237" HEIGHT="44" CONTENT="STUDIO" WC="0.98" CC="305024"/>
						<SP ID="P60_SP00039" HPOS="375" VPOS="716" WIDTH="34"/>
						<String ID="P60_ST00045" HPOS="409" VPOS="671" WIDTH="139" HEIGHT="44" CONTENT="AND" WC="1.00" CC="000"/>
						<SP ID="P60_SP00040" HPOS="548" VPOS="716" WIDTH="32"/>
						<String ID="P60_ST00046" HPOS="580" VPOS="672" WIDTH="209" HEIGHT="44" CONTENT="STAGE" WC="1.00" CC="10001"/>
						<SP ID="P60_SP00041" HPOS="789" VPOS="716" WIDTH="39"/>
						<String ID="P60_ST00047" HPOS="828" VPOS="672" WIDTH="53" HEIGHT="53" CONTENT="by" WC="0.50" CC="54"/>
						<SP ID="P60_SP00042" HPOS="881" VPOS="725" WIDTH="27"/>
						<String ID="P60_ST00048" HPOS="908" VPOS="672" WIDTH="147" HEIGHT="52" CONTENT="Joseph" WC="0.98" CC="009690"/>
						<SP ID="P60_SP00043" HPOS="1055" VPOS="725" WIDTH="0"/>
					</TextLine>
					<TextLine ID="P60_TL00011" HPOS="138" VPOS="731" WIDTH="917" HEIGHT="54">
						<String ID="P60_ST00049" HPOS="138" VPOS="733" WIDTH="179" HEIGHT="52" CONTENT="Harker." WC="0.96" CC="6306080"/>
						<SP ID="P60_SP00044" HPOS="317" VPOS="785" WIDTH="33"/>
						<String ID="P60_ST00050" HPOS="350" VPOS="732" WIDTH="146" HEIGHT="44" CONTENT="Nisbet" WC="0.96" CC="009095"/>
						<SP ID="P60_SP00045" HPOS="496" VPOS="785" WIDTH="33"/>
						<String ID="P60_ST00051" HPOS="529" VPOS="731" WIDTH="45" HEIGHT="44" CONTENT="&amp;" WC="1.00" CC="0"/>
						<SP ID="P60_SP00046" HPOS="574" VPOS="785" WIDTH="25"/>
						<String ID="P60_ST00052" HPOS="599" VPOS="733" WIDTH="72" HEIGHT="43" CONTENT="Co." WC="0.96" CC="072"/>
						<SP ID="P60_SP00047" HPOS="671" VPOS="785" WIDTH="20"/>
						<String ID="P60_ST00053" HPOS="691" VPOS="733" WIDTH="186" HEIGHT="43" CONTENT="London." WC="0.99" CC="0092504"/>
						<SP ID="P60_SP00048" HPOS="877" VPOS="785" WIDTH="28"/>
						<String ID="P60_ST00054" HPOS="905" VPOS="733" WIDTH="150" HEIGHT="44" CONTENT="1924." WC="0.98" CC="80034"/>
						<SP ID="P60_SP00049" HPOS="1055" VPOS="785" WIDTH="0"/>
					</TextLine>
					<TextLine ID="P60_TL00012" HPOS="146" VPOS="795" WIDTH="230" HEIGHT="56">
						<String ID="P60_ST00055" HPOS="146" VPOS="795" WIDTH="118" HEIGHT="56" CONTENT="12/6" WC="0.68" CC="6050"/>
						<SP ID="P60_SP00050" HPOS="264" VPOS="851" WIDTH="33"/>
						<String ID="P60_ST00056" HPOS="297" VPOS="802" WIDTH="79" HEIGHT="36" CONTENT="net." WC="0.99" CC="0024"/>
						<SP ID="P60_SP00051" HPOS="376" VPOS="851" WIDTH="0"/>
					</TextLine>
				</TextBlock>
				<TextBlock ID="P60_TB00006" HPOS="137" VPOS="913" WIDTH="937" HEIGHT="3355" STYLEREFS="TXT_1 PAR_LEFT">
					<TextLine ID="P60_TL00013" HPOS="140" VPOS="914" WIDTH="916" HEIGHT="109">
						<String ID="P60_ST00057" HPOS="140" VPOS="922" WIDTH="183" HEIGHT="101" CONTENT="TWO" WC="0.96" CC="036" STYLEREFS="TXT_4"/>
						<SP ID="P60_SP00052" HPOS="323" VPOS="1023" WIDTH="46"/>
						<String ID="P60_ST00058" HPOS="369" VPOS="914" WIDTH="268" HEIGHT="45" CONTENT="books—one" WC="0.99" CC="723408004" STYLEREFS="TXT_4"/>
						<SP ID="P60_SP00053" HPOS="637" VPOS="1023" WIDTH="45"/>
						<String ID="P60_ST00059" HPOS="682" VPOS="915" WIDTH="44" HEIGHT="44" CONTENT="of" WC="0.40" CC="56" STYLEREFS="TXT_4"/>
						<SP ID="P60_SP00054" HPOS="726" VPOS="1023" WIDTH="45"/>
						<String ID="P60_ST00060" HPOS="771" VPOS="915" WIDTH="109" HEIGHT="44" CONTENT="them" WC="0.98" CC="0710" STYLEREFS="TXT_4"/>
						<SP ID="P60_SP00055" HPOS="880" VPOS="1023" WIDTH="30"/>
						<String ID="P60_ST00061" HPOS="910" VPOS="915" WIDTH="146" HEIGHT="57" CONTENT="lovely," WC="0.99" CC="5001702" STYLEREFS="TXT_4"/>
					</TextLine>
					<TextLine ID="P60_TL00014" HPOS="230" VPOS="976" WIDTH="480" HEIGHT="45">
						<String ID="P60_ST00062" HPOS="230" VPOS="977" WIDTH="69" HEIGHT="44" CONTENT="the" WC="0.98" CC="400"/>
						<SP ID="P60_SP00056" HPOS="299" VPOS="1021" WIDTH="32"/>
						<String ID="P60_ST00063" HPOS="331" VPOS="977" WIDTH="114" HEIGHT="43" CONTENT="other" WC="0.99" CC="50050"/>
						<SP ID="P60_SP00057" HPOS="445" VPOS="1021" WIDTH="30"/>
						<String ID="P60_ST00064" HPOS="475" VPOS="995" WIDTH="25" HEIGHT="25" CONTENT="a" WC="1.00" CC="0"/>
						<SP ID="P60_SP00058" HPOS="500" VPOS="1021" WIDTH="33"/>
						<String ID="P60_ST00065" HPOS="533" VPOS="976" WIDTH="177" HEIGHT="44" CONTENT="mistake." WC="0.99" CC="67000007"/>
					</TextLine>
					<TextLine ID="P60_TL00015" HPOS="233" VPOS="1036" WIDTH="826" HEIGHT="57">
						<String ID="P60_ST00066" HPOS="233" VPOS="1037" WIDTH="285" HEIGHT="56" CONTENT="Stanislawsky" WC="0.84" CC="060051500000"/>
						<SP ID="P60_SP00059" HPOS="518" VPOS="1093" WIDTH="4"/>
						<String ID="P60_ST00067" HPOS="522" VPOS="1036" WIDTH="30" HEIGHT="45" CONTENT="*s" WC="0.64" CC="70"/>
						<SP ID="P60_SP00060" HPOS="552" VPOS="1093" WIDTH="47"/>
						<String ID="P60_ST00068" HPOS="599" VPOS="1039" WIDTH="30" HEIGHT="41" CONTENT="is" WC="0.76" CC="40"/>
						<SP ID="P60_SP00061" HPOS="629" VPOS="1093" WIDTH="33"/>
						<String ID="P60_ST00069" HPOS="662" VPOS="1037" WIDTH="66" HEIGHT="43" CONTENT="the" WC="0.92" CC="973"/>
						<SP ID="P60_SP00062" HPOS="728" VPOS="1093" WIDTH="45"/>
						<String ID="P60_ST00070" HPOS="773" VPOS="1047" WIDTH="106" HEIGHT="46" CONTENT="story" WC="0.98" CC="60600"/>
						<SP ID="P60_SP00063" HPOS="879" VPOS="1093" WIDTH="47"/>
						<String ID="P60_ST00071" HPOS="926" VPOS="1037" WIDTH="44" HEIGHT="44" CONTENT="of" WC="0.39" CC="57"/>
						<SP ID="P60_SP00064" HPOS="970" VPOS="1093" WIDTH="31"/>
						<String ID="P60_ST00072" HPOS="1001" VPOS="1037" WIDTH="58" HEIGHT="44" CONTENT="his" WC="0.96" CC="721"/>
					</TextLine>
					<TextLine ID="P60_TL00016" HPOS="138" VPOS="1097" WIDTH="918" HEIGHT="57">
						<String ID="P60_ST00073" HPOS="138" VPOS="1100" WIDTH="180" HEIGHT="53" CONTENT="untiring," WC="0.98" CC="466507344"/>
						<SP ID="P60_SP00065" HPOS="318" VPOS="1153" WIDTH="49"/>
						<String ID="P60_ST00074" HPOS="367" VPOS="1115" WIDTH="75" HEIGHT="39" CONTENT="gay" WC="0.96" CC="900"/>
						<SP ID="P60_SP00066" HPOS="442" VPOS="1154" WIDTH="46"/>
						<String ID="P60_ST00075" HPOS="488" VPOS="1098" WIDTH="80" HEIGHT="45" CONTENT="and" WC="0.98" CC="060"/>
						<SP ID="P60_SP00067" HPOS="568" VPOS="1154" WIDTH="34"/>
						<String ID="P60_ST00076" HPOS="602" VPOS="1098" WIDTH="119" HEIGHT="43" CONTENT="noble" WC="0.98" CC="02750"/>
						<SP ID="P60_SP00068" HPOS="721" VPOS="1154" WIDTH="31"/>
						<String ID="P60_ST00077" HPOS="752" VPOS="1097" WIDTH="68" HEIGHT="45" CONTENT="life" WC="0.96" CC="3670"/>
						<SP ID="P60_SP00069" HPOS="820" VPOS="1154" WIDTH="46"/>
						<String ID="P60_ST00078" HPOS="866" VPOS="1100" WIDTH="116" HEIGHT="52" CONTENT="given" WC="0.97" CC="67007"/>
						<SP ID="P60_SP00070" HPOS="982" VPOS="1154" WIDTH="33"/>
						<String ID="P60_ST00079" HPOS="1015" VPOS="1110" WIDTH="41" HEIGHT="31" CONTENT="to" WC="0.25" CC="95"/>
					</TextLine>
					<TextLine ID="P60_TL00017" HPOS="140" VPOS="1158" WIDTH="916" HEIGHT="46">
						<String ID="P60_ST00080" HPOS="140" VPOS="1160" WIDTH="180" HEIGHT="44" CONTENT="research" WC="0.98" CC="60519007"/>
						<SP ID="P60_SP00071" HPOS="320" VPOS="1204" WIDTH="32"/>
						<String ID="P60_ST00081" HPOS="352" VPOS="1158" WIDTH="129" HEIGHT="45" CONTENT="work." WC="0.97" CC="63504"/>
						<SP ID="P60_SP00072" HPOS="481" VPOS="1204" WIDTH="67"/>
						<String ID="P60_ST00082" HPOS="548" VPOS="1158" WIDTH="74" HEIGHT="45" CONTENT="All" WC="0.96" CC="424"/>
						<SP ID="P60_SP00073" HPOS="622" VPOS="1204" WIDTH="32"/>
						<String ID="P60_ST00083" HPOS="654" VPOS="1159" WIDTH="67" HEIGHT="43" CONTENT="the" WC="0.97" CC="700"/>
						<SP ID="P60_SP00074" HPOS="721" VPOS="1204" WIDTH="25"/>
						<String ID="P60_ST00084" HPOS="746" VPOS="1160" WIDTH="93" HEIGHT="42" CONTENT="time" WC="0.99" CC="0500"/>
						<SP ID="P60_SP00075" HPOS="839" VPOS="1204" WIDTH="31"/>
						<String ID="P60_ST00085" HPOS="870" VPOS="1159" WIDTH="52" HEIGHT="44" CONTENT="he" WC="0.99" CC="00"/>
						<SP ID="P60_SP00076" HPOS="922" VPOS="1204" WIDTH="31"/>
						<String ID="P60_ST00086" HPOS="953" VPOS="1176" WIDTH="83" HEIGHT="26" CONTENT="sear" SUBS_TYPE="HypPart1" SUBS_CONTENT="searches" WC="0.99" CC="0030"/>
						<HYP HPOS="1036" VPOS="1176" WIDTH="20" CONTENT="-"/>
					</TextLine>
					<TextLine ID="P60_TL00018" HPOS="140" VPOS="1219" WIDTH="918" HEIGHT="46">
						<String ID="P60_ST00087" HPOS="140" VPOS="1221" WIDTH="93" HEIGHT="44" CONTENT="ches" SUBS_TYPE="HypPart2" SUBS_CONTENT="searches" WC="1.00" CC="0000"/>
						<SP ID="P60_SP00077" HPOS="233" VPOS="1265" WIDTH="32"/>
						<String ID="P60_ST00088" HPOS="265" VPOS="1232" WIDTH="42" HEIGHT="33" CONTENT="to" WC="0.68" CC="23"/>
						<SP ID="P60_SP00078" HPOS="307" VPOS="1265" WIDTH="31"/>
						<String ID="P60_ST00089" HPOS="338" VPOS="1220" WIDTH="179" HEIGHT="45" CONTENT="discover" WC="0.99" CC="04643013"/>
						<SP ID="P60_SP00079" HPOS="517" VPOS="1265" WIDTH="32"/>
						<String ID="P60_ST00090" HPOS="549" VPOS="1219" WIDTH="95" HEIGHT="44" CONTENT="how" WC="0.99" CC="002"/>
						<SP ID="P60_SP00080" HPOS="644" VPOS="1265" WIDTH="31"/>
						<String ID="P60_ST00091" HPOS="675" VPOS="1220" WIDTH="51" HEIGHT="42" CONTENT="he" WC="1.00" CC="00"/>
						<SP ID="P60_SP00081" HPOS="726" VPOS="1265" WIDTH="22"/>
						<String ID="P60_ST00092" HPOS="748" VPOS="1238" WIDTH="74" HEIGHT="25" CONTENT="can" WC="0.98" CC="005"/>
						<SP ID="P60_SP00082" HPOS="822" VPOS="1265" WIDTH="31"/>
						<String ID="P60_ST00093" HPOS="853" VPOS="1220" WIDTH="205" HEIGHT="43" CONTENT="transform" WC="0.99" CC="500407606"/>
					</TextLine>
					<TextLine ID="P60_TL00019" HPOS="141" VPOS="1280" WIDTH="917" HEIGHT="56">
						<String ID="P60_ST00094" HPOS="141" VPOS="1282" WIDTH="68" HEIGHT="44" CONTENT="the" WC="0.98" CC="500"/>
						<SP ID="P60_SP00083" HPOS="209" VPOS="1326" WIDTH="33"/>
						<String ID="P60_ST00095" HPOS="242" VPOS="1281" WIDTH="112" HEIGHT="55" CONTENT="body" WC="0.97" CC="7400"/>
						<SP ID="P60_SP00084" HPOS="354" VPOS="1336" WIDTH="31"/>
						<String ID="P60_ST00096" HPOS="385" VPOS="1280" WIDTH="82" HEIGHT="44" CONTENT="and" WC="1.00" CC="000"/>
						<SP ID="P60_SP00085" HPOS="467" VPOS="1336" WIDTH="31"/>
						<String ID="P60_ST00097" HPOS="498" VPOS="1282" WIDTH="48" HEIGHT="42" CONTENT="its" WC="0.96" CC="407"/>
						<SP ID="P60_SP00086" HPOS="546" VPOS="1336" WIDTH="30"/>
						<String ID="P60_ST00098" HPOS="576" VPOS="1281" WIDTH="98" HEIGHT="43" CONTENT="flesh" WC="0.98" CC="00157"/>
						<SP ID="P60_SP00087" HPOS="674" VPOS="1336" WIDTH="31"/>
						<String ID="P60_ST00099" HPOS="705" VPOS="1282" WIDTH="80" HEIGHT="43" CONTENT="and" WC="0.94" CC="950"/>
						<SP ID="P60_SP00088" HPOS="785" VPOS="1336" WIDTH="33"/>
						<String ID="P60_ST00100" HPOS="818" VPOS="1280" WIDTH="125" HEIGHT="44" CONTENT="blood" WC="0.98" CC="66050"/>
						<SP ID="P60_SP00089" HPOS="943" VPOS="1336" WIDTH="32"/>
						<String ID="P60_ST00101" HPOS="975" VPOS="1283" WIDTH="83" HEIGHT="41" CONTENT="into" WC="0.98" CC="4032"/>
					</TextLine>
					<TextLine ID="P60_TL00020" HPOS="141" VPOS="1342" WIDTH="819" HEIGHT="57">
						<String ID="P60_ST00102" HPOS="141" VPOS="1361" WIDTH="98" HEIGHT="38" CONTENT="pure" WC="0.97" CC="0662"/>
						<SP ID="P60_SP00090" HPOS="239" VPOS="1399" WIDTH="31"/>
						<String ID="P60_ST00103" HPOS="270" VPOS="1343" WIDTH="122" HEIGHT="56" CONTENT="spirit," WC="0.98" CC="6056724"/>
						<SP ID="P60_SP00091" HPOS="392" VPOS="1399" WIDTH="33"/>
						<String ID="P60_ST00104" HPOS="425" VPOS="1342" WIDTH="68" HEIGHT="43" CONTENT="the" WC="0.95" CC="561"/>
						<SP ID="P60_SP00092" HPOS="493" VPOS="1399" WIDTH="32"/>
						<String ID="P60_ST00105" HPOS="525" VPOS="1352" WIDTH="110" HEIGHT="33" CONTENT="actor" WC="0.99" CC="04006"/>
						<SP ID="P60_SP00093" HPOS="635" VPOS="1399" WIDTH="30"/>
						<String ID="P60_ST00106" HPOS="665" VPOS="1343" WIDTH="83" HEIGHT="42" CONTENT="into" WC="0.95" CC="7690"/>
						<SP ID="P60_SP00094" HPOS="748" VPOS="1399" WIDTH="33"/>
						<String ID="P60_ST00107" HPOS="781" VPOS="1342" WIDTH="179" HEIGHT="55" CONTENT="divinity." WC="0.99" CC="030772504"/>
					</TextLine>
					<TextLine ID="P60_TL00021" HPOS="232" VPOS="1401" WIDTH="828" HEIGHT="57">
						<String ID="P60_ST00108" HPOS="232" VPOS="1403" WIDTH="109" HEIGHT="44" CONTENT="Dear" WC="0.98" CC="5004"/>
						<SP ID="P60_SP00095" HPOS="341" VPOS="1447" WIDTH="49"/>
						<String ID="P60_ST00109" HPOS="390" VPOS="1401" WIDTH="296" HEIGHT="56" CONTENT="Stanislawsky," WC="0.65" CC="4646516005003"/>
						<SP ID="P60_SP00096" HPOS="686" VPOS="1457" WIDTH="41"/>
						<String ID="P60_ST00110" HPOS="727" VPOS="1434" WIDTH="61" HEIGHT="12" CONTENT="...." WC="0.96" CC="4704"/>
						<SP ID="P60_SP00097" HPOS="788" VPOS="1457" WIDTH="40"/>
						<String ID="P60_ST00111" HPOS="828" VPOS="1421" WIDTH="80" HEIGHT="37" CONTENT="you" WC="0.96" CC="073"/>
						<SP ID="P60_SP00098" HPOS="908" VPOS="1458" WIDTH="49"/>
						<String ID="P60_ST00112" HPOS="957" VPOS="1403" WIDTH="103" HEIGHT="43" CONTENT="have" WC="0.98" CC="7000"/>
					</TextLine>
					<TextLine ID="P60_TL00022" HPOS="141" VPOS="1462" WIDTH="919" HEIGHT="57">
						<String ID="P60_ST00113" HPOS="141" VPOS="1483" WIDTH="102" HEIGHT="36" CONTENT="gone" WC="0.97" CC="6140"/>
						<SP ID="P60_SP00099" HPOS="243" VPOS="1519" WIDTH="32"/>
						<String ID="P60_ST00114" HPOS="275" VPOS="1464" WIDTH="59" HEIGHT="44" CONTENT="far" WC="0.96" CC="630"/>
						<SP ID="P60_SP00100" HPOS="334" VPOS="1519" WIDTH="19"/>
						<String ID="P60_ST00115" HPOS="353" VPOS="1481" WIDTH="10" HEIGHT="33" CONTENT=";" WC="0.65" CC="3"/>
						<SP ID="P60_SP00101" HPOS="363" VPOS="1519" WIDTH="43"/>
						<String ID="P60_ST00116" HPOS="406" VPOS="1474" WIDTH="69" HEIGHT="33" CONTENT="not" WC="0.94" CC="734"/>
						<SP ID="P60_SP00102" HPOS="475" VPOS="1519" WIDTH="32"/>
						<String ID="P60_ST00117" HPOS="507" VPOS="1463" WIDTH="142" HEIGHT="55" CONTENT="utterly" WC="0.99" CC="7000440"/>
						<SP ID="P60_SP00103" HPOS="649" VPOS="1519" WIDTH="32"/>
						<String ID="P60_ST00118" HPOS="681" VPOS="1462" WIDTH="142" HEIGHT="45" CONTENT="useless" WC="0.99" CC="0005535"/>
						<SP ID="P60_SP00104" HPOS="823" VPOS="1519" WIDTH="32"/>
						<String ID="P60_ST00119" HPOS="855" VPOS="1463" WIDTH="69" HEIGHT="44" CONTENT="has" WC="0.98" CC="060"/>
						<SP ID="P60_SP00105" HPOS="924" VPOS="1519" WIDTH="33"/>
						<String ID="P60_ST00120" HPOS="957" VPOS="1464" WIDTH="103" HEIGHT="43" CONTENT="been" WC="0.97" CC="7006"/>
					</TextLine>
					<TextLine ID="P60_TL00023" HPOS="140" VPOS="1524" WIDTH="919" HEIGHT="57">
						<String ID="P60_ST00121" HPOS="140" VPOS="1543" WIDTH="99" HEIGHT="38" CONTENT="your" WC="0.99" CC="0402"/>
						<SP ID="P60_SP00106" HPOS="239" VPOS="1581" WIDTH="34"/>
						<String ID="P60_ST00122" HPOS="273" VPOS="1536" WIDTH="142" HEIGHT="44" CONTENT="quest:" WC="0.99" CC="501101"/>
						<SP ID="P60_SP00107" HPOS="415" VPOS="1581" WIDTH="49"/>
						<String ID="P60_ST00123" HPOS="464" VPOS="1524" WIDTH="60" HEIGHT="44" CONTENT="for" WC="0.94" CC="636"/>
						<SP ID="P60_SP00108" HPOS="524" VPOS="1581" WIDTH="31"/>
						<String ID="P60_ST00124" HPOS="555" VPOS="1542" WIDTH="80" HEIGHT="37" CONTENT="you" WC="0.98" CC="032"/>
						<SP ID="P60_SP00109" HPOS="635" VPOS="1581" WIDTH="48"/>
						<String ID="P60_ST00125" HPOS="683" VPOS="1524" WIDTH="104" HEIGHT="44" CONTENT="have" WC="0.98" CC="7001"/>
						<SP ID="P60_SP00110" HPOS="787" VPOS="1581" WIDTH="47"/>
						<String ID="P60_ST00126" HPOS="834" VPOS="1526" WIDTH="155" HEIGHT="53" CONTENT="proved" WC="0.99" CC="090000"/>
						<SP ID="P60_SP00111" HPOS="989" VPOS="1581" WIDTH="43"/>
						<String ID="P60_ST00127" HPOS="1032" VPOS="1526" WIDTH="27" HEIGHT="41" CONTENT="it" WC="0.77" CC="40"/>
					</TextLine>
					<TextLine ID="P60_TL00024" HPOS="140" VPOS="1584" WIDTH="920" HEIGHT="58">
						<String ID="P60_ST00128" HPOS="140" VPOS="1585" WIDTH="227" HEIGHT="57" CONTENT="impossible" WC="0.99" CC="7900026600"/>
						<SP ID="P60_SP00112" HPOS="367" VPOS="1642" WIDTH="48"/>
						<String ID="P60_ST00129" HPOS="415" VPOS="1585" WIDTH="85" HEIGHT="44" CONTENT="that" WC="0.97" CC="0750"/>
						<SP ID="P60_SP00113" HPOS="500" VPOS="1642" WIDTH="31"/>
						<String ID="P60_ST00130" HPOS="531" VPOS="1585" WIDTH="97" HEIGHT="44" CONTENT="flesh" WC="0.98" CC="00056"/>
						<SP ID="P60_SP00114" HPOS="628" VPOS="1642" WIDTH="47"/>
						<String ID="P60_ST00131" HPOS="675" VPOS="1584" WIDTH="81" HEIGHT="44" CONTENT="and" WC="0.98" CC="040"/>
						<SP ID="P60_SP00115" HPOS="756" VPOS="1642" WIDTH="48"/>
						<String ID="P60_ST00132" HPOS="804" VPOS="1584" WIDTH="127" HEIGHT="45" CONTENT="blood" WC="0.99" CC="70030"/>
						<SP ID="P60_SP00116" HPOS="931" VPOS="1642" WIDTH="31"/>
						<String ID="P60_ST00133" HPOS="962" VPOS="1585" WIDTH="98" HEIGHT="44" CONTENT="shall" WC="0.96" CC="67660"/>
					</TextLine>
					<TextLine ID="P60_TL00025" HPOS="140" VPOS="1645" WIDTH="920" HEIGHT="56">
						<String ID="P60_ST00134" HPOS="140" VPOS="1648" WIDTH="52" HEIGHT="43" CONTENT="be" WC="0.58" CC="71"/>
						<SP ID="P60_SP00117" HPOS="192" VPOS="1691" WIDTH="31"/>
						<String ID="P60_ST00135" HPOS="223" VPOS="1666" WIDTH="24" HEIGHT="25" CONTENT="a" WC="1.00" CC="0"/>
						<SP ID="P60_SP00118" HPOS="247" VPOS="1691" WIDTH="32"/>
						<String ID="P60_ST00136" HPOS="279" VPOS="1648" WIDTH="198" HEIGHT="51" CONTENT="practical" WC="0.99" CC="903005000" STYLEREFS="TXT_2"/>
						<SP ID="P60_SP00119" HPOS="477" VPOS="1699" WIDTH="20"/>
						<String ID="P60_ST00137" HPOS="497" VPOS="1647" WIDTH="210" HEIGHT="54" CONTENT="spirit,—a" WC="0.98" CC="064770380"/>
						<SP ID="P60_SP00120" HPOS="707" VPOS="1701" WIDTH="29"/>
						<String ID="P60_ST00138" HPOS="736" VPOS="1645" WIDTH="178" HEIGHT="55" CONTENT="working" WC="0.99" CC="0000468"/>
						<SP ID="P60_SP00121" HPOS="914" VPOS="1701" WIDTH="21"/>
						<String ID="P60_ST00139" HPOS="935" VPOS="1646" WIDTH="125" HEIGHT="43" CONTENT="useful" WC="0.97" CC="604666"/>
					</TextLine>
					<TextLine ID="P60_TL00026" HPOS="144" VPOS="1707" WIDTH="918" HEIGHT="56">
						<String ID="P60_ST00140" HPOS="144" VPOS="1709" WIDTH="199" HEIGHT="54" CONTENT="divinity:" WC="0.98" CC="970637000"/>
						<SP ID="P60_SP00122" HPOS="343" VPOS="1763" WIDTH="54"/>
						<String ID="P60_ST00141" HPOS="397" VPOS="1708" WIDTH="155" HEIGHT="55" CONTENT="proved" WC="0.99" CC="194000"/>
						<SP ID="P60_SP00123" HPOS="552" VPOS="1763" WIDTH="52"/>
						<String ID="P60_ST00142" HPOS="604" VPOS="1708" WIDTH="28" HEIGHT="42" CONTENT="it" WC="0.57" CC="61"/>
						<SP ID="P60_SP00124" HPOS="632" VPOS="1763" WIDTH="52"/>
						<String ID="P60_ST00143" HPOS="684" VPOS="1724" WIDTH="97" HEIGHT="26" CONTENT="over" WC="1.00" CC="1000"/>
						<SP ID="P60_SP00125" HPOS="781" VPOS="1763" WIDTH="51"/>
						<String ID="P60_ST00144" HPOS="832" VPOS="1707" WIDTH="81" HEIGHT="43" CONTENT="and" WC="0.94" CC="970"/>
						<SP ID="P60_SP00126" HPOS="913" VPOS="1763" WIDTH="52"/>
						<String ID="P60_ST00145" HPOS="965" VPOS="1724" WIDTH="97" HEIGHT="26" CONTENT="over" WC="0.97" CC="0507"/>
					</TextLine>
					<TextLine ID="P60_TL00027" HPOS="142" VPOS="1767" WIDTH="920" HEIGHT="58">
						<String ID="P60_ST00146" HPOS="142" VPOS="1771" WIDTH="113" HEIGHT="54" CONTENT="again" WC="0.97" CC="56632"/>
						<SP ID="P60_SP00127" HPOS="255" VPOS="1825" WIDTH="46"/>
						<String ID="P60_ST00147" HPOS="301" VPOS="1769" WIDTH="55" HEIGHT="55" CONTENT="by" WC="1.00" CC="00"/>
						<SP ID="P60_SP00128" HPOS="356" VPOS="1825" WIDTH="31"/>
						<String ID="P60_ST00148" HPOS="387" VPOS="1768" WIDTH="170" HEIGHT="54" CONTENT="refusing" WC="0.98" CC="30720655"/>
						<SP ID="P60_SP00129" HPOS="557" VPOS="1825" WIDTH="45"/>
						<String ID="P60_ST00149" HPOS="602" VPOS="1779" WIDTH="43" HEIGHT="32" CONTENT="to" WC="0.79" CC="04"/>
						<SP ID="P60_SP00130" HPOS="645" VPOS="1825" WIDTH="32"/>
						<String ID="P60_ST00150" HPOS="677" VPOS="1767" WIDTH="52" HEIGHT="44" CONTENT="be" WC="1.00" CC="00"/>
						<SP ID="P60_SP00131" HPOS="729" VPOS="1825" WIDTH="48"/>
						<String ID="P60_ST00151" HPOS="777" VPOS="1767" WIDTH="145" HEIGHT="44" CONTENT="beaten" WC="0.99" CC="000305"/>
						<SP ID="P60_SP00132" HPOS="922" VPOS="1825" WIDTH="40"/>
						<String ID="P60_ST00152" HPOS="962" VPOS="1768" WIDTH="100" HEIGHT="43" CONTENT="after" WC="0.99" CC="26000"/>
					</TextLine>
					<TextLine ID="P60_TL00028" HPOS="143" VPOS="1828" WIDTH="917" HEIGHT="57">
						<String ID="P60_ST00153" HPOS="143" VPOS="1830" WIDTH="134" HEIGHT="55" CONTENT="eighty" WC="0.98" CC="036700"/>
						<SP ID="P60_SP00133" HPOS="277" VPOS="1885" WIDTH="31"/>
						<String ID="P60_ST00154" HPOS="308" VPOS="1847" WIDTH="46" HEIGHT="25" CONTENT="or" WC="0.67" CC="60"/>
						<SP ID="P60_SP00134" HPOS="354" VPOS="1885" WIDTH="20"/>
						<String ID="P60_ST00155" HPOS="374" VPOS="1829" WIDTH="105" HEIGHT="55" CONTENT="eight" WC="0.98" CC="31070"/>
						<SP ID="P60_SP00135" HPOS="479" VPOS="1885" WIDTH="23"/>
						<String ID="P60_ST00156" HPOS="502" VPOS="1828" WIDTH="184" HEIGHT="44" CONTENT="hundred" WC="0.98" CC="0557600"/>
						<SP ID="P60_SP00136" HPOS="686" VPOS="1885" WIDTH="31"/>
						<String ID="P60_ST00157" HPOS="717" VPOS="1846" WIDTH="185" HEIGHT="26" CONTENT="reverses." WC="0.99" CC="050016004"/>
						<SP ID="P60_SP00137" HPOS="902" VPOS="1885" WIDTH="64"/>
						<String ID="P60_ST00158" HPOS="966" VPOS="1828" WIDTH="94" HEIGHT="43" CONTENT="You" WC="0.96" CC="404"/>
					</TextLine>
					<TextLine ID="P60_TL00029" HPOS="142" VPOS="1889" WIDTH="546" HEIGHT="46">
						<String ID="P60_ST00159" HPOS="142" VPOS="1891" WIDTH="81" HEIGHT="44" CONTENT="will" WC="0.97" CC="0436"/>
						<SP ID="P60_SP00138" HPOS="223" VPOS="1935" WIDTH="31"/>
						<String ID="P60_ST00160" HPOS="254" VPOS="1890" WIDTH="136" HEIGHT="45" CONTENT="search" WC="0.98" CC="420307"/>
						<SP ID="P60_SP00139" HPOS="390" VPOS="1935" WIDTH="31"/>
						<String ID="P60_ST00161" HPOS="421" VPOS="1901" WIDTH="42" HEIGHT="32" CONTENT="to" WC="1.00" CC="00"/>
						<SP ID="P60_SP00140" HPOS="463" VPOS="1935" WIDTH="33"/>
						<String ID="P60_ST00162" HPOS="496" VPOS="1890" WIDTH="68" HEIGHT="43" CONTENT="the" WC="1.00" CC="000"/>
						<SP ID="P60_SP00141" HPOS="564" VPOS="1935" WIDTH="31"/>
						<String ID="P60_ST00163" HPOS="595" VPOS="1889" WIDTH="93" HEIGHT="44" CONTENT="end." WC="0.99" CC="0004"/>
					</TextLine>
					<TextLine ID="P60_TL00030" HPOS="233" VPOS="1950" WIDTH="830" HEIGHT="46">
						<String ID="P60_ST00164" HPOS="233" VPOS="1952" WIDTH="68" HEIGHT="44" CONTENT="No" WC="0.79" CC="04"/>
						<SP ID="P60_SP00142" HPOS="301" VPOS="1996" WIDTH="32"/>
						<String ID="P60_ST00165" HPOS="333" VPOS="1970" WIDTH="78" HEIGHT="25" CONTENT="one" WC="0.95" CC="364"/>
						<SP ID="P60_SP00143" HPOS="411" VPOS="1996" WIDTH="47"/>
						<String ID="P60_ST00166" HPOS="458" VPOS="1950" WIDTH="70" HEIGHT="44" CONTENT="has" WC="1.00" CC="000"/>
						<SP ID="P60_SP00144" HPOS="528" VPOS="1996" WIDTH="48"/>
						<String ID="P60_ST00167" HPOS="576" VPOS="1950" WIDTH="105" HEIGHT="44" CONTENT="been" WC="0.98" CC="7003"/>
						<SP ID="P60_SP00145" HPOS="681" VPOS="1996" WIDTH="31"/>
						<String ID="P60_ST00168" HPOS="712" VPOS="1968" WIDTH="107" HEIGHT="26" CONTENT="more" WC="0.97" CC="9200"/>
						<SP ID="P60_SP00146" HPOS="819" VPOS="1996" WIDTH="48"/>
						<String ID="P60_ST00169" HPOS="867" VPOS="1950" WIDTH="196" HEIGHT="44" CONTENT="obstinate" WC="0.98" CC="305476890"/>
					</TextLine>
					<TextLine ID="P60_TL00031" HPOS="145" VPOS="2011" WIDTH="631" HEIGHT="56">
						<String ID="P60_ST00170" HPOS="145" VPOS="2013" WIDTH="94" HEIGHT="44" CONTENT="than" WC="0.96" CC="6606"/>
						<SP ID="P60_SP00147" HPOS="239" VPOS="2057" WIDTH="30"/>
						<String ID="P60_ST00171" HPOS="269" VPOS="2030" WIDTH="81" HEIGHT="37" CONTENT="you" WC="0.96" CC="065"/>
						<SP ID="P60_SP00148" HPOS="350" VPOS="2067" WIDTH="31"/>
						<String ID="P60_ST00172" HPOS="381" VPOS="2013" WIDTH="40" HEIGHT="42" CONTENT="in" WC="0.27" CC="76"/>
						<SP ID="P60_SP00149" HPOS="421" VPOS="2067" WIDTH="32"/>
						<String ID="P60_ST00173" HPOS="453" VPOS="2030" WIDTH="24" HEIGHT="25" CONTENT="a" WC="1.00" CC="0"/>
						<SP ID="P60_SP00150" HPOS="477" VPOS="2067" WIDTH="31"/>
						<String ID="P60_ST00174" HPOS="508" VPOS="2011" WIDTH="107" HEIGHT="56" CONTENT="good" WC="0.96" CC="9340"/>
						<SP ID="P60_SP00151" HPOS="615" VPOS="2067" WIDTH="31"/>
						<String ID="P60_ST00175" HPOS="646" VPOS="2029" WIDTH="130" HEIGHT="26" CONTENT="cause." WC="0.98" CC="015624"/>
					</TextLine>
					<TextLine ID="P60_TL00032" HPOS="235" VPOS="2071" WIDTH="828" HEIGHT="46">
						<String ID="P60_ST00176" HPOS="235" VPOS="2074" WIDTH="96" HEIGHT="43" CONTENT="You" WC="1.00" CC="000"/>
						<SP ID="P60_SP00152" HPOS="331" VPOS="2117" WIDTH="33"/>
						<String ID="P60_ST00177" HPOS="364" VPOS="2091" WIDTH="65" HEIGHT="25" CONTENT="are" WC="0.98" CC="004"/>
						<SP ID="P60_SP00153" HPOS="429" VPOS="2117" WIDTH="34"/>
						<String ID="P60_ST00178" HPOS="463" VPOS="2084" WIDTH="70" HEIGHT="32" CONTENT="not" WC="0.94" CC="355"/>
						<SP ID="P60_SP00154" HPOS="533" VPOS="2117" WIDTH="31"/>
						<String ID="P60_ST00179" HPOS="564" VPOS="2071" WIDTH="80" HEIGHT="45" CONTENT="like" WC="0.97" CC="4204"/>
						<SP ID="P60_SP00155" HPOS="644" VPOS="2117" WIDTH="30"/>
						<String ID="P60_ST00180" HPOS="674" VPOS="2072" WIDTH="68" HEIGHT="44" CONTENT="the" WC="0.98" CC="400"/>
						<SP ID="P60_SP00156" HPOS="742" VPOS="2117" WIDTH="31"/>
						<String ID="P60_ST00181" HPOS="773" VPOS="2072" WIDTH="110" HEIGHT="44" CONTENT="usual" WC="0.99" CC="20002"/>
						<SP ID="P60_SP00157" HPOS="883" VPOS="2117" WIDTH="35"/>
						<String ID="P60_ST00182" HPOS="918" VPOS="2090" WIDTH="71" HEIGHT="26" CONTENT="run" WC="0.96" CC="325"/>
						<SP ID="P60_SP00158" HPOS="989" VPOS="2117" WIDTH="32"/>
						<String ID="P60_ST00183" HPOS="1021" VPOS="2071" WIDTH="42" HEIGHT="44" CONTENT="of" WC="0.60" CC="07"/>
					</TextLine>
					<TextLine ID="P60_TL00033" HPOS="145" VPOS="2133" WIDTH="920" HEIGHT="56">
						<String ID="P60_ST00184" HPOS="145" VPOS="2146" WIDTH="140" HEIGHT="38" CONTENT="actors," WC="1.00" CC="0400100"/>
						<SP ID="P60_SP00159" HPOS="285" VPOS="2184" WIDTH="34"/>
						<String ID="P60_ST00185" HPOS="319" VPOS="2134" WIDTH="255" HEIGHT="55" CONTENT="....although" WC="0.99" CC="443403904490"/>
						<SP ID="P60_SP00160" HPOS="574" VPOS="2189" WIDTH="21"/>
						<String ID="P60_ST00186" HPOS="595" VPOS="2151" WIDTH="53" HEIGHT="25" CONTENT="on" WC="0.48" CC="54"/>
						<SP ID="P60_SP00161" HPOS="648" VPOS="2189" WIDTH="21"/>
						<String ID="P60_ST00187" HPOS="669" VPOS="2133" WIDTH="102" HEIGHT="44" CONTENT="their" WC="0.98" CC="20077"/>
						<SP ID="P60_SP00162" HPOS="771" VPOS="2189" WIDTH="28"/>
						<String ID="P60_ST00188" HPOS="799" VPOS="2151" WIDTH="94" HEIGHT="26" CONTENT="own" WC="0.97" CC="006"/>
						<SP ID="P60_SP00163" HPOS="893" VPOS="2189" WIDTH="22"/>
						<String ID="P60_ST00189" HPOS="915" VPOS="2133" WIDTH="150" HEIGHT="55" CONTENT="ground" WC="0.97" CC="626756"/>
					</TextLine>
					<TextLine ID="P60_TL00034" HPOS="144" VPOS="2194" WIDTH="920" HEIGHT="57">
						<String ID="P60_ST00190" HPOS="144" VPOS="2214" WIDTH="80" HEIGHT="37" CONTENT="you" WC="0.96" CC="065"/>
						<SP ID="P60_SP00164" HPOS="224" VPOS="2251" WIDTH="20"/>
						<String ID="P60_ST00191" HPOS="244" VPOS="2196" WIDTH="116" HEIGHT="43" CONTENT=".have" WC="0.98" CC="47000"/>
						<SP ID="P60_SP00165" HPOS="360" VPOS="2251" WIDTH="49"/>
						<String ID="P60_ST00192" HPOS="409" VPOS="2199" WIDTH="143" HEIGHT="39" CONTENT="beaten" WC="0.97" CC="615673"/>
						<SP ID="P60_SP00166" HPOS="552" VPOS="2251" WIDTH="32"/>
						<String ID="P60_ST00193" HPOS="584" VPOS="2194" WIDTH="109" HEIGHT="44" CONTENT="them" WC="0.98" CC="6001"/>
						<SP ID="P60_SP00167" HPOS="693" VPOS="2251" WIDTH="47"/>
						<String ID="P60_ST00194" HPOS="740" VPOS="2211" WIDTH="53" HEIGHT="26" CONTENT="on" WC="0.82" CC="30"/>
						<SP ID="P60_SP00168" HPOS="793" VPOS="2251" WIDTH="36"/>
						<String ID="P60_ST00195" HPOS="829" VPOS="2196" WIDTH="136" HEIGHT="54" CONTENT="ninety" WC="0.99" CC="650020"/>
						<SP ID="P60_SP00169" HPOS="965" VPOS="2251" WIDTH="30"/>
						<String ID="P60_ST00196" HPOS="995" VPOS="2205" WIDTH="69" HEIGHT="32" CONTENT="out" WC="0.95" CC="750"/>
					</TextLine>
					<TextLine ID="P60_TL00035" HPOS="146" VPOS="2256" WIDTH="561" HEIGHT="44">
						<String ID="P60_ST00197" HPOS="146" VPOS="2257" WIDTH="42" HEIGHT="43" CONTENT="of" WC="0.34" CC="57"/>
						<SP ID="P60_SP00170" HPOS="188" VPOS="2300" WIDTH="33"/>
						<String ID="P60_ST00198" HPOS="221" VPOS="2276" WIDTH="23" HEIGHT="24" CONTENT="a" WC="0.38" CC="6"/>
						<SP ID="P60_SP00171" HPOS="244" VPOS="2300" WIDTH="33"/>
						<String ID="P60_ST00199" HPOS="277" VPOS="2256" WIDTH="181" HEIGHT="44" CONTENT="hundred" WC="0.98" CC="7440600"/>
						<SP ID="P60_SP00172" HPOS="458" VPOS="2300" WIDTH="33"/>
						<String ID="P60_ST00200" HPOS="491" VPOS="2257" WIDTH="216" HEIGHT="42" CONTENT="occasions." WC="0.99" CC="6000072704"/>
					</TextLine>
					<TextLine ID="P60_TL00036" HPOS="241" VPOS="2314" WIDTH="826" HEIGHT="57">
						<String ID="P60_ST00201" HPOS="241" VPOS="2317" WIDTH="149" HEIGHT="44" CONTENT="Unlike" WC="0.98" CC="440502"/>
						<SP ID="P60_SP00173" HPOS="390" VPOS="2361" WIDTH="31"/>
						<String ID="P60_ST00202" HPOS="421" VPOS="2317" WIDTH="109" HEIGHT="44" CONTENT="them" WC="0.99" CC="4000"/>
						<SP ID="P60_SP00174" HPOS="530" VPOS="2361" WIDTH="32"/>
						<String ID="P60_ST00203" HPOS="562" VPOS="2334" WIDTH="80" HEIGHT="37" CONTENT="you" WC="0.99" CC="030"/>
						<SP ID="P60_SP00175" HPOS="642" VPOS="2371" WIDTH="33"/>
						<String ID="P60_ST00204" HPOS="675" VPOS="2316" WIDTH="121" HEIGHT="44" CONTENT="know" WC="0.99" CC="0320"/>
						<SP ID="P60_SP00176" HPOS="796" VPOS="2371" WIDTH="24"/>
						<String ID="P60_ST00205" HPOS="820" VPOS="2316" WIDTH="109" HEIGHT="43" CONTENT="what" WC="0.99" CC="0005"/>
						<SP ID="P60_SP00177" HPOS="929" VPOS="2371" WIDTH="32"/>
						<String ID="P60_ST00206" HPOS="961" VPOS="2317" WIDTH="30" HEIGHT="42" CONTENT="is" WC="0.65" CC="60"/>
						<SP ID="P60_SP00178" HPOS="991" VPOS="2371" WIDTH="33"/>
						<String ID="P60_ST00207" HPOS="1024" VPOS="2314" WIDTH="43" HEIGHT="44" CONTENT="of" WC="0.41" CC="47"/>
					</TextLine>
					<TextLine ID="P60_TL00037" HPOS="146" VPOS="2377" WIDTH="919" HEIGHT="59">
						<String ID="P60_ST00208" HPOS="146" VPOS="2381" WIDTH="125" HEIGHT="55" CONTENT="prime" WC="0.97" CC="02681"/>
						<SP ID="P60_SP00179" HPOS="271" VPOS="2436" WIDTH="32"/>
						<String ID="P60_ST00209" HPOS="303" VPOS="2377" WIDTH="117" HEIGHT="45" CONTENT="value" WC="0.98" CC="00740"/>
						<SP ID="P60_SP00180" HPOS="420" VPOS="2436" WIDTH="30"/>
						<String ID="P60_ST00210" HPOS="450" VPOS="2389" WIDTH="43" HEIGHT="33" CONTENT="to" WC="0.88" CC="02"/>
						<SP ID="P60_SP00181" HPOS="493" VPOS="2436" WIDTH="33"/>
						<String ID="P60_ST00211" HPOS="526" VPOS="2377" WIDTH="51" HEIGHT="44" CONTENT="all" WC="0.96" CC="046"/>
						<SP ID="P60_SP00182" HPOS="577" VPOS="2436" WIDTH="48"/>
						<String ID="P60_ST00212" HPOS="625" VPOS="2377" WIDTH="66" HEIGHT="44" CONTENT="the" WC="0.98" CC="600"/>
						<SP ID="P60_SP00183" HPOS="691" VPOS="2436" WIDTH="32"/>
						<String ID="P60_ST00213" HPOS="723" VPOS="2377" WIDTH="78" HEIGHT="44" CONTENT="fine" WC="0.96" CC="5660"/>
						<SP ID="P60_SP00184" HPOS="801" VPOS="2436" WIDTH="31"/>
						<String ID="P60_ST00214" HPOS="832" VPOS="2389" WIDTH="75" HEIGHT="31" CONTENT="arts" WC="0.95" CC="9344"/>
						<SP ID="P60_SP00185" HPOS="907" VPOS="2436" WIDTH="19"/>
						<String ID="P60_ST00215" HPOS="926" VPOS="2396" WIDTH="11" HEIGHT="25" CONTENT=":" WC="1.00" CC="0"/>
						<SP ID="P60_SP00186" HPOS="937" VPOS="2436" WIDTH="47"/>
						<String ID="P60_ST00216" HPOS="984" VPOS="2394" WIDTH="81" HEIGHT="38" CONTENT="you" WC="0.97" CC="007"/>
					</TextLine>
					<TextLine ID="P60_TL00038" HPOS="145" VPOS="2437" WIDTH="920" HEIGHT="60">
						<String ID="P60_ST00217" HPOS="145" VPOS="2439" WIDTH="123" HEIGHT="58" CONTENT="speak" WC="0.98" CC="76000"/>
						<SP ID="P60_SP00187" HPOS="268" VPOS="2497" WIDTH="32"/>
						<String ID="P60_ST00218" HPOS="300" VPOS="2439" WIDTH="43" HEIGHT="44" CONTENT="of" WC="0.56" CC="62"/>
						<SP ID="P60_SP00188" HPOS="343" VPOS="2497" WIDTH="47"/>
						<String ID="P60_ST00219" HPOS="390" VPOS="2439" WIDTH="188" HEIGHT="44" CONTENT="Flaubert" WC="0.98" CC="44337206"/>
						<SP ID="P60_SP00189" HPOS="578" VPOS="2497" WIDTH="31"/>
						<String ID="P60_ST00220" HPOS="609" VPOS="2438" WIDTH="81" HEIGHT="44" CONTENT="and" WC="0.98" CC="040"/>
						<SP ID="P60_SP00190" HPOS="690" VPOS="2497" WIDTH="46"/>
						<String ID="P60_ST00221" HPOS="736" VPOS="2438" WIDTH="45" HEIGHT="43" CONTENT="of" WC="0.34" CC="66"/>
						<SP ID="P60_SP00191" HPOS="781" VPOS="2497" WIDTH="35"/>
						<String ID="P60_ST00222" HPOS="816" VPOS="2438" WIDTH="137" HEIGHT="43" CONTENT="Titian" WC="0.98" CC="350306"/>
						<SP ID="P60_SP00192" HPOS="953" VPOS="2497" WIDTH="31"/>
						<String ID="P60_ST00223" HPOS="984" VPOS="2437" WIDTH="81" HEIGHT="44" CONTENT="and" WC="0.99" CC="300"/>
					</TextLine>
					<TextLine ID="P60_TL00039" HPOS="146" VPOS="2498" WIDTH="921" HEIGHT="47">
						<String ID="P60_ST00224" HPOS="146" VPOS="2502" WIDTH="44" HEIGHT="43" CONTENT="of" WC="0.20" CC="87"/>
						<SP ID="P60_SP00193" HPOS="190" VPOS="2545" WIDTH="32"/>
						<String ID="P60_ST00225" HPOS="222" VPOS="2500" WIDTH="128" HEIGHT="44" CONTENT="Bach." WC="0.98" CC="00474"/>
						<SP ID="P60_SP00194" HPOS="350" VPOS="2545" WIDTH="65"/>
						<String ID="P60_ST00226" HPOS="415" VPOS="2500" WIDTH="97" HEIGHT="44" CONTENT="You" WC="0.98" CC="005"/>
						<SP ID="P60_SP00195" HPOS="512" VPOS="2545" WIDTH="32"/>
						<String ID="P60_ST00227" HPOS="544" VPOS="2499" WIDTH="121" HEIGHT="45" CONTENT="know" WC="0.97" CC="0660"/>
						<SP ID="P60_SP00196" HPOS="665" VPOS="2545" WIDTH="31"/>
						<String ID="P60_ST00228" HPOS="696" VPOS="2500" WIDTH="30" HEIGHT="42" CONTENT="it" WC="0.54" CC="35"/>
						<SP ID="P60_SP00197" HPOS="726" VPOS="2545" WIDTH="30"/>
						<String ID="P60_ST00229" HPOS="756" VPOS="2501" WIDTH="31" HEIGHT="41" CONTENT="is" WC="0.71" CC="50"/>
						<SP ID="P60_SP00198" HPOS="787" VPOS="2545" WIDTH="32"/>
						<String ID="P60_ST00230" HPOS="819" VPOS="2499" WIDTH="76" HEIGHT="43" CONTENT="first" WC="0.98" CC="44340"/>
						<SP ID="P60_SP00199" HPOS="895" VPOS="2545" WIDTH="32"/>
						<String ID="P60_ST00231" HPOS="927" VPOS="2500" WIDTH="40" HEIGHT="42" CONTENT="in" WC="0.44" CC="55"/>
						<SP ID="P60_SP00200" HPOS="967" VPOS="2545" WIDTH="34"/>
						<String ID="P60_ST00232" HPOS="1001" VPOS="2498" WIDTH="66" HEIGHT="44" CONTENT="the" WC="0.94" CC="970"/>
					</TextLine>
					<TextLine ID="P60_TL00040" HPOS="146" VPOS="2559" WIDTH="920" HEIGHT="58">
						<String ID="P60_ST00233" HPOS="146" VPOS="2561" WIDTH="179" HEIGHT="45" CONTENT="material" WC="0.99" CC="09001606"/>
						<SP ID="P60_SP00201" HPOS="325" VPOS="2606" WIDTH="33"/>
						<String ID="P60_ST00234" HPOS="358" VPOS="2561" WIDTH="93" HEIGHT="56" CONTENT="they" WC="0.99" CC="4000"/>
						<SP ID="P60_SP00202" HPOS="451" VPOS="2617" WIDTH="31"/>
						<String ID="P60_ST00235" HPOS="482" VPOS="2560" WIDTH="113" HEIGHT="44" CONTENT="work" WC="0.99" CC="0510"/>
						<SP ID="P60_SP00203" HPOS="595" VPOS="2617" WIDTH="30"/>
						<String ID="P60_ST00236" HPOS="625" VPOS="2562" WIDTH="68" HEIGHT="42" CONTENT="in:" WC="0.95" CC="543"/>
						<SP ID="P60_SP00204" HPOS="693" VPOS="2617" WIDTH="33"/>
						<String ID="P60_ST00237" HPOS="726" VPOS="2577" WIDTH="80" HEIGHT="38" CONTENT="you" WC="0.96" CC="054"/>
						<SP ID="P60_SP00205" HPOS="806" VPOS="2617" WIDTH="22"/>
						<String ID="P60_ST00238" HPOS="828" VPOS="2559" WIDTH="121" HEIGHT="45" CONTENT="know" WC="0.97" CC="0670"/>
						<SP ID="P60_SP00206" HPOS="949" VPOS="2617" WIDTH="33"/>
						<String ID="P60_ST00239" HPOS="982" VPOS="2559" WIDTH="84" HEIGHT="43" CONTENT="that" WC="0.96" CC="9703"/>
					</TextLine>
					<TextLine ID="P60_TL00041" HPOS="147" VPOS="2621" WIDTH="920" HEIGHT="54">
						<String ID="P60_ST00240" HPOS="147" VPOS="2623" WIDTH="136" HEIGHT="44" CONTENT="words" WC="0.98" CC="92003"/>
						<SP ID="P60_SP00207" HPOS="283" VPOS="2667" WIDTH="31"/>
						<String ID="P60_ST00241" HPOS="314" VPOS="2634" WIDTH="41" HEIGHT="32" CONTENT="to" WC="0.55" CC="44"/>
						<SP ID="P60_SP00208" HPOS="355" VPOS="2667" WIDTH="23"/>
						<String ID="P60_ST00242" HPOS="378" VPOS="2623" WIDTH="66" HEIGHT="43" CONTENT="the" WC="0.98" CC="004"/>
						<SP ID="P60_SP00209" HPOS="444" VPOS="2667" WIDTH="22"/>
						<String ID="P60_ST00243" HPOS="466" VPOS="2623" WIDTH="142" HEIGHT="48" CONTENT="writer," WC="0.98" CC="9047003"/>
						<SP ID="P60_SP00210" HPOS="608" VPOS="2671" WIDTH="32"/>
						<String ID="P60_ST00244" HPOS="640" VPOS="2632" WIDTH="112" HEIGHT="33" CONTENT="stone" WC="0.97" CC="69050"/>
						<SP ID="P60_SP00211" HPOS="752" VPOS="2671" WIDTH="26"/>
						<String ID="P60_ST00245" HPOS="778" VPOS="2621" WIDTH="80" HEIGHT="43" CONTENT="and" WC="0.97" CC="060"/>
						<SP ID="P60_SP00212" HPOS="858" VPOS="2671" WIDTH="31"/>
						<String ID="P60_ST00246" HPOS="889" VPOS="2623" WIDTH="114" HEIGHT="52" CONTENT="ivory" WC="1.00" CC="30000"/>
						<SP ID="P60_SP00213" HPOS="1003" VPOS="2675" WIDTH="23"/>
						<String ID="P60_ST00247" HPOS="1026" VPOS="2631" WIDTH="41" HEIGHT="32" CONTENT="to" WC="0.66" CC="51"/>
					</TextLine>
					<TextLine ID="P60_TL00042" HPOS="148" VPOS="2680" WIDTH="919" HEIGHT="58">
						<String ID="P60_ST00248" HPOS="148" VPOS="2685" WIDTH="67" HEIGHT="43" CONTENT="the" WC="0.94" CC="571"/>
						<SP ID="P60_SP00214" HPOS="215" VPOS="2728" WIDTH="21"/>
						<String ID="P60_ST00249" HPOS="236" VPOS="2685" WIDTH="186" HEIGHT="43" CONTENT="architect" WC="0.99" CC="023049509"/>
						<SP ID="P60_SP00215" HPOS="422" VPOS="2728" WIDTH="23"/>
						<String ID="P60_ST00250" HPOS="445" VPOS="2683" WIDTH="80" HEIGHT="45" CONTENT="and" WC="0.97" CC="260"/>
						<SP ID="P60_SP00216" HPOS="525" VPOS="2728" WIDTH="23"/>
						<String ID="P60_ST00251" HPOS="548" VPOS="2682" WIDTH="185" HEIGHT="56" CONTENT="sculptor," WC="0.99" CC="511356440"/>
						<SP ID="P60_SP00217" HPOS="733" VPOS="2738" WIDTH="33"/>
						<String ID="P60_ST00252" HPOS="766" VPOS="2683" WIDTH="80" HEIGHT="42" CONTENT="and" WC="0.94" CC="069"/>
						<SP ID="P60_SP00218" HPOS="846" VPOS="2738" WIDTH="31"/>
						<String ID="P60_ST00253" HPOS="877" VPOS="2681" WIDTH="67" HEIGHT="44" CONTENT="the" WC="0.97" CC="070"/>
						<SP ID="P60_SP00219" HPOS="944" VPOS="2738" WIDTH="20"/>
						<String ID="P60_ST00254" HPOS="964" VPOS="2680" WIDTH="103" HEIGHT="45" CONTENT="scale" WC="0.97" CC="74523"/>
					</TextLine>
					<TextLine ID="P60_TL00043" HPOS="148" VPOS="2744" WIDTH="920" HEIGHT="57">
						<String ID="P60_ST00255" HPOS="148" VPOS="2745" WIDTH="82" HEIGHT="44" CONTENT="and" WC="0.98" CC="050"/>
						<SP ID="P60_SP00220" HPOS="230" VPOS="2789" WIDTH="32"/>
						<String ID="P60_ST00256" HPOS="262" VPOS="2746" WIDTH="278" HEIGHT="55" CONTENT="counterpoint" WC="0.99" CC="312501433760"/>
						<SP ID="P60_SP00221" HPOS="540" VPOS="2801" WIDTH="48"/>
						<String ID="P60_ST00257" HPOS="588" VPOS="2755" WIDTH="40" HEIGHT="32" CONTENT="to" WC="0.33" CC="66"/>
						<SP ID="P60_SP00222" HPOS="628" VPOS="2801" WIDTH="33"/>
						<String ID="P60_ST00258" HPOS="661" VPOS="2744" WIDTH="67" HEIGHT="43" CONTENT="the" WC="0.98" CC="302"/>
						<SP ID="P60_SP00223" HPOS="728" VPOS="2801" WIDTH="48"/>
						<String ID="P60_ST00259" HPOS="776" VPOS="2744" WIDTH="187" HEIGHT="42" CONTENT="musician" WC="0.98" CC="07570563"/>
						<SP ID="P60_SP00224" HPOS="963" VPOS="2801" WIDTH="37"/>
						<String ID="P60_ST00260" HPOS="1000" VPOS="2760" WIDTH="68" HEIGHT="25" CONTENT="are" WC="0.98" CC="600"/>
					</TextLine>
					<TextLine ID="P60_TL00044" HPOS="146" VPOS="2803" WIDTH="922" HEIGHT="57">
						<String ID="P60_ST00261" HPOS="146" VPOS="2806" WIDTH="68" HEIGHT="44" CONTENT="the" WC="0.98" CC="500"/>
						<SP ID="P60_SP00225" HPOS="214" VPOS="2850" WIDTH="54"/>
						<String ID="P60_ST00262" HPOS="268" VPOS="2805" WIDTH="164" HEIGHT="55" CONTENT="magical" WC="0.98" CC="0697004"/>
						<SP ID="P60_SP00226" HPOS="432" VPOS="2860" WIDTH="52"/>
						<String ID="P60_ST00263" HPOS="484" VPOS="2805" WIDTH="139" HEIGHT="55" CONTENT="things," WC="0.98" CC="6084562"/>
						<SP ID="P60_SP00227" HPOS="623" VPOS="2860" WIDTH="59"/>
						<String ID="P60_ST00264" HPOS="682" VPOS="2804" WIDTH="160" HEIGHT="46" CONTENT="...their" WC="0.98" CC="44447078"/>
						<SP ID="P60_SP00228" HPOS="842" VPOS="2860" WIDTH="51"/>
						<String ID="P60_ST00265" HPOS="893" VPOS="2803" WIDTH="175" HEIGHT="57" CONTENT="spiritual" WC="0.98" CC="607464606"/>
					</TextLine>
					<TextLine ID="P60_TL00045" HPOS="147" VPOS="2865" WIDTH="919" HEIGHT="46">
						<String ID="P60_ST00266" HPOS="147" VPOS="2867" WIDTH="240" HEIGHT="44" CONTENT="inheritance" WC="0.99" CC="54002780603"/>
						<SP ID="P60_SP00229" HPOS="387" VPOS="2911" WIDTH="31"/>
						<String ID="P60_ST00267" HPOS="418" VPOS="2865" WIDTH="135" HEIGHT="45" CONTENT="which" WC="0.97" CC="90607"/>
						<SP ID="P60_SP00230" HPOS="553" VPOS="2911" WIDTH="47"/>
						<String ID="P60_ST00268" HPOS="600" VPOS="2883" WIDTH="74" HEIGHT="26" CONTENT="can" WC="0.98" CC="202"/>
						<SP ID="P60_SP00231" HPOS="674" VPOS="2911" WIDTH="33"/>
						<String ID="P60_ST00269" HPOS="707" VPOS="2883" WIDTH="120" HEIGHT="26" CONTENT="never" WC="0.98" CC="70030"/>
						<SP ID="P60_SP00232" HPOS="827" VPOS="2911" WIDTH="40"/>
						<String ID="P60_ST00270" HPOS="867" VPOS="2865" WIDTH="199" HEIGHT="43" CONTENT="decrease." WC="0.99" CC="900304004"/>
					</TextLine>
					<TextLine ID="P60_TL00046" HPOS="240" VPOS="2925" WIDTH="827" HEIGHT="55">
						<String ID="P60_ST00271" HPOS="240" VPOS="2928" WIDTH="96" HEIGHT="44" CONTENT="You" WC="0.96" CC="054"/>
						<SP ID="P60_SP00233" HPOS="336" VPOS="2972" WIDTH="23"/>
						<String ID="P60_ST00272" HPOS="359" VPOS="2927" WIDTH="122" HEIGHT="44" CONTENT="know" WC="0.98" CC="0430"/>
						<SP ID="P60_SP00234" HPOS="481" VPOS="2972" WIDTH="24"/>
						<String ID="P60_ST00273" HPOS="505" VPOS="2926" WIDTH="80" HEIGHT="45" CONTENT="that" WC="0.98" CC="4040"/>
						<SP ID="P60_SP00235" HPOS="585" VPOS="2972" WIDTH="25"/>
						<String ID="P60_ST00274" HPOS="610" VPOS="2939" WIDTH="40" HEIGHT="31" CONTENT="to" WC="0.35" CC="75"/>
						<SP ID="P60_SP00236" HPOS="650" VPOS="2972" WIDTH="34"/>
						<String ID="P60_ST00275" HPOS="684" VPOS="2926" WIDTH="73" HEIGHT="44" CONTENT="this" WC="0.97" CC="6080"/>
						<SP ID="P60_SP00237" HPOS="757" VPOS="2972" WIDTH="23"/>
						<String ID="P60_ST00276" HPOS="780" VPOS="2937" WIDTH="169" HEIGHT="33" CONTENT="treasure" WC="0.98" CC="48710530"/>
						<SP ID="P60_SP00238" HPOS="949" VPOS="2972" WIDTH="24"/>
						<String ID="P60_ST00277" HPOS="973" VPOS="2925" WIDTH="94" HEIGHT="55" CONTENT="they" WC="0.99" CC="5000"/>
					</TextLine>
					<TextLine ID="P60_TL00047" HPOS="148" VPOS="2986" WIDTH="920" HEIGHT="51">
						<String ID="P60_ST00278" HPOS="148" VPOS="2990" WIDTH="105" HEIGHT="43" CONTENT="have" WC="0.97" CC="7500"/>
						<SP ID="P60_SP00239" HPOS="253" VPOS="3033" WIDTH="21"/>
						<String ID="P60_ST00279" HPOS="274" VPOS="2989" WIDTH="140" HEIGHT="45" CONTENT="added" WC="1.00" CC="00000"/>
						<SP ID="P60_SP00240" HPOS="414" VPOS="3034" WIDTH="32"/>
						<String ID="P60_ST00280" HPOS="446" VPOS="2987" WIDTH="109" HEIGHT="50" CONTENT="laws," WC="1.00" CC="01002"/>
						<SP ID="P60_SP00241" HPOS="555" VPOS="3037" WIDTH="23"/>
						<String ID="P60_ST00281" HPOS="578" VPOS="2987" WIDTH="67" HEIGHT="44" CONTENT="the" WC="0.96" CC="801"/>
						<SP ID="P60_SP00242" HPOS="645" VPOS="3037" WIDTH="31"/>
						<String ID="P60_ST00282" HPOS="676" VPOS="2987" WIDTH="77" HEIGHT="44" CONTENT="fine" WC="0.99" CC="0050"/>
						<SP ID="P60_SP00243" HPOS="753" VPOS="3037" WIDTH="22"/>
						<String ID="P60_ST00283" HPOS="775" VPOS="2987" WIDTH="96" HEIGHT="44" CONTENT="laws" WC="0.98" CC="0800"/>
						<SP ID="P60_SP00244" HPOS="871" VPOS="3037" WIDTH="31"/>
						<String ID="P60_ST00284" HPOS="902" VPOS="2987" WIDTH="43" HEIGHT="43" CONTENT="of" WC="0.45" CC="37"/>
						<SP ID="P60_SP00245" HPOS="945" VPOS="3037" WIDTH="23"/>
						<String ID="P60_ST00285" HPOS="968" VPOS="2986" WIDTH="100" HEIGHT="43" CONTENT="their" WC="0.98" CC="07070"/>
					</TextLine>
					<TextLine ID="P60_TL00048" HPOS="147" VPOS="3046" WIDTH="920" HEIGHT="58">
						<String ID="P60_ST00286" HPOS="147" VPOS="3050" WIDTH="149" HEIGHT="44" CONTENT="several" WC="0.99" CC="4101004"/>
						<SP ID="P60_SP00246" HPOS="296" VPOS="3094" WIDTH="31"/>
						<String ID="P60_ST00287" HPOS="327" VPOS="3050" WIDTH="131" HEIGHT="44" CONTENT="crafts." WC="0.99" CC="0007033"/>
						<SP ID="P60_SP00247" HPOS="458" VPOS="3094" WIDTH="64"/>
						<String ID="P60_ST00288" HPOS="522" VPOS="3048" WIDTH="103" HEIGHT="44" CONTENT="And" WC="1.00" CC="000"/>
						<SP ID="P60_SP00248" HPOS="625" VPOS="3094" WIDTH="32"/>
						<String ID="P60_ST00289" HPOS="657" VPOS="3066" WIDTH="80" HEIGHT="38" CONTENT="you" WC="0.96" CC="046"/>
						<SP ID="P60_SP00249" HPOS="737" VPOS="3104" WIDTH="41"/>
						<String ID="P60_ST00290" HPOS="778" VPOS="3048" WIDTH="160" HEIGHT="55" CONTENT="longed," WC="0.99" CC="5630000"/>
						<SP ID="P60_SP00250" HPOS="938" VPOS="3104" WIDTH="49"/>
						<String ID="P60_ST00291" HPOS="987" VPOS="3046" WIDTH="80" HEIGHT="44" CONTENT="and" WC="0.98" CC="050"/>
					</TextLine>
					<TextLine ID="P60_TL00049" HPOS="147" VPOS="3108" WIDTH="920" HEIGHT="58">
						<String ID="P60_ST00292" HPOS="147" VPOS="3111" WIDTH="74" HEIGHT="44" CONTENT="still" WC="0.97" CC="76505"/>
						<SP ID="P60_SP00251" HPOS="221" VPOS="3155" WIDTH="31"/>
						<String ID="P60_ST00293" HPOS="252" VPOS="3111" WIDTH="93" HEIGHT="55" CONTENT="long" WC="0.98" CC="4060"/>
						<SP ID="P60_SP00252" HPOS="345" VPOS="3166" WIDTH="31"/>
						<String ID="P60_ST00294" HPOS="376" VPOS="3113" WIDTH="40" HEIGHT="41" CONTENT="in" WC="0.44" CC="73"/>
						<SP ID="P60_SP00253" HPOS="416" VPOS="3166" WIDTH="32"/>
						<String ID="P60_ST00295" HPOS="448" VPOS="3128" WIDTH="99" HEIGHT="38" CONTENT="your" WC="0.99" CC="0041"/>
						<SP ID="P60_SP00254" HPOS="547" VPOS="3166" WIDTH="32"/>
						<String ID="P60_ST00296" HPOS="579" VPOS="3110" WIDTH="109" HEIGHT="43" CONTENT="heart" WC="0.98" CC="05072"/>
						<SP ID="P60_SP00255" HPOS="688" VPOS="3166" WIDTH="43"/>
						<String ID="P60_ST00297" HPOS="731" VPOS="3121" WIDTH="42" HEIGHT="32" CONTENT="to" WC="0.80" CC="03"/>
						<SP ID="P60_SP00256" HPOS="773" VPOS="3166" WIDTH="32"/>
						<String ID="P60_ST00298" HPOS="805" VPOS="3109" WIDTH="82" HEIGHT="45" CONTENT="find" WC="1.00" CC="0010"/>
						<SP ID="P60_SP00257" HPOS="887" VPOS="3166" WIDTH="40"/>
						<String ID="P60_ST00299" HPOS="927" VPOS="3111" WIDTH="40" HEIGHT="41" CONTENT="in" WC="0.36" CC="66"/>
						<SP ID="P60_SP00258" HPOS="967" VPOS="3166" WIDTH="34"/>
						<String ID="P60_ST00300" HPOS="1001" VPOS="3108" WIDTH="66" HEIGHT="43" CONTENT="the" WC="0.95" CC="770"/>
					</TextLine>
					<TextLine ID="P60_TL00050" HPOS="147" VPOS="3168" WIDTH="920" HEIGHT="58">
						<String ID="P60_ST00301" HPOS="147" VPOS="3172" WIDTH="144" HEIGHT="45" CONTENT="actor's" WC="0.99" CC="0206440"/>
						<SP ID="P60_SP00259" HPOS="291" VPOS="3217" WIDTH="32"/>
						<String ID="P60_ST00302" HPOS="323" VPOS="3172" WIDTH="112" HEIGHT="54" CONTENT="body" WC="0.97" CC="7400"/>
						<SP ID="P60_SP00260" HPOS="435" VPOS="3226" WIDTH="22"/>
						<String ID="P60_ST00303" HPOS="457" VPOS="3171" WIDTH="80" HEIGHT="44" CONTENT="and" WC="0.94" CC="960"/>
						<SP ID="P60_SP00261" HPOS="537" VPOS="3226" WIDTH="24"/>
						<String ID="P60_ST00304" HPOS="561" VPOS="3170" WIDTH="123" HEIGHT="45" CONTENT="blood" WC="0.99" CC="02050"/>
						<SP ID="P60_SP00262" HPOS="684" VPOS="3226" WIDTH="30"/>
						<String ID="P60_ST00305" HPOS="714" VPOS="3172" WIDTH="80" HEIGHT="43" CONTENT="and" WC="0.98" CC="060"/>
						<SP ID="P60_SP00263" HPOS="794" VPOS="3226" WIDTH="23"/>
						<String ID="P60_ST00306" HPOS="817" VPOS="3170" WIDTH="97" HEIGHT="43" CONTENT="flesh" WC="0.97" CC="00567"/>
						<SP ID="P60_SP00264" HPOS="914" VPOS="3226" WIDTH="32"/>
						<String ID="P60_ST00307" HPOS="946" VPOS="3188" WIDTH="23" HEIGHT="24" CONTENT="a" WC="0.51" CC="4"/>
						<SP ID="P60_SP00265" HPOS="969" VPOS="3226" WIDTH="21"/>
						<String ID="P60_ST00308" HPOS="990" VPOS="3168" WIDTH="77" HEIGHT="44" CONTENT="like" WC="0.96" CC="6461"/>
					</TextLine>
					<TextLine ID="P60_TL00051" HPOS="148" VPOS="3229" WIDTH="919" HEIGHT="54">
						<String ID="P60_ST00309" HPOS="148" VPOS="3246" WIDTH="197" HEIGHT="37" CONTENT="treasure;" WC="0.99" CC="036500800"/>
						<SP ID="P60_SP00266" HPOS="345" VPOS="3283" WIDTH="52"/>
						<String ID="P60_ST00310" HPOS="397" VPOS="3245" WIDTH="42" HEIGHT="32" CONTENT="to" WC="0.67" CC="51"/>
						<SP ID="P60_SP00267" HPOS="439" VPOS="3283" WIDTH="32"/>
						<String ID="P60_ST00311" HPOS="471" VPOS="3233" WIDTH="83" HEIGHT="43" CONTENT="find" WC="0.99" CC="0030"/>
						<SP ID="P60_SP00268" HPOS="554" VPOS="3283" WIDTH="48"/>
						<String ID="P60_ST00312" HPOS="602" VPOS="3234" WIDTH="40" HEIGHT="41" CONTENT="in" WC="0.30" CC="67"/>
						<SP ID="P60_SP00269" HPOS="642" VPOS="3283" WIDTH="32"/>
						<String ID="P60_ST00313" HPOS="674" VPOS="3231" WIDTH="96" HEIGHT="44" CONTENT="flesh" WC="0.99" CC="00007"/>
						<SP ID="P60_SP00270" HPOS="770" VPOS="3283" WIDTH="48"/>
						<String ID="P60_ST00314" HPOS="818" VPOS="3233" WIDTH="79" HEIGHT="42" CONTENT="and" WC="0.95" CC="057"/>
						<SP ID="P60_SP00271" HPOS="897" VPOS="3283" WIDTH="45"/>
						<String ID="P60_ST00315" HPOS="942" VPOS="3229" WIDTH="125" HEIGHT="44" CONTENT="blood" WC="0.97" CC="74930"/>
					</TextLine>
					<TextLine ID="P60_TL00052" HPOS="148" VPOS="3290" WIDTH="916" HEIGHT="60">
						<String ID="P60_ST00316" HPOS="148" VPOS="3293" WIDTH="81" HEIGHT="46" CONTENT="and" WC="0.96" CC="360"/>
						<SP ID="P60_SP00272" HPOS="229" VPOS="3339" WIDTH="33"/>
						<String ID="P60_ST00317" HPOS="262" VPOS="3295" WIDTH="111" HEIGHT="55" CONTENT="body" WC="1.00" CC="0000"/>
						<SP ID="P60_SP00273" HPOS="373" VPOS="3350" WIDTH="22"/>
						<String ID="P60_ST00318" HPOS="395" VPOS="3295" WIDTH="68" HEIGHT="43" CONTENT="the" WC="0.95" CC="670"/>
						<SP ID="P60_SP00274" HPOS="463" VPOS="3350" WIDTH="21"/>
						<String ID="P60_ST00319" HPOS="484" VPOS="3292" WIDTH="176" HEIGHT="45" CONTENT="material" WC="0.98" CC="05907505"/>
						<SP ID="P60_SP00275" HPOS="660" VPOS="3350" WIDTH="20"/>
						<String ID="P60_ST00320" HPOS="680" VPOS="3310" WIDTH="80" HEIGHT="37" CONTENT="you" WC="1.00" CC="010"/>
						<SP ID="P60_SP00276" HPOS="760" VPOS="3350" WIDTH="32"/>
						<String ID="P60_ST00321" HPOS="792" VPOS="3292" WIDTH="90" HEIGHT="55" CONTENT="long" WC="0.97" CC="0078"/>
						<SP ID="P60_SP00277" HPOS="882" VPOS="3350" WIDTH="20"/>
						<String ID="P60_ST00322" HPOS="902" VPOS="3303" WIDTH="43" HEIGHT="32" CONTENT="to" WC="0.34" CC="66"/>
						<SP ID="P60_SP00278" HPOS="945" VPOS="3350" WIDTH="21"/>
						<String ID="P60_ST00323" HPOS="966" VPOS="3290" WIDTH="98" HEIGHT="45" CONTENT="find." WC="0.99" CC="00304"/>
					</TextLine>
					<TextLine ID="P60_TL00053" HPOS="240" VPOS="3353" WIDTH="827" HEIGHT="57">
						<String ID="P60_ST00324" HPOS="240" VPOS="3356" WIDTH="104" HEIGHT="44" CONTENT="And" WC="0.98" CC="050"/>
						<SP ID="P60_SP00279" HPOS="344" VPOS="3400" WIDTH="33"/>
						<String ID="P60_ST00325" HPOS="377" VPOS="3356" WIDTH="170" HEIGHT="43" CONTENT="because" WC="0.99" CC="7060510"/>
						<SP ID="P60_SP00280" HPOS="547" VPOS="3400" WIDTH="30"/>
						<String ID="P60_ST00326" HPOS="577" VPOS="3372" WIDTH="81" HEIGHT="38" CONTENT="you" WC="0.96" CC="065"/>
						<SP ID="P60_SP00281" HPOS="658" VPOS="3410" WIDTH="20"/>
						<String ID="P60_ST00327" HPOS="678" VPOS="3354" WIDTH="104" HEIGHT="44" CONTENT="have" WC="0.98" CC="6100"/>
						<SP ID="P60_SP00282" HPOS="782" VPOS="3410" WIDTH="30"/>
						<String ID="P60_ST00328" HPOS="812" VPOS="3353" WIDTH="189" HEIGHT="43" CONTENT="searched" WC="0.99" CC="00070629"/>
						<SP ID="P60_SP00283" HPOS="1001" VPOS="3410" WIDTH="23"/>
						<String ID="P60_ST00329" HPOS="1024" VPOS="3370" WIDTH="43" HEIGHT="25" CONTENT="so" WC="0.90" CC="02"/>
					</TextLine>
					<TextLine ID="P60_TL00054" HPOS="149" VPOS="3412" WIDTH="920" HEIGHT="61">
						<String ID="P60_ST00330" HPOS="149" VPOS="3416" WIDTH="152" HEIGHT="57" CONTENT="vividly" WC="0.98" CC="8706000"/>
						<SP ID="P60_SP00284" HPOS="301" VPOS="3473" WIDTH="31"/>
						<String ID="P60_ST00331" HPOS="332" VPOS="3416" WIDTH="97" HEIGHT="44" CONTENT="with" WC="0.95" CC="0797"/>
						<SP ID="P60_SP00285" HPOS="429" VPOS="3473" WIDTH="31"/>
						<String ID="P60_ST00332" HPOS="460" VPOS="3415" WIDTH="97" HEIGHT="44" CONTENT="such" WC="0.96" CC="4507"/>
						<SP ID="P60_SP00286" HPOS="557" VPOS="3473" WIDTH="22"/>
						<String ID="P60_ST00333" HPOS="579" VPOS="3414" WIDTH="195" HEIGHT="56" CONTENT="powerful" WC="0.99" CC="45004702"/>
						<SP ID="P60_SP00287" HPOS="774" VPOS="3473" WIDTH="30"/>
						<String ID="P60_ST00334" HPOS="804" VPOS="3415" WIDTH="181" HEIGHT="53" CONTENT="sincerity" WC="0.99" CC="076065610"/>
						<SP ID="P60_SP00288" HPOS="985" VPOS="3473" WIDTH="23"/>
						<String ID="P60_ST00335" HPOS="1008" VPOS="3412" WIDTH="61" HEIGHT="43" CONTENT="for" WC="0.93" CC="764"/>
					</TextLine>
					<TextLine ID="P60_TL00055" HPOS="148" VPOS="3474" WIDTH="919" HEIGHT="60">
						<String ID="P60_ST00336" HPOS="148" VPOS="3498" WIDTH="44" HEIGHT="25" CONTENT="so" WC="0.65" CC="60"/>
						<SP ID="P60_SP00289" HPOS="192" VPOS="3523" WIDTH="34"/>
						<String ID="P60_ST00337" HPOS="226" VPOS="3496" WIDTH="119" HEIGHT="38" CONTENT="many" WC="1.00" CC="0000"/>
						<SP ID="P60_SP00290" HPOS="345" VPOS="3534" WIDTH="30"/>
						<String ID="P60_ST00338" HPOS="375" VPOS="3495" WIDTH="126" HEIGHT="39" CONTENT="years," WC="0.98" CC="006343"/>
						<SP ID="P60_SP00291" HPOS="501" VPOS="3534" WIDTH="23"/>
						<String ID="P60_ST00339" HPOS="524" VPOS="3495" WIDTH="81" HEIGHT="37" CONTENT="you" WC="0.95" CC="077"/>
						<SP ID="P60_SP00292" HPOS="605" VPOS="3534" WIDTH="32"/>
						<String ID="P60_ST00340" HPOS="637" VPOS="3476" WIDTH="104" HEIGHT="44" CONTENT="have" WC="0.99" CC="0300"/>
						<SP ID="P60_SP00293" HPOS="741" VPOS="3534" WIDTH="17"/>
						<String ID="P60_ST00341" HPOS="758" VPOS="3476" WIDTH="126" HEIGHT="44" CONTENT="found" WC="0.98" CC="60400"/>
						<SP ID="P60_SP00294" HPOS="884" VPOS="3534" WIDTH="21"/>
						<String ID="P60_ST00342" HPOS="905" VPOS="3474" WIDTH="110" HEIGHT="44" CONTENT="what" WC="0.96" CC="6708"/>
						<SP ID="P60_SP00295" HPOS="1015" VPOS="3534" WIDTH="23"/>
						<String ID="P60_ST00343" HPOS="1038" VPOS="3475" WIDTH="29" HEIGHT="41" CONTENT="it" WC="0.35" CC="75"/>
					</TextLine>
					<TextLine ID="P60_TL00056" HPOS="149" VPOS="3534" WIDTH="918" HEIGHT="60">
						<String ID="P60_ST00344" HPOS="149" VPOS="3559" WIDTH="83" HEIGHT="25" CONTENT="was" WC="1.00" CC="000"/>
						<SP ID="P60_SP00296" HPOS="232" VPOS="3584" WIDTH="31"/>
						<String ID="P60_ST00345" HPOS="263" VPOS="3556" WIDTH="206" HEIGHT="38" CONTENT="necessary" WC="0.99" CC="600004570"/>
						<SP ID="P60_SP00297" HPOS="469" VPOS="3594" WIDTH="22"/>
						<String ID="P60_ST00346" HPOS="491" VPOS="3538" WIDTH="61" HEIGHT="44" CONTENT="for" WC="0.95" CC="723"/>
						<SP ID="P60_SP00298" HPOS="552" VPOS="3594" WIDTH="31"/>
						<String ID="P60_ST00347" HPOS="583" VPOS="3555" WIDTH="187" HEIGHT="26" CONTENT="someone" WC="0.98" CC="5501766"/>
						<SP ID="P60_SP00299" HPOS="770" VPOS="3594" WIDTH="21"/>
						<String ID="P60_ST00348" HPOS="791" VPOS="3548" WIDTH="42" HEIGHT="32" CONTENT="to" WC="0.34" CC="67"/>
						<SP ID="P60_SP00300" HPOS="833" VPOS="3594" WIDTH="33"/>
						<String ID="P60_ST00349" HPOS="866" VPOS="3535" WIDTH="96" HEIGHT="49" CONTENT="find," WC="1.00" CC="00002"/>
						<SP ID="P60_SP00301" HPOS="962" VPOS="3594" WIDTH="24"/>
						<String ID="P60_ST00350" HPOS="986" VPOS="3534" WIDTH="81" HEIGHT="44" CONTENT="and" WC="0.92" CC="667"/>
					</TextLine>
					<TextLine ID="P60_TL00057" HPOS="148" VPOS="3596" WIDTH="920" HEIGHT="60">
						<String ID="P60_ST00351" HPOS="148" VPOS="3601" WIDTH="95" HEIGHT="55" CONTENT="only" WC="0.94" CC="6769"/>
						<SP ID="P60_SP00302" HPOS="243" VPOS="3656" WIDTH="31"/>
						<String ID="P60_ST00352" HPOS="274" VPOS="3619" WIDTH="24" HEIGHT="25" CONTENT="a" WC="1.00" CC="0"/>
						<SP ID="P60_SP00303" HPOS="298" VPOS="3656" WIDTH="31"/>
						<String ID="P60_ST00353" HPOS="329" VPOS="3602" WIDTH="148" HEIGHT="42" CONTENT="sincere" WC="0.99" CC="3601034"/>
						<SP ID="P60_SP00304" HPOS="477" VPOS="3656" WIDTH="31"/>
						<String ID="P60_ST00354" HPOS="508" VPOS="3617" WIDTH="92" HEIGHT="26" CONTENT="man" WC="0.97" CC="036"/>
						<SP ID="P60_SP00305" HPOS="600" VPOS="3656" WIDTH="32"/>
						<String ID="P60_ST00355" HPOS="632" VPOS="3598" WIDTH="119" HEIGHT="44" CONTENT="could" WC="0.96" CC="54459"/>
						<SP ID="P60_SP00306" HPOS="751" VPOS="3656" WIDTH="22"/>
						<String ID="P60_ST00356" HPOS="773" VPOS="3598" WIDTH="52" HEIGHT="43" CONTENT="be" WC="0.47" CC="73"/>
						<SP ID="P60_SP00307" HPOS="825" VPOS="3656" WIDTH="31"/>
						<String ID="P60_ST00357" HPOS="856" VPOS="3596" WIDTH="146" HEIGHT="45" CONTENT="trusted" WC="0.98" CC="0432960"/>
						<SP ID="P60_SP00308" HPOS="1002" VPOS="3656" WIDTH="24"/>
						<String ID="P60_ST00358" HPOS="1026" VPOS="3607" WIDTH="42" HEIGHT="32" CONTENT="to" WC="0.36" CC="65"/>
					</TextLine>
					<TextLine ID="P60_TL00058" HPOS="150" VPOS="3657" WIDTH="917" HEIGHT="60">
						<String ID="P60_ST00359" HPOS="150" VPOS="3662" WIDTH="115" HEIGHT="45" CONTENT="make" WC="0.99" CC="0400"/>
						<SP ID="P60_SP00309" HPOS="265" VPOS="3707" WIDTH="32"/>
						<String ID="P60_ST00360" HPOS="297" VPOS="3661" WIDTH="67" HEIGHT="44" CONTENT="the" WC="0.94" CC="664"/>
						<SP ID="P60_SP00310" HPOS="364" VPOS="3707" WIDTH="33"/>
						<String ID="P60_ST00361" HPOS="397" VPOS="3672" WIDTH="112" HEIGHT="45" CONTENT="quest" WC="0.98" CC="57000"/>
						<SP ID="P60_SP00311" HPOS="509" VPOS="3717" WIDTH="20"/>
						<String ID="P60_ST00362" HPOS="529" VPOS="3678" WIDTH="10" HEIGHT="32" CONTENT=";" WC="0.59" CC="4"/>
						<SP ID="P60_SP00312" HPOS="539" VPOS="3717" WIDTH="38"/>
						<String ID="P60_ST00363" HPOS="577" VPOS="3678" WIDTH="79" HEIGHT="37" CONTENT="you" WC="0.98" CC="005"/>
						<SP ID="P60_SP00313" HPOS="656" VPOS="3717" WIDTH="33"/>
						<String ID="P60_ST00364" HPOS="689" VPOS="3660" WIDTH="105" HEIGHT="42" CONTENT="have" WC="1.00" CC="0000"/>
						<SP ID="P60_SP00314" HPOS="794" VPOS="3717" WIDTH="31"/>
						<String ID="P60_ST00365" HPOS="825" VPOS="3657" WIDTH="126" HEIGHT="45" CONTENT="found" WC="0.98" CC="60070"/>
						<SP ID="P60_SP00315" HPOS="951" VPOS="3717" WIDTH="32"/>
						<String ID="P60_ST00366" HPOS="983" VPOS="3657" WIDTH="84" HEIGHT="43" CONTENT="that" WC="0.94" CC="6787"/>
					</TextLine>
					<TextLine ID="P60_TL00059" HPOS="149" VPOS="3720" WIDTH="920" HEIGHT="57">
						<String ID="P60_ST00367" HPOS="149" VPOS="3725" WIDTH="67" HEIGHT="43" CONTENT="the" WC="0.94" CC="771"/>
						<SP ID="P60_SP00316" HPOS="216" VPOS="3768" WIDTH="48"/>
						<String ID="P60_ST00368" HPOS="264" VPOS="3722" WIDTH="113" HEIGHT="55" CONTENT="body" WC="0.97" CC="7500"/>
						<SP ID="P60_SP00317" HPOS="377" VPOS="3777" WIDTH="47"/>
						<String ID="P60_ST00369" HPOS="424" VPOS="3721" WIDTH="98" HEIGHT="44" CONTENT="with" WC="0.95" CC="0597"/>
						<SP ID="P60_SP00318" HPOS="522" VPOS="3777" WIDTH="46"/>
						<String ID="P60_ST00370" HPOS="568" VPOS="3723" WIDTH="47" HEIGHT="42" CONTENT="its" WC="0.95" CC="740"/>
						<SP ID="P60_SP00319" HPOS="615" VPOS="3777" WIDTH="48"/>
						<String ID="P60_ST00371" HPOS="663" VPOS="3720" WIDTH="128" HEIGHT="56" CONTENT="frailty" WC="0.98" CC="6284460"/>
						<SP ID="P60_SP00320" HPOS="791" VPOS="3777" WIDTH="45"/>
						<String ID="P60_ST00372" HPOS="836" VPOS="3737" WIDTH="76" HEIGHT="26" CONTENT="can" WC="0.96" CC="306"/>
						<SP ID="P60_SP00321" HPOS="912" VPOS="3777" WIDTH="36"/>
						<String ID="P60_ST00373" HPOS="948" VPOS="3735" WIDTH="121" HEIGHT="26" CONTENT="never" WC="0.98" CC="52008"/>
					</TextLine>
					<TextLine ID="P60_TL00060" HPOS="149" VPOS="3782" WIDTH="740" HEIGHT="55">
						<String ID="P60_ST00374" HPOS="149" VPOS="3787" WIDTH="171" HEIGHT="43" CONTENT="become" WC="0.98" CC="746401"/>
						<SP ID="P60_SP00322" HPOS="320" VPOS="3830" WIDTH="32"/>
						<String ID="P60_ST00375" HPOS="352" VPOS="3801" WIDTH="24" HEIGHT="25" CONTENT="a" WC="1.00" CC="0"/>
						<SP ID="P60_SP00323" HPOS="376" VPOS="3830" WIDTH="31"/>
						<String ID="P60_ST00376" HPOS="407" VPOS="3782" WIDTH="176" HEIGHT="45" CONTENT="material" WC="0.99" CC="00903325"/>
						<SP ID="P60_SP00324" HPOS="583" VPOS="3830" WIDTH="34"/>
						<String ID="P60_ST00377" HPOS="617" VPOS="3782" WIDTH="60" HEIGHT="43" CONTENT="for" WC="0.97" CC="600"/>
						<SP ID="P60_SP00325" HPOS="677" VPOS="3830" WIDTH="31"/>
						<String ID="P60_ST00378" HPOS="708" VPOS="3800" WIDTH="78" HEIGHT="37" CONTENT="any" WC="0.96" CC="460"/>
						<SP ID="P60_SP00326" HPOS="786" VPOS="3837" WIDTH="31"/>
						<String ID="P60_ST00379" HPOS="817" VPOS="3792" WIDTH="72" HEIGHT="32" CONTENT="art." WC="0.97" CC="0903"/>
					</TextLine>
					<TextLine ID="P60_TL00061" HPOS="242" VPOS="3841" WIDTH="826" HEIGHT="56">
						<String ID="P60_ST00380" HPOS="242" VPOS="3846" WIDTH="72" HEIGHT="42" CONTENT="An" WC="0.80" CC="04"/>
						<SP ID="P60_SP00327" HPOS="314" VPOS="3888" WIDTH="17"/>
						<String ID="P60_ST00381" HPOS="331" VPOS="3845" WIDTH="228" HEIGHT="43" CONTENT="instrument" WC="0.98" CC="7696543564"/>
						<SP ID="P60_SP00328" HPOS="559" VPOS="3888" WIDTH="17"/>
						<String ID="P60_ST00382" HPOS="576" VPOS="3845" WIDTH="28" HEIGHT="42" CONTENT="it" WC="0.66" CC="60"/>
						<SP ID="P60_SP00329" HPOS="604" VPOS="3888" WIDTH="23"/>
						<String ID="P60_ST00383" HPOS="627" VPOS="3845" WIDTH="30" HEIGHT="41" CONTENT="is" WC="0.55" CC="53"/>
						<SP ID="P60_SP00330" HPOS="657" VPOS="3888" WIDTH="17"/>
						<String ID="P60_ST00384" HPOS="674" VPOS="3843" WIDTH="42" HEIGHT="43" CONTENT="of" WC="0.33" CC="66"/>
						<SP ID="P60_SP00331" HPOS="716" VPOS="3888" WIDTH="15"/>
						<String ID="P60_ST00385" HPOS="731" VPOS="3841" WIDTH="337" HEIGHT="56" CONTENT="self-expression;" WC="0.99" CC="5027404091767546"/>
					</TextLine>
					<TextLine ID="P60_TL00062" HPOS="150" VPOS="3903" WIDTH="918" HEIGHT="58">
						<String ID="P60_ST00386" HPOS="150" VPOS="3908" WIDTH="75" HEIGHT="43" CONTENT="this" WC="0.97" CC="6710"/>
						<SP ID="P60_SP00332" HPOS="225" VPOS="3951" WIDTH="33"/>
						<String ID="P60_ST00387" HPOS="258" VPOS="3918" WIDTH="39" HEIGHT="32" CONTENT="at" WC="0.70" CC="05"/>
						<SP ID="P60_SP00333" HPOS="297" VPOS="3951" WIDTH="32"/>
						<String ID="P60_ST00388" HPOS="329" VPOS="3906" WIDTH="67" HEIGHT="43" CONTENT="the" WC="0.92" CC="974"/>
						<SP ID="P60_SP00334" HPOS="396" VPOS="3951" WIDTH="33"/>
						<String ID="P60_ST00389" HPOS="429" VPOS="3905" WIDTH="118" HEIGHT="56" CONTENT="very];" WC="0.98" CC="054092"/>
						<SP ID="P60_SP00335" HPOS="547" VPOS="3961" WIDTH="11"/>
						<String ID="P60_ST00390" HPOS="558" VPOS="3906" WIDTH="85" HEIGHT="42" CONTENT="best" WC="0.97" CC="7400"/>
						<SP ID="P60_SP00336" HPOS="643" VPOS="3961" WIDTH="34"/>
						<String ID="P60_ST00391" HPOS="677" VPOS="3903" WIDTH="81" HEIGHT="44" CONTENT="and" WC="0.93" CC="449"/>
						<SP ID="P60_SP00337" HPOS="758" VPOS="3961" WIDTH="32"/>
						<String ID="P60_ST00392" HPOS="790" VPOS="3915" WIDTH="39" HEIGHT="31" CONTENT="at" WC="1.00" CC="00"/>
						<SP ID="P60_SP00338" HPOS="829" VPOS="3961" WIDTH="24"/>
						<String ID="P60_ST00393" HPOS="853" VPOS="3903" WIDTH="68" HEIGHT="43" CONTENT="the" WC="0.95" CC="272"/>
						<SP ID="P60_SP00339" HPOS="921" VPOS="3961" WIDTH="32"/>
						<String ID="P60_ST00394" HPOS="953" VPOS="3911" WIDTH="115" HEIGHT="34" CONTENT="most." WC="0.97" CC="05354"/>
					</TextLine>
					<TextLine ID="P60_TL00063" HPOS="150" VPOS="3963" WIDTH="921" HEIGHT="57">
						<String ID="P60_ST00395" HPOS="150" VPOS="3968" WIDTH="104" HEIGHT="45" CONTENT="And" WC="0.97" CC="060"/>
						<SP ID="P60_SP00340" HPOS="254" VPOS="4013" WIDTH="33"/>
						<String ID="P60_ST00396" HPOS="287" VPOS="3984" WIDTH="93" HEIGHT="28" CONTENT="now" WC="0.97" CC="260"/>
						<SP ID="P60_SP00341" HPOS="380" VPOS="4013" WIDTH="34"/>
						<String ID="P60_ST00397" HPOS="414" VPOS="3966" WIDTH="99" HEIGHT="44" CONTENT="after" WC="0.97" CC="08036"/>
						<SP ID="P60_SP00342" HPOS="513" VPOS="4013" WIDTH="31"/>
						<String ID="P60_ST00398" HPOS="544" VPOS="3966" WIDTH="145" HEIGHT="54" CONTENT="having" WC="0.97" CC="760759"/>
						<SP ID="P60_SP00343" HPOS="689" VPOS="4020" WIDTH="42"/>
						<String ID="P60_ST00399" HPOS="731" VPOS="3963" WIDTH="125" HEIGHT="45" CONTENT="found" WC="0.98" CC="71160"/>
						<SP ID="P60_SP00344" HPOS="856" VPOS="4020" WIDTH="40"/>
						<String ID="P60_ST00400" HPOS="896" VPOS="3963" WIDTH="88" HEIGHT="49" CONTENT="this," WC="0.98" CC="50402"/>
						<SP ID="P60_SP00345" HPOS="984" VPOS="4020" WIDTH="34"/>
						<String ID="P60_ST00401" HPOS="1018" VPOS="3980" WIDTH="53" HEIGHT="25" CONTENT="no" WC="0.48" CC="36"/>
					</TextLine>
					<TextLine ID="P60_TL00064" HPOS="150" VPOS="4026" WIDTH="922" HEIGHT="47">
						<String ID="P60_ST00402" HPOS="150" VPOS="4048" WIDTH="78" HEIGHT="25" CONTENT="one" WC="0.96" CC="054"/>
						<SP ID="P60_SP00346" HPOS="228" VPOS="4073" WIDTH="32"/>
						<String ID="P60_ST00403" HPOS="260" VPOS="4028" WIDTH="79" HEIGHT="44" CONTENT="else" WC="0.99" CC="0040"/>
						<SP ID="P60_SP00347" HPOS="339" VPOS="4073" WIDTH="23"/>
						<String ID="P60_ST00404" HPOS="362" VPOS="4047" WIDTH="75" HEIGHT="24" CONTENT="can" WC="0.94" CC="276"/>
						<SP ID="P60_SP00348" HPOS="437" VPOS="4073" WIDTH="21"/>
						<String ID="P60_ST00405" HPOS="458" VPOS="4040" WIDTH="88" HEIGHT="31" CONTENT="turn" WC="0.96" CC="6615"/>
						<SP ID="P60_SP00349" HPOS="546" VPOS="4073" WIDTH="22"/>
						<String ID="P60_ST00406" HPOS="568" VPOS="4026" WIDTH="103" HEIGHT="45" CONTENT="back" WC="0.97" CC="7050"/>
						<SP ID="P60_SP00350" HPOS="671" VPOS="4073" WIDTH="24"/>
						<String ID="P60_ST00407" HPOS="695" VPOS="4027" WIDTH="78" HEIGHT="43" CONTENT="and" WC="0.95" CC="570"/>
						<SP ID="P60_SP00351" HPOS="773" VPOS="4073" WIDTH="24"/>
						<String ID="P60_ST00408" HPOS="797" VPOS="4042" WIDTH="275" HEIGHT="26" CONTENT="recommence" WC="0.99" CC="5050900600"/>
					</TextLine>
					<TextLine ID="P60_TL00065" HPOS="151" VPOS="4089" WIDTH="825" HEIGHT="50">
						<String ID="P60_ST00409" HPOS="151" VPOS="4092" WIDTH="67" HEIGHT="43" CONTENT="the" WC="0.94" CC="970"/>
						<SP ID="P60_SP00352" HPOS="218" VPOS="4135" WIDTH="31"/>
						<String ID="P60_ST00410" HPOS="249" VPOS="4089" WIDTH="151" HEIGHT="50" CONTENT="search," WC="0.98" CC="3043473"/>
						<SP ID="P60_SP00353" HPOS="400" VPOS="4139" WIDTH="37"/>
						<String ID="P60_ST00411" HPOS="437" VPOS="4106" WIDTH="115" HEIGHT="26" CONTENT="....no" WC="0.97" CC="444466"/>
						<SP ID="P60_SP00354" HPOS="552" VPOS="4139" WIDTH="31"/>
						<String ID="P60_ST00412" HPOS="583" VPOS="4089" WIDTH="147" HEIGHT="43" CONTENT="sincere" WC="0.98" CC="3560060"/>
						<SP ID="P60_SP00355" HPOS="730" VPOS="4139" WIDTH="32"/>
						<String ID="P60_ST00413" HPOS="762" VPOS="4104" WIDTH="93" HEIGHT="26" CONTENT="man" WC="0.94" CC="077"/>
						<SP ID="P60_SP00356" HPOS="855" VPOS="4139" WIDTH="31"/>
						<String ID="P60_ST00414" HPOS="886" VPOS="4104" WIDTH="90" HEIGHT="25" CONTENT="can." WC="0.97" CC="4064"/>
					</TextLine>
					<TextLine ID="P60_TL00066" HPOS="245" VPOS="4147" WIDTH="829" HEIGHT="58">
						<String ID="P60_ST00415" HPOS="245" VPOS="4151" WIDTH="32" HEIGHT="44" CONTENT="It" WC="0.51" CC="81"/>
						<SP ID="P60_SP00357" HPOS="277" VPOS="4195" WIDTH="33"/>
						<String ID="P60_ST00416" HPOS="310" VPOS="4150" WIDTH="70" HEIGHT="44" CONTENT="has" WC="0.98" CC="032"/>
						<SP ID="P60_SP00358" HPOS="380" VPOS="4195" WIDTH="33"/>
						<String ID="P60_ST00417" HPOS="413" VPOS="4150" WIDTH="102" HEIGHT="44" CONTENT="been" WC="0.98" CC="6012"/>
						<SP ID="P60_SP00359" HPOS="515" VPOS="4195" WIDTH="32"/>
						<String ID="P60_ST00418" HPOS="547" VPOS="4147" WIDTH="154" HEIGHT="58" CONTENT="proved" WC="0.99" CC="094000"/>
						<SP ID="P60_SP00360" HPOS="701" VPOS="4205" WIDTH="49"/>
						<String ID="P60_ST00419" HPOS="750" VPOS="4148" WIDTH="56" HEIGHT="55" CONTENT="by" WC="1.00" CC="00"/>
						<SP ID="P60_SP00361" HPOS="806" VPOS="4205" WIDTH="31"/>
						<String ID="P60_ST00420" HPOS="837" VPOS="4164" WIDTH="95" HEIGHT="38" CONTENT="you," WC="1.00" CC="0000"/>
						<SP ID="P60_SP00362" HPOS="932" VPOS="4205" WIDTH="34"/>
						<String ID="P60_ST00421" HPOS="966" VPOS="4162" WIDTH="108" HEIGHT="28" CONTENT="more" WC="0.96" CC="9710"/>
					</TextLine>
					<TextLine ID="P60_TL00067" HPOS="152" VPOS="4205" WIDTH="922" HEIGHT="63">
						<String ID="P60_ST00422" HPOS="152" VPOS="4212" WIDTH="95" HEIGHT="45" CONTENT="than" WC="0.95" CC="6645"/>
						<SP ID="P60_SP00363" HPOS="247" VPOS="4257" WIDTH="33"/>
						<String ID="P60_ST00423" HPOS="280" VPOS="4211" WIDTH="55" HEIGHT="57" CONTENT="by" WC="0.64" CC="70"/>
						<SP ID="P60_SP00364" HPOS="335" VPOS="4268" WIDTH="32"/>
						<String ID="P60_ST00424" HPOS="367" VPOS="4229" WIDTH="156" HEIGHT="39" CONTENT="anyone" WC="1.00" CC="000500"/>
						<SP ID="P60_SP00365" HPOS="523" VPOS="4268" WIDTH="31"/>
						<String ID="P60_ST00425" HPOS="554" VPOS="4210" WIDTH="80" HEIGHT="45" CONTENT="else" WC="0.96" CC="5362"/>
						<SP ID="P60_SP00366" HPOS="634" VPOS="4268" WIDTH="35"/>
						<String ID="P60_ST00426" HPOS="669" VPOS="4220" WIDTH="41" HEIGHT="34" CONTENT="at" WC="0.37" CC="29"/>
						<SP ID="P60_SP00367" HPOS="710" VPOS="4268" WIDTH="31"/>
						<String ID="P60_ST00427" HPOS="741" VPOS="4226" WIDTH="79" HEIGHT="38" CONTENT="any" WC="0.98" CC="500"/>
						<SP ID="P60_SP00368" HPOS="820" VPOS="4268" WIDTH="31"/>
						<String ID="P60_ST00428" HPOS="851" VPOS="4209" WIDTH="105" HEIGHT="48" CONTENT="time," WC="0.97" CC="84600"/>
						<SP ID="P60_SP00369" HPOS="956" VPOS="4268" WIDTH="35"/>
						<String ID="P60_ST00429" HPOS="991" VPOS="4205" WIDTH="83" HEIGHT="45" CONTENT="that" WC="0.96" CC="0663"/>
					</TextLine>
				</TextBlock>
				<TextBlock ID="P60_TB00007" HPOS="1097" VPOS="187" WIDTH="941" HEIGHT="4078" STYLEREFS="TXT_1 PAR_BLOCK">
					<TextLine ID="P60_TL00068" HPOS="1098" VPOS="187" WIDTH="918" HEIGHT="58">
						<String ID="P60_ST00430" HPOS="1098" VPOS="187" WIDTH="69" HEIGHT="45" CONTENT="the" WC="0.93" CC="675"/>
						<SP ID="P60_SP00370" HPOS="1167" VPOS="232" WIDTH="30"/>
						<String ID="P60_ST00431" HPOS="1197" VPOS="188" WIDTH="104" HEIGHT="44" CONTENT="artist" WC="0.98" CC="037702"/>
						<SP ID="P60_SP00371" HPOS="1301" VPOS="232" WIDTH="33"/>
						<String ID="P60_ST00432" HPOS="1334" VPOS="206" WIDTH="92" HEIGHT="38" CONTENT="may" WC="0.98" CC="060"/>
						<SP ID="P60_SP00372" HPOS="1426" VPOS="244" WIDTH="22"/>
						<String ID="P60_ST00433" HPOS="1448" VPOS="188" WIDTH="94" HEIGHT="56" CONTENT="only" WC="0.99" CC="0050"/>
						<SP ID="P60_SP00373" HPOS="1542" VPOS="244" WIDTH="34"/>
						<String ID="P60_ST00434" HPOS="1576" VPOS="190" WIDTH="92" HEIGHT="55" CONTENT="(can" WC="0.96" CC="5066"/>
						<SP ID="P60_SP00374" HPOS="1668" VPOS="245" WIDTH="29"/>
						<String ID="P60_ST00435" HPOS="1697" VPOS="190" WIDTH="111" HEIGHT="55" CONTENT="only)" WC="0.96" CC="75607"/>
						<SP ID="P60_SP00375" HPOS="1808" VPOS="245" WIDTH="35"/>
						<String ID="P60_ST00436" HPOS="1843" VPOS="189" WIDTH="113" HEIGHT="45" CONTENT="work" WC="0.98" CC="0360"/>
						<SP ID="P60_SP00376" HPOS="1956" VPOS="245" WIDTH="20"/>
						<String ID="P60_ST00437" HPOS="1976" VPOS="192" WIDTH="40" HEIGHT="41" CONTENT="in" WC="0.42" CC="64"/>
					</TextLine>
					<TextLine ID="P60_TL00069" HPOS="1099" VPOS="248" WIDTH="918" HEIGHT="51">
						<String ID="P60_ST00438" HPOS="1099" VPOS="266" WIDTH="24" HEIGHT="25" CONTENT="a" WC="0.07" CC="9"/>
						<SP ID="P60_SP00377" HPOS="1123" VPOS="291" WIDTH="33"/>
						<String ID="P60_ST00439" HPOS="1156" VPOS="248" WIDTH="175" HEIGHT="44" CONTENT="material" WC="0.99" CC="00024304"/>
						<SP ID="P60_SP00378" HPOS="1331" VPOS="292" WIDTH="43"/>
						<String ID="P60_ST00440" HPOS="1374" VPOS="249" WIDTH="133" HEIGHT="45" CONTENT="which" WC="0.99" CC="90000"/>
						<SP ID="P60_SP00379" HPOS="1507" VPOS="294" WIDTH="31"/>
						<String ID="P60_ST00441" HPOS="1538" VPOS="252" WIDTH="32" HEIGHT="42" CONTENT="is" WC="0.63" CC="51"/>
						<SP ID="P60_SP00380" HPOS="1570" VPOS="294" WIDTH="21"/>
						<String ID="P60_ST00442" HPOS="1591" VPOS="259" WIDTH="27" HEIGHT="16" CONTENT="44" STYLE="superscript" WC="0.55" CC="44"/>
						<SP ID="P60_SP00381" HPOS="1618" VPOS="294" WIDTH="18"/>
						<String ID="P60_ST00443" HPOS="1636" VPOS="250" WIDTH="106" HEIGHT="44" CONTENT="dead" WC="0.99" CC="0600"/>
						<SP ID="P60_SP00382" HPOS="1742" VPOS="294" WIDTH="19"/>
						<String ID="P60_ST00444" HPOS="1761" VPOS="250" WIDTH="26" HEIGHT="15" CONTENT='"' WC="0.24" CC="7"/>
						<SP ID="P60_SP00383" HPOS="1787" VPOS="294" WIDTH="42"/>
						<String ID="P60_ST00445" HPOS="1829" VPOS="250" WIDTH="188" HEIGHT="49" CONTENT="material," WC="0.99" CC="000044043"/>
					</TextLine>
					<TextLine ID="P60_TL00070" HPOS="1104" VPOS="309" WIDTH="914" HEIGHT="60">
						<String ID="P60_ST00446" HPOS="1104" VPOS="309" WIDTH="33" HEIGHT="55" CONTENT="(I" WC="0.65" CC="07"/>
						<SP ID="P60_SP00384" HPOS="1137" VPOS="364" WIDTH="32"/>
						<String ID="P60_ST00447" HPOS="1169" VPOS="310" WIDTH="137" HEIGHT="43" CONTENT="search" WC="0.98" CC="328010"/>
						<SP ID="P60_SP00385" HPOS="1306" VPOS="364" WIDTH="32"/>
						<String ID="P60_ST00448" HPOS="1338" VPOS="309" WIDTH="60" HEIGHT="44" CONTENT="for" WC="0.98" CC="600"/>
						<SP ID="P60_SP00386" HPOS="1398" VPOS="364" WIDTH="31"/>
						<String ID="P60_ST00449" HPOS="1429" VPOS="329" WIDTH="24" HEIGHT="25" CONTENT="a" WC="1.00" CC="0"/>
						<SP ID="P60_SP00387" HPOS="1453" VPOS="364" WIDTH="31"/>
						<String ID="P60_ST00450" HPOS="1484" VPOS="310" WIDTH="127" HEIGHT="45" CONTENT="better" WC="0.97" CC="704566"/>
						<SP ID="P60_SP00388" HPOS="1611" VPOS="364" WIDTH="26"/>
						<String ID="P60_ST00451" HPOS="1637" VPOS="311" WIDTH="116" HEIGHT="44" CONTENT="word" WC="0.99" CC="0030"/>
						<SP ID="P60_SP00389" HPOS="1753" VPOS="364" WIDTH="31"/>
						<String ID="P60_ST00452" HPOS="1784" VPOS="313" WIDTH="40" HEIGHT="42" CONTENT="in" WC="0.50" CC="54"/>
						<SP ID="P60_SP00390" HPOS="1824" VPOS="364" WIDTH="32"/>
						<String ID="P60_ST00453" HPOS="1856" VPOS="312" WIDTH="109" HEIGHT="57" CONTENT="vain)" WC="0.99" CC="00400"/>
						<SP ID="P60_SP00391" HPOS="1965" VPOS="369" WIDTH="23"/>
						<String ID="P60_ST00454" HPOS="1988" VPOS="311" WIDTH="30" HEIGHT="44" CONTENT="if" WC="0.52" CC="27"/>
					</TextLine>
					<TextLine ID="P60_TL00071" HPOS="1100" VPOS="370" WIDTH="704" HEIGHT="46">
						<String ID="P60_ST00455" HPOS="1100" VPOS="370" WIDTH="52" HEIGHT="44" CONTENT="he" WC="0.64" CC="70"/>
						<SP ID="P60_SP00392" HPOS="1152" VPOS="414" WIDTH="31"/>
						<String ID="P60_ST00456" HPOS="1183" VPOS="370" WIDTH="83" HEIGHT="44" CONTENT="will" WC="0.97" CC="0507"/>
						<SP ID="P60_SP00393" HPOS="1266" VPOS="414" WIDTH="29"/>
						<String ID="P60_ST00457" HPOS="1295" VPOS="382" WIDTH="134" HEIGHT="33" CONTENT="create" WC="0.98" CC="700075"/>
						<SP ID="P60_SP00394" HPOS="1429" VPOS="415" WIDTH="30"/>
						<String ID="P60_ST00458" HPOS="1459" VPOS="390" WIDTH="25" HEIGHT="24" CONTENT="a" WC="1.00" CC="0"/>
						<SP ID="P60_SP00395" HPOS="1484" VPOS="415" WIDTH="30"/>
						<String ID="P60_ST00459" HPOS="1514" VPOS="371" WIDTH="113" HEIGHT="45" CONTENT="work" WC="0.99" CC="0040"/>
						<SP ID="P60_SP00396" HPOS="1627" VPOS="416" WIDTH="30"/>
						<String ID="P60_ST00460" HPOS="1657" VPOS="372" WIDTH="45" HEIGHT="44" CONTENT="of" WC="0.52" CC="36"/>
						<SP ID="P60_SP00397" HPOS="1702" VPOS="416" WIDTH="30"/>
						<String ID="P60_ST00461" HPOS="1732" VPOS="383" WIDTH="72" HEIGHT="33" CONTENT="art." WC="0.96" CC="3914"/>
					</TextLine>
					<TextLine ID="P60_TL00072" HPOS="1192" VPOS="431" WIDTH="825" HEIGHT="57">
						<String ID="P60_ST00462" HPOS="1192" VPOS="431" WIDTH="93" HEIGHT="43" CONTENT="The" WC="0.99" CC="100"/>
						<SP ID="P60_SP00398" HPOS="1285" VPOS="474" WIDTH="30"/>
						<String ID="P60_ST00463" HPOS="1315" VPOS="433" WIDTH="105" HEIGHT="42" CONTENT="artist" WC="0.99" CC="100355"/>
						<SP ID="P60_SP00399" HPOS="1420" VPOS="475" WIDTH="43"/>
						<String ID="P60_ST00464" HPOS="1463" VPOS="450" WIDTH="87" HEIGHT="26" CONTENT="uses" WC="0.99" CC="1020"/>
						<SP ID="P60_SP00400" HPOS="1550" VPOS="476" WIDTH="28"/>
						<String ID="P60_ST00465" HPOS="1578" VPOS="435" WIDTH="127" HEIGHT="53" CONTENT="ivory," WC="0.99" CC="104404"/>
						<SP ID="P60_SP00401" HPOS="1705" VPOS="488" WIDTH="47"/>
						<String ID="P60_ST00466" HPOS="1752" VPOS="432" WIDTH="107" HEIGHT="55" CONTENT="gold," WC="0.97" CC="86303"/>
						<SP ID="P60_SP00402" HPOS="1859" VPOS="488" WIDTH="32"/>
						<String ID="P60_ST00467" HPOS="1891" VPOS="431" WIDTH="126" HEIGHT="51" CONTENT="silver," WC="0.98" CC="9200074"/>
					</TextLine>
					<TextLine ID="P60_TL00073" HPOS="1101" VPOS="491" WIDTH="916" HEIGHT="57">
						<String ID="P60_ST00468" HPOS="1101" VPOS="491" WIDTH="105" HEIGHT="50" CONTENT="lead," WC="0.99" CC="02002"/>
						<SP ID="P60_SP00403" HPOS="1206" VPOS="541" WIDTH="33"/>
						<String ID="P60_ST00469" HPOS="1239" VPOS="491" WIDTH="101" HEIGHT="50" CONTENT="silks," WC="0.98" CC="050064"/>
						<SP ID="P60_SP00404" HPOS="1340" VPOS="541" WIDTH="49"/>
						<String ID="P60_ST00470" HPOS="1389" VPOS="494" WIDTH="141" HEIGHT="54" CONTENT="paints," WC="0.99" CC="0065052"/>
						<SP ID="P60_SP00405" HPOS="1530" VPOS="548" WIDTH="33"/>
						<String ID="P60_ST00471" HPOS="1563" VPOS="493" WIDTH="163" HEIGHT="50" CONTENT="bronze," WC="0.98" CC="7307604"/>
						<SP ID="P60_SP00406" HPOS="1726" VPOS="548" WIDTH="36"/>
						<String ID="P60_ST00472" HPOS="1762" VPOS="493" WIDTH="81" HEIGHT="44" CONTENT="and" WC="0.98" CC="060"/>
						<SP ID="P60_SP00407" HPOS="1843" VPOS="548" WIDTH="31"/>
						<String ID="P60_ST00473" HPOS="1874" VPOS="493" WIDTH="143" HEIGHT="55" CONTENT="pencil," WC="0.99" CC="0001534"/>
					</TextLine>
					<TextLine ID="P60_TL00074" HPOS="1102" VPOS="553" WIDTH="918" HEIGHT="54">
						<String ID="P60_ST00474" HPOS="1102" VPOS="570" WIDTH="138" HEIGHT="37" CONTENT="paper," WC="0.99" CC="000024"/>
						<SP ID="P60_SP00408" HPOS="1240" VPOS="607" WIDTH="32"/>
						<String ID="P60_ST00475" HPOS="1272" VPOS="553" WIDTH="147" HEIGHT="49" CONTENT="words," WC="0.99" CC="930010"/>
						<SP ID="P60_SP00409" HPOS="1419" VPOS="607" WIDTH="48"/>
						<String ID="P60_ST00476" HPOS="1467" VPOS="565" WIDTH="124" HEIGHT="38" CONTENT="notes," WC="1.00" CC="001000"/>
						<SP ID="P60_SP00410" HPOS="1591" VPOS="607" WIDTH="48"/>
						<String ID="P60_ST00477" HPOS="1639" VPOS="553" WIDTH="141" HEIGHT="50" CONTENT="sound," WC="0.98" CC="564504"/>
						<SP ID="P60_SP00411" HPOS="1780" VPOS="607" WIDTH="49"/>
						<String ID="P60_ST00478" HPOS="1829" VPOS="553" WIDTH="108" HEIGHT="54" CONTENT="light," WC="0.97" CC="579700"/>
						<SP ID="P60_SP00412" HPOS="1937" VPOS="607" WIDTH="38"/>
						<String ID="P60_ST00479" HPOS="1975" VPOS="571" WIDTH="45" HEIGHT="26" CONTENT="or" WC="1.00" CC="00"/>
					</TextLine>
					<TextLine ID="P60_TL00075" HPOS="1102" VPOS="613" WIDTH="916" HEIGHT="56">
						<String ID="P60_ST00480" HPOS="1102" VPOS="613" WIDTH="137" HEIGHT="50" CONTENT="wood," WC="0.98" CC="06304"/>
						<SP ID="P60_SP00413" HPOS="1239" VPOS="663" WIDTH="31"/>
						<String ID="P60_ST00481" HPOS="1270" VPOS="631" WIDTH="45" HEIGHT="25" CONTENT="or" WC="0.23" CC="69"/>
						<SP ID="P60_SP00414" HPOS="1315" VPOS="663" WIDTH="32"/>
						<String ID="P60_ST00482" HPOS="1347" VPOS="614" WIDTH="81" HEIGHT="50" CONTENT="ink," WC="0.97" CC="5304"/>
						<SP ID="P60_SP00415" HPOS="1428" VPOS="664" WIDTH="33"/>
						<String ID="P60_ST00483" HPOS="1461" VPOS="632" WIDTH="45" HEIGHT="26" CONTENT="or" WC="0.76" CC="40"/>
						<SP ID="P60_SP00416" HPOS="1506" VPOS="664" WIDTH="30"/>
						<String ID="P60_ST00484" HPOS="1536" VPOS="614" WIDTH="108" HEIGHT="44" CONTENT="what" WC="1.00" CC="0000"/>
						<SP ID="P60_SP00417" HPOS="1644" VPOS="664" WIDTH="39"/>
						<String ID="P60_ST00485" HPOS="1683" VPOS="632" WIDTH="80" HEIGHT="37" CONTENT="you" WC="0.96" CC="062"/>
						<SP ID="P60_SP00418" HPOS="1763" VPOS="669" WIDTH="32"/>
						<String ID="P60_ST00486" HPOS="1795" VPOS="614" WIDTH="109" HEIGHT="50" CONTENT="will;" WC="0.99" CC="00045"/>
						<SP ID="P60_SP00419" HPOS="1904" VPOS="669" WIDTH="44"/>
						<String ID="P60_ST00487" HPOS="1948" VPOS="614" WIDTH="70" HEIGHT="44" CONTENT="but" WC="0.96" CC="530"/>
					</TextLine>
					<TextLine ID="P60_TL00076" HPOS="1103" VPOS="674" WIDTH="712" HEIGHT="50">
						<String ID="P60_ST00488" HPOS="1103" VPOS="691" WIDTH="133" HEIGHT="31" CONTENT="never," WC="0.98" CC="660550"/>
						<SP ID="P60_SP00420" HPOS="1236" VPOS="722" WIDTH="33"/>
						<String ID="P60_ST00489" HPOS="1269" VPOS="692" WIDTH="134" HEIGHT="32" CONTENT="never," WC="0.98" CC="700090"/>
						<SP ID="P60_SP00421" HPOS="1403" VPOS="724" WIDTH="34"/>
						<String ID="P60_ST00490" HPOS="1437" VPOS="675" WIDTH="96" HEIGHT="44" CONTENT="flesh" WC="0.98" CC="00147"/>
						<SP ID="P60_SP00422" HPOS="1533" VPOS="724" WIDTH="31"/>
						<String ID="P60_ST00491" HPOS="1564" VPOS="675" WIDTH="82" HEIGHT="44" CONTENT="and" WC="0.99" CC="020"/>
						<SP ID="P60_SP00423" HPOS="1646" VPOS="724" WIDTH="31"/>
						<String ID="P60_ST00492" HPOS="1677" VPOS="674" WIDTH="138" HEIGHT="45" CONTENT="blood." WC="0.98" CC="630304"/>
					</TextLine>
					<TextLine ID="P60_TL00077" HPOS="1194" VPOS="734" WIDTH="827" HEIGHT="46">
						<String ID="P60_ST00493" HPOS="1194" VPOS="734" WIDTH="114" HEIGHT="44" CONTENT="Your" WC="0.99" CC="0300"/>
						<SP ID="P60_SP00424" HPOS="1308" VPOS="778" WIDTH="47"/>
						<String ID="P60_ST00494" HPOS="1355" VPOS="735" WIDTH="109" HEIGHT="44" CONTENT="book" WC="0.98" CC="0430"/>
						<SP ID="P60_SP00425" HPOS="1464" VPOS="779" WIDTH="38"/>
						<String ID="P60_ST00495" HPOS="1502" VPOS="747" WIDTH="102" HEIGHT="33" CONTENT="must" WC="0.99" CC="0005"/>
						<SP ID="P60_SP00426" HPOS="1604" VPOS="780" WIDTH="47"/>
						<String ID="P60_ST00496" HPOS="1651" VPOS="736" WIDTH="78" HEIGHT="44" CONTENT="live" WC="0.98" CC="6400"/>
						<SP ID="P60_SP00427" HPOS="1729" VPOS="780" WIDTH="48"/>
						<String ID="P60_ST00497" HPOS="1777" VPOS="735" WIDTH="168" HEIGHT="45" CONTENT="because" WC="0.99" CC="0210663"/>
						<SP ID="P60_SP00428" HPOS="1945" VPOS="780" WIDTH="33"/>
						<String ID="P60_ST00498" HPOS="1978" VPOS="736" WIDTH="43" HEIGHT="43" CONTENT="of" WC="0.33" CC="67"/>
					</TextLine>
					<TextLine ID="P60_TL00078" HPOS="1103" VPOS="795" WIDTH="919" HEIGHT="57">
						<String ID="P60_ST00499" HPOS="1103" VPOS="795" WIDTH="68" HEIGHT="44" CONTENT="the" WC="0.95" CC="372"/>
						<SP ID="P60_SP00429" HPOS="1171" VPOS="839" WIDTH="51"/>
						<String ID="P60_ST00500" HPOS="1222" VPOS="797" WIDTH="181" HEIGHT="55" CONTENT="sincerity" WC="0.99" CC="272314440"/>
						<SP ID="P60_SP00430" HPOS="1403" VPOS="852" WIDTH="45"/>
						<String ID="P60_ST00501" HPOS="1448" VPOS="797" WIDTH="136" HEIGHT="43" CONTENT="which" WC="0.98" CC="00407"/>
						<SP ID="P60_SP00431" HPOS="1584" VPOS="852" WIDTH="46"/>
						<String ID="P60_ST00502" HPOS="1630" VPOS="797" WIDTH="181" HEIGHT="44" CONTENT="breathes" WC="0.99" CC="79100006"/>
						<SP ID="P60_SP00432" HPOS="1811" VPOS="852" WIDTH="51"/>
						<String ID="P60_ST00503" HPOS="1862" VPOS="809" WIDTH="69" HEIGHT="31" CONTENT="out" WC="0.94" CC="609"/>
						<SP ID="P60_SP00433" HPOS="1931" VPOS="852" WIDTH="47"/>
						<String ID="P60_ST00504" HPOS="1978" VPOS="797" WIDTH="44" HEIGHT="43" CONTENT="of" WC="0.63" CC="07"/>
					</TextLine>
					<TextLine ID="P60_TL00079" HPOS="1103" VPOS="857" WIDTH="918" HEIGHT="55">
						<String ID="P60_ST00505" HPOS="1103" VPOS="874" WIDTH="121" HEIGHT="38" CONTENT="every" WC="1.00" CC="00110"/>
						<SP ID="P60_SP00434" HPOS="1224" VPOS="912" WIDTH="31"/>
						<String ID="P60_ST00506" HPOS="1255" VPOS="875" WIDTH="101" HEIGHT="37" CONTENT="page" WC="1.00" CC="0000"/>
						<SP ID="P60_SP00435" HPOS="1356" VPOS="912" WIDTH="24"/>
						<String ID="P60_ST00507" HPOS="1380" VPOS="857" WIDTH="43" HEIGHT="44" CONTENT="of" WC="0.72" CC="05"/>
						<SP ID="P60_SP00436" HPOS="1423" VPOS="912" WIDTH="32"/>
						<String ID="P60_ST00508" HPOS="1455" VPOS="859" WIDTH="42" HEIGHT="42" CONTENT="it." WC="0.96" CC="704"/>
						<SP ID="P60_SP00437" HPOS="1497" VPOS="912" WIDTH="54"/>
						<String ID="P60_ST00509" HPOS="1551" VPOS="858" WIDTH="95" HEIGHT="43" CONTENT="You" WC="0.97" CC="005"/>
						<SP ID="P60_SP00438" HPOS="1646" VPOS="912" WIDTH="33"/>
						<String ID="P60_ST00510" HPOS="1679" VPOS="858" WIDTH="104" HEIGHT="44" CONTENT="have" WC="0.99" CC="0005"/>
						<SP ID="P60_SP00439" HPOS="1783" VPOS="912" WIDTH="21"/>
						<String ID="P60_ST00511" HPOS="1804" VPOS="858" WIDTH="127" HEIGHT="45" CONTENT="raised" WC="0.99" CC="007200"/>
						<SP ID="P60_SP00440" HPOS="1931" VPOS="912" WIDTH="23"/>
						<String ID="P60_ST00512" HPOS="1954" VPOS="858" WIDTH="67" HEIGHT="43" CONTENT="the" WC="0.98" CC="500"/>
					</TextLine>
					<TextLine ID="P60_TL00080" HPOS="1105" VPOS="918" WIDTH="917" HEIGHT="55">
						<String ID="P60_ST00513" HPOS="1105" VPOS="919" WIDTH="122" HEIGHT="41" CONTENT="entire" WC="0.97" CC="337552"/>
						<SP ID="P60_SP00441" HPOS="1227" VPOS="960" WIDTH="61"/>
						<String ID="P60_ST00514" HPOS="1288" VPOS="918" WIDTH="218" HEIGHT="55" CONTENT="profession" WC="0.99" CC="0056010340"/>
						<SP ID="P60_SP00442" HPOS="1506" VPOS="973" WIDTH="62"/>
						<String ID="P60_ST00515" HPOS="1568" VPOS="919" WIDTH="44" HEIGHT="43" CONTENT="of" WC="0.64" CC="07"/>
						<SP ID="P60_SP00443" HPOS="1612" VPOS="973" WIDTH="52"/>
						<String ID="P60_ST00516" HPOS="1664" VPOS="919" WIDTH="66" HEIGHT="43" CONTENT="the" WC="1.00" CC="000"/>
						<SP ID="P60_SP00444" HPOS="1730" VPOS="973" WIDTH="62"/>
						<String ID="P60_ST00517" HPOS="1792" VPOS="918" WIDTH="230" HEIGHT="44" CONTENT="Theatrical" WC="0.99" CC="0700044404"/>
					</TextLine>
					<TextLine ID="P60_TL00081" HPOS="1105" VPOS="977" WIDTH="917" HEIGHT="57">
						<String ID="P60_ST00518" HPOS="1105" VPOS="977" WIDTH="172" HEIGHT="44" CONTENT="workers" WC="0.99" CC="0500260"/>
						<SP ID="P60_SP00445" HPOS="1277" VPOS="1021" WIDTH="30"/>
						<String ID="P60_ST00519" HPOS="1307" VPOS="989" WIDTH="43" HEIGHT="32" CONTENT="to" WC="0.51" CC="54"/>
						<SP ID="P60_SP00446" HPOS="1350" VPOS="1021" WIDTH="31"/>
						<String ID="P60_ST00520" HPOS="1381" VPOS="998" WIDTH="24" HEIGHT="24" CONTENT="a" WC="1.00" CC="0"/>
						<SP ID="P60_SP00447" HPOS="1405" VPOS="1022" WIDTH="32"/>
						<String ID="P60_ST00521" HPOS="1437" VPOS="981" WIDTH="170" HEIGHT="53" CONTENT="position" WC="0.98" CC="05180616"/>
						<SP ID="P60_SP00448" HPOS="1607" VPOS="1034" WIDTH="30"/>
						<String ID="P60_ST00522" HPOS="1637" VPOS="981" WIDTH="28" HEIGHT="42" CONTENT="it" WC="0.38" CC="66"/>
						<SP ID="P60_SP00449" HPOS="1665" VPOS="1034" WIDTH="39"/>
						<String ID="P60_ST00523" HPOS="1704" VPOS="991" WIDTH="144" HEIGHT="32" CONTENT="cannot" WC="0.98" CC="084066"/>
						<SP ID="P60_SP00450" HPOS="1848" VPOS="1034" WIDTH="32"/>
						<String ID="P60_ST00524" HPOS="1880" VPOS="980" WIDTH="142" HEIGHT="43" CONTENT="recede" WC="0.99" CC="900100"/>
					</TextLine>
					<TextLine ID="P60_TL00082" HPOS="1106" VPOS="1039" WIDTH="917" HEIGHT="45">
						<String ID="P60_ST00525" HPOS="1106" VPOS="1039" WIDTH="114" HEIGHT="43" CONTENT="from." WC="0.98" CC="60504"/>
						<SP ID="P60_SP00451" HPOS="1220" VPOS="1082" WIDTH="78"/>
						<String ID="P60_ST00526" HPOS="1298" VPOS="1039" WIDTH="96" HEIGHT="44" CONTENT="You" WC="0.98" CC="032"/>
						<SP ID="P60_SP00452" HPOS="1394" VPOS="1083" WIDTH="54"/>
						<String ID="P60_ST00527" HPOS="1448" VPOS="1041" WIDTH="102" HEIGHT="43" CONTENT="have" WC="0.97" CC="0704"/>
						<SP ID="P60_SP00453" HPOS="1550" VPOS="1084" WIDTH="53"/>
						<String ID="P60_ST00528" HPOS="1603" VPOS="1052" WIDTH="41" HEIGHT="32" CONTENT="at" WC="0.72" CC="41"/>
						<SP ID="P60_SP00454" HPOS="1644" VPOS="1084" WIDTH="56"/>
						<String ID="P60_ST00529" HPOS="1700" VPOS="1041" WIDTH="73" HEIGHT="43" CONTENT="last" WC="0.99" CC="3010"/>
						<SP ID="P60_SP00455" HPOS="1773" VPOS="1084" WIDTH="52"/>
						<String ID="P60_ST00530" HPOS="1825" VPOS="1040" WIDTH="117" HEIGHT="44" CONTENT="made" WC="0.98" CC="9000"/>
						<SP ID="P60_SP00456" HPOS="1942" VPOS="1084" WIDTH="51"/>
						<String ID="P60_ST00531" HPOS="1993" VPOS="1042" WIDTH="30" HEIGHT="42" CONTENT="it" WC="0.70" CC="50"/>
					</TextLine>
					<TextLine ID="P60_TL00083" HPOS="1105" VPOS="1100" WIDTH="489" HEIGHT="54">
						<String ID="P60_ST00532" HPOS="1105" VPOS="1100" WIDTH="226" HEIGHT="54" CONTENT="impossible" WC="0.99" CC="6030106600"/>
						<SP ID="P60_SP00457" HPOS="1331" VPOS="1154" WIDTH="32"/>
						<String ID="P60_ST00533" HPOS="1363" VPOS="1112" WIDTH="42" HEIGHT="31" CONTENT="to" WC="0.86" CC="11"/>
						<SP ID="P60_SP00458" HPOS="1405" VPOS="1154" WIDTH="32"/>
						<String ID="P60_ST00534" HPOS="1437" VPOS="1112" WIDTH="157" HEIGHT="33" CONTENT="retreat." WC="0.99" CC="00324174"/>
					</TextLine>
					<TextLine ID="P60_TL00084" HPOS="1196" VPOS="1161" WIDTH="825" HEIGHT="56">
						<String ID="P60_ST00535" HPOS="1196" VPOS="1161" WIDTH="84" HEIGHT="43" CONTENT="We" WC="0.90" CC="10"/>
						<SP ID="P60_SP00459" HPOS="1280" VPOS="1204" WIDTH="31"/>
						<String ID="P60_ST00536" HPOS="1311" VPOS="1161" WIDTH="124" HEIGHT="44" CONTENT="salute" WC="0.99" CC="500040"/>
						<SP ID="P60_SP00460" HPOS="1435" VPOS="1205" WIDTH="36"/>
						<String ID="P60_ST00537" HPOS="1471" VPOS="1180" WIDTH="80" HEIGHT="37" CONTENT="you" WC="0.94" CC="851"/>
						<SP ID="P60_SP00461" HPOS="1551" VPOS="1217" WIDTH="33"/>
						<String ID="P60_ST00538" HPOS="1584" VPOS="1161" WIDTH="97" HEIGHT="44" CONTENT="with" WC="0.94" CC="6577"/>
						<SP ID="P60_SP00462" HPOS="1681" VPOS="1217" WIDTH="43"/>
						<String ID="P60_ST00539" HPOS="1724" VPOS="1161" WIDTH="187" HEIGHT="45" CONTENT="affection" WC="0.99" CC="077000807"/>
						<SP ID="P60_SP00463" HPOS="1911" VPOS="1217" WIDTH="31"/>
						<String ID="P60_ST00540" HPOS="1942" VPOS="1162" WIDTH="79" HEIGHT="44" CONTENT="and" WC="0.99" CC="200"/>
					</TextLine>
					<TextLine ID="P60_TL00085" HPOS="1105" VPOS="1221" WIDTH="916" HEIGHT="46">
						<String ID="P60_ST00541" HPOS="1105" VPOS="1221" WIDTH="98" HEIGHT="44" CONTENT="with" WC="0.97" CC="0717"/>
						<SP ID="P60_SP00464" HPOS="1203" VPOS="1265" WIDTH="33"/>
						<String ID="P60_ST00542" HPOS="1236" VPOS="1238" WIDTH="226" HEIGHT="29" CONTENT="reverence." WC="0.99" CC="4003306024"/>
						<SP ID="P60_SP00465" HPOS="1462" VPOS="1267" WIDTH="416"/>
						<String ID="P60_ST00543" HPOS="1878" VPOS="1223" WIDTH="56" HEIGHT="44" CONTENT="G." WC="0.79" CC="04"/>
						<SP ID="P60_SP00466" HPOS="1934" VPOS="1267" WIDTH="34"/>
						<String ID="P60_ST00544" HPOS="1968" VPOS="1223" WIDTH="53" HEIGHT="42" CONTENT="C." WC="0.78" CC="04"/>
					</TextLine>
					<TextLine ID="P60_TL00086" HPOS="1111" VPOS="1342" WIDTH="913" HEIGHT="109">
						<String ID="P60_ST00545" HPOS="1111" VPOS="1350" WIDTH="128" HEIGHT="101" CONTENT="AS" WC="0.71" CC="22" STYLEREFS="TXT_4"/>
						<SP ID="P60_SP00467" HPOS="1239" VPOS="1451" WIDTH="33"/>
						<String ID="P60_ST00546" HPOS="1272" VPOS="1342" WIDTH="60" HEIGHT="44" CONTENT="for" WC="0.96" CC="605"/>
						<SP ID="P60_SP00468" HPOS="1332" VPOS="1451" WIDTH="31"/>
						<String ID="P60_ST00547" HPOS="1363" VPOS="1342" WIDTH="69" HEIGHT="45" CONTENT="Mr" WC="0.33" CC="48"/>
						<SP ID="P60_SP00469" HPOS="1432" VPOS="1451" WIDTH="33"/>
						<String ID="P60_ST00548" HPOS="1465" VPOS="1342" WIDTH="191" HEIGHT="45" CONTENT="Harker's" WC="0.85" CC="00700040"/>
						<SP ID="P60_SP00470" HPOS="1656" VPOS="1451" WIDTH="32"/>
						<String ID="P60_ST00549" HPOS="1688" VPOS="1343" WIDTH="121" HEIGHT="50" CONTENT="book," WC="0.99" CC="61000"/>
						<SP ID="P60_SP00471" HPOS="1809" VPOS="1451" WIDTH="34"/>
						<String ID="P60_ST00550" HPOS="1843" VPOS="1345" WIDTH="28" HEIGHT="42" CONTENT="it" WC="0.41" CC="65"/>
						<SP ID="P60_SP00472" HPOS="1871" VPOS="1451" WIDTH="31"/>
						<String ID="P60_ST00551" HPOS="1902" VPOS="1342" WIDTH="122" HEIGHT="57" CONTENT="really" WC="0.99" CC="411020"/>
					</TextLine>
					<TextLine ID="P60_TL00087" HPOS="1244" VPOS="1403" WIDTH="455" HEIGHT="45">
						<String ID="P60_ST00552" HPOS="1244" VPOS="1406" WIDTH="30" HEIGHT="41" CONTENT="is" WC="0.70" CC="50"/>
						<SP ID="P60_SP00473" HPOS="1274" VPOS="1447" WIDTH="31"/>
						<String ID="P60_ST00553" HPOS="1305" VPOS="1422" WIDTH="25" HEIGHT="24" CONTENT="a" WC="1.00" CC="0"/>
						<SP ID="P60_SP00474" HPOS="1330" VPOS="1447" WIDTH="31"/>
						<String ID="P60_ST00554" HPOS="1361" VPOS="1403" WIDTH="57" HEIGHT="45" CONTENT="bit" WC="0.96" CC="064"/>
						<SP ID="P60_SP00475" HPOS="1418" VPOS="1448" WIDTH="32"/>
						<String ID="P60_ST00555" HPOS="1450" VPOS="1404" WIDTH="43" HEIGHT="44" CONTENT="of" WC="0.35" CC="57"/>
						<SP ID="P60_SP00476" HPOS="1493" VPOS="1448" WIDTH="31"/>
						<String ID="P60_ST00556" HPOS="1524" VPOS="1423" WIDTH="24" HEIGHT="25" CONTENT="a" WC="0.99" CC="0"/>
						<SP ID="P60_SP00477" HPOS="1548" VPOS="1448" WIDTH="32"/>
						<String ID="P60_ST00557" HPOS="1580" VPOS="1404" WIDTH="119" HEIGHT="44" CONTENT="farce." WC="0.99" CC="600404"/>
					</TextLine>
					<TextLine ID="P60_TL00088" HPOS="1200" VPOS="1463" WIDTH="823" HEIGHT="58">
						<String ID="P60_ST00558" HPOS="1200" VPOS="1464" WIDTH="69" HEIGHT="43" CONTENT="He" WC="1.00" CC="00"/>
						<SP ID="P60_SP00478" HPOS="1269" VPOS="1507" WIDTH="31"/>
						<String ID="P60_ST00559" HPOS="1300" VPOS="1464" WIDTH="210" HEIGHT="44" CONTENT="assembles" WC="0.99" CC="000147100"/>
						<SP ID="P60_SP00479" HPOS="1510" VPOS="1508" WIDTH="46"/>
						<String ID="P60_ST00560" HPOS="1556" VPOS="1465" WIDTH="251" HEIGHT="56" CONTENT="twenty-five" WC="1.00" CC="48004040000"/>
						<SP ID="P60_SP00480" HPOS="1807" VPOS="1521" WIDTH="41"/>
						<String ID="P60_ST00561" HPOS="1848" VPOS="1463" WIDTH="175" HEIGHT="46" CONTENT="London" WC="0.98" CC="405060"/>
					</TextLine>
					<TextLine ID="P60_TL00089" HPOS="1109" VPOS="1523" WIDTH="915" HEIGHT="59">
						<String ID="P60_ST00562" HPOS="1109" VPOS="1523" WIDTH="227" HEIGHT="52" CONTENT="celebrities," WC="0.99" CC="307004477002"/>
						<SP ID="P60_SP00481" HPOS="1336" VPOS="1575" WIDTH="34"/>
						<String ID="P60_ST00563" HPOS="1370" VPOS="1538" WIDTH="81" HEIGHT="42" CONTENT="gets" WC="1.00" CC="0002"/>
						<SP ID="P60_SP00482" HPOS="1451" VPOS="1580" WIDTH="22"/>
						<String ID="P60_ST00564" HPOS="1473" VPOS="1525" WIDTH="109" HEIGHT="44" CONTENT="them" WC="0.97" CC="5700"/>
						<SP ID="P60_SP00483" HPOS="1582" VPOS="1580" WIDTH="31"/>
						<String ID="P60_ST00565" HPOS="1613" VPOS="1537" WIDTH="42" HEIGHT="32" CONTENT="to" WC="0.53" CC="35"/>
						<SP ID="P60_SP00484" HPOS="1655" VPOS="1580" WIDTH="20"/>
						<String ID="P60_ST00566" HPOS="1675" VPOS="1524" WIDTH="123" HEIGHT="58" CONTENT="speak" WC="0.99" CC="60040"/>
						<SP ID="P60_SP00485" HPOS="1798" VPOS="1582" WIDTH="31"/>
						<String ID="P60_ST00567" HPOS="1829" VPOS="1526" WIDTH="40" HEIGHT="43" CONTENT="in" WC="0.85" CC="20"/>
						<SP ID="P60_SP00486" HPOS="1869" VPOS="1582" WIDTH="22"/>
						<String ID="P60_ST00568" HPOS="1891" VPOS="1525" WIDTH="111" HEIGHT="55" CONTENT="dispa" SUBS_TYPE="HypPart1" SUBS_CONTENT="disparagement" WC="0.97" CC="06609"/>
						<HYP HPOS="2002" VPOS="1525" WIDTH="22" CONTENT="-"/>
					</TextLine>
					<TextLine ID="P60_TL00090" HPOS="1109" VPOS="1586" WIDTH="915" HEIGHT="55">
						<String ID="P60_ST00569" HPOS="1109" VPOS="1597" WIDTH="199" HEIGHT="42" CONTENT="ragement" SUBS_TYPE="HypPart2" SUBS_CONTENT="disparagement" WC="0.98" CC="03606076"/>
						<SP ID="P60_SP00487" HPOS="1308" VPOS="1639" WIDTH="30"/>
						<String ID="P60_ST00570" HPOS="1338" VPOS="1586" WIDTH="44" HEIGHT="43" CONTENT="of" WC="0.55" CC="17"/>
						<SP ID="P60_SP00488" HPOS="1382" VPOS="1639" WIDTH="30"/>
						<String ID="P60_ST00571" HPOS="1412" VPOS="1586" WIDTH="67" HEIGHT="44" CONTENT="the" WC="0.98" CC="600"/>
						<SP ID="P60_SP00489" HPOS="1479" VPOS="1639" WIDTH="31"/>
						<String ID="P60_ST00572" HPOS="1510" VPOS="1604" WIDTH="92" HEIGHT="26" CONTENT="new" WC="1.00" CC="000"/>
						<SP ID="P60_SP00490" HPOS="1602" VPOS="1639" WIDTH="32"/>
						<String ID="P60_ST00573" HPOS="1634" VPOS="1599" WIDTH="226" HEIGHT="31" CONTENT="movement" WC="0.99" CC="05000142"/>
						<SP ID="P60_SP00491" HPOS="1860" VPOS="1639" WIDTH="31"/>
						<String ID="P60_ST00574" HPOS="1891" VPOS="1604" WIDTH="111" HEIGHT="37" CONTENT="repre" SUBS_TYPE="HypPart1" SUBS_CONTENT="represented" WC="0.99" CC="60000"/>
						<HYP HPOS="2002" VPOS="1604" WIDTH="22" CONTENT="-"/>
					</TextLine>
					<TextLine ID="P60_TL00091" HPOS="1108" VPOS="1646" WIDTH="917" HEIGHT="57">
						<String ID="P60_ST00575" HPOS="1108" VPOS="1648" WIDTH="138" HEIGHT="44" CONTENT="sented" SUBS_TYPE="HypPart2" SUBS_CONTENT="represented" WC="0.99" CC="700000"/>
						<SP ID="P60_SP00492" HPOS="1246" VPOS="1692" WIDTH="64"/>
						<String ID="P60_ST00576" HPOS="1310" VPOS="1646" WIDTH="56" HEIGHT="56" CONTENT="by" WC="0.63" CC="70"/>
						<SP ID="P60_SP00493" HPOS="1366" VPOS="1702" WIDTH="61"/>
						<String ID="P60_ST00577" HPOS="1427" VPOS="1646" WIDTH="297" HEIGHT="57" CONTENT="Stanislawsky," WC="0.76" CC="0900613005003"/>
						<SP ID="P60_SP00494" HPOS="1724" VPOS="1703" WIDTH="66"/>
						<String ID="P60_ST00578" HPOS="1790" VPOS="1647" WIDTH="235" HEIGHT="49" CONTENT="Reinhardt," WC="0.62" CC="2086702064"/>
					</TextLine>
					<TextLine ID="P60_TL00092" HPOS="1110" VPOS="1706" WIDTH="917" HEIGHT="58">
						<String ID="P60_ST00579" HPOS="1110" VPOS="1706" WIDTH="185" HEIGHT="51" CONTENT="Duncan," WC="0.98" CC="5071153"/>
						<SP ID="P60_SP00495" HPOS="1295" VPOS="1757" WIDTH="35"/>
						<String ID="P60_ST00580" HPOS="1330" VPOS="1709" WIDTH="142" HEIGHT="55" CONTENT="Appia" WC="0.65" CC="00079"/>
						<SP ID="P60_SP00496" HPOS="1472" VPOS="1764" WIDTH="36"/>
						<String ID="P60_ST00581" HPOS="1508" VPOS="1708" WIDTH="80" HEIGHT="44" CONTENT="and" WC="0.96" CC="730"/>
						<SP ID="P60_SP00497" HPOS="1588" VPOS="1764" WIDTH="30"/>
						<String ID="P60_ST00582" HPOS="1618" VPOS="1708" WIDTH="145" HEIGHT="43" CONTENT="others." WC="0.99" CC="0070004"/>
						<SP ID="P60_SP00498" HPOS="1763" VPOS="1764" WIDTH="65"/>
						<String ID="P60_ST00583" HPOS="1828" VPOS="1708" WIDTH="70" HEIGHT="44" CONTENT="He" WC="1.00" CC="00"/>
						<SP ID="P60_SP00499" HPOS="1898" VPOS="1764" WIDTH="32"/>
						<String ID="P60_ST00584" HPOS="1930" VPOS="1707" WIDTH="97" HEIGHT="45" CONTENT="lines" WC="0.98" CC="06410"/>
					</TextLine>
					<TextLine ID="P60_TL00093" HPOS="1109" VPOS="1768" WIDTH="917" HEIGHT="56">
						<String ID="P60_ST00585" HPOS="1109" VPOS="1787" WIDTH="55" HEIGHT="36" CONTENT="up" WC="0.68" CC="60"/>
						<SP ID="P60_SP00500" HPOS="1164" VPOS="1823" WIDTH="49"/>
						<String ID="P60_ST00586" HPOS="1213" VPOS="1768" WIDTH="60" HEIGHT="44" CONTENT="his" WC="0.97" CC="043"/>
						<SP ID="P60_SP00501" HPOS="1273" VPOS="1823" WIDTH="46"/>
						<String ID="P60_ST00587" HPOS="1319" VPOS="1769" WIDTH="144" HEIGHT="55" CONTENT="ragged" WC="0.97" CC="066819"/>
						<SP ID="P60_SP00502" HPOS="1463" VPOS="1824" WIDTH="48"/>
						<String ID="P60_ST00588" HPOS="1511" VPOS="1770" WIDTH="187" HEIGHT="54" CONTENT="regiment" WC="0.99" CC="52860005"/>
						<SP ID="P60_SP00503" HPOS="1698" VPOS="1824" WIDTH="49"/>
						<String ID="P60_ST00589" HPOS="1747" VPOS="1768" WIDTH="79" HEIGHT="45" CONTENT="like" WC="0.99" CC="0400"/>
						<SP ID="P60_SP00504" HPOS="1826" VPOS="1824" WIDTH="45"/>
						<String ID="P60_ST00590" HPOS="1871" VPOS="1787" WIDTH="24" HEIGHT="24" CONTENT="a" WC="1.00" CC="0"/>
						<SP ID="P60_SP00505" HPOS="1895" VPOS="1824" WIDTH="49"/>
						<String ID="P60_ST00591" HPOS="1944" VPOS="1769" WIDTH="82" HEIGHT="43" CONTENT="thin" WC="0.98" CC="0037"/>
					</TextLine>
					<TextLine ID="P60_TL00094" HPOS="1109" VPOS="1828" WIDTH="916" HEIGHT="58">
						<String ID="P60_ST00592" HPOS="1109" VPOS="1828" WIDTH="163" HEIGHT="45" CONTENT="Falstaff" WC="0.62" CC="40154077"/>
						<SP ID="P60_SP00506" HPOS="1272" VPOS="1873" WIDTH="30"/>
						<String ID="P60_ST00593" HPOS="1302" VPOS="1830" WIDTH="80" HEIGHT="42" CONTENT="and" WC="0.98" CC="040"/>
						<SP ID="P60_SP00507" HPOS="1382" VPOS="1873" WIDTH="22"/>
						<String ID="P60_ST00594" HPOS="1404" VPOS="1832" WIDTH="107" HEIGHT="53" CONTENT="gives" WC="0.98" CC="06005"/>
						<SP ID="P60_SP00508" HPOS="1511" VPOS="1885" WIDTH="22"/>
						<String ID="P60_ST00595" HPOS="1533" VPOS="1830" WIDTH="66" HEIGHT="43" CONTENT="the" WC="0.97" CC="105"/>
						<SP ID="P60_SP00509" HPOS="1599" VPOS="1885" WIDTH="23"/>
						<String ID="P60_ST00596" HPOS="1622" VPOS="1830" WIDTH="240" HEIGHT="56" CONTENT="pass-word," WC="1.00" CC="0000404302"/>
						<SP ID="P60_SP00510" HPOS="1862" VPOS="1886" WIDTH="36"/>
						<String ID="P60_ST00597" HPOS="1898" VPOS="1837" WIDTH="26" HEIGHT="17" CONTENT='"' WC="0.87" CC="1"/>
						<SP ID="P60_SP00511" HPOS="1924" VPOS="1886" WIDTH="20"/>
						<String ID="P60_ST00598" HPOS="1944" VPOS="1830" WIDTH="54" HEIGHT="43" CONTENT="Ba" SUBS_TYPE="HypPart1" SUBS_CONTENT="Basingstoke" WC="0.95" CC="35"/>
						<HYP HPOS="1998" VPOS="1830" WIDTH="27" CONTENT="-"/>
					</TextLine>
					<TextLine ID="P60_TL00095" HPOS="1109" VPOS="1890" WIDTH="793" HEIGHT="56">
						<String ID="P60_ST00599" HPOS="1109" VPOS="1890" WIDTH="195" HEIGHT="56" CONTENT="singstoke" SUBS_TYPE="HypPart2" SUBS_CONTENT="Basingstoke" WC="0.99" CC="164609230"/>
						<SP ID="P60_SP00512" HPOS="1304" VPOS="1946" WIDTH="17"/>
						<String ID="P60_ST00600" HPOS="1321" VPOS="1890" WIDTH="40" HEIGHT="50" CONTENT="*\" WC="0.28" CC="67"/>
						<SP ID="P60_SP00513" HPOS="1361" VPOS="1946" WIDTH="35"/>
						<String ID="P60_ST00601" HPOS="1396" VPOS="1890" WIDTH="80" HEIGHT="45" CONTENT="and" WC="0.94" CC="069"/>
						<SP ID="P60_SP00514" HPOS="1476" VPOS="1946" WIDTH="34"/>
						<String ID="P60_ST00602" HPOS="1510" VPOS="1890" WIDTH="256" HEIGHT="55" CONTENT="Basingstoke" WC="0.99" CC="00025050405"/>
						<SP ID="P60_SP00515" HPOS="1766" VPOS="1946" WIDTH="31"/>
						<String ID="P60_ST00603" HPOS="1797" VPOS="1891" WIDTH="30" HEIGHT="42" CONTENT="it" WC="0.45" CC="55"/>
						<SP ID="P60_SP00516" HPOS="1827" VPOS="1946" WIDTH="30"/>
						<String ID="P60_ST00604" HPOS="1857" VPOS="1892" WIDTH="45" HEIGHT="42" CONTENT="is." WC="0.93" CC="764"/>
					</TextLine>
					<TextLine ID="P60_TL00096" HPOS="1201" VPOS="1950" WIDTH="825" HEIGHT="59">
						<String ID="P60_ST00605" HPOS="1201" VPOS="1952" WIDTH="113" HEIGHT="43" CONTENT="Here" WC="0.99" CC="0013"/>
						<SP ID="P60_SP00517" HPOS="1314" VPOS="1995" WIDTH="31"/>
						<String ID="P60_ST00606" HPOS="1345" VPOS="1970" WIDTH="66" HEIGHT="25" CONTENT="are" WC="0.97" CC="051"/>
						<SP ID="P60_SP00518" HPOS="1411" VPOS="1995" WIDTH="32"/>
						<String ID="P60_ST00607" HPOS="1443" VPOS="1952" WIDTH="67" HEIGHT="44" CONTENT="the" WC="1.00" CC="000"/>
						<SP ID="P60_SP00519" HPOS="1510" VPOS="1996" WIDTH="42"/>
						<String ID="P60_ST00608" HPOS="1552" VPOS="1952" WIDTH="98" HEIGHT="43" CONTENT="rank" WC="0.97" CC="5070"/>
						<SP ID="P60_SP00520" HPOS="1650" VPOS="1996" WIDTH="46"/>
						<String ID="P60_ST00609" HPOS="1696" VPOS="1950" WIDTH="80" HEIGHT="44" CONTENT="and" WC="0.96" CC="540"/>
						<SP ID="P60_SP00521" HPOS="1776" VPOS="1996" WIDTH="32"/>
						<String ID="P60_ST00610" HPOS="1808" VPOS="1950" WIDTH="77" HEIGHT="50" CONTENT="file," WC="0.99" CC="00403"/>
						<SP ID="P60_SP00522" HPOS="1885" VPOS="2000" WIDTH="52"/>
						<String ID="P60_ST00611" HPOS="1937" VPOS="1951" WIDTH="67" HEIGHT="58" CONTENT="(un" SUBS_TYPE="HypPart1" SUBS_CONTENT="(unfortunately" WC="0.96" CC="266"/>
						<HYP HPOS="2004" VPOS="1951" WIDTH="22" CONTENT="-"/>
					</TextLine>
					<TextLine ID="P60_TL00097" HPOS="1110" VPOS="2011" WIDTH="915" HEIGHT="57">
						<String ID="P60_ST00612" HPOS="1110" VPOS="2012" WIDTH="237" HEIGHT="56" CONTENT="fortunately" SUBS_TYPE="HypPart2" SUBS_CONTENT="(unfortunately" WC="0.99" CC="72591580039"/>
						<SP ID="P60_SP00523" HPOS="1347" VPOS="2068" WIDTH="31"/>
						<String ID="P60_ST00613" HPOS="1378" VPOS="2024" WIDTH="67" HEIGHT="33" CONTENT="not" WC="0.95" CC="616"/>
						<SP ID="P60_SP00524" HPOS="1445" VPOS="2068" WIDTH="32"/>
						<String ID="P60_ST00614" HPOS="1477" VPOS="2013" WIDTH="158" HEIGHT="54" CONTENT="enough" WC="0.98" CC="005580"/>
						<SP ID="P60_SP00525" HPOS="1635" VPOS="2068" WIDTH="30"/>
						<String ID="P60_ST00615" HPOS="1665" VPOS="2012" WIDTH="45" HEIGHT="43" CONTENT="of" WC="0.35" CC="57"/>
						<SP ID="P60_SP00526" HPOS="1710" VPOS="2068" WIDTH="30"/>
						<String ID="P60_ST00616" HPOS="1740" VPOS="2011" WIDTH="79" HEIGHT="44" CONTENT="*em" WC="0.76" CC="700"/>
						<SP ID="P60_SP00527" HPOS="1819" VPOS="2068" WIDTH="32"/>
						<String ID="P60_ST00617" HPOS="1851" VPOS="2023" WIDTH="42" HEIGHT="32" CONTENT="to" WC="1.00" CC="00"/>
						<SP ID="P60_SP00528" HPOS="1893" VPOS="2068" WIDTH="30"/>
						<String ID="P60_ST00618" HPOS="1923" VPOS="2011" WIDTH="102" HEIGHT="44" CONTENT="form" WC="0.97" CC="7530"/>
					</TextLine>
					<TextLine ID="P60_TL00098" HPOS="1112" VPOS="2073" WIDTH="251" HEIGHT="57">
						<String ID="P60_ST00619" HPOS="1112" VPOS="2085" WIDTH="79" HEIGHT="32" CONTENT="two" WC="0.97" CC="602"/>
						<SP ID="P60_SP00529" HPOS="1191" VPOS="2117" WIDTH="34"/>
						<String ID="P60_ST00620" HPOS="1225" VPOS="2073" WIDTH="138" HEIGHT="57" CONTENT="deep)." WC="0.99" CC="050034"/>
					</TextLine>
					<TextLine ID="P60_TL00099" HPOS="1202" VPOS="2133" WIDTH="591" HEIGHT="56">
						<String ID="P60_ST00621" HPOS="1202" VPOS="2134" WIDTH="63" HEIGHT="44" CONTENT="Sir" WC="0.97" CC="340"/>
						<SP ID="P60_SP00530" HPOS="1265" VPOS="2178" WIDTH="31"/>
						<String ID="P60_ST00622" HPOS="1296" VPOS="2135" WIDTH="37" HEIGHT="54" CONTENT="J." WC="0.79" CC="04"/>
						<SP ID="P60_SP00531" HPOS="1333" VPOS="2189" WIDTH="33"/>
						<String ID="P60_ST00623" HPOS="1366" VPOS="2134" WIDTH="151" HEIGHT="44" CONTENT="Forbes" WC="0.99" CC="020700"/>
						<SP ID="P60_SP00532" HPOS="1517" VPOS="2189" WIDTH="33"/>
						<String ID="P60_ST00624" HPOS="1550" VPOS="2133" WIDTH="243" HEIGHT="51" CONTENT="Robertson," WC="0.99" CC="0301749504"/>
					</TextLine>
					<TextLine ID="P60_TL00100" HPOS="1201" VPOS="2195" WIDTH="440" HEIGHT="45">
						<String ID="P60_ST00625" HPOS="1201" VPOS="2196" WIDTH="65" HEIGHT="43" CONTENT="Sir" WC="0.95" CC="086"/>
						<SP ID="P60_SP00533" HPOS="1266" VPOS="2239" WIDTH="30"/>
						<String ID="P60_ST00626" HPOS="1296" VPOS="2196" WIDTH="61" HEIGHT="43" CONTENT="A." WC="0.78" CC="04"/>
						<SP ID="P60_SP00534" HPOS="1357" VPOS="2239" WIDTH="32"/>
						<String ID="P60_ST00627" HPOS="1389" VPOS="2195" WIDTH="73" HEIGHT="45" CONTENT="W." WC="0.78" CC="04"/>
						<SP ID="P60_SP00535" HPOS="1462" VPOS="2240" WIDTH="34"/>
						<String ID="P60_ST00628" HPOS="1496" VPOS="2196" WIDTH="145" HEIGHT="42" CONTENT="Pinero" WC="0.54" CC="686005"/>
					</TextLine>
					<TextLine ID="P60_TL00101" HPOS="1202" VPOS="2256" WIDTH="516" HEIGHT="55">
						<String ID="P60_ST00629" HPOS="1202" VPOS="2256" WIDTH="66" HEIGHT="43" CONTENT="Sir" WC="0.97" CC="061"/>
						<SP ID="P60_SP00536" HPOS="1268" VPOS="2299" WIDTH="30"/>
						<String ID="P60_ST00630" HPOS="1298" VPOS="2257" WIDTH="35" HEIGHT="54" CONTENT="J." WC="0.61" CC="34"/>
						<SP ID="P60_SP00537" HPOS="1333" VPOS="2311" WIDTH="35"/>
						<String ID="P60_ST00631" HPOS="1368" VPOS="2257" WIDTH="151" HEIGHT="43" CONTENT="Martin" WC="0.98" CC="001676"/>
						<SP ID="P60_SP00538" HPOS="1519" VPOS="2311" WIDTH="31"/>
						<String ID="P60_ST00632" HPOS="1550" VPOS="2256" WIDTH="168" HEIGHT="54" CONTENT="Harvey" WC="1.00" CC="012000"/>
					</TextLine>
					<TextLine ID="P60_TL00102" HPOS="1203" VPOS="2316" WIDTH="669" HEIGHT="55">
						<String ID="P60_ST00633" HPOS="1203" VPOS="2317" WIDTH="64" HEIGHT="43" CONTENT="Sir" WC="0.98" CC="060"/>
						<SP ID="P60_SP00539" HPOS="1267" VPOS="2360" WIDTH="30"/>
						<String ID="P60_ST00634" HPOS="1297" VPOS="2317" WIDTH="139" HEIGHT="44" CONTENT="David" WC="0.99" CC="00070"/>
						<SP ID="P60_SP00540" HPOS="1436" VPOS="2361" WIDTH="33"/>
						<String ID="P60_ST00635" HPOS="1469" VPOS="2317" WIDTH="168" HEIGHT="54" CONTENT="Murray" WC="0.98" CC="064060"/>
						<SP ID="P60_SP00541" HPOS="1637" VPOS="2371" WIDTH="32"/>
						<String ID="P60_ST00636" HPOS="1669" VPOS="2317" WIDTH="50" HEIGHT="44" CONTENT="P." WC="0.78" CC="04"/>
						<SP ID="P60_SP00542" HPOS="1719" VPOS="2371" WIDTH="37"/>
						<String ID="P60_ST00637" HPOS="1756" VPOS="2316" WIDTH="52" HEIGHT="45" CONTENT="R." WC="0.78" CC="04"/>
						<SP ID="P60_SP00543" HPOS="1808" VPOS="2371" WIDTH="34"/>
						<String ID="P60_ST00638" HPOS="1842" VPOS="2316" WIDTH="30" HEIGHT="44" CONTENT="I." WC="0.41" CC="74"/>
					</TextLine>
					<TextLine ID="P60_TL00103" HPOS="1204" VPOS="2377" WIDTH="610" HEIGHT="55">
						<String ID="P60_ST00639" HPOS="1204" VPOS="2378" WIDTH="70" HEIGHT="44" CONTENT="Mr" WC="1.00" CC="00"/>
						<SP ID="P60_SP00544" HPOS="1274" VPOS="2422" WIDTH="32"/>
						<String ID="P60_ST00640" HPOS="1306" VPOS="2378" WIDTH="197" HEIGHT="44" CONTENT="Solomon" WC="0.99" CC="0046006"/>
						<SP ID="P60_SP00545" HPOS="1503" VPOS="2422" WIDTH="32"/>
						<String ID="P60_ST00641" HPOS="1535" VPOS="2378" WIDTH="35" HEIGHT="54" CONTENT="J." WC="0.48" CC="54"/>
						<SP ID="P60_SP00546" HPOS="1570" VPOS="2432" WIDTH="35"/>
						<String ID="P60_ST00642" HPOS="1605" VPOS="2377" WIDTH="209" HEIGHT="50" CONTENT="Solomon," WC="0.99" CC="00500424"/>
					</TextLine>
					<TextLine ID="P60_TL00104" HPOS="1202" VPOS="2438" WIDTH="456" HEIGHT="45">
						<String ID="P60_ST00643" HPOS="1202" VPOS="2439" WIDTH="71" HEIGHT="44" CONTENT="Mr" WC="0.68" CC="06"/>
						<SP ID="P60_SP00547" HPOS="1273" VPOS="2483" WIDTH="32"/>
						<String ID="P60_ST00644" HPOS="1305" VPOS="2439" WIDTH="134" HEIGHT="44" CONTENT="Keble" WC="0.53" CC="60744"/>
						<SP ID="P60_SP00548" HPOS="1439" VPOS="2483" WIDTH="32"/>
						<String ID="P60_ST00645" HPOS="1471" VPOS="2438" WIDTH="187" HEIGHT="45" CONTENT="Howard" WC="0.99" CC="060000"/>
					</TextLine>
					<TextLine ID="P60_TL00105" HPOS="1204" VPOS="2500" WIDTH="395" HEIGHT="54">
						<String ID="P60_ST00646" HPOS="1204" VPOS="2500" WIDTH="69" HEIGHT="44" CONTENT="Mr" WC="0.66" CC="06"/>
						<SP ID="P60_SP00549" HPOS="1273" VPOS="2544" WIDTH="34"/>
						<String ID="P60_ST00647" HPOS="1307" VPOS="2500" WIDTH="148" HEIGHT="44" CONTENT="Yeend" WC="1.00" CC="00000"/>
						<SP ID="P60_SP00550" HPOS="1455" VPOS="2544" WIDTH="35"/>
						<String ID="P60_ST00648" HPOS="1490" VPOS="2500" WIDTH="109" HEIGHT="54" CONTENT="King" WC="0.95" CC="4576"/>
					</TextLine>
					<TextLine ID="P60_TL00106" HPOS="1205" VPOS="2559" WIDTH="544" HEIGHT="46">
						<String ID="P60_ST00649" HPOS="1205" VPOS="2561" WIDTH="69" HEIGHT="44" CONTENT="Mr" WC="0.42" CC="65"/>
						<SP ID="P60_SP00551" HPOS="1274" VPOS="2605" WIDTH="35"/>
						<String ID="P60_ST00650" HPOS="1309" VPOS="2562" WIDTH="181" HEIGHT="43" CONTENT="Norman" WC="0.98" CC="046070"/>
						<SP ID="P60_SP00552" HPOS="1490" VPOS="2605" WIDTH="33"/>
						<String ID="P60_ST00651" HPOS="1523" VPOS="2559" WIDTH="226" HEIGHT="46" CONTENT="McKinnel" WC="0.71" CC="00960007"/>
					</TextLine>
					<TextLine ID="P60_TL00107" HPOS="1206" VPOS="2621" WIDTH="544" HEIGHT="45">
						<String ID="P60_ST00652" HPOS="1206" VPOS="2621" WIDTH="70" HEIGHT="44" CONTENT="Mr" WC="0.40" CC="65"/>
						<SP ID="P60_SP00553" HPOS="1276" VPOS="2665" WIDTH="32"/>
						<String ID="P60_ST00653" HPOS="1308" VPOS="2622" WIDTH="130" HEIGHT="43" CONTENT="Frank" WC="0.99" CC="03060"/>
						<SP ID="P60_SP00554" HPOS="1438" VPOS="2665" WIDTH="32"/>
						<String ID="P60_ST00654" HPOS="1470" VPOS="2622" WIDTH="49" HEIGHT="44" CONTENT="L." WC="0.78" CC="04"/>
						<SP ID="P60_SP00555" HPOS="1519" VPOS="2666" WIDTH="34"/>
						<String ID="P60_ST00655" HPOS="1553" VPOS="2621" WIDTH="197" HEIGHT="44" CONTENT="Emanuel" WC="0.99" CC="1005608"/>
					</TextLine>
					<TextLine ID="P60_TL00108" HPOS="1206" VPOS="2681" WIDTH="505" HEIGHT="45">
						<String ID="P60_ST00656" HPOS="1206" VPOS="2682" WIDTH="69" HEIGHT="44" CONTENT="Mr" WC="0.86" CC="02"/>
						<SP ID="P60_SP00556" HPOS="1275" VPOS="2726" WIDTH="30"/>
						<String ID="P60_ST00657" HPOS="1305" VPOS="2683" WIDTH="157" HEIGHT="43" CONTENT="Arthur" WC="0.97" CC="047726"/>
						<SP ID="P60_SP00557" HPOS="1462" VPOS="2726" WIDTH="31"/>
						<String ID="P60_ST00658" HPOS="1493" VPOS="2681" WIDTH="218" HEIGHT="45" CONTENT="Bourchier" WC="0.64" CC="066830600"/>
					</TextLine>
					<TextLine ID="P60_TL00109" HPOS="1206" VPOS="2742" WIDTH="480" HEIGHT="46">
						<String ID="P60_ST00659" HPOS="1206" VPOS="2743" WIDTH="69" HEIGHT="44" CONTENT="Mr" WC="1.00" CC="00"/>
						<SP ID="P60_SP00558" HPOS="1275" VPOS="2787" WIDTH="30"/>
						<String ID="P60_ST00660" HPOS="1305" VPOS="2744" WIDTH="181" HEIGHT="44" CONTENT="William" WC="0.98" CC="9402500"/>
						<SP ID="P60_SP00559" HPOS="1486" VPOS="2788" WIDTH="31"/>
						<String ID="P60_ST00661" HPOS="1517" VPOS="2742" WIDTH="169" HEIGHT="46" CONTENT="Telbins" WC="0.61" CC="0066670"/>
					</TextLine>
					<TextLine ID="P60_TL00110" HPOS="1208" VPOS="2803" WIDTH="497" HEIGHT="45">
						<String ID="P60_ST00662" HPOS="1208" VPOS="2807" WIDTH="71" HEIGHT="41" CONTENT="Mr" WC="1.00" CC="00"/>
						<SP ID="P60_SP00560" HPOS="1279" VPOS="2848" WIDTH="33"/>
						<String ID="P60_ST00663" HPOS="1312" VPOS="2805" WIDTH="122" HEIGHT="43" CONTENT="Louis" WC="0.97" CC="05574"/>
						<SP ID="P60_SP00561" HPOS="1434" VPOS="2848" WIDTH="33"/>
						<String ID="P60_ST00664" HPOS="1467" VPOS="2804" WIDTH="54" HEIGHT="44" CONTENT="N." WC="0.78" CC="04"/>
						<SP ID="P60_SP00562" HPOS="1521" VPOS="2848" WIDTH="34"/>
						<String ID="P60_ST00665" HPOS="1555" VPOS="2803" WIDTH="150" HEIGHT="45" CONTENT="Parker" WC="0.99" CC="402000"/>
					</TextLine>
					<TextLine ID="P60_TL00111" HPOS="1206" VPOS="2865" WIDTH="474" HEIGHT="45">
						<String ID="P60_ST00666" HPOS="1206" VPOS="2867" WIDTH="70" HEIGHT="43" CONTENT="Mr" WC="0.79" CC="04"/>
						<SP ID="P60_SP00563" HPOS="1276" VPOS="2910" WIDTH="31"/>
						<String ID="P60_ST00667" HPOS="1307" VPOS="2865" WIDTH="180" HEIGHT="45" CONTENT="William" WC="0.98" CC="0426704"/>
						<SP ID="P60_SP00564" HPOS="1487" VPOS="2910" WIDTH="32"/>
						<String ID="P60_ST00668" HPOS="1519" VPOS="2865" WIDTH="161" HEIGHT="44" CONTENT="Archer" WC="0.99" CC="040600"/>
					</TextLine>
					<TextLine ID="P60_TL00112" HPOS="1206" VPOS="2926" WIDTH="518" HEIGHT="56">
						<String ID="P60_ST00669" HPOS="1206" VPOS="2927" WIDTH="70" HEIGHT="44" CONTENT="Mr" WC="1.00" CC="00"/>
						<SP ID="P60_SP00565" HPOS="1276" VPOS="2971" WIDTH="32"/>
						<String ID="P60_ST00670" HPOS="1308" VPOS="2928" WIDTH="163" HEIGHT="54" CONTENT="George" WC="0.99" CC="000080"/>
						<SP ID="P60_SP00566" HPOS="1471" VPOS="2982" WIDTH="31"/>
						<String ID="P60_ST00671" HPOS="1502" VPOS="2926" WIDTH="222" HEIGHT="45" CONTENT="Grossmith" WC="0.83" CC="040003600"/>
					</TextLine>
					<TextLine ID="P60_TL00113" HPOS="1207" VPOS="2987" WIDTH="436" HEIGHT="46">
						<String ID="P60_ST00672" HPOS="1207" VPOS="2989" WIDTH="70" HEIGHT="44" CONTENT="Mr" WC="0.87" CC="02"/>
						<SP ID="P60_SP00567" HPOS="1277" VPOS="3033" WIDTH="31"/>
						<String ID="P60_ST00673" HPOS="1308" VPOS="2987" WIDTH="177" HEIGHT="45" CONTENT="Bernard" WC="0.99" CC="0036080"/>
						<SP ID="P60_SP00568" HPOS="1485" VPOS="3033" WIDTH="32"/>
						<String ID="P60_ST00674" HPOS="1517" VPOS="2987" WIDTH="126" HEIGHT="44" CONTENT="Shaw" WC="1.00" CC="0000"/>
					</TextLine>
					<TextLine ID="P60_TL00114" HPOS="1207" VPOS="3048" WIDTH="429" HEIGHT="56">
						<String ID="P60_ST00675" HPOS="1207" VPOS="3049" WIDTH="69" HEIGHT="44" CONTENT="Mr" WC="1.00" CC="00"/>
						<SP ID="P60_SP00569" HPOS="1276" VPOS="3093" WIDTH="33"/>
						<String ID="P60_ST00676" HPOS="1309" VPOS="3048" WIDTH="107" HEIGHT="56" CONTENT="Nigil" WC="0.68" CC="07061"/>
						<SP ID="P60_SP00570" HPOS="1416" VPOS="3104" WIDTH="32"/>
						<String ID="P60_ST00677" HPOS="1448" VPOS="3048" WIDTH="188" HEIGHT="56" CONTENT="Playfair." WC="0.76" CC="001060444"/>
					</TextLine>
					<TextLine ID="P60_TL00115" HPOS="1206" VPOS="3108" WIDTH="435" HEIGHT="56">
						<String ID="P60_ST00678" HPOS="1206" VPOS="3111" WIDTH="71" HEIGHT="43" CONTENT="Mr" WC="0.75" CC="04"/>
						<SP ID="P60_SP00571" HPOS="1277" VPOS="3154" WIDTH="32"/>
						<String ID="P60_ST00679" HPOS="1309" VPOS="3110" WIDTH="160" HEIGHT="54" CONTENT="George" WC="0.99" CC="100400"/>
						<SP ID="P60_SP00572" HPOS="1469" VPOS="3164" WIDTH="33"/>
						<String ID="P60_ST00680" HPOS="1502" VPOS="3108" WIDTH="139" HEIGHT="50" CONTENT="Arliss," WC="0.51" CC="0646664"/>
					</TextLine>
					<TextLine ID="P60_TL00116" HPOS="1207" VPOS="3170" WIDTH="467" HEIGHT="45">
						<String ID="P60_ST00681" HPOS="1207" VPOS="3171" WIDTH="69" HEIGHT="44" CONTENT="Mr" WC="0.86" CC="02"/>
						<SP ID="P60_SP00573" HPOS="1276" VPOS="3215" WIDTH="33"/>
						<String ID="P60_ST00682" HPOS="1309" VPOS="3170" WIDTH="161" HEIGHT="44" CONTENT="Arnold" WC="1.00" CC="000400"/>
						<SP ID="P60_SP00574" HPOS="1470" VPOS="3215" WIDTH="33"/>
						<String ID="P60_ST00683" HPOS="1503" VPOS="3170" WIDTH="171" HEIGHT="43" CONTENT="Bennett" WC="0.98" CC="2777007"/>
					</TextLine>
					<TextLine ID="P60_TL00117" HPOS="1207" VPOS="3231" WIDTH="565" HEIGHT="45">
						<String ID="P60_ST00684" HPOS="1207" VPOS="3232" WIDTH="69" HEIGHT="44" CONTENT="Mr" WC="0.75" CC="04"/>
						<SP ID="P60_SP00575" HPOS="1276" VPOS="3276" WIDTH="31"/>
						<String ID="P60_ST00685" HPOS="1307" VPOS="3231" WIDTH="166" HEIGHT="44" CONTENT="Charles" WC="0.99" CC="5003406"/>
						<SP ID="P60_SP00576" HPOS="1473" VPOS="3276" WIDTH="32"/>
						<String ID="P60_ST00686" HPOS="1505" VPOS="3231" WIDTH="48" HEIGHT="45" CONTENT="B." WC="0.79" CC="04"/>
						<SP ID="P60_SP00577" HPOS="1553" VPOS="3276" WIDTH="32"/>
						<String ID="P60_ST00687" HPOS="1585" VPOS="3231" WIDTH="187" HEIGHT="44" CONTENT="Cochran" WC="0.99" CC="0600040"/>
					</TextLine>
					<TextLine ID="P60_TL00118" HPOS="1207" VPOS="3292" WIDTH="410" HEIGHT="45">
						<String ID="P60_ST00688" HPOS="1207" VPOS="3292" WIDTH="82" HEIGHT="45" CONTENT="Mr." WC="0.98" CC="004"/>
						<SP ID="P60_SP00578" HPOS="1289" VPOS="3337" WIDTH="34"/>
						<String ID="P60_ST00689" HPOS="1323" VPOS="3293" WIDTH="52" HEIGHT="43" CONTENT="C." WC="0.78" CC="04"/>
						<SP ID="P60_SP00579" HPOS="1375" VPOS="3337" WIDTH="33"/>
						<String ID="P60_ST00690" HPOS="1408" VPOS="3292" WIDTH="209" HEIGHT="45" CONTENT="Wilhelm." WC="0.76" CC="05000264"/>
					</TextLine>
					<TextLine ID="P60_TL00119" HPOS="1206" VPOS="3353" WIDTH="562" HEIGHT="55">
						<String ID="P60_ST00691" HPOS="1206" VPOS="3354" WIDTH="71" HEIGHT="44" CONTENT="Mr" WC="0.79" CC="04"/>
						<SP ID="P60_SP00580" HPOS="1277" VPOS="3398" WIDTH="32"/>
						<String ID="P60_ST00692" HPOS="1309" VPOS="3354" WIDTH="156" HEIGHT="44" CONTENT="Robert" WC="0.99" CC="007040"/>
						<SP ID="P60_SP00581" HPOS="1465" VPOS="3398" WIDTH="32"/>
						<String ID="P60_ST00693" HPOS="1497" VPOS="3353" WIDTH="271" HEIGHT="55" CONTENT="Courtneidge" WC="0.61" CC="02466804090"/>
					</TextLine>
					<TextLine ID="P60_TL00120" HPOS="1207" VPOS="3414" WIDTH="514" HEIGHT="56">
						<String ID="P60_ST00694" HPOS="1207" VPOS="3415" WIDTH="83" HEIGHT="44" CONTENT="Mr." WC="0.97" CC="034"/>
						<SP ID="P60_SP00582" HPOS="1290" VPOS="3459" WIDTH="35"/>
						<String ID="P60_ST00695" HPOS="1325" VPOS="3414" WIDTH="53" HEIGHT="45" CONTENT="R." WC="0.79" CC="04"/>
						<SP ID="P60_SP00583" HPOS="1378" VPOS="3459" WIDTH="34"/>
						<String ID="P60_ST00696" HPOS="1412" VPOS="3416" WIDTH="50" HEIGHT="43" CONTENT="C." WC="0.78" CC="04"/>
						<SP ID="P60_SP00584" HPOS="1462" VPOS="3459" WIDTH="36"/>
						<String ID="P60_ST00697" HPOS="1498" VPOS="3414" WIDTH="223" HEIGHT="56" CONTENT="McCleery" WC="0.88" CC="00001080"/>
					</TextLine>
					<TextLine ID="P60_TL00121" HPOS="1206" VPOS="3475" WIDTH="502" HEIGHT="55">
						<String ID="P60_ST00698" HPOS="1206" VPOS="3477" WIDTH="71" HEIGHT="44" CONTENT="Mr" WC="0.85" CC="02"/>
						<SP ID="P60_SP00585" HPOS="1277" VPOS="3521" WIDTH="30"/>
						<String ID="P60_ST00699" HPOS="1307" VPOS="3475" WIDTH="155" HEIGHT="45" CONTENT="Arthur" WC="0.98" CC="055760"/>
						<SP ID="P60_SP00586" HPOS="1462" VPOS="3521" WIDTH="28"/>
						<String ID="P60_ST00700" HPOS="1490" VPOS="3476" WIDTH="218" HEIGHT="54" CONTENT="Wimperis" WC="0.88" CC="04000040"/>
					</TextLine>
					<TextLine ID="P60_TL00122" HPOS="1207" VPOS="3535" WIDTH="522" HEIGHT="47">
						<String ID="P60_ST00701" HPOS="1207" VPOS="3537" WIDTH="69" HEIGHT="45" CONTENT="Mr" WC="0.82" CC="03"/>
						<SP ID="P60_SP00587" HPOS="1276" VPOS="3582" WIDTH="32"/>
						<String ID="P60_ST00702" HPOS="1308" VPOS="3537" WIDTH="154" HEIGHT="44" CONTENT="Robert" WC="0.98" CC="007046"/>
						<SP ID="P60_SP00588" HPOS="1462" VPOS="3582" WIDTH="34"/>
						<String ID="P60_ST00703" HPOS="1496" VPOS="3535" WIDTH="233" HEIGHT="45" CONTENT="Blatchford" WC="0.69" CC="0026276500"/>
					</TextLine>
					<TextLine ID="P60_TL00123" HPOS="1527" VPOS="3614" WIDTH="90" HEIGHT="24">
						<String ID="P60_ST00704" HPOS="1527" VPOS="3614" WIDTH="90" HEIGHT="24" CONTENT="AND" WC="0.98" CC="005" STYLEREFS="TXT_5"/>
					</TextLine>
					<TextLine ID="P60_TL00124" HPOS="1209" VPOS="3657" WIDTH="381" HEIGHT="56">
						<String ID="P60_ST00705" HPOS="1209" VPOS="3659" WIDTH="68" HEIGHT="43" CONTENT="Mr" WC="0.58" CC="08"/>
						<SP ID="P60_SP00589" HPOS="1277" VPOS="3702" WIDTH="33"/>
						<String ID="P60_ST00706" HPOS="1310" VPOS="3657" WIDTH="104" HEIGHT="46" CONTENT="Fred" WC="0.96" CC="4409"/>
						<SP ID="P60_SP00590" HPOS="1414" VPOS="3703" WIDTH="34"/>
						<String ID="P60_ST00707" HPOS="1448" VPOS="3657" WIDTH="142" HEIGHT="56" CONTENT="Terry." WC="0.99" CC="000304"/>
					</TextLine>
					<TextLine ID="P60_TL00125" HPOS="1207" VPOS="3716" WIDTH="827" HEIGHT="56">
						<String ID="P60_ST00708" HPOS="1207" VPOS="3720" WIDTH="121" HEIGHT="44" CONTENT="Then" WC="0.97" CC="0606"/>
						<SP ID="P60_SP00591" HPOS="1328" VPOS="3764" WIDTH="47"/>
						<String ID="P60_ST00709" HPOS="1375" VPOS="3731" WIDTH="42" HEIGHT="32" CONTENT="to" WC="0.41" CC="56"/>
						<SP ID="P60_SP00592" HPOS="1417" VPOS="3764" WIDTH="46"/>
						<String ID="P60_ST00710" HPOS="1463" VPOS="3718" WIDTH="75" HEIGHT="45" CONTENT="this" WC="0.96" CC="2752"/>
						<SP ID="P60_SP00593" HPOS="1538" VPOS="3764" WIDTH="47"/>
						<String ID="P60_ST00711" HPOS="1585" VPOS="3718" WIDTH="121" HEIGHT="44" CONTENT="noble" WC="0.97" CC="42770"/>
						<SP ID="P60_SP00594" HPOS="1706" VPOS="3764" WIDTH="47"/>
						<String ID="P60_ST00712" HPOS="1753" VPOS="3735" WIDTH="199" HEIGHT="37" CONTENT="company" WC="0.99" CC="3601060"/>
						<SP ID="P60_SP00595" HPOS="1952" VPOS="3772" WIDTH="32"/>
						<String ID="P60_ST00713" HPOS="1984" VPOS="3716" WIDTH="50" HEIGHT="44" CONTENT="he" WC="0.34" CC="75"/>
					</TextLine>
					<TextLine ID="P60_TL00126" HPOS="1116" VPOS="3779" WIDTH="919" HEIGHT="57">
						<String ID="P60_ST00714" HPOS="1116" VPOS="3783" WIDTH="98" HEIGHT="43" CONTENT="cries" WC="0.99" CC="10030"/>
						<SP ID="P60_SP00596" HPOS="1214" VPOS="3826" WIDTH="32"/>
						<String ID="P60_ST00715" HPOS="1246" VPOS="3782" WIDTH="16" HEIGHT="25" CONTENT="n" STYLE="superscript" WC="0.55" CC="4"/>
						<SP ID="P60_SP00597" HPOS="1262" VPOS="3826" WIDTH="24"/>
						<String ID="P60_ST00716" HPOS="1286" VPOS="3781" WIDTH="182" HEIGHT="55" CONTENT="Charge!" WC="0.97" CC="0774846"/>
						<SP ID="P60_SP00598" HPOS="1468" VPOS="3836" WIDTH="27"/>
						<String ID="P60_ST00717" HPOS="1495" VPOS="3780" WIDTH="15" HEIGHT="25" CONTENT="n" STYLE="superscript" WC="0.55" CC="4"/>
						<String ID="P60_ST00718" HPOS="1519" VPOS="3815" WIDTH="7" HEIGHT="9" CONTENT="." WC="0.66" CC="3"/>
						<SP ID="P60_SP00599" HPOS="1526" VPOS="3836" WIDTH="69"/>
						<String ID="P60_ST00719" HPOS="1595" VPOS="3781" WIDTH="125" HEIGHT="43" CONTENT="Some" WC="0.99" CC="0400"/>
						<SP ID="P60_SP00600" HPOS="1720" VPOS="3836" WIDTH="31"/>
						<String ID="P60_ST00720" HPOS="1751" VPOS="3779" WIDTH="43" HEIGHT="43" CONTENT="of" WC="0.34" CC="57"/>
						<SP ID="P60_SP00601" HPOS="1794" VPOS="3836" WIDTH="40"/>
						<String ID="P60_ST00721" HPOS="1834" VPOS="3779" WIDTH="108" HEIGHT="43" CONTENT="them" WC="0.97" CC="0740"/>
						<SP ID="P60_SP00602" HPOS="1942" VPOS="3836" WIDTH="32"/>
						<String ID="P60_ST00722" HPOS="1974" VPOS="3796" WIDTH="41" HEIGHT="25" CONTENT="re" SUBS_TYPE="HypPart1" SUBS_CONTENT="refuse" WC="0.97" CC="02"/>
						<HYP HPOS="2015" VPOS="3796" WIDTH="20" CONTENT="-"/>
					</TextLine>
					<TextLine ID="P60_TL00127" HPOS="1118" VPOS="3839" WIDTH="918" HEIGHT="57">
						<String ID="P60_ST00723" HPOS="1118" VPOS="3844" WIDTH="84" HEIGHT="43" CONTENT="fuse" SUBS_TYPE="HypPart2" SUBS_CONTENT="refuse" WC="0.96" CC="6750"/>
						<SP ID="P60_SP00603" HPOS="1202" VPOS="3887" WIDTH="32"/>
						<String ID="P60_ST00724" HPOS="1234" VPOS="3854" WIDTH="42" HEIGHT="31" CONTENT="to" WC="0.81" CC="03"/>
						<SP ID="P60_SP00604" HPOS="1276" VPOS="3887" WIDTH="46"/>
						<String ID="P60_ST00725" HPOS="1322" VPOS="3843" WIDTH="145" HEIGHT="52" CONTENT="charge" WC="0.97" CC="478660"/>
						<SP ID="P60_SP00605" HPOS="1467" VPOS="3895" WIDTH="46"/>
						<String ID="P60_ST00726" HPOS="1513" VPOS="3841" WIDTH="68" HEIGHT="43" CONTENT="the" WC="0.97" CC="070"/>
						<SP ID="P60_SP00606" HPOS="1581" VPOS="3895" WIDTH="37"/>
						<String ID="P60_ST00727" HPOS="1618" VPOS="3859" WIDTH="107" HEIGHT="25" CONTENT="same" WC="0.96" CC="8821"/>
						<SP ID="P60_SP00607" HPOS="1725" VPOS="3895" WIDTH="48"/>
						<String ID="P60_ST00728" HPOS="1773" VPOS="3857" WIDTH="120" HEIGHT="39" CONTENT="way:" WC="0.97" CC="0075"/>
						<SP ID="P60_SP00608" HPOS="1893" VPOS="3896" WIDTH="49"/>
						<String ID="P60_ST00729" HPOS="1942" VPOS="3839" WIDTH="94" HEIGHT="54" CONTENT="they" WC="1.00" CC="0002"/>
					</TextLine>
					<TextLine ID="P60_TL00128" HPOS="1119" VPOS="3900" WIDTH="918" HEIGHT="63">
						<String ID="P60_ST00730" HPOS="1119" VPOS="3903" WIDTH="129" HEIGHT="60" CONTENT="prowl" WC="0.98" CC="56300"/>
						<SP ID="P60_SP00609" HPOS="1248" VPOS="3963" WIDTH="33"/>
						<String ID="P60_ST00731" HPOS="1281" VPOS="3902" WIDTH="80" HEIGHT="45" CONTENT="and" WC="0.96" CC="360"/>
						<SP ID="P60_SP00610" HPOS="1361" VPOS="3963" WIDTH="49"/>
						<String ID="P60_ST00732" HPOS="1410" VPOS="3903" WIDTH="94" HEIGHT="53" CONTENT="they" WC="0.98" CC="0700"/>
						<SP ID="P60_SP00611" HPOS="1504" VPOS="3963" WIDTH="46"/>
						<String ID="P60_ST00733" HPOS="1550" VPOS="3902" WIDTH="191" HEIGHT="55" CONTENT="splutter:" WC="0.98" CC="548677012"/>
						<SP ID="P60_SP00612" HPOS="1741" VPOS="3963" WIDTH="49"/>
						<String ID="P60_ST00734" HPOS="1790" VPOS="3902" WIDTH="28" HEIGHT="42" CONTENT="it" WC="0.66" CC="60"/>
						<SP ID="P60_SP00613" HPOS="1818" VPOS="3963" WIDTH="47"/>
						<String ID="P60_ST00735" HPOS="1865" VPOS="3902" WIDTH="30" HEIGHT="42" CONTENT="is" WC="0.65" CC="70"/>
						<SP ID="P60_SP00614" HPOS="1895" VPOS="3963" WIDTH="47"/>
						<String ID="P60_ST00736" HPOS="1942" VPOS="3900" WIDTH="95" HEIGHT="56" CONTENT="only" WC="0.97" CC="5630"/>
					</TextLine>
					<TextLine ID="P60_TL00129" HPOS="1119" VPOS="3962" WIDTH="769" HEIGHT="57">
						<String ID="P60_ST00737" HPOS="1119" VPOS="3966" WIDTH="96" HEIGHT="43" CONTENT="dear" WC="0.96" CC="7054"/>
						<SP ID="P60_SP00615" HPOS="1215" VPOS="4009" WIDTH="31"/>
						<String ID="P60_ST00738" HPOS="1246" VPOS="3964" WIDTH="158" HEIGHT="44" CONTENT="Harker" WC="0.69" CC="052009"/>
						<SP ID="P60_SP00616" HPOS="1404" VPOS="4009" WIDTH="33"/>
						<String ID="P60_ST00739" HPOS="1437" VPOS="3963" WIDTH="95" HEIGHT="44" CONTENT="who" WC="0.96" CC="901"/>
						<SP ID="P60_SP00617" HPOS="1532" VPOS="4009" WIDTH="31"/>
						<String ID="P60_ST00740" HPOS="1563" VPOS="3963" WIDTH="121" HEIGHT="56" CONTENT="really" WC="0.99" CC="400400"/>
						<SP ID="P60_SP00618" HPOS="1684" VPOS="4019" WIDTH="31"/>
						<String ID="P60_ST00741" HPOS="1715" VPOS="3962" WIDTH="173" HEIGHT="55" CONTENT="charges." WC="0.98" CC="67639034"/>
					</TextLine>
					<TextLine ID="P60_TL00130" HPOS="1210" VPOS="4023" WIDTH="826" HEIGHT="46">
						<String ID="P60_ST00742" HPOS="1210" VPOS="4026" WIDTH="105" HEIGHT="43" CONTENT="And" WC="1.00" CC="000"/>
						<SP ID="P60_SP00619" HPOS="1315" VPOS="4069" WIDTH="46"/>
						<String ID="P60_ST00743" HPOS="1361" VPOS="4037" WIDTH="43" HEIGHT="31" CONTENT="to" WC="1.00" CC="00"/>
						<SP ID="P60_SP00620" HPOS="1404" VPOS="4069" WIDTH="33"/>
						<String ID="P60_ST00744" HPOS="1437" VPOS="4023" WIDTH="110" HEIGHT="45" CONTENT="think" WC="0.98" CC="00670"/>
						<SP ID="P60_SP00621" HPOS="1547" VPOS="4069" WIDTH="46"/>
						<String ID="P60_ST00745" HPOS="1593" VPOS="4023" WIDTH="84" HEIGHT="45" CONTENT="that" WC="1.00" CC="0002"/>
						<SP ID="P60_SP00622" HPOS="1677" VPOS="4069" WIDTH="47"/>
						<String ID="P60_ST00746" HPOS="1724" VPOS="4023" WIDTH="67" HEIGHT="43" CONTENT="the" WC="0.95" CC="470"/>
						<SP ID="P60_SP00623" HPOS="1791" VPOS="4069" WIDTH="48"/>
						<String ID="P60_ST00747" HPOS="1839" VPOS="4034" WIDTH="100" HEIGHT="32" CONTENT="most" WC="0.97" CC="6500"/>
						<SP ID="P60_SP00624" HPOS="1939" VPOS="4069" WIDTH="38"/>
						<String ID="P60_ST00748" HPOS="1977" VPOS="4040" WIDTH="40" HEIGHT="25" CONTENT="re" SUBS_TYPE="HypPart1" SUBS_CONTENT="respected," WC="0.97" CC="30"/>
						<HYP HPOS="2017" VPOS="4040" WIDTH="19" CONTENT="-"/>
					</TextLine>
					<TextLine ID="P60_TL00131" HPOS="1121" VPOS="4082" WIDTH="917" HEIGHT="60">
						<String ID="P60_ST00749" HPOS="1121" VPOS="4086" WIDTH="177" HEIGHT="56" CONTENT="spected," SUBS_TYPE="HypPart2" SUBS_CONTENT="respected," WC="0.99" CC="68030000"/>
						<SP ID="P60_SP00625" HPOS="1298" VPOS="4142" WIDTH="21"/>
						<String ID="P60_ST00750" HPOS="1319" VPOS="4097" WIDTH="98" HEIGHT="33" CONTENT="most" WC="0.95" CC="9069"/>
						<SP ID="P60_SP00626" HPOS="1417" VPOS="4142" WIDTH="18"/>
						<String ID="P60_ST00751" HPOS="1435" VPOS="4085" WIDTH="154" HEIGHT="44" CONTENT="famous" WC="0.99" CC="460020"/>
						<SP ID="P60_SP00627" HPOS="1589" VPOS="4142" WIDTH="21"/>
						<String ID="P60_ST00752" HPOS="1610" VPOS="4085" WIDTH="80" HEIGHT="44" CONTENT="and" WC="0.98" CC="040"/>
						<SP ID="P60_SP00628" HPOS="1690" VPOS="4142" WIDTH="18"/>
						<String ID="P60_ST00753" HPOS="1708" VPOS="4096" WIDTH="100" HEIGHT="32" CONTENT="most" WC="0.99" CC="0230"/>
						<SP ID="P60_SP00629" HPOS="1808" VPOS="4142" WIDTH="22"/>
						<String ID="P60_ST00754" HPOS="1830" VPOS="4082" WIDTH="208" HEIGHT="46" CONTENT="successful" WC="0.99" CC="5404000756"/>
					</TextLine>
					<TextLine ID="P60_TL00132" HPOS="1125" VPOS="4144" WIDTH="913" HEIGHT="61">
						<String ID="P60_ST00755" HPOS="1125" VPOS="4148" WIDTH="46" HEIGHT="57" CONTENT="(if" WC="0.94" CC="367"/>
						<SP ID="P60_SP00630" HPOS="1171" VPOS="4205" WIDTH="32"/>
						<String ID="P60_ST00756" HPOS="1203" VPOS="4159" WIDTH="100" HEIGHT="32" CONTENT="most" WC="0.99" CC="0006"/>
						<SP ID="P60_SP00631" HPOS="1303" VPOS="4205" WIDTH="31"/>
						<String ID="P60_ST00757" HPOS="1334" VPOS="4148" WIDTH="230" HEIGHT="55" CONTENT="expensive)" WC="0.99" CC="0900666003"/>
						<SP ID="P60_SP00632" HPOS="1564" VPOS="4205" WIDTH="49"/>
						<String ID="P60_ST00758" HPOS="1613" VPOS="4146" WIDTH="44" HEIGHT="42" CONTENT="of" WC="0.34" CC="57"/>
						<SP ID="P60_SP00633" HPOS="1657" VPOS="4205" WIDTH="32"/>
						<String ID="P60_ST00759" HPOS="1689" VPOS="4144" WIDTH="175" HEIGHT="45" CONTENT="London" WC="0.98" CC="025054"/>
						<SP ID="P60_SP00634" HPOS="1864" VPOS="4205" WIDTH="41"/>
						<String ID="P60_ST00760" HPOS="1905" VPOS="4163" WIDTH="111" HEIGHT="26" CONTENT="scene" SUBS_TYPE="HypPart1" SUBS_CONTENT="scenepainters" WC="0.99" CC="30070"/>
						<HYP HPOS="2016" VPOS="4163" WIDTH="22" CONTENT="-"/>
					</TextLine>
					<TextLine ID="P60_TL00133" HPOS="1122" VPOS="4206" WIDTH="744" HEIGHT="59">
						<String ID="P60_ST00761" HPOS="1122" VPOS="4210" WIDTH="171" HEIGHT="55" CONTENT="painters" SUBS_TYPE="HypPart2" SUBS_CONTENT="scenepainters" WC="0.99" CC="70603351"/>
						<SP ID="P60_SP00635" HPOS="1293" VPOS="4265" WIDTH="16"/>
						<String ID="P60_ST00762" HPOS="1309" VPOS="4207" WIDTH="142" HEIGHT="46" CONTENT="should" WC="0.98" CC="664020"/>
						<SP ID="P60_SP00636" HPOS="1451" VPOS="4265" WIDTH="21"/>
						<String ID="P60_ST00763" HPOS="1472" VPOS="4225" WIDTH="111" HEIGHT="38" CONTENT="carry" WC="0.98" CC="20850"/>
						<SP ID="P60_SP00637" HPOS="1583" VPOS="4265" WIDTH="21"/>
						<String ID="P60_ST00764" HPOS="1604" VPOS="4225" WIDTH="53" HEIGHT="25" CONTENT="on" WC="0.43" CC="64"/>
						<SP ID="P60_SP00638" HPOS="1657" VPOS="4265" WIDTH="21"/>
						<String ID="P60_ST00765" HPOS="1678" VPOS="4206" WIDTH="78" HEIGHT="44" CONTENT="like" WC="1.00" CC="0000"/>
						<SP ID="P60_SP00639" HPOS="1756" VPOS="4265" WIDTH="23"/>
						<String ID="P60_ST00766" HPOS="1779" VPOS="4207" WIDTH="87" HEIGHT="44" CONTENT="this." WC="0.97" CC="07764"/>
					</TextLine>
				</TextBlock>
				<TextBlock ID="P60_TB00008" HPOS="2064" VPOS="188" WIDTH="918" HEIGHT="476" STYLEREFS="TXT_1 PAR_LEFT">
					<Shape>
						<Polygon POINTS="2064,188 2982,188 2982,597 2672,597 2672,664 2064,664"/>
					</Shape>
					<TextLine ID="P60_TL00134" HPOS="2071" VPOS="188" WIDTH="909" HEIGHT="50">
						<String ID="P60_ST00767" HPOS="2071" VPOS="189" WIDTH="125" HEIGHT="44" CONTENT="THE" WC="0.99" CC="110"/>
						<SP ID="P60_SP00640" HPOS="2196" VPOS="233" WIDTH="17"/>
						<String ID="P60_ST00768" HPOS="2213" VPOS="189" WIDTH="213" HEIGHT="49" CONTENT="BIRTH" WC="0.99" CC="24002"/>
						<SP ID="P60_SP00641" HPOS="2426" VPOS="238" WIDTH="23"/>
						<String ID="P60_ST00769" HPOS="2449" VPOS="189" WIDTH="135" HEIGHT="45" CONTENT="LIFE" WC="0.99" CC="4000"/>
						<SP ID="P60_SP00642" HPOS="2584" VPOS="238" WIDTH="15"/>
						<String ID="P60_ST00770" HPOS="2599" VPOS="188" WIDTH="137" HEIGHT="45" CONTENT="AND" WC="1.00" CC="000"/>
						<SP ID="P60_SP00643" HPOS="2736" VPOS="238" WIDTH="17"/>
						<String ID="P60_ST00771" HPOS="2753" VPOS="188" WIDTH="128" HEIGHT="44" CONTENT="DEA" WC="1.00" CC="000"/>
						<SP ID="P60_SP00644" HPOS="2881" VPOS="238" WIDTH="13"/>
						<String ID="P60_ST00772" HPOS="2894" VPOS="188" WIDTH="86" HEIGHT="44" CONTENT="TH" WC="0.89" CC="02"/>
						<SP ID="P60_SP00645" HPOS="2980" VPOS="238" WIDTH="0"/>
					</TextLine>
					<TextLine ID="P60_TL00135" HPOS="2067" VPOS="249" WIDTH="910" HEIGHT="53">
						<String ID="P60_ST00773" HPOS="2067" VPOS="250" WIDTH="85" HEIGHT="44" CONTENT="OF" WC="0.71" CC="50"/>
						<SP ID="P60_SP00646" HPOS="2152" VPOS="294" WIDTH="39"/>
						<String ID="P60_ST00774" HPOS="2191" VPOS="250" WIDTH="454" HEIGHT="45" CONTENT="SCARAMOUCH" WC="0.99" CC="3000035701"/>
						<SP ID="P60_SP00647" HPOS="2645" VPOS="295" WIDTH="47"/>
						<String ID="P60_ST00775" HPOS="2692" VPOS="250" WIDTH="73" HEIGHT="52" CONTENT="By" WC="0.66" CC="24"/>
						<SP ID="P60_SP00648" HPOS="2765" VPOS="302" WIDTH="52"/>
						<String ID="P60_ST00776" HPOS="2817" VPOS="249" WIDTH="160" HEIGHT="44" CONTENT="Master" WC="0.98" CC="336470"/>
						<SP ID="P60_SP00649" HPOS="2977" VPOS="302" WIDTH="0"/>
					</TextLine>
					<TextLine ID="P60_TL00136" HPOS="2065" VPOS="309" WIDTH="910" HEIGHT="57">
						<String ID="P60_ST00777" HPOS="2065" VPOS="312" WIDTH="166" HEIGHT="54" CONTENT="Angelo" WC="0.67" CC="044505"/>
						<SP ID="P60_SP00650" HPOS="2231" VPOS="366" WIDTH="33"/>
						<String ID="P60_ST00778" HPOS="2264" VPOS="312" WIDTH="284" HEIGHT="43" CONTENT="Constantini:" WC="0.71" CC="023650630005"/>
						<SP ID="P60_SP00651" HPOS="2548" VPOS="366" WIDTH="50"/>
						<String ID="P60_ST00779" HPOS="2598" VPOS="310" WIDTH="245" HEIGHT="45" CONTENT="Translated" WC="0.99" CC="0052500439"/>
						<SP ID="P60_SP00652" HPOS="2843" VPOS="366" WIDTH="22"/>
						<String ID="P60_ST00780" HPOS="2865" VPOS="309" WIDTH="110" HEIGHT="52" CONTENT="from" WC="1.00" CC="0000"/>
						<SP ID="P60_SP00653" HPOS="2975" VPOS="366" WIDTH="0"/>
					</TextLine>
					<TextLine ID="P60_TL00137" HPOS="2066" VPOS="371" WIDTH="906" HEIGHT="53">
						<String ID="P60_ST00781" HPOS="2066" VPOS="371" WIDTH="65" HEIGHT="44" CONTENT="the" WC="0.97" CC="006"/>
						<SP ID="P60_SP00654" HPOS="2131" VPOS="415" WIDTH="31"/>
						<String ID="P60_ST00782" HPOS="2162" VPOS="372" WIDTH="105" HEIGHT="43" CONTENT="First" WC="0.98" CC="03054"/>
						<SP ID="P60_SP00655" HPOS="2267" VPOS="415" WIDTH="40"/>
						<String ID="P60_ST00783" HPOS="2307" VPOS="372" WIDTH="167" HEIGHT="43" CONTENT="Edition" WC="0.99" CC="0004353"/>
						<SP ID="P60_SP00656" HPOS="2474" VPOS="415" WIDTH="32"/>
						<String ID="P60_ST00784" HPOS="2506" VPOS="372" WIDTH="214" HEIGHT="52" CONTENT="published" WC="0.98" CC="067405990"/>
						<SP ID="P60_SP00657" HPOS="2720" VPOS="424" WIDTH="43"/>
						<String ID="P60_ST00785" HPOS="2763" VPOS="376" WIDTH="41" HEIGHT="38" CONTENT="in" WC="1.00" CC="00"/>
						<SP ID="P60_SP00658" HPOS="2804" VPOS="424" WIDTH="34"/>
						<String ID="P60_ST00786" HPOS="2838" VPOS="371" WIDTH="134" HEIGHT="50" CONTENT="Paris," WC="0.98" CC="407044"/>
						<SP ID="P60_SP00659" HPOS="2972" VPOS="424" WIDTH="0"/>
					</TextLine>
					<TextLine ID="P60_TL00138" HPOS="2105" VPOS="432" WIDTH="868" HEIGHT="55">
						<String ID="P60_ST00787" HPOS="2105" VPOS="433" WIDTH="119" HEIGHT="49" CONTENT="1695," WC="0.98" CC="00002"/>
						<SP ID="P60_SP00660" HPOS="2224" VPOS="482" WIDTH="66"/>
						<String ID="P60_ST00788" HPOS="2290" VPOS="433" WIDTH="54" HEIGHT="54" CONTENT="by" WC="0.47" CC="54"/>
						<SP ID="P60_SP00661" HPOS="2344" VPOS="487" WIDTH="64"/>
						<String ID="P60_ST00789" HPOS="2408" VPOS="433" WIDTH="115" HEIGHT="52" CONTENT="Cyril" WC="0.99" CC="00060"/>
						<SP ID="P60_SP00662" HPOS="2523" VPOS="487" WIDTH="72"/>
						<String ID="P60_ST00790" HPOS="2595" VPOS="432" WIDTH="67" HEIGHT="44" CONTENT="IV." WC="0.30" CC="676"/>
						<SP ID="P60_SP00663" HPOS="2662" VPOS="487" WIDTH="61"/>
						<String ID="P60_ST00791" HPOS="2723" VPOS="433" WIDTH="250" HEIGHT="43" CONTENT="Beaumont." WC="0.99" CC="004730654"/>
						<SP ID="P60_SP00664" HPOS="2973" VPOS="487" WIDTH="0"/>
					</TextLine>
					<TextLine ID="P60_TL00139" HPOS="2066" VPOS="493" WIDTH="883" HEIGHT="53">
						<String ID="P60_ST00792" HPOS="2066" VPOS="494" WIDTH="227" HEIGHT="44" CONTENT="Published" WC="0.99" CC="400007060"/>
						<SP ID="P60_SP00665" HPOS="2293" VPOS="538" WIDTH="29"/>
						<String ID="P60_ST00793" HPOS="2322" VPOS="501" WIDTH="45" HEIGHT="36" CONTENT="at" WC="0.93" CC="10"/>
						<SP ID="P60_SP00666" HPOS="2367" VPOS="538" WIDTH="31"/>
						<String ID="P60_ST00794" HPOS="2398" VPOS="494" WIDTH="65" HEIGHT="43" CONTENT="the" WC="0.97" CC="008"/>
						<SP ID="P60_SP00667" HPOS="2463" VPOS="538" WIDTH="33"/>
						<String ID="P60_ST00795" HPOS="2496" VPOS="493" WIDTH="100" HEIGHT="53" CONTENT="Sign" WC="0.98" CC="0440"/>
						<SP ID="P60_SP00668" HPOS="2596" VPOS="546" WIDTH="49"/>
						<String ID="P60_ST00796" HPOS="2645" VPOS="493" WIDTH="53" HEIGHT="50" CONTENT="of" WC="0.80" CC="40"/>
						<SP ID="P60_SP00669" HPOS="2698" VPOS="546" WIDTH="26"/>
						<String ID="P60_ST00797" HPOS="2724" VPOS="493" WIDTH="65" HEIGHT="43" CONTENT="the" WC="1.00" CC="000"/>
						<SP ID="P60_SP00670" HPOS="2789" VPOS="546" WIDTH="37"/>
						<String ID="P60_ST00798" HPOS="2826" VPOS="493" WIDTH="123" HEIGHT="53" CONTENT="Harlequin's" WC="0.99" CC="00409090004"/>
						<SP ID="P60_SP00671" HPOS="2949" VPOS="546" WIDTH="0"/>
					</TextLine>
					<TextLine ID="P60_TL00140" HPOS="2064" VPOS="493" WIDTH="855" HEIGHT="43">
						<String ID="P60_ST00799" HPOS="2064" VPOS="493" WIDTH="127" HEIGHT="43" CONTENT="Bat," WC="0.98" CC="0053"/>
						<SP ID="P60_SP00672" HPOS="2191" VPOS="536" WIDTH="32"/>
						<String ID="P60_ST00800" HPOS="2223" VPOS="493" WIDTH="63" HEIGHT="43" CONTENT="75" WC="0.98" CC="00"/>
						<SP ID="P60_SP00673" HPOS="2286" VPOS="536" WIDTH="32"/>
						<String ID="P60_ST00801" HPOS="2318" VPOS="493" WIDTH="221" HEIGHT="43" CONTENT="Charing" WC="1.00" CC="0010003"/>
						<SP ID="P60_SP00674" HPOS="2539" VPOS="536" WIDTH="32"/>
						<String ID="P60_ST00802" HPOS="2571" VPOS="493" WIDTH="158" HEIGHT="43" CONTENT="Cross" WC="1.00" CC="00020"/>
						<SP ID="P60_SP00675" HPOS="2729" VPOS="536" WIDTH="32"/>
						<String ID="P60_ST00803" HPOS="2761" VPOS="493" WIDTH="158" HEIGHT="43" CONTENT="Road," WC="0.99" CC="00307"/>
						<SP ID="P60_SP00676" HPOS="2919" VPOS="536" WIDTH="0"/>
					</TextLine>
					<TextLine ID="P60_TL00141" HPOS="2065" VPOS="614" WIDTH="593" HEIGHT="48">
						<String ID="P60_ST00804" HPOS="2065" VPOS="616" WIDTH="187" HEIGHT="44" CONTENT="London." WC="1.00" CC="3000004"/>
						<SP ID="P60_SP00677" HPOS="2252" VPOS="660" WIDTH="34"/>
						<String ID="P60_ST00805" HPOS="2286" VPOS="614" WIDTH="46" HEIGHT="48" CONTENT="£" WC="0.32" CC="6"/>
						<SP ID="P60_SP00678" HPOS="2332" VPOS="662" WIDTH="32"/>
						<String ID="P60_ST00806" HPOS="2364" VPOS="615" WIDTH="32" HEIGHT="44" CONTENT="I." WC="0.77" CC="04"/>
						<SP ID="P60_SP00679" HPOS="2396" VPOS="662" WIDTH="35"/>
						<String ID="P60_ST00807" HPOS="2431" VPOS="616" WIDTH="33" HEIGHT="43" CONTENT="I." WC="0.69" CC="14"/>
						<SP ID="P60_SP00680" HPOS="2464" VPOS="662" WIDTH="36"/>
						<String ID="P60_ST00808" HPOS="2500" VPOS="615" WIDTH="56" HEIGHT="42" CONTENT="O." WC="0.78" CC="04"/>
						<SP ID="P60_SP00681" HPOS="2556" VPOS="662" WIDTH="33"/>
						<String ID="P60_ST00809" HPOS="2589" VPOS="623" WIDTH="69" HEIGHT="34" CONTENT="net" WC="0.93" CC="991"/>
						<SP ID="P60_SP00682" HPOS="2658" VPOS="662" WIDTH="0"/>
					</TextLine>
				</TextBlock>
				<TextBlock ID="P60_TB00009" HPOS="2065" VPOS="734" WIDTH="932" HEIGHT="2614" STYLEREFS="TXT_1 PAR_LEFT">
					<TextLine ID="P60_TL00142" HPOS="2071" VPOS="735" WIDTH="911" HEIGHT="112">
						<String ID="P60_ST00810" HPOS="2071" VPOS="745" WIDTH="250" HEIGHT="102" CONTENT="ALONG" WC="0.98" CC="31106" STYLEREFS="TXT_4"/>
						<SP ID="P60_SP00683" HPOS="2321" VPOS="847" WIDTH="32"/>
						<String ID="P60_ST00811" HPOS="2353" VPOS="737" WIDTH="95" HEIGHT="51" CONTENT="title," WC="0.98" CC="470703"/>
						<SP ID="P60_SP00684" HPOS="2448" VPOS="847" WIDTH="25"/>
						<String ID="P60_ST00812" HPOS="2473" VPOS="737" WIDTH="69" HEIGHT="44" CONTENT="but" WC="0.96" CC="602"/>
						<SP ID="P60_SP00685" HPOS="2542" VPOS="847" WIDTH="23"/>
						<String ID="P60_ST00813" HPOS="2565" VPOS="748" WIDTH="68" HEIGHT="33" CONTENT="not" WC="0.96" CC="720"/>
						<SP ID="P60_SP00686" HPOS="2633" VPOS="847" WIDTH="22"/>
						<String ID="P60_ST00814" HPOS="2655" VPOS="755" WIDTH="24" HEIGHT="25" CONTENT="a" WC="1.00" CC="0"/>
						<SP ID="P60_SP00687" HPOS="2679" VPOS="847" WIDTH="21"/>
						<String ID="P60_ST00815" HPOS="2700" VPOS="735" WIDTH="91" HEIGHT="57" CONTENT="long" WC="0.95" CC="8438"/>
						<SP ID="P60_SP00688" HPOS="2791" VPOS="847" WIDTH="16"/>
						<String ID="P60_ST00816" HPOS="2807" VPOS="749" WIDTH="175" HEIGHT="32" CONTENT="moment" WC="0.98" CC="230058"/>
					</TextLine>
					<TextLine ID="P60_TL00143" HPOS="2173" VPOS="797" WIDTH="808" HEIGHT="57">
						<String ID="P60_ST00817" HPOS="2173" VPOS="800" WIDTH="120" HEIGHT="44" CONTENT="while" WC="0.97" CC="07570"/>
						<SP ID="P60_SP00689" HPOS="2293" VPOS="844" WIDTH="22"/>
						<String ID="P60_ST00818" HPOS="2315" VPOS="816" WIDTH="81" HEIGHT="38" CONTENT="you" WC="0.96" CC="045"/>
						<SP ID="P60_SP00690" HPOS="2396" VPOS="854" WIDTH="21"/>
						<String ID="P60_ST00819" HPOS="2417" VPOS="798" WIDTH="96" HEIGHT="44" CONTENT="read" WC="0.99" CC="6000"/>
						<SP ID="P60_SP00691" HPOS="2513" VPOS="854" WIDTH="32"/>
						<String ID="P60_ST00820" HPOS="2545" VPOS="798" WIDTH="66" HEIGHT="44" CONTENT="the" WC="1.00" CC="000"/>
						<SP ID="P60_SP00692" HPOS="2611" VPOS="854" WIDTH="20"/>
						<String ID="P60_ST00821" HPOS="2631" VPOS="797" WIDTH="123" HEIGHT="50" CONTENT="book," WC="0.98" CC="50124"/>
						<SP ID="P60_SP00693" HPOS="2754" VPOS="854" WIDTH="23"/>
						<String ID="P60_ST00822" HPOS="2777" VPOS="797" WIDTH="43" HEIGHT="43" CONTENT="of" WC="0.66" CC="06"/>
						<SP ID="P60_SP00694" HPOS="2820" VPOS="854" WIDTH="29"/>
						<String ID="P60_ST00823" HPOS="2849" VPOS="797" WIDTH="132" HEIGHT="45" CONTENT="which" WC="0.95" CC="87727"/>
					</TextLine>
					<TextLine ID="P60_TL00144" HPOS="2068" VPOS="858" WIDTH="851" HEIGHT="59">
						<String ID="P60_ST00824" HPOS="2068" VPOS="860" WIDTH="93" HEIGHT="57" CONTENT="only" WC="0.98" CC="0700"/>
						<SP ID="P60_SP00695" HPOS="2161" VPOS="917" WIDTH="34"/>
						<String ID="P60_ST00825" HPOS="2195" VPOS="862" WIDTH="89" HEIGHT="43" CONTENT="390" WC="0.91" CC="002"/>
						<SP ID="P60_SP00696" HPOS="2284" VPOS="917" WIDTH="30"/>
						<String ID="P60_ST00826" HPOS="2314" VPOS="861" WIDTH="134" HEIGHT="53" CONTENT="copies" WC="0.99" CC="030810"/>
						<SP ID="P60_SP00697" HPOS="2448" VPOS="917" WIDTH="30"/>
						<String ID="P60_ST00827" HPOS="2478" VPOS="860" WIDTH="104" HEIGHT="43" CONTENT="have" WC="1.00" CC="0000"/>
						<SP ID="P60_SP00698" HPOS="2582" VPOS="917" WIDTH="31"/>
						<String ID="P60_ST00828" HPOS="2613" VPOS="858" WIDTH="103" HEIGHT="43" CONTENT="been" WC="0.98" CC="6200"/>
						<SP ID="P60_SP00699" HPOS="2716" VPOS="917" WIDTH="33"/>
						<String ID="P60_ST00829" HPOS="2749" VPOS="858" WIDTH="170" HEIGHT="55" CONTENT="printed." WC="0.99" CC="04426004"/>
					</TextLine>
					<TextLine ID="P60_TL00145" HPOS="2162" VPOS="919" WIDTH="820" HEIGHT="57">
						<String ID="P60_ST00830" HPOS="2162" VPOS="922" WIDTH="30" HEIGHT="44" CONTENT="It" WC="0.47" CC="73"/>
						<SP ID="P60_SP00700" HPOS="2192" VPOS="966" WIDTH="47"/>
						<String ID="P60_ST00831" HPOS="2239" VPOS="922" WIDTH="71" HEIGHT="44" CONTENT="has" WC="0.96" CC="702"/>
						<SP ID="P60_SP00701" HPOS="2310" VPOS="966" WIDTH="46"/>
						<String ID="P60_ST00832" HPOS="2356" VPOS="919" WIDTH="150" HEIGHT="57" CONTENT="always" WC="0.99" CC="730000"/>
						<SP ID="P60_SP00702" HPOS="2506" VPOS="976" WIDTH="47"/>
						<String ID="P60_ST00833" HPOS="2553" VPOS="920" WIDTH="104" HEIGHT="42" CONTENT="been" WC="0.98" CC="7004"/>
						<SP ID="P60_SP00703" HPOS="2657" VPOS="976" WIDTH="41"/>
						<String ID="P60_ST00834" HPOS="2698" VPOS="919" WIDTH="167" HEIGHT="50" CONTENT="famous," WC="0.99" CC="6002532"/>
						<SP ID="P60_SP00704" HPOS="2865" VPOS="976" WIDTH="43"/>
						<String ID="P60_ST00835" HPOS="2908" VPOS="919" WIDTH="74" HEIGHT="43" CONTENT="this" WC="0.96" CC="3762"/>
					</TextLine>
					<TextLine ID="P60_TL00146" HPOS="2071" VPOS="979" WIDTH="911" HEIGHT="53">
						<String ID="P60_ST00836" HPOS="2071" VPOS="991" WIDTH="11" HEIGHT="16" CONTENT="4" STYLE="superscript" WC="0.54" CC="4"/>
						<SP ID="P60_SP00705" HPOS="2082" VPOS="1007" WIDTH="23"/>
						<String ID="P60_ST00837" HPOS="2105" VPOS="983" WIDTH="90" HEIGHT="44" CONTENT="Life" WC="0.97" CC="0660"/>
						<SP ID="P60_SP00706" HPOS="2195" VPOS="1027" WIDTH="21"/>
						<String ID="P60_ST00838" HPOS="2216" VPOS="983" WIDTH="27" HEIGHT="49" CONTENT="\" WC="0.24" CC="7"/>
						<SP ID="P60_SP00707" HPOS="2243" VPOS="1032" WIDTH="47"/>
						<String ID="P60_ST00839" HPOS="2290" VPOS="982" WIDTH="169" HEIGHT="43" CONTENT="because" WC="0.99" CC="7003001"/>
						<SP ID="P60_SP00708" HPOS="2459" VPOS="1032" WIDTH="31"/>
						<String ID="P60_ST00840" HPOS="2490" VPOS="979" WIDTH="283" HEIGHT="49" CONTENT="Scaramouch," WC="0.99" CC="00220450074"/>
						<SP ID="P60_SP00709" HPOS="2773" VPOS="1032" WIDTH="38"/>
						<String ID="P60_ST00841" HPOS="2811" VPOS="981" WIDTH="49" HEIGHT="49" CONTENT="ie," WC="0.65" CC="603"/>
						<SP ID="P60_SP00710" HPOS="2860" VPOS="1032" WIDTH="48"/>
						<String ID="P60_ST00842" HPOS="2908" VPOS="980" WIDTH="50" HEIGHT="43" CONTENT="Ti" SUBS_TYPE="HypPart1" SUBS_CONTENT="Tiberio" WC="0.72" CC="04"/>
						<HYP HPOS="2958" VPOS="980" WIDTH="24" CONTENT="-"/>
					</TextLine>
					<TextLine ID="P60_TL00147" HPOS="2070" VPOS="1039" WIDTH="914" HEIGHT="57">
						<String ID="P60_ST00843" HPOS="2070" VPOS="1044" WIDTH="112" HEIGHT="43" CONTENT="berio" SUBS_TYPE="HypPart2" SUBS_CONTENT="Tiberio" WC="0.56" CC="60445"/>
						<SP ID="P60_SP00711" HPOS="2182" VPOS="1087" WIDTH="32"/>
						<String ID="P60_ST00844" HPOS="2214" VPOS="1042" WIDTH="161" HEIGHT="54" CONTENT="Fiorilli," WC="0.56" CC="066765061"/>
						<SP ID="P60_SP00712" HPOS="2375" VPOS="1096" WIDTH="53"/>
						<String ID="P60_ST00845" HPOS="2428" VPOS="1059" WIDTH="83" HEIGHT="27" CONTENT="was" WC="0.95" CC="084"/>
						<SP ID="P60_SP00713" HPOS="2511" VPOS="1096" WIDTH="45"/>
						<String ID="P60_ST00846" HPOS="2556" VPOS="1059" WIDTH="79" HEIGHT="25" CONTENT="one" WC="0.99" CC="020"/>
						<SP ID="P60_SP00714" HPOS="2635" VPOS="1096" WIDTH="45"/>
						<String ID="P60_ST00847" HPOS="2680" VPOS="1039" WIDTH="44" HEIGHT="44" CONTENT="of" WC="0.66" CC="06"/>
						<SP ID="P60_SP00715" HPOS="2724" VPOS="1096" WIDTH="45"/>
						<String ID="P60_ST00848" HPOS="2769" VPOS="1040" WIDTH="68" HEIGHT="43" CONTENT="the" WC="0.96" CC="370"/>
						<SP ID="P60_SP00716" HPOS="2837" VPOS="1096" WIDTH="47"/>
						<String ID="P60_ST00849" HPOS="2884" VPOS="1051" WIDTH="100" HEIGHT="33" CONTENT="most" WC="0.97" CC="0165"/>
					</TextLine>
					<TextLine ID="P60_TL00148" HPOS="2071" VPOS="1102" WIDTH="911" HEIGHT="54">
						<String ID="P60_ST00850" HPOS="2071" VPOS="1105" WIDTH="153" HEIGHT="44" CONTENT="famous" WC="0.99" CC="000051"/>
						<SP ID="P60_SP00717" HPOS="2224" VPOS="1149" WIDTH="47"/>
						<String ID="P60_ST00851" HPOS="2271" VPOS="1115" WIDTH="128" HEIGHT="33" CONTENT="actors" WC="0.99" CC="405050"/>
						<SP ID="P60_SP00718" HPOS="2399" VPOS="1149" WIDTH="47"/>
						<String ID="P60_ST00852" HPOS="2446" VPOS="1102" WIDTH="44" HEIGHT="43" CONTENT="of" WC="0.47" CC="27"/>
						<SP ID="P60_SP00719" HPOS="2490" VPOS="1149" WIDTH="44"/>
						<String ID="P60_ST00853" HPOS="2534" VPOS="1102" WIDTH="68" HEIGHT="43" CONTENT="the" WC="1.00" CC="000"/>
						<SP ID="P60_SP00720" HPOS="2602" VPOS="1149" WIDTH="45"/>
						<String ID="P60_ST00854" HPOS="2647" VPOS="1112" WIDTH="88" HEIGHT="44" CONTENT="past" WC="0.97" CC="6043"/>
						<SP ID="P60_SP00721" HPOS="2735" VPOS="1156" WIDTH="40"/>
						<String ID="P60_ST00855" HPOS="2775" VPOS="1103" WIDTH="207" HEIGHT="42" CONTENT="centuries." WC="0.99" CC="3400055044"/>
					</TextLine>
					<TextLine ID="P60_TL00149" HPOS="2071" VPOS="1162" WIDTH="914" HEIGHT="52">
						<String ID="P60_ST00856" HPOS="2071" VPOS="1166" WIDTH="69" HEIGHT="43" CONTENT="He" WC="1.00" CC="00"/>
						<SP ID="P60_SP00722" HPOS="2140" VPOS="1209" WIDTH="32"/>
						<String ID="P60_ST00857" HPOS="2172" VPOS="1168" WIDTH="29" HEIGHT="41" CONTENT="it" WC="0.36" CC="57"/>
						<SP ID="P60_SP00723" HPOS="2201" VPOS="1209" WIDTH="31"/>
						<String ID="P60_ST00858" HPOS="2232" VPOS="1183" WIDTH="96" HEIGHT="31" CONTENT="was," WC="0.98" CC="0403"/>
						<SP ID="P60_SP00724" HPOS="2328" VPOS="1214" WIDTH="31"/>
						<String ID="P60_ST00859" HPOS="2359" VPOS="1164" WIDTH="80" HEIGHT="44" CONTENT="and" WC="0.95" CC="750"/>
						<SP ID="P60_SP00725" HPOS="2439" VPOS="1214" WIDTH="23"/>
						<String ID="P60_ST00860" HPOS="2462" VPOS="1181" WIDTH="53" HEIGHT="25" CONTENT="no" WC="0.77" CC="40"/>
						<SP ID="P60_SP00726" HPOS="2515" VPOS="1214" WIDTH="32"/>
						<String ID="P60_ST00861" HPOS="2547" VPOS="1162" WIDTH="126" HEIGHT="49" CONTENT="other," WC="0.99" CC="057000"/>
						<SP ID="P60_SP00727" HPOS="2673" VPOS="1214" WIDTH="24"/>
						<String ID="P60_ST00862" HPOS="2697" VPOS="1162" WIDTH="85" HEIGHT="44" CONTENT="that" WC="1.00" CC="0000"/>
						<SP ID="P60_SP00728" HPOS="2782" VPOS="1214" WIDTH="30"/>
						<String ID="P60_ST00863" HPOS="2812" VPOS="1179" WIDTH="83" HEIGHT="26" CONTENT="was" WC="1.00" CC="000"/>
						<SP ID="P60_SP00729" HPOS="2895" VPOS="1214" WIDTH="22"/>
						<String ID="P60_ST00864" HPOS="2917" VPOS="1162" WIDTH="68" HEIGHT="43" CONTENT="the" WC="0.95" CC="670"/>
					</TextLine>
					<TextLine ID="P60_TL00150" HPOS="2071" VPOS="1224" WIDTH="430" HEIGHT="47">
						<String ID="P60_ST00865" HPOS="2071" VPOS="1238" WIDTH="141" HEIGHT="33" CONTENT="master" WC="0.98" CC="003708"/>
						<SP ID="P60_SP00730" HPOS="2212" VPOS="1271" WIDTH="31"/>
						<String ID="P60_ST00866" HPOS="2243" VPOS="1225" WIDTH="42" HEIGHT="45" CONTENT="of" WC="0.63" CC="07"/>
						<SP ID="P60_SP00731" HPOS="2285" VPOS="1271" WIDTH="31"/>
						<String ID="P60_ST00867" HPOS="2316" VPOS="1224" WIDTH="185" HEIGHT="45" CONTENT="Moliere." WC="0.78" CC="04051014"/>
					</TextLine>
					<TextLine ID="P60_TL00151" HPOS="2161" VPOS="1282" WIDTH="825" HEIGHT="55">
						<String ID="P60_ST00868" HPOS="2161" VPOS="1288" WIDTH="80" HEIGHT="43" CONTENT="But" WC="0.98" CC="013"/>
						<SP ID="P60_SP00732" HPOS="2241" VPOS="1331" WIDTH="30"/>
						<String ID="P60_ST00869" HPOS="2271" VPOS="1286" WIDTH="52" HEIGHT="43" CONTENT="he" WC="1.00" CC="00"/>
						<SP ID="P60_SP00733" HPOS="2323" VPOS="1331" WIDTH="31"/>
						<String ID="P60_ST00870" HPOS="2354" VPOS="1302" WIDTH="83" HEIGHT="27" CONTENT="was" WC="1.00" CC="000"/>
						<SP ID="P60_SP00734" HPOS="2437" VPOS="1331" WIDTH="30"/>
						<String ID="P60_ST00871" HPOS="2467" VPOS="1284" WIDTH="82" HEIGHT="44" CONTENT="also" WC="0.99" CC="0600"/>
						<SP ID="P60_SP00735" HPOS="2549" VPOS="1331" WIDTH="32"/>
						<String ID="P60_ST00872" HPOS="2581" VPOS="1301" WIDTH="24" HEIGHT="25" CONTENT="a" WC="1.00" CC="0"/>
						<SP ID="P60_SP00736" HPOS="2605" VPOS="1331" WIDTH="30"/>
						<String ID="P60_ST00873" HPOS="2635" VPOS="1282" WIDTH="72" HEIGHT="45" CONTENT="sad" WC="1.00" CC="000"/>
						<SP ID="P60_SP00737" HPOS="2707" VPOS="1331" WIDTH="32"/>
						<String ID="P60_ST00874" HPOS="2739" VPOS="1300" WIDTH="132" HEIGHT="37" CONTENT="rogue," WC="0.99" CC="050333"/>
						<SP ID="P60_SP00738" HPOS="2871" VPOS="1337" WIDTH="35"/>
						<String ID="P60_ST00875" HPOS="2906" VPOS="1282" WIDTH="80" HEIGHT="43" CONTENT="and" WC="0.95" CC="760"/>
					</TextLine>
					<TextLine ID="P60_TL00152" HPOS="2070" VPOS="1342" WIDTH="917" HEIGHT="50">
						<String ID="P60_ST00876" HPOS="2070" VPOS="1359" WIDTH="70" HEIGHT="33" CONTENT="not" WC="0.97" CC="720"/>
						<SP ID="P60_SP00739" HPOS="2140" VPOS="1392" WIDTH="31"/>
						<String ID="P60_ST00877" HPOS="2171" VPOS="1347" WIDTH="97" HEIGHT="45" CONTENT="until" WC="0.97" CC="60544"/>
						<SP ID="P60_SP00740" HPOS="2268" VPOS="1392" WIDTH="31"/>
						<String ID="P60_ST00878" HPOS="2299" VPOS="1364" WIDTH="78" HEIGHT="26" CONTENT="one" WC="0.94" CC="753"/>
						<SP ID="P60_SP00741" HPOS="2377" VPOS="1392" WIDTH="45"/>
						<String ID="P60_ST00879" HPOS="2422" VPOS="1346" WIDTH="115" HEIGHT="44" CONTENT="reads" WC="0.99" CC="50001"/>
						<SP ID="P60_SP00742" HPOS="2537" VPOS="1392" WIDTH="31"/>
						<String ID="P60_ST00880" HPOS="2568" VPOS="1344" WIDTH="76" HEIGHT="44" CONTENT="this" WC="0.98" CC="2072"/>
						<SP ID="P60_SP00743" HPOS="2644" VPOS="1392" WIDTH="49"/>
						<String ID="P60_ST00881" HPOS="2693" VPOS="1353" WIDTH="10" HEIGHT="15" CONTENT="4" STYLE="superscript" WC="0.26" CC="7"/>
						<SP ID="P60_SP00744" HPOS="2703" VPOS="1392" WIDTH="23"/>
						<String ID="P60_ST00882" HPOS="2726" VPOS="1344" WIDTH="92" HEIGHT="44" CONTENT="Life" WC="0.98" CC="0440"/>
						<SP ID="P60_SP00745" HPOS="2818" VPOS="1392" WIDTH="22"/>
						<String ID="P60_ST00883" HPOS="2840" VPOS="1342" WIDTH="11" HEIGHT="14" CONTENT="'" WC="0.58" CC="4"/>
						<SP ID="P60_SP00746" HPOS="2851" VPOS="1392" WIDTH="37"/>
						<String ID="P60_ST00884" HPOS="2888" VPOS="1343" WIDTH="99" HEIGHT="43" CONTENT="does" WC="1.00" CC="0000"/>
					</TextLine>
					<TextLine ID="P60_TL00153" HPOS="2071" VPOS="1404" WIDTH="916" HEIGHT="60">
						<String ID="P60_ST00885" HPOS="2071" VPOS="1428" WIDTH="77" HEIGHT="24" CONTENT="one" WC="0.96" CC="560"/>
						<SP ID="P60_SP00747" HPOS="2148" VPOS="1452" WIDTH="31"/>
						<String ID="P60_ST00886" HPOS="2179" VPOS="1410" WIDTH="109" HEIGHT="54" CONTENT="quite" WC="0.98" CC="04731"/>
						<SP ID="P60_SP00748" HPOS="2288" VPOS="1464" WIDTH="21"/>
						<String ID="P60_ST00887" HPOS="2309" VPOS="1408" WIDTH="141" HEIGHT="43" CONTENT="realize" WC="0.99" CC="5002500"/>
						<SP ID="P60_SP00749" HPOS="2450" VPOS="1464" WIDTH="22"/>
						<String ID="P60_ST00888" HPOS="2472" VPOS="1406" WIDTH="94" HEIGHT="43" CONTENT="how" WC="0.97" CC="700"/>
						<SP ID="P60_SP00750" HPOS="2566" VPOS="1464" WIDTH="33"/>
						<String ID="P60_ST00889" HPOS="2599" VPOS="1407" WIDTH="28" HEIGHT="41" CONTENT="it" WC="0.53" CC="53"/>
						<SP ID="P60_SP00751" HPOS="2627" VPOS="1464" WIDTH="21"/>
						<String ID="P60_ST00890" HPOS="2648" VPOS="1423" WIDTH="84" HEIGHT="25" CONTENT="was" WC="0.94" CC="870"/>
						<SP ID="P60_SP00752" HPOS="2732" VPOS="1464" WIDTH="23"/>
						<String ID="P60_ST00891" HPOS="2755" VPOS="1404" WIDTH="84" HEIGHT="44" CONTENT="that" WC="0.97" CC="5701"/>
						<SP ID="P60_SP00753" HPOS="2839" VPOS="1464" WIDTH="21"/>
						<String ID="P60_ST00892" HPOS="2860" VPOS="1415" WIDTH="127" HEIGHT="35" CONTENT="actors" WC="0.97" CC="956541"/>
					</TextLine>
					<TextLine ID="P60_TL00154" HPOS="2071" VPOS="1463" WIDTH="915" HEIGHT="58">
						<String ID="P60_ST00893" HPOS="2071" VPOS="1488" WIDTH="106" HEIGHT="26" CONTENT="were" WC="1.00" CC="0001"/>
						<SP ID="P60_SP00754" HPOS="2177" VPOS="1514" WIDTH="31"/>
						<String ID="P60_ST00894" HPOS="2208" VPOS="1468" WIDTH="113" HEIGHT="45" CONTENT="listed" WC="0.99" CC="360000"/>
						<SP ID="P60_SP00755" HPOS="2321" VPOS="1514" WIDTH="21"/>
						<String ID="P60_ST00895" HPOS="2342" VPOS="1486" WIDTH="43" HEIGHT="26" CONTENT="as" WC="1.00" CC="00"/>
						<SP ID="P60_SP00756" HPOS="2385" VPOS="1514" WIDTH="23"/>
						<String ID="P60_ST00896" HPOS="2408" VPOS="1476" WIDTH="25" HEIGHT="16" CONTENT="44" STYLE="superscript" WC="0.33" CC="66"/>
						<SP ID="P60_SP00757" HPOS="2433" VPOS="1514" WIDTH="17"/>
						<String ID="P60_ST00897" HPOS="2450" VPOS="1484" WIDTH="137" HEIGHT="37" CONTENT="rogues" WC="0.99" CC="660000"/>
						<SP ID="P60_SP00758" HPOS="2587" VPOS="1521" WIDTH="21"/>
						<String ID="P60_ST00898" HPOS="2608" VPOS="1468" WIDTH="80" HEIGHT="42" CONTENT="and" WC="0.98" CC="060"/>
						<SP ID="P60_SP00759" HPOS="2688" VPOS="1521" WIDTH="23"/>
						<String ID="P60_ST00899" HPOS="2711" VPOS="1463" WIDTH="275" HEIGHT="57" CONTENT='vagabonds."' WC="0.99" CC="00006340046"/>
					</TextLine>
					<TextLine ID="P60_TL00155" HPOS="2072" VPOS="1525" WIDTH="915" HEIGHT="57">
						<String ID="P60_ST00900" HPOS="2072" VPOS="1531" WIDTH="71" HEIGHT="44" CONTENT="He" WC="1.00" CC="00"/>
						<SP ID="P60_SP00760" HPOS="2143" VPOS="1575" WIDTH="31"/>
						<String ID="P60_ST00901" HPOS="2174" VPOS="1529" WIDTH="82" HEIGHT="45" CONTENT="had" WC="0.97" CC="700"/>
						<SP ID="P60_SP00761" HPOS="2256" VPOS="1575" WIDTH="30"/>
						<String ID="P60_ST00902" HPOS="2286" VPOS="1548" WIDTH="25" HEIGHT="25" CONTENT="a" WC="0.77" CC="2"/>
						<SP ID="P60_SP00762" HPOS="2311" VPOS="1575" WIDTH="31"/>
						<String ID="P60_ST00903" HPOS="2342" VPOS="1527" WIDTH="153" HEIGHT="45" CONTENT="natural" WC="0.99" CC="7091100"/>
						<SP ID="P60_SP00763" HPOS="2495" VPOS="1575" WIDTH="31"/>
						<String ID="P60_ST00904" HPOS="2526" VPOS="1526" WIDTH="155" HEIGHT="56" CONTENT="sparkle" WC="0.99" CC="5000081"/>
						<SP ID="P60_SP00764" HPOS="2681" VPOS="1582" WIDTH="33"/>
						<String ID="P60_ST00905" HPOS="2714" VPOS="1526" WIDTH="60" HEIGHT="43" CONTENT="for" WC="0.96" CC="054"/>
						<SP ID="P60_SP00765" HPOS="2774" VPOS="1582" WIDTH="20"/>
						<String ID="P60_ST00906" HPOS="2794" VPOS="1525" WIDTH="100" HEIGHT="44" CONTENT="theft" WC="0.97" CC="57060"/>
						<SP ID="P60_SP00766" HPOS="2894" VPOS="1582" WIDTH="22"/>
						<String ID="P60_ST00907" HPOS="2916" VPOS="1525" WIDTH="71" HEIGHT="43" CONTENT="but" WC="0.92" CC="759"/>
					</TextLine>
					<TextLine ID="P60_TL00156" HPOS="2071" VPOS="1590" WIDTH="566" HEIGHT="54">
						<String ID="P60_ST00908" HPOS="2071" VPOS="1592" WIDTH="83" HEIGHT="44" CONTENT="also" WC="0.97" CC="6341"/>
						<SP ID="P60_SP00767" HPOS="2154" VPOS="1636" WIDTH="46"/>
						<String ID="P60_ST00909" HPOS="2200" VPOS="1610" WIDTH="24" HEIGHT="25" CONTENT="a" WC="1.00" CC="0"/>
						<SP ID="P60_SP00768" HPOS="2224" VPOS="1636" WIDTH="31"/>
						<String ID="P60_ST00910" HPOS="2255" VPOS="1590" WIDTH="200" HEIGHT="54" CONTENT="tendency" WC="1.00" CC="30600000"/>
						<SP ID="P60_SP00769" HPOS="2455" VPOS="1644" WIDTH="31"/>
						<String ID="P60_ST00911" HPOS="2486" VPOS="1600" WIDTH="42" HEIGHT="32" CONTENT="to" WC="0.98" CC="00"/>
						<SP ID="P60_SP00770" HPOS="2528" VPOS="1644" WIDTH="31"/>
						<String ID="P60_ST00912" HPOS="2559" VPOS="1599" WIDTH="78" HEIGHT="32" CONTENT="act." WC="0.97" CC="6054"/>
					</TextLine>
					<TextLine ID="P60_TL00157" HPOS="2166" VPOS="1648" WIDTH="822" HEIGHT="56">
						<String ID="P60_ST00913" HPOS="2166" VPOS="1651" WIDTH="112" HEIGHT="44" CONTENT="Must" WC="0.97" CC="4406"/>
						<SP ID="P60_SP00771" HPOS="2278" VPOS="1695" WIDTH="31"/>
						<String ID="P60_ST00914" HPOS="2309" VPOS="1668" WIDTH="64" HEIGHT="27" CONTENT="we" WC="1.00" CC="00"/>
						<SP ID="P60_SP00772" HPOS="2373" VPOS="1695" WIDTH="32"/>
						<String ID="P60_ST00915" HPOS="2405" VPOS="1651" WIDTH="105" HEIGHT="53" CONTENT="hang" WC="0.99" CC="6000"/>
						<SP ID="P60_SP00773" HPOS="2510" VPOS="1704" WIDTH="43"/>
						<String ID="P60_ST00916" HPOS="2553" VPOS="1648" WIDTH="67" HEIGHT="44" CONTENT="the" WC="0.97" CC="800"/>
						<SP ID="P60_SP00774" HPOS="2620" VPOS="1704" WIDTH="32"/>
						<String ID="P60_ST00917" HPOS="2652" VPOS="1658" WIDTH="106" HEIGHT="45" CONTENT="great" WC="0.98" CC="08603"/>
						<SP ID="P60_SP00775" HPOS="2758" VPOS="1704" WIDTH="47"/>
						<String ID="P60_ST00918" HPOS="2805" VPOS="1658" WIDTH="108" HEIGHT="33" CONTENT="actor" WC="0.97" CC="00963"/>
						<SP ID="P60_SP00776" HPOS="2913" VPOS="1704" WIDTH="32"/>
						<String ID="P60_ST00919" HPOS="2945" VPOS="1663" WIDTH="43" HEIGHT="26" CONTENT="or" WC="0.73" CC="50"/>
					</TextLine>
					<TextLine ID="P60_TL00158" HPOS="2072" VPOS="1709" WIDTH="556" HEIGHT="61">
						<String ID="P60_ST00920" HPOS="2072" VPOS="1713" WIDTH="155" HEIGHT="57" CONTENT="pardon" WC="0.99" CC="039010"/>
						<SP ID="P60_SP00777" HPOS="2227" VPOS="1770" WIDTH="32"/>
						<String ID="P60_ST00921" HPOS="2259" VPOS="1712" WIDTH="67" HEIGHT="44" CONTENT="the" WC="0.99" CC="003"/>
						<SP ID="P60_SP00778" HPOS="2326" VPOS="1770" WIDTH="31"/>
						<String ID="P60_ST00922" HPOS="2357" VPOS="1721" WIDTH="106" HEIGHT="46" CONTENT="great" WC="0.98" CC="72006"/>
						<SP ID="P60_SP00779" HPOS="2463" VPOS="1770" WIDTH="32"/>
						<String ID="P60_ST00923" HPOS="2495" VPOS="1709" WIDTH="99" HEIGHT="43" CONTENT="thief" WC="0.98" CC="00806"/>
						<SP ID="P60_SP00780" HPOS="2594" VPOS="1770" WIDTH="15"/>
						<String ID="P60_ST00924" HPOS="2609" VPOS="1714" WIDTH="19" HEIGHT="38" CONTENT="?" WC="0.36" CC="6"/>
					</TextLine>
					<TextLine ID="P60_TL00159" HPOS="2163" VPOS="1766" WIDTH="826" HEIGHT="59">
						<String ID="P60_ST00925" HPOS="2163" VPOS="1774" WIDTH="111" HEIGHT="44" CONTENT="That" WC="0.98" CC="0080"/>
						<SP ID="P60_SP00781" HPOS="2274" VPOS="1818" WIDTH="33"/>
						<String ID="P60_ST00926" HPOS="2307" VPOS="1773" WIDTH="51" HEIGHT="43" CONTENT="he" WC="0.64" CC="70"/>
						<SP ID="P60_SP00782" HPOS="2358" VPOS="1818" WIDTH="48"/>
						<String ID="P60_ST00927" HPOS="2406" VPOS="1769" WIDTH="172" HEIGHT="56" CONTENT="escaped" WC="1.00" CC="0000000"/>
						<SP ID="P60_SP00783" HPOS="2578" VPOS="1825" WIDTH="33"/>
						<String ID="P60_ST00928" HPOS="2611" VPOS="1769" WIDTH="67" HEIGHT="44" CONTENT="the" WC="0.95" CC="770"/>
						<SP ID="P60_SP00784" HPOS="2678" VPOS="1825" WIDTH="45"/>
						<String ID="P60_ST00929" HPOS="2723" VPOS="1768" WIDTH="146" HEIGHT="55" CONTENT="galleys" WC="1.00" CC="0070000"/>
						<SP ID="P60_SP00785" HPOS="2869" VPOS="1825" WIDTH="39"/>
						<String ID="P60_ST00930" HPOS="2908" VPOS="1766" WIDTH="81" HEIGHT="45" CONTENT="and" WC="1.00" CC="000"/>
					</TextLine>
					<TextLine ID="P60_TL00160" HPOS="2073" VPOS="1829" WIDTH="789" HEIGHT="61">
						<String ID="P60_ST00931" HPOS="2073" VPOS="1834" WIDTH="163" HEIGHT="56" CONTENT="gallows" WC="1.00" CC="0040300"/>
						<SP ID="P60_SP00786" HPOS="2236" VPOS="1890" WIDTH="30"/>
						<String ID="P60_ST00932" HPOS="2266" VPOS="1836" WIDTH="32" HEIGHT="41" CONTENT="is" WC="0.26" CC="76"/>
						<SP ID="P60_SP00787" HPOS="2298" VPOS="1890" WIDTH="31"/>
						<String ID="P60_ST00933" HPOS="2329" VPOS="1844" WIDTH="70" HEIGHT="32" CONTENT="not" WC="0.95" CC="760"/>
						<SP ID="P60_SP00788" HPOS="2399" VPOS="1890" WIDTH="33"/>
						<String ID="P60_ST00934" HPOS="2432" VPOS="1851" WIDTH="25" HEIGHT="24" CONTENT="a" WC="1.00" CC="0"/>
						<SP ID="P60_SP00789" HPOS="2457" VPOS="1890" WIDTH="29"/>
						<String ID="P60_ST00935" HPOS="2486" VPOS="1830" WIDTH="96" HEIGHT="44" CONTENT="little" WC="0.98" CC="466000"/>
						<SP ID="P60_SP00790" HPOS="2582" VPOS="1890" WIDTH="33"/>
						<String ID="P60_ST00936" HPOS="2615" VPOS="1829" WIDTH="247" HEIGHT="45" CONTENT="miraculous." WC="0.99" CC="07500050304"/>
					</TextLine>
					<TextLine ID="P60_TL00161" HPOS="2165" VPOS="1888" WIDTH="824" HEIGHT="51">
						<String ID="P60_ST00937" HPOS="2165" VPOS="1895" WIDTH="71" HEIGHT="44" CONTENT="He" WC="0.94" CC="01"/>
						<SP ID="P60_SP00791" HPOS="2236" VPOS="1939" WIDTH="61"/>
						<String ID="P60_ST00938" HPOS="2297" VPOS="1909" WIDTH="102" HEIGHT="28" CONTENT="once" WC="0.98" CC="2520"/>
						<SP ID="P60_SP00792" HPOS="2399" VPOS="1939" WIDTH="60"/>
						<String ID="P60_ST00939" HPOS="2459" VPOS="1891" WIDTH="156" HEIGHT="44" CONTENT="robbed" WC="0.98" CC="146700"/>
						<SP ID="P60_SP00793" HPOS="2615" VPOS="1939" WIDTH="54"/>
						<String ID="P60_ST00940" HPOS="2669" VPOS="1890" WIDTH="66" HEIGHT="44" CONTENT="the" WC="0.92" CC="973"/>
						<SP ID="P60_SP00794" HPOS="2735" VPOS="1939" WIDTH="59"/>
						<String ID="P60_ST00941" HPOS="2794" VPOS="1890" WIDTH="93" HEIGHT="43" CONTENT="Due" WC="0.96" CC="082"/>
						<SP ID="P60_SP00795" HPOS="2887" VPOS="1939" WIDTH="52"/>
						<String ID="P60_ST00942" HPOS="2939" VPOS="1888" WIDTH="50" HEIGHT="43" CONTENT="de" WC="1.00" CC="00"/>
					</TextLine>
					<TextLine ID="P60_TL00162" HPOS="2074" VPOS="1949" WIDTH="916" HEIGHT="59">
						<String ID="P60_ST00943" HPOS="2074" VPOS="1957" WIDTH="158" HEIGHT="43" CONTENT="Satrain" WC="0.84" CC="0600004"/>
						<SP ID="P60_SP00796" HPOS="2232" VPOS="2000" WIDTH="52"/>
						<String ID="P60_ST00944" HPOS="2284" VPOS="1954" WIDTH="99" HEIGHT="43" CONTENT="after" WC="0.98" CC="18002"/>
						<SP ID="P60_SP00797" HPOS="2383" VPOS="2000" WIDTH="51"/>
						<String ID="P60_ST00945" HPOS="2434" VPOS="1971" WIDTH="23" HEIGHT="26" CONTENT="a" WC="0.71" CC="2"/>
						<SP ID="P60_SP00798" HPOS="2457" VPOS="2000" WIDTH="54"/>
						<String ID="P60_ST00946" HPOS="2511" VPOS="1952" WIDTH="273" HEIGHT="56" CONTENT="performance" WC="0.99" CC="00465430530"/>
						<SP ID="P60_SP00799" HPOS="2784" VPOS="2008" WIDTH="51"/>
						<String ID="P60_ST00947" HPOS="2835" VPOS="1952" WIDTH="41" HEIGHT="41" CONTENT="in" WC="0.34" CC="67"/>
						<SP ID="P60_SP00800" HPOS="2876" VPOS="2008" WIDTH="55"/>
						<String ID="P60_ST00948" HPOS="2931" VPOS="1949" WIDTH="59" HEIGHT="43" CONTENT="his" WC="0.95" CC="750"/>
					</TextLine>
					<TextLine ID="P60_TL00163" HPOS="2075" VPOS="2010" WIDTH="917" HEIGHT="60">
						<String ID="P60_ST00949" HPOS="2075" VPOS="2017" WIDTH="161" HEIGHT="50" CONTENT="Palace," WC="0.99" CC="3010430"/>
						<SP ID="P60_SP00801" HPOS="2236" VPOS="2067" WIDTH="24"/>
						<String ID="P60_ST00950" HPOS="2260" VPOS="2015" WIDTH="132" HEIGHT="55" CONTENT="taking" WC="0.98" CC="070450"/>
						<SP ID="P60_SP00802" HPOS="2392" VPOS="2070" WIDTH="33"/>
						<String ID="P60_ST00951" HPOS="2425" VPOS="2025" WIDTH="83" HEIGHT="32" CONTENT="two" WC="0.96" CC="603"/>
						<SP ID="P60_SP00803" HPOS="2508" VPOS="2070" WIDTH="20"/>
						<String ID="P60_ST00952" HPOS="2528" VPOS="2013" WIDTH="44" HEIGHT="43" CONTENT="of" WC="0.47" CC="36"/>
						<SP ID="P60_SP00804" HPOS="2572" VPOS="2070" WIDTH="31"/>
						<String ID="P60_ST00953" HPOS="2603" VPOS="2013" WIDTH="68" HEIGHT="44" CONTENT="the" WC="0.94" CC="970"/>
						<SP ID="P60_SP00805" HPOS="2671" VPOS="2070" WIDTH="20"/>
						<String ID="P60_ST00954" HPOS="2691" VPOS="2011" WIDTH="115" HEIGHT="44" CONTENT="silver" WC="0.98" CC="165009"/>
						<SP ID="P60_SP00806" HPOS="2806" VPOS="2070" WIDTH="30"/>
						<String ID="P60_ST00955" HPOS="2836" VPOS="2010" WIDTH="156" HEIGHT="45" CONTENT="torches" WC="0.99" CC="0613700"/>
					</TextLine>
					<TextLine ID="P60_TL00164" HPOS="2074" VPOS="2072" WIDTH="916" HEIGHT="61">
						<String ID="P60_ST00956" HPOS="2074" VPOS="2091" WIDTH="43" HEIGHT="30" CONTENT="to" WC="0.60" CC="70"/>
						<SP ID="P60_SP00807" HPOS="2117" VPOS="2121" WIDTH="30"/>
						<String ID="P60_ST00957" HPOS="2147" VPOS="2078" WIDTH="96" HEIGHT="55" CONTENT="light" WC="0.98" CC="55060"/>
						<SP ID="P60_SP00808" HPOS="2243" VPOS="2133" WIDTH="31"/>
						<String ID="P60_ST00958" HPOS="2274" VPOS="2075" WIDTH="155" HEIGHT="46" CONTENT="himself" WC="0.98" CC="6700086"/>
						<SP ID="P60_SP00809" HPOS="2429" VPOS="2133" WIDTH="30"/>
						<String ID="P60_ST00959" HPOS="2459" VPOS="2075" WIDTH="120" HEIGHT="43" CONTENT="home" WC="0.97" CC="6080"/>
						<SP ID="P60_SP00810" HPOS="2579" VPOS="2133" WIDTH="31"/>
						<String ID="P60_ST00960" HPOS="2610" VPOS="2073" WIDTH="80" HEIGHT="43" CONTENT="and" WC="0.95" CC="660"/>
						<SP ID="P60_SP00811" HPOS="2690" VPOS="2133" WIDTH="32"/>
						<String ID="P60_ST00961" HPOS="2722" VPOS="2072" WIDTH="206" HEIGHT="55" CONTENT="forgetting" WC="0.98" CC="4697005669"/>
						<SP ID="P60_SP00812" HPOS="2928" VPOS="2133" WIDTH="21"/>
						<String ID="P60_ST00962" HPOS="2949" VPOS="2082" WIDTH="41" HEIGHT="31" CONTENT="to" WC="0.61" CC="25"/>
					</TextLine>
					<TextLine ID="P60_TL00165" HPOS="2076" VPOS="2132" WIDTH="914" HEIGHT="55">
						<String ID="P60_ST00963" HPOS="2076" VPOS="2150" WIDTH="131" HEIGHT="33" CONTENT="return" WC="0.98" CC="700027"/>
						<SP ID="P60_SP00813" HPOS="2207" VPOS="2183" WIDTH="32"/>
						<String ID="P60_ST00964" HPOS="2239" VPOS="2137" WIDTH="125" HEIGHT="45" CONTENT="them." WC="0.99" CC="50004"/>
						<SP ID="P60_SP00814" HPOS="2364" VPOS="2183" WIDTH="66"/>
						<String ID="P60_ST00965" HPOS="2430" VPOS="2134" WIDTH="159" HEIGHT="46" CONTENT="Instead" WC="0.98" CC="4036510"/>
						<SP ID="P60_SP00815" HPOS="2589" VPOS="2183" WIDTH="32"/>
						<String ID="P60_ST00966" HPOS="2621" VPOS="2133" WIDTH="43" HEIGHT="45" CONTENT="of" WC="0.57" CC="16"/>
						<SP ID="P60_SP00816" HPOS="2664" VPOS="2183" WIDTH="30"/>
						<String ID="P60_ST00967" HPOS="2694" VPOS="2134" WIDTH="184" HEIGHT="53" CONTENT="arresting" WC="0.98" CC="042061849"/>
						<SP ID="P60_SP00817" HPOS="2878" VPOS="2187" WIDTH="31"/>
						<String ID="P60_ST00968" HPOS="2909" VPOS="2132" WIDTH="81" HEIGHT="43" CONTENT="him" WC="0.97" CC="070"/>
					</TextLine>
					<TextLine ID="P60_TL00166" HPOS="2075" VPOS="2192" WIDTH="915" HEIGHT="58">
						<String ID="P60_ST00969" HPOS="2075" VPOS="2201" WIDTH="67" HEIGHT="43" CONTENT="the" WC="0.94" CC="905"/>
						<SP ID="P60_SP00818" HPOS="2142" VPOS="2244" WIDTH="31"/>
						<String ID="P60_ST00970" HPOS="2173" VPOS="2199" WIDTH="122" HEIGHT="45" CONTENT="Duke" WC="1.00" CC="0200"/>
						<SP ID="P60_SP00819" HPOS="2295" VPOS="2244" WIDTH="32"/>
						<String ID="P60_ST00971" HPOS="2327" VPOS="2196" WIDTH="134" HEIGHT="46" CONTENT="makes" WC="1.00" CC="00000"/>
						<SP ID="P60_SP00820" HPOS="2461" VPOS="2244" WIDTH="31"/>
						<String ID="P60_ST00972" HPOS="2492" VPOS="2196" WIDTH="80" HEIGHT="43" CONTENT="him" WC="0.98" CC="040"/>
						<SP ID="P60_SP00821" HPOS="2572" VPOS="2244" WIDTH="47"/>
						<String ID="P60_ST00973" HPOS="2619" VPOS="2213" WIDTH="23" HEIGHT="25" CONTENT="a" WC="1.00" CC="0"/>
						<SP ID="P60_SP00822" HPOS="2642" VPOS="2244" WIDTH="32"/>
						<String ID="P60_ST00974" HPOS="2674" VPOS="2204" WIDTH="156" HEIGHT="46" CONTENT="present" WC="0.99" CC="0200060"/>
						<SP ID="P60_SP00823" HPOS="2830" VPOS="2250" WIDTH="20"/>
						<String ID="P60_ST00975" HPOS="2850" VPOS="2192" WIDTH="44" HEIGHT="45" CONTENT="of" WC="0.64" CC="07"/>
						<SP ID="P60_SP00824" HPOS="2894" VPOS="2250" WIDTH="31"/>
						<String ID="P60_ST00976" HPOS="2925" VPOS="2192" WIDTH="65" HEIGHT="44" CONTENT="the" WC="0.99" CC="001"/>
					</TextLine>
					<TextLine ID="P60_TL00167" HPOS="2076" VPOS="2253" WIDTH="915" HEIGHT="52">
						<String ID="P60_ST00977" HPOS="2076" VPOS="2261" WIDTH="155" HEIGHT="44" CONTENT="torches" WC="0.98" CC="8644000"/>
						<SP ID="P60_SP00825" HPOS="2231" VPOS="2305" WIDTH="29"/>
						<String ID="P60_ST00978" HPOS="2260" VPOS="2260" WIDTH="81" HEIGHT="45" CONTENT="and" WC="0.98" CC="060"/>
						<SP ID="P60_SP00826" HPOS="2341" VPOS="2305" WIDTH="32"/>
						<String ID="P60_ST00979" HPOS="2373" VPOS="2260" WIDTH="32" HEIGHT="42" CONTENT="is" WC="0.76" CC="40"/>
						<SP ID="P60_SP00827" HPOS="2405" VPOS="2305" WIDTH="31"/>
						<String ID="P60_ST00980" HPOS="2436" VPOS="2274" WIDTH="108" HEIGHT="28" CONTENT="more" WC="0.99" CC="0200"/>
						<SP ID="P60_SP00828" HPOS="2544" VPOS="2305" WIDTH="22"/>
						<String ID="P60_ST00981" HPOS="2566" VPOS="2255" WIDTH="147" HEIGHT="44" CONTENT="careful" WC="0.98" CC="1220726"/>
						<SP ID="P60_SP00829" HPOS="2713" VPOS="2305" WIDTH="23"/>
						<String ID="P60_ST00982" HPOS="2736" VPOS="2255" WIDTH="43" HEIGHT="44" CONTENT="of" WC="0.49" CC="27"/>
						<SP ID="P60_SP00830" HPOS="2779" VPOS="2305" WIDTH="21"/>
						<String ID="P60_ST00983" HPOS="2800" VPOS="2254" WIDTH="59" HEIGHT="44" CONTENT="his" WC="0.96" CC="712"/>
						<SP ID="P60_SP00831" HPOS="2859" VPOS="2305" WIDTH="20"/>
						<String ID="P60_ST00984" HPOS="2879" VPOS="2253" WIDTH="112" HEIGHT="44" CONTENT="silver" WC="0.98" CC="440053"/>
					</TextLine>
					<TextLine ID="P60_TL00168" HPOS="2075" VPOS="2322" WIDTH="215" HEIGHT="45">
						<String ID="P60_ST00985" HPOS="2075" VPOS="2325" WIDTH="41" HEIGHT="42" CONTENT="in" WC="0.44" CC="47"/>
						<SP ID="P60_SP00832" HPOS="2116" VPOS="2367" WIDTH="30"/>
						<String ID="P60_ST00986" HPOS="2146" VPOS="2322" WIDTH="144" HEIGHT="44" CONTENT="future." WC="0.99" CC="1630304"/>
					</TextLine>
					<TextLine ID="P60_TL00169" HPOS="2166" VPOS="2375" WIDTH="826" HEIGHT="62">
						<String ID="P60_ST00987" HPOS="2166" VPOS="2384" WIDTH="47" HEIGHT="43" CONTENT="A" WC="1.00" CC="0"/>
						<SP ID="P60_SP00833" HPOS="2213" VPOS="2427" WIDTH="32"/>
						<String ID="P60_ST00988" HPOS="2245" VPOS="2399" WIDTH="97" HEIGHT="38" CONTENT="very" WC="0.99" CC="0200"/>
						<SP ID="P60_SP00834" HPOS="2342" VPOS="2437" WIDTH="19"/>
						<String ID="P60_ST00989" HPOS="2361" VPOS="2378" WIDTH="192" HEIGHT="46" CONTENT="excellent" WC="0.99" CC="090021090"/>
						<SP ID="P60_SP00835" HPOS="2553" VPOS="2437" WIDTH="32"/>
						<String ID="P60_ST00990" HPOS="2585" VPOS="2377" WIDTH="81" HEIGHT="45" CONTENT="and" WC="0.98" CC="050"/>
						<SP ID="P60_SP00836" HPOS="2666" VPOS="2437" WIDTH="22"/>
						<String ID="P60_ST00991" HPOS="2688" VPOS="2388" WIDTH="113" HEIGHT="32" CONTENT="exact" WC="0.98" CC="07106"/>
						<SP ID="P60_SP00837" HPOS="2801" VPOS="2437" WIDTH="31"/>
						<String ID="P60_ST00992" HPOS="2832" VPOS="2375" WIDTH="160" HEIGHT="57" CONTENT="preface" WC="1.00" CC="0106000"/>
					</TextLine>
					<TextLine ID="P60_TL00170" HPOS="2077" VPOS="2437" WIDTH="916" HEIGHT="51">
						<String ID="P60_ST00993" HPOS="2077" VPOS="2444" WIDTH="84" HEIGHT="44" CONTENT="tells" WC="0.97" CC="70236"/>
						<SP ID="P60_SP00838" HPOS="2161" VPOS="2488" WIDTH="31"/>
						<String ID="P60_ST00994" HPOS="2192" VPOS="2462" WIDTH="45" HEIGHT="25" CONTENT="us" WC="0.70" CC="50"/>
						<SP ID="P60_SP00839" HPOS="2237" VPOS="2488" WIDTH="30"/>
						<String ID="P60_ST00995" HPOS="2267" VPOS="2442" WIDTH="51" HEIGHT="44" CONTENT="all" WC="0.96" CC="046"/>
						<SP ID="P60_SP00840" HPOS="2318" VPOS="2488" WIDTH="32"/>
						<String ID="P60_ST00996" HPOS="2350" VPOS="2441" WIDTH="85" HEIGHT="44" CONTENT="that" WC="0.98" CC="5010"/>
						<SP ID="P60_SP00841" HPOS="2435" VPOS="2488" WIDTH="31"/>
						<String ID="P60_ST00997" HPOS="2466" VPOS="2441" WIDTH="31" HEIGHT="42" CONTENT="is" WC="0.67" CC="60"/>
						<SP ID="P60_SP00842" HPOS="2497" VPOS="2488" WIDTH="31"/>
						<String ID="P60_ST00998" HPOS="2528" VPOS="2451" WIDTH="42" HEIGHT="32" CONTENT="to" WC="1.00" CC="00"/>
						<SP ID="P60_SP00843" HPOS="2570" VPOS="2488" WIDTH="31"/>
						<String ID="P60_ST00999" HPOS="2601" VPOS="2439" WIDTH="52" HEIGHT="44" CONTENT="be" WC="0.57" CC="71"/>
						<SP ID="P60_SP00844" HPOS="2653" VPOS="2488" WIDTH="37"/>
						<String ID="P60_ST01000" HPOS="2690" VPOS="2437" WIDTH="149" HEIGHT="44" CONTENT="known" WC="0.98" CC="06307"/>
						<SP ID="P60_SP00845" HPOS="2839" VPOS="2488" WIDTH="30"/>
						<String ID="P60_ST01001" HPOS="2869" VPOS="2437" WIDTH="124" HEIGHT="44" CONTENT="about" WC="0.97" CC="70652"/>
					</TextLine>
					<TextLine ID="P60_TL00171" HPOS="2077" VPOS="2498" WIDTH="916" HEIGHT="52">
						<String ID="P60_ST01002" HPOS="2077" VPOS="2505" WIDTH="147" HEIGHT="45" CONTENT="Fiorilli" WC="0.74" CC="07305005"/>
						<SP ID="P60_SP00846" HPOS="2224" VPOS="2550" WIDTH="31"/>
						<String ID="P60_ST01003" HPOS="2255" VPOS="2505" WIDTH="80" HEIGHT="43" CONTENT="and" WC="1.00" CC="000"/>
						<SP ID="P60_SP00847" HPOS="2335" VPOS="2550" WIDTH="31"/>
						<String ID="P60_ST01004" HPOS="2366" VPOS="2502" WIDTH="124" HEIGHT="44" CONTENT="about" WC="1.00" CC="00040"/>
						<SP ID="P60_SP00848" HPOS="2490" VPOS="2550" WIDTH="32"/>
						<String ID="P60_ST01005" HPOS="2522" VPOS="2500" WIDTH="69" HEIGHT="44" CONTENT="the" WC="0.95" CC="570"/>
						<SP ID="P60_SP00849" HPOS="2591" VPOS="2550" WIDTH="30"/>
						<String ID="P60_ST01006" HPOS="2621" VPOS="2498" WIDTH="154" HEIGHT="48" CONTENT="author," WC="0.99" CC="0470404"/>
						<SP ID="P60_SP00850" HPOS="2775" VPOS="2550" WIDTH="19"/>
						<String ID="P60_ST01007" HPOS="2794" VPOS="2499" WIDTH="175" HEIGHT="43" CONTENT="Constan" SUBS_TYPE="HypPart1" SUBS_CONTENT="Constantini," WC="0.62" CC="0530735"/>
						<HYP HPOS="2969" VPOS="2499" WIDTH="24" CONTENT="-"/>
					</TextLine>
					<TextLine ID="P60_TL00172" HPOS="2078" VPOS="2558" WIDTH="914" HEIGHT="58">
						<String ID="P60_ST01008" HPOS="2078" VPOS="2569" WIDTH="83" HEIGHT="47" CONTENT="tini," SUBS_TYPE="HypPart2" SUBS_CONTENT="Constantini," WC="0.55" CC="46460"/>
						<SP ID="P60_SP00851" HPOS="2161" VPOS="2616" WIDTH="33"/>
						<String ID="P60_ST01009" HPOS="2194" VPOS="2565" WIDTH="167" HEIGHT="44" CONTENT="another" WC="0.99" CC="0760032"/>
						<SP ID="P60_SP00852" HPOS="2361" VPOS="2616" WIDTH="33"/>
						<String ID="P60_ST01010" HPOS="2394" VPOS="2574" WIDTH="110" HEIGHT="32" CONTENT="actor" WC="0.98" CC="00066"/>
						<SP ID="P60_SP00853" HPOS="2504" VPOS="2616" WIDTH="31"/>
						<String ID="P60_ST01011" HPOS="2535" VPOS="2561" WIDTH="96" HEIGHT="44" CONTENT="who" WC="0.97" CC="070"/>
						<SP ID="P60_SP00854" HPOS="2631" VPOS="2616" WIDTH="31"/>
						<String ID="P60_ST01012" HPOS="2662" VPOS="2578" WIDTH="84" HEIGHT="25" CONTENT="was" WC="0.94" CC="870"/>
						<SP ID="P60_SP00855" HPOS="2746" VPOS="2616" WIDTH="21"/>
						<String ID="P60_ST01013" HPOS="2767" VPOS="2559" WIDTH="72" HEIGHT="44" CONTENT="less" WC="0.99" CC="5000"/>
						<SP ID="P60_SP00856" HPOS="2839" VPOS="2616" WIDTH="31"/>
						<String ID="P60_ST01014" HPOS="2870" VPOS="2558" WIDTH="102" HEIGHT="43" CONTENT="fortu" SUBS_TYPE="HypPart1" SUBS_CONTENT="fortunate" WC="0.98" CC="70703"/>
						<HYP HPOS="2972" VPOS="2558" WIDTH="20" CONTENT="-"/>
					</TextLine>
					<TextLine ID="P60_TL00173" HPOS="2077" VPOS="2619" WIDTH="917" HEIGHT="55">
						<String ID="P60_ST01015" HPOS="2077" VPOS="2639" WIDTH="93" HEIGHT="33" CONTENT="nate" SUBS_TYPE="HypPart2" SUBS_CONTENT="fortunate" WC="0.99" CC="0500"/>
						<SP ID="P60_SP00857" HPOS="2170" VPOS="2672" WIDTH="31"/>
						<String ID="P60_ST01016" HPOS="2201" VPOS="2627" WIDTH="97" HEIGHT="44" CONTENT="than" WC="0.97" CC="0706"/>
						<SP ID="P60_SP00858" HPOS="2298" VPOS="2672" WIDTH="48"/>
						<String ID="P60_ST01017" HPOS="2346" VPOS="2623" WIDTH="163" HEIGHT="49" CONTENT="Fiorilli," WC="0.75" CC="143605000"/>
						<SP ID="P60_SP00859" HPOS="2509" VPOS="2672" WIDTH="47"/>
						<String ID="P60_ST01018" HPOS="2556" VPOS="2621" WIDTH="61" HEIGHT="44" CONTENT="for" WC="0.95" CC="715"/>
						<SP ID="P60_SP00860" HPOS="2617" VPOS="2672" WIDTH="31"/>
						<String ID="P60_ST01019" HPOS="2648" VPOS="2621" WIDTH="53" HEIGHT="43" CONTENT="he" WC="0.63" CC="70"/>
						<SP ID="P60_SP00861" HPOS="2701" VPOS="2672" WIDTH="46"/>
						<String ID="P60_ST01020" HPOS="2747" VPOS="2619" WIDTH="65" HEIGHT="55" CONTENT="lay" WC="0.98" CC="410"/>
						<SP ID="P60_SP00862" HPOS="2812" VPOS="2674" WIDTH="31"/>
						<String ID="P60_ST01021" HPOS="2843" VPOS="2630" WIDTH="151" HEIGHT="43" CONTENT="twenty" WC="0.98" CC="000890"/>
					</TextLine>
					<TextLine ID="P60_TL00174" HPOS="2077" VPOS="2679" WIDTH="917" HEIGHT="65">
						<String ID="P60_ST01022" HPOS="2077" VPOS="2706" WIDTH="114" HEIGHT="38" CONTENT="years" WC="0.99" CC="00050"/>
						<SP ID="P60_SP00863" HPOS="2191" VPOS="2744" WIDTH="44"/>
						<String ID="P60_ST01023" HPOS="2235" VPOS="2688" WIDTH="40" HEIGHT="42" CONTENT="in" WC="0.62" CC="70"/>
						<SP ID="P60_SP00864" HPOS="2275" VPOS="2744" WIDTH="46"/>
						<String ID="P60_ST01024" HPOS="2321" VPOS="2704" WIDTH="24" HEIGHT="25" CONTENT="a" WC="1.00" CC="0"/>
						<SP ID="P60_SP00865" HPOS="2345" VPOS="2744" WIDTH="49"/>
						<String ID="P60_ST01025" HPOS="2394" VPOS="2685" WIDTH="132" HEIGHT="55" CONTENT="prison" WC="0.99" CC="005350"/>
						<SP ID="P60_SP00866" HPOS="2526" VPOS="2744" WIDTH="46"/>
						<String ID="P60_ST01026" HPOS="2572" VPOS="2685" WIDTH="41" HEIGHT="41" CONTENT="in" WC="0.75" CC="40"/>
						<SP ID="P60_SP00867" HPOS="2613" VPOS="2744" WIDTH="42"/>
						<String ID="P60_ST01027" HPOS="2655" VPOS="2681" WIDTH="68" HEIGHT="44" CONTENT="the" WC="0.97" CC="070"/>
						<SP ID="P60_SP00868" HPOS="2723" VPOS="2744" WIDTH="47"/>
						<String ID="P60_ST01028" HPOS="2770" VPOS="2679" WIDTH="136" HEIGHT="44" CONTENT="Castle" WC="0.98" CC="006950"/>
						<SP ID="P60_SP00869" HPOS="2906" VPOS="2744" WIDTH="45"/>
						<String ID="P60_ST01029" HPOS="2951" VPOS="2679" WIDTH="43" HEIGHT="43" CONTENT="of" WC="0.34" CC="66"/>
					</TextLine>
					<TextLine ID="P60_TL00175" HPOS="2079" VPOS="2749" WIDTH="248" HEIGHT="53">
						<String ID="P60_ST01030" HPOS="2079" VPOS="2749" WIDTH="248" HEIGHT="53" CONTENT="Konigstein." WC="0.57" CC="47678000704"/>
					</TextLine>
					<TextLine ID="P60_TL00176" HPOS="2168" VPOS="2799" WIDTH="826" HEIGHT="62">
						<String ID="P60_ST01031" HPOS="2168" VPOS="2810" WIDTH="96" HEIGHT="43" CONTENT="You" WC="0.99" CC="003"/>
						<SP ID="P60_SP00870" HPOS="2264" VPOS="2853" WIDTH="32"/>
						<String ID="P60_ST01032" HPOS="2296" VPOS="2806" WIDTH="121" HEIGHT="55" CONTENT="might" WC="0.98" CC="05606"/>
						<SP ID="P60_SP00871" HPOS="2417" VPOS="2861" WIDTH="31"/>
						<String ID="P60_ST01033" HPOS="2448" VPOS="2805" WIDTH="91" HEIGHT="45" CONTENT="take" WC="1.00" CC="0000"/>
						<SP ID="P60_SP00872" HPOS="2539" VPOS="2861" WIDTH="31"/>
						<String ID="P60_ST01034" HPOS="2570" VPOS="2803" WIDTH="115" HEIGHT="45" CONTENT="silver" WC="0.98" CC="265034"/>
						<SP ID="P60_SP00873" HPOS="2685" VPOS="2861" WIDTH="21"/>
						<String ID="P60_ST01035" HPOS="2706" VPOS="2799" WIDTH="288" HEIGHT="47" CONTENT="candle-sticks" WC="0.99" CC="0030004694500"/>
					</TextLine>
					<TextLine ID="P60_TL00177" HPOS="2078" VPOS="2863" WIDTH="916" HEIGHT="60">
						<String ID="P60_ST01036" HPOS="2078" VPOS="2873" WIDTH="40" HEIGHT="42" CONTENT="in" WC="0.41" CC="64"/>
						<SP ID="P60_SP00874" HPOS="2118" VPOS="2915" WIDTH="33"/>
						<String ID="P60_ST01037" HPOS="2151" VPOS="2871" WIDTH="112" HEIGHT="43" CONTENT="those" WC="0.99" CC="00331"/>
						<SP ID="P60_SP00875" HPOS="2263" VPOS="2915" WIDTH="32"/>
						<String ID="P60_ST01038" HPOS="2295" VPOS="2869" WIDTH="99" HEIGHT="54" CONTENT="days" WC="0.98" CC="0305"/>
						<SP ID="P60_SP00876" HPOS="2394" VPOS="2923" WIDTH="31"/>
						<String ID="P60_ST01039" HPOS="2425" VPOS="2867" WIDTH="102" HEIGHT="44" CONTENT="from" WC="0.97" CC="6060"/>
						<SP ID="P60_SP00877" HPOS="2527" VPOS="2923" WIDTH="43"/>
						<String ID="P60_ST01040" HPOS="2570" VPOS="2884" WIDTH="24" HEIGHT="25" CONTENT="a" WC="1.00" CC="0"/>
						<SP ID="P60_SP00878" HPOS="2594" VPOS="2923" WIDTH="34"/>
						<String ID="P60_ST01041" HPOS="2628" VPOS="2864" WIDTH="134" HEIGHT="50" CONTENT="Duke," WC="0.99" CC="30004"/>
						<SP ID="P60_SP00879" HPOS="2762" VPOS="2923" WIDTH="50"/>
						<String ID="P60_ST01042" HPOS="2812" VPOS="2863" WIDTH="71" HEIGHT="43" CONTENT="but" WC="0.95" CC="706"/>
						<SP ID="P60_SP00880" HPOS="2883" VPOS="2923" WIDTH="31"/>
						<String ID="P60_ST01043" HPOS="2914" VPOS="2879" WIDTH="80" HEIGHT="38" CONTENT="you" WC="1.00" CC="010"/>
					</TextLine>
					<TextLine ID="P60_TL00178" HPOS="2079" VPOS="2923" WIDTH="916" HEIGHT="54">
						<String ID="P60_ST01044" HPOS="2079" VPOS="2950" WIDTH="106" HEIGHT="27" CONTENT="were" WC="0.98" CC="0033"/>
						<SP ID="P60_SP00881" HPOS="2185" VPOS="2977" WIDTH="33"/>
						<String ID="P60_ST01045" HPOS="2218" VPOS="2941" WIDTH="67" HEIGHT="33" CONTENT="not" WC="0.95" CC="750"/>
						<SP ID="P60_SP00882" HPOS="2285" VPOS="2977" WIDTH="33"/>
						<String ID="P60_ST01046" HPOS="2318" VPOS="2928" WIDTH="174" HEIGHT="45" CONTENT="allowed" WC="0.99" CC="0414000"/>
						<SP ID="P60_SP00883" HPOS="2492" VPOS="2977" WIDTH="32"/>
						<String ID="P60_ST01047" HPOS="2524" VPOS="2939" WIDTH="42" HEIGHT="31" CONTENT="to" WC="0.88" CC="02"/>
						<SP ID="P60_SP00884" HPOS="2566" VPOS="2977" WIDTH="32"/>
						<String ID="P60_ST01048" HPOS="2598" VPOS="2925" WIDTH="67" HEIGHT="44" CONTENT="fall" WC="0.97" CC="7042"/>
						<SP ID="P60_SP00885" HPOS="2665" VPOS="2977" WIDTH="33"/>
						<String ID="P60_ST01049" HPOS="2698" VPOS="2927" WIDTH="39" HEIGHT="41" CONTENT="in" WC="0.69" CC="06"/>
						<SP ID="P60_SP00886" HPOS="2737" VPOS="2977" WIDTH="37"/>
						<String ID="P60_ST01050" HPOS="2774" VPOS="2924" WIDTH="91" HEIGHT="44" CONTENT="love" WC="0.98" CC="7300"/>
						<SP ID="P60_SP00887" HPOS="2865" VPOS="2977" WIDTH="32"/>
						<String ID="P60_ST01051" HPOS="2897" VPOS="2923" WIDTH="98" HEIGHT="43" CONTENT="with" WC="0.96" CC="0557"/>
					</TextLine>
					<TextLine ID="P60_TL00179" HPOS="2079" VPOS="2987" WIDTH="915" HEIGHT="55">
						<String ID="P60_ST01052" HPOS="2079" VPOS="2994" WIDTH="66" HEIGHT="43" CONTENT="the" WC="0.97" CC="070"/>
						<SP ID="P60_SP00888" HPOS="2145" VPOS="3037" WIDTH="33"/>
						<String ID="P60_ST01053" HPOS="2178" VPOS="2992" WIDTH="197" HEIGHT="44" CONTENT="Duchess." WC="1.00" CC="01000204"/>
						<SP ID="P60_SP00889" HPOS="2375" VPOS="3037" WIDTH="67"/>
						<String ID="P60_ST01054" HPOS="2442" VPOS="2987" WIDTH="237" HEIGHT="55" CONTENT="Nowadays" WC="1.00" CC="00000080"/>
						<SP ID="P60_SP00890" HPOS="2679" VPOS="3042" WIDTH="21"/>
						<String ID="P60_ST01055" HPOS="2700" VPOS="3003" WIDTH="80" HEIGHT="38" CONTENT="you" WC="0.97" CC="034"/>
						<SP ID="P60_SP00891" HPOS="2780" VPOS="3042" WIDTH="33"/>
						<String ID="P60_ST01056" HPOS="2813" VPOS="3002" WIDTH="91" HEIGHT="38" CONTENT="may" WC="0.98" CC="040"/>
						<SP ID="P60_SP00892" HPOS="2904" VPOS="3042" WIDTH="21"/>
						<String ID="P60_ST01057" HPOS="2925" VPOS="2994" WIDTH="69" HEIGHT="33" CONTENT="not" WC="0.97" CC="620"/>
					</TextLine>
					<TextLine ID="P60_TL00180" HPOS="2080" VPOS="3048" WIDTH="540" HEIGHT="50">
						<String ID="P60_ST01058" HPOS="2080" VPOS="3054" WIDTH="91" HEIGHT="44" CONTENT="take" WC="0.96" CC="7603"/>
						<SP ID="P60_SP00893" HPOS="2171" VPOS="3098" WIDTH="30"/>
						<String ID="P60_ST01059" HPOS="2201" VPOS="3053" WIDTH="115" HEIGHT="44" CONTENT="silver" WC="0.98" CC="527005"/>
						<SP ID="P60_SP00894" HPOS="2316" VPOS="3098" WIDTH="31"/>
						<String ID="P60_ST01060" HPOS="2347" VPOS="3048" WIDTH="273" HEIGHT="47" CONTENT="candlesticks." WC="0.99" CC="0050803773003"/>
					</TextLine>
					<TextLine ID="P60_TL00181" HPOS="2171" VPOS="3107" WIDTH="825" HEIGHT="53">
						<String ID="P60_ST01061" HPOS="2171" VPOS="3114" WIDTH="15" HEIGHT="44" CONTENT="I" WC="0.43" CC="5"/>
						<SP ID="P60_SP00895" HPOS="2186" VPOS="3158" WIDTH="33"/>
						<String ID="P60_ST01062" HPOS="2219" VPOS="3113" WIDTH="96" HEIGHT="45" CONTENT="hear" WC="0.99" CC="0211"/>
						<SP ID="P60_SP00896" HPOS="2315" VPOS="3158" WIDTH="22"/>
						<String ID="P60_ST01063" HPOS="2337" VPOS="3113" WIDTH="84" HEIGHT="44" CONTENT="that" WC="0.98" CC="0063"/>
						<SP ID="P60_SP00897" HPOS="2421" VPOS="3158" WIDTH="24"/>
						<String ID="P60_ST01064" HPOS="2445" VPOS="3111" WIDTH="69" HEIGHT="43" CONTENT="Mr" WC="0.90" CC="01"/>
						<SP ID="P60_SP00898" HPOS="2514" VPOS="3158" WIDTH="21"/>
						<String ID="P60_ST01065" HPOS="2535" VPOS="3110" WIDTH="224" HEIGHT="43" CONTENT="Beaumont" WC="0.99" CC="00170400"/>
						<SP ID="P60_SP00899" HPOS="2759" VPOS="3158" WIDTH="23"/>
						<String ID="P60_ST01066" HPOS="2782" VPOS="3108" WIDTH="30" HEIGHT="42" CONTENT="is" WC="0.55" CC="53"/>
						<SP ID="P60_SP00900" HPOS="2812" VPOS="3158" WIDTH="32"/>
						<String ID="P60_ST01067" HPOS="2844" VPOS="3118" WIDTH="41" HEIGHT="33" CONTENT="to" WC="0.92" CC="01"/>
						<SP ID="P60_SP00901" HPOS="2885" VPOS="3158" WIDTH="22"/>
						<String ID="P60_ST01068" HPOS="2907" VPOS="3107" WIDTH="89" HEIGHT="53" CONTENT="give" WC="0.96" CC="7705"/>
					</TextLine>
					<TextLine ID="P60_TL00182" HPOS="2078" VPOS="3166" WIDTH="918" HEIGHT="54">
						<String ID="P60_ST01069" HPOS="2078" VPOS="3195" WIDTH="44" HEIGHT="25" CONTENT="us" WC="0.42" CC="46"/>
						<SP ID="P60_SP00902" HPOS="2122" VPOS="3220" WIDTH="32"/>
						<String ID="P60_ST01070" HPOS="2154" VPOS="3193" WIDTH="108" HEIGHT="26" CONTENT="more" WC="0.97" CC="0570"/>
						<SP ID="P60_SP00903" HPOS="2262" VPOS="3220" WIDTH="21"/>
						<String ID="P60_ST01071" HPOS="2283" VPOS="3173" WIDTH="96" HEIGHT="45" CONTENT="such" WC="0.99" CC="0110"/>
						<SP ID="P60_SP00904" HPOS="2379" VPOS="3220" WIDTH="33"/>
						<String ID="P60_ST01072" HPOS="2412" VPOS="3171" WIDTH="127" HEIGHT="45" CONTENT="books" WC="0.98" CC="77000"/>
						<SP ID="P60_SP00905" HPOS="2539" VPOS="3220" WIDTH="22"/>
						<String ID="P60_ST01073" HPOS="2561" VPOS="3168" WIDTH="211" HEIGHT="46" CONTENT="translated" WC="0.99" CC="1707020070"/>
						<SP ID="P60_SP00906" HPOS="2772" VPOS="3220" WIDTH="34"/>
						<String ID="P60_ST01074" HPOS="2806" VPOS="3168" WIDTH="100" HEIGHT="42" CONTENT="from" WC="0.96" CC="7750"/>
						<SP ID="P60_SP00907" HPOS="2906" VPOS="3220" WIDTH="22"/>
						<String ID="P60_ST01075" HPOS="2928" VPOS="3166" WIDTH="68" HEIGHT="44" CONTENT="the" WC="0.94" CC="276"/>
					</TextLine>
					<TextLine ID="P60_TL00183" HPOS="2079" VPOS="3228" WIDTH="917" HEIGHT="53">
						<String ID="P60_ST01076" HPOS="2079" VPOS="3236" WIDTH="171" HEIGHT="45" CONTENT="French." WC="0.98" CC="5614104"/>
						<SP ID="P60_SP00908" HPOS="2250" VPOS="3281" WIDTH="65"/>
						<String ID="P60_ST01077" HPOS="2315" VPOS="3235" WIDTH="16" HEIGHT="43" CONTENT="I" WC="0.34" CC="6"/>
						<SP ID="P60_SP00909" HPOS="2331" VPOS="3281" WIDTH="33"/>
						<String ID="P60_ST01078" HPOS="2364" VPOS="3233" WIDTH="95" HEIGHT="45" CONTENT="look" WC="0.97" CC="6520"/>
						<SP ID="P60_SP00910" HPOS="2459" VPOS="3281" WIDTH="31"/>
						<String ID="P60_ST01079" HPOS="2490" VPOS="3231" WIDTH="174" HEIGHT="45" CONTENT="forward" WC="0.98" CC="6650550"/>
						<SP ID="P60_SP00911" HPOS="2664" VPOS="3281" WIDTH="38"/>
						<String ID="P60_ST01080" HPOS="2702" VPOS="3241" WIDTH="42" HEIGHT="33" CONTENT="to" WC="0.74" CC="50"/>
						<SP ID="P60_SP00912" HPOS="2744" VPOS="3281" WIDTH="31"/>
						<String ID="P60_ST01081" HPOS="2775" VPOS="3228" WIDTH="101" HEIGHT="45" CONTENT="each" WC="0.98" CC="0027"/>
						<SP ID="P60_SP00913" HPOS="2876" VPOS="3281" WIDTH="42"/>
						<String ID="P60_ST01082" HPOS="2918" VPOS="3245" WIDTH="78" HEIGHT="25" CONTENT="one" WC="0.94" CC="356"/>
					</TextLine>
					<TextLine ID="P60_TL00184" HPOS="2079" VPOS="3290" WIDTH="916" HEIGHT="58">
						<String ID="P60_ST01083" HPOS="2079" VPOS="3299" WIDTH="43" HEIGHT="43" CONTENT="of" WC="0.55" CC="17"/>
						<SP ID="P60_SP00914" HPOS="2122" VPOS="3342" WIDTH="30"/>
						<String ID="P60_ST01084" HPOS="2152" VPOS="3298" WIDTH="110" HEIGHT="44" CONTENT="them" WC="0.99" CC="5000"/>
						<SP ID="P60_SP00915" HPOS="2262" VPOS="3342" WIDTH="31"/>
						<String ID="P60_ST01085" HPOS="2293" VPOS="3295" WIDTH="99" HEIGHT="45" CONTENT="with" WC="0.96" CC="7540"/>
						<SP ID="P60_SP00916" HPOS="2392" VPOS="3342" WIDTH="32"/>
						<String ID="P60_ST01086" HPOS="2424" VPOS="3311" WIDTH="216" HEIGHT="37" CONTENT="eagerness," WC="0.99" CC="3090600042"/>
						<SP ID="P60_SP00917" HPOS="2640" VPOS="3348" WIDTH="33"/>
						<String ID="P60_ST01087" HPOS="2673" VPOS="3290" WIDTH="81" HEIGHT="45" CONTENT="and" WC="1.00" CC="000"/>
						<SP ID="P60_SP00918" HPOS="2754" VPOS="3348" WIDTH="21"/>
						<String ID="P60_ST01088" HPOS="2775" VPOS="3308" WIDTH="65" HEIGHT="26" CONTENT="am" WC="1.00" CC="00"/>
						<SP ID="P60_SP00919" HPOS="2840" VPOS="3348" WIDTH="29"/>
						<String ID="P60_ST01089" HPOS="2869" VPOS="3300" WIDTH="126" HEIGHT="44" CONTENT="grate-" WC="0.99" CC="400504"/>
					</TextLine>
				</TextBlock>
				<TextBlock ID="P60_TB00010" HPOS="2078" VPOS="3352" WIDTH="566" HEIGHT="54" STYLEREFS="TXT_1 PAR_RIGHT">
					<TextLine ID="P60_TL00185" HPOS="2081" VPOS="3355" WIDTH="562" HEIGHT="49">
						<String ID="P60_ST01090" HPOS="2081" VPOS="3360" WIDTH="55" HEIGHT="44" CONTENT="ful" WC="0.94" CC="653"/>
						<SP ID="P60_SP00920" HPOS="2136" VPOS="3404" WIDTH="32"/>
						<String ID="P60_ST01091" HPOS="2168" VPOS="3370" WIDTH="41" HEIGHT="32" CONTENT="to" WC="0.71" CC="50"/>
						<SP ID="P60_SP00921" HPOS="2209" VPOS="3404" WIDTH="30"/>
						<String ID="P60_ST01092" HPOS="2239" VPOS="3358" WIDTH="82" HEIGHT="43" CONTENT="him" WC="0.97" CC="080"/>
						<SP ID="P60_SP00922" HPOS="2321" VPOS="3404" WIDTH="33"/>
						<String ID="P60_ST01093" HPOS="2354" VPOS="3356" WIDTH="60" HEIGHT="44" CONTENT="for" WC="0.96" CC="731"/>
						<SP ID="P60_SP00923" HPOS="2414" VPOS="3404" WIDTH="34"/>
						<String ID="P60_ST01094" HPOS="2448" VPOS="3355" WIDTH="74" HEIGHT="44" CONTENT="this" WC="0.96" CC="9053"/>
						<SP ID="P60_SP00924" HPOS="2522" VPOS="3404" WIDTH="29"/>
						<String ID="P60_ST01095" HPOS="2551" VPOS="3371" WIDTH="92" HEIGHT="26" CONTENT="one." WC="0.98" CC="6004"/>
						<SP ID="P60_SP00925" HPOS="2643" VPOS="3404" WIDTH="0"/>
					</TextLine>
				</TextBlock>
				<TextBlock ID="P60_TB00011" HPOS="2940" VPOS="3349" WIDTH="57" HEIGHT="46" STYLEREFS="TXT_6 PAR_RIGHT">
					<TextLine ID="P60_TL00186" HPOS="2943" VPOS="3349" WIDTH="52" HEIGHT="43">
						<String ID="P60_ST01096" HPOS="2943" VPOS="3349" WIDTH="52" HEIGHT="43" CONTENT="C." WC="0.98" CC="04"/>
					</TextLine>
				</TextBlock>
				<TextBlock ID="P60_TB00012" HPOS="2079" VPOS="3470" WIDTH="916" HEIGHT="181" STYLEREFS="TXT_1 PAR_LEFT">
					<TextLine ID="P60_TL00187" HPOS="2081" VPOS="3470" WIDTH="910" HEIGHT="56">
						<String ID="P60_ST01097" HPOS="2081" VPOS="3478" WIDTH="340" HEIGHT="48" CONTENT="SLAPSTICK" WC="1.00" CC="000600000"/>
						<SP ID="P60_SP00926" HPOS="2421" VPOS="3526" WIDTH="58"/>
						<String ID="P60_ST01098" HPOS="2479" VPOS="3476" WIDTH="139" HEIGHT="45" CONTENT="AND" WC="0.97" CC="800"/>
						<SP ID="P60_SP00927" HPOS="2618" VPOS="3526" WIDTH="52"/>
						<String ID="P60_ST01099" HPOS="2670" VPOS="3470" WIDTH="321" HEIGHT="52" CONTENT="DVMBELL," WC="0.79" CC="15300103"/>
						<SP ID="P60_SP00928" HPOS="2991" VPOS="3526" WIDTH="0"/>
					</TextLine>
					<TextLine ID="P60_TL00188" HPOS="2081" VPOS="3534" WIDTH="912" HEIGHT="63">
						<String ID="P60_ST01100" HPOS="2081" VPOS="3544" WIDTH="57" HEIGHT="53" CONTENT="hy" WC="0.63" CC="52"/>
						<SP ID="P60_SP00929" HPOS="2138" VPOS="3597" WIDTH="32"/>
						<String ID="P60_ST01101" HPOS="2170" VPOS="3542" WIDTH="120" HEIGHT="44" CONTENT="Hiler" WC="0.73" CC="40170"/>
						<SP ID="P60_SP00930" HPOS="2290" VPOS="3597" WIDTH="31"/>
						<String ID="P60_ST01102" HPOS="2321" VPOS="3539" WIDTH="220" HEIGHT="53" CONTENT="Harzherg" WC="0.83" CC="00003603"/>
						<SP ID="P60_SP00931" HPOS="2541" VPOS="3597" WIDTH="52"/>
						<String ID="P60_ST01103" HPOS="2593" VPOS="3536" WIDTH="44" HEIGHT="44" CONTENT="&amp;" WC="1.00" CC="0"/>
						<SP ID="P60_SP00932" HPOS="2637" VPOS="3597" WIDTH="37"/>
						<String ID="P60_ST01104" HPOS="2674" VPOS="3536" WIDTH="156" HEIGHT="44" CONTENT="Arthur" WC="0.99" CC="001060"/>
						<SP ID="P60_SP00933" HPOS="2830" VPOS="3597" WIDTH="31"/>
						<String ID="P60_ST01105" HPOS="2861" VPOS="3534" WIDTH="132" HEIGHT="44" CONTENT="Moss." WC="0.98" CC="43007"/>
						<SP ID="P60_SP00934" HPOS="2993" VPOS="3597" WIDTH="0"/>
					</TextLine>
					<TextLine ID="P60_TL00189" HPOS="2088" VPOS="3599" WIDTH="643" HEIGHT="50">
						<String ID="P60_ST01106" HPOS="2088" VPOS="3606" WIDTH="23" HEIGHT="42" CONTENT="1" WC="0.34" CC="6"/>
						<SP ID="P60_SP00935" HPOS="2111" VPOS="3648" WIDTH="16"/>
						<String ID="P60_ST01107" HPOS="2127" VPOS="3606" WIDTH="49" HEIGHT="43" CONTENT="he" WC="0.64" CC="07"/>
						<SP ID="P60_SP00936" HPOS="2176" VPOS="3649" WIDTH="32"/>
						<String ID="P60_ST01108" HPOS="2208" VPOS="3604" WIDTH="101" HEIGHT="43" CONTENT="Leer" WC="0.98" CC="2700"/>
						<SP ID="P60_SP00937" HPOS="2309" VPOS="3649" WIDTH="4"/>
						<String ID="P60_ST01109" HPOS="2313" VPOS="3620" WIDTH="65" HEIGHT="25" CONTENT="am" WC="0.85" CC="20"/>
						<SP ID="P60_SP00938" HPOS="2378" VPOS="3649" WIDTH="35"/>
						<String ID="P60_ST01110" HPOS="2413" VPOS="3601" WIDTH="121" HEIGHT="43" CONTENT="Press" WC="0.97" CC="50643"/>
						<SP ID="P60_SP00939" HPOS="2534" VPOS="3649" WIDTH="14"/>
						<String ID="P60_ST01111" HPOS="2548" VPOS="3618" WIDTH="14" HEIGHT="30" CONTENT=";" WC="1.00" CC="0"/>
						<SP ID="P60_SP00940" HPOS="2562" VPOS="3649" WIDTH="35"/>
						<String ID="P60_ST01112" HPOS="2597" VPOS="3599" WIDTH="134" HEIGHT="42" CONTENT="Paris." WC="0.97" CC="860534"/>
						<SP ID="P60_SP00941" HPOS="2731" VPOS="3649" WIDTH="0"/>
					</TextLine>
				</TextBlock>
				<TextBlock ID="P60_TB00013" HPOS="2082" VPOS="3715" WIDTH="918" HEIGHT="181" STYLEREFS="TXT_7 PAR_LEFT">
					<TextLine ID="P60_TL00190" HPOS="2085" VPOS="3717" WIDTH="913" HEIGHT="110">
						<String ID="P60_ST01113" HPOS="2085" VPOS="3726" WIDTH="145" HEIGHT="101" CONTENT="MR" WC="0.95" CC="00"/>
						<SP ID="P60_SP00942" HPOS="2230" VPOS="3827" WIDTH="33"/>
						<String ID="P60_ST01114" HPOS="2263" VPOS="3724" WIDTH="115" HEIGHT="44" CONTENT="MOSS" WC="0.97" CC="0345" STYLEREFS="TXT_8"/>
						<SP ID="P60_SP00943" HPOS="2378" VPOS="3827" WIDTH="50"/>
						<String ID="P60_ST01115" HPOS="2428" VPOS="3723" WIDTH="70" HEIGHT="44" CONTENT="has" WC="0.95" CC="722"/>
						<SP ID="P60_SP00944" HPOS="2498" VPOS="3827" WIDTH="48"/>
						<String ID="P60_ST01116" HPOS="2546" VPOS="3732" WIDTH="84" HEIGHT="32" CONTENT="sent" WC="0.98" CC="0063"/>
						<SP ID="P60_SP00945" HPOS="2630" VPOS="3827" WIDTH="48"/>
						<String ID="P60_ST01117" HPOS="2678" VPOS="3739" WIDTH="64" HEIGHT="25" CONTENT="me" WC="1.00" CC="00"/>
						<SP ID="P60_SP00946" HPOS="2742" VPOS="3827" WIDTH="46"/>
						<String ID="P60_ST01118" HPOS="2788" VPOS="3720" WIDTH="60" HEIGHT="44" CONTENT="his" WC="0.95" CC="750"/>
						<SP ID="P60_SP00947" HPOS="2848" VPOS="3827" WIDTH="41"/>
						<String ID="P60_ST01119" HPOS="2889" VPOS="3717" WIDTH="109" HEIGHT="45" CONTENT="book" WC="0.95" CC="8544"/>
					</TextLine>
					<TextLine ID="P60_TL00191" HPOS="2227" VPOS="3778" WIDTH="771" HEIGHT="63">
						<String ID="P60_ST01120" HPOS="2227" VPOS="3795" WIDTH="26" HEIGHT="16" CONTENT="44" STYLE="superscript" WC="0.55" CC="44"/>
						<SP ID="P60_SP00948" HPOS="2253" VPOS="3811" WIDTH="19"/>
						<String ID="P60_ST01121" HPOS="2272" VPOS="3784" WIDTH="199" HEIGHT="57" CONTENT="Slapstick" WC="0.99" CC="150046700"/>
						<SP ID="P60_SP00949" HPOS="2471" VPOS="3841" WIDTH="48"/>
						<String ID="P60_ST01122" HPOS="2519" VPOS="3782" WIDTH="80" HEIGHT="45" CONTENT="and" WC="0.94" CC="346"/>
						<SP ID="P60_SP00950" HPOS="2599" VPOS="3841" WIDTH="48"/>
						<String ID="P60_ST01123" HPOS="2647" VPOS="3780" WIDTH="193" HEIGHT="46" CONTENT="Dumbell" WC="0.55" CC="4667060"/>
						<SP ID="P60_SP00951" HPOS="2840" VPOS="3841" WIDTH="18"/>
						<String ID="P60_ST01124" HPOS="2858" VPOS="3778" WIDTH="25" HEIGHT="14" CONTENT='"' WC="0.31" CC="6"/>
						<SP ID="P60_SP00952" HPOS="2883" VPOS="3841" WIDTH="34"/>
						<String ID="P60_ST01125" HPOS="2917" VPOS="3778" WIDTH="81" HEIGHT="44" CONTENT="and" WC="0.93" CC="089"/>
					</TextLine>
					<TextLine ID="P60_TL00192" HPOS="2083" VPOS="3840" WIDTH="915" HEIGHT="54">
						<String ID="P60_ST01126" HPOS="2083" VPOS="3853" WIDTH="29" HEIGHT="40" CONTENT="it" WC="0.58" CC="80"/>
						<SP ID="P60_SP00953" HPOS="2112" VPOS="3893" WIDTH="47"/>
						<String ID="P60_ST01127" HPOS="2159" VPOS="3850" WIDTH="31" HEIGHT="42" CONTENT="is" WC="0.61" CC="61"/>
						<SP ID="P60_SP00954" HPOS="2190" VPOS="3893" WIDTH="47"/>
						<String ID="P60_ST01128" HPOS="2237" VPOS="3858" WIDTH="101" HEIGHT="33" CONTENT="most" WC="0.98" CC="1370"/>
						<SP ID="P60_SP00955" HPOS="2338" VPOS="3893" WIDTH="49"/>
						<String ID="P60_ST01129" HPOS="2387" VPOS="3844" WIDTH="201" HEIGHT="50" CONTENT="readable," WC="0.98" CC="704047507"/>
						<SP ID="P60_SP00956" HPOS="2588" VPOS="3894" WIDTH="49"/>
						<String ID="P60_ST01130" HPOS="2637" VPOS="3844" WIDTH="80" HEIGHT="44" CONTENT="and" WC="0.97" CC="060"/>
						<SP ID="P60_SP00957" HPOS="2717" VPOS="3894" WIDTH="49"/>
						<String ID="P60_ST01131" HPOS="2766" VPOS="3844" WIDTH="27" HEIGHT="42" CONTENT="it" WC="0.41" CC="65"/>
						<SP ID="P60_SP00958" HPOS="2793" VPOS="3894" WIDTH="18"/>
						<String ID="P60_ST01132" HPOS="2811" VPOS="3861" WIDTH="17" HEIGHT="24" CONTENT="s" WC="1.00" CC="0"/>
						<SP ID="P60_SP00959" HPOS="2828" VPOS="3894" WIDTH="46"/>
						<String ID="P60_ST01133" HPOS="2874" VPOS="3840" WIDTH="124" HEIGHT="44" CONTENT="about" WC="0.98" CC="00607"/>
					</TextLine>
				</TextBlock>
				<TextBlock ID="P60_TB00014" HPOS="2078" VPOS="3975" WIDTH="927" HEIGHT="285" STYLEREFS="TXT_9 PAR_BLOCK">
					<TextLine ID="P60_TL00193" HPOS="2177" VPOS="3981" WIDTH="824" HEIGHT="48">
						<String ID="P60_ST01134" HPOS="2177" VPOS="3987" WIDTH="52" HEIGHT="42" CONTENT="(/)" WC="0.36" CC="585"/>
						<SP ID="P60_SP00960" HPOS="2229" VPOS="4029" WIDTH="31"/>
						<String ID="P60_ST01135" HPOS="2260" VPOS="3985" WIDTH="94" HEIGHT="34" CONTENT="This" WC="0.96" CC="7723"/>
						<SP ID="P60_SP00961" HPOS="2354" VPOS="4029" WIDTH="21"/>
						<String ID="P60_ST01136" HPOS="2375" VPOS="3983" WIDTH="158" HEIGHT="39" CONTENT="edition," WC="0.99" CC="50122532"/>
						<SP ID="P60_SP00962" HPOS="2533" VPOS="4029" WIDTH="26"/>
						<String ID="P60_ST01137" HPOS="2559" VPOS="3981" WIDTH="151" HEIGHT="34" CONTENT="limited" WC="0.99" CC="0460540"/>
						<SP ID="P60_SP00963" HPOS="2710" VPOS="4029" WIDTH="13"/>
						<String ID="P60_ST01138" HPOS="2723" VPOS="3983" WIDTH="37" HEIGHT="31" CONTENT="to" WC="0.67" CC="06"/>
						<SP ID="P60_SP00964" HPOS="2760" VPOS="4029" WIDTH="19"/>
						<String ID="P60_ST01139" HPOS="2779" VPOS="3989" WIDTH="73" HEIGHT="33" CONTENT="JIO" WC="0.57" CC="750" STYLEREFS="TXT_10"/>
						<SP ID="P60_SP00965" HPOS="2852" VPOS="4029" WIDTH="22"/>
						<String ID="P60_ST01140" HPOS="2874" VPOS="3981" WIDTH="127" HEIGHT="38" CONTENT="copies" WC="0.99" CC="001046"/>
					</TextLine>
					<TextLine ID="P60_TL00194" HPOS="2086" VPOS="4024" WIDTH="915" HEIGHT="51">
						<String ID="P60_ST01141" HPOS="2086" VPOS="4035" WIDTH="59" HEIGHT="40" CONTENT="(IO" WC="0.57" CC="750"/>
						<SP ID="P60_SP00966" HPOS="2145" VPOS="4075" WIDTH="25"/>
						<String ID="P60_ST01142" HPOS="2170" VPOS="4035" WIDTH="69" HEIGHT="31" CONTENT="?iot" WC="0.69" CC="7004"/>
						<SP ID="P60_SP00967" HPOS="2239" VPOS="4075" WIDTH="14"/>
						<String ID="P60_ST01143" HPOS="2253" VPOS="4031" WIDTH="78" HEIGHT="42" CONTENT="for" WC="0.96" CC="065"/>
						<SP ID="P60_SP00968" HPOS="2331" VPOS="4075" WIDTH="13"/>
						<String ID="P60_ST01144" HPOS="2344" VPOS="4032" WIDTH="94" HEIGHT="39" CONTENT="sale)" WC="0.98" CC="05025"/>
						<SP ID="P60_SP00969" HPOS="2438" VPOS="4075" WIDTH="21"/>
						<String ID="P60_ST01145" HPOS="2459" VPOS="4030" WIDTH="33" HEIGHT="32" CONTENT="is" WC="0.95" CC="00"/>
						<SP ID="P60_SP00970" HPOS="2492" VPOS="4075" WIDTH="22"/>
						<String ID="P60_ST01146" HPOS="2514" VPOS="4039" WIDTH="51" HEIGHT="22" CONTENT="on" WC="0.92" CC="01"/>
						<SP ID="P60_SP00971" HPOS="2565" VPOS="4075" WIDTH="23"/>
						<String ID="P60_ST01147" HPOS="2588" VPOS="4038" WIDTH="25" HEIGHT="23" CONTENT="a" WC="0.63" CC="3"/>
						<SP ID="P60_SP00972" HPOS="2613" VPOS="4075" WIDTH="23"/>
						<String ID="P60_ST01148" HPOS="2636" VPOS="4037" WIDTH="131" HEIGHT="24" CONTENT="cream" WC="0.99" CC="00015"/>
						<SP ID="P60_SP00973" HPOS="2767" VPOS="4075" WIDTH="17"/>
						<String ID="P60_ST01149" HPOS="2784" VPOS="4024" WIDTH="217" HEIGHT="34" CONTENT="handmade" WC="0.99" CC="02005007"/>
					</TextLine>
					<TextLine ID="P60_TL00195" HPOS="2081" VPOS="4069" WIDTH="920" HEIGHT="53">
						<String ID="P60_ST01150" HPOS="2081" VPOS="4082" WIDTH="138" HEIGHT="40" CONTENT="paper." WC="0.97" CC="453904"/>
						<SP ID="P60_SP00974" HPOS="2219" VPOS="4122" WIDTH="56"/>
						<String ID="P60_ST01151" HPOS="2275" VPOS="4078" WIDTH="124" HEIGHT="33" CONTENT="There" WC="0.97" CC="60606"/>
						<SP ID="P60_SP00975" HPOS="2399" VPOS="4122" WIDTH="27"/>
						<String ID="P60_ST01152" HPOS="2426" VPOS="4078" WIDTH="34" HEIGHT="31" CONTENT="is" WC="0.40" CC="47"/>
						<SP ID="P60_SP00976" HPOS="2460" VPOS="4122" WIDTH="35"/>
						<String ID="P60_ST01153" HPOS="2495" VPOS="4076" WIDTH="85" HEIGHT="32" CONTENT="also" WC="1.00" CC="0002"/>
						<SP ID="P60_SP00977" HPOS="2580" VPOS="4122" WIDTH="35"/>
						<String ID="P60_ST01154" HPOS="2615" VPOS="4083" WIDTH="52" HEIGHT="23" CONTENT="an" WC="0.86" CC="20"/>
						<SP ID="P60_SP00978" HPOS="2667" VPOS="4122" WIDTH="35"/>
						<String ID="P60_ST01155" HPOS="2702" VPOS="4072" WIDTH="147" HEIGHT="34" CONTENT="edition" WC="0.98" CC="6004065"/>
						<SP ID="P60_SP00979" HPOS="2849" VPOS="4122" WIDTH="34"/>
						<String ID="P60_ST01156" HPOS="2883" VPOS="4069" WIDTH="54" HEIGHT="41" CONTENT="of" WC="0.71" CC="50"/>
						<SP ID="P60_SP00980" HPOS="2937" VPOS="4122" WIDTH="19"/>
						<String ID="P60_ST01157" HPOS="2956" VPOS="4071" WIDTH="45" HEIGHT="31" CONTENT="So" WC="0.75" CC="50" STYLEREFS="TXT_11"/>
					</TextLine>
					<TextLine ID="P60_TL00196" HPOS="2086" VPOS="4115" WIDTH="917" HEIGHT="52">
						<String ID="P60_ST01158" HPOS="2086" VPOS="4125" WIDTH="128" HEIGHT="42" CONTENT="copies" WC="0.98" CC="025029"/>
						<String ID="P60_ST01159" HPOS="2219" VPOS="4150" WIDTH="7" HEIGHT="15" CONTENT="," WC="0.88" CC="1" STYLEREFS="TXT_7"/>
						<SP ID="P60_SP00981" HPOS="2226" VPOS="4167" WIDTH="43"/>
						<String ID="P60_ST01160" HPOS="2269" VPOS="4125" WIDTH="36" HEIGHT="40" CONTENT="(5" WC="0.52" CC="18" STYLEREFS="TXT_7"/>
						<SP ID="P60_SP00982" HPOS="2305" VPOS="4167" WIDTH="35"/>
						<String ID="P60_ST01161" HPOS="2340" VPOS="4125" WIDTH="68" HEIGHT="30" CONTENT="not" WC="0.95" CC="713"/>
						<SP ID="P60_SP00983" HPOS="2408" VPOS="4167" WIDTH="28"/>
						<String ID="P60_ST01162" HPOS="2436" VPOS="4120" WIDTH="79" HEIGHT="42" CONTENT="for" WC="0.98" CC="040"/>
						<SP ID="P60_SP00984" HPOS="2515" VPOS="4167" WIDTH="31"/>
						<String ID="P60_ST01163" HPOS="2546" VPOS="4121" WIDTH="95" HEIGHT="39" CONTENT="sale)" WC="0.96" CC="90492"/>
						<SP ID="P60_SP00985" HPOS="2641" VPOS="4167" WIDTH="40"/>
						<String ID="P60_ST01164" HPOS="2681" VPOS="4130" WIDTH="50" HEIGHT="21" CONTENT="on" WC="0.58" CC="34"/>
						<SP ID="P60_SP00986" HPOS="2731" VPOS="4167" WIDTH="39"/>
						<String ID="P60_ST01165" HPOS="2770" VPOS="4115" WIDTH="233" HEIGHT="36" CONTENT="hand-made" WC="0.99" CC="005286005"/>
					</TextLine>
					<TextLine ID="P60_TL00197" HPOS="2081" VPOS="4162" WIDTH="924" HEIGHT="52">
						<String ID="P60_ST01166" HPOS="2081" VPOS="4171" WIDTH="235" HEIGHT="43" CONTENT="parchment" WC="0.99" CC="700049023"/>
						<SP ID="P60_SP00987" HPOS="2316" VPOS="4214" WIDTH="22"/>
						<String ID="P60_ST01167" HPOS="2338" VPOS="4170" WIDTH="152" HEIGHT="37" CONTENT="vellum," WC="0.98" CC="6900780"/>
						<SP ID="P60_SP00988" HPOS="2490" VPOS="4214" WIDTH="25"/>
						<String ID="P60_ST01168" HPOS="2515" VPOS="4166" WIDTH="143" HEIGHT="41" CONTENT="signed" WC="0.99" CC="021301"/>
						<SP ID="P60_SP00989" HPOS="2658" VPOS="4214" WIDTH="20"/>
						<String ID="P60_ST01169" HPOS="2678" VPOS="4165" WIDTH="46" HEIGHT="42" CONTENT="by" WC="0.73" CC="50"/>
						<SP ID="P60_SP00990" HPOS="2724" VPOS="4214" WIDTH="25"/>
						<String ID="P60_ST01170" HPOS="2749" VPOS="4165" WIDTH="63" HEIGHT="33" CONTENT="the" WC="0.96" CC="504"/>
						<SP ID="P60_SP00991" HPOS="2812" VPOS="4214" WIDTH="24"/>
						<String ID="P60_ST01171" HPOS="2836" VPOS="4162" WIDTH="148" HEIGHT="34" CONTENT="transla" SUBS_TYPE="HypPart1" SUBS_CONTENT="translators," WC="0.47" CC="2935906"/>
						<HYP HPOS="2984" VPOS="4162" WIDTH="21" CONTENT="-"/>
					</TextLine>
					<TextLine ID="P60_TL00198" HPOS="2090" VPOS="4212" WIDTH="607" HEIGHT="47">
						<String ID="P60_ST01172" HPOS="2090" VPOS="4221" WIDTH="92" HEIGHT="38" CONTENT="tors," SUBS_TYPE="HypPart2" SUBS_CONTENT="translators," WC="0.97" CC="86033"/>
						<SP ID="P60_SP00992" HPOS="2182" VPOS="4259" WIDTH="27"/>
						<String ID="P60_ST01173" HPOS="2209" VPOS="4219" WIDTH="43" HEIGHT="31" CONTENT="at" WC="0.67" CC="06"/>
						<SP ID="P60_SP00993" HPOS="2252" VPOS="4259" WIDTH="24"/>
						<String ID="P60_ST01174" HPOS="2276" VPOS="4218" WIDTH="31" HEIGHT="32" CONTENT="£" WC="0.28" CC="7"/>
						<SP ID="P60_SP00994" HPOS="2307" VPOS="4259" WIDTH="26"/>
						<String ID="P60_ST01175" HPOS="2333" VPOS="4226" WIDTH="35" HEIGHT="23" CONTENT="2." WC="0.53" CC="44"/>
						<SP ID="P60_SP00995" HPOS="2368" VPOS="4259" WIDTH="26"/>
						<String ID="P60_ST01176" HPOS="2394" VPOS="4225" WIDTH="33" HEIGHT="23" CONTENT="2." WC="0.50" CC="54"/>
						<SP ID="P60_SP00996" HPOS="2427" VPOS="4259" WIDTH="26"/>
						<String ID="P60_ST01177" HPOS="2453" VPOS="4224" WIDTH="22" HEIGHT="23" CONTENT="o" WC="0.12" CC="8"/>
						<SP ID="P60_SP00997" HPOS="2475" VPOS="4259" WIDTH="24"/>
						<String ID="P60_ST01178" HPOS="2499" VPOS="4216" WIDTH="65" HEIGHT="30" CONTENT="net" WC="0.94" CC="357"/>
						<SP ID="P60_SP00998" HPOS="2564" VPOS="4259" WIDTH="23"/>
						<String ID="P60_ST01179" HPOS="2587" VPOS="4212" WIDTH="110" HEIGHT="34" CONTENT="each." WC="1.00" CC="00003"/>
					</TextLine>
				</TextBlock>
				<TextBlock ID="P60_TB00015" HPOS="2698" VPOS="615" WIDTH="57" HEIGHT="44" STYLEREFS="TXT_12 PAR_RIGHT">
					<TextLine ID="P60_TL00199" HPOS="2698" VPOS="616" WIDTH="55" HEIGHT="41">
						<String ID="P60_ST01180" HPOS="2698" VPOS="616" WIDTH="55" HEIGHT="41" CONTENT="(I)." WC="0.94" CC="8764"/>
					</TextLine>
				</TextBlock>
			</PrintSpace>
		</Page>
	</Layout>
</alto>
