4254 5748
444 5153 39 56 8

1372 577 199 78 Max
1629 579 301 79 Breuel

1372 752 444 111 traum

1376 967 210 54 atmen
1657 969 229 54 atmen.
1918 991 12 8 ■
1959 964 183 59 heiße
2208 969 237 56 ströme
2506 986 337 49 sprengen,
2910 967 153 68 glut.

1374 1060 424 68 glutenbrand
1854 1064 230 57 brennt
2136 1064 307 66 sengend,
2519 1064 112 57 der
2680 1064 117 59 leib
2854 1067 209 64 steigt,

1374 1159 204 57 siedet
1634 1159 281 59 schwüle
1974 1160 186 58 nacht
2211 1162 557 66 gewitterschwer,
2819 1162 247 58 donner

1374 1255 197 59 rollen
1632 1257 259 68 dumpfe
1950 1257 359 59 schrecken,
2387 1260 215 66 angst!
2661 1260 227 65 angst?
2963 1260 100 56 die

1376 1357 229 54 mutter
1659 1353 290 58 nebenan
2003 1357 79 54 im
2136 1357 275 56 zimmer.
2479 1357 220 56 immer
2751 1355 310 59 nebenan,

1371 1468 239 39 warum
1669 1453 90 56 sie
1816 1468 114 41 nur
1982 1450 237 59 klavier
2263 1453 205 66 spielt,
2528 1457 221 54 tanzen
2807 1455 254 56 tanzen!

1371 1550 151 56 töne
1573 1546 208 60 laufen
1833 1548 154 58 über
2035 1550 205 57 meine
2285 1550 246 57 lenden.
2584 1550 272 67 prickeln
2907 1550 126 66 prik-

1373 1645 201 59 kelnü
1630 1645 114 59 ach
1796 1646 136 58 zieh
1982 1646 114 60 das
2142 1648 166 58 kleid
2357 1667 132 39 aus.
2543 1651 223 55 tanzen
2812 1650 249 66 wiegen

1371 1744 285 67 spreizen
1681 1743 276 59 drücken
1982 1743 229 68 biegen
2252 1746 169 56 tanz!
2463 1746 281 65 ringsum
2771 1743 292 68 gläserne

1371 1839 246 61 wände,
1671 1841 93 58 ich
1816 1843 282 57 ersticke,
2150 1843 291 57 ersticke!
2489 1841 171 59 reiße
2709 1841 112 59 das
2871 1843 190 57 hemd

1373 1936 311 59 herunter,
1784 1941 232 56 atmen,
2113 1938 254 67 schlage
2443 1939 98 58 die
2607 1939 256 58 Scheibe
2937 1941 122 56 ein.

1368 2034 169 68 feige
1605 2036 166 66 feige
1837 2036 147 67 feig,
2054 2036 242 59 blasses
2357 2037 240 58 zittern,
2670 2041 228 54 mutter
2965 2036 94 59 ich

1371 2132 281 58 ersticke,
1718 2136 229 54 mutter
2006 2132 93 58 ich
2158 2132 254 68 schlage
2465 2132 100 60 die
2624 2132 254 60 scheibc
2939 2134 119 58 ein.

1369 2229 114 57 das
1540 2230 295 67 gewitter
1889 2232 80 56 ist
2025 2229 96 59 da.
2197 2230 80 58 ist
2331 2230 154 58 über
2545 2230 130 58 mir.
2748 2249 186 39 wenn
2990 2247 68 41 es

1371 2346 114 39 nur
1542 2346 239 49 regnen
1838 2327 232 59 wollte,
2131 2346 237 49 regnen
2418 2330 272 65 regnen!
2751 2329 98 57 die
2909 2327 154 59 haut

1368 2422 252 59 kühlen,
1681 2424 183 57 nackt
1918 2424 190 57 durch
2164 2425 121 56 den
2335 2429 218 62 garten
2612 2442 256 41 rennen,
2924 2444 102 47 reg-

1369 2539 121 39 nen
1569 2523 298 65 regnen!!
1945 2522 120 57 den
2143 2539 232 40 nassen
2443 2522 186 57 bäum
2711 2540 343 39 umarmen,

1366 2622 334 64 regnen!!!

1366 2735 152 41 was.
1615 2735 132 39 was
1823 2716 188 60 klirrt,
2087 2735 151 41 was.
2308 2718 159 58 dort,
2546 2720 215 64 angst!
2839 2710 220 74 angst?

1368 2833 215 49 presse
1623 2815 119 57 den
1784 2815 122 57 leib
1945 2833 78 39 an
2057 2816 122 58 den
2218 2815 178 69 tisch,
2436 2816 98 58 die
2570 2815 205 57 hände
2814 2816 240 58 zittern,

1366 2911 97 59 ich
1520 2911 268 70 zerfalle,
1849 2911 91 59 ich
1996 2916 225 54 stürze,
2270 2911 163 68 dort,
2492 2915 78 64 ja.
2629 2913 98 57 die
2778 2913 276 57 scheibc.

1363 3009 140 58 eine
1559 3008 166 57 hand
1777 3008 315 59 darunter,
2162 3008 247 59 schiebt
2451 3009 158 58 nach
2656 3009 190 58 oben,
2917 3009 137 58 eine

1364 3106 232 57 dunkle
1640 3106 188 57 hand.
1959 3106 304 59 schreien.
2394 3106 95 57 ich
2597 3106 164 57 kann
2866 3106 187 59 nicht,

1364 3202 305 58 schreien,
1711 3202 314 58 schreien!
2065 3204 99 58 die
2206 3208 230 54 mutter
2463 3202 205 70 spielt,
2709 3202 344 60 dideldum.

1361 3301 345 59 dideldum.
1822 3301 96 59 ich
2009 3301 166 59 kann
2253 3302 163 58 nicht
2480 3301 305 59 schreien,
2880 3301 173 59 düfte

1364 3397 273 58 brechen
1696 3416 112 40 aus
1866 3397 160 59 allen
2086 3416 215 49 poren.
2377 3397 359 59 Dideldum.
2810 3399 241 57 zittern,

1364 3495 115 58 ach
1530 3495 195 60 süßes
1776 3497 240 58 zittern,
2089 3497 97 58 da.
2252 3499 76 64 ja.
2402 3497 99 58 ein
2570 3516 151 39 arm.
2785 3495 98 58 da.
2953 3497 100 58 da.

1366 3594 97 55 ein
1512 3611 208 40 mann,
1788 3594 98 55 ein
1932 3592 171 68 köpf.
2162 3592 181 68 groß,
2409 3592 100 59 die
2556 3592 205 59 haare,
2821 3592 232 57 dunkle

1364 3690 207 59 haare,
1681 3690 344 59 dideldum.
2135 3695 230 54 Mutter
2468 3694 99 55 ein
2668 3690 383 59 einbrecher.

1363 3805 225 49 äugen,
1666 3787 93 57 ich
1816 3787 166 57 halte
2037 3788 98 58 die
2184 3805 208 49 äugen
2448 3787 169 59 nicht
2666 3790 143 54 aus!
2860 3787 162 59 didel-

1363 3885 167 57 dum.
1615 3885 112 57 das
1789 3885 241 59 lachen,
2109 3887 114 55 das
2275 3890 276 54 stumme
2616 3885 235 59 lachen,
2932 3887 121 55 wie

1363 4000 64 39 es
1505 3981 117 60 alle
1698 4000 235 41 nerven
2008 3983 178 58 reißt,
2275 3983 342 68 dideldum,
2695 3981 354 60 dideldum!

1361 4078 113 57 das
1530 4080 325 57 verrückte
1911 4078 292 59 klavier!!
2258 4080 141 57 fort,
2450 4078 448 69 fortspringen,
2956 4078 93 57 ich

1359 4176 168 58 kann
1593 4176 186 59 nicht,
1862 4176 522 68 wegschleichen,
2465 4195 161 49 weg.
2704 4176 98 58 die
2865 4176 186 58 beine

1359 4273 142 57 sind
1556 4273 311 59 schwach,
1942 4273 240 59 sinken,
2258 4273 353 59 versinken,
2682 4291 215 49 presse
2951 4274 98 56 die

1359 4371 142 57 knie
1561 4389 78 41 an
1698 4373 120 55 den
1879 4371 137 69 leib,
2072 4373 203 57 nichts
2336 4373 176 57 mehr
2568 4371 214 59 sehen,
2856 4371 193 59 decke

1358 4467 101 60 die
1508 4486 207 49 äugen
1766 4486 91 41 zu.
1927 4488 93 39 zu.
2082 4486 148 41 000.
2299 4467 95 60 ich
2438 4467 193 70 fühle,
2677 4486 64 41 er
2783 4467 264 60 kommt,

1361 4584 63 39 er
1488 4566 318 59 schleicht,
1876 4584 64 41 er
2003 4566 245 61 keucht,
2326 4569 119 56 wie
2512 4586 65 39 er
2639 4566 156 59 nach
2860 4584 187 39 mann

1358 4662 213 59 riecht,
1686 4665 93 56 er!
1891 4665 91 56 er!
2076 4664 94 57 ich
2236 4662 295 68 vergehe,
2624 4662 173 59 lohe!
2876 4662 170 59 lohe!

1358 4764 164 56 rote!
1637 4764 166 56 rote!
1899 4764 97 56 ein
2072 4760 166 70 stoß,
2304 4762 103 58 die
2485 4781 148 39 vase
2705 4760 151 60 fällt,
2949 4762 97 58 ein

1359 4857 236 69 schlag,
1688 4859 164 59 didel
1877 4894 73 5 —
2021 4860 97 68 da,
2189 4860 154 66 jetzt
2397 4859 346 67 schweigst
2810 4859 104 59 du.

1358 4957 267 56 tausend
1681 4955 328 58 scherben.
