2568 3892
1324 314 0 0 106

207 389 274 76 langage
528 404 119 60 par
683 386 364 78 lesquelles
1094 403 68 43 se
1210 386 329 78 signalent
1584 385 187 61 aussi
1812 385 207 76 grand
2061 385 278 61 nombre

210 469 115 58 des
370 484 261 43 oeuvres
678 466 295 61 récentes
1031 484 13 40 :
1101 466 347 60 extension
1504 468 89 58 du
1640 465 423 60 vocabulaire
2113 465 221 73 usuel,

207 545 248 78 emploi
499 545 79 60 de
628 548 171 57 mots
840 545 391 78 archaïques
1275 546 62 59 et
1376 546 78 58 de
1501 545 466 78 néologismes,
2004 544 211 58 essais
2259 545 79 59 de

208 625 348 61 nouvelles
588 625 320 60 formules
949 626 438 77 syntaxiques
1426 625 221 61 moins
1687 624 369 61 uniformes
2089 626 63 56 et
2181 624 153 76 plus

207 705 267 60 fluides.
502 705 89 57 Le
614 705 152 75 plus
798 705 204 75 grand
1024 705 129 59 tort
1179 705 77 59 de
1280 722 165 43 ceux
1472 722 126 58 que
1627 703 405 61 séduisirent
2064 719 105 42 ces
2200 705 104 57 ten-

211 785 263 71 tatives,
531 783 103 59 fut
683 784 324 60 d'oublier
1063 785 80 60 de
1203 802 70 42 se
1337 785 234 60 rendre
1630 785 259 75 compte
1939 783 59 59 si
2058 783 158 58 elles
2268 799 70 43 se

211 865 279 76 pliaient
536 863 305 77 toujours
890 863 155 61 bien
1090 864 385 60 réellement
1518 882 85 42 au
1645 864 188 77 génie
1873 861 252 60 foncier
2164 861 79 60 de
2273 861 66 60 la

214 945 266 76 langue.

297 1039 130 59 Les
462 1038 459 77 romantiques
972 1038 368 60 allemands
1390 1038 425 60 cherchèrent
1852 1038 146 58 tout
2036 1037 230 59 autant
2306 1037 37 58 à

216 1119 250 60 donner
495 1119 37 57 à
561 1119 63 59 la
653 1119 236 75 langue
918 1118 197 76 qu'ils
1143 1118 348 60 écrivirent
1522 1136 104 42 ces
1660 1118 287 77 qualités
1975 1117 362 59 musicales

210 1199 119 75 qui
358 1198 146 58 leur
549 1197 438 77 paraissaient
1043 1197 96 59 les
1194 1197 152 77 plus
1402 1198 184 76 aptes
1641 1198 37 57 à
1727 1195 211 61 servir
1983 1197 144 58 leur
2159 1194 180 60 idéal

215 1278 186 60 d'art.
437 1278 127 60 Les
596 1278 274 76 langues
903 1277 248 58 n'étant
1180 1294 118 59 pas
1339 1277 96 59 les
1467 1277 277 72 mêmes,
1778 1275 98 61 les
1910 1293 277 59 moyens
2221 1292 120 60 par

215 1355 297 78 lesquels
542 1355 84 60 ils
657 1357 61 58 le
749 1355 329 60 tentèrent
1110 1355 241 61 durent
1391 1357 132 58 être
1566 1355 367 73 différents,
1969 1357 62 57 et
2061 1355 49 58 il
2143 1354 200 60 serait

217 1437 298 76 superflu
548 1435 147 60 d'en
733 1435 217 77 parler
988 1435 109 72 ici,
1146 1437 170 57 mais
1355 1435 85 59 ils
1484 1435 502 78 poursuivirent
2031 1435 61 59 le
2126 1434 216 60 même

211 1517 123 58 but
361 1532 154 42 avec
540 1515 430 75 persistance,
1014 1515 62 58 et
1114 1513 223 61 l'école
1378 1515 420 75 romantique
1837 1513 367 60 allemande
2239 1512 104 59 fut

215 1594 284 61 maintes
558 1593 128 61 fois
744 1594 265 76 appelée
1063 1593 177 61 école
1311 1595 320 59 musicale
1692 1612 114 58 par
1862 1594 99 59 les
2019 1594 323 75 critiques

221 1673 485 71 d'outre-Rhin,
746 1674 113 74 qui
901 1691 78 42 ne
1021 1673 437 76 manquèrent
1499 1691 115 59 pas
1656 1674 80 59 de
1778 1673 273 72 relever,
2091 1688 255 43 comme

219 1753 48 58 il
299 1771 169 40 nous
518 1753 201 58 serait
769 1752 189 58 facile
1003 1752 37 58 à
1082 1753 457 58 nous-mêmes
1586 1753 79 58 de
1715 1753 59 58 le
1828 1752 161 59 faire
2037 1769 168 59 pour
2246 1750 99 60 les

216 1832 464 77 symbolistes,
711 1830 430 61 l'abondance
1193 1832 329 59 d'œuvres
1572 1833 160 58 dont
1779 1832 60 58 le
1889 1833 152 58 titre
2083 1833 99 57 est
2214 1847 89 43 em-

217 1910 239 78 prunté
488 1928 131 41 aux
666 1913 245 56 termes
965 1927 82 42 en
1096 1927 202 61 usage
1350 1910 168 60 dans
1570 1912 66 58 la
1687 1912 336 76 musique.
2072 1910 82 59 Et
2187 1926 160 43 sans

219 1992 202 58 doute
461 1989 222 60 faut-il
724 1989 207 60 croire
964 2007 127 60 que
1124 2007 107 43 ces
1278 1990 541 78 préoccupations
1858 1992 113 58 ont
2014 1989 183 79 prêté
2258 2006 93 42 un

221 2072 266 57 charme
517 2069 132 59 réel
696 2068 36 58 à
772 2069 268 59 l'œuvre
1082 2069 116 60 des
1242 2070 459 75 romantiques
1743 2069 395 73 allemands,
2167 2068 148 77 puis-

221 2166 127 61 que
380 2149 61 59 le
474 2148 281 76 critique
788 2147 301 73 Hettner,
1132 2166 124 58 que
1301 2166 106 42 ses
1452 2148 411 77 préférences
1892 2148 463 77 personnelles

221 2230 113 59 ont
366 2228 242 77 engagé
640 2229 36 56 à
701 2227 198 77 juger
939 2229 59 57 le
1042 2244 245 60 groupe
1326 2229 422 76 romantique
1786 2246 156 43 avec
1985 2247 92 41 un
2112 2244 128 61 peu
2272 2228 81 58 de

221 2307 307 72 sévérité,
597 2305 156 60 s'est
828 2323 88 42 vu
996 2308 350 67 contraint,
1425 2308 276 60 voulant
1779 2307 134 59 être
1979 2305 368 79 impartial,

225 2388 310 58 d'avouer
563 2403 128 59 que
727 2406 28 34 •<
790 2387 144 58 tout
958 2385 372 78 justement
1362 2387 35 58 à
1429 2404 195 42 cause
1659 2388 79 60 de
1769 2389 167 59 cette
1962 2388 159 58 base
2149 2385 166 60 musi-

221 2467 139 58 cale
394 2482 117 43 sur
540 2464 156 76 quoi
729 2464 123 60 elle
885 2482 69 42 se
987 2464 225 74 fonde,
1254 2467 166 57 cette
1459 2465 224 78 poésie
1724 2468 180 58 vient
1937 2465 162 60 faire
2131 2465 225 59 vibrer

224 2562 120 42 nos
377 2562 216 42 cœurs
626 2543 196 60 d'une
856 2544 294 60 manière
1193 2545 56 58 si
1289 2544 391 60 saisissante
1717 2549 62 55 et
1821 2545 56 59 si
1915 2544 344 78 profonde,
2296 2544 60 59 si

225 2624 528 78 gracieusement
794 2624 218 60 rieuse
1062 2642 84 42 ou
1193 2625 56 59 si
1301 2624 423 74 émouvante,
1776 2624 198 78 qu'on
2018 2643 36 41 a
2092 2624 193 78 peine
2319 2624 37 59 à

224 2704 325 76 imaginer
574 2719 127 61 que
737 2702 225 77 puisse
1006 2703 244 76 jamais
1297 2703 310 76 parvenir
1650 2704 37 59 à
1726 2721 92 42 un
1858 2703 280 62 résultat
2169 2702 188 61 aussi

224 2784 260 59 intense
516 2799 131 42 une
678 2782 221 77 poésie
930 2782 155 77 plus
1114 2784 357 76 plastique,
1519 2783 203 60 fut-ce
1772 2784 216 60 même
2035 2784 162 60 celle
2239 2783 118 60 des

227 2863 154 76 plus
414 2862 244 78 grands
691 2860 246 78 poètes.
977 2882 28 34 »

307 3160 55 58 Il
390 3160 99 58 est
520 3176 91 42 un
639 3159 185 77 point
862 3159 117 59 des
1014 3160 334 60 doctrines
1391 3161 77 59 de
1500 3160 220 61 l'école
1753 3161 423 79 romantique
2209 3161 123 61 alle-

230 3239 240 61 mande
517 3239 161 76 qu'il
734 3240 329 58 semblera
1113 3240 78 58 de
1247 3241 214 75 prime
1514 3241 206 60 abord
1769 3242 220 60 moins
2040 3242 192 60 facile
2282 3242 80 60 de

230 3319 395 76 rapprocher
678 3319 77 59 de
802 3335 68 42 ce
918 3319 164 77 qu'il
1138 3320 253 60 semble
1450 3338 127 58 que
1626 3322 214 59 soient
1886 3322 98 59 les
2031 3321 331 61 doctrines

231 3397 435 77 symbolistes
700 3415 11 41 :
758 3414 172 42 nous
973 3397 284 61 voulons
1297 3400 218 76 parler
1557 3400 79 60 de
1666 3400 456 77 l'importance
2155 3401 175 59 consi-

235 3477 266 60 dérable
535 3476 523 78 qu'attachèrent
1085 3479 185 59 aussi
1303 3481 36 57 à
1369 3480 261 58 l'ironie
1661 3483 64 57 et
1754 3481 37 57 à
1826 3481 333 60 l'humour
2178 3481 149 61 théo-

231 3556 247 61 riciens
509 3563 63 53 et
596 3556 225 78 poètes
851 3556 216 79 parmi
1094 3557 96 61 les
1222 3560 457 77 romantiques
1707 3560 391 60 allemands.
2135 3560 226 74 Tieck,
