2568 3892
1227 244 79 63 98

204 378 324 79 spectacle
573 395 120 43 nos
745 377 329 61 écrivains
1107 378 435 79 symbolistes
1576 378 226 76 quand
1832 377 85 60 ils
1957 377 264 81 partent
2253 395 81 42 en

200 476 235 61 guerre
498 476 119 58 par
693 458 301 76 exemple
1061 461 224 58 contre
1355 460 87 58 M.
1524 458 218 60 Emile
1817 449 187 68 Zola*
2033 475 85 42 ou
2175 457 160 61 bien

199 541 88 57 M.
322 538 315 71 François
683 537 278 77 Goppée.
997 538 85 59 Et
1126 557 132 42 non
1290 538 373 60 seulement
1710 538 102 60 les
1857 537 320 76 critiques
2234 538 100 59 les

199 618 155 76 plus
387 617 266 58 acerbes
683 618 117 59 des
832 618 485 78 romantiques,
1352 635 257 43 comme
1647 616 311 59 Frédéric
2005 616 324 77 Schlegel,

200 715 82 42 ne
335 696 427 78 ménagèrent
813 697 247 77 jamais
1130 698 184 60 leurs
1383 700 307 74 attaques
1766 714 131 41 aux
1966 697 213 58 idoles
2251 696 79 61 de

198 778 330 71 Weimar,
557 776 173 59 mais
762 777 253 60 chacun
1046 778 117 60 des
1196 778 327 60 écrivains
1544 778 88 57 du
1656 794 246 58 groupe
1925 792 81 42 ne
2038 792 295 59 manqua

199 875 120 60 pas
352 858 35 57 à
418 857 334 76 exprimer
777 875 108 42 ses
909 860 394 58 sentiments
1324 857 364 60 d'hostilité
1707 858 221 57 contre
1956 874 130 43 une
2119 857 180 58 esthé-

200 938 186 75 tique
438 937 197 75 qu'ils
683 937 344 78 jugeaient
1072 940 257 69 étroite,
1374 936 428 77 incomplète,
1848 954 287 59 presque
2168 937 133 57 anti-

200 1017 334 78 poétique.
564 1016 381 77 Cependant
973 1017 214 61 c'était
1218 1018 35 59 à
1298 1036 91 41 un
1413 1017 237 61 Goethe
1685 1016 201 76 qu'ils
1933 1034 80 41 en
2044 1016 285 72 avaient,

202 1097 397 60 c'est-à-dire
632 1098 36 57 à
697 1115 93 40 un
819 1097 142 58 vrai
994 1098 207 77 grand
1249 1098 191 77 poète
1491 1096 251 77 malgré
1784 1097 170 71 tout,
2008 1097 63 57 et
2130 1096 199 76 qu'ils

202 1176 566 61 reconnaissaient
813 1194 256 43 comme
1107 1177 113 71 tel,
1284 1176 250 76 malgré
1587 1175 162 77 qu'il
1803 1176 113 58 eût
1968 1176 184 58 selon
2202 1192 131 42 eux

199 1256 415 60 faussement
691 1256 357 77 interprété
1122 1257 61 60 le
1261 1274 195 59 genre
1528 1255 574 77 d'enseignement
2170 1255 161 76 qu'il

200 1336 348 60 convenait
583 1336 77 58 de
688 1337 363 59 demander
1077 1354 131 42 aux
1238 1336 410 60 littératures
1674 1335 204 59 latine
1904 1352 85 42 ou
2020 1351 310 61 grecque,

202 1416 251 77 malgré
486 1416 184 60 aussi
705 1434 105 42 ses
839 1416 546 77 préoccupations
1418 1417 80 59 de
1531 1432 70 44 ce
1650 1431 127 61 que
1825 1432 171 42 nous
2051 1415 247 77 appelle-

200 1497 185 59 rions
429 1495 429 78 aujourd'hui
907 1496 464 71 naturalisme,
1413 1495 250 78 malgré
1716 1512 107 42 ses
1855 1495 225 59 soucis
2127 1495 173 59 d'éco-

203 1576 288 58 nomiste
538 1578 61 58 et
642 1576 78 58 de
761 1577 254 59 savant.
1067 1576 174 60 C'est
1302 1576 172 60 ainsi
1523 1592 128 60 que
1707 1575 301 72 Novalis,
2065 1591 94 42 un
2213 1575 118 59 des

202 1657 155 76 plus
405 1672 162 60 purs
614 1655 227 77 poètes
891 1656 116 76 qui
1053 1656 175 58 aient
1277 1656 125 72 été,
1455 1656 62 58 et
1573 1656 162 58 dont
1766 1671 107 42 ses
1917 1655 416 59 adversaires

204 1736 256 60 mêmes
501 1737 113 57 ont
654 1735 208 59 avoué
914 1735 161 77 qu'il
1105 1735 175 59 avait
1321 1735 171 59 senti
1540 1735 63 59 et
1651 1733 298 78 exprimé
1997 1735 154 73 plus
2203 1751 128 59 que

203 1831 329 61 personne
580 1813 64 60 la
697 1815 222 76 poésie
975 1815 78 58 de
1105 1815 64 58 la
1223 1813 249 78 poésie,
1517 1831 37 41 a
1611 1812 164 61 écrit
1825 1813 80 59 de
1991 1817 305 56 Wiliielm-

212 1897 292 59 meister
526 1910 125 60 que
697 1893 213 60 c'était
941 1912 90 41 un
1067 1898 301 55 Candide
1399 1892 210 79 dirigé
1638 1895 222 57 contre
1890 1893 64 59 la
1984 1893 248 77 poésie,
2269 1895 64 57 et

203 1992 127 60 que
357 1992 69 41 ce
457 1975 189 72 livre,
680 1973 288 78 quelque
998 1973 309 78 poétique
1340 1973 195 77 qu'en
1573 1973 297 77 paraisse
1902 1973 65 59 la
2006 1973 287 77 composi-

200 2057 166 70 tion,
401 2053 155 60 était
587 2053 477 78 anti-poétique
1095 2071 85 42 au
1213 2053 307 77 suprême
1554 2053 219 77 degré.
1799 2053 96 59 La
1915 2053 268 77 plupart
2216 2053 115 59 des

203 2150 262 43 œuvres
498 2133 78 59 de
609 2132 237 61 Gœthe
874 2132 524 78 apparaissaient
1421 2132 37 59 à
1486 2132 279 61 Novalis
1797 2149 256 42 comme
2084 2132 247 60 douées

204 2215 116 58 des
372 2212 287 78 qualités
712 2232 29 36 «
785 2213 111 75 qui
956 2212 466 60 caractérisent
1483 2213 99 59 les
1658 2212 500 59 marchandises
2213 2212 118 60 des

199 2292 304 79 Anglais,
526 2292 135 59 très
691 2291 302 79 simples,
1023 2292 356 78 élégantes,
1415 2293 386 59 commodes
1834 2293 62 58 et
1928 2291 335 61 durables.
2296 2312 30 35 »

202 2375 101 59 On
336 2390 82 42 ne
449 2372 371 60 s'étonnera
848 2390 121 60 pas
1008 2390 130 58 que
1168 2372 61 60 le
1277 2372 190 76 poète
1517 2372 117 76 qui
1679 2390 37 41 a
1766 2389 231 43 encore
2055 2372 275 75 qualifié

212 2453 611 61 WiIhelmmeister
888 2451 59 58 d'
1006 2471 29 36 «
1083 2450 301 78 évangile
1450 2451 405 60 d'économie
1921 2450 328 77 politique
2296 2471 30 37 »

202 2532 91 60 ait
326 2532 98 59 dit
456 2532 114 59 des
600 2531 262 76 poésies
886 2531 79 60 de
993 2530 281 61 Schiller
1300 2530 277 76 qu'elles
1606 2531 99 58 lui
1740 2530 400 61 semblaient
2170 2531 120 58 sim-

200 2612 299 78 plement
531 2611 134 60 être
714 2631 29 35 «
791 2611 79 58 de
898 2610 198 76 jolies
1129 2610 428 77 superfluités
1591 2630 53 39 ».

280 2692 130 59 Les
454 2691 348 76 reproches
833 2690 157 61 faits
1022 2707 131 42 aux
1183 2690 431 59 naturalistes
1647 2691 62 57 et
1738 2706 132 42 aux
1900 2690 431 76 parnassiens

200 2789 119 59 par
346 2771 100 60 les
477 2770 460 77 symbolistes,
973 2770 138 59 s'ils
1144 2768 392 63 s'attachent
1566 2770 37 57 à
1636 2770 114 58 des
1782 2786 194 42 noms
2018 2771 200 75 qu'on
2248 2787 85 42 ne

203 2851 255 60 saurait
487 2850 200 77 guère
719 2850 395 76 rapprocher
1144 2867 127 59 que
1299 2866 118 60 par
1445 2865 130 60 peu
1625 2850 80 58 de
1759 2850 222 75 points
2029 2852 79 56 de
2164 2867 170 42 ceux

203 2932 79 59 de
315 2930 236 62 Gœthe
584 2932 62 57 et
679 2931 79 58 de
791 2930 302 73 Schiller,
1128 2931 151 58 sont
1309 2928 367 77 cependant
1708 2930 159 58 d'un
1906 2930 192 58 ordre
2149 2930 149 61 iden-

200 3011 187 76 tique
420 3027 132 42 aux
580 3010 351 77 reproches
957 3027 127 60 que
1126 3027 83 42 ne
1242 3011 335 60 cessèrent
1608 3010 78 58 de
1718 3008 163 60 faire
1915 3010 34 58 à
1975 3010 181 58 leurs
2187 3010 108 77 pré-

204 3092 390 65 décesseurs
622 3090 100 59 les
755 3091 456 76 romantiques
1252 3088 392 61 allemands.
1684 3090 175 58 D'un
1892 3090 140 58 côté
2074 3106 255 43 comme

206 3171 78 60 de
313 3170 261 73 l'autre,
608 3187 81 41 on
715 3170 159 77 juge
899 3186 126 60 que
1058 3186 106 42 ces
1192 3168 510 78 prédécesseurs
1743 3171 112 57 ont
1904 3170 143 76 trop
2104 3170 225 59 oublié

207 3267 126 60 que
381 3250 65 58 la
495 3250 180 59 vraie
722 3250 224 76 poésie
997 3251 99 58 est
1133 3248 64 60 la
1225 3248 155 78 plus
1409 3250 202 58 haute
1648 3250 391 75 expression
2070 3248 79 61 de
2180 3250 149 59 l'art

202 3328 346 74 littéraire,
583 3331 63 57 et
689 3328 201 77 qu'ils
936 3331 113 58 ont
1103 3328 228 79 ignoré
1384 3345 85 43 ou
1516 3345 131 60 peu
1691 3345 219 43 connu
1950 3346 70 42 ce
2064 3328 116 77 qui
2227 3332 102 56 est

202 3410 321 58 l'essence
578 3407 217 61 même
844 3408 79 61 de
971 3411 183 57 toute
1213 3408 243 78 poésie.
1517 3408 183 59 Pour
1745 3408 62 59 le
1878 3425 109 43 cas
2034 3408 292 77 présent,

200 3506 326 59 personne
580 3506 81 42 ne
719 3490 370 59 contestera
1134 3505 118 61 par
1309 3487 301 78 exemple
1666 3505 128 60 que
1843 3488 86 60 M.
1984 3488 181 73 Zola,
2221 3488 105 60 s'il

204 3568 235 61 atteint
495 3570 283 59 souvent
824 3588 131 43 une
998 3568 180 63 vraie
1235 3570 333 77 grandeur
1629 3568 264 79 épique,
1942 3570 92 59 ait
2083 3568 243 79 jamais
