2568 3892
1226 257 115 60 105

226 390 148 61 leur
399 393 374 77 reprochait
811 393 99 58 cet
954 389 207 74 oubli,
1198 391 85 59 ils
1315 409 81 42 ne
1430 393 508 76 manqueraient
1966 409 121 61 pas
2138 394 77 58 de
2262 393 95 72 ré:

224 471 278 75 pondre,
557 473 288 77 puisque
901 488 330 61 personne
1308 474 331 75 n'accepte
1702 473 154 76 plus
1928 456 427 94 aujourd'hui

228 549 198 61 d'être
460 569 78 42 en
559 569 214 43 aucun
798 551 297 59 moment
1118 549 345 61 considéré
1496 568 254 43 comme
1768 569 92 41 un
1880 553 189 75 poète
2096 553 260 59 novice?

228 645 128 60 que
381 648 70 42 ce
483 635 169 57 n'est
682 633 167 58 donc
879 648 121 60 pas
1029 630 36 59 à
1093 647 130 43 eux
1254 647 128 58 que
1409 634 157 72 peut
1594 648 70 42 se
1697 635 339 74 rapporter
2063 649 70 42 ce
2171 633 151 76 juge-

225 711 206 58 ment.
465 710 188 61 Dans
695 728 119 42 son
854 709 279 61 curieux
1164 711 136 56 Art
1336 710 314 71 poétique
1660 757 15 22 ,
1721 711 87 59 M.
1844 711 171 60 Paul
2045 695 311 76 Verlaine

225 789 216 60 donne
477 808 132 42 aux
635 791 225 77 poètes
893 791 117 58 des
1043 790 290 59 conseils
1366 789 114 76 qui
1514 789 327 61 semblent
1865 790 155 61 bien
2051 793 185 58 avoir
2257 793 99 58 été

221 868 536 76 précieusement
788 869 266 61 écoutés
1099 887 119 58 par
1251 885 131 44 une
1424 869 245 76 grande
1695 870 208 76 partie
1935 871 78 60 de
2056 871 65 59 la
2153 871 204 78 jeune

223 946 411 77 génération,
670 950 101 61 On
800 967 46 59 y
874 949 80 60 lit
983 965 82 44 en
1101 948 153 61 effet
1288 965 12 42 :

599 1217 25 28 «
667 1197 150 54 Rien
846 1195 71 54 de
945 1194 141 71 plus
1119 1194 142 53 cher
1287 1211 114 53 que
1432 1195 61 52 la
1522 1194 272 55 chanson
1827 1195 156 70 grise

597 1268 92 53 Où
723 1266 273 55 l'Indécis
1028 1282 76 37 au
1134 1266 205 54 Précis
1371 1282 59 37 se
1457 1266 185 69 joint.

596 1410 116 52 Car
741 1424 153 38 nous
925 1407 260 54 voulons
1221 1407 56 54 la
1312 1409 247 52 Nuance
1592 1421 68 40 en
1672 1423 117 45 cor,

592 1480 118 52 Pas
736 1480 61 52 la
821 1479 261 63 couleur,
1118 1480 128 52 rien
1281 1495 115 53 que
1425 1477 61 54 la
1517 1480 264 51 nuance!

592 1588 668 18 *•••#•*•
1345 1592 393 13 •••••
1828 1591 11 11 •
1924 1587 12 13 »

591 1620 231 53 Prends
851 1620 384 69 l'Eloquence
1267 1622 57 51 et
1354 1618 282 55 tords-lui
1668 1635 109 37 son
1819 1633 109 39 cou
1947 1620 12 52 !

583 1762 88 52 De
703 1760 59 54 la
790 1762 281 70 musique
1103 1773 211 41 encore
1344 1764 56 50 et
1430 1762 306 68 toujours!
1776 1781 25 29 »

300 1954 67 58 Si
402 1954 275 59 nombre
710 1954 79 59 de
827 1954 240 77 jeunes
1108 1955 329 59 écrivains
1477 1956 113 58 ont
1635 1971 165 60 paru
1833 1955 163 59 aller
2023 1956 154 76 plus
2211 1956 139 61 loin

218 2050 233 42 encore
480 2050 129 58 que
640 2050 82 42 ne
748 2032 60 59 le
835 2035 611 58 recommandaient
1476 2051 107 42 ces
1613 2032 212 79 lignes
1851 2035 92 58 du
1969 2035 211 76 poète,
2216 2036 135 59 cela

215 2112 306 76 provient
565 2111 327 77 peut-être
943 2114 80 58 de
1085 2130 70 42 ce
1216 2130 150 60 que,
1424 2112 154 78 plus
1637 2131 127 59 que
1810 2114 97 58 lui
1961 2131 253 51 encore,
2266 2116 85 57 ils

218 2192 264 57 avaient
525 2191 185 60 souci
752 2191 79 60 de
869 2192 314 76 produire
1221 2209 131 43 une
1394 2194 405 74 impression
1841 2194 510 76 complètement

215 2271 349 72 musicale,
599 2289 106 40 car
737 2271 86 60 ils
853 2289 68 42 se
962 2272 472 77 persuadaient
1475 2275 79 57 de
1599 2274 155 76 plus
1797 2290 79 42 en
1907 2274 152 76 plus
2093 2290 127 61 que
2251 2276 98 57 les

211 2350 128 59 lois
365 2350 467 59 constitutives
856 2351 78 58 de
955 2350 148 59 l'art
1134 2351 89 58 du
1245 2368 151 43 vers
1421 2352 152 59 sont
1602 2352 117 60 des
1742 2352 129 59 lois
1896 2356 223 56 toutes
2143 2355 166 57 musi-

218 2431 175 58 cales
425 2431 77 57 de
543 2430 265 76 rythme
845 2434 61 55 et
943 2431 434 74 d'harmonie,
1420 2435 64 56 et
1527 2432 157 75 qu'il
1722 2432 308 60 convient
2068 2432 169 60 donc
2269 2434 78 58 de

219 2510 363 58 demander
609 2526 81 42 au
724 2526 149 42 vers
913 2526 131 42 non
1079 2510 153 76 plus
1272 2528 94 41 un
1411 2511 266 75 rythme
1720 2512 143 75 trop
1907 2514 283 57 souvent
2223 2512 95 59 fac-

216 2590 153 68 tice,
405 2590 171 58 mais
615 2606 91 42 un
748 2590 266 76 rythme
1053 2589 156 59 basé
1255 2590 382 59 réellement
1679 2608 116 41 sur
1832 2592 97 57 les
1971 2592 376 60 sensations

218 2669 331 58 auditives
579 2669 345 74 produites
955 2685 117 60 par
1103 2669 64 58 la
1197 2669 247 59 lecture
1475 2670 297 60 normale
1801 2671 89 57 du
1917 2688 171 55 vers,
2126 2674 63 56 et
2215 2689 130 42 une

216 2747 459 60 combinaison
694 2749 153 76 plus
872 2749 401 71 consciente,
1303 2750 190 58 sinon
1523 2750 155 76 plus
1705 2752 296 70 savante,
2018 2751 116 57 des
2158 2751 189 60 effets

219 2827 411 59 d'harmonie
672 2829 197 74 qu'on
910 2845 81 42 ne
1033 2829 411 76 remarquait
1489 2829 197 76 guère
1725 2830 319 76 jusqu'ici
2095 2831 149 75 qu'à
2281 2831 65 59 la

218 2905 191 73 rime,
445 2906 62 57 et
538 2923 128 58 que
700 2907 314 75 pourtant
1039 2907 50 59 il
1120 2909 201 57 serait
1361 2907 190 60 facile
1594 2909 374 75 d'analyser
2006 2910 164 57 dans
2203 2909 144 59 leur

214 2986 172 58 belle
416 2986 395 75 complexité
849 2987 156 60 chez
1043 2987 95 59 les
1173 2987 242 78 grands
1444 2989 228 76 poètes
1703 2989 362 58 antérieurs
2098 2989 117 75 qui
2246 2989 99 59 les

215 3067 114 56 ont
360 3065 327 76 produits,
722 3067 147 57 tout
902 3066 343 60 d'instinct
1286 3069 63 57 et
1387 3084 120 60 par
1546 3066 65 60 la
1651 3069 184 58 seule
1867 3070 188 56 vertu
2089 3067 79 59 de
2199 3067 147 60 leur

215 3145 212 77 génie,
478 3144 213 58 même
737 3145 342 77 lorsqu'ils
1129 3146 339 76 croyaient
1517 3164 81 42 ne
1650 3146 393 78 s'inquiéter
2092 3164 126 58 que
2252 3147 89 59 du

212 3224 139 59 rôle
384 3222 472 76 spécialement
887 3225 261 59 réservé
1189 3226 36 57 à
1273 3225 63 58 la
1378 3226 169 58 rime
1597 3226 165 60 dans
1811 3226 179 60 leurs
2022 3226 281 76 composi-

211 3306 181 59 tions
418 3302 375 76 poétiques.

295 3400 174 60 C'est
501 3415 155 42 sans
684 3399 198 61 doute
917 3419 68 42 ce
1018 3401 180 60 désir
1234 3403 78 58 de
1347 3401 495 61 combinaisons
1867 3401 476 79 harmoniques

214 3481 156 77 plus
427 3479 196 70 Unes,
677 3479 151 75 plus
874 3480 342 74 discrètes,
1259 3483 156 76 plus
1474 3481 522 71 immatérielles,
2046 3483 113 75 qui
2203 3484 139 58 doit

212 3561 136 60 être
376 3556 342 63 considéré
748 3574 253 45 comme
1032 3560 64 60 la
1124 3561 366 76 principale
1526 3577 196 43 cause
1755 3560 117 60 des
1902 3560 322 61 réformes
2256 3564 81 58 de
