2568 3892
1278 249 78 63 96

239 383 316 78 desquels
587 383 86 60 ils
703 383 392 78 prétendent
1122 383 293 61 évoluer.
1443 383 67 61 Si
1543 384 167 59 donc
1736 401 83 42 on
1848 400 80 42 ne
1952 383 262 60 discuta
2242 400 109 62 pas

235 463 154 78 plus
423 463 93 61 tôt
545 463 65 60 la
640 464 232 59 valeur
917 464 78 59 de
1029 480 105 43 ces
1165 463 357 78 principes,
1555 464 63 58 la
1650 463 179 60 faute
1862 480 79 40 en
1971 462 105 60 fut
2116 463 195 60 davan-

234 546 147 73 tage
397 542 149 77 qu'à
573 543 414 60 eux-mêmes
1010 543 36 57 à
1068 542 475 61 l'indifférence
1562 542 304 79 générale
1891 558 157 42 avec
2068 541 282 77 laquelle

235 623 60 59 le
346 623 206 75 grand
591 622 229 77 public
868 623 316 59 accueille
1226 623 185 60 toute
1460 622 501 60 manifestation
2003 623 347 76 purement

235 702 343 71 littéraire,
624 718 169 60 pour
822 702 296 60 réserver
1142 704 145 58 tout
1338 720 119 42 son
1508 701 240 61 intérêt
1792 702 37 58 à
1876 702 118 58 des
2032 702 201 58 luttes
2267 702 79 58 de

233 781 482 77 personnalités
773 798 85 42 ou
897 782 144 58 tout
1085 798 83 42 au
1216 782 151 76 plus
1429 798 80 42 au
1564 779 548 78 développement
2154 781 76 58 de
2276 796 71 44 ce

238 861 197 76 qu'on
468 861 252 77 appelle
752 861 117 59 des
893 862 360 60 situations
1284 861 404 76 artistiques.

319 939 137 60 Une
491 941 116 58 des
638 939 319 77 critiques
974 941 98 58 les
1103 941 152 76 plus
1287 939 361 60 autorisées
1681 937 114 79 qui
1824 938 180 60 aient
2035 938 96 61 été
2153 939 194 61 faites

233 1019 401 61 récemment
660 1037 168 60 pour
868 1019 293 61 élucider
1201 1021 304 58 vis-à-vis
1549 1019 88 60 du
1667 1018 229 78 public
1928 1036 90 42 un
2053 1019 176 78 sujet
2260 1021 84 58 où

235 1099 149 77 déjà
416 1101 96 58 les
563 1099 230 60 initiés
825 1101 261 58 avaient
1129 1101 117 58 des
1289 1099 266 60 notions
1585 1099 154 77 plus
1778 1099 215 59 nettes
2039 1102 191 74 qu'on
2264 1117 81 42 ne

233 1178 188 71 croit,
455 1179 99 59 est
582 1178 160 60 celle
774 1179 79 59 de
882 1178 87 60 M.
1004 1178 416 71 Brunetière,
1468 1178 116 76 qui
1617 1195 37 42 a
1682 1176 264 59 résumé
1975 1177 135 60 très
2142 1179 171 60 nette-

233 1262 183 55 ment
446 1259 164 59 dans
638 1259 63 59 la
729 1258 230 60 Revue
994 1263 113 55 des
1138 1262 517 56 Reux~Mond.es
1687 1257 99 60 les
1808 1257 331 76 principes
2157 1258 190 76 épars

232 1353 91 42 un
342 1355 127 58 peu
487 1339 261 75 partout
767 1338 166 59 dans
950 1337 97 60 les
1065 1353 235 44 revues
1324 1337 454 76 symbolistes,
1809 1337 62 57 et
1894 1352 36 42 a
1957 1336 240 77 dégagé
2228 1338 116 59 des

233 1433 260 44 œuvres
526 1417 150 77 déjà
704 1416 305 77 publiées
1024 1433 118 60 par
1161 1416 97 59 les
1282 1416 329 59 écrivains
1637 1416 79 58 de
1742 1414 64 59 la
1834 1416 310 59 nouvelle
2167 1416 175 59 école

233 1497 99 58 les
372 1497 213 74 lignes
630 1496 377 61 directrices
1054 1496 521 59 consciemment
1623 1512 86 42 ou
1752 1494 593 61 inconsciemment

232 1576 248 58 suivies
502 1593 119 59 par
651 1593 149 42 eux.
835 1576 89 58 M.
958 1574 410 73 Brunetière,
1404 1577 61 57 et
1495 1574 137 59 cela
1658 1590 81 43 ne
1772 1574 404 77 surprendra
2205 1592 106 60 per-

233 1672 230 56 sonne,
498 1656 153 58 s'est
675 1654 287 78 acquitté
982 1656 78 58 de
1084 1657 165 57 cette
1275 1656 188 58 tâche
1488 1671 152 42 avec
1669 1653 343 78 beaucoup
2037 1654 270 77 d'impar-

229 1734 216 59 tialité
478 1737 63 56 et
568 1734 79 59 de
665 1734 318 77 justesse,
1018 1734 62 59 et
1109 1734 79 59 de
1214 1733 155 60 telle
1401 1732 188 72 façon
1621 1750 151 58 que,
1799 1732 155 60 bien
1989 1733 161 76 qu'il
2182 1734 162 59 n'ait

228 1831 120 58 pas
400 1813 271 78 ménagé
712 1814 97 59 les
841 1814 342 75 critiques,
1216 1813 96 60 les
1358 1812 434 76 symbolistes
1838 1814 113 58 ont
2002 1814 88 58 dû
2121 1831 187 43 recon-

228 1894 212 58 naître
468 1892 350 77 l'ampleur
839 1896 63 56 et
929 1892 424 60 l'exactitude
1385 1893 78 57 de
1496 1908 121 42 son
1641 1891 348 77 jugement
2018 1908 117 44 sur
2162 1892 183 61 leurs

229 1973 381 59 tendances.
648 1972 116 60 S'il
795 1972 159 58 était
983 1972 234 60 besoin
1258 1972 78 58 de
1391 1972 61 58 le
1489 1988 326 59 prouver,
1848 1971 48 59 il
1930 1972 293 60 suffirait
2265 1974 80 58 de

233 2068 68 42 se
332 2052 293 76 reporter
654 2052 36 57 à
727 2052 65 57 la
833 2051 276 76 réponse
1156 2051 116 76 qui
1312 2049 102 60 fut
1453 2049 158 60 faite
1664 2051 37 57 à
1749 2067 121 42 son
1910 2051 227 59 article
2177 2052 169 58 dans

229 2132 164 58 cette
447 2147 200 42 revue
696 2131 234 58 même.
986 2129 86 59 M.
1124 2129 275 59 Francis
1447 2128 465 62 Vielé-Griflin
1959 2148 43 50 y
2051 2133 294 57 constate

1962 2193 20 13 e/

226 2209 65 59 la
325 2209 289 60 manière
648 2209 279 77 parfaite
969 2226 285 60 presque
1286 2209 78 58 de
1394 2209 144 60 tout
1566 2209 187 75 point
1783 2209 159 59 dont
1970 2209 89 59 M.
2095 2211 210 59 Brune-

228 2289 160 59 tière
430 2306 34 42 a
502 2288 184 78 porté
734 2289 64 59 la
840 2288 282 60 lumière
1166 2306 117 41 sur
1328 2288 116 59 des
1491 2288 348 76 questions
1888 2305 128 59 que
2059 2306 287 60 presque

228 2371 146 57 tout
403 2369 60 59 le
494 2368 242 60 monde
770 2369 268 77 jusqu'à
1079 2368 97 59 lui
1218 2367 311 61 semblait
1559 2368 219 76 plutôt
1808 2385 69 43 se
1903 2368 208 78 plaire
2144 2369 36 59 à
2211 2386 135 43 em-

228 2465 39 42 JJ
277 2446 289 63 rouiller.

305 2528 186 60 Nous
545 2528 362 59 voudrions
944 2526 451 75 aujourd'hui,
1430 2543 169 42 nous
1645 2542 81 43 en
1757 2527 228 60 tenant
2026 2545 131 42 aux
2197 2545 111 43 con-

229 2607 297 58 clusions
554 2607 79 60 de
662 2607 273 58 l'article
968 2607 79 58 de
1079 2607 86 57 M.
1207 2604 406 72 Brunetière,
1648 2607 294 57 montrer
1969 2606 63 58 la
2063 2625 243 42 ressem-

228 2687 232 58 blance
501 2686 344 77 frappante
892 2702 126 60 que
1048 2684 304 78 présente
1386 2684 60 59 le
1489 2688 427 55 mouvement
1946 2686 399 75 symboliste

226 2782 157 43 avec
427 2782 92 42 un
555 2767 426 58 mouvement
1027 2763 318 60 littéraire
1380 2763 114 76 qui
1537 2766 111 57 eut
1682 2781 91 42 un
1805 2767 541 60 retentissement

226 2844 456 61 considérable
720 2862 74 42 en
828 2844 388 77 Allemagne
1267 2843 35 57 à
1340 2843 65 59 la
1446 2843 90 59 fin
1589 2843 89 57 du
1731 2843 196 59 siècle
1976 2844 265 61 dernier
2284 2848 62 57 et

226 2942 84 41 au
362 2927 568 58 commencement
972 2924 77 59 de
1101 2923 307 59 celui-ci':
1443 2940 172 42 nous
1658 2923 282 60 voulons
1978 2926 217 75 parler
2230 2927 119 58 des

225 3003 539 61 manifestations
809 3004 167 59 d'art
1016 3004 60 59 et
1117 3003 117 60 des
1265 3018 262 44 œuvres
1561 3002 165 60 dues
1768 3003 37 57 à
1830 3003 225 61 l'école
2086 3022 218 43 roman-

225 3083 186 76 tique
446 3083 396 60 allemande.

302 3405 101 61 On
419 3422 35 42 a
476 3405 96 59 dit
586 3405 162 77 qu'il
765 3405 211 59 fallait
991 3405 308 59 chercher
1311 3402 298 78 l'origine
1625 3403 86 60 du
1729 3407 426 60 mouvement
2169 3425 136 60 sym-

221 3485 239 59 boliste
494 3485 164 58 dans
687 3486 60 58 le
775 3483 336 78 perpétuel
1144 3483 232 60 besoin
1410 3485 79 57 de
1534 3483 290 60 réaction
1866 3486 117 76 qui
2025 3504 69 42 se
2136 3488 168 58 mani-

221 3565 170 61 feste
426 3565 31 58 à
487 3565 219 59 toutes
739 3565 97 59 les
869 3565 291 75 époques
1198 3566 221 58 contre
1448 3563 98 61 les
1566 3563 335 61 doctrines
1931 3568 202 72 ayant
2166 3582 81 45 eu
2276 3567 65 61 la
