2253 3769
192 239 3 0 132

805 199 325 27 PUBLICATIONS
1165 200 259 27 NOUVELLES

115 295 108 39 nion
246 293 55 41 de
325 292 256 48 Rousseau,
605 293 53 39 de
684 291 201 41 Rameau
908 301 42 31 et
966 292 53 40 de
1045 301 94 31 tant
1176 290 196 44 d'autres
1395 294 257 49 modernes,
1688 301 65 31 est
1774 293 245 40 contredite
2044 308 78 37 par

116 362 234 53 beaucoup
379 363 53 40 de
456 362 116 40 faits.
608 360 67 41 En
696 374 188 33 somme,
907 360 285 53 j'inclinerais
1215 362 245 40 volontiers
1482 377 21 25 a
1527 364 140 38 croire
1692 360 106 53 qu'il
1830 370 64 31 est
1920 362 177 40 chiméri-

118 445 85 38 que
223 431 53 40 de
293 431 176 40 vouloir
492 430 155 41 fonder
669 430 37 39 la
732 427 315 42 classification
1067 429 77 39 des
1169 430 153 40 modes
1347 444 76 27 sur
1445 431 107 40 celle
1576 431 77 39 des
1679 430 280 46 sentiments;
1981 444 46 25 ce
2047 432 74 50 qui

117 499 247 40 détermine
386 499 38 40 le
448 503 218 35 caractère
689 496 218 54 expressif
918 494 132 42 d'une
1076 496 190 41 mélodie
1298 511 56 27 ou
1372 498 131 40 d'une
1526 499 302 51 composition
1851 502 21 35 à
1898 498 224 52 plusieurs

118 569 183 50 parties,
329 581 46 27 ce
400 565 110 42 n'est
531 579 79 39 pas
628 566 264 46 seulement,
984 565 28 40 il
1028 563 92 42 s'en
1145 564 92 41 faut
1256 566 6 38 !
1350 566 38 40 la
1414 567 124 52 place
1564 565 104 42 d'un
1687 567 222 39 demi-ton
1929 578 9 28 :
1961 565 103 41 c'est
2085 567 38 40 le

117 644 306 38 mouvement,
447 633 105 42 c'est
577 634 39 40 le
638 633 56 40 lié
716 647 56 28 ou
803 635 38 39 le
866 633 128 55 piqué
1014 633 52 40 de
1091 633 37 40 la
1154 633 178 52 phrase,
1372 633 103 44 c'est
1500 636 243 39 l'intensité
1762 635 78 39 des
1867 648 126 34 sons,
2018 634 104 41 c'est

118 704 38 40 le
175 703 161 42 timbre
356 702 169 53 (quand
551 703 27 39 il
603 702 129 50 s'agit
773 703 131 40 d'une
944 703 298 50 composition
1276 717 112 38 pour
1420 705 260 48 orchestre),
1710 704 38 40 le
1778 703 188 52 rythme,
1985 717 54 27 en
2064 718 58 27 un

119 781 91 31 mot
227 780 95 33 tout
348 785 47 27 ce
416 772 74 51 qui
511 772 219 39 constitue
754 771 39 40 la
826 775 162 48 pensée
1018 771 231 48 musicale,
1271 771 193 54 laquelle
1497 787 53 27 ne
1586 773 119 41 subit
1729 785 79 40 pas
1847 785 70 27 ses
1938 785 184 40 moyens

118 840 320 53 d'expression,
460 841 113 39 mais
591 840 62 40 les
672 844 97 36 crée
791 848 41 32 et
857 840 62 39 les
940 837 267 43 transforme
1230 844 22 36 à
1278 854 79 26 son
1379 847 96 45 gré.

173 908 120 52 Quoi
310 909 106 53 qu'il
431 922 53 27 en
502 910 101 46 soit,
623 909 39 52 je
681 906 270 43 m'arrêterai
969 922 82 26 aux
1064 909 286 41 conclusions
1365 912 228 40 suivantes
1627 912 76 51 qui
1722 914 278 38 résumeront
2014 917 109 32 cette

123 978 126 50 leçon
270 989 13 27 :

177 1051 38 35 i°
235 1046 61 40 Le
322 1047 131 39 mode
476 1048 193 48 tnineur,
694 1044 104 42 d'un
816 1059 139 37 usage
989 1046 241 50 universel,
1256 1056 65 31 est
1339 1061 59 26 un
1422 1049 131 40 mode
1574 1049 232 52 populaire
1832 1061 8 34 ;

175 1130 20 24 2
203 1124 16 17 0
240 1115 30 40 II
298 1115 92 40 faut
414 1115 252 50 distinguer
686 1115 38 40 le
748 1116 173 39 mineur
940 1129 98 38 pur,
1067 1114 310 53 l'hypodorien
1399 1118 197 51 antique,
1622 1117 58 40 du
1706 1119 176 38 mineur
1910 1115 213 41 moderne

121 1197 104 26 avec
248 1192 103 32 note
383 1183 194 40 sensible
603 1199 9 33 ;

181 1267 16 35 3
205 1257 17 17 0
240 1251 61 40 Ce
326 1254 175 38 mineur
520 1252 214 40 moderne
823 1252 102 41 bien
959 1251 107 54 qu'il
1091 1254 59 39 ait
1172 1254 200 51 toujours
1402 1268 57 26 un
1488 1255 226 39 demi-ton
1748 1263 126 31 entre
1898 1254 38 39 le
1958 1268 19 25 2
1983 1258 15 17 e
2018 1261 41 32 et
2085 1253 39 40 le

123 1335 16 35 3
147 1326 15 16 e
186 1320 136 50 degré
412 1319 66 42 n'a
504 1334 80 39 pas
603 1321 54 40 de
677 1320 140 41 forme
847 1319 82 43 fixe
949 1322 59 49 ;il
1033 1331 65 31 est
1121 1321 168 53 parfois
1314 1324 135 38 teinté
1466 1322 53 40 de
1542 1323 337 47 chromatisme,
1904 1331 41 31 et
1969 1322 26 40 il
2021 1322 102 40 s'est

120 1394 172 35 annexé
315 1390 218 52 quelques
558 1389 216 41 éléments
792 1390 58 40 du
872 1392 172 50 majeur
1068 1392 75 50 qui
1158 1390 38 40 le
1221 1390 185 40 rendent
1425 1390 200 40 variable
1647 1402 11 39 ;

174 1474 24 35 4
203 1463 18 16 0
245 1458 30 40 II
294 1467 65 31 est
400 1457 118 51 faux,
558 1458 172 50 malgré
761 1459 109 50 cela,
911 1460 53 38 de
1004 1459 38 39 le
1078 1460 257 38 considérer
1354 1472 173 26 comme
1546 1458 184 53 capable
1751 1457 268 54 d'exprimer
2035 1472 86 27 une

125 1528 224 49 catégorie
372 1527 205 40 distincte
600 1527 52 39 de
677 1528 281 48 sentiments,
984 1531 21 34 à
1028 1525 254 41 l'exclusion
1311 1527 77 39 des
1422 1536 163 31 autres.

189 1594 143 53 Après
356 1596 123 39 avoir
500 1596 113 38 ainsi
636 1594 187 52 déblayé
845 1595 38 39 le
904 1595 162 39 terrain
1087 1603 40 31 et
1149 1598 219 48 présenté,
1385 1595 499 48 commeintroduction,
1908 1593 216 55 quelques

131 1663 269 50 généralités
421 1665 73 49 qui
516 1676 71 26 me
605 1665 297 50 paraissaient
918 1662 377 53 indispensables,
1320 1661 246 54 j'étudierai
1591 1664 37 39 la
1655 1664 236 53 technique
1910 1665 58 40 du
1993 1665 131 40 mode

125 1733 190 45 mineur,
355 1731 175 52 d'après
569 1731 62 40 les
655 1733 260 51 principaux
952 1733 242 38 musiciens
1218 1733 74 50 qui
1325 1745 54 26 en
1402 1741 75 31 ont
1498 1731 77 41 fait
1599 1733 38 39 la
1658 1733 185 40 théorie.

179 1798 151 41 L'idée
367 1799 228 41 directrice
619 1800 52 39 de
704 1808 109 32 cette
846 1800 147 49 étude,
1023 1806 57 34 où
1111 1797 289 54 j'attribuerai
1440 1815 56 26 au
1527 1803 176 38 mineur
1727 1802 39 39 la
1791 1806 146 35 même
1960 1802 137 51 impor-

125 1876 126 31 tance
275 1867 131 41 réelle
429 1866 133 54 qu'au
580 1869 186 51 majeur,
791 1877 65 32 est
879 1882 86 27 une
988 1869 96 39 idée
1100 1882 85 38 que
1200 1869 37 51 je
1254 1870 115 38 crois
1392 1869 253 41 essentielle
1670 1874 21 35 à
1712 1876 112 34 toute
1840 1884 140 26 œuvre
1996 1869 124 50 d'art,

125 1945 42 31 et
191 1945 176 31 surtout
391 1940 21 35 à
440 1936 38 40 la
503 1938 207 51 musique
729 1951 7 25 :
760 1935 326 42 L'OPPOSITION.

290 2029 58 52 (A
373 2029 171 52 suivre.)

1526 2030 138 54 JULES
1688 2030 292 41 COMBARIEU.

761 2326 396 41 Publications
1181 2325 309 41 nouvelles.

181 2473 173 41 LIONEL
378 2489 55 25 DE
456 2488 51 26 LA
530 2473 264 41 LAURENCIE

811 2489 7 24 :
845 2473 60 40 La
928 2473 64 41 vie
1007 2472 201 40 musicale
1228 2487 47 26 en
1293 2473 205 55 province
1514 2488 52 24 au
1585 2472 155 41 XVIII
1740 2479 15 15 e
1775 2472 123 40 siècle
1924 2486 8 27 :
1959 2470 138 43 L'Aca-

122 2543 135 40 démie
276 2544 49 38 de
345 2543 189 53 musique
549 2549 37 33 et
624 2543 35 39 le
683 2542 181 40 Concert
902 2543 49 39 de
974 2541 164 41 Nantes
1159 2540 288 56 (/727-/767)
1465 2540 196 54 (Société
1684 2541 219 50 française
1922 2541 176 53 d'lmpri-

125 2613 137 38 merie
285 2620 41 31 et
348 2612 54 39 de
425 2610 250 50 Librairie).
786 2610 123 41 Voici
934 2626 58 25 un
1014 2611 106 40 livre
1140 2611 212 39 excellent
1375 2619 39 31 et
1448 2612 73 50 qui
1547 2624 52 26 ne
1630 2610 76 40 fait
1730 2611 123 51 point
1877 2613 162 37 mentir
2062 2611 62 39 les

123 2693 257 39 promesses
405 2679 53 40 de
483 2693 79 26 son
588 2681 113 38 titre.
729 2678 68 40 En
821 2691 69 27 ses
914 2679 112 39 deux
1063 2688 121 31 cents
1223 2692 149 39 pages,
1398 2678 61 39 M.
1485 2679 53 40 de
1562 2679 37 39 la
1625 2678 245 41 Laurencie
1894 2677 102 41 s'est
2017 2693 78 37 pro-

125 2752 108 49 posé
272 2748 53 39 de
359 2761 116 27 nous
530 2756 190 31 retracer
762 2745 215 42 l'histoire
1012 2747 131 40 d'une
1178 2747 53 39 de
1265 2761 71 26 ces
1372 2749 185 38 sociétés
1600 2747 236 40 musicales
1872 2761 172 26 comme
2086 2747 38 40 le

123 2832 49 25 xv
184 2832 44 25 111
234 2822 15 16 e
270 2817 132 40 siècle
419 2830 53 26 en
486 2818 60 38 vit
567 2824 177 43 partout
760 2815 158 47 éclore,
937 2828 51 26 en
1007 2829 188 38 presque
1208 2824 144 32 toutes
1370 2816 61 39 les
1454 2817 193 48 grandes
1667 2816 127 40 villes
1811 2816 57 39 du
1894 2829 226 39 royaume.

125 2885 61 40 Le
210 2883 192 42 Concert
416 2885 53 39 de
489 2883 169 42 Nantes
678 2883 63 41 fut
767 2898 56 26 un
844 2883 77 40 des
938 2886 212 49 premiers
1169 2883 155 41 fondés
1341 2886 190 50 puisque
1548 2885 247 40 seulement
1814 2883 127 54 Lyon
1963 2883 10 52 (
1987 2883 135 52 1713),

125 2952 228 41 Marseille
377 2951 66 53 (17
459 2952 79 52 16),
563 2952 234 40 Bordeaux
838 2961 41 30 et
921 2951 94 40 Pau
1056 2950 163 53 (1718),
1254 2951 273 54 Carpentras
1550 2951 160 54 (1719),
1747 2952 146 40 Tours
1922 2951 141 53 (1724)
2084 2961 41 31 et

127 3020 132 53 Dijon
283 3018 146 55 (1725)
453 3022 174 38 avaient
650 3020 183 52 précédé
852 3020 112 40 dans
986 3028 110 32 cette
1132 3022 98 37 voie
1254 3021 38 39 la
1317 3022 245 50 métropole
1599 3021 229 40 bretonne.
1856 3020 30 40 Il
1908 3020 64 41 fut
2005 3022 120 38 aussi

128 3104 58 26 un
211 3090 78 39 des
314 3089 100 52 plus
438 3089 207 40 brillants
664 3088 196 53 pendant
890 3088 63 40 les
975 3102 53 37 40
1048 3093 163 35 années
1243 3088 53 40 de
1320 3102 80 26 son
1421 3091 219 39 existence
1681 3098 41 32 et
1746 3103 112 38 pour
1881 3090 38 39 le
1943 3089 108 40 faire

127 3162 415 36 momentanément
581 3156 223 41 d'ailleurs
912 3158 281 50 disparaître,
1219 3157 28 39 il
1281 3156 127 40 fallut
1430 3170 85 38 que
1537 3158 62 39 les
1618 3159 234 48 exigences
1872 3158 52 40 de
1949 3155 176 43 l'édilité

130 3227 204 39 nantaise
353 3227 117 39 aient
489 3231 156 35 amené
669 3225 38 39 la
731 3225 262 40 démolition
1016 3225 54 40 de
1093 3223 199 47 l'édifice,
1320 3225 38 39 la
1382 3224 170 41 Bourse
1575 3226 53 39 de
1657 3225 37 40 la
1722 3225 118 51 ville,
1867 3232 55 34 où
1957 3226 27 39 il
2010 3227 115 38 avait

128 3295 71 39 élu
223 3294 222 39 domicile.

186 3361 86 41 Les
304 3363 238 40 anecdotes
562 3365 237 49 piquantes
828 3362 226 41 abondent
1087 3376 53 27 en
1174 3376 70 27 ces
1275 3375 138 40 pages
1451 3362 158 39 alertes
1632 3369 56 33 où
1724 3363 188 39 l'auteur
1950 3370 175 32 raconte

132 3429 366 42 l'établissement
517 3431 53 39 de
593 3439 109 32 cette
725 3430 115 41 belle
879 3432 267 45 institution,
1189 3431 85 40 due
1298 3435 20 35 à
1345 3431 245 39 l'initiative
1627 3429 105 42 d'un
1770 3433 154 47 maire,
1956 3429 168 42 Gérard

135 3499 190 48 Mellier,
360 3507 315 44 entreprenant
708 3509 42 31 et
770 3501 167 47 artiste,
964 3506 57 34 où
1059 3500 29 39 il
1112 3500 177 51 dépeint
1309 3499 364 41 l'enthousiasme
1694 3500 77 39 des
1794 3498 187 41 Nantais
2014 3512 111 39 pour
