3304 4389
172 4323 52 25 502

254 89 63 34 Als
343 89 87 33 Herr
455 88 117 33 Moritz
598 88 54 32 die
680 86 101 34 Karte
808 87 91 33 hatte
934 88 82 41 ging
1042 98 35 21 er
1101 98 40 20 zu

165 144 110 33 Herrn
299 156 67 21 von
391 141 111 35 Brand
529 141 66 33 und
621 141 58 33 bat
706 140 66 39 ihn,
809 139 106 43 gleich
944 139 81 33 nach
1052 138 89 34 Metz

165 211 39 20 zu
231 197 124 34 fahren.

256 251 78 34 Und
371 251 48 32 als
456 250 59 33 der
542 250 142 42 Morgen
720 254 129 37 graute,
891 254 47 26 tat
964 247 87 32 Herr
1075 259 66 20 von

164 305 122 40 Brand,
312 318 68 20 was
406 318 74 19 man
506 316 65 21 von
597 303 66 33 ihm
688 301 122 35 wollte.

255 358 83 35 Frau
353 358 167 34 Schröder
534 370 66 20 war
618 357 88 33 beim
720 355 145 33 Anblick
880 355 62 33 des
957 353 183 34 deutschen

164 412 206 40 Lufthafens,
397 413 123 33 dessen
538 410 134 35 Wände
697 408 144 34 tadellos
868 408 273 39 funktionierten,

164 482 38 19 so
233 467 165 39 entzückt,
413 465 67 34 daß
503 466 50 32 sie
568 464 92 33 ihren
671 462 282 44 Schwiegersohn
967 461 173 35 stürmisch

164 527 173 28 umarmte.
386 520 150 33 Fräulein
582 517 100 34 Clara
720 517 68 33 und
825 517 61 32 der
924 516 64 33 alte
1027 515 114 34 Onkel

163 576 138 33 wurden
327 574 105 43 gleich
458 571 212 44 telegrafisch
700 584 67 19 von
793 571 61 32 der
879 569 163 43 Sachlage
1069 582 54 20 ver-

163 630 158 42 ständigt.

253 680 312 43 Sechsunddreißig
590 678 192 35 Luftschiffe
820 678 114 33 hatten
973 680 31 31 in
1031 678 110 33 dieser

163 736 219 36 stürmischen
407 735 108 34 Nacht
551 734 68 33 und
661 747 40 20 an
731 732 78 34 dem
835 732 305 43 darauffolgenden

163 791 143 44 Morgen
332 790 147 42 bequem
506 790 31 31 in
564 788 76 33 dem
667 790 97 30 einen
778 786 178 34 Lufthafen
984 786 53 33 bei
1051 785 89 34 Metz

163 844 204 35 Unterkunft
392 844 181 43 gefunden.

254 899 70 33 Das
373 897 160 34 deutsche
574 896 134 44 System
758 896 91 33 hatte
898 895 66 32 sich
1014 894 127 33 wieder

164 953 120 33 einmal
310 952 166 42 glänzend
501 950 159 34 bewährt.

166 1294 234 68 Unser
448 1289 384 71 Liebeslied

164 1452 88 27 Unter
273 1452 51 27 der
342 1450 131 27 Wehmut
492 1451 51 26 der
562 1447 86 29 Esche

164 1497 114 27 Lächeln
299 1497 45 26 die
365 1496 101 33 Augen
486 1496 104 26 meiner
610 1493 146 27 Freundin.

164 1587 64 28 Und
249 1588 38 26 ich
308 1588 65 26 muß
393 1588 105 25 weinen

165 1628 113 32 Überall
297 1643 44 16 wo
362 1632 91 26 Rosen
474 1630 141 28 aufblühn.

163 1723 61 28 Wir
243 1724 86 26 hören
350 1722 83 27 beide
452 1731 118 18 unseren
590 1720 106 28 Namen
717 1722 72 25 nicht
810 1735 32 3 —

164 1769 99 28 Immer
281 1768 295 27 Nachtwandlerinnen
596 1767 133 27 zwischen
754 1766 55 26 den
834 1766 105 26 bunten
960 1764 173 36 Jünglingen.

163 1860 93 27 Meine
276 1859 139 27 Freundin
437 1858 114 35 gaukelt
571 1860 49 24 mit
640 1858 65 26 dem
725 1856 87 28 Mond

165 1905 118 28 Unserm
304 1903 190 36 Sternenspiel
513 1903 94 35 folgen
628 1901 202 28 Erschrockene
851 1903 73 26 nach.

166 1996 37 32 O,
223 2006 99 17 unsere
343 1994 197 28 Schwärmerei
560 1994 146 27 berauscht

164 2041 53 27 Die
238 2041 120 27 Straßen
378 2041 56 26 und
456 2039 93 28 Plätze
569 2040 50 26 der
640 2039 92 28 Stadt.

164 2132 63 27 Alle
247 2132 118 27 Traume
384 2132 126 25 lauschen
531 2131 123 34 gebannt
674 2130 91 26 hinter
785 2130 55 26 den
861 2129 113 26 Hecken

220 2176 79 28 Kann
320 2178 71 26 nicht
411 2176 118 35 Morgen
549 2175 112 27 werden
682 2189 35 5 —

166 2268 36 32 O,
222 2268 56 27 und
299 2268 45 27 die
365 2266 115 35 Seidige
501 2266 86 27 Nacht
607 2276 51 17 uns
677 2267 103 26 beiden

164 2314 184 26 Tausendmal
369 2315 96 25 immer
484 2323 45 16 um
550 2312 54 27 den
625 2311 68 28 Hals
713 2311 195 35 geschlungen.

165 2404 61 27 Wie
247 2406 38 25 ich
306 2405 67 26 mich
394 2404 105 26 drehen
520 2403 77 27 muß!

165 2495 65 27 Und
252 2496 89 26 meine
360 2494 120 28 Frendin
500 2495 69 26 küßt
589 2494 142 27 taumelnd
752 2494 55 27 den
827 2493 135 35 Rosigtau

165 2540 89 26 Unter
273 2540 65 27 dem
357 2539 106 27 Düster
483 2540 51 27 des
552 2539 213 27 Trauerbaums.

764 2646 62 27 Else
846 2648 104 25 Lasker
964 2662 11 4 -
995 2646 113 27 Schüler

168 2990 131 69 Die

168 3126 173 41 neue
393 3098 662 83 Kunstanschauung

168 3258 83 32 Von
276 3257 154 33 Richard
456 3257 114 33 Fuchs

259 3411 96 35 Alles
381 3411 232 35 Gedankliche
652 3414 42 32 ist
730 3412 89 34 ohne
845 3411 119 44 Physis
1000 3411 146 33 wertlos.

169 3466 97 34 Alles
301 3466 116 34 wurde
447 3466 103 34 schon
585 3479 73 21 zum
696 3465 127 35 bloßen
849 3465 192 35 Verstände
1079 3466 68 34 und

169 3520 177 34 lernbaren
366 3519 199 35 Gedanken.
614 3519 78 34 Man
710 3519 82 34 wird
816 3520 126 34 wieder
960 3520 61 34 das
1040 3519 106 44 große

169 3573 329 44 Lebensmysterium
525 3573 60 34 der
610 3573 110 34 Kunst
745 3580 107 28 retten
879 3578 146 30 müssen.

261 3628 87 34 Kein
366 3628 218 44 anständiger
601 3627 138 35 Mensch
757 3634 177 38 vermengt
951 3628 110 34 Kunst
1080 3629 67 33 und

170 3683 115 33 Leben
311 3683 230 34 miteinander.
588 3681 97 35 Aber
710 3684 54 32 ein
800 3682 189 34 klaffender
1013 3683 111 34 Wider-

170 3736 121 43 spruch
317 3737 163 33 zwischen
503 3736 110 35 Kunst
638 3737 68 33 und
725 3736 233 34 Lebensnatur
983 3737 164 34 bedeutet

170 3791 110 43 gewiß
329 3793 75 32 eine
451 3791 231 35 verderbliche
724 3791 422 45 Gehirngefangenschaft.

169 3845 74 34 Wir
278 3846 134 34 können
450 3846 123 35 freilich
611 3847 87 34 nicht
734 3846 110 35 Kunst
880 3846 110 35 direkt
1026 3846 120 35 leben:

171 3900 83 33 aber
278 3901 198 43 organische
502 3901 111 34 Kunst
637 3902 76 43 gibt
738 3901 108 34 selbst
870 3901 55 34 die
951 3901 111 44 Wege
1087 3902 60 34 der

171 3954 113 34 Praxis
302 3968 41 20 an
357 3954 102 35 durch
478 3954 184 35 natürliche
680 3955 103 43 (nicht
795 3954 352 45 verstandesmäßige)

172 4008 246 44 Bereicherung
443 4011 58 32 mit
525 4010 189 43 gesundem
741 4010 125 35 Leben.

261 4062 127 35 Darum
413 4063 108 35 bleibt
557 4066 31 31 in
611 4064 96 43 jeder
743 4064 154 35 erfüllten
923 4064 96 35 Blüte
1056 4067 91 33 einer

170 4116 223 35 Kunstkultur
418 4118 55 33 die
491 4117 145 36 Theorie
660 4119 158 44 armselig
842 4119 122 34 zurück
978 4133 8 21 :
1012 4133 37 21 es
1075 4120 72 44 gibt

172 4170 88 34 dann
299 4184 59 21 nur
395 4173 85 42 ewig
517 4172 66 34 alte
621 4173 68 34 und
726 4175 86 41 ewig
843 4187 84 21 neue
954 4173 193 42 Menschen,

1227 84 123 34 welche
1376 83 66 35 den
1468 83 125 34 beiden
1616 83 207 44 Kategorien
1850 84 61 34 der
1936 83 174 44 gelehrten
2136 83 69 33 und

1226 139 61 33 der
1310 137 190 35 wirklichen
1517 137 183 34 Menschen
1718 137 234 44 entsprechen.
2001 137 71 33 Das
2089 137 115 34 Leben

1227 192 89 34 steht
1333 191 160 35 natürlich
1512 191 57 33 auf
1585 191 61 34 der
1662 190 93 35 Seite
1773 191 62 33 der
1848 191 124 34 reellen
1988 190 216 44 Gegenwart.

1315 245 84 35 Was
1435 245 166 35 trotzdem
1627 247 53 31 ein
1705 245 242 44 Widerspruch
1985 245 61 34 des
2072 245 133 34 Lebens

1227 301 117 39 bleibt,
1381 299 62 35 das
1468 299 66 35 löst
1570 299 82 34 auch
1679 299 97 33 keine
1815 298 214 35 dualistische
2053 299 131 34 Wissen-

1227 355 116 39 schaft,
1373 354 147 34 sondern
1559 367 60 20 nur
1644 353 54 33 die
1724 353 204 43 Vertiefung
1961 353 62 33 des
2061 355 144 41 eigenen

1227 407 301 45 psychologischen
1554 407 184 34 Interesses
1763 406 102 34 durch
1883 405 215 45 Aufklärung
2123 406 84 34 über

1227 462 62 34 alle
1315 461 352 43 Lebensentstehung.

1317 521 64 33 Die
1420 520 247 43 Bereicherung
1707 520 61 33 der
1808 520 213 43 praktischen
2062 519 123 34 Welter-

1227 575 144 43 fahrung
1383 581 86 28 setzt
1484 574 94 35 diese
1592 574 179 43 allgemein
1787 573 192 35 öffentliche
1993 572 213 44 Aufklärung

1227 630 75 39 fort,
1340 629 86 34 lehrt
1462 642 62 20 uns
1550 628 110 35 Glück
1697 630 32 31 in
1766 641 138 20 unserer
1929 627 172 43 Tätigkeit
2138 627 68 34 und

1227 682 153 44 Respekt
1402 696 63 21 vor
1489 682 312 43 Gleichgesinnten.

1317 737 125 34 Darum
1469 736 119 36 dürfen
1614 738 58 33 wir
1697 750 109 21 neuen
1831 736 278 43 Weltgläubigen
2145 749 61 20 uns

1227 791 86 34 nicht
1338 791 127 34 wieder
1489 805 59 21 aus
1574 791 113 34 dieser
1712 792 169 42 geistigen
1907 790 137 34 Heimat
2069 790 117 33 heraus-

1227 846 152 43 drängen
1405 845 122 41 lassen,
1553 845 125 35 welche
1706 858 100 21 unser
1831 847 139 42 eigenes
1995 844 115 34 Leben
2137 844 69 34 und

1227 901 54 32 die
1318 901 147 33 innerste
1491 899 107 35 Natur
1634 901 53 38 ist,
1726 899 112 33 indem
1877 901 58 31 wir
1961 900 53 32 nie
2040 898 164 39 zulassen,

1227 953 67 35 daß
1320 954 56 34 die
1402 953 254 35 menschlichste
1682 953 108 34 Natur
1815 955 58 32 mit
1898 955 110 32 einem
2034 951 172 45 Schimpfe

1225 1009 177 34 verlästert
1427 1009 125 40 werde,
1578 1009 106 33 damit
1721 1007 87 35 nicht
1834 1007 167 34 abermals
2026 1007 56 33 die
2108 1006 98 34 allein

1227 1063 165 44 mögliche
1430 1063 179 34 Wahrheit
1646 1065 32 31 in
1720 1064 109 32 einem
1867 1062 153 34 fremden
2060 1061 147 43 Jenseits

1227 1117 146 35 hersche.
1433 1117 128 34 Diesen
1587 1117 88 34 alten
1701 1115 507 45 Weltanschauungszwiespalt

1226 1172 65 34 will
1308 1172 82 34 auch
1409 1172 185 44 derjenige,
1613 1171 142 34 welcher
1772 1170 277 35 mittelalterliche
2063 1169 124 35 Kasten-

1227 1226 184 35 herrschaft
1436 1226 61 35 der
1522 1225 229 35 Gesellschaft
1776 1225 284 34 zurückwünscht.

1317 1298 83 35 Wer
1425 1299 132 34 möchte
1584 1299 56 33 die
1665 1312 108 30 ganze
1791 1298 331 43 Heiligegeschichte
2148 1298 61 33 der

1228 1353 248 35 Kirchenkunst
1519 1353 89 34 ohne
1650 1353 55 34 die
1747 1354 142 32 meisten
1931 1352 160 34 Künstler
2140 1352 68 33 und

1227 1407 382 35 Schönheitsvollender
1649 1407 89 34 ihres
1779 1405 143 35 Faches!
1983 1405 73 34 Wir
2096 1406 112 33 lieben

1228 1463 55 33 die
1322 1462 80 34 freie
1440 1462 162 34 moderne
1639 1459 201 46 Schöpfung
1881 1462 31 32 in
1950 1460 61 34 der
2048 1460 161 44 heutigen

1230 1517 109 35 Kunst
1379 1517 69 34 und
1479 1517 166 34 ersehnen
1686 1518 49 32 sie
1776 1516 51 34 für
1852 1515 81 34 alles
1974 1515 235 41 Menschliche.

1228 1573 124 34 Dieses
1378 1586 38 20 zu
1435 1571 153 41 erfüllen,
1607 1572 89 43 gebe
1715 1585 62 20 uns
1796 1572 53 33 ein
1867 1569 122 35 Traum
2008 1583 66 21 von
2090 1572 121 42 junger

1229 1628 253 33 Moro-ensonne
1501 1626 61 35 das
1576 1626 92 34 Licht
1686 1626 68 34 und
1778 1626 54 34 die
1851 1625 237 40 Wärmekraft,
2107 1625 104 33 damit

1228 1684 58 32 wir
1303 1696 62 20 uns
1383 1696 52 20 am
1454 1681 221 35 historischen
1693 1680 104 35 Alten
1816 1694 61 20 nur
1895 1680 107 34 selbst
2020 1679 191 34 entdecken

1230 1737 68 34 und
1316 1736 190 35 entzünden
1533 1736 68 34 und
1627 1736 88 34 nicht
1739 1748 67 21 von
1823 1734 202 35 vornherein
2051 1734 56 34 auf
2124 1747 86 20 neue

1228 1792 212 42 Wirkungen
1467 1791 61 34 der
1553 1790 211 34 Menschheit
1788 1788 202 35 verzichten.
2041 1788 99 34 Denn
2168 1790 42 31 im

1229 1845 264 35 künstlerischen
1532 1844 157 35 Schaffen
1727 1844 171 35 offenbart
1936 1843 67 34 sich
2030 1843 98 34 allein
2156 1842 55 34 die

1228 1901 139 33 relative
1406 1900 305 43 Fortentwicklung
1748 1900 61 33 der
1844 1898 367 35 Wahrscheinlichkeit.

1228 1955 170 35 Natürlich
1436 1955 82 33 liebt
1552 1954 96 44 jeder
1674 1953 98 35 Geist
1809 1955 116 32 seinen
1956 1952 255 40 Heimatboten,

1228 2025 52 20 wo
1307 2024 36 20 er
1367 2024 67 20 von
1460 2009 135 35 Geburt
1620 2010 59 33 her
1705 2009 143 44 genährt
1873 2007 132 35 wurde:
2037 2008 82 34 aber
2143 2014 70 27 erst

1229 2067 55 33 die
1311 2079 210 25 gewonnene
1540 2065 145 33 Freiheit
1711 2064 84 34 über
1820 2063 67 34 den
1913 2062 192 35 nationalen
2122 2061 91 35 Stoff

1229 2120 208 42 rechtfertigt
1454 2119 67 33 den
1540 2119 149 33 Könner.
1736 2118 79 33 Man
1832 2118 83 34 wird
1933 2118 119 33 diesen
2067 2117 145 42 lustigen

1230 2174 189 35 Uebermut
1445 2173 88 35 nicht
1558 2173 142 34 hindern
1726 2173 147 33 können.

1321 2247 74 34 Wir
1435 2246 195 35 Deutschen
1672 2248 57 32 wir
1770 2246 111 43 gehen
1922 2260 40 19 zu
1999 2246 128 33 schwer
2164 2245 48 34 als

1230 2302 183 34 Menschen
1439 2315 60 21 aus
1526 2314 61 21 uns
1614 2301 131 34 heraus.
1793 2300 113 35 Unser
1938 2300 187 34 nationaler
2150 2300 42 33 Be-

1230 2356 79 44 griff
1345 2359 42 32 ist
1424 2357 83 33 noch
1533 2369 87 31 ganz
1646 2355 184 44 philiströs.
1877 2355 84 34 Was
2000 2368 62 20 uns
2099 2368 113 30 gegen

1230 2411 125 35 andere
1381 2412 113 34 härter
1519 2410 120 41 macht,
1677 2412 42 32 ist
1744 2410 55 34 die
1826 2410 163 34 deutsche
2015 2409 104 34 Liebe
2156 2423 58 20 zur

1229 2466 296 34 konventionellen
1544 2465 165 43 Gattung,
1736 2471 80 28 statt
1834 2478 73 20 zum
1926 2464 182 34 sinnlichen
2125 2463 66 35 Sub-

1226 2521 148 45 jektiven
1393 2521 69 34 und
1481 2520 245 35 menschlichen
1740 2520 221 34 Individuum.
2009 2519 74 35 Wir
2100 2519 113 34 fassen

1229 2589 104 30 sogar
1357 2576 62 33 das
1457 2575 124 34 soziale
1607 2575 166 34 Moderne
1811 2574 77 34 blos
1926 2574 49 34 als
2001 2573 212 44 Opposition

1228 2637 81 28 statt
1334 2630 49 35 als
1409 2637 103 28 etwas
1531 2629 204 35 schlechthin
1757 2629 259 43 Notwendiges,
2043 2629 69 33 und
2138 2629 76 33 sind

1230 2686 159 33 meistens
1415 2684 192 44 überhaupt
1632 2683 88 34 nicht
1745 2683 153 40 modern,
1924 2683 61 34 das
2011 2681 103 41 heißt,
2141 2696 55 20 ver-

1230 2740 103 34 lieren
1381 2740 85 33 über
1514 2738 264 35 schematischen
1820 2737 290 35 Konstruktionen
2152 2737 61 34 das

1230 2794 115 34 Leben
1371 2795 69 34 und
1466 2796 72 33 sein
1563 2794 172 43 innigeres
1760 2792 211 35 Instruktive.

1321 2867 96 34 Auch
1455 2868 56 34 die
1536 2867 131 35 Künste
1705 2867 75 34 sind
1817 2865 396 45 lebensphysiologische

1230 2922 158 44 Systeme
1414 2923 69 33 und
1508 2921 72 35 ihre
1616 2923 134 43 ewigen
1776 2920 150 36 Gesetze
1963 2921 77 34 sind
2076 2920 52 34 für
2152 2933 62 21 uns

1232 2990 60 21 nur
1327 2976 133 35 Sterne.
1521 2976 99 35 Denn
1673 2990 37 21 es
1751 2978 125 42 regiert
1917 2976 55 34 die
2008 2975 94 35 Welt
2137 2975 76 34 kein

1231 3031 178 45 religiöses
1446 3030 128 36 Gesetz
1612 3031 62 34 der
1711 3030 121 35 Kunst.
1880 3030 98 44 Liegt
2015 3030 86 34 doch
2127 3029 88 34 nicht

1231 3086 122 34 einmal
1378 3086 86 34 allen
1489 3085 192 35 wirklichen
1705 3085 273 44 Erscheinungen
2004 3086 53 32 ein
2084 3086 112 32 univer-

1232 3142 88 33 sales
1613 3154 40 21 zu
1696 3140 152 35 Grunde.
1910 3139 98 35 Aber
2055 3153 38 20 es
2142 3139 73 44 gibt

1232 3195 406 44 subjektiv-menschliche
1653 3195 373 42 Gesetzmässigkeiten
2040 3194 62 34 der
2115 3194 100 33 höcht

1233 3250 241 34 individuellen
1501 3250 141 34 Künste.

1324 3305 108 34 Keine
1451 3305 151 34 bewusst
1626 3304 225 35 konstruierte
1870 3304 266 34 Konzentration
2154 3303 61 34 der

1233 3359 130 35 Künste
1381 3362 43 32 ist
1441 3373 39 21 so
1499 3361 105 42 nötig,
1622 3361 63 32 wie
1703 3359 55 34 die
1773 3359 198 44 organische
1989 3358 225 44 Bestätigung

1232 3414 69 34 und
1319 3414 268 34 Konzentration
1613 3414 62 34 der
1699 3413 223 44 spezifischen
1948 3412 265 35 künstlerischen

1233 3469 105 34 Kraft.
1402 3468 61 34 Ein
1510 3467 387 36 volkswirtschaftliches
1947 3467 157 35 Problem
2153 3468 61 34 der

1233 3523 294 35 Kunstökonomie
1564 3523 93 35 hätte
1683 3523 90 34 dann
1805 3537 58 20 zur
1887 3523 216 34 besonderen

1232 3578 101 43 gäbe,
1360 3577 55 34 die
1430 3577 209 34 heimatliche
1653 3577 226 45 Verwertung
1896 3578 61 33 des
1972 3577 240 43 geschaffenen

1232 3631 108 34 Ideals
1367 3631 68 34 und
1453 3633 94 33 seine
1563 3631 344 45 Wiedereinsetzung
1924 3633 32 32 in
1975 3632 97 33 einen
2091 3631 105 34 öffent-

1233 3686 106 34 lichen
1381 3685 122 36 Dienst
1538 3700 40 20 zu
1616 3686 120 44 prüfen
1778 3686 68 34 und
1883 3700 39 19 zu
1959 3686 140 33 ordnen.
2148 3686 65 34 Die

1233 3740 169 34 nationale
1428 3740 109 44 Frage
1563 3742 43 33 ist
1635 3740 73 35 also
1734 3740 57 34 auf
1826 3740 87 34 allen
1940 3739 172 36 Gebieten
2138 3742 75 33 eine

1232 3794 108 45 Frage
1378 3795 61 34 des
1477 3795 241 35 Kulturtaktes.
1768 3794 100 35 Denn
1894 3808 37 21 es
1968 3794 139 36 handelt
2147 3796 67 34 sich

1232 3850 88 33 nicht
1357 3850 129 40 darum,
1524 3850 164 35 zwischen
1726 3850 66 34 den
1820 3849 178 35 Extremen
2037 3850 61 34 der
2130 3850 84 34 allzu

1232 3904 164 34 biederen
1415 3903 272 45 Genügsamkeit
1712 3904 68 34 und
1799 3903 61 34 des
1885 3903 131 44 großen
2042 3904 172 35 Rausches

1233 3972 39 20 zu
1300 3958 160 44 pendeln,
1486 3972 52 21 wo
1564 3959 63 33 das
1653 3958 78 34 Fest
1757 3972 61 20 nur
1841 3958 189 35 Wahnsinn
2063 3960 42 33 ist
2131 3959 85 34 oder

1231 4012 184 34 wiederum
1443 4026 61 20 nur
1529 4013 61 34 der
1606 4012 157 45 Sonntag
1788 4012 121 34 einmal
1935 4012 165 45 Feiertag.
2149 4013 65 35 Die

1233 4067 163 34 lachende
1433 4066 101 36 Seele
1571 4067 104 35 kennt
1712 4067 88 35 nicht
1834 4067 95 35 diese
1970 4067 109 44 grobe
2121 4067 95 36 Kluft

1233 4120 163 36 zwischen
1423 4121 107 35 Frone
1548 4121 70 35 und
1643 4121 176 45 Erlösung.
1868 4121 71 35 Das
1957 4121 115 35 Leben
2098 4123 43 34 ist
2166 4122 50 34 ihr

1233 4175 109 35 selbst
1378 4177 54 33 ein
1468 4175 244 45 hochherziges
1748 4175 181 35 weltliches
1968 4175 246 45 Engagement.

2291 83 64 33 Die
2392 83 324 44 Begriffskrankheit
2754 84 60 33 der
2855 85 190 33 nationalen
3083 85 161 44 Menschen

2289 138 42 32 ist
2368 137 154 44 lediglich
2559 138 55 33 die
2640 137 208 44 Erinnerung
2885 151 40 20 an
2962 140 52 32 ein
3040 139 205 44 unweltliches

2289 190 90 34 Ideal
2404 204 61 20 aus
2490 191 60 33 der
2576 190 72 34 Zeit
2672 191 61 33 der
2758 191 132 33 Kirche.

2381 263 64 33 Die
2483 263 110 33 Kunst
2629 264 42 32 ist
2709 276 59 20 nur
2804 266 32 30 in
2873 264 61 33 der
2970 264 186 44 Entartung
3190 271 57 36 eine

2291 316 195 34 moralische
2523 316 177 44 Allegorie
2738 317 60 34 der
2835 317 128 44 Dinge:
3000 318 68 33 und
3102 322 147 39 trotzdem

2291 371 115 33 behält
2443 385 75 20 man
2557 371 61 34 das
2655 370 176 35 Stoffliche
2869 372 82 33 auch
2983 372 72 33 hier
3079 374 82 32 noch
3187 374 62 47 lieb,

2291 425 177 34 dieselben
2510 424 152 45 Objekte
2705 426 60 33 der
2799 425 119 41 Natur,
2959 426 54 34 die
3056 426 60 35 der
3156 430 94 38 wahre

2292 479 160 34 Künstler
2488 480 149 42 gänzlich
2676 482 31 31 in
2745 481 60 32 der
2831 480 96 33 Form
2966 480 155 41 aufhebt;
3147 483 103 42 jedoch

2291 546 61 21 nur
2369 536 30 31 in
2423 534 67 33 ihm
2509 534 266 43 Beherrschung,
2794 534 88 33 nicht
2899 548 39 20 zu
2956 534 87 34 ihrer
3060 536 191 40 abtötenden

2290 588 241 43 Vernichtung.
2585 588 71 33 Der
2693 588 173 40 moderne,
2905 589 54 34 die
2983 588 93 35 Welt
3112 589 140 41 liebende

2291 642 171 40 Künstler,
2474 642 78 34 dem
2566 642 96 34 diese
2674 642 98 34 Form
2787 643 89 34 ohne
2890 643 199 41 äußerliche,
3104 645 148 42 primitive

2291 696 178 34 räumliche
2495 696 291 35 Konstruktionen
2824 697 135 44 gelang,
2992 698 94 33 schuf
3111 699 54 33 die
3189 701 63 37 tiefe

2292 750 239 44 Komposition
2550 751 61 33 der
2627 752 364 43 impressionistischen
3008 752 150 34 Malerei.
3198 754 54 38 Ihre

2291 805 145 34 lebende
2463 805 230 35 harmonische
2719 805 171 44 Ordnung
2919 806 101 34 durch
3047 808 90 32 reine
3165 806 88 40 Farbe

2291 861 42 32 ist
2382 860 60 33 der
2490 858 162 45 Triumph
2708 862 138 32 inneren
2895 859 190 42 Gesichtes,
3135 875 118 24 unserer

2291 913 187 34 seelischen
2514 912 104 35 Sinne
2657 914 67 34 und
2763 927 138 21 unserer
2926 917 139 31 zweiten
3093 914 93 34 Welt
3210 917 45 36 der

2293 967 237 44 Erscheinung.
2579 968 127 34 Diesen
2725 969 220 43 psychischen
2964 968 105 34 Raum
3096 972 89 40 trägt
3208 971 45 36 das

2293 1021 320 45 Erscheinungsbild
2650 1023 119 40 allein;
2807 1037 36 19 er
2878 1025 42 32 ist
2958 1023 96 33 keine
3090 1025 164 36 materielle

2292 1076 260 44 Vortäuschung
2589 1079 93 32 eines
2706 1077 217 34 Wirklichen.
2972 1077 71 34 Der
3079 1077 176 39 malerische

2293 1131 308 43 Impressionismus
2619 1134 43 31 ist
2679 1131 98 34 keine
2794 1131 214 34 willkürliche
3025 1131 230 42 Sonderkunst,

2293 1186 148 33 sondern
2460 1186 55 33 die
2533 1192 176 28 erneuerte
2728 1186 110 34 Kunst
2856 1186 61 34 der
2933 1186 139 34 Malerei
3090 1188 32 32 in
3137 1200 120 23 unserer

2295 1238 80 35 Zeit.
2422 1239 77 34 Wie
2517 1240 100 44 lange
2643 1240 82 34 aber
2743 1240 58 34 hat
2818 1254 75 20 man
2919 1240 67 34 ihm
3005 1240 249 47 Unvollendung

2293 1294 117 42 (durch
2447 1293 266 46 Verwechslung
2749 1308 67 20 von
2853 1294 138 35 Malerei
3029 1294 68 34 und
3133 1294 124 46 Plastik)

2294 1348 69 34 und
2387 1347 325 45 Skizzenhaftigkeit
2749 1348 118 44 (durch
2894 1349 210 44 Erinnerung
3140 1364 41 19 an
3210 1351 47 35 das

2295 1403 89 34 Ideal
2422 1404 61 33 der
2519 1403 244 44 Renaissance)
2799 1404 252 43 vorgeworfen:
3100 1404 55 34 die
3201 1419 44 21 ver-

2294 1458 166 34 weilende
2498 1458 326 45 Deutlichmachung
2861 1461 93 32 eines
2991 1459 132 34 Details
3161 1462 97 34 würde

2295 1513 68 33 den
2388 1526 199 31 sorgsamen
2613 1513 161 35 Künstler
2797 1513 167 35 vielleicht
2989 1527 54 20 um
3062 1516 93 32 seine
3179 1523 64 27 wert-

2295 1567 123 35 vollste
2455 1568 231 34 anschauliche
2725 1568 193 45 Mitteilung
2954 1569 155 44 bringen,
3146 1569 54 33 die
3228 1571 31 34 im

2296 1621 237 35 wesentlichen
2558 1621 111 35 Punkt
2705 1623 63 34 des
2794 1622 115 35 Bildes
2934 1623 93 43 liegt,
3065 1624 78 33 dem
3170 1623 75 35 Blick-

2296 1677 107 43 punkt
2441 1677 61 34 des
2540 1677 216 35 Beschauers.
2803 1677 206 35 Scheinbare
3034 1677 130 35 Härten
3201 1680 59 34 sind

2296 1731 77 34 kein
2410 1731 167 40 Schaden,
2615 1746 97 20 wenn
2750 1734 48 32 sie
2836 1733 148 33 dienend
3020 1732 148 34 bleiben.
3215 1733 45 35 Ein

2297 1785 148 45 Beispiel
2470 1787 98 33 dafür
2594 1789 42 32 ist
2661 1787 144 34 Marees.

2388 1858 65 35 Die
2478 1859 138 34 relative
2648 1859 206 44 Gestaltung
2891 1860 62 34 des
2979 1860 147 34 Raumes
3163 1860 96 43 geben

2296 1912 126 35 äußere
2439 1912 216 35 Architektur
2679 1914 69 34 und
2765 1914 309 40 Innenraumkunst,
3100 1914 69 34 und
3195 1915 65 33 auch

2296 1968 96 33 diese
2411 1967 220 35 mittlerweile
2657 1968 87 34 nicht
2770 1969 94 33 mehr
2888 1970 43 32 im
2959 1968 93 34 bloss
3078 1970 182 42 einseitigen

2296 2021 143 35 Schema
2474 2022 61 34 der
2571 2022 240 35 Renaissance.
2859 2022 86 36 Also
2983 2023 88 34 nicht
3107 2023 80 33 dass
3219 2023 41 34 die

2296 2076 219 36 Aussenwelt
2539 2091 79 20 vom
2643 2077 103 44 Auge
2782 2078 233 44 abgesondert
3040 2079 43 32 im
3110 2077 150 35 Gemälde

2298 2133 59 39 sei,
2376 2132 149 34 sondern
2552 2146 68 27 nur,
2639 2132 68 35 daß
2724 2135 59 32 wir
2808 2133 94 33 ihren
2920 2132 226 44 Organismus
3165 2133 80 34 künst-

2298 2187 117 33 lerisch
2457 2187 116 40 sehen,
2616 2189 42 32 ist
2695 2188 55 33 die
2792 2187 232 44 Hauptsache.
3072 2188 65 33 Die
3174 2187 69 45 abge-

2298 2241 195 34 schlossene
2530 2241 94 35 Welt
2660 2242 62 34 des
2759 2242 244 35 Kunstwerkes
3039 2245 42 32 ist
3112 2242 87 35 nicht
3222 2244 38 32 ein

2297 2298 32 31 in
2356 2296 61 34 das
2443 2296 75 34 Bild
2555 2296 316 45 eingeschlossener
2907 2297 144 34 deutlich
3077 2296 184 35 werdender

2298 2351 117 41 Raum,
2442 2351 149 35 sondern
2617 2352 165 34 bedeutet
2800 2366 60 20 nur
2885 2366 121 21 unsere
3032 2354 120 42 eigene
3169 2351 92 34 Seele-

2297 2406 106 34 Sonst
2439 2406 129 34 fordert
2605 2406 86 35 doch
2728 2406 83 35 bloß
2837 2407 126 34 wieder
3000 2407 61 34 der
3086 2406 106 40 Rohe,
3217 2406 44 34 der

2299 2461 65 34 den
2392 2460 106 35 Raum
2525 2461 88 34 nicht
2637 2462 50 34 als
2705 2461 280 35 Seelenfunktion
3011 2462 98 40 sieht,
3134 2475 65 20 von
3217 2461 44 34 der

2300 2515 119 41 Kunst,
2445 2515 55 35 ihn
2519 2516 82 34 auch
2627 2516 84 34 noch
2737 2518 59 32 mit
2822 2517 66 33 den
2905 2516 129 34 Armen
3060 2515 68 35 unß
3153 2516 107 34 Beinen

2299 2585 39 19 zu
2364 2571 117 34 sehen.
2530 2571 71 34 Das
2626 2570 213 36 Stilelement
2869 2571 61 35 der
2954 2571 196 44 figürlichen
3175 2571 85 38 Linie,

2299 2626 55 33 die
2373 2625 151 35 abstrakt
2550 2627 32 32 in
2600 2625 116 35 keiner
2733 2625 108 35 Natur
2857 2625 202 41 vorkommt,
3085 2625 58 34 hat
3159 2627 100 32 immer

2300 2686 104 28 etwas
2444 2694 68 20 von
2549 2679 178 36 bewußter
2752 2681 245 34 Konstruktion
3034 2681 70 34 und
3128 2694 65 21 von
3217 2679 44 34 der

2299 2735 249 45 symbolischen
2586 2735 194 45 Zeichnung
2820 2749 42 20 an
2899 2736 67 34 sich
3004 2736 57 33 auf
3097 2736 62 34 das
3193 2735 55 33 drei-

2300 2790 245 34 dimensionale
2571 2790 183 44 plastische
2780 2790 169 35 Bildwerk
2985 2790 162 41 deutend,
3173 2790 88 34 bleibt

2299 2845 77 34 dem
2415 2844 235 45 Raumkörper
2686 2845 160 41 dienend,
2884 2845 89 35 nicht
3008 2846 78 33 dem
3121 2845 73 34 Bild
3217 2844 44 35 der

2300 2898 130 42 Fläche,
2468 2900 69 34 und
2574 2902 43 32 ist
2653 2900 118 34 darum
2809 2902 53 32 ein
2887 2900 170 34 beliebtes
3083 2900 108 34 Mittel
3217 2898 44 34 der

2298 2953 247 45 Vermengung
2570 2954 60 34 der
2656 2954 143 35 Formen
2837 2954 61 35 der
2923 2954 251 35 Wandmalerei
3210 2953 50 34 und

2300 3009 61 34 des
2387 3008 278 35 Staffeleibildes.
2713 3008 112 35 Durch
2851 3010 75 33 eine
2958 3022 61 21 nur
3043 3008 217 45 symbolische,

2300 3064 88 34 nicht
2413 3065 198 43 organische
2638 3064 287 45 Formensprache
2952 3065 114 34 hätten
3101 3066 59 32 wir
3180 3066 80 42 jenen

2300 3119 154 34 direkten
2481 3118 205 42 Kunstkniff,
2712 3119 62 34 der
2798 3132 62 21 uns
2886 3125 141 38 erspart,
3053 3119 102 34 durch
3180 3116 79 36 Seele

2300 3186 38 20 zu
2365 3173 117 41 sehen,
2518 3187 53 21 wo
2597 3173 68 35 sich
2702 3174 83 34 aber
2822 3173 81 35 auch
2931 3173 87 35 nicht
3048 3173 94 34 mehr
3167 3173 77 33 künst-

2300 3227 118 35 lerisch
2444 3241 39 21 zu
2509 3228 106 34 sehen
2632 3228 167 40 verlohnt,
2825 3228 74 34 weil
2926 3228 148 34 dadurch
3098 3228 161 41 allerdings

2300 3282 126 34 wieder
2463 3283 60 33 der
2560 3283 106 34 Inhalt
2702 3284 43 33 im
2771 3283 96 34 Bilde
2904 3286 100 37 wäre,
3029 3283 159 34 während
3216 3280 43 34 der

2300 3337 105 40 Inhalt
2430 3351 61 20 nur
2516 3340 74 31 eine
2617 3337 89 34 hohe
2733 3337 120 34 Kultur
2878 3339 72 32 sein
2976 3337 74 41 soll,
3085 3337 55 34 die
3166 3339 93 31 immer

2299 3392 55 33 die
2380 3392 244 34 einheitlichste
2648 3391 185 36 Schönheit
2869 3394 58 39 ist;
2953 3392 139 34 nämlich
3128 3392 59 34 der
3210 3401 48 23 von

2299 3446 132 35 keinem
2450 3446 172 35 Verstand
2647 3446 49 35 als
2721 3460 39 21 zu
2787 3446 172 35 deutende
2977 3446 120 35 Zweck
3123 3444 134 47 getrübte

2298 3504 92 31 reine
2417 3500 126 36 Genuß
2569 3502 61 33 der
2646 3500 138 45 Augen.
2833 3501 143 34 Fremde
2995 3498 242 38 Formenwieder-

2299 3556 129 44 holung
2465 3556 89 35 führt
2590 3556 84 35 bloß
2711 3557 62 34 das
2799 3556 143 35 Schema
2978 3559 33 32 in
3043 3557 63 34 alle
3132 3564 124 35 engeren

2299 3610 131 35 Künste
2448 3611 131 34 zurück.
2628 3611 85 42 Jede
2731 3611 121 44 irgend
2870 3610 189 35 äußerliche
3077 3606 161 40 Verstands-

2299 3666 111 35 kultur
2450 3669 41 32 ist
2540 3669 75 31 eine
2665 3667 204 34 schlechtere
2911 3669 31 31 in
2984 3666 190 45 Ansehung
3214 3663 42 34 der

2299 3721 222 44 spezifischen
2546 3720 283 46 Seelenbildung,
2855 3722 55 34 die
2935 3721 68 35 sich
3030 3721 88 35 nicht
3141 3735 39 20 an
3206 3717 33 35 Ge-

2300 3776 224 45 genständen,
2537 3775 149 35 sondern
2698 3778 138 32 inneren
2850 3775 217 35 Erlebnissen
3081 3770 173 40 entwickelt.

2390 3848 79 34 Man
2510 3848 65 34 will
2616 3849 55 34 die
2712 3848 205 45 Abbildung
2957 3848 61 35 des
3060 3847 193 45 Objektiven,

2301 3903 157 35 natürlich
2484 3905 43 32 im
2553 3903 97 34 Bilde
2676 3923 41 3 —
2744 3904 83 33 aber
2850 3903 62 35 das
2938 3905 42 32 ist
3006 3903 105 34 nichts
3136 3900 117 36 anderes

2300 3958 49 34 als
2408 3959 54 33 ein
2523 3959 31 32 in
2603 3958 196 34 kindischen
2853 3958 195 34 Idealismus
3097 3958 156 33 versetzter

2299 4012 277 34 Materialismus:
2625 4012 55 34 die
2722 4012 131 36 Freude
2902 4012 157 41 darüber,
3108 4010 65 36 daß
3215 4015 37 24 öie

2299 4066 220 44 Darstellung
2556 4066 83 34 bloß
2678 4066 88 35 nicht
2799 4066 145 35 wirklich
2982 4069 54 38 ist,
3061 4066 107 34 macht
3191 4057 59 40 noch

2300 4121 76 35 kein
2402 4121 211 35 Kunstwerk.
2662 4121 43 33 Im
2731 4120 143 36 Grunde
2898 4120 184 45 verlangen
3109 4119 82 35 nicht
3212 4125 26 33 ge-

2300 4177 80 34 rade
2418 4176 56 34 die
2497 4175 221 36 Schlauesten
2757 4175 166 35 deutliche
2949 4174 160 45 Objekte.
3157 4173 93 33 Dieser
