3304 4389
3139 4323 52 25 501

96 71 358 78 Lufthafen

94 193 125 75 und
269 191 609 81 Schwiegermama

92 357 73 34 Von
189 350 86 35 Paul
301 348 218 35 Scheerbart

395 519 98 37 sagte
512 511 84 34 Frau
614 511 101 33 Berta
727 510 180 40 Schröder,
929 511 133 39 „werde

92 575 42 34 ich
172 572 94 32 einen
305 565 281 45 Schwiegersohn
611 565 124 40 haben,
773 565 61 33 der
866 565 87 33 nicht
979 565 83 33 über

92 631 44 33 ein
183 622 162 46 größeres
386 621 197 43 Vermögen
623 619 150 44 verfügt;
815 621 58 31 wir
913 619 75 33 sind
1029 621 32 31 in

91 679 149 39 Amerika
253 676 86 35 reich
353 675 184 45 geworden
550 676 69 33 und
630 675 113 33 haben
755 674 51 34 für
818 673 243 43 europäischen

92 734 194 38 Idealismus,
313 731 61 34 der
400 730 75 34 kein
496 729 90 36 Geld
613 730 134 39 besitzt,
773 728 288 44 schlechterdings

91 790 78 37 nicht
193 787 92 34 mehr
311 786 61 33 das
398 786 175 42 geringste

173 850 67 42 „So
437 855 167 28 versetzte
647 847 87 34 Herr
783 847 121 34 Moritz
945 846 116 40 Mohn,

99 909 79 42 ,iede
214 904 212 43 vernünftige
454 904 125 33 Mutter
615 902 177 44 sprechen.
841 901 87 33 Dem
955 901 85 35 Geld-

91 962 123 45 mangel
252 962 32 32 in
321 958 137 44 Europa
498 957 80 34 muß
616 957 218 34 entschieden
862 958 53 32 ein
941 955 120 45 Riegel

89 1016 247 45 vorgeschoben

171 1081 63 34 Die
259 1079 126 34 beiden
411 1091 118 21 sassen
567 1077 56 34 auf
649 1078 92 32 einer
767 1075 237 35 Hotelterasse
1028 1077 32 31 in

89 1139 108 34 Monte
235 1134 115 40 Carlo,
387 1132 142 35 tranken
569 1132 94 33 ihren
700 1130 261 44 Morgenkaffee
992 1131 68 33 und

89 1191 153 46 sprachen
268 1190 116 33 weiter
409 1188 84 33 über
527 1186 56 34 die
609 1186 205 44 Bedeutung
840 1185 62 33 des
928 1184 132 34 Geldes

84 1251 28 32 än
136 1245 133 43 Europa
294 1243 69 34 und
388 1241 174 35 Amerika.

168 1310 88 33 Herr
282 1308 121 34 Moritz
421 1306 105 35 Mohn
552 1306 94 34 hatte
672 1305 83 34 aber
781 1317 60 31 gar
860 1305 76 32 kein
956 1303 102 40 Geld,

84 1366 62 35 und
169 1364 111 34 wollte
306 1362 167 35 trotzdem
500 1361 55 34 die
581 1359 146 35 Tochter
752 1372 66 21 von
847 1358 84 34 Frau
957 1357 102 35 Clara

83 1420 159 37 Schröder
266 1437 43 4 —
336 1418 163 33 heiraten.
548 1416 72 33 Der
636 1414 106 35 Vater
766 1427 68 20 war
859 1412 198 44 gestorben,

85 1478 46 34 ein
156 1474 83 36 alter
263 1472 115 35 Onkel
404 1471 187 44 begleitete
617 1470 55 33 die
698 1469 126 34 beiden
851 1467 144 34 Damen.

167 1528 75 35 Nun
280 1527 92 35 lebte
412 1527 31 32 in
482 1525 117 34 Monte
625 1524 103 35 Carlo
766 1523 81 34 auch
886 1524 54 33 ein
970 1521 88 34 Herr

83 1600 60 21 von
169 1583 121 40 Brand,
317 1582 60 34 der
404 1583 57 32 mit
480 1580 112 34 Herrn
618 1579 103 33 Mohn
749 1577 205 35 befreundet
978 1589 79 21 war.

84 1642 79 33 Herr
197 1651 66 22 von
292 1636 112 35 Brand
430 1634 108 36 besaß
576 1636 52 32 ein
655 1632 175 35 Luftschiff
867 1633 59 33 mit
950 1631 87 34 Lenk-

84 1700 134 40 apparat
243 1692 67 35 und
337 1691 185 34 außerdem
560 1688 108 35 soviel
694 1687 103 40 Geld,
835 1686 68 34 daß
931 1700 36 19 er
991 1699 67 20 von

84 1752 58 33 den
169 1748 120 35 Zinsen
315 1745 129 45 gerade
470 1745 102 34 leben
599 1744 136 34 konnte.

167 1804 45 34 Zu
250 1803 129 34 diesem
415 1800 111 33 Herrn
560 1798 116 44 begab
713 1797 68 35 sich
820 1797 87 33 Herr
934 1795 120 35 Moritz

83 1860 95 34 Mohn
204 1858 68 35 und
297 1863 98 37 sagte
421 1855 66 34 ihm
513 1853 197 45 folgendes:

168 1913 184 42 „Heiraten
370 1909 133 35 möchte
520 1908 49 35 ich
590 1907 153 34 Fräulein
760 1906 103 35 Clara
887 1905 170 35 Schröder

83 1983 55 22 aus
149 1967 171 36 Amerika.
372 1964 307 43 Schwiegermama
700 1964 43 32 ist
758 1961 123 34 Witwe
900 1960 68 34 und
992 1959 66 35 will

85 2027 87 32 einen
198 2022 133 34 reichen
357 2018 293 45 Schwiegersohn.
698 2016 170 35 Möchtest
900 2015 44 34 du
971 2015 88 34 nicht

85 2081 67 33 eine
174 2077 185 35 Wettfahrt
384 2075 117 33 Monte
525 2072 265 36 Carlo-London
816 2069 242 44 arrangieren?

84 2134 65 35 Wir
174 2133 150 34 könnten
361 2130 90 34 dann
489 2129 56 33 die
570 2127 307 44 Schwiegermama
914 2124 50 35 als
990 2124 46 35 Un-

85 2187 190 46 parteiische
313 2184 206 36 mitnehmen
552 2181 69 35 und
658 2182 55 34 bei
748 2180 113 35 Sturm
899 2180 90 34 oben
1027 2181 31 32 in

85 2244 58 34 den
179 2242 119 34 Lüften
335 2253 67 21 von
428 2239 105 33 Liebe
570 2237 116 34 reden.
735 2235 50 35 Ich
823 2235 136 44 glaube,
997 2235 61 33 das

84 2298 75 34 wird
196 2294 168 37 Eindruck
402 2293 150 34 machen.
624 2290 179 35 Vielleicht
840 2291 116 33 nimmt
992 2291 67 32 sies

85 2353 80 34 dann
202 2351 88 34 nicht
326 2362 40 21 so
402 2361 112 31 genau
553 2348 57 32 mit
647 2347 78 33 dem
762 2345 198 43 Vermögen
997 2343 63 34 des

167 2461 87 35 Herr
279 2473 66 20 von
372 2458 113 34 Brand
510 2456 141 35 lächelte
678 2455 69 34 und
772 2461 114 37 sagte:

170 2525 119 41 „Kann
330 2522 109 35 sofort
480 2520 203 45 geschehen.
757 2518 60 34 Ein
867 2517 195 45 Engländer

84 2582 108 33 nimmt
217 2581 75 33 eine
317 2577 116 35 Wette
471 2576 108 34 sofort
606 2588 40 20 an
671 2592 46 7 —
741 2573 69 35 und
846 2587 36 20 es
919 2575 88 31 wäre
1030 2574 33 41 ja

85 2635 82 33 nicht
192 2632 201 45 unmöglich,
419 2630 68 35 daß
512 2632 59 32 wir
595 2642 68 22 was

169 2698 82 34 Frau
277 2696 170 35 Schröder
476 2707 69 21 war
571 2694 120 40 bereit,
727 2693 50 33 als
803 2691 258 44 Unparteiische

87 2752 230 40 mitzufahren;
343 2764 36 21 es
405 2748 201 44 beteiligten
631 2747 67 35 sich
725 2761 41 20 an
792 2747 62 33 der
877 2745 186 35 Wettfahrt

85 2808 77 34 noch
197 2809 71 32 vier
301 2805 127 35 andere
454 2802 206 35 Luftschiffe.
708 2802 80 34 Und
825 2801 132 34 abends
982 2799 79 35 halb

85 2862 89 34 sechs
192 2862 72 34 Uhr
281 2861 119 34 fuhren
418 2858 99 36 sechs
534 2856 194 36 Luftschiffe
748 2858 58 33 mit
824 2855 239 43 Lenkanparat

85 2917 74 33 nach
197 2916 155 34 London,
406 2914 106 43 jeder
548 2926 68 21 von
654 2912 66 34 den
759 2911 98 34 sechs
893 2910 172 34 Besitzern

91 2971 85 35 hatte
202 2969 200 37 eintausend
428 2968 153 34 Franken
607 2966 190 44 hinterlegt.
845 2965 85 34 Wer
954 2969 112 30 zuerst

86 3027 27 33 In
136 3026 141 34 London
315 3025 171 43 anlangte,
523 3022 98 34 sollte
660 3022 61 33 das
752 3033 108 31 ganze
886 3019 93 35 Geld
1004 3019 41 34 be-

85 3080 157 35 kommen.
292 3078 152 36 Fräulein
469 3077 104 35 Clara
596 3076 170 35 Schröder
801 3075 123 34 winkte
963 3074 102 43 lange

85 3135 61 34 den
171 3134 248 36 Abfahrenden
445 3135 60 32 mit
530 3134 110 32 einem
665 3130 254 34 weißseidenen
947 3128 113 34 Tuche

86 3190 75 33 nach
198 3190 68 34 und
303 3188 141 41 seufzte,
482 3187 49 34 als
569 3189 48 31 sie
655 3185 87 33 nicht
780 3183 93 35 mehr
911 3183 150 44 gesehen

85 3245 129 34 werden
241 3244 160 34 konnten.

171 3298 114 35 Ueber
326 3296 170 35 Marseille
535 3297 70 42 fing
632 3309 36 20 es
706 3308 42 20 an
774 3307 39 20 zu
840 3305 127 31 regnen
995 3293 68 33 und

87 3366 33 21 es
136 3354 107 34 wehte
261 3354 53 33 ein
340 3351 147 36 scharfer
504 3350 105 33 Wind
633 3363 68 20 von
717 3348 144 34 Westen
880 3347 68 33 her.
999 3346 64 34 Die

88 3406 107 36 Sonne
221 3422 67 19 war
315 3413 292 37 untergegangen.
656 3404 88 34 Herr
767 3417 68 20 von
862 3401 115 35 Brand
1002 3401 61 34 saß

87 3460 111 37 hinten
224 3465 32 31 in
274 3462 60 35 der
352 3459 298 46 langgestreckten
669 3458 150 40 Gondel,
837 3457 89 34 Herr
944 3455 120 35 Moritz

88 3515 95 35 Mohn
211 3516 60 35 saß
296 3530 82 20 vorn
404 3516 61 33 der
482 3514 85 35 Frau
585 3513 170 35 Schröder
777 3512 201 45 gegenüber
995 3515 68 34 und

89 3578 107 35 sagte:

174 3625 181 44 „Gnädige
392 3625 96 40 Frau,
526 3625 48 33 ich
614 3624 208 34 bewundere
854 3624 95 33 Ihren
981 3624 82 39 Mut.

89 3677 51 35 Sie
176 3681 73 33 sind
286 3679 183 35 zweifellos
495 3679 83 33 noch
606 3678 139 34 niemals
770 3680 32 31 in
835 3680 109 32 einem
972 3683 72 34 lenk-

91 3731 94 36 baren
212 3733 174 35 Luftschiff
412 3733 173 44 gefahren.
635 3732 98 34 Nicht

177 3798 69 40 „Ich
423 3803 168 28 versetzte
618 3797 55 32 die
691 3796 109 33 Dame
830 3798 52 38 „in
901 3796 162 33 Amerika

90 3848 93 37 keine
219 3851 236 44 Gelegenheit.
505 3851 97 34 Aber
627 3851 48 33 ich
713 3850 113 35 denke
863 3850 96 40 doch,
995 3848 68 35 daß

91 3905 50 32 c.'ie
178 3905 97 35 Fahrt
315 3905 88 35 nicht
443 3907 60 33 mit
539 3905 214 33 hesonderen
780 3904 174 34 Gefahren
991 3918 54 19 ver-

93 3956 114 45 knüpft

357 4015 198 33 erwiederte
569 4014 87 33 Herr
670 4014 116 40 Mohn,
803 4016 74 37 „ein
892 4013 174 34 Unwetter

93 4064 161 45 losbricht,
280 4083 39 20 so
356 4070 43 32 ist
435 4069 54 33 die
516 4068 100 34 Fahrt
653 4067 87 34 nicht
777 4081 39 19 so
854 4080 86 30 ganz
977 4067 88 33 ohne

94 4118 130 37 Gefahr.
271 4123 112 34 Wenn
400 4124 58 32 wir
482 4125 31 31 in
538 4124 107 32 einem
665 4121 177 34 Lufthaien
861 4121 205 33 Unterkunft

93 4172 107 36 frnden
237 4177 159 40 könnten,
435 4177 87 33 dann
560 4179 87 30 wäre
683 4178 32 39 ja
752 4175 81 34 alles
865 4181 60 36 gut
951 4194 42 3 —
1021 4176 43 31 im

1152 69 125 33 andern
1292 69 90 33 Falle
1394 72 40 32 ist
1448 84 36 19 es
1497 73 225 41 ungemütlich
1736 75 164 33 zwischen
1914 76 216 34 flackernden

1152 122 127 34 Blitzen
1298 123 310 44 dahinzugondeln.
1646 125 129 36 Weiter
1793 128 128 35 kommt
1939 142 74 21 man
2029 130 101 38 dabei

1152 176 97 34 nicht.
1298 177 195 35 Versuchen
1531 181 58 31 wir
1625 194 47 26 es,
1699 181 73 34 aufs
1798 182 105 35 flache
1930 182 93 35 Land
2058 184 54 34 her-

1152 231 264 44 unterzugehen,
1454 245 39 21 so
1518 234 82 34 wird
1637 235 61 33 der
1723 235 118 35 Ballon
1878 237 149 45 derartig
2059 240 54 33 mit-

1148 297 216 30 genommen,
1406 286 67 34 daß
1510 289 59 32 wir
1603 289 87 33 nicht
1726 291 30 31 in
1795 290 73 34 acht
1893 290 117 45 Tagen
2049 294 79 31 nach

1148 337 143 35 London

1420 404 61 33 rief
1506 419 65 19 nun
1592 406 83 34 Frau
1698 406 179 42 Schröder,
1898 411 78 38 „wir
1993 410 136 33 werden

1148 456 86 33 doch
1261 456 89 33 wohl
1388 460 98 32 einen
1512 458 180 36 Lufthafen
1719 461 142 34 finden?
1910 462 31 34 In
1968 462 161 35 Amerika

1149 509 109 34 haben
1284 512 60 32 wir
1369 511 153 36 mehrere

1242 574 86 40 „Die
1347 582 121 28 nutzen
1488 591 61 21 uns
1724 586 167 28 versetzte
1910 581 86 33 Herr
2015 581 115 41 Mohn,

1151 630 53 37 „in
1230 628 202 36 Frankreich
1459 631 111 34 haben
1597 635 57 31 wir
1680 647 60 20 nur
1766 636 98 32 einen
1890 635 130 43 großen
2040 635 72 35 Luft-

1149 682 101 34 hafen
1277 683 54 33 bei
1350 683 105 35 Paris.
1505 685 70 35 Der
1599 689 43 31 ist
1668 687 82 34 aber
1775 702 38 20 so
1832 689 213 43 unpraktisch
2074 704 37 19 an-

1148 736 128 45 gelegt,
1295 737 67 35 daß
1381 741 58 31 wir
1457 741 77 33 dort
1552 741 55 33 bei
1626 741 175 35 Unwetter
1819 743 172 34 bestimmt
2010 744 120 33 keinen

1148 790 91 34 Platz

1241 845 104 40 „Was
1360 849 137 33 machen
1510 852 58 31 wir
1736 851 108 43 fragte
1856 852 84 33 Frau
1952 852 178 35 Schröder.

1241 900 93 41 „Das
1372 902 97 35 beste
1671 905 177 35 erwiderte
1886 906 88 35 Herr
2015 907 115 40 Mohn,

1150 957 78 36 „wir
1253 956 139 34 suchten
1419 959 98 32 einen
1536 958 185 35 deutschen
1740 960 179 35 Lufthafen
1946 962 57 33 auf

1148 1011 31 31 in
1206 1009 233 36 Deutschland
1464 1013 93 43 gibts
1583 1027 41 20 an
1650 1015 61 33 der
1729 1014 248 36 französischen
1996 1016 134 35 Grenze

1147 1066 80 31 zwei
1278 1064 158 35 Dutzend
1487 1081 103 20 neuer
1640 1069 189 35 Lufthäfen.
1895 1070 48 34 Ich
1994 1071 136 44 glaube,

1147 1118 150 44 gnädige
1336 1119 95 42 Frau,
1470 1121 57 35 Sie
1566 1122 111 35 haben
1702 1138 67 19 von
1800 1124 118 35 diesen
1945 1125 184 35 deutschen

1146 1171 177 36 Lufthäfen
1351 1176 83 33 noch
1462 1177 167 42 garniehts
1656 1178 132 43 gehört,
1815 1179 88 34 nicht

1238 1227 58 34 Ein
1336 1229 125 34 breiter
1498 1230 83 35 Blitz
1616 1233 83 43 ging
1736 1235 123 33 unweit
1896 1247 77 21 vom
2012 1235 117 35 Ballon

1145 1294 57 21 zur
1230 1282 87 34 Erde
1356 1284 132 40 nieder;
1528 1287 53 31 ein
1608 1287 208 35 krachender
1841 1288 141 35 Donner
2013 1289 116 44 folgte.

1145 1335 83 34 Frau
1267 1336 169 36 Schröder
1473 1353 65 30 zog
1576 1341 93 34 ihren
1709 1341 127 35 Mantel
1876 1343 66 34 fest
1980 1357 54 20 um
2074 1345 54 33 die

1143 1389 177 36 Schultern
1346 1393 69 33 und
1441 1400 99 37 sagte
1566 1395 108 44 ruhig:

1235 1454 80 40 „Sie
1342 1455 111 35 haben
1481 1458 90 34 recht
1632 1459 49 33 Ich
1707 1460 88 34 weiß
1821 1461 84 34 noch
1932 1462 104 34 nichts
2062 1477 65 19 von

1144 1509 117 34 diesen
1288 1510 186 35 deutschen
1500 1512 192 36 Lufthäfen.
1741 1513 86 36 Sind
1853 1517 49 32 sie
1930 1517 123 34 anders
2081 1517 48 35 als

1145 1564 55 33 die
1227 1564 315 36 amerikanischen?
1580 1567 47 34 ich
1667 1569 134 34 komme
1839 1583 38 21 so
1916 1571 106 34 selten
2054 1585 73 20 zum

1237 1683 53 34 Da
1315 1684 145 35 erklärte
1479 1686 88 33 Herr
1593 1687 119 34 Moritz
1731 1688 104 34 Mohn
1862 1689 54 34 die
1945 1690 184 34 deutschen

1144 1737 194 35 Lufthäfen:

1234 1800 137 42 „Sehen
1422 1804 57 34 Sie
1517 1806 76 40 mal,
1631 1807 150 44 gnädige
1963 1816 97 37 sagte
2099 1823 35 19 er

1140 1856 152 41 lachend,
1310 1858 162 35 während
1489 1859 56 35 die
1568 1860 104 35 Blitze
1697 1862 257 36 weiterzuckten
1980 1863 69 34 und
2074 1865 61 33 der

1143 1911 142 34 Donner
1322 1913 179 41 donnerte,
1543 1917 77 38 „ein
1647 1915 180 35 Lufthafen
1865 1918 65 34 soll
1968 1920 29 32 in
2027 1925 107 28 erster

1144 1965 92 35 Linie
1246 1967 87 33 allen
1347 1967 286 47 Luftfahrzeugen
1648 1971 55 34 bei
1717 1971 175 36 Unwetter
1903 1974 229 43 genügenden

1144 2020 123 35 Schutz
1293 2022 123 34 bieten.
1467 2023 180 36 Nebenbei
1674 2026 87 34 kann
1795 2029 34 41 ja
1855 2027 84 34 auch
1966 2028 62 34 das
2055 2027 74 34 Ein-

1145 2076 69 34 und
1239 2076 210 45 Aussteigen
1489 2079 190 35 erleichtert
1711 2082 149 33 werden.
1910 2082 64 34 Die
2002 2082 108 44 Haupt-

1145 2131 98 34 sache
1270 2131 108 35 bleibt
1399 2133 181 43 jedenfalls
1618 2135 61 34 der
1703 2134 124 36 Schutz
1863 2137 55 34 bei
1945 2136 185 36 Unwetter.

1145 2185 124 35 Hierzu
1296 2187 74 33 sind
1390 2187 84 34 aber
1491 2189 177 43 eigentlich
1695 2204 60 19 nur
1781 2190 91 35 recht
1889 2191 89 34 hohe
1996 2191 134 35 Wände

1146 2242 104 42 nötig.
1300 2241 70 34 Das
1398 2244 41 33 ist
1464 2243 90 35 wohl
1581 2244 248 42 einleuchtend,
1855 2246 88 34 nicht

1240 2295 84 35 Frau
1341 2296 171 35 Schröder
1539 2298 135 43 bejahte
1702 2300 62 34 das
1790 2300 141 41 lebhaft,
1958 2301 68 33 und
2045 2301 88 34 Herr

1145 2349 105 34 Mohn
1277 2350 75 35 fuhr
1376 2352 81 34 fort:

1239 2414 207 44 „Eigentlich
1474 2430 61 20 nur
1559 2417 148 41 Wände,
1734 2419 86 34 nicht
1848 2420 120 33 einmal
1987 2420 143 40 Dächer,

1147 2469 89 34 denn
1263 2469 61 34 der
1349 2469 118 45 Regen
1493 2485 66 21 von
1598 2472 91 35 oben
1715 2473 139 34 schadet
1891 2474 66 34 den
1996 2474 134 34 Ballons

1147 2523 98 41 nicht,
1272 2524 183 35 höchstens
1492 2528 43 32 ist
1561 2540 36 20 er
1623 2527 66 34 den
1721 2528 214 35 ballonlosen
1961 2529 148 35 Drachen-

1148 2578 141 44 fliegern
1328 2580 205 44 unbequem.
1583 2581 76 34 Nun
1698 2585 42 31 ist
1777 2596 37 20 es
1852 2583 83 34 aber
1971 2584 159 34 natürlich

1148 2632 79 35 sehr
1251 2634 143 45 wichtig,
1413 2634 68 34 daß
1508 2649 74 20 man
1610 2637 95 34 diese
1722 2637 136 34 Wände
1884 2651 39 22 so
1949 2639 98 33 leicht
2069 2641 61 31 wie

1149 2688 144 44 möglich
1335 2689 119 35 macht.
1505 2690 79 34 Und
1622 2692 43 33 da
1702 2692 114 34 baben
1854 2692 55 35 die
1935 2693 194 35 Deutschen

1149 2742 180 44 folgendes
1355 2744 182 34 erfunden:
1575 2748 48 31 sie
1650 2747 137 34 machen
1827 2747 54 34 die
1907 2747 136 36 Wände
2068 2750 62 32 wie

1148 2811 41 19 an
1226 2797 67 35 den
1331 2799 250 35 Hausfenstern
1620 2801 54 33 die
1711 2806 130 38 grünen
1879 2802 252 44 Rolljalousien,

1149 2851 104 35 deren
1291 2853 144 34 schmale
1474 2854 219 35 Holzbretter
1730 2856 101 34 durch
1872 2857 177 35 Anziehen
2091 2872 40 19 an

1152 2909 92 32 einer
1261 2907 103 35 Kette
1382 2908 187 35 horizontal
1587 2909 84 34 oder
1689 2910 140 45 schräge
1841 2912 137 43 gestellt
1996 2913 135 34 werden

1151 2962 145 34 können.
1346 2962 122 35 Solche
1486 2963 135 35 Wände
1639 2964 112 36 lassen
1769 2966 67 34 sich
1855 2966 55 35 bei
1928 2966 203 36 Sturmwind

1152 3018 147 33 dadurch
1326 3018 160 40 schonen,
1512 3018 68 35 daß
1606 3034 76 19 man
1720 3020 55 34 die
1802 3021 173 35 einzelnen
2002 3022 131 35 Bretter

1151 3072 185 35 horizontal
1362 3074 101 33 stellt.
1514 3074 103 35 Diese
1632 3074 132 35 Bretter
1782 3076 74 33 sind
1883 3076 82 34 aber
1982 3077 150 44 garnicht

1147 3140 59 21 aus
1232 3127 98 41 Holz,
1356 3147 43 3 —
1425 3130 48 33 sie
1511 3130 74 33 sind
1623 3143 60 20 aus
1716 3129 171 35 Linoleum
1926 3132 68 33 und
2020 3131 110 35 haben

1147 3182 228 35 Meterbreite.
1425 3183 108 44 Fängt
1558 3197 68 20 nun
1652 3184 62 34 der
1738 3183 112 36 Sturm
1881 3199 39 20 zu
1945 3186 106 34 toben
2077 3200 53 26 an,

1148 3250 39 20 so
1212 3237 136 33 werden
1375 3237 63 34 alle
1464 3237 135 35 Wände
1627 3239 214 44 aufgesperrt
1873 3241 69 33 und
1967 3253 61 21 nur
2053 3241 78 34 dort

1148 3291 213 44 zugehalten,
1387 3305 53 21 wo
1466 3295 48 31 sie
1541 3295 53 31 ein
1621 3293 175 35 Luftschiff
1821 3307 112 31 gegen
1952 3293 110 35 Sturm
2090 3309 38 20 zu

1149 3345 156 35 schützen

1241 3400 94 40 „Das
1360 3403 42 32 ist
1424 3403 33 41 ja
1483 3403 78 33 sehr
1832 3404 63 33 rief
1919 3404 84 35 Frau
2032 3404 99 35 Berta

1148 3454 169 35 Schröder
1354 3456 198 44 begeistert,
1578 3458 162 34 während
1768 3459 127 34 wieder
1920 3461 30 31 in
1978 3459 154 34 nächster

1149 3508 97 35 Nähe
1272 3512 53 32 ein
1352 3510 82 35 Blitz
1462 3525 57 20 zur
1545 3512 88 33 Erde
1660 3513 205 34 niederfuhr.

1241 3573 146 45 „Gegen
1602 3583 98 35 sagte
1740 3577 88 33 Herr
1865 3577 119 34 Moritz
2015 3577 115 41 Mohn,

1149 3629 75 31 sind
1262 3629 158 33 natürlich
1458 3630 54 33 die
1539 3630 112 34 Häfen
1689 3631 101 33 durch
1817 3631 78 34 sehr
1919 3631 86 34 viele
2032 3631 83 35 Blitz-

1149 3682 142 34 ableiter
1332 3684 177 42 geschützt
1545 3685 68 33 und
1655 3686 55 32 auf
1747 3699 85 29 ganz
1859 3686 111 33 hohen
1998 3686 132 34 Masten

1149 3737 151 33 brennen
1341 3738 86 33 viele
1477 3738 198 34 elektrische
1724 3738 252 42 Scheinwerfer,
2027 3740 103 34 deren

1150 3791 248 35 Konstellation
1413 3794 68 33 und
1500 3792 82 35 Zahl
1600 3806 111 30 genau
1731 3794 54 33 die
1810 3794 91 43 Lage
1921 3794 61 34 des
2001 3794 129 35 Hafens

1150 3846 55 32 auf
1240 3846 60 34 der
1325 3846 103 34 Karte
1467 3848 128 43 angibt.
1644 3848 65 33 Die
1734 3848 135 33 Wände
1904 3849 134 45 können
2076 3862 54 21 um

1150 3904 98 31 einen
1274 3901 200 35 Mittelkreis
1500 3902 145 43 gedreht
1671 3902 147 40 werden,
1845 3903 111 34 sodaß
1982 3905 55 32 die
2056 3904 56 33 Ein-

1151 3956 86 34 fahrt
1263 3956 60 33 der
1340 3955 273 45 Luftfahrzeuge,
1638 3970 97 20 wenn
1761 3957 67 34 sich
1855 3958 95 33 diese
1976 3958 132 34 bemerk-

1151 4012 61 31 bar
1237 4011 155 42 gemacht
1417 4011 123 39 haben,
1567 4013 117 31 immer
1701 4011 108 42 gleich
1834 4025 67 20 von
1924 4012 96 43 jeder
2037 4011 93 35 Seite

1152 4078 59 20 aus
1248 4064 197 34 stattfinden
1484 4065 96 33 kann.
1630 4064 154 35 Nachher
1809 4065 112 35 lassen
1948 4066 67 33 sich
2041 4067 89 32 dann

1152 4119 54 33 die
1244 4119 125 33 beiden
1410 4119 135 33 Wände
1584 4121 58 32 mit
1677 4119 77 34 dem
1790 4119 175 35 Luftschiff
1989 4133 39 21 so
2055 4121 76 32 weit

1152 4173 195 40 umdrehen,
1387 4173 78 34 dass
1503 4174 60 32 der
1599 4173 102 34 Wind
1741 4187 60 19 nur
1841 4175 66 33 den
1933 4176 197 40 geringsten

2216 77 111 34 Druck
2366 78 57 33 auf
2459 79 53 32 die
2538 78 136 35 Wände
2705 81 132 34 ausübt.
2886 80 129 35 Stellen
3039 81 57 35 Sie
3123 83 68 33 sich

2217 132 97 33 einen
2340 132 151 43 geraden
2518 132 239 45 Regenschirm
2782 148 70 26 vor,
2879 154 42 4 —
2951 137 62 31 wie
3055 137 54 33 ihn
3135 137 56 33 die

2215 184 172 36 Chinesen
2414 187 189 34 benutzen:
2629 187 82 34 wird
2737 201 35 20 er
2798 190 57 32 mit
2880 189 60 33 der
2965 189 88 34 beim
3073 190 120 44 Regen

2215 240 91 33 oben
2332 240 227 35 befindlichen
2583 240 95 35 Seite
2704 242 57 33 auf
2785 242 55 34 die
2866 242 88 34 Erde
2980 244 146 43 gestellt,
3151 259 42 19 so

2215 294 81 33 dass
2322 295 61 33 der
2402 294 98 34 Kreis
2518 301 103 28 unten
2639 295 55 34 bei
2714 295 60 34 der
2788 295 164 44 Drehung
2970 297 61 33 des
3048 297 145 35 Stockes

2215 348 66 33 sich
2319 349 99 34 dreht
2443 369 42 3 —
2511 363 39 19 so
2588 349 74 34 sind
2699 350 53 32 die
2792 349 321 45 Fischbeinstangen
3151 367 41 18 an

2215 401 104 35 Stelle
2354 403 60 33 der
2451 403 134 34 Wände
2623 417 39 20 zu
2701 404 144 34 denken.
2896 405 63 33 Die
2992 405 201 34 Geschichte

2215 457 99 33 dreht
2339 457 67 34 sich
2433 457 161 35 natürlich
2620 459 56 32 auf
2701 458 147 40 Rädern,
2874 460 68 32 und
2961 459 93 34 diese
3081 460 113 34 Räder

2216 510 110 34 laufen
2368 511 57 34 auf
2464 511 177 41 Schienen,
2684 513 53 33 die
2779 513 252 35 konzentrische
3074 514 120 34 Kreise

2215 565 85 33 sind.
2349 565 169 35 Natürlich
2544 567 111 33 lassen
2682 567 65 34 sich
2776 568 82 34 auch
2890 568 62 34 alle
2978 568 134 34 Wände
3140 583 36 18 zu-

2215 619 322 35 sammenschieben.
2586 622 32 32 In
2655 623 60 32 der
2740 622 95 34 Mitte
2868 623 154 33 befindet
3046 623 68 34 sich
3141 626 53 30 ein

2216 672 107 34 hohes
2349 673 275 45 Turmgebäude,
2649 690 65 20 von
2742 677 77 33 dem
2845 690 60 20 aus
2931 677 55 33 die
3012 677 183 34 Drehfahrt

2217 727 59 33 der
2292 726 135 35 Wände
2446 729 175 34 elektrisch
2639 730 139 44 geleitet
2792 732 91 32 wird.
2934 731 132 34 Dächer
3083 732 111 34 lassen

2216 781 79 40 sich,
2321 795 97 21 wenn
2445 797 36 20 es
2508 786 95 41 nötig
2628 786 51 38 ist,
2719 785 80 34 auch
2827 787 116 33 immer
2966 800 78 19 vom
3071 786 106 33 Mittel-

2215 842 85 26 turm
2328 850 59 20 aus
2413 837 57 33 auf
2494 838 54 33 die
2573 837 134 35 Wände

2308 899 166 40 „Solchen
2698 904 61 32 rief
2791 917 64 20 nun
2895 904 82 33 Frau
3015 904 179 40 Schröder,

2217 954 154 40 „möchte
2398 955 51 33 ich
2476 957 31 31 in
2534 957 60 32 der
2619 956 64 34 Tat

2307 1018 72 40 „Ich
2393 1018 65 34 will
2627 1021 175 33 erwiderte
2817 1021 87 33 Herr
2921 1022 115 40 Mohn,
3055 1023 139 40 „diesen

2216 1073 108 33 Herrn
2351 1085 66 21 von
2444 1073 112 33 Brand
2593 1087 39 19 zu
2658 1075 213 34 bestimmen.
2920 1075 96 35 Aber
3053 1091 35 19 er
3113 1078 83 32 wird

2216 1127 55 33 die
2298 1127 117 35 Wette
2442 1127 87 34 nicht
2555 1128 173 43 aufgeben

2308 1181 41 34 Er
2387 1183 82 43 ging
2510 1182 107 34 sofort
2658 1197 40 19 zu
2725 1183 108 34 Herrn
2874 1198 66 20 von
2968 1185 121 39 Brand,
3128 1186 68 32 und

2216 1237 115 33 dieser
2367 1236 118 34 zuckte
2525 1238 58 33 mit
2620 1238 65 33 den
2704 1237 161 41 Achseln,
2907 1238 85 34 doch
3031 1240 43 32 da
3099 1247 98 37 sagte

2216 1291 61 33 der
2302 1291 87 34 Herr
2415 1291 104 34 Mohn
2547 1291 66 34 ihm
2640 1292 81 35 leise
2747 1294 50 32 ins
2824 1292 89 34 Ohr:

2308 1354 98 41 „Wie
2446 1355 139 34 modern
2624 1357 58 32 wir
2716 1357 100 33 heute
2844 1357 74 33 sind
2931 1357 7 33 1
2976 1357 124 34 Früher
3126 1365 54 26 ent-

2215 1409 109 34 führte
2363 1423 75 20 man
2475 1410 90 34 beim
2603 1409 111 35 Sturm
2742 1410 54 34 die
2833 1410 145 35 Tochter
3010 1412 99 34 heute
3142 1413 55 33 die

2213 1463 331 44 Schwiegermutter.
2594 1464 49 34 Ich
2670 1465 112 34 denke
2808 1465 55 34 die
2892 1465 200 36 Geschichte
3114 1468 84 32 wird

2215 1525 61 35 gut
2292 1518 148 34 werden.
2490 1518 70 42 Sag
2587 1532 59 20 nur
2662 1521 125 39 immer,
2806 1519 66 34 daß
2892 1520 43 33 du
2955 1521 81 33 nach
3055 1521 141 34 London

2307 1627 89 34 Herr
2420 1641 67 20 von
2512 1629 115 33 Brand
2653 1628 77 44 pfiff
2755 1630 81 33 leise
2861 1643 60 20 vor
2947 1631 66 33 sich
3034 1631 66 39 hin,
3126 1632 70 32 und

2217 1682 88 33 Herr
2345 1682 105 34 Mohn
2492 1684 83 42 ging
2617 1684 125 33 wieder
2779 1697 40 20 zu
2857 1684 60 33 der
2958 1685 88 33 alten
3088 1684 110 35 Dame

2218 1736 129 35 zurück.

2309 1791 68 41 „Er
2412 1792 65 33 will
2662 1800 97 37 sagte
2785 1807 35 19 er
2846 1793 265 40 melancholisch,
3140 1809 60 25 „er

2218 1846 66 34 will
2311 1860 59 20 nur
2395 1849 93 33 seine
2510 1847 117 35 Wette
2653 1849 185 42 gewinnen.
2888 1847 78 35 Und
2992 1848 48 34 ich
3066 1849 132 33 möchte

2220 1901 80 35 auch
2319 1915 39 21 so
2376 1915 83 30 gern
2478 1904 98 32 einen
2594 1902 111 34 Hafen
2724 1901 182 35 aufsuchen
2923 1922 42 4 —
2984 1916 52 20 am
3055 1903 143 35 liebsten

2220 1957 106 43 gleich
2354 1956 66 34 den
2447 1957 112 34 Hafen
2585 1957 61 34 der
2672 1957 80 33 Ehe.
2801 1955 56 35 Sie
2894 1958 182 33 verstehen
3114 1958 84 34 mich

2219 2011 100 40 wohl,
2345 2012 150 43 gnädige

2307 2075 84 33 Frau
2417 2074 173 35 Schröder
2625 2075 143 33 lächelte
2793 2076 307 43 verständnisinnig
3126 2077 70 31 und

2216 2136 96 38 sagte
2340 2130 96 33 leise:

2309 2183 118 42 „Also,
2476 2183 57 35 Sie
2574 2184 121 34 wollen
2737 2187 108 31 meine
2887 2185 100 34 Clara
3036 2186 164 37 heiraten,

2217 2239 92 33 nicht

2431 2294 177 33 erwiderte
2635 2294 86 33 Herr
2747 2294 113 33 Mohn.

2309 2348 75 41 „Da
2411 2347 79 34 muß
2516 2348 48 33 ich
2591 2348 82 33 aber
2698 2355 69 27 erst
2791 2348 85 34 über
2893 2348 70 35 Ihre
2990 2350 209 42 pekuniären

2216 2402 234 35 Verhältnisse
2476 2404 42 32 im
2535 2402 123 34 Klaren
2678 2404 69 33 sein
2810 2409 98 38 sagte
2926 2404 56 33 die
3000 2403 66 34 alte
3080 2403 120 34 Dame.

2309 2457 77 34 Nun
2411 2458 140 33 wurden
2577 2458 81 33 aber
2684 2458 60 33 der
2765 2456 124 42 Sturm,
2916 2458 60 33 der
2993 2458 111 43 Hagel
3130 2459 70 32 und

2217 2514 62 33 das
2297 2512 165 35 Gewitter
2487 2526 39 21 so
2552 2512 118 44 heftig,
2697 2511 68 35 daß
2791 2512 54 33 die
2871 2512 124 34 beiden
3022 2512 66 34 sich
3112 2514 88 32 nicht

2217 2569 114 33 weiter
2357 2566 211 35 unterhalten
2594 2566 157 35 konnten.

2307 2632 64 33 Als
2396 2644 36 21 es
2460 2632 52 32 ein
2538 2632 112 42 wenig
2674 2630 135 44 ruhiger
2834 2633 31 30 in
2892 2631 60 33 der
2970 2631 76 33 Luft
3071 2632 129 39 wurde,

2217 2687 104 34 schrie
2337 2686 88 34 Herr
2439 2685 119 34 Mohn:
2585 2684 183 45 „Gnädige
2787 2684 95 40 Frau,
2909 2686 54 33 bei
2989 2686 78 33 dem
3086 2684 113 35 Sturm

2216 2742 136 33 werden
2390 2742 58 32 wir
2484 2753 86 30 ganz
2607 2740 172 33 bestimmt
2808 2742 31 31 in
2867 2740 54 33 die
2947 2740 156 34 Nordsee
3140 2753 40 30 ge-

2217 2796 127 34 worfen

2488 2849 62 34 rief
2575 2863 65 19 nun
2678 2849 55 33 die
2771 2849 65 34 alte
2864 2849 118 39 Dame,
3022 2850 80 39 „auf
3139 2850 61 33 der

2217 2905 67 35 See
2303 2905 75 34 sind
2396 2904 86 34 doch
2500 2904 56 33 die
2570 2903 185 35 deutschen
2770 2903 177 35 Lufthäfen
2965 2903 83 34 noch
3064 2903 136 35 ieichter

2218 2960 228 43 anzubringen
2485 2959 48 33 als
2571 2958 56 34 auf
2652 2957 77 35 dem
2755 2958 115 34 Lande
2895 2977 41 4 —
2965 2959 56 33 auf
3045 2959 61 33 der
3130 2958 69 34 See

2217 3014 139 35 braucht
2370 3027 73 20 man
2456 3015 31 41 ja
2502 3013 97 33 keine
2615 3012 252 34 konzentrische
2883 3012 260 35 Kreisschienen
3154 3032 46 4 —

2217 3068 258 36 Schaufelräder
2500 3071 158 40 genügen
2678 3069 43 41 ja,
2749 3067 68 33 und
2835 3067 55 33 die
2903 3067 135 34 W'ände
3064 3067 136 33 können

2217 3124 57 34 auf
2298 3122 129 35 Flößen

2308 3185 220 43 ~Glänzende
2674 3185 105 35 schrie
2794 3185 87 34 Herr
2895 3185 129 40 Moritz,
3039 3186 160 33 während

2216 3244 60 33 der
2302 3241 113 43 Hagel
2444 3241 91 33 oben
2561 3240 56 34 auf
2643 3240 77 34 dem
2747 3239 118 35 Ballon
2891 3242 97 32 einen
3014 3239 161 35 Trommel-

2214 3297 116 34 wirbel
2356 3302 171 37 erzeugte,
2554 3295 78 40 „die
2648 3295 77 33 Idee
2751 3294 115 34 müßte
2889 3294 107 44 gleich
3015 3297 185 41 patentiert

2215 3351 147 34 werden.
2410 3350 48 34 Ich
2484 3349 95 34 wilPs
2617 3350 183 43 besorgen,
2825 3363 97 19 wenn
2951 3348 69 41 Sie,
3045 3349 153 44 gnädige

2217 3406 97 40 Frau,
2355 3407 60 32 mir
2452 3404 277 44 Gewissenfrage
2778 3417 67 20 von
2871 3403 115 34 vorhin

2648 3458 109 34 schrie
2776 3458 83 33 Frau
2883 3458 109 39 Berta,
3019 3458 104 39 „aber
3139 3457 59 34 Sie

2216 3520 136 29 müssen
2394 3514 110 34 Herrn
2545 3526 66 21 von
2653 3512 113 34 Brand
2813 3515 162 41 zwingen,
3026 3514 31 30 in
3099 3514 98 30 einen

2217 3569 187 34 deutschen
2431 3568 177 34 Lufthafen

2432 3623 105 34 schrie
2564 3622 88 33 Herr
2673 3620 131 40 Moritz,
2831 3621 133 42 „geben
2991 3619 55 34 Sie
3073 3622 60 31 mir
3146 3619 53 34 Ihr

2215 3679 125 41 Jawort

2307 3740 113 41 „Mein
2615 3739 110 33 schrie
2763 3738 53 33 die
2854 3737 65 33 alte
2957 3737 118 40 Dame,
3111 3737 86 40 „das

2216 3796 87 33 sieht
2327 3796 62 32 wie
2417 3796 74 31 eine
2517 3793 213 43 Erpressung

2308 3850 94 40 „Das
2552 3847 110 34 schrie
2699 3859 65 20 nun
2792 3845 87 34 Herr
2904 3845 118 34 Moritz
3059 3846 137 38 wieder,

2217 3918 81 26 „nur
2326 3904 85 32 dazu
2439 3902 54 40 da,
2532 3915 54 19 um
2612 3900 100 33 Ihnen
2737 3913 38 20 zu
2803 3900 181 39 beweisen,
3019 3899 67 34 daß
3113 3900 83 33 auch

2217 3960 53 31 ein
2320 3956 245 35 idealistischer
2606 3954 173 44 Europäer
2827 3967 38 20 so
2914 3954 171 43 praktisch
3128 3954 69 32 und

2217 4011 179 43 energisch
2421 4012 62 31 wie
2510 4011 53 31 ein
2588 4008 222 33 Amerikaner
2836 4010 70 32 sein

2307 4065 54 34 Da
2385 4078 65 29 zog
2465 4064 84 33 Frau
2562 4062 168 35 Schröder
2756 4063 52 34 bei
2836 4063 77 34 dem
2939 4062 130 43 großen
3082 4062 112 33 Sturm

2216 4122 74 30 eine
2316 4118 228 34 Visitenkarte
2570 4118 120 33 hervor
2716 4117 68 34 und
2810 4117 134 34 schrieb
2970 4116 132 34 darauf:

2307 4172 79 41 „Sie
2412 4172 106 34 sollen
2546 4173 86 32 mein
2659 4170 280 45 Schwiegersohn
