3591 4457
1735 147 88 56 279

193 287 277 49 Dilettanten
501 304 58 31 zu
590 285 267 51 behandeln.
887 288 157 51 Wenn
1075 287 140 50 selbst
1243 306 49 31 so
1324 296 223 58 genannte
1579 288 125 50 Gebil-

194 371 103 49 dete
324 370 120 49 diese
474 369 161 49 Arbeit
675 369 61 50 als
769 371 95 48 eine
894 370 279 67 berechtigte
1202 371 232 66 Dichtung
1464 372 148 65 gelten
1644 372 63 49 las-

193 470 80 33 sen
303 453 177 58 wollen,
526 469 50 32 so
618 452 332 50 charakterisirt
992 454 92 48 dies
1129 454 233 49 immerhin
1406 454 69 49 die
1518 455 211 50 niederen

192 536 210 66 Begriffe,
422 536 168 49 welche
609 553 137 32 unser
764 536 282 57 Geschlecht,
1066 536 140 49 durch
1230 554 49 32 so
1307 536 110 50 viele
1438 538 261 64 geschmack-

191 619 96 49 lose
317 618 295 49 Genialitäten
643 637 53 29 an
729 619 77 48 das
837 619 325 55 Skizzenhafte,
1207 620 196 58 Unreife,
1446 621 280 64 Halbfertige

191 702 229 67 gewöhnt,
451 702 115 49 noch
597 719 101 31 vom
731 702 183 48 wahren
946 702 303 48 Kunstwerke
1281 703 88 48 hat.
1431 702 99 50 Und
1575 720 47 32 es
1673 704 56 48 ist

192 803 87 32 von
311 786 208 65 Wagner
565 783 140 50 selbst
748 785 98 47 eine
891 784 345 65 unbegreifliche
1267 784 327 67 Verblendung
1637 786 92 51 und

190 868 332 64 Anmaassung,
564 866 120 49 seine
714 866 222 66 dürftigen
970 868 145 47 Texte
1159 868 61 49 als
1251 868 478 67 Kunstschöpfungen,

191 952 92 50 und
309 967 119 32 zwar
458 951 61 47 als
551 949 103 48 sehr
686 948 130 58 hohe,
846 950 181 65 geltend
1058 950 184 49 machen
1274 969 52 31 zu
1364 950 176 51 wollen.
1575 953 154 48 Wenn

192 1051 64 40 er,
286 1033 84 49 wie
401 1050 47 31 es
479 1032 184 54 scheint,
695 1031 118 49 diese
846 1032 316 67 pedantischen
1183 1032 218 50 Arbeiten
1433 1036 67 46 für
1531 1035 75 48 das
1639 1036 68 47 ein-

192 1117 69 65 zig
291 1117 119 47 Gute
449 1115 42 48 in
531 1131 188 32 unserer
749 1115 159 49 Poesie
949 1115 105 59 hält,
1101 1133 49 31 so
1194 1117 55 48 ist
1296 1116 119 50 dann
1459 1118 270 65 wenigstens

189 1199 93 50 sein
314 1198 172 48 kühner
516 1198 267 65 Ausspruch
815 1198 113 49 über
961 1199 68 48 die
1061 1198 284 67 Unfähigkeit
1377 1216 186 32 unserer
1594 1202 108 65 Spra-

189 1282 96 58 che,
317 1280 90 50 sich
439 1280 199 67 poetisch
669 1281 358 59 auszudrücken,
1072 1282 169 65 einiger
1274 1282 205 49 Maassen
1521 1283 181 65 gerecht-

188 1364 177 65 fertigt;
411 1364 115 48 denn
558 1381 101 30 man
691 1363 115 49 kann
848 1365 91 48 sich
981 1364 113 49 doch
1129 1365 132 48 kaum
1294 1364 118 49 eines
1443 1366 161 48 milden
1636 1367 58 47 Lä-

186 1447 152 51 chelns
386 1446 115 49 beim
541 1447 148 47 Lesen
734 1446 143 49 dieser
922 1446 287 67 aufgeblasen
1253 1447 468 50 einherschreitenden

189 1530 93 50 und
312 1529 69 49 bei
419 1529 152 65 jedem
604 1527 194 50 Schritte
828 1529 113 49 über
980 1531 94 47 ihre
1117 1530 186 65 eigenen
1335 1530 135 48 Beine
1501 1531 196 67 stolpern-

188 1614 88 50 den
304 1612 197 50 Jamben
531 1611 250 50 erwehren.

321 1735 17 18 „
535 1695 102 49 Wir
668 1694 270 49 entdeckten
973 1712 85 31 nur
1088 1694 68 49 bei
1190 1695 100 48 dem
1319 1695 277 51 Hirtenliede
1628 1698 94 48 und

187 1780 102 48 dem
319 1778 83 66 (bis
444 1796 99 30 zum
578 1775 325 51 Uebermaasse
946 1777 446 67 wiederkehrenden)
1434 1779 291 67 Pilgersange

188 1863 131 49 einen
349 1860 136 49 leisen
518 1859 221 50 Anhauch
771 1859 76 49 des
872 1860 286 57 Volkstones,
1192 1860 195 50 welcher
1417 1860 166 51 diesem
1612 1880 81 48 gan-

185 1962 82 32 zen
289 1943 142 50 Stoffe
462 1962 49 32 so
537 1959 293 51 angemessen
859 1960 210 48 gewesen
1094 1948 137 52 wäre,
1264 1943 217 51 während
1501 1943 114 66 jetzt
1644 1945 52 49 be-

186 2027 187 50 sonders
418 2027 68 48 die
517 2027 163 48 Lieder
710 2025 79 49 der
820 2028 174 63 Sänger
1034 2027 56 47 im
1123 2027 187 48 zweiten
1340 2027 116 48 Acte
1486 2028 105 48 alles
1622 2028 82 66 lyri-

186 2110 136 49 schen
339 2109 294 66 Schwunges,
668 2107 106 49 alles
806 2109 276 48 natürlichen
1110 2109 196 65 Klanges
1339 2109 263 59 entbehren,
1634 2128 87 31 von

187 2190 300 67 Sangbarkeit
517 2192 143 49 nichts
692 2208 56 31 an
778 2190 91 49 sich
900 2191 144 48 haben
1089 2191 91 49 und
1211 2191 104 58 kalt,
1355 2192 239 66 gespreizt,
1626 2192 103 49 steif

186 2274 248 50 rhetorisch
464 2275 205 65 gehalten
701 2271 136 50 sind.'
838 2284 8 16 4

764 2355 206 67 (Schluss
1003 2355 146 68 folgt.)

535 2606 847 56 Biographische
1381 2606 1 56 Notizen.

268 2726 34 38 1.
332 2723 279 50 Christoph
652 2722 238 49 Rudolph
934 2721 384 45 Breidenstein,
1362 2721 109 38 Sohn
1503 2721 68 38 des
1602 2720 99 51 Orga-

189 2787 128 39 nisten
345 2786 80 38 und
444 2784 281 41 Musiklehrers
748 2784 198 38 Johannes
969 2782 282 47 Breidenstein,
1274 2782 135 38 wurde
1438 2794 62 26 am
1530 2782 62 38 20.
1609 2782 116 49 April

192 2849 95 39 1821
319 2848 40 38 in
390 2847 132 38 Erfurt
549 2846 186 50 geboren.
764 2844 374 40 Musik-Unterricht
1166 2844 173 49 empfing
1368 2856 41 25 er
1437 2843 184 38 zunächst
1650 2854 74 26 von

192 2910 149 39 seinem
371 2909 120 37 Vater
533 2907 80 38 und
652 2905 128 39 einem
818 2904 139 46 Onkel,
1001 2905 68 37 der
1114 2905 99 39 auch
1242 2904 184 50 Organist
1467 2916 94 26 war.
1615 2904 109 38 Nach

191 2970 91 38 dem
312 2970 109 39 Tode
449 2969 127 38 seines
608 2968 138 38 Vaters
788 2978 139 39 genoss
973 2978 41 27 er
1056 2966 75 39 den
1161 2966 222 39 Unterricht
1413 2966 67 37 des
1509 2964 192 41 Musik-Di-

191 3034 145 35 rectors
366 3030 197 37 Ketschau
606 3029 78 37 und
727 3027 53 38 im
822 3027 210 49 doppelten
1064 3027 294 50 Contrapunkte
1386 3027 75 37 den
1503 3027 68 38 des
1602 3025 99 51 Orga-

192 3091 127 39 nisten
350 3088 213 41 Gebhardi.
618 3089 59 38 Im
713 3088 120 42 Jahre
875 3087 98 39 1832
1015 3088 93 47 (also
1138 3086 41 39 in
1207 3088 148 38 seinem
1385 3088 177 38 zwölften
1590 3088 134 47 Jahre)

191 3151 220 40 übernahm
442 3163 41 26 er
512 3151 61 37 die
602 3149 117 38 Stelle
750 3149 125 38 seines
904 3150 279 37 verstorbenen
1215 3149 139 38 Vaters
1383 3149 54 37 als
1468 3147 182 52 Organist
1678 3160 48 26 an

190 3215 71 38 der
288 3212 450 52 Allerheiligen-Kirche
766 3210 37 38 in
834 3210 150 47 Erfurt;
1018 3211 98 38 1845
1145 3212 135 37 wurde
1309 3224 41 26 er
1378 3211 97 38 nach
1507 3211 217 38 Dortmund

190 3276 165 39 berufen
386 3276 54 37 als
468 3272 329 42 Musik-Director
826 3271 66 37 des
921 3271 330 39 Musik-Vereins.
1300 3272 55 38 Er
1385 3272 64 38 hat
1479 3271 143 45 bisher,
1655 3271 71 38 wie

190 3336 185 45 bekannt,
403 3335 110 38 sechs
531 3332 447 50 Männergesang-Feste
1009 3332 66 38 des
1091 3332 523 40 Märkisch-Westfälischen
1632 3332 71 38 Sän-

191 3396 268 52 ger-Vereins,
501 3407 41 26 so
585 3395 73 38 wie
700 3395 67 37 das
799 3392 99 40 1852
940 3393 40 38 in
1010 3393 146 38 Hamm
1197 3394 81 38 und
1312 3394 98 38 1855
1438 3394 40 38 in
1509 3394 218 38 Dortmund

192 3457 186 52 gefeierte
407 3456 259 40 westfälische
693 3455 206 40 Musikfest
927 3455 169 50 geleitet.

269 3536 39 39 2.
338 3535 247 45 Bischoff,
630 3533 169 52 Georg
840 3533 206 45 Friedr.,
1087 3533 172 49 geboren
1302 3533 76 39 den
1407 3533 61 39 21.
1498 3533 230 50 September

192 3597 103 39 1780
322 3609 47 25 zu
397 3596 160 45 Ellrich,
599 3596 209 49 gestorben
839 3596 75 37 den
946 3595 33 38 7.
1009 3594 232 49 September
1272 3594 95 39 1841
1400 3594 39 38 in
1470 3593 258 39 Hildesheim.

192 3658 172 41 Gassner
392 3658 82 51 gibt
503 3659 76 38 den
610 3659 34 37 7.
673 3657 114 50 April
818 3658 52 37 als
901 3657 200 49 Sterbetag
1130 3667 74 33 an;
1232 3655 61 38 ich
1324 3656 100 39 habe
1450 3655 143 52 jedoch
1623 3655 105 38 diese

190 3720 113 39 Notiz
331 3719 108 39 nicht
466 3731 76 26 nur
569 3730 69 26 aus
668 3719 88 38 dem
774 3717 315 46 Kirchenbuche,
1112 3717 169 39 sondern
1305 3718 97 38 auch
1427 3730 74 26 von
1522 3716 206 39 Bischoff's

190 3780 170 40 Tochter
388 3780 209 49 eingeholt.

268 3860 37 38 3.
333 3859 189 49 Flügel,
564 3857 202 47 Gustav,
807 3858 174 50 geboren
1022 3857 74 38 den
1126 3857 35 38 2.
1190 3857 78 38 Juli
1310 3856 99 39 1812
1449 3869 46 26 zu
1524 3856 204 50 Nienburg

193 3932 48 27 an
270 3920 69 38 der
367 3920 124 44 Saale,
533 3918 160 39 studirte
736 3930 74 27 von
852 3918 254 40 1827—1830
1148 3917 61 39 bei
1239 3918 68 40 Dr.
1336 3918 149 38 Friedr.
1515 3918 213 38 Schneider

190 3994 49 27 zu
265 3982 149 38 Dessau
444 3979 170 40 Theorie
643 3980 70 39 der
740 3979 141 45 Musik,
924 3980 223 50 prakticirte
1178 3979 103 38 dann
1312 3979 57 39 bis
1406 3980 98 39 1840
1533 3992 46 25 zu
1609 3979 95 39 Nien-

190 4043 113 50 burg,
332 4042 219 50 Bernburg,
581 4041 150 39 Cöthen
761 4042 81 38 und
869 4042 257 50 Magdeburg,
1159 4053 76 26 von
1268 4040 258 40 1840—1850
1554 4054 47 24 zu
1630 4041 79 38 Stet-

189 4102 69 46 tin,
287 4114 59 28 wo
376 4115 42 26 er
446 4102 97 40 auch
573 4102 70 39 mit
671 4102 135 39 seinen
835 4102 170 39 Sonaten
1035 4102 224 40 hervortrat.
1311 4101 80 40 Seit
1419 4102 78 40 Mai
1533 4102 97 39 1850
1658 4100 46 39 kö-

1824 292 191 52 niglicher
2044 292 461 43 Seminar-Musiklehrer
2533 310 47 26 zu
2607 297 213 47 Neuwied;
2866 297 72 41 seit
2967 298 102 41 1854
3097 298 246 55 correspondi-

1828 355 140 40 rendes
1997 355 334 51 Ehren-Mitglied
2373 357 67 39 des
2468 357 378 42 Niederländischen
2873 359 169 41 Vereins
3084 372 69 28 zur
3181 362 161 40 Beförde-

1824 428 101 38 rung
1954 415 70 40 der
2053 415 218 41 Tonkunst.

1994 634 239 56 Tages-
2266 637 926 43 und
3193 634 19 56 Unterhaltungs-Blatt.

1902 740 173 36 Mölns.
2106 739 43 38 In
2180 739 68 39 der
2277 741 138 38 letzten
2432 741 161 51 Sitzung
2622 741 68 38 der
2719 741 528 50 philharmonischen
3279 740 56 40 Ge-

1827 800 271 39 sellschaft
2137 802 135 38 hörten
2305 802 70 38 wir
2404 802 95 38 zwei
2530 802 321 50 Compositionen
2881 804 60 38 für
2968 816 151 38 grosses
3151 803 211 39 Orchester

1825 872 75 26 von
1931 860 195 39 Friedr.
2157 861 94 39 Wil
2267 863 36 38 h.
2336 863 68 38 Vo
2418 863 8 38 i
2441 867 59 46 gt,
2542 863 87 38 eine
2660 863 289 38 Ouvertüre
2988 876 45 25 zu
3063 864 298 50 Shakespeare's

1826 920 209 40 Othello
2065 923 80 37 und
2175 924 113 37 einen
2319 936 160 37 grossen
2511 924 497 50 Triumph-Marsch.
3064 924 118 39 Beide
3212 925 124 39 bekun-

1825 982 75 38 den
1933 983 61 38 ein
2025 983 164 39 schönes
2219 985 138 38 Talent
2398 986 79 38 und
2521 986 209 46 beweisen,
2774 986 86 37 dass
2899 986 69 37 der
2997 985 98 38 noch
3125 986 89 38 sehr
3238 986 123 51 junge

1827 1042 231 51 Componist
2097 1044 141 39 bereits
2277 1045 86 39 eine
2392 1046 286 40 lobenswerthe
2709 1046 273 39 Gewandtheit
3011 1046 38 38 in
3079 1046 68 38 der
3176 1046 159 40 Handha-

1825 1103 108 50 bung
1963 1105 68 38 der
2062 1106 452 40 Instrumental-Massen
2544 1108 149 49 erlangt
2721 1106 77 39 hat.
2842 1107 71 38 Die
2943 1107 218 39 Ouvertüre
3190 1107 10 50 (
3208 1106 153 46 D-moll)

1823 1164 49 39 ist
1900 1166 68 38 auf
1992 1172 68 44 gut
2090 1167 241 39 erfundenen
2359 1169 186 47 Motiven,
2591 1181 73 26 von
2695 1169 128 38 denen
2862 1169 68 38 das
2960 1169 304 51 Haupt-Thema
3293 1170 68 38 das

1823 1240 62 26 am
1914 1228 163 39 meisten
2108 1229 363 40 charakteristische
2499 1231 59 45 ist,
2601 1232 143 49 gebaut
2782 1231 80 37 und
2893 1231 214 50 entspricht
3135 1232 70 37 der
3233 1232 107 38 düste-

1822 1300 70 26 ren
1923 1289 123 38 Farbe
2076 1291 67 37 des
2170 1291 191 46 Drama's;
2404 1292 69 37 der
2514 1292 167 37 rasende
2707 1291 118 40 Mohr
2867 1291 47 38 ist
2956 1291 233 50 vollständig
3234 1291 127 45 darin,

1822 1350 116 38 allein
1968 1350 62 38 die
2062 1351 123 39 sanfte
2202 1352 247 38 Desdemona
2478 1352 126 38 dürfte
2632 1364 89 26 man
2752 1352 232 45 vermissen;
3015 1352 233 50 wenigstens
3279 1352 61 38 hal-

1821 1416 65 33 ten
1914 1411 62 38 die
2006 1412 240 37 melodiösen
2269 1412 144 39 Stellen
2442 1413 75 38 den
2542 1413 208 50 Vergleich
2780 1413 68 38 mit
2878 1413 74 39 den
2984 1414 265 49 aufregenden
3277 1413 82 38 und

1825 1472 385 40 leidenschaftlichen
2260 1473 106 39 nicht
2404 1486 80 35 aus,
2528 1475 148 39 welche
2717 1476 155 37 letztere
2912 1475 53 38 oft
3002 1487 97 37 ganz
3137 1475 225 50 vorzüglich

1822 1535 195 49 gelungen
2046 1534 99 39 sind.
2204 1534 70 40 Die
2304 1535 221 39 Ouvertüre
2562 1538 48 37 ist
2639 1549 73 25 von
2742 1537 69 37 der
2839 1536 258 40 Intendantur
3126 1537 69 38 der
3227 1536 112 51 könig-

1820 1594 131 39 lichen
1980 1594 253 50 Schauspiele
2276 1609 48 25 zu
2363 1596 170 39 Berlin
2577 1609 67 26 zur
2682 1597 281 49 jedesmaligen
2992 1597 254 51 Aufführung
3293 1598 68 38 des

1820 1660 223 44 genannten
2074 1656 270 51 Trauerspiels
2373 1669 288 38 angenommen
2695 1658 173 38 worden.

1900 1727 104 39 Herr
2034 1727 158 50 Voigt
2220 1728 49 38 ist
2298 1740 68 26 aus
2396 1729 116 45 Köln,
2541 1729 107 38 Sohn
2678 1729 67 39 des
2775 1728 315 50 Capellmeisters
3119 1730 66 38 des
3214 1730 124 39 Musik-

1820 1799 113 38 corps
1964 1800 87 27 vom
2081 1788 36 39 k.
2148 1789 61 38 30.
2238 1790 474 50 Infanterie-Regimente.
2770 1790 54 38 Er
2853 1790 64 38 hat
2945 1791 62 39 die
3038 1791 324 40 Rheinische

1819 1849 354 39 Musikschule
2217 1851 207 38 hierselbst
2460 1852 95 38 zwei
2583 1853 119 38 Jahre
2732 1853 89 49 lang
2852 1853 182 46 besucht;
3079 1853 107 39 seine
3215 1853 40 38 in
3285 1854 76 38 den

1819 1910 433 52 Prüfungs-Concerten
2282 1913 270 51 aufgeführten
2575 1914 320 50 Compositionen
2927 1915 84 49 (ein
3039 1915 77 37 Ave
3144 1917 126 35 Maria
3300 1916 62 38 für

1820 1973 106 40 Chor
1956 1976 81 37 und
2068 1975 211 40 Orchester
2307 1976 79 39 und
2417 1977 87 38 eine
2534 1977 236 48 Ouvertüre)
2813 1978 188 38 erhielten
3049 1980 121 38 schon
3212 1980 148 38 damals

1818 2035 226 39 verdienten
2074 2036 151 39 Beifall.
2281 2039 62 36 Se.
2371 2037 92 51 Maj.
2502 2039 69 36 der
2593 2038 133 50 König
2763 2039 211 50 bewilligte
3003 2040 82 39 ihm
3114 2040 61 39 ein
3206 2040 132 49 Stipen-

1818 2096 120 45 dium,
1978 2097 80 38 und
2090 2109 41 26 er
2159 2096 48 39 ist
2235 2109 74 26 von
2339 2097 47 38 da
2415 2098 48 38 ab
2493 2098 165 39 Schüler
2698 2099 69 38 der
2794 2099 37 39 k.
2860 2100 219 39 Akademie
3109 2102 70 36 der
3205 2101 155 39 Künste

1816 2157 82 38 und
1940 2157 197 39 Accessist
2181 2158 69 38 der
2291 2157 37 40 k.
2370 2158 156 50 Capelle
2573 2160 38 37 in
2656 2159 193 40 Berlin.
2904 2161 46 38 In
2992 2161 70 38 der
3106 2161 254 40 öffentlichen

1817 2218 161 51 Sitzung
2007 2218 69 38 der
2104 2218 219 38 Akademie
2352 2230 87 26 vom
2472 2220 58 38 17.
2559 2219 80 39 Juli
2670 2220 35 38 d.
2734 2220 34 38 J.
2811 2221 138 38 erhielt
2992 2234 42 26 er
3071 2222 76 38 den
3186 2227 174 34 ersten

1818 2279 144 38 Preis
2005 2279 39 39 in
2087 2281 69 38 der
2199 2280 298 38 musicalischen
2526 2280 270 50 Compositum
2839 2284 61 37 für
2942 2282 85 40 eine
3057 2282 218 40 Ouvertüre
3304 2283 55 40 im

1818 2345 183 45 strengen
2030 2341 70 38 Stil
2128 2341 80 38 und
2246 2341 87 39 eine
2361 2341 96 39 Arie
2501 2342 70 38 mit
2599 2342 106 39 Chor
2744 2343 80 38 und
2855 2342 210 40 Orchester
3107 2344 69 38 auf
3199 2345 138 38 Textes-

1818 2406 121 35 worte
1972 2415 68 26 aus
2069 2404 90 37 dem
2190 2404 84 38 139.
2304 2404 166 39 Psalme.
2526 2404 121 39 Beide
2678 2404 145 40 Werke
2865 2404 87 39 sind
2989 2405 42 39 in
3073 2406 76 38 den
3179 2406 170 40 berliner

1818 2463 173 39 Blättern
2020 2465 91 38 sehr
2137 2465 157 50 günstig
2323 2465 210 38 beurtheilt
2560 2466 172 39 worden.

1895 2611 171 35 Motu.
2121 2607 297 40 Ferdinand
2448 2608 176 40 Hiller
2666 2610 66 38 hat
2768 2622 72 27 uns
2869 2615 156 46 gestern
3054 2613 207 45 verlassen,
3290 2624 68 27 um

1818 2670 63 39 die
1920 2670 218 39 Ferienzeit
2182 2671 69 38 der
2279 2671 268 39 Musikschule
2591 2671 53 39 im
2685 2672 177 38 Seebade
2904 2684 45 26 zu
2996 2674 266 38 Trouville
3303 2673 55 39 im

1817 2731 229 39 nördlichen
2076 2731 238 39 Frankreich
2343 2733 277 49 zuzubringen,
2664 2732 132 39 wohin
2839 2745 42 26 er
2925 2745 74 26 von
3043 2733 219 40 Rossini
3309 2747 49 25 zu

1817 2792 128 39 einem
1974 2792 178 39 Besuche
2186 2792 41 39 in
2265 2794 90 38 sehr
2384 2793 269 39 freundlichen
2682 2793 131 39 Zeilen
2843 2793 230 51 eingeladen
3103 2795 159 39 worden
3294 2795 61 39 ist.

1891 2872 253 50 Vorgestern,
2173 2885 63 26 am
2265 2874 61 37 30.
2356 2873 166 50 August,
2567 2874 130 38 hatten
2738 2872 81 39 sich
2862 2874 69 37 auf
2954 2874 295 51 Veranlassung
3287 2876 67 38 des

1819 2933 240 38 Vorstandes
2089 2935 79 37 und
2197 2935 68 38 des
2285 2935 403 50 Lehrer-Collegiums
2718 2935 69 38 der
2802 2935 267 38 Rheinischen
3087 2936 269 39 Musikschule

1818 2994 63 38 die
1909 2994 248 39 zahlreichen
2187 2996 180 38 Freunde
2410 3008 73 26 von
2527 2996 104 38 Rod
2644 3008 50 26 er
2705 2996 78 38 ich
2829 2995 236 39 Benedix
3105 2996 53 38 im
3194 3008 162 38 grossen

1817 3055 111 38 Saale
1959 3056 68 37 des
2057 3056 118 39 Hotel
2203 3057 118 39 Disch
2368 3071 45 25 zu
2460 3057 125 39 einem
2613 3057 267 39 Ehrenmahle
2926 3058 62 38 für
3029 3058 76 39 den
3142 3058 215 40 deutschen

1819 3117 171 47 Dichter,
2032 3118 70 39 der
2131 3118 182 39 dreizehn
2343 3119 117 39 Jahre
2500 3119 40 39 in
2572 3119 101 38 Köln
2711 3119 128 50 gelebt
2881 3120 82 38 und
2991 3120 164 50 gewirkt
3183 3120 67 39 hat
3276 3120 82 39 und

1812 3178 95 51 jetzt
1935 3180 54 37 als
2018 3180 206 38 Intendant
2253 3180 66 38 des
2348 3180 277 38 Stadttheaters
2655 3181 99 38 nach
2785 3181 209 39 Frankfurt
3022 3194 63 26 am
3110 3182 109 40 Main
3247 3183 105 50 geht,

1819 3242 258 37 versammelt.
2107 3241 188 45 Benedix,
2324 3242 68 37 der
2422 3242 106 40 nicht
2556 3243 103 38 bloss
2690 3244 53 37 als
2775 3243 171 44 Dichter,
2980 3244 169 37 sondern
3180 3245 98 37 auch
3303 3244 54 38 als

1818 3302 158 46 Lehrer,
2006 3302 151 50 Bürger
2186 3303 79 37 und
2293 3302 162 39 Mensch
2498 3303 81 38 sich
2628 3304 84 38 hier
2754 3304 107 38 nicht
2904 3316 75 26 nur
3020 3305 63 37 die
3126 3305 231 49 allgemeine

1817 3362 199 50 Achtung,
2062 3363 181 45 sondern,
2283 3375 90 26 man
2412 3363 104 39 kann
2544 3365 53 38 im
2627 3366 127 37 vollen
2780 3365 120 38 Sinne
2944 3366 68 37 des
3041 3365 158 40 Wortes
3231 3378 129 39 sagen,

1819 3424 62 38 die
1910 3424 121 39 Liebe
2073 3426 105 43 aller,
2222 3424 62 39 die
2330 3424 67 39 ihn
2436 3425 169 47 kennen,
2650 3427 203 39 erworben
2896 3427 76 45 hat,
3014 3427 135 38 wurde
3190 3429 69 37 auf
3297 3427 61 39 die

1819 3485 327 50 mannigfaltigste
2177 3485 134 39 Weise
2340 3487 124 38 durch
2495 3487 191 39 Gedichte
2718 3490 88 43 (von
2839 3488 276 51 Wolfgang
3157 3489 199 44 Müller,

1819 3546 93 39 Ink
1926 3559 50 27 er
1989 3558 171 28 mann-
2173 3546 149 40 Stern
2334 3559 70 34 au,
2435 3549 48 38 A.
2513 3547 154 51 Pütz),
2698 3548 322 51 Compositionen
3036 3550 298 49 (Männer-Quar-

1819 3612 69 34 tett
1916 3620 73 26 von
2020 3608 41 38 F.
2090 3608 181 45 Hiller,
2300 3608 306 51 achtstimmiger
2637 3610 135 38 Canon
2802 3620 75 27 von
2906 3611 48 37 A.
2984 3610 151 48 Pütz).
3171 3612 187 37 Anreden

1821 3672 89 44 (von
1940 3669 106 38 Hill
2063 3681 61 35 er,
2169 3670 340 39 Dombaumeister
2537 3670 241 46 Zwirner,
2830 3671 103 38 Prof.
2963 3671 243 47 Bischoff,
3248 3672 110 39 Alb.

1819 3730 144 39 Heim
1981 3733 110 45 ann)
2121 3743 33 26 u.
2185 3744 28 26 s.
2243 3744 48 26 w.
2320 3732 171 50 gefeiert,
2535 3732 127 38 wobei
2709 3733 129 38 neben
2881 3733 89 38 dem
3001 3733 139 39 Ernste
3181 3735 79 36 und
3290 3733 70 39 der

1822 3792 218 39 Wehmuth
2070 3794 97 37 auch
2197 3794 70 39 der
2295 3794 155 39 Humor
2480 3794 164 46 waltete,
2682 3794 112 51 jener
2824 3795 110 38 echte
2965 3794 198 39 kölnische
3193 3795 167 46 Humor,

1821 3853 75 39 den
1926 3853 176 40 Benedix
2131 3856 129 45 selbst,
2290 3855 69 39 der
2387 3855 126 51 einige
2537 3855 115 46 Male,
2682 3857 158 38 obwohl
2869 3857 96 38 sehr
2993 3857 162 49 bewegt,
3186 3857 155 39 vortreff-

1820 3915 76 38 lich
1927 3916 152 49 sprach,
2107 3916 70 38 mit
2205 3916 125 39 Recht
2359 3916 86 38 eine
2466 3917 141 38 Blüthe
2637 3918 70 38 der
2726 3918 244 45 Humanität,
3002 3918 86 38 weil
3118 3930 40 26 er
3187 3930 69 26 aus
3287 3919 50 39 Ge-

1820 3977 112 38 mülh
1963 3977 81 38 und
2076 3977 158 39 Herzen
2264 3983 173 40 stamme,
2467 3982 157 35 nannte.
2678 3979 111 38 Aber
2818 3979 96 38 auch
2954 3991 47 26 an
3031 3979 127 39 einem
3189 3980 152 40 bleiben-

1820 4038 76 38 den
1928 4039 217 40 Denkmale
2178 4040 127 38 dieses
2335 4040 124 50 Tages
2490 4040 112 39 sollte
2639 4052 40 26 es
2709 4041 88 38 dem
2828 4040 222 40 Gefeierten
3078 4041 108 39 nicht
3214 4043 148 47 fehlen;

1821 4099 294 49 Capellmeister
2145 4101 127 39 Hiller
2300 4100 247 40 überreichte
2592 4101 81 38 ihm
2703 4101 51 39 im
2784 4101 150 39 Namen
2965 4102 68 39 der
3062 4102 198 40 Direction
3290 4105 69 38 der
