3591 4457
1778 156 90 54 278

256 301 114 52 eben
400 319 49 32 so
478 299 376 67 bedeutungsvoll
887 299 261 51 erscheinen
1181 299 122 57 lässt,
1343 299 61 49 als
1447 299 69 49 die
1558 315 86 33 von
1675 300 84 47 Bar-

256 386 202 56 barossa,
503 384 57 49 ist
599 384 43 49 in
683 383 103 49 dem
828 383 259 67 pedantisch
1120 383 153 49 steifen
1305 384 327 65 Opern-Texte
1666 381 117 50 ihres

257 466 333 52 wunderbaren
617 465 201 50 Zaubers
848 466 90 50 und
970 466 117 50 ihres
1118 464 342 70 prophetischen
1487 464 173 51 Geistes
1691 473 73 40 ent-

256 550 182 50 kleidet.

392 633 149 58 „Frau
564 631 133 49 Holle
724 633 57 47 im
797 630 309 67 Hörseiberge
1127 630 56 50 ist
1205 630 142 50 nichts
1362 629 220 57 Anderes,
1606 629 62 49 als
1686 629 103 66 jene

260 713 370 70 altgermanische
660 714 156 50 Göttin
847 714 78 50 der
953 714 143 50 Natur
1126 713 154 56 selbst,
1320 711 195 50 welcher
1555 731 52 30 zu
1642 711 143 50 nahen

261 799 76 48 das
382 795 340 50 Christenthum
765 804 160 50 warnt,
970 797 90 48 und
1105 797 137 48 deren
1271 794 193 50 Treiben
1503 795 63 49 sie
1607 795 63 49 als
1709 795 80 49 der

259 879 136 50 Hölle
437 880 118 47 Lust
597 878 224 51 schildert.
866 879 125 48 Aber
1023 878 122 49 Viele
1176 878 142 66 gehen
1350 877 203 50 dennoch
1585 878 71 49 hin
1698 878 90 49 und

264 963 96 49 sind
391 959 118 52 dann
539 962 263 49 verdammt.
845 962 63 48 Es
948 962 57 48 ist
1045 978 86 32 nur
1162 960 176 65 zufällig
1378 960 90 50 und
1501 960 179 49 verräth
1710 978 52 47 ge-

261 1045 177 49 lehrten
466 1043 212 60 Einfluss,
722 1043 101 49 dass
853 1045 117 47 Frau
1000 1044 134 48 Holle
1177 1043 57 48 im
1265 1043 137 49 Liede
1432 1044 154 48 Venus
1626 1042 163 59 heisst;

263 1128 118 48 denn
425 1125 45 50 in
510 1125 80 50 der
631 1125 292 67 eigentlichen
952 1127 249 66 Volkssage
1242 1124 111 51 wird
1393 1124 62 50 sie
1493 1125 214 65 nirgends
1738 1143 50 32 so

263 1214 210 61 genannt.
532 1208 106 51 Wir
680 1208 212 50 verübeln
933 1226 46 32 es
1025 1209 156 49 darum
1210 1207 194 49 Richard
1436 1208 206 65 Wagner
1671 1208 118 56 sehr,

264 1292 100 49 dass
396 1307 49 32 er
473 1289 71 50 bei
576 1291 121 48 einer
727 1289 243 50 deutschen
998 1289 245 65 Dichtung,
1284 1289 83 50 wie
1398 1307 48 32 er
1477 1289 62 49 sie
1568 1289 114 50 doch
1712 1289 57 50 lie-

261 1376 95 47 fern
387 1373 166 56 wollte,
595 1373 120 48 nicht
754 1391 86 30 nur
870 1373 86 50 den
984 1374 187 54 Namen,
1218 1373 194 48 sondern
1442 1373 112 48 auch
1587 1372 85 49 den
1703 1374 57 47 Be-

263 1456 107 67 griff
393 1454 79 50 der
501 1456 156 48 Venus
687 1453 254 60 beibehielt,
979 1456 61 48 sie
1070 1462 108 42 statt
1207 1454 79 49 mit
1317 1454 85 49 den
1431 1454 43 49 in
1505 1456 78 48 der
1614 1472 145 48 germa-

259 1537 184 51 nischen
486 1536 478 67 Natur-Anschauung
1014 1537 243 66 bedingten
1300 1537 146 48 Nixen
1501 1537 89 49 und
1643 1537 146 57 Elfen,

259 1618 171 51 welche
462 1618 148 50 Göthe
641 1620 93 48 und
764 1620 327 67 Shakespeare,
1134 1620 70 48 die
1247 1636 86 32 von
1372 1618 89 48 ihm
1505 1618 284 50 verachteten

259 1702 202 58 Dichter,
505 1702 79 48 mit
627 1719 50 31 so
722 1701 313 51 zauberhafter
1074 1702 149 50 Feder
1266 1701 275 67 gezeichnet,
1585 1702 208 48 alberner

263 1785 158 49 Weise
452 1785 80 48 mit
560 1783 212 66 Najaden,
805 1785 372 57 Bacchantinnen,
1206 1783 233 68 Nymphen
1470 1785 90 48 und
1591 1785 202 54 Sirenen,

261 1885 88 30 von
378 1866 145 48 denen
555 1866 68 48 die
654 1866 216 48 deutsche
900 1867 118 65 Sage
1049 1866 142 49 nichts
1223 1867 147 55 weiss,
1402 1865 186 67 umgibt.
1621 1865 144 49 Ueber-

261 1948 141 66 haupt
431 1948 117 65 zeigt
577 1964 50 31 er
668 1947 89 50 sich
796 1947 42 48 in
868 1947 80 50 der
991 1965 172 48 ganzen
1193 1947 296 66 Behandlung
1520 1948 77 49 des
1629 1948 164 50 Stoffes

263 2032 62 49 als
356 2031 70 48 ein
456 2030 301 49 vollkommen
787 2030 406 66 Uneingeweihter.
1226 2031 237 48 Fenelon's
1494 2031 191 67 Calypso
1717 2031 75 50 hat

260 2114 105 58 ihm,
397 2112 173 49 seheint
600 2129 63 42 es,
693 2112 512 66 vorgeschwebt—wir
1229 2130 136 47 sagen
1384 2112 282 50 absichtlich:
1699 2114 62 48 Fe-

261 2195 219 48 nelon's
511 2194 191 66 Calypso
713 2224 63 5 —
798 2213 11 38 ;
840 2194 117 49 denn
988 2195 68 48 die
1080 2211 139 47 ganze
1244 2195 297 65 Behandlung
1569 2195 80 48 der
1676 2196 118 64 Sage

263 2277 196 49 erinnert
489 2276 350 65 augenblicklich
875 2294 54 32 an
962 2276 70 48 die
1061 2277 277 65 Auffassung
1369 2277 89 49 und
1489 2276 306 67 Bearbeitung

264 2357 173 50 antiker
478 2357 91 49 und
610 2357 326 51 romantischer
966 2359 283 66 Sagenstoffe
1291 2359 56 48 im
1378 2359 307 49 Jahrhundert
1717 2360 80 48 der

270 2440 276 57 Perrücken,
576 2440 92 48 und
698 2440 83 48 wir
810 2441 183 48 werden
1022 2441 79 48 auf
1117 2440 130 66 jeder
1268 2440 121 49 Seite
1411 2441 77 50 des
1512 2441 288 50 Textbuches

264 2540 56 32 an
364 2522 69 50 die
470 2522 317 59 Lohensteine,
831 2522 458 59 Hofimannswaldau,
1334 2522 70 50 die
1436 2524 362 67 Pegnitzschäfer

259 2605 90 48 und
381 2605 165 48 andere
577 2605 194 48 barocke
795 2605 484 67 Dichter-Exemplare
1303 2606 128 65 jener
1453 2606 97 49 Zeit
1580 2608 212 55 erinnert,

259 2688 120 48 nicht
410 2686 127 49 allein
569 2704 92 31 was
693 2686 85 49 den
806 2688 179 64 Mangel
1017 2704 55 32 an
1103 2688 309 49 historischem
1444 2689 137 48 Sinne
1611 2688 182 58 betrifft,

261 2770 195 48 sondern
486 2770 113 48 auch
640 2769 44 48 in
725 2769 100 48 dem
871 2770 338 48 unnatürlichen
1242 2770 155 65 Gange
1427 2770 78 50 des
1533 2770 257 50 Versbaues

264 2853 91 50 und
387 2853 100 48 dem
519 2851 226 50 Schwulst
774 2851 80 49 des
884 2853 307 49 Ausdruckes.

397 2934 132 56 „Von
562 2934 121 48 einer
712 2934 460 49 individualisirenden
1191 2934 363 60 Charakteristik,
1583 2936 80 49 mit
1687 2936 80 49 wel-

268 3017 104 48 cher
402 3017 80 48 der
511 3018 117 63 Sage
659 3017 171 48 sowohl
876 3017 62 48 als
980 3018 100 48 dem
1124 3018 257 66 poetischen
1411 3018 256 49 Bedürfniss
1699 3019 95 48 eine

269 3099 185 65 Genüge
472 3098 203 66 geleistet
698 3098 186 49 worden
908 3103 137 53 wäre,
1068 3098 56 49 ist
1149 3099 140 48 durch
1314 3100 85 49 den
1425 3116 168 48 ganzen
1616 3100 177 66 Opern-

270 3182 118 47 Text
430 3180 215 50 hindurch
675 3182 144 48 nichts
851 3199 52 30 zu
934 3182 174 57 finden;
1154 3182 116 48 denn
1301 3183 207 65 Wagner
1540 3183 75 48 hat
1646 3199 47 32 es
1723 3183 71 48 für

268 3271 80 58 gut
378 3262 240 59 befunden,
661 3281 87 31 nur
788 3263 78 49 das
895 3264 203 48 Moment
1139 3264 79 48 der
1257 3264 239 50 sinnlichen
1527 3264 138 50 Liebe
1694 3265 75 49 her-

266 3344 287 50 vorzuheben
593 3345 92 50 und
730 3363 52 31 zu
830 3345 264 59 behandeln,
1136 3347 217 48 während
1393 3364 47 31 er
1469 3347 122 49 nicht
1621 3347 173 58 einmal,

264 3428 85 48 wie
381 3443 48 31 er
458 3444 47 31 es
534 3427 112 49 doch
679 3428 123 47 hätte
833 3427 110 48 nach
975 3428 143 48 dieser
1149 3428 276 66 Auffassung
1454 3429 113 49 thun
1597 3433 195 53 müssen,

266 3509 68 50 die
364 3509 255 49 demselben
651 3509 259 66 gegenüber
939 3511 247 48 stehenden
1209 3512 227 48 Momente
1468 3512 77 48 der
1576 3512 214 48 sittlichen

261 3593 145 47 Natur
450 3591 78 49 des
571 3592 243 48 Menschen
858 3591 85 49 fest
989 3592 90 48 und
1126 3592 227 49 bestimmt
1398 3593 258 65 gezeichnet
1700 3593 88 50 hat.

263 3676 174 47 Darum
481 3672 151 49 finden
677 3674 80 47 wir
800 3674 151 49 weder
990 3674 97 50 eine
1132 3674 318 66 Entwicklung
1493 3676 78 48 des
1602 3676 188 48 Streites

264 3754 381 51 contrastirender
675 3756 259 66 Principien,
979 3757 84 48 wie
1103 3773 47 32 es
1196 3756 114 50 doch
1352 3757 69 48 die
1446 3758 221 65 tragische
1696 3757 63 49 An-

266 3838 245 65 forderung
539 3837 201 66 bedingt,
768 3837 114 48 noch
906 3839 166 49 zuletzt
1101 3839 96 50 eine
1228 3839 308 49 versöhnende
1566 3839 88 50 und
1687 3839 78 50 süh-

266 3921 145 49 nende
439 3922 202 64 Lösung,
687 3919 70 50 die
795 3936 207 33 unserem
1032 3921 301 51 ästhetischen
1364 3921 186 49 Gefühle
1582 3926 208 62 genügen

268 4002 181 51 könnte.
494 4003 143 50 Wohl
669 4002 108 50 aber
807 4002 139 50 sehen
985 4003 81 49 wir
1106 4005 63 49 oft
1197 4021 153 50 genug
1379 4003 138 50 durch
1550 4005 69 49 die
1648 4022 141 49 ganze

266 4086 244 66 Handlung
533 4086 217 51 hindureh
774 4085 364 68 psychologische
1152 4086 355 68 Widersprüche
1533 4086 78 51 der
1633 4091 127 62 ärger-

1883 297 184 50 liebsten
2101 297 98 50 Art.
2230 297 227 51 Nachdem
2489 296 155 48 einmal
2678 296 208 66 Wagner
2916 296 69 50 die
3013 296 140 51 Liebe
3184 316 53 32 zu
3267 299 116 52 Elisa-

1882 380 108 50 beth
2019 399 56 32 ex
2105 383 190 64 abrupto
2325 377 371 68 hereingebracht
2723 379 91 57 hat,
2844 379 125 49 hätte
2999 396 50 32 er
3078 380 61 48 sie
3168 381 112 50 auch
3311 400 64 33 mo-

1882 463 155 49 tiviren
2068 464 155 54 sollen,
2254 464 52 48 da
2338 463 81 50 wir
2448 461 121 50 nicht
2598 461 241 65 begreifen,
2883 461 83 49 wie
3007 463 118 48 sein
3168 464 210 52 Tannhäu-

1883 563 86 39 ser,
2029 545 79 50 der
2151 545 198 50 lüsterne
2391 545 103 50 Don
2536 545 133 56 Juan,
2725 541 267 51 Elisabeth's
3039 545 118 48 Herz
3211 546 195 51 erobern

1882 628 181 57 konnte,
2108 628 84 49 wie
2235 645 47 31 es
2322 628 112 49 auch
2475 625 119 51 nicht
2634 626 91 49 klar
2754 626 70 58 ist,
2867 642 173 33 warum
3070 643 64 42 er,
3178 628 80 49 der
3286 630 121 50 Frau

1882 711 153 47 Venus
2066 709 242 66 absagend,
2352 728 85 32 von
2479 709 147 48 reiner
2654 708 138 49 Liebe
2832 708 132 66 singt,
3007 709 90 48 und
3137 708 58 50 im
3227 710 147 67 Gegen-

1882 800 122 41 satze
2044 793 116 48 dann
2202 809 79 32 vor
2310 791 228 50 Elisabeth
2566 791 263 49 Preislieder
2867 807 84 33 von
2993 790 79 48 der
3102 793 117 48 Frau
3251 794 155 50 Venus

1882 880 216 61 vorträgt.
2141 874 128 51 Eben
2301 893 49 32 so
2382 875 146 64 wenig
2559 874 164 50 wissen
2754 875 94 57 wir,
2890 874 85 48 wie
3004 874 295 51 Tannhäuser
3328 877 80 49 mit

1880 957 157 49 Einem
2068 957 116 49 Male
2216 976 52 30 zu
2301 958 100 48 dem
2428 957 141 49 Rufe:

2187 1049 132 47 „Mein
2347 1049 102 46 Heil,
2476 1048 106 41 mein
2611 1048 91 39 Heil
2731 1048 93 38 ruht
2851 1048 40 39 in

1882 1118 184 49 kommt.
2119 1119 173 48 Ferner
2335 1118 161 49 wissen
2541 1117 81 49 wir
2667 1117 134 57 nicht,
2847 1133 173 33 warum
3063 1133 48 32 er
3156 1115 254 70 überhaupt

1880 1200 112 50 nach
2009 1202 114 48 Rom
2156 1202 130 56 zieht,
2316 1199 53 50 da
2401 1218 48 31 er
2479 1200 113 50 doch
2622 1199 127 48 keine
2767 1200 128 47 Reue
2923 1199 116 48 fühlt
3065 1199 93 50 und
3187 1200 112 49 nach
3330 1200 80 50 der

1880 1283 357 66 Verweigerung
2268 1282 79 49 der
2377 1282 271 50 Absolution
2676 1280 113 51 Ekel
2819 1284 177 46 äussert
3025 1298 80 32 vor
3134 1282 85 48 den
3251 1282 137 50 christ-

1882 1366 141 49 lichen
2052 1367 206 48 rituellen
2292 1364 311 50 Gebräuchen.
2650 1364 107 51 Wie
2787 1363 200 69 poetisch
3017 1363 139 49 schön
3196 1364 92 50 und
3317 1364 70 50 ein-

1882 1448 96 48 fach
2010 1449 90 49 und
2129 1449 84 49 wie
2245 1447 337 67 psychologisch
2622 1447 158 66 richtig
2820 1446 96 66 gibt
2960 1444 79 50 das
3081 1446 228 50 Volkslied
3340 1447 70 49 die

1882 1529 366 69 Empfindungen
2292 1531 76 48 des
2411 1531 121 49 nicht
2575 1531 210 49 erlös'ten
2823 1528 294 50 Tannhäuser
3156 1545 146 49 gegen
3341 1528 70 51 die

1883 1614 208 50 exaltirte
2137 1614 90 50 und
2270 1612 215 51 affectirte
2515 1611 335 67 Verzweiflung
2888 1609 237 50 desselben
3167 1609 69 50 bei
3266 1611 111 66 Wag-

1883 1697 103 50 ner!
2016 1697 176 50 Zuletzt
2221 1712 124 33 muss
2376 1694 113 53 nach
2508 1696 207 66 Wagner
2731 1693 228 51 Elisabeth
2985 1692 199 58 sterben,
3214 1692 91 49 und
3327 1710 88 33 nur

1884 1781 79 48 auf
1988 1781 93 49 ihre
2113 1780 203 50 Fürbitte
2357 1778 143 51 erhält
2542 1780 80 48 der
2662 1777 241 51 sterbende
2932 1777 296 48 Tannhäuser
3266 1776 117 49 Erhö-

1887 1880 117 48 rung
2034 1862 67 50 bei
2136 1863 109 50 Gott
2289 1863 89 49 und
2410 1861 229 67 Seligkeit.
2695 1862 92 48 Das
2820 1861 140 49 heisst
2990 1860 112 48 doch
3135 1858 80 50 der
3241 1875 172 48 ganzen

1886 1945 287 66 Bedeutung,
2204 1946 102 49 dem
2349 1945 163 49 besten
2542 1943 197 50 Werthe
2781 1943 80 49 der
2891 1943 119 63 Sage
3051 1941 72 48 die
3156 1940 151 64 Spitze
3336 1940 52 49 ab-

1886 2026 219 52 brechen!
2138 2028 116 50 Was
2284 2027 97 50 hilft
2410 2027 53 48 da
2494 2028 81 47 alle
2593 2023 565 54 Decorations-Nachhülfe
3189 2022 80 50 mit
3298 2023 87 50 Son-

1886 2111 283 66 nenaufgang
2194 2111 90 47 und
2315 2110 423 49 Rosenschimmer!
2778 2108 73 49 Sie
2883 2107 143 67 geben
3057 2122 83 32 uns
3172 2105 70 49 die
3271 2105 118 67 poeti-

1887 2194 103 49 sche
2021 2192 315 66 Befriedigung
2366 2194 136 55 nicht,
2532 2192 69 49 die
2632 2191 83 50 wir
2743 2192 43 47 in
2818 2191 78 50 der
2926 2187 232 66 Dichtung
3189 2187 141 50 selbst
3359 2205 54 32 zu

1887 2276 148 50 finden
2068 2275 229 66 glaubten.

2007 2356 115 60 „Um
2148 2357 107 49 aber
2272 2376 53 31 zu
2352 2356 167 67 zeigen,
2538 2357 102 49 dass
2658 2357 118 49 diese
2804 2351 326 62 „dramatische

1891 2441 242 64 Wagner's
2164 2439 113 49 auch
2306 2439 43 49 in
2380 2440 188 48 anderer
2584 2437 205 50 Hinsicht
2816 2436 144 50 nichts
2983 2434 156 50 weiter
3168 2434 55 48 ist
3253 2432 63 50 als
3345 2432 70 50 ein

1891 2522 313 67 Opern-Text,
2235 2522 85 50 wie
2349 2522 81 50 wir
2461 2522 137 49 schon
2630 2521 188 50 manche
2848 2520 164 48 andere
3044 2517 167 55 halten,
3256 2515 157 51 dürfen

1889 2605 82 50 wir
2000 2620 86 32 nur
2114 2604 69 49 die
2213 2602 220 50 beliebten
2460 2604 200 57 Sirenen,
2691 2601 373 57 Bacchantinnen,
3092 2597 199 66 Najaden
3321 2597 94 50 und

1887 2688 234 67 Nymphen
2165 2688 57 48 im
2264 2688 329 49 deutschen
2641 2686 323 64 Hörseiberge,
3008 2681 202 52 daneben
3242 2680 145 65 Pilger-

1888 2770 184 50 scharen
2112 2769 78 48 mit
2230 2769 366 56 Rosenkränzen,
2645 2765 479 56 Hirten-Schalmeien,
3168 2763 243 49 schmucke

1888 2854 168 63 Pagen,
2086 2855 151 62 Jäger,
2268 2853 147 48 Ritter
2446 2869 42 32 u.
2514 2868 35 32 s.
2568 2868 55 32 w.
2654 2849 268 51 beschauen.
2956 2849 109 48 Also
3097 2845 313 57 vollkommen,

1887 2935 84 50 wie
2002 2936 166 49 seither
2195 2935 42 48 in
2270 2935 80 47 der
2378 2935 141 66 Oper,
2550 2933 109 49 oder
2687 2933 116 49 noch
2836 2931 276 55 schlimmer;
3144 2929 116 48 denn
3290 2928 125 49 einer

1887 3017 179 49 solchen
2096 3015 332 66 Vermischung
2467 3017 172 46 antiker
2682 3015 91 48 und
2818 3010 392 53 mittelalterlicher
3237 3011 171 49 Namen

1886 3099 90 50 und
2006 3100 193 66 Begriffe
2230 3098 233 66 begegnen
2505 3098 82 48 wir
2617 3098 112 48 doch
2759 3098 42 48 in
2834 3097 172 49 keinem
3037 3109 190 36 unserer
3256 3091 126 50 besse-

1886 3198 78 32 ren
2011 3182 342 66 Opern-Texte.
2422 3182 91 45 Das
2573 3179 56 50 ist
2682 3180 164 49 freilich
2889 3175 383 57 romantisch,
3318 3173 92 51 und

1887 3281 119 31 zwar
2037 3264 134 50 sehr
2201 3262 294 57 romantisch;
2526 3262 106 49 aber
2651 3262 58 50 ob
2733 3260 293 68 germanisch,
3050 3259 60 50 ob
3139 3255 271 59 deutsch,

1886 3345 85 49 wie
2010 3363 47 31 er
2098 3345 139 50 selbst
2279 3344 92 50 und
2410 3343 114 51 noch
2556 3344 127 50 mehr
2712 3344 118 50 seine
2861 3342 309 52 Bewunderer
3201 3337 207 68 glauben,

1887 3428 77 50 das
2006 3429 57 49 ist
2107 3429 95 49 eine
2244 3428 160 65 Frage,
2451 3427 67 51 die
2561 3428 98 55 wir,
2711 3444 76 32 um
2832 3428 122 47 einer
2996 3420 387 70 Begriffs-Verwir-

1886 3527 118 48 rung
2044 3528 52 31 zu
2141 3509 247 66 begegnen,
2433 3509 169 50 welche
2645 3509 113 50 auch
2804 3509 77 49 das
2926 3507 221 66 gebildete
3177 3502 233 50 Publicum

1886 3611 55 30 zu
1971 3593 301 48 beherrschen
2301 3593 183 56 scheint,
2515 3592 286 49 entschieden
2833 3592 77 48 mit
3152 3587 230 49 beantwor-

1886 3681 76 43 ten
1992 3678 193 46 müssen.

2019 3758 239 64 „Wagner
2300 3756 90 57 hat,
2432 3773 132 33 wenn
2604 3756 113 50 auch
2748 3754 258 69 Sympathie
3050 3754 69 47 lür
3159 3752 91 49 den
3281 3749 130 61 Stoff,

1887 3839 115 50 doch
2034 3839 221 50 durchaus
2297 3838 100 48 kein
2429 3838 318 51 Verständniss
2780 3837 78 49 der
2888 3836 247 52 deutschen
3166 3836 122 63 Sage
3317 3834 93 52 und

1888 3922 79 50 des
2011 3922 247 50 deutschen
2300 3921 226 58 Wesens;
2569 3937 49 33 er
2663 3921 161 66 gehört
2862 3939 112 48 ganz
3016 3919 90 50 und
3137 3933 80 50 gar
3247 3933 55 32 zu
3333 3918 79 51 der

1884 4005 458 55 neu-romantischen,
2387 4002 332 51 französischen
2762 4003 166 51 Schule
2978 4001 90 52 und
3112 3998 132 52 weiss
3288 4002 122 51 seine

1886 4087 142 50 Stoffe
2071 4087 224 50 durchaus
2334 4102 88 33 nur
2460 4086 80 49 mit
2582 4086 78 51 der
2702 4086 226 51 Intention
2973 4086 119 49 eines
3137 4081 276 70 begabteren
