2526 4116
1212 415 126 62 489

362 565 93 61 La
529 564 181 61 Visite
752 586 80 39 au
874 567 257 61 château
1170 568 74 62 de
1273 568 214 62 Lucile
1536 569 327 61 renferme
1905 568 111 61 des
2068 584 127 42 mer-

282 657 229 63 veilles
586 656 77 61 de
737 673 287 64 paysage
1082 664 339 59 nocturne.
1489 659 259 79 Chaque
1816 657 295 62 incident
2174 657 60 60 et

283 750 252 77 chaque
579 746 192 61 lueur
824 748 355 78 possédant
1235 771 86 42 un
1369 770 148 43 sens
1565 750 208 62 moral
1832 755 133 57 très
2008 748 220 63 étudié

283 840 125 58 mis
442 855 79 42 en
550 835 226 62 valeur
803 855 118 60 par
950 837 59 61 le
1039 845 155 56 mot.

362 954 117 60 Les
492 953 174 62 Soirs
697 954 249 61 intimes
978 967 57 49 et
1067 958 324 61 mondains
1414 965 146 56 sont
1579 960 220 60 fleuris
1824 958 77 61 de
1928 976 104 43 ces
2054 976 132 42 mer-

281 1044 251 62 veilles.
581 1044 78 60 Ce
706 1049 146 56 sont
893 1045 80 61 de
1019 1048 376 78 précieuses
1440 1049 254 79 agrafes
1735 1067 168 61 pour
1933 1067 89 41 un
2056 1045 174 63 idéal

281 1139 307 55 manteau
633 1134 110 79 qui
785 1137 197 60 serait
1020 1138 156 61 tissé
1212 1139 109 61 des
1369 1142 212 60 seules
1639 1141 363 61 sensations
2053 1155 177 44 rares

283 1228 64 58 et
379 1225 255 77 royales
657 1223 77 61 de
767 1225 64 61 la
857 1227 122 74 vie,
1009 1228 77 60 de
1113 1231 308 77 chagrins
1454 1230 407 78 orgueilleux
1896 1233 63 56 et
1990 1227 235 74 reclus,

285 1315 78 62 de
395 1316 301 79 passions
723 1321 432 75 trompeuses.

369 1433 78 60 Le
484 1432 257 61 Combat
772 1433 154 62 dans
960 1434 60 61 la
1047 1438 170 76 forêt
1247 1457 268 60 marque
1539 1439 61 60 la
1625 1439 190 60 haine
1838 1435 392 63 inéluctable

287 1526 112 78 qui
442 1526 228 77 sépare
713 1524 94 61 les
846 1531 259 56 amants
1147 1532 189 75 après
1376 1528 58 60 le
1473 1529 285 78 premier
1788 1528 235 70 baiser,
2064 1528 133 60 lors-

287 1614 191 80 qu'ils
516 1634 65 41 se
620 1614 352 63 cherchent
1015 1618 490 61 anxieusement
1555 1626 37 53 à
1632 1625 249 54 travers
1923 1618 95 60 les
2067 1635 126 61 pay-

286 1721 187 61 sages
516 1705 77 59 de
629 1705 60 59 la
728 1706 122 71 vie,
887 1705 94 62 les
1016 1725 291 43 armures
1343 1710 109 58 des
1486 1712 382 69 caractères,
1908 1708 94 60 les
2035 1708 195 59 fleurs

285 1796 78 60 de
414 1796 178 60 leurs
630 1796 347 78 poitrines;
1026 1802 63 56 et
1131 1800 77 58 de
1258 1800 113 77 qui
1411 1799 64 59 la
1518 1800 269 79 passion
1829 1802 245 69 meurt,
2103 1804 36 53 à
2169 1797 64 59 la

285 1886 249 60 minute
581 1891 83 54 où
697 1885 171 60 enfin
901 1886 82 60 ils
1014 1904 63 43 se
1110 1889 520 61 reconnaissent.

365 2002 386 80 Hermogène
783 2006 94 55 est
916 2003 60 60 le
1021 2004 297 78 symbole
1353 2006 79 59 de
1476 2006 63 59 la
1585 2006 101 59 vie
1724 2004 402 71 méditative,
2155 2006 79 59 de

282 2092 426 79 l'expérience
733 2093 112 76 qui
869 2092 367 80 n'enseigne
1269 2096 140 58 rien
1444 2114 78 40 en
1553 2114 251 40 somme
1843 2100 62 55 et
1936 2093 255 79 n'empê-

285 2183 117 63 che
449 2183 210 60 même
697 2201 116 60 pas
850 2183 62 61 la
955 2186 211 77 partie
1208 2186 405 61 adolescente
1647 2187 78 59 de
1755 2186 190 60 l'âme
1980 2186 164 60 dans
2174 2187 64 57 la

282 2274 154 62 folie
497 2272 77 61 de
635 2274 313 59 chercher
998 2294 235 42 encore
1298 2294 99 42 ses
1447 2276 338 61 nouvelles
1825 2276 200 71 voies,
2072 2294 166 60 pour

285 2370 409 74 trompeuses
729 2364 229 78 qu'elle
986 2365 95 61 les
1115 2366 193 60 sache
1341 2368 282 77 prévoir.

367 2464 118 60 Ces
521 2463 403 61 inimitables
968 2463 349 79 allégories
1357 2482 64 42 se
1465 2465 393 77 complètent
1903 2481 117 61 par
2051 2462 156 59 l'his-

283 2556 166 59 toire
504 2554 87 59 du
642 2552 329 62 Chevalier
1014 2553 109 79 qui
1167 2552 229 59 dormit
1451 2552 156 59 dans
1658 2552 58 59 la
1760 2552 197 80 neige,
2021 2553 214 77 image

290 2644 222 59 aitière
560 2643 87 60 du
686 2648 187 73 poète
910 2642 359 74 lui-même,
1317 2643 266 60 auréolé
1626 2661 119 60 par
1785 2662 87 40 un
1901 2643 224 78 espoir
2155 2642 82 61 de

289 2732 431 76 rédemption.

372 2823 173 58 Pour
569 2823 358 59 construire
955 2840 102 42 ces
1080 2822 217 78 pièces
1327 2823 77 59 de
1430 2823 360 59 littérature
1815 2822 227 79 dignes
2070 2822 167 61 ainsi

294 2930 123 61 que
447 2911 79 60 de
549 2911 213 60 beaux
785 2929 186 42 vases
991 2928 82 43 ou
1101 2911 111 60 des
1236 2929 291 42 armures
1555 2911 395 71 travaillées,
1979 2912 259 60 d'orner

290 3004 91 60 les
441 3000 270 62 vitrines
772 3001 77 60 de
904 3001 277 78 quelque
1238 3004 219 57 musée
1513 3000 203 74 futur,
1777 3003 77 59 M.
1914 3003 198 59 Henri
2158 3001 80 61 de

290 3091 280 80 Regnier
601 3091 227 77 épuisa
859 3090 58 60 le
959 3094 211 56 trésor
1207 3089 566 63 d'unvocabulaire
1811 3093 267 77 unique.
2120 3094 118 58 Les

292 3184 247 78 joyaux
568 3183 254 58 montés
859 3198 109 42 sur
1000 3198 101 42 ces
1129 3180 206 60 fables
1363 3184 312 59 étonnent
1708 3183 215 60 moins
1955 3183 280 77 parleur

294 3274 163 61 éclat
508 3290 122 61 que
687 3288 117 61 par
849 3271 94 58 les
991 3271 225 59 lueurs
1259 3272 330 68 secondes,
1633 3272 96 61 les
1793 3290 163 41 eaux
1987 3272 216 59 révéla-

292 3366 219 70 trices,
584 3361 412 61 dissimulées
1068 3377 150 43 sous
1277 3361 63 59 la
1407 3363 268 59 lumière
1738 3363 109 59 des
1901 3361 328 61 vocables.

297 3457 223 60 Citons
559 3471 11 42 :

377 3545 131 57 «Et
534 3542 513 78 partout,parmi
1075 3540 58 59 le
1160 3540 184 59 soleil
1377 3559 63 42 se
1476 3541 349 60 croisaient
1857 3539 119 60 des
2018 3541 184 79 papil-

294 3634 144 61 lons
468 3631 368 72 vacillants,
869 3631 114 61 des
1016 3629 273 63 abeilles
1334 3630 274 62 directes
1637 3636 64 57 et
1731 3630 249 62 brèves.
2035 3653 32 34 »
