2526 4116
1303 474 0 0 485

292 596 125 61 que
468 574 209 80 surgit
714 571 235 62 devant
992 586 70 43 sa
1105 568 189 62 lance
1334 567 61 61 le
1442 579 203 65 cygne
1689 559 402 65 éblouissant
2129 554 110 80 qui

292 672 186 76 porte
503 661 395 80 Lohengrin.

374 760 90 58 En
494 756 205 60 même
734 756 214 72 temps
999 750 59 61 le
1087 748 174 80 cycle
1316 766 66 43 se
1420 747 228 61 ferme.
1684 746 117 57 Les
1843 739 253 63 vieilles
2128 755 74 43 re-

291 849 243 77 ligions
576 864 28 41 s
626 842 402 79 expliquent.
1056 840 96 58 On
1195 839 320 60 découvre
1564 836 160 61 dans
1766 833 66 60 la
1875 832 240 60 Genèse
2149 846 89 43 un

291 939 231 76 exposé
554 936 182 59 exact
770 933 109 58 des
906 930 287 61 théories
1228 926 562 64 évolutionnistes.
1834 922 203 60 Adam
2072 919 165 61 n'est

290 1028 146 80 plus
469 1025 361 61 seulement
861 1021 310 60 l'homme
1206 1019 321 72 endormi,
1566 1018 158 59 dont
1768 1014 159 61 Dieu
1959 1011 123 59 tire
2115 1026 124 42 une

291 1122 142 57 côte
463 1136 166 61 pour
651 1114 337 79 fabriquer
1011 1113 309 80 l'épouse,
1353 1110 49 60 il
1434 1110 266 61 devient
1731 1107 66 60 la
1832 1104 232 62 cellule
2098 1101 108 79 pri-

294 1209 223 61 mitive
563 1209 61 59 et
668 1203 567 83 protoplasmique
1294 1220 121 59 que
1462 1200 66 60 la
1564 1199 177 60 force
1785 1195 217 61 divine
2050 1193 76 61 de
2180 1190 64 60 la

296 1301 102 61 vie
440 1297 325 62 dédouble
816 1314 117 59 par
973 1292 426 79 scissiparité.
1451 1293 89 57 La
1575 1288 278 70 scieiîce,
1899 1284 343 60 ramenant

295 1395 146 56 tout
493 1390 410 77 phénomène
959 1390 38 54 à
1047 1385 65 58 la
1140 1382 354 70 vibration,
1536 1399 81 40 au
1670 1376 439 68 mouvement,
2158 1388 83 44 au

300 1480 278 80 rythme,
616 1496 37 42 a
699 1476 303 60 retrouvé
1038 1474 58 59 le
1129 1474 160 59 Dieu
1327 1472 120 71 Un,
1484 1470 59 59 le
1584 1467 296 64 Jehovah
1909 1465 230 77 jaloux
2181 1466 63 56 et

295 1568 284 76 terrible,
610 1566 178 79 plein
840 1566 76 59 de
968 1564 291 59 desseins
1308 1557 521 64 indiscernables
1872 1561 63 55 et
1973 1554 149 59 dont
2177 1552 66 60 la

291 1659 235 62 foudre
560 1658 305 59 demeure
921 1655 64 60 la
1028 1653 150 78 plus
1211 1651 268 80 proche,
1508 1650 67 58 la
1620 1649 149 77 plus
1814 1642 425 80 mystérieuse

294 1747 514 64 manifestation.

378 1842 115 57 Les
525 1835 310 79 légendes
868 1852 65 42 se
962 1832 294 61 révèlent
1284 1848 151 42 sous
1466 1828 65 61 la
1562 1828 238 61 visière
1842 1823 109 61 des
1998 1822 203 59 cheva-

291 1929 188 73 liers;
517 1928 117 59 l'or
667 1926 86 58 du
784 1923 174 64 Rhin
981 1923 162 59 tinte
1170 1927 83 69 et,
1283 1937 166 62 pour
1471 1921 165 58 cette
1668 1914 154 62 folle
1848 1927 391 65 apparence,

289 2021 95 61 les
416 2021 296 58 hommes
733 2015 277 78 perdent
1035 2013 143 59 leur
1203 2012 123 69 vie,
1354 2029 151 41 sans
1528 2009 141 60 voir
1687 2006 239 61 reluire
1957 2003 58 61 le
2054 1999 189 63 Graal

291 2115 37 57 à
367 2109 65 60 la
465 2109 164 59 cime
665 2106 86 60 du
798 2102 455 62 Mont-Salvat.
1292 2102 84 59 Le
1428 2117 159 60 sang
1636 2097 76 61 de
1758 2092 234 83 Sigurd
2029 2091 207 61 coule.

296 2197 398 73 Swanhilde,
764 2196 63 59 la
874 2195 220 79 vierge
1150 2192 76 60 de
1282 2191 236 61 beauté
1584 2185 483 67 harmonieuse,
2125 2181 111 77 qui

294 2308 67 46 se
398 2289 212 60 donne
642 2305 85 41 au
761 2285 189 60 vieux
978 2285 93 58 roi
1095 2300 165 61 pour
1289 2298 261 43 assurer
1578 2279 64 58 la
1670 2277 173 79 paix,
1884 2271 352 80 engendre,

290 2397 119 62 par
442 2396 117 41 son
592 2394 180 42 cœur
797 2374 162 60 fatal
999 2373 62 59 la
1105 2371 219 73 haine,
1358 2369 60 60 le
1461 2371 286 56 meurtre
1804 2370 62 55 et
1914 2364 64 58 la
2012 2374 225 66 guerre

292 2486 195 62 parce
520 2483 148 61 que,
706 2482 77 42 en
817 2467 178 54 toute
1028 2457 476 72 harmonie,les
1537 2454 358 62 contraires
1931 2449 274 77 s'équiva-

290 2558 159 73 lent,
480 2556 183 59 selon
687 2571 124 60 que
844 2553 59 57 le
924 2557 177 68 traça
1124 2553 308 74 naguère,
1476 2547 158 61 dans
1664 2563 88 41 un
1776 2540 292 83 symbole
2089 2556 111 62 par-

291 2647 144 69 fait,
474 2646 79 57 M.
592 2641 260 59 Francis
886 2638 471 61 Vielé-Griffin.

375 2731 556 77 L'enseignement
981 2728 176 60 divin
1200 2728 110 59 des
1354 2724 328 79 légendes,
1703 2722 111 79 qui
1855 2721 285 61 contient
2175 2719 63 59 la

294 2827 249 60 science
579 2820 464 70 entière,tenta
1075 2817 250 78 l'esprit
1358 2816 76 58 de
1466 2815 77 59 M.
1580 2813 196 60 Henri
1814 2811 75 60 de
1929 2808 301 79 Regnier.

287 2918 118 60 Ses
433 2916 265 76 poèmes
717 2928 67 42 se
807 2909 308 78 peuplent
1140 2907 76 60 de
1240 2907 195 59 héros
1462 2906 135 61 clos
1623 2905 159 60 dans
1808 2902 109 61 des
1945 2918 291 43 armures

296 3004 336 65 illustrées
663 3001 79 59 de
769 3017 101 43 ces
889 2998 308 78 légendes
1226 2996 250 61 mêmes
1509 3000 64 55 et
1595 2994 110 80 qui
1729 2991 258 80 parlent
2015 2991 218 60 mieux

299 3113 120 62 que
445 3094 94 58 les
569 3088 428 80 philosophes
1034 3088 109 58 des
1175 3085 328 61 histoires.
1532 3086 123 60 Les
1686 3081 294 61 Armides
2007 3081 229 60 tissent

294 3206 84 42 au
407 3185 158 59 haut
598 3180 110 60 des
741 3183 184 56 tours
955 3177 177 59 leurs
1161 3177 133 59 vies
1333 3177 80 59 de
1452 3177 204 58 rêves.
1702 3175 117 57 Les
1871 3173 365 79 princesses

290 3276 249 78 agitent
568 3274 38 56 à
630 3269 177 61 leurs
832 3274 316 52 terrasses
1184 3287 33 36 «
1247 3266 110 59 des
1383 3264 212 60 mains
1639 3264 110 78 qui
1792 3263 183 58 n'ont
1997 3258 237 80 jamais

289 3366 106 60 filé
433 3386 33 34 »
518 3380 166 61 pour
714 3376 194 62 poser
969 3375 127 40 aux
1146 3359 298 74 passants
1480 3356 57 58 le
1571 3353 334 79 problème
1940 3351 78 59 de
2048 3351 155 57 l'inu-

287 3456 115 60 tile
432 3453 208 61 effort.
658 3451 51 58 Il
738 3467 42 60 y
808 3469 36 40 a
868 3448 109 60 des
1002 3447 249 60 enfants
1270 3446 110 77 qui
1401 3446 19 77 j
1435 3448 196 58 ouent
1651 3460 151 43 avec
1835 3442 108 60 des
1965 3439 265 81 glaives,

291 3544 192 61 carie
518 3540 256 77 caprice
804 3537 188 59 d'une
1033 3537 293 59 créature
1368 3533 187 61 futile
1585 3533 311 69 entraîne,
1950 3531 151 57 d'un
2130 3547 69 42 re-

292 3634 158 78 gard
482 3649 83 42 ou
598 3629 152 59 d'un
776 3631 198 74 geste,
993 3627 63 60 la
1085 3630 168 56 mort
1273 3625 109 61 des
1409 3624 250 61 rivaux.
1679 3624 121 58 Les
1828 3619 244 81 galères
2097 3619 140 62 d'or
