2526 4116
1294 484 0 0 521

287 577 236 79 magie,
562 579 112 56 ont
694 573 257 60 inventé
985 587 87 43 un
1099 571 398 60 instrument
1538 567 301 78 gracieux
1875 584 120 63 par
2025 564 215 81 lequel

289 668 94 60 les
431 666 209 59 forces
694 663 108 59 des
859 661 314 61 éléments
1207 662 279 77 peuvent
1529 658 390 61 convaincre
1971 658 77 61 de
2096 656 144 62 leur

289 756 316 62 initiative
633 753 93 60 les
753 770 157 60 gens
933 752 84 59 du
1051 751 259 62 monde.
1343 751 163 61 C'est
1555 767 125 44 une
1714 750 277 78 planche
2014 747 223 62 vernie

292 852 82 54 où
416 842 356 76 l'alphabet
800 844 58 57 et
891 841 93 58 les
1019 841 256 60 chiffres
1310 840 75 59 de
1421 842 29 57 1
1489 846 37 53 à
1569 840 38 57 0
1648 844 146 54 sont
1822 840 241 77 peints.
2098 840 134 58 Aux

292 935 181 61 coins
523 952 82 40 on
656 936 155 74 peut
853 929 121 61 lire
1030 930 109 60 Yes
1188 931 61 60 et
1291 929 99 62 No
1426 934 60 58 et
1544 927 175 64 Good
1754 929 118 80 bay
1920 929 320 78 enjolivés

293 1025 76 59 de
444 1023 216 77 signes
721 1019 546 81 kabbalistiques.
1343 1023 124 59 Sur
1525 1023 164 58 cette
1764 1020 280 78 planche
2113 1035 126 44 une

290 1114 201 78 petite
524 1110 173 60 table
729 1110 219 78 glisse,
983 1129 115 60 pas
1132 1112 145 78 plus
1320 1110 181 79 large
1535 1109 232 79 qu'une
1806 1110 179 59 main
2028 1112 61 57 et
2118 1126 117 62 pas

292 1203 145 79 plus
470 1204 194 57 haute
693 1202 194 76 qu'un
920 1200 211 78 doigt;
1168 1202 62 58 là
1280 1218 65 43 se
1383 1200 504 60 manifesteront
1926 1200 93 60 les
2052 1198 188 61 inteL

290 1292 293 79 ligences
637 1291 363 61 invisibles.
1039 1291 47 57 Il
1119 1292 176 61 suffit
1328 1310 160 58 pour
1533 1289 137 60 cela
1724 1289 77 60 de
1853 1289 295 61 s'asseoir
2202 1291 38 57 à

293 1382 166 61 deux
495 1382 129 58 l'un
659 1400 76 40 en
773 1381 141 59 face
942 1381 76 59 de
1059 1381 253 73 l'autre,
1347 1399 86 40 un
1472 1382 255 57 homme
1757 1381 60 57 et
1845 1397 124 42 une
2002 1377 239 61 femme

292 1472 54 59 si
393 1470 306 80 possible,
727 1471 127 58 afin
901 1487 121 60 que
1079 1471 205 58 soient
1329 1468 314 61 conciliés
1675 1468 58 60 le
1769 1468 373 79 spiritisme-
2179 1470 61 57 et

292 1560 58 60 le
402 1561 149 59 flirt.
591 1561 121 59 Sur
760 1561 92 59 les
886 1565 222 72 quatre
1144 1576 253 63 genoux
1436 1560 65 58 la
1531 1559 281 78 planche
1868 1559 373 78 s'appuiera

293 1653 61 57 et
381 1650 92 60 les
505 1650 368 58 extrémités
908 1650 109 58 des
1046 1655 226 72 quatre
1296 1649 215 59 mains
1547 1649 420 59 effleureront
1997 1649 59 58 le
2082 1650 117 76 gué-

289 1740 193 60 ridon
524 1738 391 71 minuscule;
960 1739 48 58 il
1049 1759 37 59 y
1130 1758 38 41 a
1218 1739 155 77 cinq
1406 1739 185 77 pieds
1628 1739 159 60 dont
1827 1739 134 58 l'un
2002 1738 234 78 adapté

292 1835 37 54 à
360 1848 83 40 un
480 1830 158 77 petit
689 1829 442 78 promontoire
1167 1846 173 42 assez
1369 1827 354 61 semblable
1760 1832 37 56 à
1827 1846 126 42 une
1997 1828 131 58 tête
2161 1825 79 61 de

292 1923 211 55 tortue
529 1918 303 70 formera,
862 1936 77 40 en
971 1918 343 60 s'arrêtant
1345 1936 108 40 sur
1482 1917 91 61 les
1596 1917 224 59 lettres
1851 1917 94 61 les
1980 1921 170 57 mots
2183 1918 58 58 et

290 2007 93 61 les
433 2009 269 75 phrases
746 2008 77 59 de
868 2007 285 62 l'oracle.
1213 2011 280 75 Etrange
1549 2007 102 60 vie
1689 2025 120 61 que
1864 2006 160 62 celle
2082 2007 159 60 dont

290 2097 268 61 s'anime
593 2116 68 42 ce
705 2098 161 78 petit
909 2116 306 42 morceau
1249 2098 77 60 de
1359 2098 143 60 bois
1540 2097 398 62 transformé
1976 2116 77 42 en
2100 2097 106 61 ani-

287 2186 279 61 malcule
641 2186 282 75 flaireur,
990 2187 269 73 frôleur,
1319 2187 334 78 frappeur.
1717 2187 183 60 Ainsi
1964 2187 153 60 chez
2180 2186 61 60 le

288 2276 272 62 libraire
591 2277 348 72 kabbliste,
978 2279 292 58 Edmond
1309 2279 208 76 Bailly
1549 2277 146 79 (que
1732 2295 99 42 ses
1867 2276 280 61 lunettes
2182 2280 59 57 et

289 2384 117 42 son
442 2370 157 74 goût
631 2385 165 60 pour
815 2368 91 58 les
941 2368 227 59 choses
1199 2368 335 58 abstruses
1559 2366 342 79 désignent
1921 2366 285 59 suffisam-

288 2459 176 56 ment
490 2474 248 41 comme
773 2459 354 74 apparenté
1162 2472 122 42 aux
1306 2455 145 78 plus
1475 2455 230 59 subtils
1737 2455 160 59 ducs
1930 2455 109 59 des
2074 2455 125 60 Gno-

289 2545 182 79 mes),
489 2544 109 78 j'ai
614 2564 108 58 pu,
743 2550 185 72 grâce
952 2550 37 55 à
1013 2563 69 42 ce
1113 2545 279 78 procédé
1421 2549 139 55 tout
1592 2545 330 69 moderne,
1940 2545 121 59 lier
2088 2562 114 43 con-

292 2633 339 60 naissance
682 2652 151 41 avec
898 2634 289 74 Bakoun,
1224 2633 405 77 Dominique,
1670 2633 315 58 Amouzin
2043 2637 60 57 et
2148 2655 88 40 un

294 2722 202 60 ondin
525 2722 384 60 marseillais
931 2722 85 58 du
1051 2742 146 40 nom
1224 2722 281 76 d'Ansoy
1534 2722 211 77 lequel
1767 2727 196 69 tente,
1982 2741 120 61 par
2126 2724 109 60 des

294 2811 276 59 artifices
622 2816 137 53 tout
802 2815 37 54 à
882 2811 118 58 fait
1040 2811 274 77 galants,
1365 2811 342 77 d'infliger,
1740 2818 36 52 à
1820 2830 163 42 ceux
2019 2813 109 78 qui
2174 2815 58 59 le

294 2900 370 61 consultent
705 2917 151 42 avec
901 2898 176 61 leurs
1122 2901 224 72 amies,
1383 2900 57 61 le
1473 2901 183 60 triste
1698 2906 138 55 sort
1870 2902 75 60 de
1988 2904 246 80 George

293 2990 279 61 Dandin.
1488 3033 12 10 .
1801 3017 8 8 •
2197 3025 9 26 ?

374 3080 85 57 Le
494 3097 401 61 personnage
919 3079 108 77 qui
1051 3079 249 77 répond
1323 3097 80 41 au
1425 3098 146 42 nom
1605 3080 368 62 cabriolant
2006 3083 76 61 de
2114 3085 77 60 Ba-

290 3170 178 60 koun
494 3171 91 58 est
618 3168 59 59 le
713 3169 144 77 plus
889 3168 453 78 remarquable
1381 3169 77 60 de
1494 3188 102 42 ces
1629 3171 344 60 messieurs
2008 3175 224 59 autant

290 3278 120 62 par
440 3278 70 42 sa
538 3259 274 60 vivacité
835 3277 121 60 que
1009 3277 120 61 par
1162 3277 99 42 ses
1312 3259 388 61 insolences.
1747 3262 47 57 Il
1827 3279 76 41 ne
1944 3264 288 78 répugne

289 3370 116 59 pas
445 3368 127 41 aux
597 3354 236 54 termes
865 3349 92 59 les
998 3347 143 78 plus
1174 3349 380 59 humiliants
1587 3368 159 57 pour
1779 3351 416 78 l'amour-pro-

290 3460 112 58 pre
442 3439 75 60 de
560 3457 161 41 ceux
763 3438 109 78 qui
910 3437 59 60 le
1017 3437 371 62 consultent
1416 3442 57 53 et
1517 3438 45 59 il
1590 3457 64 41 se
1681 3439 163 78 plaît
1893 3447 37 53 à
1964 3441 267 61 afficher

290 3550 88 39 un
434 3530 493 77 dévergondage
974 3545 122 61 que
1152 3528 420 77 déploreront
1620 3535 211 54 toutes
1883 3530 193 62 celles
2126 3533 109 78 qui

290 3624 149 58 sont
475 3619 214 77 prêtes
716 3636 117 61 par
863 3635 159 61 pure
1052 3617 246 61 charité
1327 3622 34 56 à
1392 3620 462 61 immortaliser
1886 3638 67 43 sa
1981 3639 170 48 race.
2188 3622 43 60 Il
