2526 4116
566 1352 227 109 Le
889 1352 490 114 Génie
1463 1359 467 112 Latin

358 2051 94 58 En
485 2053 183 56 notre
691 2052 239 60 France
957 2053 108 76 qui
1099 2052 241 62 semble
1364 2057 367 78 reprendre,
1773 2066 188 72 après
1997 2065 222 71 Rome,

276 2140 60 61 le
371 2141 281 77 prestige
687 2140 290 61 d'attirer
999 2161 146 42 vers
1178 2162 116 42 son
1327 2164 177 42 cœur
1526 2147 92 62 les
1649 2150 453 80 intelligences
2140 2155 88 60 du

278 2230 260 71 monde,
573 2230 79 59 de
687 2230 91 61 les
809 2250 40 59 y
880 2231 265 62 heurter
1176 2234 93 61 les
1305 2254 160 43 unes
1509 2255 128 42 aux
1669 2245 215 55 autres
1932 2244 128 58 afin
2098 2262 122 61 que

277 2317 59 61 la
395 2319 273 61 lumière
699 2320 278 77 jaillisse
1024 2323 76 59 de
1143 2323 176 62 leurs
1353 2325 203 76 pôles,
1598 2329 161 58 trois
1797 2330 296 61 hommes
2145 2334 78 60 de

278 2408 65 61 la
370 2409 378 79 génération
775 2410 155 59 1860
962 2411 517 75 manifestèrent,
1513 2434 150 42 sous
1692 2418 65 58 la
1787 2418 205 62 forme
2018 2424 171 75 poéti-

281 2516 146 59 que,
470 2498 109 58 des
614 2500 221 74 génies
869 2499 319 61 éclatants
1222 2502 165 59 mais
1420 2504 215 61 divers
1663 2524 118 60 par
1815 2507 92 61 les
1938 2512 287 76 origines

280 2588 372 60 naturelles.

360 2679 77 58 M.
487 2677 273 60 Gustave
825 2679 184 59 Kalin
1062 2681 156 61 dont
1266 2683 271 61 l'Orient
1593 2690 319 58 ancestral
1971 2691 256 79 inspira

282 2764 84 64 les
397 2763 219 61 Palais
667 2764 306 61 Nomades
1010 2771 60 57 et
1117 2767 82 62 les
1242 2770 314 63 Chansons
1599 2773 291 65 d'Amant
1900 2827 13 25 ,
1952 2789 276 71 apporta

280 2857 57 60 le
388 2856 303 60 souvenir
743 2856 85 58 du
875 2857 188 60 soleil
1105 2862 347 79 mystique,
1508 2865 85 61 du
1639 2869 202 75 grand
1888 2870 204 79 Agna,
2147 2891 81 42 en

276 2946 267 79 l'espoir
578 2946 233 78 duquel
849 2947 91 60 les
983 2947 205 63 lentes
1231 2969 352 47 caravanes
1627 2975 64 42 se
1740 2959 339 77 déploient
2122 2983 107 41 sur

278 3036 60 61 le
374 3036 233 71 désert,
642 3036 264 61 bercées
939 3055 118 60 par
1091 3040 108 60 des
1232 3044 146 60 voix
1405 3045 396 80 religieuses,
1849 3050 380 80 imprécises

284 3130 59 57 et
405 3125 355 61 immenses
817 3128 109 76 qui
988 3138 370 56 annoncent
1407 3140 39 54 à
1493 3140 144 56 tout
1687 3139 245 61 instant
1985 3142 74 59 de
2110 3144 103 60 vie

278 3217 320 61 l'éternité
643 3217 85 59 du
762 3218 258 60 chemin
1063 3224 60 57 et
1153 3222 61 59 la
1254 3224 284 62 douceur
1574 3227 357 65 d'attendre
1966 3251 76 41 en
2078 3251 114 43 con-

278 3305 318 79 templant
621 3307 64 59 la
710 3305 267 63 divinité
1007 3309 86 60 du
1126 3309 194 64 désir.

357 3399 87 56 La
497 3398 312 59 mémoire
855 3398 76 59 de
976 3402 165 57 cette
1192 3403 233 61 beauté
1476 3412 171 55 mère
1694 3413 147 74 trop
1885 3411 344 79 splendide

277 3502 165 63 pour
474 3487 193 75 qu'on
701 3486 343 61 s'attachât
1077 3495 35 53 à
1146 3496 256 74 espérer
1435 3495 77 61 de
1543 3496 64 60 la
1651 3499 290 60 traduire
1976 3509 211 57 exacte-

278 3581 195 67 ment,
527 3577 202 59 trahit
784 3595 68 42 ce
905 3582 188 74 poète
1151 3582 109 78 qui
1311 3590 178 56 tenta
1548 3587 75 61 de
1679 3589 64 59 la
1794 3590 163 61 dire.
2025 3595 204 77 Ayant

1904 3717 57 53 31
