2526 4116
1214 389 118 59 520

267 552 319 77 mystères
619 546 447 78 rédempteurs
1097 549 63 58 et
1193 544 60 61 le
1301 562 151 42 nom
1490 541 79 61 de
1605 537 249 63 Sabbat
1880 537 181 59 vient
2090 533 113 80 jus-

267 641 243 58 tement
561 637 87 60 du
701 655 151 42 nom
923 635 86 61 du
1065 636 146 80 plus
1259 633 235 61 ancien
1534 631 110 61 des
1678 631 276 58 Gnomes
1991 624 206 61 Sabba-

266 730 135 61 tius
436 727 83 80 (1)
547 727 132 79 qui,
708 734 37 52 à
775 726 65 61 la
873 726 322 79 première
1229 741 305 46 semonce
1568 722 79 60 de
1681 720 321 76 l'Adepte,
2042 715 200 62 sentit

270 838 100 43 ses
425 836 170 61 yeux
640 836 64 42 se
755 817 263 61 désiller
1064 823 66 57 et
1178 835 66 45 se
1308 815 325 62 convertit
1692 830 121 62 par
1868 810 279 61 l'amour
2207 812 35 55 à

269 909 471 63 l'Esotérisme.

1209 1272 113 59 XX

367 1500 89 61 De
480 1504 144 57 tout
655 1505 210 74 temps
884 1518 102 45 ces
1008 1498 340 63 invisibles
1374 1513 454 64 compagnons
1848 1494 74 61 de
1939 1493 315 62 l'homme

280 1597 113 58 ont
412 1593 279 61 cherché
710 1599 35 54 à
765 1611 229 42 causer
1014 1610 153 44 avec
1188 1590 116 73 lui,
1326 1590 212 60 même
1560 1588 221 80 quand
1812 1587 48 61 il
1874 1585 225 63 n'était
2128 1603 120 64 pas

280 1683 419 80 philosophe.
722 1682 611 62 Particulièrement
1366 1681 93 61 les
1496 1679 324 82 nymphes
1848 1678 134 79 qui,
2004 1677 241 71 dit-on,

275 1794 65 43 se
376 1780 331 56 montrent
735 1780 128 56 très
896 1775 358 78 parleuses,
1276 1776 175 57 étant
1479 1790 120 62 par
1629 1771 145 60 leur
1804 1775 231 56 nature
2071 1786 178 43 assez

275 1865 360 62 semblable
683 1885 128 42 aux
856 1866 296 61 femmes.
1206 1864 296 60 N'a-t-on
1543 1881 117 61 pas
1712 1862 76 60 de
1839 1865 143 57 tout
2032 1866 222 72 temps

275 1956 336 79 interrogé
642 1958 94 60 les
776 1958 251 60 oracles
1058 1955 392 81 aquatiques
1480 1956 116 60 tels
1632 1971 123 63 que
1795 1971 219 42 verres
2057 1952 193 61 d'eau

277 2064 81 42 ou
392 2048 279 72 bassins,
710 2048 92 61 les
847 2048 251 62 oracles
1144 2048 256 61 aériens
1442 2063 253 43 comme
1741 2045 94 61 les
1877 2044 268 61 miroirs
2189 2045 61 60 et

273 2137 64 62 la
372 2139 178 59 main
585 2139 111 60 des
721 2139 257 79 vierges
1013 2142 60 58 et
1105 2139 92 61 les
1233 2138 251 61 oracles
1511 2142 344 56 terrestres
1892 2157 13 39 :
1941 2137 187 76 grain
2169 2134 80 62 de

274 2228 164 71 café,
472 2228 198 62 blanc
706 2231 203 59 d'œuf
932 2232 60 58 et
1023 2229 361 79 guéridon?

480 2322 301 79 Langage
840 2322 497 71 d'escamoteur,
1390 2319 395 72 dites-vous,
1825 2321 61 59 et
1935 2319 153 60 bien
2123 2335 126 62 peu

275 2408 196 79 digne
505 2410 191 61 d'une
731 2411 188 61 dame
948 2429 85 43 ou
1066 2410 154 61 d'un
1252 2411 339 61 monsieur
1623 2408 451 63 élémentaire.
2112 2410 139 72 Que

273 2519 162 42 vous
464 2501 134 61 êtes
628 2502 303 61 difficile!
964 2521 78 42 en
1073 2502 203 60 vérité
1304 2520 84 42 on
1418 2520 38 41 a
1488 2504 305 58 retrouvé
1826 2504 132 57 très
1982 2502 272 59 souvent

275 2591 78 61 de
393 2593 66 59 la
503 2598 172 55 sorte
727 2594 112 59 des
886 2594 339 80 chapelets
1272 2593 267 80 perdus,
1588 2594 112 58 des
1754 2599 294 54 montres
2093 2595 121 79 éga-

275 2685 142 60 rées
453 2689 60 56 et
544 2685 177 61 faute
753 2686 76 60 de
865 2685 223 61 mieux
1124 2685 279 80 quelque
1432 2685 445 61 consolation.

360 2777 118 59 Les
531 2777 301 62 discours
889 2779 111 60 des
1052 2777 361 80 guéridons
1467 2782 148 56 sont
1666 2777 255 78 parfois
1967 2775 246 63 admira-

275 2866 164 63 bles.
489 2869 85 59 De
635 2887 120 42 nos
798 2868 207 80 jours,
1041 2868 95 62 les
1183 2868 289 80 Anglais,
1520 2868 345 80 pratiques
1908 2867 213 62 même
2175 2886 80 42 en

340 3069 46 48 1.
413 3070 137 50 Telle
584 3073 79 47 est
696 3071 49 49 la
769 3073 206 48 version
1004 3074 63 47 de
1123 3073 195 63 Jaques
1363 3073 153 48 Borri
1556 3073 50 48 et
1650 3071 62 49 de
1752 3070 171 52 l'abbé
1963 3070 64 50 de
2059 3070 199 50 Villars

278 3144 108 62 qui,
437 3158 123 33 sous
608 3144 48 48 la
698 3145 167 48 forme
910 3146 332 60 paradoxale,
1285 3145 305 62 m'apparaît
1647 3145 290 49 renfermer
1994 3159 100 34 une
2149 3147 113 46 très

275 3219 199 59 grande
518 3221 116 60 part
684 3220 63 47 de
796 3219 187 61 vérité;
1021 3233 63 34 en
1136 3220 136 60 effet,
1316 3233 63 34 en
1430 3233 60 34 ce
1539 3220 279 48 Sabbatius
1858 3219 70 59 .je
1975 3220 283 48 reconnais

274 3291 240 62 toujours
568 3291 215 50 lacchos
844 3305 66 36 ou
961 3291 258 60 Bacchos,
1276 3291 380 62 -l'Androgyne
1704 3291 183 50 enivré
1932 3294 50 45 et
2018 3292 242 49 enivrant

277 3379 99 49 que
409 3366 47 48 le
482 3366 117 62 plus
632 3366 168 61 grand
833 3367 93 47 des
956 3366 179 62 poètes
1161 3366 317 49 transforma
1504 3381 92 47 par
1633 3367 79 47 les
1742 3366 186 48 chants
1962 3365 67 49 de
2065 3379 57 34 sa
2147 3366 113 62 lyre

278 3452 65 35 en
372 3438 48 49 le
452 3440 137 48 divin
625 3443 48 45 et
700 3438 203 51 sacrifié
928 3437 287 66 Dionysos.
1247 3440 240 61 lacchos,
1528 3440 123 48 c'est
1690 3441 51 49 la
1783 3440 221 49 lumière
2047 3441 215 61 astrale,

278 3511 51 49 la
353 3513 195 59 grande
580 3513 144 50 force
749 3513 66 47 du
848 3514 192 47 monde
1068 3512 221 63 aveugle
1337 3517 52 44 et
1435 3513 234 61 brutale;
1713 3513 286 62 Dionysos,
2043 3514 127 49 c'est
2217 3513 47 51 le

279 3586 173 48 même
481 3586 228 50 élément
731 3588 129 48 mais
893 3588 318 60 transfiguré
1267 3602 92 48 par
1404 3587 49 49 la
1512 3589 210 47 volonté
1771 3591 68 45 du
1882 3602 152 48 mage
2067 3589 91 64 qui
2202 3603 67 36 en

278 3658 90 50 fait
404 3658 358 51 l'instrument
786 3659 270 51 obéissant
1090 3663 63 48 de
1185 3661 355 64 l'inspiration
1568 3664 52 46 et
1653 3662 64 49 de
1745 3662 48 48 la
1820 3662 249 62 Sagesse.
