2864 3048
1540 2323 68 34 182

740 537 96 35 aber
859 547 95 24 man
978 536 103 35 sieht
1099 536 56 35 sie
1179 536 110 35 nicht
1312 546 117 34 ganz;
1451 535 104 34 doch
1574 536 94 32 muß
1688 546 95 23 man
1807 546 51 23 an
1883 535 77 33 den
1981 535 137 36 Grund
2142 537 165 46 denken,
2324 555 50 25 an

739 587 61 35 ihr
814 586 225 43 Aussehen,
1052 598 50 24 an
1119 587 62 35 die
1196 579 177 51 Öffnung
1388 585 384 46 (Bogenstellung?),
1789 596 52 23 an
1858 585 60 33 die
1928 585 148 42 Wand,
2092 596 50 24 an
2159 587 68 37 das
2241 590 132 47 Dach;

741 637 214 44 deswegen
973 638 95 33 muß
1088 647 95 24 man
1203 647 68 24 um
1290 636 56 34 sie
1364 635 107 44 rings
1490 635 141 33 herum
1651 635 132 44 gehen
1801 635 175 40 können;
1993 635 104 35 doch
2112 637 262 42 andererseits

740 688 147 33 könnte
902 686 139 45 irgend
1055 687 63 34 ein
1128 686 180 35 Elender
1320 685 61 34 ihr
1395 684 73 35 mit
1482 684 107 34 einer
1604 684 148 44 Stange
1768 684 85 33 eins
1871 688 221 31 versetzen.
2115 686 77 35 Mir
2210 690 164 46 scheint,

742 736 55 35 sie
821 738 107 32 wäre
951 740 70 41 gut
1043 736 54 34 im
1118 736 107 34 Hofe
1249 736 70 34 des
1341 735 193 40 Palastes,
1553 744 66 23 wo
1646 744 43 23 es
1708 734 158 33 Messer
1884 734 224 34 Francesco
2131 736 71 34 der
2226 739 150 39 Herold

742 790 125 40 sagte,
887 786 81 35 und
994 786 100 34 wird
1123 786 92 34 dem
1235 785 129 34 Autor
1387 784 63 34 ein
1473 784 144 44 großer
1635 783 121 34 Trost
1780 783 98 40 sein,
1896 783 91 34 weil
2010 794 41 23 es
2076 784 62 35 ein
2161 786 72 36 Ort
2255 793 120 42 wäre,

742 836 155 44 würdig
915 836 158 34 solcher
1092 834 177 36 Statue.”
2233 840 143 46 ©©©

743 889 41 40 0
845 886 228 34 Giovanni
1088 884 244 36 Carnuole:
1350 883 97 42 „Ich
1462 893 86 23 war
1563 882 163 44 geneigt
1741 881 58 35 sie
1813 882 271 42 hinzusetzen,
2096 894 63 24 wo
2171 885 68 36 der
2249 889 128 38 Löwe

742 936 62 41 ist,
820 935 112 35 hatte
950 936 97 34 aber
1065 935 110 34 nicht
1193 933 183 45 gedacht,
1393 933 77 33 daß
1491 932 68 34 der
1574 932 183 34 Marmor
1773 935 84 30 zart
1874 931 51 35 ist
1943 932 82 34 und
2043 943 80 23 von
2139 934 139 47 Regen
2297 943 82 33 und

744 986 118 34 Kälte
885 985 224 34 verdorben
1127 984 154 34 würde:
1300 983 218 43 deswegen
1542 981 137 34 urteile
1699 981 81 41 ich,
1797 981 76 35 daß
1897 981 58 34 sie
1978 982 39 33 in
2041 982 69 34 der
2131 984 156 47 Loggia
2309 996 71 39 gut

744 1035 155 40 stünde,
916 1045 65 23 wo
997 1033 182 35 Giuliano
1199 1033 51 34 da
1269 1032 78 34 San
1367 1032 113 34 Gallo
1500 1035 140 40 gesagt
1656 1031 111 34 hat.”
2236 1040 142 43 ©©©

745 1087 41 40 0
848 1085 262 43 Guasparre
1130 1082 42 34 di
1187 1082 202 35 Simone;
1415 1081 96 41 „Ich
1524 1081 110 34 hatte
1651 1081 189 44 gemeint,
1857 1080 56 35 sie
1929 1081 69 34 auf
2009 1081 62 34 die
2087 1082 142 36 Piazza
2248 1087 38 33 di
2301 1088 79 36 San

747 1133 200 35 Giovanni
965 1144 47 22 zu
1037 1137 152 35 setzen;
1209 1132 96 33 aber
1327 1131 76 34 mir
1427 1130 153 35 scheint
1603 1130 63 35 die
1685 1131 156 44 Loggia
1865 1130 62 34 ein
1951 1132 261 42 passenderer
2231 1135 83 42 Ort,
2331 1139 50 34 da

746 1184 57 33 sie
823 1182 256 44 empfindlich
1097 1181 87 34 ist.”
2237 1187 143 44 ©OO

748 1235 41 40 ©
849 1232 157 33 Pietro
1022 1231 44 33 di
1081 1231 194 39 Cosimo,
1291 1229 142 35 Maler:
1455 1229 96 41 „Ich
1565 1230 198 45 bestätige
1779 1230 76 34 den
1866 1229 231 44 Ausspruch
2111 1231 70 34 des
2197 1233 183 38 Giuliano

750 1282 50 34 da
815 1281 79 34 San
910 1281 113 33 Gallo
1038 1280 80 34 und
1137 1279 197 40 überdies,
1350 1279 75 34 daß
1441 1279 113 44 jener
1568 1280 222 40 zustimme,
1807 1279 70 34 der
1892 1279 63 34 die
1966 1279 119 44 Figur
2099 1284 189 41 gemacht
2301 1286 80 41 hat,

749 1330 92 34 weil
861 1341 40 22 er
920 1330 137 33 besser
1074 1329 117 40 weiß,
1208 1329 76 34 wie
1304 1329 57 34 sie
1380 1340 49 23 zu
1449 1330 142 33 stehen
1610 1329 109 34 hat.”
2239 1336 144 43 ©o©

749 1382 41 41 0
849 1380 165 33 Diesem
1045 1380 86 43 fügt
1162 1379 70 34 der
1263 1378 393 46 protokollführende
1684 1378 210 35 Schreiber
1923 1378 219 35 italienisch
2175 1381 78 36 bei:
2282 1386 101 39 „Die

751 1430 166 44 übrigen
929 1429 103 34 oben
1044 1429 239 34 Genannten
1294 1428 81 35 und
1387 1429 233 34 Geladenen
1632 1429 165 34 werden
1813 1428 74 35 mit
1894 1427 114 35 ihren
2019 1428 284 46 Aussprüchen
2314 1435 70 35 der

751 1480 194 44 größeren
961 1479 129 34 Kürze
1110 1489 144 34 wegen
1273 1479 110 34 nicht
1402 1479 340 44 aufgeschrieben.
1763 1479 109 33 Aber
1888 1477 85 34 ihre
1988 1478 113 35 Rede
2120 1490 95 32 war,
2232 1482 76 36 daß
2327 1485 57 36 sie

751 1529 85 33 sich
855 1529 69 33 auf
940 1528 61 34 die
1017 1529 182 44 Aussage
1218 1539 80 23 von
1313 1529 123 43 jenen
1458 1529 104 33 oben
1581 1529 192 44 bezögen,
1789 1527 83 35 und
1892 1527 69 34 der
1976 1527 89 34 eine
2085 1529 69 33 auf
2169 1530 77 35 den
2266 1534 117 36 einen

751 1578 81 34 und
844 1578 69 34 der
927 1578 145 34 andere
1088 1579 69 33 auf
1168 1579 78 33 den
1257 1578 177 34 anderen
1445 1578 69 34 der
1524 1579 144 44 obigen
1678 1577 266 45 Aussprüche,
1956 1576 103 35 ohne
2070 1578 312 50 Abweichung.”

751 1630 41 41 0
853 1628 52 34 So
927 1628 156 42 endete,
1104 1629 105 33 ohne
1227 1628 137 34 rechte
1379 1628 316 45 Entscheidung,
1712 1628 60 34 die
1789 1626 284 44 denkwürdige
2087 1628 218 50 Beratung,
2321 1635 63 36 die

752 1678 126 34 schon
907 1678 125 34 durch
1066 1678 61 34 die
1160 1678 231 35 erlauchten
1419 1678 160 34 Namen
1618 1678 70 34 der
1718 1677 259 34 Teilnehmer
2011 1687 73 24 uns
2116 1679 267 51 ehrfürchtige

753 1728 177 34 Schauer
954 1728 168 44 abringt.
1147 1728 93 35 Und
1259 1731 101 31 trotz
1380 1728 69 34 der
1465 1728 327 43 Verdunkelung,
1813 1726 63 34 die
1900 1726 71 33 der
1994 1725 96 35 Sinn
2118 1728 68 35 der
2213 1734 170 37 meisten

752 1777 209 44 Aussagen
977 1778 123 34 durch
1115 1778 71 34 das
1198 1778 257 44 Ungeschick
1471 1778 69 34 des
1556 1776 360 35 Protokollführers
1932 1775 194 44 erfahren,
2141 1780 134 43 glaubt
2288 1795 95 26 man

754 1826 148 34 allerlei
922 1826 405 36 Charakteristisches
1352 1827 111 34 darin
1486 1828 108 33 noch
1617 1825 344 36 herauszufühlen.
1983 1824 53 35 So
2059 1827 186 46 frappiert
2269 1835 115 36 einen

754 1876 69 34 der
842 1877 186 33 trockene
1051 1878 88 32 Ton
1162 1878 55 34 im
1242 1877 227 35 Gutachten
1491 1877 213 34 Leonardo
1729 1877 50 33 da
1796 1874 153 35 Vincis.
1970 1875 96 35 Man
2089 1877 108 38 kann
2220 1882 83 37 sich
2326 1888 59 34 als

753 1925 177 44 möglich
954 1927 168 40 denken,
1140 1927 75 34 daß
1239 1927 96 41 ihm,
1356 1927 92 34 dem
1472 1927 210 34 subtilsten
1702 1925 199 40 Künstler,
1918 1923 76 35 den
2014 1925 62 35 die
2094 1927 106 38 Erde
2219 1932 39 44 je
2281 1938 101 44 trug,

754 1975 70 34 der
844 1974 224 35 effektvolle
1082 1976 81 34 Akt
1181 1977 133 34 seines
1330 1977 98 44 jung
1446 1976 309 34 aufstrebenden
1768 1974 303 35 Nebenbuhlers
2089 1978 109 37 nicht
2216 1985 169 42 gefallen

752 2026 83 39 hat,
854 2035 90 23 zum
966 2025 227 35 mindesten
1213 2026 118 34 weist
1349 2037 42 23 er
1414 2026 69 34 der
1502 2026 140 34 Statue
1660 2025 145 34 keinen
1825 2024 92 33 sehr
1937 2024 305 42 „ehrenvollen”
2262 2035 111 35 Platz

755 2075 76 34 den
856 2074 222 35 rückwärts
1101 2085 51 24 an
1171 2076 70 33 der
1258 2076 139 34 Wand
1417 2076 69 33 der
1504 2076 158 44 Loggia
1679 2085 63 29 an,
1758 2083 65 24 wo
1843 2073 56 34 sie
1922 2074 129 35 sicher
2073 2077 111 37 nicht
2205 2084 92 35 sehr
2318 2098 68 22 zur

756 2125 175 43 Geltung
949 2124 242 44 gekommen
1209 2127 121 32 wäre.
1350 2125 146 34 Vasari
1514 2125 179 34 schreibt
1717 2124 110 34 diese
1847 2126 126 32 etwas
1991 2126 297 43 unfreundliche
2307 2136 52 34 Be-

753 2174 208 44 handlung
989 2174 69 34 der
1081 2175 320 44 Angelegenheit
1427 2185 80 23 von
1535 2175 136 33 Seiten
1700 2172 232 35 Leonardos
1961 2173 91 36 dem
2074 2170 127 53 Ärger
2226 2194 62 31 zu,
2308 2186 78 34 den
