2766 3048
1167 2315 63 33 181

450 545 69 35 der
532 548 153 46 Loggia
701 550 137 34 stehen
849 551 103 39 muß,
969 550 98 40 dort,
1083 561 64 23 wo
1163 562 41 25 es
1214 559 217 37 genannter
1442 556 179 35 Giuliano
1635 567 139 38 gesagt
1788 564 80 42 hat,
1884 570 70 32 auf
1964 571 90 35 dem

448 595 256 44 Mäuerchen,
721 609 64 24 wo
809 600 81 34 sich
914 600 126 33 neben
1065 600 68 33 der
1151 601 135 35 Wand
1309 603 62 35 die
1395 605 171 43 Spaliere
1589 609 204 44 anlehnen,
1809 616 72 33 mit
1904 619 129 36 schick-

446 644 143 37 lichem
600 648 218 35 Ornament
828 649 78 34 und
916 659 55 29 so,
984 649 74 33 daß
1069 659 41 24 es
1121 649 61 34 die
1195 649 260 38 Ceremonien
1471 655 67 33 der
1547 649 168 43 Ämtern
1726 660 107 36 nicht
1842 666 174 36 verdirbt
2032 670 21 13 ”

445 696 41 40 ©
546 695 246 37 Salvestro:
818 699 118 40 „Man
959 698 67 33 hat
1048 698 72 34 alle
1145 699 94 34 Orte
1261 700 308 44 hergenommen
1592 706 80 33 und
1698 708 246 46 besprochen
1972 719 79 33 und

444 743 84 33 sind
555 755 43 24 so
625 746 77 34 viel
726 747 152 34 Sachen
901 747 172 43 gesehen
1098 748 79 33 und
1200 754 140 39 gesagt
1361 752 173 34 worden.
1553 754 69 33 Ich
1649 757 139 42 meine,
1805 760 68 34 der
1900 764 54 34 sie
1983 776 44 30 ge-

442 794 138 34 macht
597 795 80 42 hat,
692 795 50 35 ist
762 796 59 41 da,
838 796 59 33 ihr
915 795 74 34 den
1005 795 138 35 besten
1158 797 111 34 Platz
1285 810 47 22 zu
1350 800 139 43 geben.
1509 802 70 34 Ich
1596 804 61 33 für
1670 806 104 34 mich
1795 811 157 35 erachte
1972 815 76 34 den

441 851 73 24 vor
532 843 92 34 dem
643 845 133 34 Palast
795 845 56 34 als
871 844 74 34 den
965 844 150 41 besten,
1132 846 79 33 und
1231 846 74 34 daß
1325 848 67 33 der
1414 849 55 33 sie
1487 854 187 39 gemacht
1691 854 79 42 hat,
1786 857 238 40 nichtsdesto-

441 892 186 45 weniger,
643 894 75 34 wie
733 894 63 34 ich
811 894 123 33 schon
953 898 136 39 gesagt
1106 894 112 41 habe,
1233 895 134 35 besser
1380 898 53 33 als
1451 898 220 44 irgendwer
1685 903 74 34 den
1774 906 113 35 Platz
1900 910 144 37 wissen

439 940 110 41 wird,
565 943 103 33 nach
688 943 90 34 dem
796 942 209 34 Aussehen
1022 942 78 33 und
1121 942 67 34 der
1206 944 73 34 Art
1298 945 67 34 der
1383 957 152 33 ganzen
1554 949 156 44 Figur.”
1904 960 139 43 ©©©

437 990 40 40 ©
537 991 210 45 Philippe
764 992 279 44 diPhilippo:
1060 992 108 39 „Ich:
1183 1003 79 23 von
1276 994 99 34 allen
1388 995 48 34 ist
1449 998 302 43 ausgezeichnet
1763 1004 164 42 geredet
1939 1017 78 24 wor-

437 1037 75 33 den
531 1040 79 33 und
627 1041 140 44 glaube
787 1041 109 40 doch,
912 1040 75 34 daß
1006 1040 67 34 der
1087 1040 162 35 Meister
1267 1042 111 35 einen
1396 1045 101 33 noch
1516 1047 183 34 besseren
1718 1050 111 35 Platz
1846 1053 102 36 habe
1962 1058 79 33 und

434 1086 135 45 länger
583 1089 75 34 den
674 1091 107 33 Platz
796 1090 169 34 bedacht
978 1089 77 33 und
1071 1088 73 34 daß
1160 1100 91 24 man
1265 1102 79 23 von
1359 1092 88 34 ihm
1464 1104 40 23 es
1519 1095 121 35 hören
1654 1100 104 39 muß,
1773 1100 267 48 bekräftigend

435 1135 69 34 das
519 1137 139 36 Reden
677 1139 121 41 derer,
815 1140 60 33 die
893 1138 257 44 gesprochen:
1171 1139 74 33 daß
1266 1151 42 23 es
1326 1142 169 34 nämlich
1515 1144 119 35 weise
1653 1150 245 41 gesprochen
1917 1156 120 32 war.”

432 1186 41 41 ©
536 1186 207 36 Gallieno
768 1189 76 33 der
866 1188 189 33 Sticker:
1080 1187 128 39 „Was
1231 1189 102 34 mich
1364 1191 171 44 anlangt,
1557 1194 101 33 nach
1685 1196 150 36 meiner
1856 1201 182 38 Einsicht

431 1235 79 33 und
529 1235 39 34 in
586 1237 244 34 Anbetracht
853 1236 66 34 der
936 1235 169 44 Qualität
1127 1235 68 34 der
1217 1236 148 43 Statue,
1382 1240 223 42 bezeichne,
1623 1243 73 34 daß
1720 1246 54 33 sie
1793 1252 69 38 gut
1880 1252 141 34 stünde

431 1293 65 24 wo
518 1284 68 34 der
599 1286 125 34 Löwe
742 1297 79 24 von
842 1285 67 34 der
923 1285 138 33 Piazza
1078 1284 59 40 ist,
1154 1285 71 33 mit
1243 1286 128 35 einem
1387 1291 333 36 ornamentierten
1735 1295 219 39 Unterbau:
1975 1281 58 55 als'

428 1333 174 34 welcher
625 1335 72 34 Ort
724 1335 59 34 für
809 1334 132 35 solche
965 1334 134 33 Statue
1127 1335 169 42 passend
1318 1336 60 40 ist,
1399 1338 80 33 und
1502 1339 130 34 indem
1656 1352 92 24 man
1778 1345 75 34 den
1877 1347 154 37 Löwen

427 1382 130 34 neben
576 1384 70 33 das
664 1384 80 33 Tor
763 1385 67 33 des
848 1384 175 33 Palastes
1041 1386 108 36 setzt,
1166 1384 69 32 auf
1249 1384 75 33 den
1342 1386 113 34 Rand
1475 1388 68 33 des
1563 1389 299 39 Mäuerchens.”
1939 1401 90 41 00

426 1432 40 40 ©
525 1433 148 34 David
689 1434 75 33 der
777 1433 153 34 Maler:
951 1431 99 41 „Mir
1063 1431 151 33 kommt
1226 1443 82 30 vor,
1325 1434 176 35 Gallieno
1516 1437 100 34 habe
1632 1439 113 34 einen
1761 1442 70 35 Ort
1845 1454 172 34 genannt

425 1489 43 23 so
487 1482 155 44 würdig
659 1483 76 33 wie
757 1482 136 45 irgend
912 1481 60 34 ein
991 1479 164 34 anderer
1174 1480 80 42 Ort,
1270 1483 78 33 und
1369 1484 73 33 daß
1460 1486 142 42 gerade
1625 1487 82 35 dies
1730 1490 69 35 der
1819 1503 182 35 angemes-

423 1538 94 25 sene
536 1531 81 33 und
637 1532 192 44 bequeme
845 1531 70 35 Ort
933 1529 70 40 sei;
1023 1528 79 34 und
1121 1529 74 33 den
1209 1530 151 36 Löwen
1375 1543 72 23 nur
1464 1534 275 38 anderswohin
1759 1545 132 32 setzen
1921 1545 84 35 dort-

420 1577 78 42 hin,
511 1589 61 24 wo
586 1591 40 23 er
636 1585 139 40 gesagt
788 1582 79 39 hat,
878 1579 94 34 oder
985 1577 68 34 auf
1064 1577 111 34 einen
1189 1579 170 35 anderen
1369 1582 120 40 Platz,
1503 1583 73 33 den
1587 1594 92 25 man
1691 1587 59 33 für
1759 1588 136 37 besser
1904 1594 119 34 hält.”

420 1628 39 40 ©
519 1628 199 35 Antonio
740 1631 330 33 Zimmermann
1094 1627 52 33 da
1169 1627 83 34 San
1272 1628 147 36 Gallo:
1443 1632 159 40 „Wenn
1625 1634 69 34 der
1713 1636 177 38 Marmor
1916 1643 107 35 nicht

419 1685 40 24 so
481 1678 251 43 empfindlich
751 1681 116 38 wäre,
884 1677 67 33 der
970 1676 108 33 Platz
1097 1676 69 33 des
1183 1676 151 35 Löwen
1352 1679 49 34 ist
1420 1681 60 33 ein
1502 1686 113 39 guter
1632 1683 119 43 Platz,
1766 1688 141 42 glaube
1927 1692 94 34 aber

417 1724 118 42 nicht,
553 1726 73 34 daß
646 1728 55 34 sie
719 1728 66 33 ihn
805 1731 207 38 vertragen
1031 1725 154 40 könnte,
1200 1736 118 24 wenn
1337 1727 55 34 sie
1414 1729 115 44 lange
1547 1731 85 34 Zeit
1655 1732 87 36 dort
1766 1738 152 35 stünde.
1939 1741 53 35 Da-

415 1774 81 41 her,
512 1776 196 34 nachdem
729 1777 67 34 der
809 1777 174 33 Marmor
1003 1774 250 43 empfindlich
1271 1776 60 40 ist,
1346 1777 129 35 meine
1492 1779 61 33 ich
1573 1780 81 34 ihm
1674 1782 76 35 den
1764 1785 110 35 Platz
1892 1788 38 34 in
1950 1790 68 35 der

414 1822 155 46 Loggia
586 1837 47 22 zu
652 1826 140 44 geben,
808 1825 77 34 und
904 1833 117 24 wenn
1040 1822 69 34 das
1127 1822 110 35 nicht
1250 1826 117 40 wäre,
1382 1826 109 34 litten
1512 1827 59 34 die
1590 1831 68 32 auf
1673 1831 67 34 der
1758 1834 138 37 Straße
1915 1839 76 34 Vor-

413 1872 304 45 übergehenden
735 1886 47 22 zu
801 1874 76 34 viel
895 1872 133 40 Mühe,
1044 1882 66 23 um
1129 1871 55 34 sie
1204 1882 42 24 so
1265 1875 159 33 weithin
1441 1887 46 22 zu
1507 1877 160 36 sehen.”
1872 1889 143 43 ©©©

410 1923 41 40 ©
511 1923 332 45 Michelangelo
872 1922 75 34 der
974 1920 333 36 Goldschmied:
1339 1925 141 39 „Diese
1511 1927 146 35 weisen
1684 1930 169 39 Männer
1883 1937 130 35 haben

409 1971 90 32 sehr
513 1976 69 38 gut
596 1977 139 40 gesagt
752 1973 79 34 und
846 1970 209 35 besonders
1070 1969 178 35 Giuliano
1270 1972 48 34 da
1333 1973 79 34 San
1428 1974 125 35 Gallo.
1573 1977 77 34 Mir
1668 1979 154 37 kommt
1839 1995 81 32 vor,
1937 1987 74 34 daß

409 2019 68 33 der
499 2020 110 35 Platz
632 2033 49 23 an
707 2022 67 34 der
791 2019 150 45 Loggia
963 2023 69 40 gut
1054 2019 67 40 sei,
1137 2019 78 34 und
1237 2030 117 25 wenn
1374 2022 68 34 der
1459 2024 107 34 nicht
1587 2028 152 41 gefiele,
1756 2031 103 36 dann
1882 2035 37 33 in
1943 2035 67 34 der

405 2068 114 34 Mitte
540 2070 68 34 des
625 2070 215 35 Ratsales.”
1868 2085 140 42 ©©©

404 2118 41 41 ©
506 2118 225 36 Giovanni
752 2120 75 33 der
840 2118 179 34 Pfeifer:
1041 2117 230 40 „Nachdem
1286 2118 62 35 ich
1362 2121 107 33 Euer
1480 2122 198 37 Erachten
1693 2129 106 39 sehe,
1814 2130 192 47 bestätige

402 2166 62 34 ich
486 2167 73 34 den
579 2168 228 45 Ausspruch
826 2168 68 33 des
914 2166 189 40 Giuliano,
1122 2166 53 34 im
1193 2167 107 34 Falle
1315 2179 93 24 man
1428 2180 43 24 so
1498 2172 55 34 sie
1580 2184 99 34 ganz
1701 2179 122 33 sehen
1845 2180 158 43 könnte,
