2786 3048
1166 2329 64 35 171

1244 531 162 52 LTE
1476 534 585 61 DOKUMENTE

1241 632 106 34 ZUR
1388 632 351 38 GESCHICHTE
1779 639 116 35 DER
1930 643 97 35 ENT-

1241 690 257 35 STEHUNG
1524 692 113 34 UND
1661 694 398 43 AUFSTELLUNG

1239 747 114 36 VON
1380 749 470 40 MICHELANGELOS
1873 757 181 37 DAVID.

1237 832 41 40 ©
1340 830 45 34 In
1418 830 76 34 den
1525 831 203 37 Archiven
1759 846 80 24 von
1870 838 181 45 Florenz,

1238 880 121 34 deren
1400 880 168 35 Schätze
1610 887 80 30 erst
1728 896 92 23 zum
1859 889 191 45 geringen

1235 929 112 35 Teile
1357 929 186 44 gehoben
1553 933 82 33 und
1645 940 214 30 verwertet
1870 937 99 42 sind,
1982 940 46 35 be-

1235 979 122 34 findet
1375 979 83 34 sich
1475 980 64 34 ein
1555 983 313 45 merkwürdiges
1885 986 143 37 Schrift-

1233 1029 114 34 stück
1365 1042 41 14 =
1429 1029 87 34 eine
1536 1031 73 34 Art
1627 1042 79 24 von
1726 1034 205 36 Protokoll
1951 1039 98 34 über

1234 1078 62 35 die
1324 1078 175 45 Sitzung,
1528 1080 154 36 welche
1715 1093 66 24 am
1812 1085 59 33 28.
1899 1086 148 43 Januar

1235 1139 93 33 1504
1351 1129 202 42 stattfand,
1578 1141 67 24 um
1670 1131 62 35 die
1755 1133 194 47 Meinung
1967 1148 79 24 von

1230 1178 212 34 Künstlern
1465 1179 79 35 und
1563 1180 126 35 Laien
1712 1193 47 23 zu
1782 1186 260 43 vernehmen,

1229 1228 70 33 auf
1322 1228 195 35 welchem
1545 1230 135 35 Platze
1714 1231 68 35 der
1809 1233 132 36 David
1973 1237 69 35 des

1230 1277 295 45 Michelangelo
1537 1280 415 44 würdigaufzustellen
1967 1288 68 33 sei.

409 1323 139 37 Wenn
571 1338 93 24 man
691 1329 83 34 dies
799 1327 258 36 Schriftstück
1079 1326 100 42 liest,
1202 1337 46 24 so
1277 1327 177 34 erwacht
1481 1328 69 35 der
1572 1329 195 42 Wunsch,
1793 1332 145 37 einmal
1965 1337 76 34 alle

407 1373 256 39 Dokumente
683 1378 268 35 aufzusuchen
971 1376 79 34 und
1068 1387 47 23 zu
1132 1376 160 41 ordnen,
1310 1376 62 34 die
1390 1377 85 34 sich
1494 1378 69 34 auf
1578 1378 62 35 die
1655 1380 266 48 Entstehung,
1937 1385 77 35 Aus-

406 1424 221 47 arbeitung,
652 1428 268 43 Aufrichtung
947 1426 68 34 der
1037 1426 136 34 Statue
1202 1426 204 42 beziehen,
1431 1428 82 33 und
1536 1427 85 35 sich
1649 1439 44 24 so
1717 1430 70 35 das
1812 1432 88 34 Bild
1923 1435 115 43 jener

407 1472 110 46 Tage
542 1476 70 35 der
625 1477 153 45 jungen
798 1477 270 35 Renaissance
1086 1475 186 45 lebendig
1291 1487 49 22 zu
1358 1477 181 34 machen.
1562 1478 117 35 Noch
1698 1480 108 34 nicht
1824 1492 102 34 ganz
1944 1495 69 25 vor-

402 1522 98 36 über
523 1536 137 26 waren
683 1527 61 35 die
768 1525 248 47 glücklichen
1039 1525 139 33 Zeiten
1202 1525 69 33 des
1294 1525 278 45 Vorfrühlings
1596 1527 70 35 der
1687 1529 133 35 hohen
1843 1533 131 36 Kunst
1994 1549 42 15 =

401 1571 152 46 Zeiten,
573 1587 65 24 wo
664 1577 68 35 der
750 1576 187 36 Künstler
959 1575 105 33 noch
1086 1574 110 34 nicht
1213 1575 122 44 völlig
1357 1576 214 34 außerhalb
1592 1576 69 35 des
1681 1578 254 39 Handwerks
1954 1586 80 33 und

401 1620 68 36 des
489 1624 161 36 Kreises
668 1627 131 35 seiner
812 1624 269 37 Mitlebenden
1102 1624 126 41 stand,
1244 1635 64 23 wo
1329 1635 42 23 er
1384 1636 75 23 nur
1472 1636 100 34 ganz
1587 1628 213 35 vereinzelt
1815 1632 80 33 und
1909 1633 122 36 kaum

398 1671 92 34 sehr
522 1674 236 37 bemerkbar
793 1676 38 35 in
864 1675 223 44 Gegensatz
1120 1684 92 23 zum
1245 1674 178 42 Denken,
1450 1675 151 35 Fühlen
1636 1677 80 35 und
1753 1679 277 40 Geschmacke

397 1720 130 37 seines
552 1724 152 36 Volkes
730 1726 135 46 geriet.
898 1725 131 33 Kunst
1056 1722 80 35 und
1163 1723 287 36 künstlerische
1478 1725 128 44 Dinge
1638 1737 138 25 waren
1809 1731 126 35 schon
1966 1734 64 34 ein

396 1769 188 38 Problem
616 1776 228 35 allerersten
870 1775 160 43 Ranges
1060 1772 184 35 inmitten
1276 1774 69 33 der
1373 1774 252 35 öffentlichen
1653 1777 376 47 Angelegenheiten

394 1823 230 42 geworden,
648 1826 80 33 und
754 1835 107 25 zwar
888 1823 62 34 ein
975 1822 198 41 Problem,
1201 1834 48 23 zu
1277 1823 143 34 dessen
1447 1824 290 45 sachgemäßer
1759 1829 269 50 Behandlung

388 1868 114 44 jeder
528 1874 214 45 ratsfähige
773 1876 123 33 Mann
927 1883 80 23 von
1039 1871 130 35 einem
1195 1873 108 44 Tage
1334 1873 70 33 auf
1432 1873 75 35 den
1539 1875 175 37 anderen
1747 1879 163 37 berufen
1942 1884 83 34 sein

391 1917 150 39 konnte
569 1924 80 33 und
676 1924 241 35 vorbereitet
943 1922 84 34 sein
1053 1923 149 33 mußte.
1235 1923 80 33 Um
1344 1923 128 34 dieses
1503 1924 113 35 recht
1644 1937 49 24 zu
1721 1928 214 45 begreifen,
1966 1945 39 22 er-

390 1967 136 39 innere
553 1984 95 23 man
676 1974 84 35 sich
788 1984 84 30 nur,
898 1972 75 34 wie
1001 1972 55 34 im
1081 1972 126 34 Laufe
1235 1972 71 34 des
1330 1973 250 36 Mittelalters
1604 1975 61 36 die
1684 1978 276 39 Verhältnisse
1986 1984 38 33 in

389 2017 167 38 Florenz
585 2022 84 35 sich
696 2024 187 44 gestaltet
906 2022 148 34 hatten.
1079 2021 92 34 Und
1196 2021 76 35 wie
1300 2022 56 34 sie
1383 2023 105 34 noch
1515 2024 86 35 eine
1621 2025 133 37 Weile
1781 2030 76 35 fast
1881 2043 118 23 unver-

388 2067 140 37 ändert
550 2072 167 42 blieben,
738 2074 56 34 als
818 2072 124 35 schon
968 2071 60 34 die
1052 2070 200 35 fürstliche
1272 2072 178 45 Stellung
1472 2073 108 35 einer
1603 2076 301 47 überragenden
1925 2083 72 33 Per-

386 2117 241 39 sönlichkeit
644 2133 81 24 von
745 2124 69 34 der
828 2122 73 34 Art
919 2122 182 33 Lorenzo
1121 2120 94 42 „des
1234 2122 265 45 Prächtigen”
1519 2124 61 35 ein
1598 2128 249 46 großartiges
1864 2131 133 34 Privat-

385 2169 323 37 mäcenatentum
740 2171 227 46 geschaffen
998 2171 79 33 und
1108 2170 106 45 rings
1242 2182 68 24 um
1338 2172 84 35 sich
1453 2173 306 47 hervorgelockt
1789 2179 124 41 hatte,
1947 2180 70 35 das

2109 721 25 16 v.
2147 715 92 24 Alfred
2253 718 91 23 Roller
2361 720 60 23 OM.

2110 647 87 23 Initial
2209 655 25 16 u.
2245 647 81 28 Schlußstück
2333 647 89 28 Holzschnitte
