2777 3048
1208 2306 66 45 185

468 534 61 35 die
551 546 94 25 man
668 535 222 45 wegheben
912 533 135 35 mußte
1069 533 79 33 und
1170 533 54 33 im
1247 532 135 34 Palast
1408 533 67 33 auf
1498 532 61 34 die
1581 533 106 33 Erde
1715 534 154 37 stellen.
1894 538 91 34 Und
2012 550 45 34 ge-

465 590 174 30 nannten
657 586 194 44 Giganten
870 585 107 34 hatte
996 582 286 44 Michelangelo
1303 582 253 33 Buonarrotti
1575 583 220 43 gemacht.”
1937 590 40 40 ©
1988 591 40 41 0
2038 593 41 39 ©

465 637 42 39 ©
567 635 167 36 Hierauf
747 635 106 34 noch
871 632 209 45 folgenden
1093 632 137 33 Erlaß:
1252 631 192 40 „MDIV,
1463 642 55 23 n.
1529 631 140 43 Juni.”
1683 644 42 15 =
1739 633 99 40 „Die
1855 635 224 38 erlauchten

465 688 73 30 etc.
550 685 154 35 Herren
716 684 162 35 Prioren
895 687 72 30 etc.
984 680 207 35 schreiben
1206 680 80 34 und
1300 684 137 40 tragen
1452 681 68 33 auf
1529 680 127 40 Euch,
1669 681 248 37 ehrenfesten
1931 686 147 44 Operai

464 744 82 24 von
565 734 125 35 Santa
707 733 127 35 Maria
857 732 61 35 del
938 731 115 34 Fiore
1075 730 39 33 in
1133 730 176 40 Florenz,
1327 730 74 33 daß
1420 730 65 33 Ihr
1502 729 69 34 auf
1585 730 151 34 Kosten
1758 732 80 33 und
1861 744 48 23 zu
1928 735 148 36 Lasten

463 783 70 34 der
546 788 225 40 genannten
785 782 197 35 Bauhütte
997 790 43 24 so
1056 779 148 34 schnell
1222 779 58 33 als
1298 778 171 44 möglich
1485 778 84 34 eine
1587 789 226 25 marmorne
1828 782 115 35 Basis
1961 790 116 30 unter

462 833 79 33 und
556 833 106 45 rings
676 845 67 23 um
762 833 63 34 die
839 832 109 33 Füße
966 830 68 34 des
1050 828 205 44 Giganten,
1272 828 68 34 der
1358 826 269 45 gegenwärtig
1645 838 72 24 vor
1736 829 91 34 dem
1841 831 108 35 Tore
1967 833 106 36 ihres

461 882 177 35 Palastes
657 884 116 39 steht,
789 880 168 36 machen
974 879 128 39 lasset,
1118 877 102 34 nach
1234 877 72 33 Art
1324 877 78 33 und
1418 877 163 39 Gestalt,
1597 877 77 34 wie
1695 888 41 24 es
1754 879 203 36 bestimmt
1971 893 76 24 wer-

462 931 76 34 den
557 933 100 34 wird
677 932 123 35 durch
819 930 60 34 die
894 927 249 36 Baumeister
1161 927 160 34 Simone
1342 926 36 33 di
1397 925 219 45 Pollajuolo
1635 927 80 34 und
1729 927 178 36 Antonio
1928 930 50 34 da
1993 932 78 34 San

460 980 154 35 Gallo.”
1928 981 143 43 ©o©

459 1032 41 40 ©
561 1031 144 45 Einige
718 1028 290 47 Jahrhunderte
1027 1024 113 35 stand
1159 1035 79 23 nun
1258 1024 67 34 der
1344 1024 130 34 David
1496 1024 57 33 als
1571 1024 160 44 riesiger
1748 1025 260 38 Torwächter
2032 1030 38 34 in

459 1079 130 34 seiner
611 1081 156 34 weißen
789 1078 145 34 Pracht
961 1085 71 24 vor
1054 1074 90 34 dem
1169 1074 188 33 finsteren
1380 1073 165 34 Palazzo
1572 1074 180 33 vecchio.
1776 1074 43 34 In
1848 1075 128 36 einem
2000 1079 70 34 der

458 1129 328 45 Straßenkämpfe
806 1127 135 35 wurde
960 1125 82 34 ihm
1060 1123 121 34 durch
1205 1123 111 33 einen
1334 1123 213 34 Steinwurf
1562 1122 108 34 einer
1693 1123 69 33 der
1779 1124 123 35 Arme
1926 1126 38 34 in
1987 1128 82 34 drei

457 1178 145 35 Stücke
613 1179 250 45 geschlagen.
883 1177 149 42 Regen,
1045 1173 118 33 Wind
1177 1173 79 33 und
1266 1173 113 33 Kälte
1389 1176 212 40 zernagten
1612 1172 226 35 allmählich
1849 1174 75 34 den
1935 1176 132 36 feinen

455 1228 179 35 Marmor
647 1229 82 34 und
741 1228 216 34 zerstörten
971 1224 74 33 fast
1060 1223 60 33 die
1134 1222 107 34 reine
1252 1222 133 33 Form.
1400 1221 179 40 Endlich,
1590 1222 102 33 nach
1706 1222 157 45 langem
1872 1224 193 44 Zaudern,

455 1269 238 53 Überlegen,
714 1277 203 36 entschloß
940 1283 92 25 man
1057 1272 93 40 sich,
1170 1271 65 33 ihn
1254 1271 61 33 ins
1334 1270 159 34 Sichere
1512 1281 47 23 zu
1579 1270 180 44 bringen;
1778 1282 82 24 nun
1883 1274 105 35 steht
2012 1287 53 30 er,

453 1328 194 44 gereinigt
662 1328 78 34 und
755 1325 233 38 restauriert,
1004 1321 72 34 seit
1088 1322 92 41 1876
1196 1321 37 32 in
1250 1320 126 34 einem
1389 1320 113 34 Saale
1517 1319 67 34 der
1595 1319 218 36 Akademie
1830 1322 69 34 der
1913 1323 152 37 Künste

453 1377 40 33 in
512 1377 178 42 Florenz,
707 1388 64 23 wo
795 1377 66 33 ihn
883 1373 114 35 keine
1016 1369 193 36 Unbilden
1233 1370 113 32 mehr
1364 1369 138 33 treffen
1524 1369 168 33 können.
1711 1370 94 34 Und
1824 1372 72 33 wir
1914 1374 151 34 trösten

453 1436 88 31 uns,
561 1427 77 34 wie
657 1427 122 34 schon
802 1426 68 34 der
887 1427 91 41 gute
998 1420 134 34 Riccio
1160 1422 133 40 getan:
1315 1418 72 41 „ist
1404 1428 101 34 ganz
1528 1417 231 43 schicklich,
1781 1419 74 35 daß
1881 1422 72 33 wir
1978 1423 65 34 hin-

452 1476 203 41 kommen,
672 1477 56 33 sie
747 1474 236 37 anzusehen,
1011 1469 79 35 und
1110 1468 107 34 nicht
1241 1477 44 24 so
1314 1468 61 33 ein
1402 1467 105 44 Ding
1525 1477 83 23 uns
1631 1467 68 33 auf
1723 1468 75 33 den
1817 1470 135 34 Markt
1978 1477 65 30 ent-

451 1526 326 43 gegenkommt.”

1546 1516 179 33 MARIE
1753 1517 309 39 HERZFELD.
