2819 3048
1530 2338 67 44 178

730 557 118 44 lippo,
864 555 127 35 Maler
997 553 30 20 16
1030 582 8 15 ,
1055 553 152 37 Sandro
1223 552 38 35 di
1275 549 222 40 Botticello,
1512 547 138 41 Maler,
1668 545 207 41 Giovanni,
1891 544 96 34 alias
2001 543 38 34 in
2048 544 213 37 Wahrheit
2271 547 71 36 Giu-

732 607 106 35 liano
862 605 176 35 Antonio
1063 604 50 34 da
1137 604 82 34 San
1243 601 128 40 Gallo,
1390 599 164 35 Andrea
1577 597 51 34 da
1649 597 142 33 Monte
1815 606 23 23 a
1861 594 80 34 San
1965 593 159 42 Sovino,
2145 594 69 34 der
2236 596 131 37 Maler

734 656 108 46 (sic!)
851 654 30 20 17
886 683 8 14 ,
911 654 198 36 Chimenti
1124 654 62 34 del
1200 653 129 34 Tasso
1334 648 33 20 18
1372 677 7 15 ,
1395 650 228 34 Francesco
1640 646 37 34 di
1692 645 162 34 Andrea
1869 643 194 35 Granacci
2071 642 30 19 19
2104 671 7 13 ,
2126 644 155 44 Biagio,
2299 648 68 34 der

732 707 128 34 Maler
867 704 34 20 20
905 732 8 15 ,
929 705 135 35 Pietro
1080 704 38 35 di
1135 703 174 39 Cosimo,
1322 699 143 40 Maler,
1482 696 201 36 Lionardo
1700 695 50 34 da
1764 694 127 40 Vinci,
1908 693 134 33 Pietro
2058 693 214 45 Perugino,
2289 697 52 34 Ge-

733 756 276 41 mäldemaler,
1030 755 179 34 Lorenzo
1238 751 38 35 di
1305 749 132 42 Credi,
1461 748 144 39 Maler,
1626 743 208 37 Bernardo
1864 742 104 35 della
1995 742 161 42 Ciecha,
2175 743 164 38 Zimmer-

733 817 122 24 mann
864 803 31 20 21
901 806 31 33 .”
2228 796 141 44 ©o©

734 858 41 40 ©
837 854 99 48 (Auf
947 855 92 34 dem
1054 853 142 35 Rande
1211 852 107 34 steht
1332 844 297 50 geschrieben:)
1646 843 173 43 „Baccio
1836 842 212 45 d’Agnolo,
2059 842 309 46 Zimmermann,

735 905 197 36 Giovanni
956 905 69 34 der
1042 903 146 35 Pfeifer
1212 901 82 35 und
1312 898 172 40 Bruder;
1505 897 95 33 aber
1624 894 107 34 diese
1750 892 166 34 wurden
1935 891 109 34 nicht
2067 891 182 45 gebeten,
2265 897 105 33 noch

734 957 146 33 kamen
899 955 68 35 sie.
986 955 226 34 Francesco
1237 952 50 33 da
1306 948 233 44 Settignano
1549 943 32 20 22
1588 972 7 13 ,
1611 944 210 35 Chimente
1847 941 69 34 der
1934 941 218 34 Bildhauer
2159 939 31 20 23
2197 969 8 14 ,
2221 944 149 45 Jacopo

737 1007 67 34 der
827 1006 302 34 Zimmermann
1151 1013 81 23 von
1256 1001 125 34 Santa
1403 996 129 35 Maria
1554 995 40 34 in
1615 994 165 43 Campo,
1805 991 86 34 Gio.
1910 991 237 41 Francesco,
2170 991 69 35 der
2261 994 87 35 Bild-

735 1057 124 33 hauer
865 1053 33 20 24
901 1082 7 8 .
924 1055 122 34 Diese
1055 1052 89 35 sind
1156 1051 295 35 Stellvertreter
1460 1045 83 35 und
1552 1043 169 36 wurden
1737 1052 72 24 aus
1819 1041 147 34 Irrtum
1980 1041 110 33 nicht
2101 1041 268 44 eingeladen.”

736 1107 40 41 ©
838 1102 280 49 (Lateinisch:)
1140 1100 275 44 „Erschienen
1433 1096 89 34 sind
1541 1095 74 34 alle
1635 1094 283 34 obbenannten
1940 1101 69 22 zur
2027 1090 288 48 Verhandlung
2333 1094 38 35 in

737 1158 223 41 genannter
991 1154 134 44 Opera
1161 1151 83 34 und
1279 1147 219 47 gleichsam
1530 1144 194 46 gemahnt
1753 1141 83 35 und
1866 1140 167 34 berufen
2063 1151 80 22 von
2178 1140 194 47 besagten

739 1205 147 44 Operai
906 1204 230 44 anzugeben
1156 1201 80 34 und
1254 1196 302 43 niederzulegen
1578 1195 86 33 ihre
1682 1194 182 41 Aussage
1886 1190 79 34 und
1984 1190 112 33 ihren
2114 1190 161 43 Willen,
2291 1195 81 32 und

739 1254 77 34 den
832 1254 73 33 Ort
918 1264 48 23 zu
980 1252 256 38 bezeichnen,
1252 1259 65 24 wo
1334 1246 82 35 und
1431 1245 68 34 auf
1510 1244 199 34 welchem
1724 1240 225 36 bemeldete
1963 1239 138 33 Statue
2116 1240 256 37 aufzustellen

737 1303 65 41 ist;
822 1302 82 34 und
921 1302 133 34 indem
1072 1302 64 34 ich
1154 1303 131 31 zuerst
1304 1295 167 41 erzähle,
1486 1295 120 33 Wort
1620 1294 60 34 für
1694 1293 132 40 Wort,
1842 1300 86 24 was
1946 1289 56 33 sie
2018 1288 167 45 eigenen
2201 1291 172 36 Mundes

737 1353 40 33 in
797 1352 68 35 der
880 1351 294 45 Volkssprache
1194 1344 289 39 berichteten:”
2231 1343 142 42 ©©©

738 1404 41 41 ©
841 1400 277 48 (Italienisch:)
1139 1401 203 33 Maestro
1367 1396 274 37 Francesco,
1666 1390 153 36 Herold
1839 1389 69 34 der
1931 1388 194 44 Signoria:
2146 1389 95 41 „Ich
2268 1391 104 36 habe

738 1452 54 33 im
818 1451 148 34 Gemüt
987 1451 68 33 hin
1080 1450 81 34 und
1183 1450 72 33 her
1274 1455 202 35 erwogen,
1496 1454 86 24 was
1604 1442 109 35 mein
1737 1439 127 37 Urteil
1886 1438 75 33 mir
1985 1437 193 45 eingeben
2200 1441 172 36 möchte.

739 1501 66 33 Ihr
824 1501 123 33 habet
959 1500 101 34 zwei
1080 1500 107 40 Orte,
1203 1509 65 23 wo
1289 1494 254 45 dergleichen
1562 1493 139 34 Statue
1725 1489 208 37 aushalten
1956 1488 121 33 kann.
2100 1487 68 34 der
2186 1493 103 31 erste
2312 1491 61 42 ist,

739 1560 66 24 wo
831 1549 61 35 die
911 1550 154 43 Judith
1072 1548 31 20 25
1124 1549 120 39 steht,
1261 1548 69 33 der
1348 1544 142 35 zweite
1510 1543 61 34 die
1590 1543 120 33 Mitte
1735 1540 69 35 des
1825 1537 127 35 Hofes
1976 1537 54 33 im
2054 1537 146 42 Palast,
2217 1549 64 24 wo
2306 1541 69 35 der

740 1599 132 35 David
878 1597 32 20 26
928 1599 63 42 ist;
1008 1604 188 36 ersteren,
1212 1597 93 34 weil
1324 1595 63 34 die
1402 1593 136 45 Judith
1558 1593 62 33 ein
1638 1587 314 46 todbringendes
1969 1586 173 34 Zeichen
2162 1587 49 34 ist
2228 1590 83 34 und
2329 1601 43 25 so

740 1649 142 45 gehört
901 1648 57 35 sie
976 1649 84 34 sich
1079 1649 109 34 nicht
1206 1648 78 40 hin,
1300 1643 234 38 sintemalen
1553 1642 72 34 wir
1644 1642 71 34 das
1735 1641 131 33 Kreuz
1885 1647 91 24 zum
1995 1636 229 35 Abzeichen
2243 1639 130 37 haben

997 554 30 19 16

1325 629 4 53 )
1334 649 33 19 18
1363 629 7 12 ’

2071 642 29 19 19

850 654 31 20 17

867 704 33 19 20

864 804 31 19 21

1548 944 32 19 22

2159 940 31 19 23

852 1054 45 19 -24

1072 1548 31 20 25

878 1597 32 21 26

741 1748 60 28 das
817 1749 230 34 Kranzgesims
1068 1749 58 27 des
1140 1749 138 27 Palazzo
1295 1746 133 29 Strozzi.
1447 1756 34 13 =
1500 1742 25 15 16
1538 1743 148 36 Philippo
1708 1742 30 27 di
1753 1739 149 36 Philippe
1922 1737 42 27 ist
1984 1736 159 35 Filippino
2163 1739 104 36 Lippi,
2283 1742 92 29 Sohn

742 1790 59 27 des
821 1789 137 36 Filippo.
975 1801 34 13 =
1033 1788 24 16 17
1071 1790 131 28 Andrea
1221 1788 195 32 Sansovino,
1433 1786 186 28 Bildhauer.
1639 1796 34 13 =
1692 1781 26 16 18
1731 1783 175 29 Clemente,
1928 1779 90 27 Sohn
2038 1777 59 28 des
2117 1779 184 32 Francesco
2323 1785 54 28 del

742 1830 117 33 Tasso,
880 1831 52 27 ein
951 1832 162 34 tüchtiger
1131 1831 216 32 Baumeister,
1368 1830 58 27 der
1444 1838 28 19 z,
1488 1829 37 26 B.
1545 1827 52 27 für
1616 1826 52 27 die
1683 1821 261 37 Ausgestaltung
1965 1819 59 28 des
2043 1819 112 29 Saales
2174 1822 60 29 des
2253 1827 121 33 großen

741 1873 101 27 Rates
861 1871 32 28 in
914 1872 56 27 der
986 1873 149 34 Signoria
1155 1873 79 34 tätig
1251 1880 80 20 war.
1345 1882 34 14 =
1393 1869 25 15 19
1430 1870 114 31 Maler,
1560 1867 134 29 Freund
1709 1866 60 28 des
1784 1861 247 35 Michelangelo.
2046 1872 34 13 =
2095 1860 28 15 20
2135 1863 113 36 Biagio
2264 1867 109 29 Tucci.

741 1924 34 14 =
796 1911 25 15 21
839 1913 169 28 Bernardo
1035 1914 32 27 di
1086 1915 112 26 Marco
1219 1913 110 33 Renzi,
1353 1910 266 31 Steinschneider
1640 1908 69 28 und
1730 1904 177 32 Architekt,
1930 1907 144 30 genannt
2096 1903 83 30 della
2202 1907 103 30 Cecca
2327 1911 50 27 als

742 1954 138 28 Schüler
899 1954 59 28 des
977 1955 196 28 berühmten
1188 1955 192 35 Ingenieurs
1395 1954 184 27 Francesco
1596 1950 178 35 d’Agnolo;
1797 1947 85 27 auch
1897 1945 52 28 bei
1965 1944 64 28 den
2043 1945 135 29 inneren
2192 1949 163 37 Umgestal-

741 2001 126 29 tungen
887 1995 59 28 des
961 1996 136 27 Palazzo
1114 1996 57 27 der
1186 1996 129 35 Signori
1329 1994 205 34 beschäftigt.
1554 1992 100 28 Stirbt
1673 1999 87 28 1529.
1776 2000 34 13 =
1830 1986 26 15 22
1872 1988 194 31 Francesco,
2082 1987 90 30 Sohn
2188 1990 57 28 des
2261 1992 115 30 Stoldo

741 2036 155 30 Fancelli.
914 2047 33 14 =
967 2034 28 16 23
1013 2036 176 34 Clemente,
1205 2038 90 27 Sohn
1316 2036 59 28 des
1393 2035 136 28 Taddeo
1550 2034 41 28 de
1611 2034 101 27 Santa
1732 2029 105 29 Maria
1858 2037 19 20 a
1891 2027 190 30 Pontanico.
2100 2040 33 14 =
2151 2029 28 15 24
2195 2032 132 30 Rustici.
2344 2047 33 13 =

743 2078 27 15 26
786 2079 62 27 Die
855 2078 112 36 Judith
983 2078 59 27 mit
1054 2079 75 27 dem
1143 2082 92 24 toten
1246 2079 205 31 Holofernes,
1465 2076 51 28 die
1528 2076 258 32 Bronzegruppe
1798 2071 60 27 des
1869 2068 182 34 Donatello,
2065 2070 51 29 die
2131 2080 75 30 1495
2225 2084 59 19 aus
2300 2077 77 28 dem

742 2122 137 27 Palazzo
896 2118 118 29 Medici
1026 2127 276 26 weggenommen
1314 2118 69 28 und
1394 2118 107 27 neben
1513 2117 76 28 dem
1602 2117 149 33 Eingang
1764 2113 58 27 des
1833 2112 348 34 Regierungspalastes
2194 2117 183 34 aufgestellt

743 2162 126 28 wurde.
885 2161 45 28 Es
946 2161 43 27 ist
1003 2160 52 28 die
1070 2161 135 34 gleiche,
1220 2161 126 27 welche
1361 2168 68 19 nun
1445 2159 52 27 die
1513 2157 126 35 Loggia
1655 2156 53 28 dei
1722 2153 102 30 Lanzi
1840 2151 180 30 schmückt.
2039 2163 33 14 =
2090 2152 28 15 26
2134 2156 66 28 Der
2214 2157 163 31 bronzene

743 2203 108 29 David
867 2203 59 28 des
942 2201 182 33 Donatello,
1137 2202 80 34 jetzt
1230 2202 45 27 im
1291 2202 119 27 Museo
1426 2199 187 29 Nazionale.
