2767 3048
1168 2307 67 34 183

455 532 129 37 dieser
608 541 104 31 etwa
735 540 237 43 empfunden
995 540 114 40 habe,
1128 542 89 34 weil
1241 543 67 34 der
1330 545 125 35 Block
1478 547 80 35 ihm
1583 555 222 37 entgangen
1828 569 95 23 war-
1947 564 112 28 allein

453 583 138 36 solche
606 586 277 37 Kleinlichkeit
900 590 50 33 ist
969 588 90 34 dem
1077 590 132 35 hohen
1224 592 93 34 Sinn
1331 595 242 43 Leonardos,
1589 599 68 35 der
1679 603 96 34 über
1793 616 101 31 ganz
1912 613 147 34 andere

452 631 131 46 Dinge
602 637 106 34 noch
732 637 70 34 das
823 638 232 35 Gleichmaß
1076 639 68 35 der
1167 641 111 34 Seele
1302 643 111 35 nicht
1435 646 177 36 verloren
1634 650 78 41 hat,
1728 655 179 36 gänzlich
1932 661 122 30 fremd

451 691 201 33 gewesen.
1918 711 31 7 ~
1968 680 89 63 irjr

448 731 42 40 ©
548 732 56 35 Es
614 735 164 41 scheint,
790 735 75 34 daß
876 746 103 31 man,
995 735 62 35 bei
1068 736 68 35 der
1147 738 351 39 Verschiedenheit
1507 744 69 35 der
1587 746 202 39 einzelnen
1797 719 257 75 MeinSSrf

448 779 86 35 sich
556 783 147 35 zuletzt
725 795 50 23 an
798 785 289 44 Michelangelo
1110 787 121 34 selbst
1251 790 224 42 gewendet;
1503 804 90 24 zum
1615 796 220 39 mindesten
1859 803 194 39 berichtet

446 829 63 33 die
537 829 175 38 Chronik
745 834 68 33 des
841 834 138 33 Marco
1010 835 173 34 Parenti:
1215 838 248 40 „schließlich
1499 843 103 34 nach
1634 848 309 40 verschiedenen
1974 857 50 35 Pa-

443 886 120 33 reres,
579 882 69 33 auf
658 882 75 34 den
746 884 78 33 Rat
843 883 68 34 des
929 883 194 42 Meisters,
1138 885 71 33 mit
1227 886 99 35 Hilfe
1346 887 68 35 des
1429 889 157 36 Simone
1602 893 61 35 del
1679 895 212 46 Pollajuolo
1919 904 129 37 führte

442 935 94 26 man
554 929 57 34 sie
630 932 70 32 auf
715 931 61 35 die
791 932 141 35 Piazza
950 932 62 34 dei
1027 932 189 44 Signori”,
1233 937 156 33 worauf
1402 939 103 33 auch
1524 939 70 35 das
1612 942 184 46 folgende
1815 948 231 40 lateinische

444 975 227 38 Dokument
688 981 179 44 anspielt:
1904 1002 40 38 ©
1955 1005 38 35 ©

439 1026 41 40 ©
540 1038 59 29 „i.
611 1028 107 44 April
734 1029 130 45 1504.”
878 1047 42 14 =
933 1030 164 40 „Haben
1112 1030 251 37 beschlossen
1377 1035 80 34 und
1470 1038 305 43 aufgenommen
1792 1044 74 35 den
1883 1047 160 41 Simone

438 1073 38 33 di
495 1074 215 47 Pollajuolo
731 1079 39 33 in
795 1079 140 34 dessen
958 1079 284 35 Anwesenheit
1263 1083 79 33 und
1366 1085 70 32 mit
1462 1086 128 35 seiner
1612 1089 276 49 Zustimmung
1918 1102 121 34 sowie

437 1132 40 23 in
497 1123 245 46 Gegenwart
761 1128 66 34 des
850 1128 287 43 Michelangelo
1155 1129 246 43 Buonarroti,
1417 1133 244 45 Bildhauers,
1675 1150 69 23 zur
1766 1133 274 55 Überführung

435 1171 69 34 der
523 1174 308 37 Marmorstatue
850 1177 38 33 in
908 1177 73 33 den
1001 1177 134 33 Palast
1154 1178 68 34 der
1240 1179 189 45 Signoria,
1446 1193 43 23 so
1509 1194 41 24 er
1568 1186 199 37 überführt
1789 1191 131 37 haben
1944 1201 93 32 muß

433 1219 55 35 im
507 1222 124 37 Laufe
652 1226 69 34 des
740 1236 57 34 25.
813 1226 131 44 Tages
961 1227 320 43 gegenwärtigen
1301 1230 196 35 Monats.”
1894 1247 141 38 ©©©

431 1271 42 40 ©
534 1273 172 36 Hierauf
715 1276 202 44 folgender
927 1275 117 34 Erlaß
1062 1275 38 33 in
1111 1276 263 36 italienischer
1384 1280 187 44 Sprache:
1585 1284 175 44 „MDIV,
1772 1300 57 31 30.
1839 1292 108 43 April
1966 1296 18 13 ”

431 1319 116 39 „Von
575 1322 132 36 Seiten
737 1325 69 34 der
831 1324 380 43 durchlauchtigsten
1237 1326 80 34 und
1344 1329 224 35 erhabenen
1597 1315 163 62 Signori’
1783 1339 68 34 der
1877 1342 155 38 Herren

429 1367 164 37 Prioren
618 1376 72 31 etc.
712 1378 70 30 etc.
803 1374 97 34 wird
917 1374 114 33 Euch
1058 1373 197 35 befohlen:
1278 1375 115 36 Euch
1420 1379 244 37 ehrenfesten
1689 1384 142 45 Operai
1857 1401 80 24 von
1965 1394 67 34 der

427 1417 202 38 Bauhütte
656 1432 77 24 von
756 1423 121 34 Santa
899 1422 124 34 Maria
1050 1421 61 34 del
1134 1422 115 35 Fiore
1276 1424 38 34 in
1337 1425 176 44 Florenz,
1538 1429 74 35 daß
1639 1434 68 32 auf
1723 1435 190 45 jegliches
1932 1442 73 35 Ver-

425 1465 144 46 langen
589 1470 68 35 des
677 1471 159 34 Simone
856 1471 61 35 del
936 1470 225 43 Pollajuolo,
1179 1471 68 34 des
1259 1472 168 37 Antonio
1447 1476 49 34 da
1514 1477 79 36 San
1610 1480 122 43 Gallo,
1749 1485 68 34 des
1834 1488 167 38 Zimmer-

425 1525 140 27 manns
580 1519 257 36 Bartolomeo
856 1520 79 34 und
954 1520 68 33 des
1037 1520 201 33 Bernardo
1258 1522 100 35 della
1378 1524 146 35 Ciecha
1540 1540 42 13 =
1599 1528 69 35 der
1680 1531 255 41 Architekten
1965 1541 61 35 die

422 1574 81 25 von
525 1568 301 36 obbemeldeten
842 1568 345 45 durchlauchtigen
1204 1569 154 37 Herren
1372 1573 219 45 beauftragt
1609 1577 97 42 sind,
1723 1581 74 36 den
1814 1585 196 44 Giganten

421 1622 43 24 so
485 1614 39 34 in
539 1617 151 35 Euerer
704 1619 199 34 Bauhütte
922 1618 111 39 steht,
1054 1618 52 33 im
1121 1618 123 34 Laufe
1264 1619 68 35 des
1350 1621 266 38 kommenden
1626 1627 262 42 Maimonates
1909 1637 35 33 in
1961 1639 60 34 die

417 1662 156 45 Loggia
590 1673 217 37 genannter
825 1667 341 43 durchlauchtigen
1183 1668 153 34 Herren
1353 1681 47 23 zu
1419 1672 149 42 führen,
1583 1687 40 14 =
1636 1676 131 37 Euere
1786 1681 214 45 Spektabili-

417 1712 108 33 täten
546 1714 188 46 besagten
752 1717 252 34 Architekten
1017 1716 192 43 jegliches
1228 1718 80 33 und
1326 1720 151 35 welche
1493 1723 125 35 Sache
1636 1724 141 38 immer
1795 1733 127 41 geben
1940 1737 78 34 und

414 1762 214 41 gewähren
646 1767 146 44 möget,
809 1767 59 33 die
887 1766 115 33 ihnen
1016 1765 226 45 notwendig
1260 1767 78 34 und
1356 1770 168 34 nützlich
1541 1772 58 41 ist,
1616 1773 187 48 besagten
1820 1781 195 39 Giranten

413 1820 47 23 zu
480 1811 139 36 führen
639 1816 78 33 und
737 1816 61 34 die
817 1825 78 25 von
913 1817 223 41 genannten
1149 1815 254 36 Architekten
1423 1818 165 45 begehrt
1606 1825 169 36 werden.
1797 1830 87 35 Und
1904 1834 89 34 über-

412 1858 94 42 dies,
521 1861 151 36 richten
692 1875 42 23 es
752 1866 129 32 Euere
900 1862 320 45 Spektabilitäten
1242 1864 169 47 derartig
1429 1868 72 41 ein,
1518 1869 74 35 daß
1615 1873 167 46 selbiger
1800 1878 145 45 Gigant
1965 1895 49 23 an

412 1907 75 35 den
515 1911 102 34 oben
644 1914 279 43 angegebenen
947 1912 69 34 Ort
1037 1911 78 34 und
1141 1912 38 35 in
1205 1913 240 37 bemeldeter
1465 1918 87 34 Zeit
1577 1922 190 39 gebracht
1793 1931 132 30 werde
1952 1933 60 28 hei

410 1955 128 38 Strafe
558 1960 103 35 ihrer
679 1961 231 45 Ungnade.”
1872 1983 140 38 ©©©

408 2007 40 40 ©
508 2008 93 36 Wie
620 2010 127 35 dieses
766 2012 226 33 Dokument
1010 2010 166 41 erweist,
1192 2010 68 35 hat
1281 2023 94 24 man
1394 2014 37 34 in
1456 2015 67 34 der
1541 2017 140 46 Frage,
1696 2025 134 36 wohin
1857 2028 69 35 der
1944 2031 44 34 Gi-

407 2060 95 38 gant
526 2068 48 24 zu
601 2060 135 34 stellen
763 2060 66 41 sei,
850 2060 99 34 auch
976 2060 60 33 bei
1064 2060 74 33 den
1167 2060 182 36 obersten
1377 2064 208 36 Behörden
1605 2069 405 50 Widersprechendes

404 2104 196 44 befohlen,
618 2110 84 33 eine
721 2110 85 33 Zeit
825 2109 100 34 doch
945 2108 148 35 wieder
1114 2119 50 24 an
1192 2110 60 34 die
1270 2111 153 45 Loggia
1444 2115 169 43 gedacht
1632 2121 77 34 und
1734 2123 83 36 sich
1842 2127 145 35 schließ-

403 2153 79 34 lich
502 2156 76 34 wie
598 2158 97 44 folgt
713 2158 265 35 entschieden:
1865 2177 140 43 ©©©
