2999 5552
953 267 428 71 BRUNO'S
1555 267 432 71 WEEKLY

2678 275 122 60 173

148 420 434 115 Lashes
621 466 162 68 on
820 420 204 114 the
1066 420 305 112 Bare
1418 417 330 115 Back
1787 417 193 113 for

147 574 299 114 New
495 578 407 132 Jersey
953 576 516 112 Women

176 751 182 53 From
627 750 427 55 Gentleman's
1553 750 135 53 1788.

155 859 252 111 THE
458 859 154 69 first
665 860 281 70 settlers
1000 862 83 66 of
1139 860 181 68 New
1374 859 330 83 England
1757 859 206 67 made
2016 859 120 66 the
2190 857 175 68 laws
2416 855 81 70 of
2554 855 243 68 Moses

324 955 119 66 the
490 955 486 81 groundwork
1025 953 82 70 of
1157 953 185 68 their
1394 952 542 83 constitutions;
1991 953 138 66 and
2180 952 210 69 often
2439 950 359 81 produced

158 1043 195 65 them
421 1065 78 44 as
570 1043 115 68 the
753 1043 282 81 highest
1105 1042 366 81 authority
1537 1042 71 66 in
1679 1038 481 83 determining
2229 1038 178 70 suits
2476 1036 73 68 in
2617 1036 183 68 their

157 1140 260 57 courts.
538 1131 172 66 This
773 1141 276 70 respect
1113 1130 119 67 for
1293 1130 120 66 the
1472 1128 344 68 Levitical
1875 1130 176 66 code
2112 1124 146 68 will
2319 1135 301 57 account
2681 1123 117 68 for

157 1238 211 58 many
434 1216 85 68 of
585 1216 181 68 their
834 1216 281 68 ancient
1183 1216 193 81 laws,
1447 1214 232 68 which
1745 1236 264 60 appear
2077 1221 398 73 repugnant
2541 1221 74 58 to
2685 1209 115 66 the

155 1304 283 66 natural
482 1304 223 80 rights
749 1304 83 68 of
876 1326 180 59 men,
1103 1304 139 68 and
1288 1304 118 66 the
1454 1302 308 82 feelings
1806 1301 83 69 of
1933 1302 120 66 the
2097 1301 264 67 human
2405 1301 227 64 heart.

240 1390 157 66 The
468 1389 374 83 following
908 1412 148 46 was
1125 1390 120 66 the
1317 1399 260 57 statute
1647 1390 81 66 of
1803 1387 181 68 New
2053 1387 251 81 Jersey
2372 1384 426 79 restraining

153 1477 517 67 drunkenness.

817 1565 154 67 that
1047 1563 278 81 beastly
1405 1563 176 80 vice,
1664 1563 518 78 drunkenness,
2261 1558 58 69 it
2395 1558 65 69 is
2539 1561 261 77 hereby

155 1651 312 78 enacted,
517 1651 156 68 that
721 1651 57 64 if
831 1673 137 58 any
1013 1673 261 59 person
1322 1651 86 66 be
1459 1649 230 68 found
1738 1658 76 59 to
1860 1649 86 66 be
1996 1646 252 76 drunk,
2299 1646 89 68 he
2439 1644 180 70 shall
2668 1665 130 61 pay

155 1761 134 44 one
358 1737 288 82 shilling
710 1739 139 66 fine
920 1737 119 68 for
1105 1737 122 68 the
1295 1737 157 68 first
1518 1737 298 80 offence,
1884 1746 145 58 two
2099 1734 323 80 shillings
2493 1731 119 69 for
2678 1734 119 66 the

152 1826 262 67 second
470 1827 140 65 and
671 1826 117 67 for
842 1826 122 66 the
1019 1824 193 68 third
1267 1826 190 77 time,
1515 1824 140 66 and
1716 1822 119 68 for
1892 1844 214 58 every
2160 1820 173 68 time
2388 1820 212 85 after,
2654 1831 144 55 two

153 1912 324 81 shillings
531 1914 139 64 and
724 1912 369 81 sixpence;
1151 1912 138 66 and
1345 1910 173 70 such
1569 1932 78 46 as
1698 1910 181 66 have
1930 1908 303 80 nothing
2282 1917 76 59 to
2409 1929 156 59 pay,
2622 1905 173 70 shall

155 2000 227 68 suffer
434 1998 329 82 corporal
815 1998 474 83 punishment,
1344 1998 139 66 and
1538 1997 119 67 for
1711 1998 203 65 those
1967 1995 156 68 that
2173 2015 124 46 are
2349 1993 261 81 unruly
2661 1997 134 62 and

155 2085 393 67 disturbers
609 2085 83 67 of
749 2085 121 67 the
929 2107 230 55 peace,
1218 2085 170 79 they
1445 2083 181 68 shall
1684 2085 85 66 be
1826 2078 254 84 putin
2141 2081 122 66 the
2326 2080 237 67 stocks
2620 2080 182 66 until

153 2173 195 79 after
407 2173 161 79 they
627 2195 121 44 are
805 2173 234 78 sober,
1093 2195 83 44 or
1235 2169 261 82 during
1552 2169 120 66 the
1726 2169 331 82 pleasure
2112 2166 83 69 of
2253 2168 120 66 the
2431 2164 240 70 officer
2729 2168 66 62 in

152 2257 193 68 chief
387 2257 71 66 in
502 2259 122 66 the
666 2257 198 82 place
907 2259 237 66 where
1184 2257 90 68 he
1317 2256 61 69 is
1422 2256 254 67 drunk.

240 2345 260 83 Quere.
587 2347 271 68 Would
898 2357 129 56 not
1068 2345 118 66 the
1230 2344 380 83 enforcing
1650 2344 81 67 of
1779 2345 173 66 such
1994 2366 41 44 a
2079 2352 262 58 statute
2387 2340 73 66 in
2504 2342 294 66 modern

152 2435 208 66 times
416 2435 89 64 be
565 2455 42 44 a
665 2435 220 78 ready
941 2433 211 68 mode
1208 2432 83 67 of
1350 2430 271 81 raising
1677 2454 39 42 a
1777 2450 310 46 revenue
2145 2428 138 68 and
2344 2427 456 81 discharging

152 2543 130 45 our
331 2520 235 79 public
614 2518 254 68 debts?

236 2608 327 68 Another
600 2606 136 68 law
771 2606 82 68 of
893 2606 180 66 New
1108 2606 251 80 Jersey
1391 2626 146 46 was
1576 2604 72 65 in
1686 2604 198 66 these
1923 2604 276 65 words:

395 2716 139 58 any
577 2715 164 44 man
787 2691 179 68 shall
1010 2694 251 65 absent
1303 2689 312 85 himself,
1660 2713 83 44 or
1787 2711 134 44 run
1965 2698 127 59 out
2134 2686 83 69 of
2263 2686 141 69 this
2453 2686 347 67 Province

152 2781 171 66 with
375 2781 301 66 another
727 2779 224 68 man's
1005 2777 173 68 wife
1242 2777 339 78 (without
1630 2777 127 65 her
1806 2775 383 67 husband's
2241 2774 368 79 consent),
2661 2775 137 65 and

151 2869 194 66 after
390 2877 251 58 return
688 2865 253 80 hither,
990 2865 88 66 he
1125 2864 141 67 and
1315 2864 123 67 she
1488 2886 77 45 so
1613 2860 374 83 offending
2033 2862 139 66 and
2219 2860 213 80 being
2478 2858 322 83 lawfully

152 2955 370 68 convicted
578 2953 308 82 thereof,
947 2952 178 67 shall
1184 2952 173 67 each
1413 2950 83 68 of
1552 2950 196 68 them
1809 2948 275 68 receive
2141 2958 119 58 ten
2319 2948 232 66 lashes
2610 2957 185 71 upon

157 3043 183 64 their
382 3043 164 66 bare

240 3129 106 80 By
402 3128 300 66 another
759 3136 265 58 statute
1083 3124 81 68 of
1220 3124 156 66 that
1428 3124 275 80 colony,
1760 3143 215 59 every
2033 3121 262 66 female
2353 3143 149 44 was
2563 3119 235 68 forbid

153 3228 75 55 to
294 3238 242 57 marry
599 3214 128 66 her
793 3212 495 83 grandfather,
1356 3211 140 67 and
1565 3233 216 57 every
1843 3211 185 66 male
2090 3207 112 68 his
2270 3207 528 82 grandmother,

158 3302 192 66 from
411 3302 116 66 the
585 3300 137 66 five
780 3300 140 65 and
978 3297 371 68 twentieth
1410 3297 139 80 day
1603 3295 81 68 of
1748 3295 273 78 March,
2082 3316 135 45 one
2273 3295 358 66 thousand
2692 3294 108 67 six

153 3388 344 80 hundred,
546 3388 139 67 and
731 3385 242 83 eighty
1015 3387 139 66 and
1198 3385 224 66 three.

243 3477 224 79 Many
516 3473 83 68 of
649 3473 121 66 the
822 3473 171 66 laws
1046 3471 83 68 of
1181 3471 154 66 that
1384 3470 254 81 colony
1691 3490 257 59 appear
2001 3478 74 58 to
2124 3470 87 64 be
2261 3466 314 68 dictated
2624 3470 91 78 by
2764 3490 40 42 a

158 3561 205 83 spirit
428 3561 81 68 of
577 3561 230 81 piety;
875 3571 120 70 yet
1059 3580 107 46 we
1234 3558 147 66 find
1449 3558 120 66 the
1640 3554 442 83 proprietors
2150 3565 128 57 not
2349 3553 315 83 friendly
2730 3565 73 57 to

153 3649 425 82 clergymen.
688 3648 290 79 Among
1034 3646 210 66 other
1300 3641 464 69 instructions
1825 3641 194 68 from
2077 3641 118 66 the
2255 3637 406 72 committee
2719 3641 81 68 of

155 3737 118 66 the
338 3734 440 83 proprietors
844 3744 75 56 to
988 3732 373 68 Governor
1428 3732 241 78 Basse,
1738 3729 229 71 dated,
2038 3729 322 79 London,
2429 3725 208 83 April
2705 3737 95 61 14,

157 3832 181 68 1698,
387 3822 203 66 there
634 3819 59 67 is
739 3819 120 67 the
908 3815 412 83 following:

241 3920 58 58 7.
693 3930 141 58 you
910 3907 90 66 do
1073 3915 128 58 not
1271 3917 296 54 consent
1635 3913 74 58 to
1782 3927 41 42 a
1894 3905 134 63 law
2106 3902 118 66 for
2295 3900 358 81 imposing
2722 3924 81 44 or

157 3995 482 79 ascertaining
697 3993 118 66 the
875 3991 260 82 yearly,
1196 3990 368 81 quarterly
1620 4012 83 44 or
1764 4010 138 57 any
1960 3988 205 68 other
2224 3986 252 80 salary,
2536 3996 127 58 tax
2720 4010 82 44 or

158 4084 386 68 allowance
614 4083 120 64 for
803 4081 121 66 the
990 4078 489 67 maintenance
1547 4076 81 69 of
1699 4098 141 59 any
1906 4088 152 54 sort
2124 4073 82 67 of
2275 4074 378 82 preachers
2720 4096 82 44 or

155 4169 361 70 ministers
577 4167 83 68 of
724 4167 450 68 whatsoever
1234 4162 414 85 persuasion
1711 4162 169 80 they
1935 4162 88 66 be
2085 4161 83 67 of
2229 4159 73 68 in
2363 4171 296 57 matters
2720 4162 80 65 of

400 4446 134 62 Day
590 4446 120 52 and
765 4444 108 52 the
924 4442 195 54 Dawn
1171 4442 64 53 of
1283 4441 198 64 Time,

402 4532 168 53 Love
631 4530 122 55 and
812 4530 108 53 the
981 4527 143 56 Soul
1186 4527 61 54 of
1306 4527 261 63 Rhyme,

411 4615 198 63 Night
658 4617 118 52 and
827 4615 107 53 the
985 4613 288 65 Evening
1320 4612 232 56 Chime,

411 4700 162 56 Life!

1872 4789 240 63 James
2176 4786 253 66 Waldo
2490 4786 313 64 Fawcett
