2629 4041
966 481 439 44 CASTIL-BLAZE

2004 484 55 53 87

1157 773 66 40 IV

312 945 73 31 Son
418 953 109 32 genre
550 943 165 43 d'esprit.
808 943 140 33 Encore
980 953 55 23 ses
1069 943 295 33 traductions.—
1378 942 180 43 Horloges
1587 940 262 34 musiciennes.
1935 939 128 33 Henri-

357 999 116 42 Blaze,
496 998 116 33 baron
639 998 43 33 de
704 999 112 43 Bury,
838 997 56 35 fils
925 1000 44 32 de
990 998 128 34 CastiL
1202 998 159 44 Mariage
1382 998 48 33 du
1455 997 95 45 père.
1564 1014 40 8 l
1625 997 205 43 Singulière
1851 997 174 33 anecdote
2046 995 17 33 à

358 1053 192 35 l'occasion
574 1054 43 31 de
639 1064 37 22 ce
698 1054 171 43 mariage.
956 1054 185 33 Peut-être
1158 1059 11 27 !

373 1231 37 40 Il
433 1243 67 27 me
521 1229 135 49 tarde,
680 1241 54 27 en
768 1228 194 40 écrivant
996 1241 65 27 ces
1096 1240 143 41 pages,
1263 1225 247 42 consacrées
1533 1229 22 37 à
1577 1226 40 40 la
1641 1225 208 41 mémoire
1870 1226 50 40 de
1945 1233 121 33 notre

316 1308 84 38 très
435 1306 176 51 regretté
642 1303 307 50 Castil-Blaze,
975 1301 205 40 d'arriver
1211 1313 57 26 au
1292 1308 199 32 moment
1512 1303 56 35 où
1590 1298 36 53 je
1648 1299 165 40 n'aurai
1849 1300 98 53 plus
1981 1312 86 40 que

315 1378 52 40 de
388 1378 118 40 doux
533 1376 243 50 souvenirs,
815 1374 300 42 d'honorables
1147 1381 186 33 travaux
1355 1379 40 34 et
1416 1371 239 40 d'heureux
1688 1371 98 39 faits
1808 1375 24 36 à
1853 1379 216 31 constater

317 1465 73 26 sur
410 1451 41 40 la
472 1451 69 39 vie
561 1458 41 32 et
621 1450 59 40 les
708 1449 127 42 écrits
856 1449 51 39 de
928 1447 236 41 l'excellent
1186 1446 87 41 ami
1296 1454 42 32 et
1373 1446 57 40 du
1468 1452 155 33 savant
1655 1442 215 42 musicien
1893 1456 85 40 que
1998 1443 69 51 j'ai

317 1537 146 27 connu
494 1531 39 33 et
556 1537 50 26 su
629 1522 217 55 apprécier
867 1522 71 40 dès
966 1534 72 27 ma
1060 1520 100 55 plus
1196 1519 147 41 tendre
1375 1519 212 54 jeunesse.
1621 1516 35 40 Il
1678 1516 148 41 venait
1853 1517 189 52 fréquem-

317 1606 137 42 ment,
477 1597 37 40 le
535 1597 102 53 soir,
661 1597 103 40 chez
784 1609 62 27 un
868 1595 52 41 de
941 1608 91 27 mes
1051 1595 143 40 oncles
1216 1592 228 55 paternels,
1474 1591 151 55 depuis
1657 1590 158 55 député
1851 1598 42 33 et
1931 1589 136 40 maire

319 1673 52 39 de
400 1679 124 33 notre
554 1671 101 41 ville
685 1670 159 52 natale,
877 1683 99 27 sous
1010 1670 41 38 la
1090 1667 330 49 Restauration;
1458 1665 125 54 mais,
1618 1666 139 39 même
1794 1672 132 33 avant
1960 1671 107 32 cette

322 1747 179 53 époque,
519 1745 29 40 il
564 1747 62 52 s'y
650 1744 170 41 rendait
840 1743 317 54 fréquemment
1178 1741 180 41 certains
1376 1740 116 54 jours
1512 1740 202 52 marqués
1729 1738 51 40 de
1796 1738 40 40 la
1858 1738 209 50 semaine,

317 1827 389 33 concurremment
747 1830 100 27 avec
884 1817 189 40 d'autres
1105 1814 228 54 bourgeois
1353 1822 41 32 et
1416 1813 275 54 bourgeoises
1721 1812 59 40 du
1806 1825 121 40 pays,
1952 1811 115 40 aussi

320 1894 109 39 bons
455 1891 314 55 appréciateurs
792 1891 51 38 de
864 1890 38 40 la
925 1889 105 40 belle
1054 1888 202 54 musique
1277 1888 51 39 de
1354 1887 191 52 Rossini,
1571 1894 121 32 toute
1715 1885 201 40 nouvelle
1938 1885 127 48 alors,

320 1980 84 40 que
425 1966 108 40 zélés
555 1972 216 33 amateurs
792 1963 51 41 de
863 1963 40 39 la
925 1962 231 41 bouillotte
1163 1994 9 20 ,
1195 1961 70 53 jeu
1286 1961 50 40 de
1355 1970 134 30 cartes
1504 1962 84 37 très
1605 1972 53 27 en
1677 1971 141 39 vogue
1836 1966 129 33 avant
1982 1971 85 40 que

319 2041 36 39 le
378 2040 151 40 boston
553 2047 42 32 et
616 2039 37 40 le
672 2037 134 44 whist
829 2050 109 27 nous
967 2036 164 40 fussent
1151 2035 161 40 arrivés
1332 2033 313 55 d'Angleterre.

376 2114 110 40 Bien
528 2126 85 41 que
649 2112 38 40 le
724 2112 163 40 célèbre
922 2110 187 54 critique
1146 2109 215 41 musicien
1399 2108 66 40 fût
1505 2106 92 53 déjà
1636 2107 110 40 alors
1779 2105 135 54 grand
1942 2105 126 54 jeune

319 2188 177 40 homme
522 2195 40 33 et
580 2187 88 40 moi
690 2199 151 26 encore
863 2184 162 52 enfant,
1048 2183 37 54 je
1106 2197 68 26 me
1195 2182 185 55 rappelle
1406 2181 136 54 qu'on
1565 2180 235 54 appréciait
1821 2178 91 54 déjà
1935 2180 108 38 beau-

317 2274 113 41 coup
453 2274 78 26 son
553 2259 129 55 esprit
705 2258 225 54 caustique
951 2264 40 34 et
1010 2256 216 47 mordant,
1251 2263 41 32 et
1322 2268 82 40 que
1439 2253 88 41 l'on
1562 2253 194 40 écoutait
1791 2254 140 37 même
1970 2265 99 27 avec

314 2335 152 55 plaisir
480 2334 60 40 les
553 2333 334 40 chansonnettes
902 2339 41 32 et
955 2331 58 40 les
1028 2343 223 27 romances
1264 2330 50 38 de
1334 2342 77 26 son
1434 2330 91 48 crû,
1545 2340 168 26 comme
1735 2326 116 40 aussi
1870 2327 59 38 les
1951 2326 95 38 char-

314 2416 143 32 mants
481 2415 207 45 quatuors
717 2419 111 41 pour
850 2404 99 40 voix
971 2404 241 39 d'hommes
1244 2401 110 54 qu'il
1381 2400 246 55 arrangeait
1657 2413 73 26 sur
1753 2413 77 26 nos
1853 2399 216 40 meilleurs

317 2481 85 40 airs
431 2493 185 27 connus.
642 2479 111 40 Mais
776 2479 26 39 il
828 2477 132 52 avait,
990 2477 28 39 il
1041 2476 92 40 faut
1169 2489 52 26 en
1256 2475 221 50 convenir,
1505 2488 61 25 un
1591 2472 218 54 penchant
1831 2472 238 40 immodéré

317 2566 111 41 pour
447 2552 59 40 les
527 2551 98 55 jeux
647 2551 51 39 de
720 2559 127 41 mots,
879 2550 57 39 les
960 2549 168 54 pointes
1150 2547 195 54 d'esprits
1368 2557 37 30 et
1427 2548 38 38 le
1485 2546 291 51 calembourg.
1806 2546 117 39 Pour
1945 2559 41 25 se
2009 2545 60 39 les

316 2625 194 56 rappeler
531 2634 113 40 tous,
668 2624 30 39 il
718 2623 187 42 faudrait
927 2622 120 40 avoir
1079 2622 40 40 la
1155 2620 206 41 mémoire
1382 2620 271 54 prodigieuse
1682 2619 51 39 de
1766 2632 78 26 son
1867 2618 202 40 excellent

314 2702 114 52 père,
454 2696 557 53 Henri-Sébastien-Blaze,
1042 2695 166 40 notaire
1240 2697 84 39 très
1347 2693 150 41 estimé
1517 2693 51 40 de
1590 2693 40 39 la
1651 2692 101 40 ville
1781 2692 254 53 d'Avignon
2055 2707 10 34 ;

315 2772 155 55 lequel,
494 2786 75 41 par
602 2771 268 52 parenthèse,
913 2770 227 53 lorsqu'un
1171 2768 132 41 client
1335 2767 147 41 venait
1515 2768 37 39 le
1589 2775 174 31 trouver
1784 2770 23 36 à
1831 2780 76 26 son
1942 2766 127 41 étude

318 2860 110 40 pour
450 2860 88 26 une
559 2846 97 40 date
685 2859 56 26 ou
764 2858 109 40 pour
895 2858 60 26 un
978 2857 120 38 nom,
1122 2856 52 27 ne
1197 2841 233 41 consultait
1449 2854 182 41 presque
1663 2839 151 54 jamais
1846 2854 63 25 ses
1940 2841 108 52 regis-

317 2929 100 42 tres,
440 2928 40 31 et
498 2919 64 40 lui
584 2918 127 41 disait
732 2932 52 26 en
808 2926 152 46 posant
997 2931 77 26 son
1114 2916 129 40 index
1276 2929 74 26 sur
1385 2928 78 26 son
1495 2914 116 40 front
1634 2928 7 26 :
1672 2930 18 20 «
1717 2914 92 39 Mes
1831 2914 193 39 minutes
2046 2916 21 36 à

317 2994 105 51 moi,
447 2992 242 54 répondent
707 2996 22 36 à
753 2992 39 40 la
813 2992 204 49 seconde;
1042 2990 100 40 elles
1166 2997 98 32 sont
1288 2996 142 33 toutes
1453 2988 52 40 là.
1535 3003 21 22 »
1585 2989 57 38 Le
1665 2988 278 51 calembourg
1964 2987 105 40 était

313 3065 256 42 héréditaire
590 3065 107 40 dans
719 3073 109 32 cette
850 3065 250 41 charmante
1122 3063 169 41 famille
1310 3074 9 28 :
1345 3075 106 26 ceux
1475 3060 58 40 du
1562 3060 82 52 fils,
1676 3060 36 53 je
1746 3073 51 25 ne
1833 3060 57 38 les
1924 3058 144 40 citerai

316 3140 109 41 donc
446 3154 74 40 pas
545 3149 114 41 tous,
682 3139 110 40 mais
824 3140 315 52 quelques-uns
1162 3135 204 42 suffiront
1399 3148 111 41 pour
1538 3147 51 26 en
1614 3133 216 55 apprécier
1851 3132 39 39 la
1912 3133 151 38 valeur

317 3227 169 28 comme
508 3227 83 26 une
614 3220 111 33 sorte
743 3212 316 41 d'échantillon
1081 3212 71 39 des
1175 3220 158 31 autres.

374 3288 77 41 Un
472 3286 87 41 soir
581 3288 110 39 donc
713 3287 134 53 qu'on
870 3286 230 52 attendait,
1121 3285 100 41 chez
1244 3297 104 27 mon
1371 3282 138 51 oncle,
1530 3295 61 26 un
1615 3295 81 40 peu
1721 3279 97 54 plus
1837 3279 49 39 de
1910 3279 157 40 monde

316 3361 100 55 qu'à
438 3359 248 42 l'ordinaire
706 3364 23 35 à
751 3359 229 40 l'occasion
1011 3359 132 41 d'une
1176 3358 162 53 grande
1374 3356 147 49 soirée,
1560 3368 60 26 un
1654 3352 272 54 domestique
1949 3354 120 40 étant

316 3448 116 29 venu
454 3434 186 42 allumer
662 3433 59 40 les
745 3440 148 48 quatre
917 3432 240 56 quinquets
1195 3431 51 43 de
1278 3428 346 48 l'antichambre,
1660 3427 95 42 l'un
1777 3426 126 41 d'eux
1928 3426 121 41 s'étei-

318 3509 93 59 gnit
437 3522 8 32 ;
478 3526 16 21 «
520 3507 223 60 François,
766 3506 62 45 lui
851 3505 139 60 dis-je,
1014 3507 30 41 il
1065 3519 147 45 yena
1235 3519 60 30 un
1318 3502 188 45 d'éteint.
1587 3500 69 44 Tu
1680 3500 76 44 fais
1778 3514 159 40 erreur,
1964 3513 102 35 mon
