2629 4041
602 472 51 40 58

1047 475 75 40 LA
1153 473 373 48 CHRONIQUE
1560 472 313 40 MUSICALE

594 626 40 33 et
670 621 74 52 qui
786 634 66 26 me
885 620 63 39 fut
984 617 238 55 profitable.
1261 617 173 50 J'avais,
1471 629 50 27 en
1556 616 194 41 étudiant
1788 616 58 41 les
1885 616 326 40 chefs-d'œuvre
2251 618 74 39 des

595 693 155 52 grands
780 694 170 37 maîtres
972 692 56 37 du
1064 690 194 39 seizième
1289 689 137 51 siècle,
1463 690 228 39 découvert
1717 690 106 39 dans
1851 703 61 27 un
1938 703 185 40 ouvrage
2144 690 58 39 du
2227 692 96 51 père

591 765 217 39 Athanase
844 762 179 41 Kircher
1073 761 257 54 [Musurgia
1372 762 153 40 univer
1527 763 121 47 salis,
1682 763 89 39 sive
1812 776 77 26 ars
1940 775 164 41 magna
2145 763 183 39 consoni

597 844 40 33 et
660 835 166 42 dissoni
841 834 107 39 inX
962 833 135 40 libros
1115 833 174 52 digesta
1293 835 16 47 )
1326 847 59 26 un
1409 846 138 30 canon
1569 833 298 55 énigmatique
1883 840 22 35 à
1921 835 222 40 trente-six
2166 834 160 54 parties

595 910 160 50 réelles,
776 907 140 40 savoir
940 921 8 26 :
973 911 22 35 à
1016 906 106 40 neuf
1139 906 171 40 chœurs
1327 909 23 36 à
1371 914 152 45 quatre
1543 906 170 54 parties.
1745 907 156 41 J'avais
1922 922 52 26 eu
1997 908 37 40 la
2058 908 191 54 patience
2272 906 50 40 de

595 990 149 33 mettre
776 994 45 27 ce
864 993 140 26 canon
1035 993 52 25 en
1120 978 220 54 partition,
1379 978 111 40 ainsi
1525 992 84 39 que
1645 979 215 53 plusieurs
1893 988 156 40 autres,
2087 988 39 31 et
2164 979 36 54 je
2239 979 83 53 pris

599 1054 217 41 tellement
836 1053 104 51 goût
960 1056 24 35 à
1005 1063 45 28 ce
1071 1063 127 40 genre
1218 1050 263 49 d'exercices,
1522 1063 83 41 que
1628 1051 189 52 pendant
1846 1064 60 27 un
1928 1052 162 39 certain
2115 1060 138 44 temps
2281 1051 37 53 je

598 1139 52 27 ne
671 1125 49 40 fis
739 1126 98 52 plus
856 1136 82 40 que
958 1122 72 40 des
1061 1136 162 26 canons
1255 1122 331 54 énigmatiques.
1620 1123 161 54 Haydn
1816 1124 218 39 m'avertit
2067 1124 59 38 du
2165 1124 163 52 danger

595 1211 82 39 que
697 1197 38 52 je
755 1196 182 40 courais.
971 1195 35 40 Il
1037 1208 66 27 me
1131 1195 224 42 démontra
1377 1209 82 40 que
1489 1195 38 53 je
1558 1195 143 40 faisais
1722 1195 141 40 fausse
1884 1202 123 32 route
2025 1204 39 30 et
2084 1207 68 27 me
2176 1195 80 39 mit
2274 1207 51 27 en

591 1270 126 54 garde
736 1277 146 33 contre
917 1281 88 27 mes
1043 1270 353 38 entraînements.
1430 1266 49 41 Je
1515 1268 202 56 renonçai
1752 1267 112 41 donc
1885 1270 23 37 à
1927 1280 89 27 mes
2037 1281 160 27 canons
2223 1276 40 32 et
2282 1268 39 54 je

597 1343 113 38 m'en
744 1341 241 54 applaudis,
1016 1353 86 37 car,
1125 1339 106 40 dans
1251 1340 37 39 le
1306 1339 91 52 fait,
1420 1353 65 26 ces
1509 1339 231 41 difficultés
1762 1339 204 40 vaincues
1990 1353 54 26 ne
2062 1348 97 33 sont
2181 1343 140 50 qu'un

598 1414 70 53 jeu
690 1414 187 53 d'esprit,
901 1421 40 31 et
961 1414 39 39 la
1023 1412 200 53 musique
1241 1426 23 26 a
1286 1425 60 27 un
1365 1411 98 54 plus
1491 1412 125 40 noble
1638 1412 93 40 but.

654 1486 48 39 Je
735 1499 111 26 veux
880 1498 129 41 payer
1030 1485 53 39 ici
1113 1484 37 40 le
1181 1485 136 40 tribut
1348 1484 51 39 de
1429 1484 39 39 la
1500 1484 346 39 reconnaissance
1879 1483 267 54 particulière
2180 1496 84 40 que
2284 1484 37 53 je

602 1557 90 40 dois
714 1561 23 35 à
759 1570 102 27 mon
892 1556 87 40 ami
1009 1555 158 54 Joseph
1192 1555 172 54 Eybler.
1393 1554 36 41 Il
1456 1557 114 39 avait
1597 1555 63 40 été
1693 1556 115 39 élève
1833 1555 420 53 d'Albrechtsberger
2286 1564 42 32 et

599 1630 51 39 de
672 1629 182 51 Mozart,
877 1637 40 31 et
936 1627 160 54 Haydn
1118 1627 138 39 faisait
1276 1626 37 40 le
1334 1626 95 54 plus
1451 1627 134 52 grand
1605 1640 68 26 cas
1694 1626 50 40 de
1780 1640 76 26 son
1886 1627 148 41 talent.
2071 1627 157 53 Eybler
2260 1640 66 27 me

599 1702 86 53 prit
706 1715 51 26 en
779 1700 214 51 affection,
1015 1706 40 33 et
1073 1713 61 25 ses
1155 1698 180 41 conseils
1355 1700 136 38 m'ont
1510 1699 76 39 fait
1606 1699 36 39 le
1663 1698 96 54 plus
1780 1699 134 52 grand
1940 1699 114 41 bien.
2077 1699 47 40 Je
2142 1699 62 40 lui
2228 1713 74 27 sou-

598 1772 174 41 mettais
794 1785 87 26 mes
901 1779 198 43 travaux,
1118 1780 38 30 et
1185 1771 107 38 dans
1313 1782 63 27 ses
1395 1769 205 55 critiques
1622 1769 30 40 il
1670 1783 41 26 se
1734 1770 209 40 montrait
1964 1769 96 54 plus
2081 1772 140 39 sévère
2237 1784 85 40 que

598 1844 162 53 Haydn
779 1843 252 41 lui-même.

1654 1931 49 41 E.
1753 1930 380 42 NEUKOMM.

705 2041 61 41 (La
786 2041 93 31 suite
903 2040 326 46 prochainement,)
