2629 4041
627 491 57 53 54

1072 494 76 40 LA
1180 492 379 49 CHRONIQUE
1594 491 312 41 MUSICALE

626 635 199 40 devaient
844 637 166 39 mordre
1032 637 40 39 la
1110 635 231 53 poussière.
1364 634 61 41 Or
1443 634 31 39 il
1495 634 150 41 advint
1665 635 137 52 qu'un
1825 633 97 54 jour
1955 645 110 28 nous
2096 633 248 39 convînmes

627 708 51 39 de
700 708 246 40 ressusciter
976 708 36 38 le
1048 707 170 39 combat
1249 706 71 39 des
1351 706 187 40 Horaces
1569 715 40 31 et
1632 707 70 39 des
1724 706 218 41 Curiaces.
1976 706 124 39 Nous
2131 708 212 50 portâmes

625 787 95 32 tout
757 787 119 32 notre
913 778 160 40 attirail
1115 791 73 27 sur
1231 791 83 26 une
1353 778 152 40 colline
1540 778 134 41 située
1705 781 24 37 à
1761 792 81 39 peu
1877 778 51 40 de
1972 778 189 39 distance
2207 776 51 40 de
2303 775 40 39 la

625 852 117 49 ville,
765 859 40 30 et
825 851 52 47 là,
905 863 54 25 au
981 850 132 51 grand
1141 849 107 52 jour,
1273 863 108 27 nous
1402 850 287 53 organisâmes
1712 857 119 32 notre
1858 860 234 30 rencontre.
2117 849 119 39 Tout
2255 848 81 39 alla

625 923 81 40 fort
729 922 109 50 bien,
863 929 39 32 et
915 921 57 40 les
1004 922 180 39 vaincus
1206 935 40 26 se
1267 922 216 40 roulèrent
1515 922 383 40 convenablement
1917 923 106 39 dans
2044 923 39 39 la
2107 921 234 55 poussière.

621 993 125 48 Mais,
769 993 134 40 hélas!
928 1006 109 27 nous
1058 993 149 39 avions
1237 995 166 52 compté
1433 1007 96 26 sans
1550 1007 61 26 un
1635 1007 254 39 promeneur
1917 993 78 53 qui
2020 1007 109 26 nous
2150 995 194 51 dénonça

620 1068 24 36 à
666 1072 119 32 notre
818 1064 252 53 professeur.
1106 1064 79 40 J'ai
1210 1065 144 39 oublié
1384 1065 51 39 de
1465 1064 86 40 dire
1574 1065 129 52 qu'au
1744 1072 194 33 moment
1968 1070 56 35 où
2056 1073 107 32 cette
2200 1065 147 40 action

619 1136 113 40 avait
759 1136 102 45 lieu,
896 1149 108 26 nous
1033 1137 178 39 aurions
1251 1136 61 40 dû
1340 1136 170 40 assister
1531 1141 23 35 à
1574 1150 77 26 nos
1682 1150 139 26 cours.
1849 1137 84 39 Dès
1955 1138 37 38 le
2013 1136 271 49 lendemain,
2309 1136 38 39 le

621 1207 236 54 professeur
885 1208 47 39 fit
957 1222 85 26 une
1063 1209 160 52 grande
1244 1210 183 53 enquête
1449 1223 71 26 sur
1539 1218 65 33 cet
1625 1210 266 39 événement.
1933 1208 35 41 Il
1986 1209 194 39 ordonna
2201 1221 83 40 que
2307 1207 38 40 le

618 1279 96 39 chef
729 1279 50 40 de
799 1279 256 54 l'entreprise
1076 1294 41 27 se
1139 1282 231 56 dénonçât;
1395 1282 106 40 mais
1526 1294 208 40 personne
1755 1294 52 27 ne
1825 1282 39 39 le
1883 1280 63 53 fit,
1967 1294 75 27 nos
2067 1287 155 35 statuts
2238 1294 111 26 nous

619 1349 226 41 défendant
873 1368 17 19 ce
912 1364 100 28 sous
1023 1354 130 51 peine
1173 1354 53 38 de
1246 1359 116 34 mort
1381 1367 21 23 »
1426 1354 49 38 de
1494 1353 230 51 divulguer
1744 1353 59 39 les
1825 1360 151 32 secrets
1997 1352 51 39 de
2065 1360 122 32 notre
2208 1352 136 41 ordre.

623 1419 250 55 Cependant
892 1422 35 53 je
950 1436 66 27 me
1036 1423 198 53 dévouai,
1258 1432 40 32 et
1317 1437 111 40 pour
1449 1425 203 51 épargner
1672 1437 60 26 un
1746 1435 185 42 pensum
1945 1428 24 35 à
1985 1436 88 27 mes
2095 1423 127 40 frères
2242 1423 86 40 d'ar-

625 1505 104 38 mes,
760 1493 35 52 je
830 1507 66 26 me
917 1494 181 40 déclarai
1118 1495 91 40 leur
1228 1495 96 41 chef
1339 1504 41 32 et
1404 1496 94 40 leur
1519 1496 247 39 séducteur.
1794 1496 48 39 Je
1865 1496 137 39 savais
2025 1508 84 40 que
2128 1495 35 52 je
2187 1496 162 39 n'avais

626 1576 74 40 pas
720 1565 273 51 grand'chose
1014 1571 23 35 à
1058 1566 207 49 craindre,
1289 1580 103 26 mon
1414 1569 235 50 professeur
1670 1568 118 38 étant
1811 1568 135 51 grand
1971 1575 195 32 amateur
2185 1568 51 38 de
2256 1580 66 27 mu-

630 1636 136 52 sique.
784 1637 48 38 Je
852 1637 67 38 fus
939 1638 108 39 donc
1066 1639 141 52 quitte
1230 1652 108 39 pour
1359 1653 84 26 une
1465 1639 141 40 bonne
1626 1639 285 52 réprimande,
1928 1643 23 35 à
1967 1639 184 53 laquelle
2173 1639 178 48 s'ajouta

628 1708 39 39 la
690 1708 167 40 défense
887 1722 191 40 expresse
1098 1710 49 40 de
1173 1710 152 53 jamais
1344 1710 120 54 jouer
1487 1724 82 26 aux
1597 1724 134 39 preux
1752 1710 244 41 chevaliers.
2023 1710 126 41 Ainsi
2173 1724 119 40 passe
2312 1712 40 39 la

637 1778 131 52 gloire
788 1780 51 38 de
858 1793 45 27 ce
922 1781 174 40 monde!
1124 1782 79 40 Sic
1223 1782 162 40 transit
1402 1783 153 52 gloria
1576 1783 151 39 mundi
1740 1787 17 34 !

694 1851 66 40 En
800 1865 68 26 me
917 1853 219 52 rappelant
1189 1867 64 26 ces
1303 1855 223 52 premières
1568 1856 156 39 années
1761 1855 51 39 de
1847 1869 68 26 ma
1946 1855 202 54 jeunesse,
2190 1855 37 54 je
2267 1856 87 40 suis

633 1924 156 40 étonné
811 1924 161 40 d'avoir
992 1927 151 38 trouvé
1164 1927 37 38 le
1222 1933 135 47 temps
1379 1927 50 39 de
1452 1927 98 39 faire
1580 1934 96 34 tout
1696 1941 45 25 ce
1762 1941 83 39 que
1877 1927 66 52 j'ai
1976 1928 91 39 fait.
2103 1926 113 40 Mais
2248 1940 103 26 mon

629 1996 98 52 père
762 1996 176 39 m'avait
972 1997 197 51 enseigné
1190 1997 35 39 le
1247 2006 129 31 secret
1398 1997 51 40 de
1469 1998 41 39 la
1529 1997 148 40 valeur
1702 1998 59 40 du
1793 2005 150 47 temps,
1979 1999 260 53 Quiconque
2272 1999 81 40 sait

629 2066 216 53 apprécier
865 2067 59 39 les
946 2069 190 38 minutes
1157 2077 61 32 est
1239 2071 73 38 sûr
1331 2070 50 39 de
1401 2077 172 32 trouver
1594 2070 70 39 des
1681 2070 170 40 heures!
1877 2070 106 40 Mon
2006 2071 110 52 père,
2135 2070 77 53 qui
2230 2070 119 52 était,

629 2137 108 39 ainsi
772 2151 82 39 que
883 2138 38 53 je
953 2139 70 40 l'ai
1059 2140 76 50 dit,
1170 2150 97 30 tous
1298 2141 58 39 les
1390 2150 160 31 matins
1570 2145 22 35 à
1613 2141 96 53 cinq
1739 2142 149 40 heures
1912 2145 23 36 à
1956 2155 76 26 son
2068 2143 170 51 travail,
2282 2155 70 27 me

627 2208 210 40 réveillait
857 2213 23 35 à
901 2209 39 40 la
961 2211 138 39 même
1132 2211 145 50 heure,
1301 2220 40 31 et
1362 2212 101 39 assis
1488 2216 23 36 à
1533 2226 62 26 ses
1618 2214 112 38 côtés
1769 2213 37 52 je
1834 2213 214 54 préparais
2070 2227 89 26 mes
2186 2215 163 56 leçons.

630 2279 162 40 Parfois
812 2293 88 27 mes
915 2294 112 40 yeux
1043 2296 41 26 se
1098 2283 266 41 refermaient
1380 2284 425 54 involontairement,
1819 2294 39 32 et
1879 2286 111 39 alors
2006 2300 61 26 un
2085 2286 104 40 «TM
2207 2289 106 38 dors
2331 2302 16 22 »

627 2352 50 38 de
698 2364 105 27 mon
822 2355 96 49 père
939 2366 68 26 me
1028 2355 208 53 rappelait
1257 2360 23 34 à
1297 2356 167 39 Tordre.
1491 2357 162 39 Parfois
1675 2357 113 39 aussi
1809 2357 164 52 j'avais,
1992 2371 169 26 comme
2180 2366 99 31 tous
2295 2359 57 39 les

628 2423 165 39 enfants
814 2423 51 40 de
887 2437 103 27 mon
1011 2427 91 50 âge,
1125 2427 71 38 des
1218 2435 213 32 moments
1470 2432 57 35 où
1549 2428 39 39 la
1609 2441 165 40 paresse
1810 2429 243 54 s'emparait
2081 2429 51 40 de
2160 2430 103 42 moi.
2289 2430 63 40 Or

626 2494 37 53 je
699 2508 67 27 me
796 2495 184 53 rappelle
1000 2510 103 39 que,
1126 2498 106 39 dans
1253 2512 60 26 un
1335 2498 51 40 de
1408 2512 66 26 ces
1497 2509 229 41 moments,
1745 2514 103 27 mon
1869 2504 97 50 père
1996 2514 69 26 me
2095 2502 62 39 dit
2180 2515 57 26 un
2256 2502 97 51 jour

625 2579 100 25 avec
748 2580 59 25 un
828 2576 148 31 accent
995 2570 75 51 qui
1093 2570 178 39 m'émut
1291 2570 330 53 profondément
1642 2587 7 24 :
1677 2587 21 23 ce
1717 2573 70 38 Tu
1811 2586 52 25 ne
1885 2573 77 38 fais
1983 2573 91 39 rien
2102 2574 76 52 qui
2201 2575 148 38 vaille?

628 2636 130 40 Hélas
774 2638 9 39 !
805 2637 36 53 je
862 2638 172 40 désirais
1054 2647 94 32 tant
1169 2648 40 31 te
1228 2649 151 32 mettre
1400 2655 53 26 en
1474 2643 84 39 état
1578 2643 50 40 de
1648 2657 160 39 gagner
1828 2653 42 30 ta
1891 2644 67 39 vie
1987 2644 142 40 moins
2159 2646 169 52 pénible-

625 2716 119 33 ment
765 2723 82 38 que
869 2711 103 39 moi.
998 2727 18 20 »
1041 2714 117 37 Avec
1178 2712 51 40 de
1249 2713 116 39 telles
1388 2714 177 52 paroles,
1585 2727 104 27 mon
1708 2716 94 52 père
1823 2715 202 41 m'aurait
2046 2716 77 41 fait
2144 2724 206 34 traverser

624 2782 72 38 des
718 2780 212 44 flammes.
951 2782 48 40 Je
1021 2797 68 26 me
1116 2785 206 51 corrigeai
1342 2794 40 33 et
1401 2785 211 42 travaillai
1641 2787 233 40 désormais
1896 2802 98 26 sans
2016 2790 180 42 relâche.

682 2852 190 53 Lorsque
903 2854 104 53 j'eus
1040 2855 155 41 atteint
1226 2857 104 52 l'âge
1363 2857 50 40 de
1447 2867 200 42 quatorze
1675 2872 91 34 ans,
1792 2858 36 53 je
1849 2860 67 39 fus
1941 2862 174 39 nommé
2132 2862 81 40 àla
2233 2862 118 54 place

625 2925 259 53 d'organiste
896 2926 50 40 de
955 2926 298 43 l'Université.
1266 2928 122 41 Cette
1401 2929 194 41 fonction
1609 2943 67 27 me
1689 2931 181 40 donnait
1880 2945 114 27 assez
2009 2933 340 54 d'occupations;

624 2997 107 39 mais
768 2998 114 39 aussi
905 3012 88 26 mes
1018 2999 287 42 émoluments
1326 3001 158 40 étaient
1503 3001 49 40 de
1575 3001 233 54 cinquante
1842 3003 148 41 florins
2013 3019 76 39 par
2119 3019 70 27 an.
2212 3006 49 40 Je
2283 3020 67 26 me

624 3070 164 51 croyais
809 3070 253 42 unCrésus.
1092 3071 281 50 Néanmoins,
1407 3081 122 32 outre
1564 3087 103 27 mon
1691 3088 148 40 propre
1872 3077 170 51 service,
2067 3078 36 52 je
2126 3079 223 39 continuai

625 3145 24 35 à
664 3141 193 53 suppléer
879 3156 87 26 mes
989 3143 225 49 confrères,
1229 3154 270 31 notamment
1521 3159 102 26 mon
1646 3147 151 40 vénéré
1817 3150 151 39 maître
1987 3148 160 42 Michel
2169 3150 179 55 Haydn,

626 3226 98 27 sous
746 3215 40 38 la
809 3214 208 41 direction
1039 3217 160 52 duquel
1219 3217 216 52 j'étudiais
1458 3217 108 41 alors
1584 3219 39 38 la
1646 3220 297 52 composition.

685 3285 174 43 Durant
880 3295 96 33 tout
992 3288 36 40 le
1046 3295 137 48 temps
1204 3290 50 39 de
1276 3290 190 52 l'Avent,
1490 3290 29 40 il
1540 3305 27 39 y
1583 3291 114 40 avait
1712 3299 96 32 tous
1824 3293 58 38 les
1897 3292 135 54 jours,
2048 3298 23 36 à
2084 3295 99 52 cinq
2197 3295 152 41 heures

627 3356 58 40 du
708 3359 153 49 matin,,
889 3373 85 27 une
995 3361 288 52 grand'messe
1301 3365 22 36 à
1345 3362 39 40 la
1407 3363 252 40 cathédrale.
1684 3363 113 41 C'est
1818 3368 22 36 à
1861 3378 46 26 ce
1919 3365 156 41 service
2087 3380 84 39 que
2187 3368 162 53 Haydn

630 3429 262 54 m'envoyait
911 3436 23 35 à
956 3446 43 27 sa
1020 3433 132 53 place.
1183 3434 120 40 Tous
1338 3436 58 38 les
1430 3436 178 52 matins,
1642 3436 37 53 je
1714 3437 158 53 partais
1901 3439 110 39 donc
2029 3439 51 40 de
2103 3439 38 41 la
2162 3440 185 54 maison.
