3257 4427
184 3950 58 40 34

195 283 276 44 hétéroclite.
499 283 51 39 Le
574 281 173 41 cabinet
771 279 75 40 des
869 287 221 43 estampes
1113 289 44 27 se
1184 273 196 43 rattache
1407 274 171 55 logique-

194 359 119 32 ment
341 362 83 26 aux
456 347 169 40 musées
654 344 53 40 de
739 348 206 50 peinture
974 351 45 31 et
1050 340 35 41 le
1115 340 174 41 cabinet
1318 339 75 40 des
1426 337 151 42 médail-

193 414 58 41 les
275 414 95 40 doit
392 410 105 42 aller
523 409 237 56 rejoindre,
788 407 339 43 normalement,
1154 404 58 41 les
1239 404 171 40 Musées
1436 416 166 41 royaux

190 478 129 40 d'Art
362 485 45 31 et
450 475 244 40 d'Histoire
738 472 54 40 du
838 470 391 54 Cinquantenaire.
1275 468 86 40 Ces
1404 476 169 45 amputa-

188 546 118 36 tions
347 548 169 36 seront,
558 551 95 27 sans
694 536 153 44 doute,
889 532 186 43 cruelles
1117 534 21 38 à
1181 532 92 54 plus
1315 530 103 41 d'un
1461 544 138 32 cœur,

191 610 101 37 mais
325 604 103 41 elles
460 612 102 31 sont
596 602 278 39 nécessaires.
911 597 105 41 Elles
1047 597 267 40 amèneront
1339 609 53 27 un
1419 609 156 41 regrou-

191 678 181 46 pement
409 664 273 44 souhaitable
720 673 45 31 et
803 671 162 33 auront
1005 661 238 54 l'avantage
1282 659 223 55 d'alléger,
1545 659 54 40 de

189 738 191 37 sections
410 734 222 52 parasites,
663 729 35 40 le
724 728 123 41 futur
876 727 238 45 bâtiment;
1143 735 45 30 et
1214 724 103 46 cela,
1346 724 76 40 des
1452 728 147 50 points

189 799 53 40 de
277 810 82 28 vue
393 796 209 40 financier
637 803 45 31 et
717 792 398 53 architectonique.

191 863 204 40 Ecartons
435 872 164 28 encore
642 857 34 40 la
715 861 205 51 question
964 855 75 40 des
1083 853 329 55 bibliothèques
1453 851 122 41 enfan-

187 931 114 36 tines
338 939 85 41 que
461 927 188 37 certains
687 925 258 37 aimeraient
985 920 227 54 peut-être
1251 922 95 36 voir
1383 916 216 56 englober

190 991 103 40 dans
331 989 36 41 le
405 987 155 42 nouvel
599 985 241 46 ensemble,
877 993 45 32 et
958 984 111 40 dont
1107 983 36 40 le
1182 981 236 56 personnel
1456 990 45 31 et
1540 981 58 40 les

190 1054 152 41 locaux
383 1063 80 31 ont
505 1061 103 31 tout
651 1052 21 39 à
713 1063 162 42 gagner
918 1049 133 40 d'une
1095 1047 194 41 solution
1336 1045 240 42 décentrali-

187 1123 171 40 satrice,
398 1131 74 41 par
506 1120 213 51 quartier,
756 1113 220 42 d'ailleurs
1011 1125 52 28 en
1100 1116 99 37 voie
1235 1111 301 40 d'exécution.

191 1183 211 41 L'intérêt
445 1184 133 37 serait
623 1179 249 55 également
918 1176 68 42 nul
1034 1177 53 41 de
1132 1176 315 54 comprendre,
1494 1175 104 41 dans

190 1247 274 45 l'Albertine,
517 1258 53 27 un
622 1244 139 54 dépôt
810 1243 54 40 de
916 1242 128 41 livres
1096 1254 113 42 pour
1258 1239 216 56 aveugles,
1525 1244 71 50 qui

184 1311 261 41 fonctionne
483 1308 308 57 parfaitement
826 1306 187 42 ailleurs.

190 1376 63 40 De
289 1375 94 41 leur
415 1375 116 45 côté,
568 1373 58 41 les
659 1372 197 41 archives
891 1371 219 41 installées
1145 1370 104 41 dans
1286 1383 52 27 un
1376 1368 103 42 local
1519 1369 60 40 his-

186 1444 179 51 torique
405 1439 125 41 n'ont
567 1451 166 27 aucune
774 1441 141 36 raison
955 1436 54 40 de
1049 1449 51 27 ne
1141 1449 70 41 pas
1239 1438 238 37 continuer
1505 1433 95 42 leur

186 1510 225 36 existence
445 1503 341 54 indépendante.
823 1501 50 40 Là
904 1505 108 36 aussi
1041 1500 34 41 la
1103 1499 192 56 besogne
1327 1498 272 55 s'accomplit

190 1583 73 42 par
293 1569 75 40 des
403 1568 233 41 méthodes
668 1567 93 40 très
795 1565 272 42 différentes.
1105 1565 50 40 Le
1183 1564 309 55 déplacement
1525 1564 75 40 des

188 1635 265 40 documents
482 1637 70 50 qui
582 1645 23 42 y
633 1640 102 32 sont
763 1631 189 54 déposés
984 1630 297 54 présenterait
1308 1637 105 46 trop
1442 1628 159 41 d'aléas

187 1708 59 37 et,
283 1698 53 41 de
370 1706 131 32 toute
534 1696 140 54 façon,
713 1696 34 40 la
779 1695 150 41 future
964 1694 236 41 Albertine
1238 1707 51 27 ne
1324 1706 97 28 sera
1453 1697 148 51 jamais

188 1763 100 41 bien
325 1762 101 41 loin.

190 1828 74 40 Par
294 1836 172 36 contre,
499 1825 284 55 l'adjonction
816 1824 102 41 d'un
954 1825 148 40 musée
1131 1825 55 39 où
1219 1826 134 37 serait
1383 1823 216 55 évoquée,

190 1906 74 41 par
300 1891 184 55 l'image,
522 1890 36 41 le
595 1889 121 47 livre,
755 1889 34 40 la
825 1893 206 50 peinture
1066 1898 46 31 et
1148 1888 35 41 la
1219 1887 230 56 plastique,
1489 1887 34 41 la
1555 1887 32 41 fi-

185 1970 108 41 gure
335 1956 53 41 de
430 1955 125 41 Celui
598 1955 112 40 dont
752 1953 34 41 la
828 1953 306 55 bibliothèque
1178 1962 183 45 portera
1403 1952 36 41 le
1482 1966 117 33 nom,

187 2020 166 42 semble
384 2020 53 41 de
470 2029 154 31 nature
655 2021 22 38 à
707 2018 144 41 rallier
878 2027 103 32 tous
1013 2018 58 40 les
1100 2018 223 54 suffrages.
1355 2016 63 42 Ce
1452 2018 148 40 musée

186 2090 134 36 serait
348 2085 193 41 entouré
571 2084 53 41 de
653 2083 123 41 salles
805 2083 225 41 destinées
1058 2084 22 39 à
1110 2091 165 32 mettre
1304 2095 51 27 en
1387 2082 213 41 évidence

189 2150 215 41 l'histoire
440 2150 55 40 du
536 2148 119 47 livre,
692 2148 54 40 de
785 2147 34 41 la
856 2146 322 56 bibliothèque,
1214 2156 84 32 etc.
1339 2146 86 41 Des
1461 2146 139 56 cycles

188 2215 54 41 de
266 2228 145 33 cours,
436 2214 53 40 de
522 2213 303 46 conférences,
858 2221 127 46 ayant
1016 2217 106 36 trait
1157 2221 280 32 notamment
1468 2213 23 39 à
1524 2225 76 28 nos

188 2279 211 41 richesses
445 2278 242 55 livresques
728 2291 57 27 ou
831 2281 303 43 manuscrites,
1177 2290 23 41 y
1242 2281 193 36 seraient
1476 2291 100 41 orga-

188 2345 125 40 nisés.
355 2343 50 40 Le
445 2344 148 39 musée
630 2347 290 41 constituera,
960 2355 114 42 pour
1112 2341 34 41 la
1183 2341 322 55 bibliothèque,
1546 2355 52 27 un

187 2408 196 41 élément
429 2407 199 41 d'attrait
673 2407 54 40 de
776 2406 92 56 plus
914 2416 46 31 et
1005 2420 43 27 sa
1096 2407 212 54 présence
1359 2411 134 36 serait
1547 2406 53 41 de

188 2482 156 32 nature
384 2474 22 38 à
445 2486 24 41 y
510 2473 127 40 créer
679 2485 52 27 un
778 2481 290 31 mouvement
1108 2470 278 56 scientifique
1428 2480 45 32 et
1514 2470 66 42 cul-

184 2537 131 41 turel.
350 2536 20 41 Il
404 2536 147 42 suffira
581 2536 53 41 de
668 2536 261 55 reprendre,
961 2550 75 26 sur
1066 2536 76 40 des
1176 2536 120 40 bases
1331 2536 92 55 plus
1448 2536 151 55 larges,

190 2602 126 40 l'idée
351 2606 71 50 qui
458 2615 22 27 a
515 2601 175 55 présidé
724 2602 22 39 à
781 2601 35 40 la
849 2602 197 40 création
1084 2601 53 40 de
1174 2601 35 40 la
1242 2600 102 41 salle
1380 2601 198 55 d'exposi-

186 2671 95 36 tion
317 2665 200 42 actuelle.
554 2666 46 41 Ici
637 2679 178 33 encore,
852 2665 35 41 la
918 2666 214 40 tradition
1171 2679 108 27 nous
1313 2670 166 37 servira
1511 2665 69 42 d'e-

183 2730 191 56 xemple.

191 2796 51 40 Le
277 2799 167 37 terrain
482 2809 45 26 se
561 2804 163 31 trouve
763 2799 272 36 maintenant
1071 2794 197 55 déblayé,
1306 2795 133 41 d'une
1473 2794 124 55 façon

186 2860 206 55 générale
419 2869 46 31 et
494 2859 411 55 particulièrement
932 2860 54 40 de
1016 2859 151 56 l'angle
1198 2859 138 56 belge,
1366 2860 53 40 de
1445 2869 155 32 toutes

187 2924 57 41 les
294 2929 229 51 questions
572 2929 277 36 accessoires.
931 2924 124 41 Nous
1106 2938 200 41 pouvons
1356 2929 242 51 envisager,

184 3002 102 28 avec
310 2989 227 55 l'ampleur
557 2988 159 56 qu'elle
739 2994 140 50 exige,
912 2988 34 42 la
974 2998 227 32 structure
1230 2989 205 55 générale
1465 2990 133 40 d'une

188 3053 305 56 bibliothèque
527 3053 188 47 modèle,
746 3053 106 41 telle
885 3053 160 56 qu'elle
1076 3055 196 54 apparaît
1303 3056 22 39 à
1354 3054 241 56 quelqu'un

185 3118 111 41 dont
327 3117 57 42 les
412 3119 315 54 compétences
755 3131 52 28 en
841 3119 182 40 matière
1052 3119 54 40 de
1137 3118 331 57 bibliothèques
1496 3129 102 31 sont

184 3182 164 47 faibles,
380 3187 101 36 mais
509 3196 85 41 que
624 3182 159 55 l'usage
811 3187 181 36 continu
1023 3183 53 40 de
1106 3183 35 40 la
1171 3183 157 55 Royale
1356 3198 21 26 a
1404 3183 192 56 quelque

187 3261 81 40 peu
306 3246 247 42 familiarisé
592 3261 103 27 avec
735 3246 58 42 les
834 3248 343 40 incommodités
1216 3248 54 41 de
1312 3248 34 41 la
1383 3253 210 36 situation

183 3310 201 42 actuelle.

186 3376 53 40 En
281 3380 251 50 exprimant
574 3380 47 36 ici
665 3386 130 31 notre
835 3381 101 42 avis,
979 3390 110 28 nous
1131 3377 178 41 n'avons
1352 3377 243 42 nullement

186 3439 35 41 la
263 3440 179 41 ridicule
485 3441 256 54 prétention
785 3441 53 41 de
878 3441 176 41 vouloir
1094 3442 143 41 dicter
1276 3442 76 41 des
1395 3442 77 41 lois
1512 3456 84 28 aux

186 3504 357 41 bibliothécaires
590 3515 45 31 et
680 3519 85 27 aux
810 3505 279 47 architectes,
1141 3511 101 36 mais
1291 3506 21 41 il
1364 3507 111 41 n'est
1524 3521 71 42 pas

186 3573 186 37 mauvais
407 3571 226 53 peut-être
666 3583 85 42 que
786 3570 36 41 le
857 3575 126 50 point
1015 3571 53 40 de
1101 3585 82 26 vue
1216 3571 55 41 du
1308 3571 169 42 lecteur
1508 3577 87 36 soit

183 3634 167 54 exposé
388 3638 196 51 puisque,
621 3636 126 53 après
781 3644 117 37 tout,
934 3635 108 41 c'est
1079 3650 113 40 pour
1228 3636 52 40 lui
1318 3650 85 41 que
1440 3636 58 41 les
1536 3637 40 40 bi-

186 3697 282 56 bliothèques
511 3709 102 31 sont
656 3698 138 42 faites.
842 3699 70 41 On
962 3714 51 26 ne
1058 3700 167 41 semble
1273 3714 70 42 pas
1386 3706 208 50 toujours

183 3761 89 41 s'en
322 3764 97 39 être
458 3763 153 41 douté.
654 3764 49 40 La
743 3763 309 57 Bibliothèque
1091 3764 234 42 Albertine
1364 3766 95 40 doit
1496 3768 98 39 être

187 3825 227 42 l'occasion
452 3827 54 40 de
544 3832 174 37 revenir
751 3842 75 27 sur
861 3829 221 40 d'anciens
1118 3839 253 32 errements
1406 3835 71 50 qui
1513 3841 81 31 ont

1673 280 191 32 souvent
1902 269 75 42 fait
2018 269 53 40 de
2114 283 78 27 nos
2232 270 162 55 dépôts
2434 272 76 39 des
2551 273 446 38 «conservatoires»
3037 269 56 39 de

1675 336 142 46 livres,
1857 335 105 40 dans
1999 343 132 31 toute
2172 334 34 40 la
2241 334 123 41 force
2403 336 55 40 du
2498 345 163 36 terme,
2703 334 149 54 plutôt
2890 346 87 42 que
3016 333 77 39 des

1672 410 176 31 centres
1880 403 168 37 vivants
2081 398 54 40 de
2169 398 167 42 lecture
2368 409 46 31 et
2446 400 54 40 de
2535 398 254 42 recherche.

1686 530 28 40 1.
1841 529 50 40 La
1933 528 222 54 première
2197 527 164 55 qualité
2402 529 133 40 d'une
2580 526 310 55 bibliothèque
2930 534 67 32 est
3038 525 56 41 de

1670 602 266 47 comporter
1990 591 76 41 des
2119 596 191 37 services
2363 591 334 42 administratifs
2751 600 46 31 et
2850 590 243 55 généraux,

1670 662 110 37 aussi
1816 658 169 54 précies
2018 665 45 31 et
2094 660 109 36 aussi
2237 656 272 56 développés
2541 670 86 42 que
2662 654 205 57 possible.
2903 654 47 41 Et
2984 668 109 27 nous

1669 736 170 41 voyons
1893 720 327 56 parfaitement,
2272 734 174 28 comme
2500 722 224 55 première
2778 719 122 41 unité
2952 718 54 41 de
3060 718 34 40 la

1668 786 152 42 future
1859 785 251 46 Albertine,
2153 798 53 27 un
2248 795 302 45 groupement
2589 793 297 47 comprenant
2928 782 36 41 le
3004 796 69 27 ser-

1669 856 92 36 vice
1797 851 53 41 de
1887 850 34 40 la
1957 849 320 55 bibliographie
2313 850 53 40 de
2404 850 222 56 Belgique,
2662 849 160 55 chargé
2857 861 52 27 en
2950 849 145 38 même

1668 925 148 45 temps
1846 915 54 41 du
1933 915 140 54 dépôt
2105 913 129 56 légal;
2269 927 52 27 un
2353 919 168 36 service
2551 915 76 40 des
2658 913 146 42 achats
2835 922 46 31 et
2910 912 79 40 des
3019 925 52 27 en-

1668 982 122 39 trées
1813 990 45 31 et
1882 993 53 28 un
1960 983 169 37 service
2152 978 54 41 de
2228 978 378 56 cataloguisation.
2630 979 34 41 Y
2686 983 195 37 seraient
2902 977 193 54 adjoints

1672 1059 52 27 un
1751 1049 168 37 service
1945 1044 53 40 de
2026 1045 100 53 prêt
2150 1057 49 27 au
2227 1043 165 41 dehors
2419 1058 113 40 pour
2558 1044 58 41 les
2644 1044 128 41 livres
2798 1043 53 41 de
2879 1042 35 40 la
2940 1041 134 41 biblio-

1668 1110 169 55 thèque
1882 1119 46 31 et
1980 1108 76 41 des
2099 1117 150 31 autres
2305 1108 329 56 bibliothèques
2686 1109 55 40 du
2796 1120 100 42 pays
2947 1115 45 31 et
3039 1105 54 41 de

1672 1174 253 55 l'étranger,
1966 1177 102 36 ainsi
2103 1172 135 55 qu'un
2273 1177 168 37 service
2474 1174 54 40 de
2563 1172 329 56 photographie
2933 1170 164 56 chargé

1669 1240 53 40 de
1751 1252 230 42 procurer,
2030 1251 84 27 aux
2162 1237 190 41 lecteurs
2398 1247 45 31 et
2492 1240 22 38 à
2561 1238 35 40 la
2646 1237 324 55 bibliothèque,
3017 1235 78 41 des

1670 1304 265 41 documents
1949 1306 235 37 —anciens
2205 1315 56 27 ou
2293 1302 236 42 modernes
2543 1317 155 41 —que
2728 1316 77 27 nos
2833 1301 263 41 collections

1672 1383 51 26 ne
1753 1368 242 55 possèdent
2027 1380 70 41 pas
2129 1366 105 41 dans
2269 1366 226 56 l'original.

2969 1429 12 9 r

1670 1444 124 41 C'est
1820 1445 21 39 à
1868 1456 53 28 un
1949 1447 170 36 service
2146 1442 54 40 de
2227 1456 47 26 ce
2300 1456 137 42 genre
2463 1457 86 41 que
2578 1442 59 42 les
2663 1442 165 55 dépôts
2855 1441 76 41 des
2961 1440 136 42 Etats-

1674 1510 106 40 Unis
1812 1509 185 40 doivent
2028 1507 54 40 de
2117 1507 214 55 posséder
2362 1507 76 41 des
2472 1508 349 55 reproductions
2855 1506 216 55 photogra-

1674 1574 200 55 phiques,
1910 1573 238 40 coûteuses
2185 1571 21 41 il
2244 1581 67 31 est
2345 1577 104 42 vrai,
2485 1572 54 41 de
2576 1572 129 41 livres
2739 1585 57 27 ou
2833 1571 55 41 de
2926 1584 143 27 manus-

1672 1643 105 37 crits
1808 1638 226 54 précieux,
2063 1635 263 56 d'ouvrages
2354 1638 189 54 épuisés,
2573 1647 45 31 et
2646 1641 188 51 appoint
2864 1635 93 56 plus
2989 1634 106 42 utile

1674 1705 244 54 peut-être,
1952 1701 59 41 les
2039 1710 149 32 tomes
2222 1712 259 45 manquants
2513 1702 133 41 d'une
2677 1700 238 43 collection
2951 1701 122 54 pério-

1672 1769 133 54 dique
1839 1765 213 43 autrefois
2086 1765 282 56 dépareillée.

1671 1844 37 40 A
1738 1858 70 27 ces
1839 1847 191 37 services
2060 1842 334 41 administratifs
2425 1842 96 42 doit
2552 1844 98 39 être
2679 1846 143 51 jointe
2856 1855 84 27 une
2971 1840 126 41 école

1672 1909 54 41 de
1757 1907 373 46 bibliothécaires,
2160 1916 289 46 comportant
2479 1907 57 41 les
2568 1907 155 41 locaux
2750 1915 46 32 et
2827 1905 35 41 le
2895 1905 198 41 matériel

1674 1974 281 45 nécessaires,
2004 1971 287 56 puisqu'aussi
2340 1972 97 41 bien
2482 1972 110 41 c'est
2635 1973 21 40 à
2702 1971 34 41 la
2782 1970 314 55 Bibliothèque

1670 2037 236 42 Albertine
1944 2051 86 41 que
2070 2036 59 41 les
2169 2040 344 44 universitaires,
2552 2037 226 41 candidats
2804 2037 22 39 à
2865 2049 85 28 une
2974 2035 99 41 fonc-

1669 2108 95 36 tion
1806 2103 54 40 de
1903 2101 349 47 bibliothécaire,
2296 2112 221 44 pourront
2559 2101 35 42 le
2638 2106 147 36 mieux
2824 2115 45 26 se
2907 2100 186 41 former.

1674 2168 114 40 Dans
1825 2181 83 27 une
1938 2171 196 36 certaine
2173 2180 187 33 mesure,
2387 2176 120 31 cette
2544 2171 252 36 institution
2834 2179 233 41 compense-

1674 2237 80 36 rait
1792 2232 216 40 l'absence
2045 2231 133 41 d'une
2215 2231 124 41 école
2375 2232 76 40 des
2488 2231 203 41 Chartes.

1677 2308 37 42 2.
1830 2308 96 41 Une
1964 2307 310 55 bibliothèque
2312 2321 50 27 ne
2398 2308 95 40 doit
2530 2322 71 41 pas
2636 2312 116 36 viser
2787 2306 252 42 seulement
3074 2308 21 39 à

1670 2373 175 41 fournir
1877 2387 49 27 au
1964 2372 145 56 public
2145 2386 173 41 moyen,
2352 2371 161 42 cultivé
2545 2387 56 26 ou
2637 2381 164 38 savant,
2839 2371 59 42 les
2933 2376 139 37 instru-

1675 2447 143 32 ments
1849 2438 53 41 de
1935 2437 170 42 lecture
2135 2451 56 27 ou
2223 2437 54 41 de
2310 2437 256 41 recherche.
2600 2437 20 40 Il
2656 2437 54 41 lui
2740 2436 92 42 faut
2862 2436 106 41 aller
3001 2435 94 56 plus

1674 2503 85 41 loin
1798 2517 85 41 que
1922 2502 251 41 l'initiation
2215 2501 295 42 individuelle.
2552 2501 82 42 Elle
2671 2507 143 36 visera
2849 2503 21 39 à
2908 2501 164 41 l'éduca-

1670 2573 96 36 tion
1796 2567 245 42 collective.
2073 2567 21 41 Il
2125 2576 69 32 est
2222 2566 221 42 d'ailleurs
2471 2567 54 41 de
2553 2580 78 28 son
2663 2567 169 41 intérêt
2860 2567 54 41 de
2946 2571 148 36 mieux

1672 2646 44 28 se
1743 2632 107 42 faire
1879 2634 232 40 connaître
2141 2632 105 41 dans
2278 2631 256 42 l'ensemble
2564 2632 55 41 du
2653 2646 113 40 pays.

1671 2708 178 42 Suivant
1884 2708 34 40 la
1950 2712 268 51 conception
2253 2708 277 46 américaine,
2564 2712 30 36 si
2632 2707 131 41 noble
2796 2717 45 31 et
2874 2712 31 36 si
2940 2708 124 40 démo-

1671 2778 215 50 cratique,
1920 2773 34 40 la
1985 2772 309 56 bibliothèque
2324 2773 96 40 doit
2448 2777 130 51 jouer
2609 2786 54 27 un
2698 2773 93 40 rôle
2822 2772 155 41 social:
3009 2772 84 41 elle

1671 2852 45 27 se
1738 2839 96 40 doit
1855 2837 252 56 d'éduquer
2130 2837 58 42 les
2214 2851 171 33 masses,
2411 2851 75 41 par
2509 2837 34 41 la
2566 2836 149 56 parole
2736 2847 46 31 et
2806 2851 77 42 par
2905 2837 186 56 l'image.

1674 2903 95 40 Une
1813 2902 307 56 bibliothèque
2160 2902 234 41 Albertine
2436 2902 181 55 parfaite
2660 2916 52 26 ne
2751 2916 45 27 se
2836 2907 258 36 concevrait

1673 2982 70 40 pas
1787 2982 95 26 sans
1926 2967 216 56 quelques
2185 2967 123 41 salles
2354 2968 229 40 réservées
2626 2968 22 39 à
2690 2968 77 40 des
2810 2971 283 51 expositions

1668 3037 300 51 temporaires
2001 3046 57 27 ou
2098 3042 314 45 permanentes
2446 3041 45 31 et
2526 3033 22 39 à
2581 3032 76 40 des
2692 3031 142 56 cycles
2869 3032 54 41 de
2958 3046 134 26 cours

1667 3111 56 27 ou
1755 3098 53 40 de
1837 3096 303 42 conférences.
2174 3097 99 40 Bien
2307 3101 161 42 mieux,
2498 3096 83 41 elle
2609 3110 46 27 se
2684 3097 97 41 doit
2810 3097 53 40 de
2896 3110 195 27 renouer

1670 3176 83 27 une
1789 3161 143 42 vieille
1967 3162 230 46 tradition,
2234 3161 290 41 abandonnée
2562 3161 155 55 depuis
2756 3161 266 56 longtemps,
3045 3170 46 32 et

1667 3227 54 40 de
1749 3227 107 40 faire
1889 3228 205 54 paraître,
2124 3228 22 39 à
2177 3225 158 56 l'usage
2366 3225 76 42 des
2475 3225 192 42 lecteurs
2696 3241 87 41 que
2816 3226 34 41 la
2871 3226 133 41 chose
3031 3230 40 36 in-

1665 3293 186 45 téresse,
1881 3305 83 28 une
1995 3291 145 41 Revue
2165 3304 57 27 ou
2253 3304 52 27 un
2337 3289 202 48 Bulletin,
2568 3291 174 41 destiné
2765 3293 22 39 à
2816 3296 147 36 mieux
2982 3290 109 41 faire

1665 3358 232 39 connaître
1928 3370 67 27 ses
2025 3356 213 41 activités.
2271 3354 63 42 Ce
2363 3354 169 48 faisant,
2566 3355 35 41 la
2625 3356 312 55 Bibliothèque
2961 3370 104 27 exer-

1665 3435 113 33 cera,
1814 3423 22 39 à
1870 3435 77 27 son
1988 3420 148 56 profit,
2175 3420 34 40 la
2246 3419 92 55 plus
2376 3420 106 40 utile
2518 3420 76 41 des
2632 3422 320 54 propagandes.

1671 3497 37 41 3.
1819 3497 255 41 Venons-en
2111 3500 273 37 maintenant
2415 3497 21 39 à
2469 3495 34 41 la
2532 3498 235 40 troisième
2798 3502 187 36 section.

1665 3573 136 41 Cette
1825 3577 186 42 section,
2037 3573 21 39 à
2083 3570 235 56 personnel
2346 3571 196 47 distinct,
2568 3572 96 41 doit
2688 3577 141 37 servir
2853 3573 54 41 de
2935 3572 134 42 biblio-

1664 3637 170 56 thèque
1870 3636 292 43 communale.
2202 3636 115 40 Dans
2352 3650 78 26 son
2469 3636 145 47 cadre,
2651 3651 56 26 on
2748 3651 166 42 pourra
2945 3637 125 42 facile-

1668 3712 122 31 ment
1823 3704 170 39 insérer
2023 3710 120 32 cette
2175 3700 100 40 salle
2309 3700 53 41 de
2393 3705 222 50 journaux
2646 3716 85 41 que
2766 3702 85 41 l'on
2889 3707 198 50 projette

1666 3767 155 55 depuis
1859 3766 265 56 longtemps,
2160 3775 46 30 et
2243 3778 83 27 une
2362 3764 101 42 salle
2500 3766 54 40 de
2592 3766 169 42 lecture
2797 3777 46 31 et
2878 3768 54 40 de
2971 3769 117 53 prêt,

1667 3831 234 41 accessible
1931 3845 49 26 au
2015 3829 144 56 public
2191 3829 192 41 habituel
2416 3830 77 41 des
2523 3831 161 54 dépôts
2719 3832 266 54 populaires.
