3310 4459
143 347 140 37 COUR
317 346 209 37 D'ENTREE
559 347 53 36 DE
646 346 170 37 L'USINE

142 426 32 33 A
205 422 446 37 CAPPELLE-AU-BOIS.

142 496 45 34 A.
214 492 213 42 CORNUT,
454 492 305 37 ARCHITECTE.
786 492 225 37 S.B.U.A.M.

162 2685 177 35 Bâtiment
365 2683 48 36 de
441 2682 192 36 caractère
663 2679 197 48 provisoire
888 2678 44 35 où
961 2676 29 36 le
1018 2677 175 35 matériau

159 2745 172 49 fabriqué
369 2759 63 34 par
468 2744 120 36 l'usine
623 2745 103 33 entre
763 2755 90 34 pour
887 2753 67 22 une
987 2740 73 35 très
1095 2738 99 46 large

162 2813 92 44 part.

160 2879 12 35 1
186 2880 127 40 oiture,
340 2878 248 36 revêtements
615 2875 185 36 intérieurs
826 2876 37 32 et
888 2886 42 21 en
959 2872 115 47 partie
1100 2872 76 35 exté-

162 2942 117 40 rieurs,
313 2944 141 44 tuyaux,
490 2937 267 40 canalisations,
797 2938 314 44 porte-panneaux
1148 2933 47 36 de

164 3002 171 42 meubles,
362 3006 84 37 etc.,
472 3004 81 33 sont
578 3013 43 22 en
647 2998 145 36 éternit.

163 3072 217 49 Charpente
441 3069 208 47 métallique
709 3081 91 22 avec
857 3065 236 49 remplissage
1153 3079 42 22 en

166 3134 157 48 briques.

166 3206 92 35 Dans
279 3204 30 37 le
329 3203 103 42 fond,
456 3202 47 36 les
526 3201 168 40 bureaux,
717 3198 252 41 laboratoires,
992 3202 71 32 etc.

164 3276 33 34 A
241 3274 120 37 droite
406 3273 30 36 le
479 3272 170 35 vestiaire
694 3273 38 32 et
775 3267 198 38 refectoire
1019 3282 88 34 pour
1152 3266 47 37 les

167 3339 167 34 ouvriers.

169 3407 42 36 La
240 3406 114 49 photo
380 3409 55 32 est
463 3405 92 47 prise
580 3402 47 36 de
654 3401 28 36 la
710 3400 83 47 loge
820 3400 47 36 du
893 3401 210 44 concierge.

167 3478 33 35 A
238 3474 247 49 l'avant-plan,
524 3471 154 38 colonne
717 3485 42 22 en
799 3471 132 35 éternit
967 3473 37 32 et
1042 3483 73 21 mur
1152 3467 48 36 de

169 3538 136 36 clôture
331 3538 118 36 formé
479 3549 63 35 par
569 3549 41 21 un
639 3537 114 32 muret
779 3532 89 36 dans
894 3530 116 49 lequel
1037 3534 80 32 sont
1143 3544 40 21 en-

169 3602 136 34 castrés
335 3600 65 36 des
429 3603 132 42 tuyaux
591 3610 42 22 en
662 3595 133 36 éternit
825 3592 142 49 remplis
996 3592 48 36 de
1075 3591 126 37 béton.

173 3670 99 36 Entre
303 3669 48 36 les
379 3673 141 43 tuyaux,
552 3666 47 36 de
628 3665 92 37 fines
750 3663 115 48 grilles
894 3662 143 37 laissant
1066 3663 75 35 voir
1171 3660 28 37 la

172 3746 84 22 cour
288 3731 48 36 de
369 3730 134 36 l'usine.
536 3727 151 37 Celle-ci
722 3727 174 48 apparaît
927 3725 90 36 dans
1050 3723 29 37 le
1112 3723 88 37 fond

172 3793 159 36 derrière
362 3791 30 37 le
423 3791 125 36 rideau
578 3789 165 37 d'arbres
773 3793 36 32 et
839 3802 36 22 se
907 3786 212 48 développe
1149 3800 55 21 sur

174 3869 66 22 une
275 3854 174 46 longueur
482 3852 48 37 de
566 3851 74 50 plus
673 3851 47 37 de
755 3850 93 37 deux
880 3854 101 32 cents
1016 3850 133 35 mètres
1182 3848 20 34 à

172 3915 98 38 front
294 3916 47 36 du
366 3914 101 37 canal
494 3916 189 35 maritime.

791 4198 91 30 Photo
897 4199 36 29 C.
947 4196 256 37 Vandenberghe.
