2842 4422
270 4103 91 66 52

276 347 358 57 Vontinten:
674 347 181 57 Nicht
914 347 170 65 doch,
1141 347 162 57 Herr
1361 347 329 65 Schatzrat,
1748 367 119 37 nur
1922 347 128 57 daß
2110 348 142 58 Ihre
2308 367 160 39 neue
2526 350 143 58 Bart-

674 428 212 66 tracht,
920 428 343 56 besonders
1297 428 103 56 die
1436 427 226 71 Fliege,
1697 428 158 56 mich
1883 427 96 59 als
2012 428 443 72 Tierplastiker
2486 428 182 60 künst-

676 507 220 60 lerisch
947 508 242 56 lebhaft
1235 514 213 52 reizen
1497 508 229 58 würde.

276 587 259 59 Krösus:
676 588 118 58 Die
845 588 208 70 Fliege
1102 587 149 59 muß
1301 587 232 59 wieder
1582 596 233 51 runter.
1883 590 210 57 Meine
2145 588 161 59 Frau
2356 590 170 58 stößt
2573 594 130 54 sich

675 668 213 59 daran.

274 748 359 59 Vonunten:
674 751 176 57 Oder
884 750 160 57 Frau
1080 748 375 59 Gemahlin?
1504 750 184 57 Mehr
1721 750 97 58 als
1853 751 296 58 dreizehn
2182 751 233 58 Büsten
2448 752 254 59 dürften

674 832 106 57 Sie
830 837 66 51 in
940 831 149 57 dem
1137 831 208 57 Genre
1395 831 164 58 nicht
1606 830 223 59 haben.

274 911 260 57 Krösus:
675 912 86 57 So
811 917 250 65 praeter
1109 919 277 63 propter.
1453 911 154 58 Man
1658 914 164 55 sieht
1870 914 129 58 sich
2049 912 183 59 leicht
2281 914 197 57 daran
2528 914 170 58 über.

272 991 361 60 Vonunten:
672 992 168 57 Aber
901 991 310 60 vielleicht
1267 1013 110 38 zur
1436 992 438 73 Abwechslung
1933 995 164 57 nicht
2154 1014 118 38 nur
2335 995 103 57 die
2496 995 207 67 Büste,

670 1074 278 57 sondern
992 1072 130 59 mal
1169 1074 194 58 alles?

272 1154 262 58 Krösus:
675 1155 101 56 Ich
813 1155 111 56 bin
963 1160 65 52 in
1062 1155 117 57 der
1217 1154 233 58 letzten
1486 1155 136 58 Zeit
1660 1168 107 58 arg
1804 1157 509 56 menschenscheu
2353 1156 351 71 geworden.

272 1235 360 60 Vonunten:
671 1235 183 58 Dann
906 1236 169 66 aber,
1128 1236 164 57 Herr
1345 1236 331 66 Schatzrat,
1733 1243 82 53 ist
1869 1244 204 53 meine
2129 1239 446 57 Wissenschaft
2623 1259 76 38 zu

671 1315 193 60 Ende.

272 1397 261 58 Krösus:
672 1397 158 58 Muß
882 1418 72 38 es
1004 1399 171 57 denn
1229 1404 221 52 immer
1503 1404 104 53 ein
1660 1397 140 59 Tier
1852 1400 159 57 oder
2063 1406 102 51 ein
2219 1400 255 57 Mensch
2526 1401 178 56 sein?

271 1479 359 58 Vonunten:
671 1480 147 57 Was
875 1479 288 72 schlagen
1217 1480 106 57 Sie
1382 1480 151 57 vor?

271 1560 260 57 Krösus:
671 1560 263 57 Kennen
980 1560 105 58 Sie
1132 1560 149 57 Veit
1326 1561 350 57 Vonoben?

271 1657 359 59 Vonunten:
668 1658 350 58 Vonoben?
1085 1658 348 58 Vonoben?

271 1753 260 58 Krösus:
672 1754 139 57 Den
869 1754 360 59 bekannten
1286 1754 396 60 Stillebener.

270 1851 359 60 Vonunten:
670 1852 125 60 Ach
844 1852 141 67 den,
1032 1852 246 71 jawohl,
1326 1853 146 58 sehr
1518 1853 245 72 begabt,
1811 1853 147 59 sehr
2002 1856 319 70 geschickt.

271 1949 260 57 Krösus:
671 1950 310 57 Vonoben
1038 1950 111 57 hat
1204 1956 121 51 mir
1382 1956 108 51 ein
1550 1950 300 58 sublimes
1912 1950 306 58 Stilleben
2275 1952 249 72 gemalt.
2599 1952 105 58 Sie

668 2030 251 58 kennen
962 2036 250 52 meinen
1253 2031 318 71 gotischen
1613 2031 223 59 Stuhl?

271 2111 359 59 Vonunten:
670 2111 362 60 Persönlich
1084 2112 185 58 drauf
1320 2125 312 59 gesessen,
1686 2114 165 58 Herr
1903 2114 333 58 Schatzrat.

270 2209 261 58 Krösus:
671 2209 309 58 Vonoben
1015 2210 109 57 hat
1161 2210 108 57 ihn
1303 2231 143 38 zum
1483 2210 264 59 Greifen
1782 2210 247 73 gemalt,
2064 2231 142 39 zum
2242 2212 279 67 Greifen,
2561 2225 143 59 sage

672 2292 92 57 ich
816 2292 214 57 Ihnen.
1098 2292 147 57 Was
1295 2304 147 59 sage
1497 2292 132 57 ich?
1695 2292 152 58 Zum
1899 2292 227 58 Sitzen.
2195 2293 83 57 Er
2327 2293 216 57 mußte
2596 2293 108 58 ihn

670 2374 266 57 beinahe
980 2373 282 58 zweimal
1303 2373 225 58 malen.
1588 2373 190 60 Hatte
1827 2374 108 57 ihn
1977 2375 208 58 feucht
2229 2396 80 37 an
2353 2375 102 58 die
2500 2375 204 60 Wand

668 2454 268 71 gestellt.
1009 2455 74 58 In
1133 2455 437 71 Lebensgröße
1626 2455 276 58 versteht
1952 2457 147 61 sich.
2170 2457 147 57 Will
2373 2469 207 59 sagen,
2634 2490 69 6 —

672 2542 83 61 in,
812 2557 85 37 na
952 2537 109 57 Sie
1119 2537 332 57 verstehen
1509 2538 174 65 mich,
1744 2543 65 51 in
1865 2537 376 58 natürlicher
2299 2538 233 66 Größe,
2593 2538 111 57 des

670 2617 216 58 Stuhls
952 2618 322 58 natürlich.
1358 2618 263 58 Kennen
1687 2618 107 58 Sie
1862 2619 426 57 Hintenraus?
2372 2619 332 59 Professor

668 2698 426 58 Hintenraus?
1165 2698 128 58 Der
1344 2699 108 57 hat
1505 2700 129 60 sich
1687 2700 187 56 drauf
1876 2707 252 63 gesetzt,
2182 2721 124 37 was
2363 2700 92 58 ich
2507 2700 197 58 Ihnen

668 2793 166 59 sage,
884 2787 225 52 mitten
1159 2788 97 55 ins
1305 2780 160 59 Bild.
1532 2782 105 57 Sie
1688 2782 250 58 kennen
1985 2782 159 57 doch
2192 2783 103 57 die
2349 2783 354 58 Geschichte

671 2881 122 38 von
845 2862 224 58 Zeuxis
1117 2862 132 57 und
1301 2862 298 72 Äpelles?

268 2943 361 58 Vonunten:
670 2944 125 57 Ach
846 2951 83 64 ja,
982 2944 104 59 die
1137 2944 250 66 beiden,
1441 2944 146 59 sehr
1636 2951 108 66 gut
1792 2958 202 59 sogar.

271 3041 262 57 Krösus:
670 3041 103 58 Nu
836 3042 197 57 hören
1093 3042 106 59 Sie
1262 3042 144 66 mal,
1474 3043 123 56 den
1659 3041 180 60 Stuhl
1905 3047 252 52 müssen
2217 3042 105 59 Sie
2386 3048 120 53 mir
2570 3062 99 39 ver-

670 3121 334 74 plastiken.

270 3203 362 59 Vonunten:
671 3205 105 57 Sie
818 3205 292 58 meinen?

271 3301 262 57 Krösus:
672 3302 93 72 Ja.
832 3302 98 58 'ne
973 3302 225 59 schöne
1245 3301 262 60 Plastik.
1574 3302 165 58 Vom
1785 3301 199 61 Stuhl.

270 3398 360 59 Vonunten:
671 3399 155 58 Gott
888 3405 81 65 ja,
1032 3419 232 38 warum
1324 3400 206 60 nicht?
1610 3399 132 58 Mal
1806 3421 126 38 was
1992 3400 308 59 anderes?
2380 3402 323 71 Alltäglich

672 3493 153 60 ganz
859 3482 198 71 gewiß
1090 3483 184 57 nicht.
1326 3482 127 58 Der
1488 3482 183 58 Stuhl
1704 3482 234 59 könnte
1974 3489 119 51 mir
2128 3495 181 60 sogar
2344 3489 108 66 gut
2485 3483 217 72 liegen.

271 3560 262 59 Krösus:
672 3563 99 57 Na
827 3564 167 56 denn
1044 3583 132 46 ran,
1230 3564 207 57 hauen
1491 3564 106 57 Sie
1653 3562 115 59 los.

270 3659 362 59 Vonunten:
671 3659 144 57 Und
879 3666 116 52 wie
1061 3661 249 57 denken
1373 3661 106 58 Sie
1546 3661 123 58 sich
1737 3661 156 57 das?
1973 3661 280 59 Marmor
2314 3666 163 54 wäre
2542 3662 162 57 nicht

670 3741 282 58 schlecht.

272 3823 261 59 Krösus:
672 3824 88 59 Zu
815 3824 242 66 schwer,
1109 3824 282 68 Meister,
1444 3823 127 60 viel
1620 3843 78 41 zu
1749 3826 245 57 schwer.

270 3920 362 59 Vonunten:
671 3921 183 58 Dann
903 3922 243 70 greifen
1193 3929 112 52 wir
1352 3941 75 40 zu
1480 3922 255 60 Bronze.
