2842 4422
281 4081 93 66 54

283 313 982 125 Rampenrummel

272 481 610 76 Sprechbeamte
924 474 381 78 sprechen

423 601 119 59 Ort
597 602 113 56 der
759 597 361 70 Handlung:
1173 595 88 57 St.
1314 594 262 57 Helena.
1647 592 127 57 Auf
1824 591 115 57 der
1990 590 215 56 Bühne
2255 590 116 56 der
2424 587 280 59 Berliner

277 681 570 59 Volksbühne.
905 679 74 57 In
1018 677 112 57 der
1168 676 186 56 Mitte
1397 675 112 56 der
1545 672 337 70 Handlung
1923 671 194 66 „Der

277 764 324 57 Monsieur
649 760 330 72 Napoleon
1027 756 367 74 persönlich,
1444 762 114 50 wie
1611 774 68 38 er
1728 755 130 56 lebt
1906 752 131 57 und
2086 751 171 57 leibt.
2325 750 128 57 Das
2502 748 200 58 heißt:

274 850 116 52 wie
434 844 164 57 Herr
640 841 353 59 Alexander
1036 840 226 56 Moissi
1309 837 112 58 das
1464 836 211 59 Leben
1717 835 129 56 und
1890 834 233 57 Leiben
2168 832 111 56 des
2325 830 342 58 Franzosen-

275 925 240 57 kaisers
565 921 302 60 vorstellt.
929 920 126 57 Der
1103 917 352 59 Alexander
1504 916 123 57 den
1671 915 348 70 Napoleon.

421 1000 693 62 Bühnenschriftsteller
1150 1000 131 57 und
1322 996 396 59 Dramatiker
1758 995 353 57 Alexander
2150 994 225 55 Moissi
2414 990 146 58 kam
2601 991 109 57 auf

277 1088 123 57 den
446 1090 274 53 smarten
764 1082 365 65 Gedanken,
1177 1081 102 56 die
1327 1077 364 72 Zwiespälte
1737 1076 297 59 zwischen
2079 1074 253 57 Mensch
2376 1071 334 71 Napoleon

274 1169 131 56 und
457 1168 205 57 Heros
712 1164 333 71 Napoleon
1664 1159 222 56 Dieser
1939 1157 126 56 fast
2119 1160 412 53 interessante
2586 1152 81 59 Ge-

275 1249 209 57 danke
521 1245 113 60 fiel
672 1253 85 50 im
792 1245 158 58 Lauf
988 1244 112 57 der
1135 1242 135 59 Zeit
1307 1241 327 57 mehreren
1669 1239 486 57 Schriftstellern
2193 1244 120 49 ein.
2363 1236 103 56 Sie
2506 1235 204 57 haben

274 1330 117 57 das
435 1324 655 75 Zwiespalt-Problem
1131 1322 303 59 fallweise
1479 1326 113 51 mit
1634 1319 131 57 und
1806 1319 164 57 ohne
2017 1317 289 58 Geschick

275 1410 353 59 Alexander
667 1408 224 57 Moissi
929 1406 145 71 geht
1110 1405 162 56 nicht
1312 1423 71 38 so
1418 1408 159 52 weit.
1633 1400 81 58 Er
1750 1400 269 71 begnügt
2056 1400 142 63 sich,
2234 1396 475 59 unwesentliche

277 1493 231 57 äußere
551 1490 450 57 Geschehnisse
1045 1494 65 51 in
1152 1484 349 59 äußerliche
1547 1484 247 57 Wörter
1835 1500 76 40 zu
1956 1481 358 71 verpacken.
2372 1479 154 57 Man
2569 1479 142 57 hört

277 1574 263 57 Wörter.
598 1571 198 58 Keine
839 1570 233 57 Worte.
1130 1565 432 71 Beziehungen
1605 1564 108 57 hat
1754 1563 226 58 Moissi
2018 1561 166 59 nicht
2221 1579 78 39 zu
2343 1560 146 57 dem
2528 1559 138 58 Men-

275 1655 201 64 schen,
526 1653 153 57 noch
725 1670 76 39 zu
853 1651 145 58 dem
1045 1649 203 57 Heros
1299 1645 348 72 Napoleon.

420 1735 182 57 Nicht
646 1738 191 66 nötig.
902 1731 115 59 Ein
1064 1729 513 72 Sprechbeamter
1627 1731 158 54 setzt
1831 1725 123 57 sich
2001 1720 585 61 kunst-ulkshalber
2633 1740 79 38 an

278 1824 217 51 seinen
555 1814 607 72 kunstgeschnitzten
1220 1809 404 60 Schreibtisch
1683 1806 133 59 und
1876 1806 266 58 schreibt
2203 1810 140 52 eine
2405 1803 263 57 Bomben-

273 1898 162 58 rolle
477 1898 103 57 für
625 1902 185 52 einen
853 1894 319 70 Kollegen.
1234 1891 122 58 Für
1399 1890 221 57 Albert
1664 1889 306 57 Basser
1987 1905 271 46 mann,
2304 1885 130 66 der,
2480 1884 231 57 einmal

277 1978 423 73 gestaltender
762 1974 449 72 Schauspieler,
1275 1973 127 57 sich
1460 1971 112 59 auf
1638 1970 125 59 den
1825 1968 571 58 formvollendeten
2459 1965 216 71 Sprech-

274 2063 295 56 beamten
620 2058 494 71 zurückgezogen
1164 2055 126 57 hat.

421 2142 478 71 Sprechbeamte
951 2138 314 72 sprechen.
1328 2135 254 66 Schade,
1633 2131 126 60 daß
1808 2138 92 52 sie
1948 2131 198 58 nichts
2196 2162 71 8 —
2310 2140 210 60 sagen.
2586 2126 126 59 Das

275 2224 201 59 heißt:
524 2224 320 56 Premiere
893 2220 114 59 des
1054 2217 526 73 großangelegten
1624 2213 625 73 Napoleon-Dramas
2285 2255 15 15 .
2335 2253 16 16 .
2386 2253 17 16 .

272 2385 218 63 Ahoi:
539 2385 144 62 Der
730 2384 241 75 Neger
1018 2381 96 62 ist
1158 2380 120 63 ein
1330 2377 314 65 Mensch

421 2510 227 57 Mister
693 2507 314 72 Eugene
1070 2502 341 61 O'Neill
1460 2509 82 52 ist
1586 2505 409 66 reinrassiger
2042 2499 118 57 Ire.
2225 2496 270 72 Folglich
2537 2493 141 59 Voll-

274 2590 550 60 blutamerikaner.
898 2587 81 59 Er
1031 2586 149 59 rollt
1236 2586 113 57 das
1403 2582 534 73 Rassenproblem
1992 2580 111 58 der
2160 2579 172 58 USA,
2389 2577 125 59 auf.
2587 2576 126 57 Das

277 2673 294 58 Problem
631 2669 455 61 Schwarzweiß.
1162 2667 127 58 Das
1349 2665 464 58 weißschwarze
1873 2661 297 58 Problem
2226 2660 202 58 heißt:
2490 2657 224 69 „Alle

277 2754 320 58 Kinder
637 2753 305 57 Gottes
983 2750 272 57 haben
1295 2746 254 71 Flüge

423 2836 147 57 Was
620 2835 108 57 hat
776 2834 112 57 der
937 2831 165 59 liebe
1153 2830 154 58 Gott
1355 2835 114 51 mit
1519 2827 124 58 den
1690 2826 282 57 Kindern
2018 2829 349 59 einerseits,
2417 2820 259 62 anderer-

278 2924 152 52 seits
480 2923 113 50 mit
641 2916 123 57 den
813 2914 260 71 Flügeln
1120 2932 75 39 zu
1246 2919 128 51 tun.
1439 2909 145 58 Und
1628 2915 116 51 wie
1794 2906 171 59 stellt
2013 2906 123 57 sich
2187 2905 112 57 der
2349 2904 163 57 liebe
2564 2901 152 57 Gott

275 3019 77 40 zu
395 3000 122 56 den
555 2995 382 75 geflügelten
974 2995 258 57 Worten
1272 2993 113 58 des
1422 2989 714 61 Vollblutamerikaners
2177 2986 212 71 Eugen
2426 2982 289 60 O'Neill?

278 3083 151 57 Dies
481 3100 74 39 zu
609 3080 309 65 erfahren,
970 3076 307 60 technisch
1326 3074 365 71 unmöglich,
1744 3075 161 53 wäre
1959 3075 450 52 interessanter
2457 3067 92 56 als
2606 3066 111 56 das

277 3160 675 74 Rasseproblemstück.
1022 3159 127 57 Das
1201 3156 151 58 nach
1407 3155 145 57 sehr
1605 3153 300 72 geschickt
1956 3151 467 57 konstruierten
2476 3147 241 58 Szenen

277 3244 131 57 und
446 3244 149 56 nach
632 3241 305 59 endlosen
971 3241 251 69 Längen
1256 3258 75 38 zu
1370 3243 205 52 einem
1613 3233 364 61 aufreizend
2010 3230 372 72 originellen
2419 3229 298 71 Ergebnis

278 3327 258 57 kommt.
602 3324 119 58 Die
769 3324 387 70 Gegensätze
1204 3320 300 59 zwischen
1553 3316 182 59 Weiß
1783 3315 132 59 und
1966 3315 275 57 Schwarz
2290 3311 143 59 sind
2480 3310 237 57 nicht

278 3427 75 38 zu
401 3408 365 68 beseitigen.
828 3405 155 56 Man
1027 3404 109 57 hat
1183 3422 67 38 es
1299 3403 185 56 schon
1531 3398 181 72 lange
1758 3395 261 75 gewußt.
2085 3395 177 57 Oder
2307 3414 146 37 man
2500 3391 215 57 dachte

278 3490 273 58 darüber
606 3489 186 56 schon
844 3493 221 52 immer
1120 3484 246 58 anders.

425 3570 127 59 Der
598 3570 218 58 irische
860 3565 529 73 Vollblutyankee
1434 3564 110 57 hat
1586 3582 119 38 uns
1747 3562 200 57 nichts
1987 3559 259 58 erzählt.
2307 3556 83 59 Er
2436 3563 81 51 ist
2558 3573 159 41 zwar

281 3659 102 52 ein
432 3652 169 58 Kind
648 3652 242 57 Gottes.
955 3649 168 57 Aber
1168 3648 164 57 ohne
1383 3644 213 72 Flügel
1647 3650 85 51 im
1778 3644 192 56 Sinne
2019 3640 240 59 Gottes.

427 3734 231 73 Jedoch
707 3733 112 57 das
867 3732 360 68 wichtigste:
1279 3729 113 57 das
1440 3725 331 73 flügellose
1822 3720 694 62 irisch-amerikanische
2567 3719 113 56 Dra-

281 3813 424 61 matikerkind
750 3813 224 58 Gottes
1017 3813 111 56 hat
1170 3807 396 73 festgestellt,
1615 3807 126 57 daß
1784 3805 151 59 auch
1980 3804 106 58 die
2130 3803 207 71 Neger
2381 3800 336 57 Menschen

282 3903 192 52 seien.
536 3897 189 57 Ahoi!
