2669 3901
226 3674 55 33 LA
316 3666 113 42 CITÉ

1311 3666 63 49 55

2178 3683 129 36 MARS
2347 3671 117 47 1922

439 358 67 44 En
539 360 188 40 visitant
761 356 298 51 l'exposition
1095 353 83 43 des
1208 351 134 53 plans
1376 355 28 40 à
1438 352 63 43 l'«
1537 351 222 53 Olympia
1796 369 23 25 »
1861 351 60 43 de
1955 351 223 50 Londres,
2215 355 45 49 je
2295 365 76 28 me

291 437 88 41 suis
409 431 235 45 demandé
671 448 61 25 un
760 432 171 39 instant
957 440 239 31 comment
1225 426 63 44 M.
1322 426 236 49 Dawbert,
1590 425 239 44 réminent
1857 424 261 50 architecte,
2150 423 211 45 membre

296 509 61 42 du
390 512 105 48 jury
529 517 46 31 et
607 501 362 55 vice-président
1005 501 62 43 du
1102 501 152 52 Royal
1293 500 207 43 Instkute
1536 500 49 44 of
1621 501 166 43 British
1822 499 274 49 Architects,
2137 501 127 42 avait
2298 515 66 36 pu

294 596 285 37 encourager
619 595 77 26 ces
738 576 255 44 tendances
1034 588 45 31 et
1122 576 66 41 les
1230 574 210 50 fortifier,
1487 593 56 25 en
1588 573 262 45 admettant
1894 592 88 27 aux
2027 576 250 50 premières
2319 581 47 35 et

292 654 227 45 secondes
555 652 156 53 places
747 651 64 43 les
845 654 178 49 projets
1062 650 59 42 de
1159 649 62 43 M.
1261 647 274 53 Hepworth.

431 728 126 43 C'est
590 743 88 36 que
712 725 63 44 M.
811 724 225 43 Dawbert
1069 727 192 39 connaît
1291 725 155 41 mieux
1479 724 140 52 qu'un
1655 734 128 32 autre
1815 724 41 42 le
1891 722 188 43 charme
2112 724 158 49 exquis
2307 721 59 42 de

296 802 335 45 l'architecture
672 800 292 50 domestique
1002 797 216 52 anglaise,
1260 796 300 44 architecture
1599 796 164 53 simple
1803 809 45 33 et
1886 797 188 52 logique
2109 800 27 40 à
2176 795 42 43 la
2260 795 101 47 fois,

296 874 294 57 proverbiale
613 891 118 34 pour
752 891 85 24 son
860 871 201 44 absence
1084 872 57 43 de
1165 871 110 44 faux
1299 873 103 42 luxe
1425 883 45 32 et
1495 872 59 44 de
1576 871 290 53 tape-à-l'œil
1895 883 43 32 et
1962 875 74 49 qui
2061 870 304 44 s'harmonise

300 954 32 40 si
359 950 353 43 heureusement
735 950 27 39 à
788 945 294 44 l'admirable
1108 962 260 35 campagne
1395 948 348 40 environnante.

437 1023 125 43 C'est
588 1039 90 34 que
701 1033 73 31 cet
800 1019 248 44 architecte
1072 1020 211 52 n'ignore
1309 1037 97 35 pas,
1436 1037 55 26 en
1521 1030 143 38 outre,
1695 1019 42 44 le
1761 1030 233 32 contraste
2021 1017 349 52 épouvantable

301 1116 89 35 que
419 1096 272 54 produisent
720 1112 75 26 ces
826 1096 326 50 importations
1183 1092 341 45 malheureuses
1555 1097 75 49 qui
1660 1097 151 49 jurent
1845 1112 93 25 non
1970 1092 256 44 seulement
2257 1108 113 26 avec

301 1173 64 43 les
393 1171 242 43 traditions
672 1169 309 52 (qu'importe
1009 1168 141 52 ceci),
1183 1171 114 40 mais
1327 1184 114 27 avec
1468 1168 64 43 les
1561 1167 127 44 idées
1717 1168 59 44 de
1805 1167 188 52 logique
2021 1179 45 30 et
2097 1167 59 43 de
2182 1166 189 43 confort

302 1263 88 35 que
418 1263 85 25 nos
533 1246 172 41 voisins
736 1241 421 45 d'Outre-Manche
1185 1245 302 50 poursuivent
1516 1240 389 50 inlassablement,
1942 1245 26 39 à
1999 1240 180 50 l'excès,
2216 1242 155 42 diront

299 1322 193 40 certains
526 1318 179 43 d'entre
737 1334 135 32 nous;
907 1317 394 53 judicieusement,
1340 1319 308 50 ajouterai-je,
1684 1327 44 32 et
1762 1313 133 54 qu'ils
1926 1314 231 44 semblent
2192 1312 178 44 oublier

303 1404 99 33 tout
421 1396 26 39 à
467 1410 120 34 coup
610 1409 84 35 par
713 1391 157 48 mode,
894 1409 83 33 par
998 1393 224 40 exotisme
1246 1408 71 30 ou,
1343 1388 298 52 espérons-le,
1665 1407 84 34 par
1769 1388 164 52 simple
1956 1390 181 49 caprice
2159 1404 175 26 momen-

301 1471 118 39 tané.

439 1539 237 53 Quoiqu'il
706 1557 56 27 en
793 1541 101 46 soit,
927 1539 41 42 le
1000 1541 155 49 projet
1184 1537 144 43 classé
1358 1540 197 49 premier
1587 1538 153 42 révèle
1773 1537 81 43 des
1884 1539 251 40 énormités
2165 1535 176 43 malheu-

302 1631 164 27 reuses.
499 1614 135 42 Vous
665 1613 236 53 objeterez
931 1616 233 38 sûrement
1195 1611 110 53 qu'il
1336 1614 143 40 existe
1510 1629 60 25 un
1601 1614 120 49 parti
1754 1611 116 42 dans
1900 1627 52 25 ce
1984 1609 111 54 plan
2128 1621 46 32 et
2204 1627 88 35 que
2325 1608 43 43 la

302 1689 291 43 distribution
625 1687 81 43 des
733 1687 155 53 places
917 1699 68 30 est
1012 1687 107 42 bien
1148 1685 225 43 balancée
1404 1698 56 35 et,
1494 1703 105 24 sans
1630 1685 155 48 doute,
1820 1685 148 42 faut-il
1999 1682 265 45 considérer
2296 1699 75 27 ces

299 1762 174 44 choses.
503 1762 118 43 Mais
646 1777 181 32 encore,
856 1760 150 43 faut-il
1034 1760 62 42 les
1122 1758 186 44 évaluer
1333 1763 27 39 à
1383 1759 96 43 leur
1504 1776 173 36 propre
1702 1758 160 43 valeur
1889 1776 54 26 en
1971 1761 193 41 matière
2190 1757 154 45 d'habi-

302 1840 145 40 tation
477 1849 43 30 et
550 1854 56 25 ne
635 1838 166 50 jamais
831 1835 190 42 devenir
1051 1853 60 24 un
1143 1833 181 44 esclave
1355 1834 61 41 du
1446 1835 132 51 parti,
1614 1834 60 41 du
1710 1849 23 26 «
1768 1834 148 51 grand
1950 1836 117 48 parti
2102 1849 40 26 ».
2178 1832 121 42 Pour
2331 1830 40 42 le

302 1910 211 52 profane,
547 1910 41 42 le
617 1910 188 42 confort
834 1919 67 32 est
933 1908 174 43 obtenu
1146 1927 8 23 :
1186 1907 251 51 chauffage
1467 1906 188 49 central,
1690 1924 199 26 vacuum
1923 1905 196 50 cleaner,
2157 1906 215 42 descente

303 1985 59 43 de
398 1984 122 52 linge
553 1983 108 49 sale,
700 1982 158 53 angles
894 1982 225 48 arrondis,
1159 1981 309 53 quincaillerie
1508 1980 195 52 oxydée,
1745 1990 102 40 etc.,
1888 1990 83 33 etc.
2013 1980 359 43 L'observateur

302 2076 25 24 a
360 2058 181 43 bientôt
576 2057 83 44 fait
695 2056 58 44 de
790 2057 242 42 découvrir
1067 2074 88 34 que
1191 2056 41 44 le
1265 2056 188 42 confort
1489 2056 91 42 réel
1617 2055 245 43 n'existera
1898 2057 167 49 jamais
2102 2055 115 43 dans
2253 2061 119 34 cette

301 2134 325 40 construction.

439 2205 213 43 L'entrée
676 2217 70 31 est
776 2216 104 40 trop
910 2206 177 47 étroite,
1119 2203 42 43 le
1190 2202 91 46 hall
1310 2215 67 31 est
1408 2203 179 48 obscur,
1621 2202 41 43 la
1693 2201 192 54 pergola
1916 2215 67 31 est
2013 2202 93 43 mal
2137 2201 161 53 placée
2328 2211 44 32 et

305 2280 205 43 destinée
541 2282 26 39 à
598 2281 154 50 priver
781 2279 44 42 la
856 2277 112 44 salle
999 2281 26 39 à
1056 2294 192 35 manger
1282 2277 110 42 d'un
1427 2277 225 51 éclairage
1684 2276 359 53 indispensable,
2081 2275 189 49 celle-ci,
2310 2277 61 42 du

301 2363 131 38 reste,
468 2366 68 31 est
567 2355 183 50 exiguë;
781 2352 141 49 enfin,
959 2352 41 42 le
1030 2354 186 40 visiteur
1251 2352 98 42 doit
1381 2355 94 39 être
1510 2350 150 43 admis
1694 2350 115 43 dans
1843 2350 42 44 le
1918 2349 153 49 home,
2107 2368 54 24 ce
2195 2354 74 47 qui
2304 2359 67 31 est

300 2444 88 25 une
411 2427 174 43 lacune.

438 2500 229 52 L'emploi
692 2500 82 42 des
798 2498 391 44 fenêtres-balcon
1214 2502 27 39 à
1263 2500 42 42 la
1331 2498 237 51 française,
1595 2514 187 26 comme
1804 2498 148 43 disent
1978 2498 63 43 les
2067 2497 205 52 Anglais,
2303 2507 66 31 est

301 2574 315 43 inadmissible
640 2592 58 24 au
722 2576 132 50 point
880 2573 58 43 de
960 2590 91 25 vue
1074 2573 198 43 confort.
1300 2572 243 43 Orientées
1566 2575 28 40 à
1617 2570 125 50 l'Est,
1773 2571 108 43 elles
1906 2571 245 52 signifient,
2182 2589 118 34 poar
2329 2570 40 43 le

300 2647 157 44 climat
481 2647 189 53 anglais,
697 2665 89 35 que
809 2665 75 25 ces
906 2646 248 44 chambres
1178 2665 57 25 ne
1260 2657 156 31 seront
1442 2664 84 34 pas
1549 2644 262 44 habitables
1837 2665 56 25 en
1919 2645 130 43 hiver
2076 2656 43 32 et
2147 2662 55 25 en
2230 2660 134 31 mars,

303 2738 55 25 en
391 2722 272 52 particulier.
700 2721 241 43 Orientées
974 2740 58 24 au
1064 2721 95 43 Sud
1195 2739 59 25 ou
1287 2724 26 39 à
1347 2720 24 43 F
1380 2721 160 47 Ouest,
1576 2720 109 43 elles
1719 2718 241 53 indiquent
1994 2736 89 34 que
2117 2719 64 43 les
2217 2721 151 49 pièces

303 2794 190 52 qu'elles
520 2808 166 31 ornent
714 2808 157 30 seront
898 2797 348 49 copieusement
1274 2794 236 45 inondées.
1544 2792 191 49 Encore,
1768 2794 27 42 il
1825 2806 65 31 est
1921 2792 200 45 absurde
2155 2791 215 43 d'établir

302 2884 88 27 une
425 2869 104 43 telle
563 2869 371 45 fenêtre-balcon
971 2869 115 43 dans
1119 2886 90 26 une
1242 2871 129 50 pièce
1405 2870 210 40 réservée
1650 2865 328 54 spécialement
2013 2885 57 24 au
2103 2866 188 44 confort
2326 2876 44 30 et

302 2959 56 25 au
389 2942 289 44 laisser-aller
710 2960 187 25 comme
926 2943 40 42 le
1000 2959 23 26 «
1056 2942 103 43 Den
1194 2959 23 27 »
1253 2942 197 53 prétend
1482 2942 143 43 l'être.
1663 2942 63 42 La
1758 2944 184 41 réserve
1973 2941 59 43 de
2062 2940 208 44 charbon
2304 2949 67 33 est

304 3017 252 42 minuscule
581 3029 44 31 et
651 3017 42 43 la
721 3017 217 43 descente
966 3017 57 42 de
1051 3017 121 52 linge
1197 3017 96 41 sale
1319 3034 47 25 se
1393 3016 82 42 fait
1503 3017 115 41 dans
1643 3015 43 43 la
1715 3015 82 43 sali
1827 3018 26 40 à
1881 3031 191 36 manger
2102 3015 82 43 des
2211 3018 155 49 sujets,

303 3106 51 25 ce
383 3093 73 48 qui
485 3104 67 31 est
578 3107 91 36 peu
699 3090 239 44 tolérable.

440 3173 152 51 Enfin,
628 3175 43 42 la
703 3178 150 40 cavité
887 3178 255 40 nécessaire
1174 3179 27 39 à
1235 3175 380 43 l'établissement
1652 3175 140 42 d'une
1824 3186 134 40 porte
1993 3174 216 52 glissante
2244 3184 128 32 entre

305 3247 40 42 le
367 3247 131 44 salon
522 3260 44 31 et
590 3248 42 43 la
656 3248 113 43 salle
789 3252 27 39 à
839 3266 192 35 manger
1053 3261 69 31 est
1146 3267 60 25 un
1231 3250 159 50 refuge
1411 3249 108 43 béni
1543 3265 119 35 pour
1683 3249 43 42 la
1750 3251 235 50 poussière
2011 3260 44 33 et
2080 3249 43 42 la
2145 3253 223 38 vermine.

304 3320 128 44 Nous
461 3338 205 27 sommes
697 3322 94 44 loin
824 3323 58 43 de
914 3323 42 42 la
987 3323 160 42 valeur
1180 3323 81 43 des
1293 3327 177 49 projets
1503 3323 59 43 de
1601 3321 139 44 1920.
1776 3322 159 53 Quant
1965 3326 26 39 à
2024 3323 182 51 l'étage,
2245 3324 27 42 il
2307 3331 65 33 est

306 3396 150 41 moins
488 3399 209 39 mauvais
730 3413 88 34 que
853 3396 40 43 le
928 3396 415 49 rez-de-chaussée,
1380 3397 29 42 il
1443 3398 132 47 n'est,
1613 3413 56 27 en
1703 3397 173 48 réalité,
1915 3396 170 51 qu'une
2119 3399 252 48 répétition
