2669 3901
236 3616 57 33 LA
328 3607 126 44 CITÉ.

1344 3606 64 47 54

2167 3623 131 36 MARS
2338 3613 130 44 1922.

837 298 47 40 A
915 296 245 46 PROPOS
1188 299 117 46 DES
1333 300 268 45 PROJETS
1627 300 225 46 PRIMES

450 430 75 44 On
555 443 110 40 peut
696 431 109 49 dire,
837 445 142 39 quant
1009 437 28 39 à
1066 435 41 42 la
1134 435 160 43 vaieur
1324 437 82 43 des
1432 435 211 44 résultats
1674 436 196 43 obtenus
1901 454 85 35 par
2014 438 44 43 la
2086 440 204 42 création
2322 437 60 43 de

313 521 53 25 ce
400 521 238 33 concours,
680 523 89 34 que
805 506 42 42 la
886 510 217 49 majorité
1141 510 81 43 des
1256 522 299 31 concurrents
1592 511 153 42 furent
1781 510 310 52 grandement
2128 510 256 44 influencés

314 594 84 36 par
422 578 41 42 le
489 577 109 53 plan
625 582 76 49 qui
727 579 151 44 obtint
904 580 41 43 le
970 585 200 48 premier
1195 586 102 51 prix
1320 584 92 43 lors
1439 584 64 44 du
1527 600 226 27 concours
1779 586 226 50 organisé,
2037 602 56 28 en
2129 584 141 51 1920,
2298 602 87 35 par

311 649 44 46 le
378 667 24 27 «
428 651 140 53 Daily
591 651 112 45 Mail
728 670 23 25 »
783 664 44 32 et
849 657 76 49 qui
948 658 127 41 avait
1097 674 118 34 pour
1240 658 83 43 but
1349 659 58 44 de
1430 656 267 46 rechercher
1721 658 66 43 les
1810 674 196 35 moyens
2031 657 237 46 d'obtenir
2291 677 89 26 une

311 728 179 41 maison
519 726 272 53 dépourvue
817 727 58 44 de
901 732 154 49 sujets.

450 811 76 43 On
556 816 204 49 pourrait
788 812 243 53 admettre,
1063 833 104 26 sans
1195 818 176 51 grande
1399 818 302 50 imagination
1731 818 59 42 de
1818 818 43 42 la
1889 831 106 39 part
2022 815 112 46 d'un
2164 816 190 44 observa-

315 897 99 32 teur
438 886 247 52 impartial,
716 904 88 34 que
832 887 194 44 Fauteur
1055 890 82 42 des
1165 891 122 43 deux
1315 894 179 51 projets
1520 894 170 49 primés
1720 891 118 43 dans
1864 908 54 28 ce
1947 889 182 46 dernier
2155 907 228 27 concours

315 961 63 41 ait
400 960 242 43 contribué
665 960 122 53 jadis
812 964 26 40 à
863 961 326 46 l'élaboration
1217 965 80 42 des
1323 964 133 52 plans
1480 969 76 49 qui
1581 965 153 44 furent
1759 967 174 51 primés
1956 984 57 26 en
2046 965 140 45 1920,
2218 964 32 46 Il
2275 965 109 44 n'en

315 1050 29 25 n
366 1044 68 32 est
462 1037 95 40 rien
590 1035 278 52 cependant,
902 1038 194 50 puisque
1125 1038 42 42 le
1202 1054 22 27 «
1259 1038 138 53 Daily
1426 1039 112 44 Mail
1572 1056 23 26 »
1631 1040 239 42 lui-même
1899 1056 119 26 nous
2046 1041 214 51 apprend
2293 1058 90 36 que

315 1106 63 44 M.
411 1106 262 53 Hepworth
701 1120 68 32 est
797 1120 101 33 tout
928 1113 284 42 récemment
1241 1128 171 28 revenu
1443 1113 83 43 des
1553 1112 146 44 Indes.
1736 1112 93 45 Dès
1861 1112 106 50 lors,
2000 1132 63 25 on
2091 1117 138 43 serait
2260 1116 125 39 tenté

314 1181 58 43 de
405 1185 146 40 croire
585 1200 87 34 que
706 1183 64 43 M.
807 1181 274 54 Hepworth,
1118 1204 56 24 en
1210 1186 189 44 homme
1435 1190 332 40 éminemment
1800 1190 214 50 pratique
2047 1197 162 36 autant
2242 1188 138 52 qu'en

318 1254 301 44 observateur
657 1258 183 41 attentif
878 1258 212 43 désireux
1129 1260 59 42 de
1226 1270 257 41 remporter
1520 1261 43 43 la
1602 1261 263 43 distinction
1905 1263 261 49 convoitée,
2209 1279 49 27 se
2294 1265 91 40 soit

313 1329 150 43 borné
492 1332 285 42 strictement
809 1335 29 38 à
868 1332 311 51 approfondir
1212 1333 42 43 le
1286 1335 94 41 seul
1414 1346 110 40 type
1557 1335 61 43 de
1649 1335 109 53 plan
1793 1336 117 43 dont
1942 1335 27 43 F
1978 1334 139 45 étude
2152 1336 158 45 devait
2343 1336 40 43 le

313 1419 160 27 mener
500 1406 27 40 à
556 1404 42 42 la
626 1407 205 40 victoire.

452 1489 70 43 Ne
547 1506 117 26 vous
689 1489 206 52 effrayez
921 1508 103 34 pas;
1053 1491 64 43 les
1143 1508 226 27 concours
1394 1510 58 26 ne
1479 1495 354 50 récompensent
1859 1512 85 34 pas
1970 1498 209 47 toujours
2207 1493 178 46 l'effort

316 1562 63 44 du
403 1562 102 52 plus
529 1566 237 47 méritant;
793 1564 28 42 il
851 1565 98 42 faut
972 1583 61 25 un
1059 1583 91 35 peu
1177 1567 60 41 de
1260 1566 276 54 cabotinage
1564 1584 117 36 pour
1706 1566 155 45 briller
1888 1568 118 43 dans
2028 1582 75 28 ces
2128 1572 154 48 joutes
2308 1571 75 50 qui

316 1635 219 44 exhibent
559 1654 197 35 presque
784 1641 209 48 toujours
1019 1639 81 42 des
1126 1639 211 52 produits
1362 1640 58 43 de
1444 1656 145 27 serres
1614 1639 216 45 chaudes.

454 1709 80 44 Ma
563 1711 79 48 foi,
676 1711 117 43 dans
821 1722 133 32 notre
983 1716 116 48 petit
1126 1731 128 33 pays,
1286 1731 58 25 ne
1371 1717 183 40 voit-on
1585 1733 84 33 pas
1699 1715 116 43 dans
1842 1715 68 44 les
1938 1715 173 54 grands
2136 1733 243 33 concours,

318 1783 40 44 le
382 1787 155 39 même
559 1787 116 49 petit
697 1785 206 52 procédé
928 1788 162 40 réussir
1115 1790 24 38 à
1164 1786 237 43 merveille
1426 1800 45 31 et
1496 1797 156 42 porter
1677 1789 82 42 des
1785 1788 128 44 fruits
1938 1805 261 29 savoureux
2224 1798 161 36 autant

2144 1839 3 11 i

318 1874 89 34 que
443 1858 223 42 lucratifs!
707 1858 119 43 Mais
861 1875 228 28 revenons
1127 1879 56 24 en
1221 1859 275 53 Angleterre
1532 1873 44 30 et
1614 1880 56 23 au
1708 1878 227 28 concours
1971 1865 212 50 organisé
2220 1881 84 34 par
2342 1863 42 44 le

320 1945 24 28 «
370 1930 137 53 Daily
530 1931 113 43 Mail
671 1948 41 26 ».

455 2004 57 43 Ici
540 2005 41 42 le
608 2006 92 41 mal
727 2016 66 32 est
821 2006 101 51 plus
949 2023 142 35 grave
1116 2011 240 47 peut-être,
1389 2026 76 24 car
1491 2009 27 41 il
1547 2008 189 49 semble,
1769 2028 56 24 en
1855 2020 144 38 outre,
2032 2028 90 34 que
2148 2011 64 43 les
2254 2009 106 44 archi-

318 2088 143 33 tectes
492 2079 59 42 de
579 2096 52 24 ce
661 2096 116 34 pays
808 2081 124 41 aient
964 2093 102 39 trop
1098 2079 208 53 regardé,
1341 2093 104 40 trop
1479 2082 343 53 photographié
1855 2096 45 31 et
1934 2084 171 44 n'aient
2138 2101 84 35 pas
2253 2095 130 34 assez!

319 2151 155 43 oublié
500 2169 51 24 ce
581 2155 75 49 qui
683 2170 49 24 se
758 2157 221 39 construit
1006 2171 76 25 sur
1107 2155 43 42 le
1176 2153 263 45 Continent.
1473 2155 31 43 Il
1534 2168 66 31 est
1629 2156 189 43 évident
1847 2175 89 34 que
1964 2156 27 44 F
1999 2156 230 46 influence
2260 2157 99 44 fran-

316 2228 120 48 çaise
461 2225 99 43 doit
580 2229 98 38 être
699 2226 174 42 rendue
899 2227 302 51 responsable
1224 2228 60 43 de
1306 2228 172 44 l'échec
1501 2233 171 40 certain
1698 2246 103 27 vers
1825 2232 150 51 lequel
2000 2249 50 25 se
2073 2230 108 46 hâte
2205 2231 155 44 l'archi-

318 2308 173 33 tecture
526 2298 293 53 domestique
850 2298 215 52 anglaise.
1102 2300 62 43 La
1198 2300 157 45 valeur
1390 2303 58 42 de
1479 2313 120 32 cette
1635 2305 209 42 dernière
1877 2305 181 43 décroît
2091 2304 296 52 rapidement

320 2371 201 44 d'année
546 2390 55 25 en
629 2376 148 39 année
804 2383 58 37 et,
892 2391 103 25 sans
1023 2375 193 47 vouloir,
1246 2392 59 26 un
1331 2376 94 42 seul
1454 2380 184 47 instant,
1668 2395 77 25 me
1769 2377 114 45 faire
1908 2379 42 43 le
1978 2379 249 44 défenseur
2251 2380 60 43 de
2341 2380 42 42 la

323 2446 230 48 tradition,
591 2446 117 43 dans
740 2464 51 24 ce
823 2464 89 31 cas,
948 2447 196 53 j'estime
1177 2448 263 52 cependant
1475 2469 90 33 que
1595 2450 284 45 l'architecte
1910 2451 177 53 anglais
2117 2466 80 30 eut
2232 2456 154 41 mieux

322 2521 82 41 fait
431 2520 58 43 de
513 2538 57 25 ne
593 2538 85 34 pas
701 2539 20 23 s
743 2537 55 26 en
824 2524 193 46 écarter;
1043 2526 46 49 je
1115 2522 183 44 déclare
1322 2535 45 32 et
1390 2529 46 48 je
1459 2528 192 48 persiste
1673 2529 28 40 à
1727 2526 208 43 déclarer
1959 2545 91 34 que
2075 2526 64 45 les
2164 2543 221 28 non-sens

320 2597 75 49 qui
431 2594 220 43 résultent
685 2594 59 43 de
776 2604 121 33 cette
928 2594 229 44 influence
1189 2608 107 31 sont
1329 2597 302 52 regrettables
1663 2611 46 32 et
1741 2618 118 34 pour
1894 2618 89 26 eux
2016 2613 45 33 et
2094 2619 121 35 pour
2247 2618 109 26 nous-

318 2672 178 39 mêmes
530 2672 76 48 qui
640 2686 149 24 avons
823 2671 187 40 mission
1047 2670 60 42 de
1143 2670 163 51 diriger
1341 2681 132 34 notre
1510 2672 171 53 peuple
1715 2689 104 28 vers
1853 2673 352 53 l'appréciation
2245 2675 142 45 d'une

318 2742 186 52 logique
529 2745 137 40 saine.

456 2816 115 42 Sans
600 2833 147 26 aucun
777 2816 155 48 doute,
968 2817 63 41 les
1060 2820 121 40 vrais
1210 2817 232 45 insulaires
1471 2823 76 49 qui
1577 2823 195 49 exigent,
1807 2839 115 26 avec
1952 2824 151 43 raison
2135 2822 246 51 d'ailleurs,

318 2907 60 25 un
408 2890 188 43 confort
624 2890 106 48 réel,
765 2890 156 43 feront
949 2905 89 37 peu
1069 2890 58 44 de
1157 2908 76 26 cas
1266 2892 81 43 des
1375 2891 225 47 solutions
1629 2897 257 50 proposées
1916 2912 84 37 par
2030 2907 123 33 cette
2183 2899 204 51 poignée

320 2963 323 43 d'architectes
679 2975 45 31 et
760 2963 263 43 l'influence
1058 2964 179 43 néfaste
1272 2982 109 27 aura
1418 2970 117 40 vécu
1571 2985 52 26 ce
1656 2985 92 35 que
1779 2972 162 41 vivent
1978 2971 63 44 les
2077 2987 127 28 roses
2238 2982 46 33 et
2319 2971 66 42 les

318 3037 132 44 bleus
481 3038 186 42 tendres
699 3050 44 31 et
776 3037 186 44 demain
995 3036 27 43 F
1030 3036 335 54 Anglo-Saxon
1398 3050 267 34 retournera
1697 3060 105 26 sans
1833 3042 261 52 hésitation,
2129 3050 49 49 je
2206 3044 44 45 le
2279 3048 102 45 sais,

318 3111 111 43 chez
461 3111 64 43 les
558 3112 270 43 architectes
861 3114 75 49 qui
968 3111 254 52 possèdent
1254 3112 42 43 la
1331 3114 387 51 compréhension
1753 3128 173 37 exacte,
1962 3123 45 48 je
2040 3121 91 42 suis
2167 3123 125 41 tenté
2326 3119 61 44 de

320 3186 97 43 dire
455 3185 354 49 traditionnelle,
852 3185 59 43 de
948 3185 42 42 la
1030 3185 291 45 distribution
1358 3185 187 56 logique
1581 3189 141 45 d'une
1760 3193 180 42 maison
1981 3191 207 45 destinée
2223 3197 28 39 à
2287 3197 99 40 être

321 3258 187 45 habitée
536 3271 127 33 toute
692 3258 196 49 l'année,
920 3271 46 31 et
992 3262 27 40 à
1048 3262 154 40 même
1230 3260 60 42 de
1317 3276 217 36 procurer
1562 3265 27 41 à
1621 3263 265 53 Foccupant
1911 3281 62 28 un
2001 3264 189 48 confort
2216 3267 92 44 réel
2338 3278 47 32 et

322 3332 205 44 durable.
