3149 4346
845 3560 92 51 156

846 586 195 63 ground,
1070 586 60 53 he
1160 608 98 31 was
1285 588 162 61 nearly
1479 588 144 61 dying
1655 586 53 53 of
1736 586 100 53 fear
1864 586 146 53 under
2039 586 75 53 the
2142 588 79 61 big
2248 586 200 51 wooden
2475 598 147 41 statue
2651 585 54 52 of

844 656 134 52 Saint
1004 656 314 63 Christopher.

943 726 277 62 Telegrams
1252 726 292 62 everywhere
1578 727 277 51 announced
1888 729 78 50 the
1999 739 161 39 arrests
2194 727 52 51 of
2277 739 145 49 poets,
2458 748 89 30 one
2584 726 120 51 after

846 797 205 57 another,
1080 797 96 51 and
1200 797 76 51 the
1298 797 326 51 electrocution
1648 796 53 52 of
1724 797 77 51 the
1822 797 257 51 American
2102 809 130 49 poets
2253 816 97 32 was
2370 795 140 52 made
2532 795 172 51 known

844 866 129 62 early
1003 868 46 50 in
1082 867 76 51 the
1190 866 257 52 afternoon.

951 937 52 51 In
1042 937 150 57 Paris,
1233 937 174 51 several
1444 957 158 41 young
1637 948 131 50 poets
1804 937 54 51 of
1895 936 76 52 the
2009 936 85 53 left
2128 936 141 58 bank,
2306 934 108 52 who
2452 934 99 52 had
2585 934 119 51 been

844 1008 168 61 spared
1053 1030 60 29 on
1157 1020 197 39 account
1392 1008 53 51 of
1482 1007 114 52 their
1635 1007 108 51 lack
1780 1007 54 51 of
1873 1011 243 58 notoriety,
2159 1006 251 63 organized
2450 1027 27 31 a
2514 1004 160 52 demon-

844 1079 188 50 stration
1073 1078 246 61 extending
1359 1077 120 50 from
1517 1075 77 52 the
1632 1074 205 53 Closerie
1877 1074 80 52 des
1996 1075 130 51 Lilas
2164 1089 45 38 to
2250 1075 76 52 the
2366 1075 336 60 Couriergerie,

843 1148 155 51 where
1023 1148 75 51 the
1340 1148 53 51 of
1605 1168 98 31 was
1728 1147 329 62 imprisoned.*

948 1219 188 61 Troops
1157 1219 180 51 arrived
1356 1232 46 38 to
1423 1219 200 61 disperse
1642 1218 76 52 the
1738 1219 371 51 demonstrators.
2150 1218 109 52 The
2276 1218 190 61 cavalry
2484 1214 218 68 charged.

846 1286 107 54 The
1002 1301 129 49 poets
1177 1289 128 51 drew
1351 1289 113 51 their
1512 1289 200 51 firearms
1760 1289 94 51 and
1900 1287 240 51 defended
2185 1287 272 51 themselves
2502 1286 82 51 but
2630 1285 76 51 the

843 1360 169 61 people
1051 1360 168 51 rushed
1257 1361 43 50 in
1340 1359 94 52 and
1473 1359 109 52 took
1621 1380 27 31 a
1686 1359 130 52 hand
1853 1361 45 50 in
1936 1359 78 50 the
2051 1359 160 50 melee.
2269 1357 108 52 The
2415 1371 131 49 poets
2584 1376 122 31 were

846 1430 236 61 strangled
1110 1430 95 51 and
1230 1450 228 41 everyone
1484 1430 92 51 else
1602 1428 108 54 who
1740 1450 132 31 came
1897 1441 46 38 to
1969 1427 115 52 their
2113 1427 204 52 defense.

948 1498 136 52 Thus
1119 1500 152 61 began
1305 1498 76 52 the
1416 1511 129 50 great
1578 1498 287 63 persecution
1898 1497 154 52 which
2090 1510 144 49 swept
2267 1497 185 61 rapidly
2488 1494 191 63 through-

840 1582 80 39 out
961 1571 76 50 the
1079 1573 140 48 entire
1257 1569 165 51 world.
1506 1568 52 52 In
1595 1569 241 56 America,
1881 1568 120 52 after
2044 1568 77 52 the
2165 1568 325 51 electrocution
2531 1568 53 51 of
2629 1567 76 51 the

842 1641 184 50 famous
1060 1652 145 49 poets,
1244 1639 111 61 they
1390 1639 204 61 lynched
1630 1639 64 51 all
1731 1638 76 52 the
1842 1660 143 40 negro
2022 1638 222 51 minstrels
2282 1638 95 51 and
2413 1658 113 31 even
2563 1657 142 39 many

843 1731 187 40 persons
1060 1710 108 54 who
1196 1709 99 52 had
1323 1729 138 31 never
1491 1710 44 50 in
1567 1708 114 52 their
1712 1708 110 52 lives
1853 1709 180 50 written
2067 1729 28 30 a
2124 1707 182 61 rhyme;
2340 1707 108 52 then
2483 1708 107 60 they
2624 1705 82 52 fell

840 1802 125 40 upon
998 1780 75 52 the
1103 1779 163 52 whites
1295 1779 55 52 of
1381 1779 186 61 literary
1601 1779 244 52 Bohemia.
1914 1778 41 50 It
1986 1799 98 31 was
2116 1778 190 50 learned
2339 1778 100 50 that
2472 1776 230 61 Tograth,

842 1849 119 53 after
986 1851 172 60 having
1185 1849 265 62 personally
1474 1849 208 51 directed
1712 1849 75 51 the
1811 1849 287 61 persecution
2123 1850 47 48 in
2199 1846 259 57 Australia,
2489 1846 96 52 had
2613 1868 62 29 em-

839 1920 179 51 barked
1047 1931 47 40 at
1122 1917 299 54 Melbourne.

1665 2045 162 51 XVII

1487 2171 582 52 ASSASSINATION

951 2299 118 54 Like
1109 2299 235 63 Orpheus,
1386 2301 62 50 all
1490 2299 78 52 the
1606 2312 131 50 poets
1776 2299 85 51 felt
1898 2299 173 51 violent
2111 2299 141 52 death
2292 2301 170 59 staring
2500 2299 123 51 them
2659 2302 47 48 in

844 2371 77 50 the
957 2369 119 52 face.
1134 2369 327 61 Everywhere,
1497 2368 255 62 publishers
1785 2368 98 52 had
1915 2368 116 51 been
2063 2368 208 62 pillaged
2308 2368 93 52 and
2439 2368 268 52 collections

841 2440 53 51 of
913 2461 127 30 verse
1060 2440 150 51 burnt.
1267 2439 109 52 The
1398 2439 275 52 admiration
1694 2439 54 52 of
1767 2439 62 51 all
1851 2452 125 38 went
1998 2452 80 38 out
2099 2452 47 39 to
2166 2439 86 51 this
2277 2439 193 52 Horace
2489 2439 217 62 Tograth

843 2509 123 58 who,
998 2509 119 52 from
1148 2509 73 51 far
1252 2509 64 51 off
1346 2508 243 52 Adelaide
1626 2508 323 62 (Australia),
1978 2509 97 51 had
2105 2508 258 52 succeeded
2390 2510 45 48 in
2463 2508 244 62 unloosing

841 2581 86 51 this
967 2593 137 39 storm
1141 2580 154 51 which
1333 2579 184 52 seemed
1555 2579 212 52 destined
1804 2590 46 40 to
1890 2578 186 63 destroy
2115 2590 163 51 poetry
2317 2579 193 52 forever.
2588 2579 118 52 This

843 2650 150 52 man's
1026 2650 294 61 knowledge,
1355 2650 109 61 they
1497 2649 115 58 said,
1645 2649 231 50 bordered
1907 2670 61 31 on
2000 2649 77 52 the
2108 2649 292 52 miraculous.
2453 2649 83 52 He
2565 2647 142 54 could

845 2721 127 51 drive
1009 2741 139 41 away
1182 2720 164 51 clouds
1377 2741 54 30 or
1460 2718 133 63 bring
1624 2741 61 30 on
1719 2721 97 50 rain
1849 2718 250 61 anywhere
2129 2718 61 53 he
2222 2718 204 61 pleased.
2478 2718 227 58 Women,

844 2812 116 30 once
991 2790 110 62 they
1131 2790 98 52 had
1259 2811 106 29 seen
1394 2790 94 50 him
1516 2810 122 30 were
1671 2787 146 64 ready
1847 2801 46 38 to
1925 2788 62 52 do
2014 2787 69 53 his
2113 2788 209 63 bidding.
2372 2788 94 52 For
2496 2790 78 50 the
2602 2801 103 44 rest,

843 2861 58 52 he
937 2861 84 52 did
1054 2872 81 40 not
1168 2859 183 51 disdain
1384 2859 142 51 either
1559 2858 217 52 feminine
1807 2880 52 29 or
1889 2858 252 52 masculine
2174 2859 260 60 virginities.
2487 2859 77 51 As
2594 2880 113 29 soon

847 2952 49 31 as
930 2931 216 62 Tograth
1178 2931 98 52 had
1309 2951 105 29 seen
1445 2929 128 51 what
1606 2929 300 51 enthusiasms
1936 2928 60 52 he
2029 2928 96 52 had
2157 2929 180 51 evoked
2367 2932 45 49 in
2445 2929 77 51 the
2553 2928 154 52 whole

844 3002 166 57 world,
1047 3002 59 51 he
1141 3000 276 51 announced
1454 2999 99 52 that
1588 2999 60 51 he
1681 2998 161 52 would
1874 2999 102 51 visit
2010 2998 76 52 the
2120 2999 224 61 principal
2381 3002 124 49 cities
2542 2999 53 51 of
2632 3000 75 51 the

845 3072 154 62 globe,
1038 3070 121 52 after
1193 3069 245 52 Australia
1473 3069 96 51 had
1603 3068 117 52 been
1758 3068 70 51 rid
1863 3068 53 51 of
1950 3070 55 50 its
2040 3072 140 48 erotic
2217 3068 94 52 and
2346 3069 177 61 elegiac
2561 3080 144 50 poets.

841 3143 119 50 And
994 3140 169 53 indeed
1200 3162 124 29 some
1356 3141 106 50 time
1498 3139 116 51 later
1643 3139 225 61 uprisings
1901 3138 52 52 of
1988 3139 76 51 the
2099 3139 274 62 population
2406 3160 122 31 were
2560 3139 147 53 heard

942 3307 28 26 *
990 3305 107 46 Paul
1118 3304 110 49 Fort,
1250 3303 342 44 broad-brimmed
1612 3303 120 43 black
1751 3303 81 48 hat,
1852 3319 84 27 was
1955 3303 40 43 in
2009 3303 289 50 Apollinaire's
2317 3304 93 42 time
2428 3322 49 24 an
2499 3305 209 43 inveterate

847 3367 224 53 frequenter
1102 3365 44 43 of
1178 3365 66 43 the
1275 3362 189 47 Closerie,
1498 3373 80 33 two
1610 3361 138 45 blocks
1780 3371 98 33 west
1904 3361 125 52 along
2056 3362 66 44 the
2155 3361 208 45 Boulvard
2397 3361 310 55 Montparnasse

843 3427 104 45 from
976 3426 64 43 the
1071 3425 107 48 Cafe
1210 3422 205 50 Rotonde,
1447 3422 132 45 where
1609 3421 255 52 Apollinaire
1896 3421 80 44 and
2006 3422 57 43 his
2094 3422 115 45 circle
2241 3421 94 46 held
2368 3422 274 45 forth.Tr.
