3149 4346
815 3522 94 50 190

1466 760 556 66 COMMENT

1300 907 221 55 WEEK
1568 907 154 53 END
1769 907 422 53 PAINTERS

921 1047 109 52 The
1059 1048 267 62 prodigious
1357 1048 166 61 spread
1552 1048 55 51 of
1635 1048 99 51 that
1764 1047 149 62 costly
1945 1045 146 53 urban
2121 1045 206 61 pastime,
2361 1044 221 61 painting,
2620 1059 52 32 as

818 1139 29 30 a
877 1131 193 48 country
1098 1131 124 48 sport
1247 1119 45 50 in
1321 1118 76 51 the
1425 1138 159 31 course
1612 1117 53 50 of
1694 1117 77 50 the
1800 1136 195 30 summer
2022 1114 182 52 months
2229 1127 118 38 must
2375 1113 59 51 be
2458 1111 213 60 cheering

818 1199 47 39 to
897 1189 204 60 pigment
1131 1188 205 61 grinders
1371 1188 94 50 and
1498 1188 127 50 color
1654 1185 198 52 vendors
1881 1186 53 51 of
1966 1207 28 29 a
2023 1185 291 61 complacent
2343 1181 152 52 creed.
2544 1181 127 50 Gate

819 1260 191 60 receipts
1052 1270 46 38 to
1139 1259 77 49 the
1258 1269 141 41 meets
1438 1258 113 50 held
1592 1256 313 62 sporadically
1950 1256 119 52 from
2112 1256 297 52 Woodstock
2451 1268 47 39 to
2539 1254 133 52 Taos

818 1329 97 50 and
952 1329 120 50 from
1108 1327 278 61 Monhegan
1420 1340 47 38 to
1504 1327 149 51 Santa
1691 1325 210 52 Barbara
1937 1348 78 29 are
2049 1339 81 38 not
2166 1348 49 29 as
2249 1339 78 48 yet
2364 1324 308 59 exorbitantly

818 1397 154 52 taxed.
1026 1398 235 60 Painting,
1291 1410 80 38 not
1400 1419 48 29 so
1477 1397 111 61 long
1618 1418 90 39 ago
1739 1395 227 52 classified
1994 1397 112 51 with
2134 1397 258 61 ping-pong
2421 1395 94 50 and
2544 1393 130 52 other

817 1467 166 62 mildly
1018 1467 303 61 exhilarating
1357 1487 156 41 games
1552 1467 74 51 for
1659 1466 154 61 girlish
1848 1466 259 61 gentlemen
2144 1466 95 52 and
2274 1466 398 59 unprepossessing

818 1537 250 51 masculine
1094 1557 159 41 young
1279 1536 160 57 ladies,
1465 1538 36 48 is
1526 1557 59 29 on
1611 1536 76 50 the
1712 1557 109 40 way
1847 1548 47 38 to
1919 1536 244 61 becoming
2191 1557 27 29 a
2243 1538 151 60 major
2418 1536 254 52 American

819 1628 196 31 summer
1043 1619 137 50 sport.

922 1677 110 52 The
1061 1675 272 54 exhibitions
1360 1677 243 61 presented
1630 1677 86 50 this
1744 1688 102 50 past
1875 1697 161 29 season
2061 1677 65 61 by
2153 1677 75 49 the
2253 1675 299 52 Woodstock
2578 1677 64 50 As-

819 1748 220 51 sociation
1068 1767 111 40 may
1208 1745 58 51 be
1293 1745 273 51 considered
1594 1745 207 61 together
1830 1768 27 28 a
1888 1745 88 52 fair
2003 1746 227 60 specimen
2258 1745 54 52 of
2337 1745 76 51 the
2444 1745 153 51 efforts
2623 1744 52 52 of

817 1818 127 52 these
971 1838 102 30 new
1100 1816 202 61 growths
1327 1819 46 49 in
1397 1837 183 40 process
1602 1816 54 51 of
1683 1816 262 51 formation.
1995 1815 41 51 It
2060 1819 311 58 incorporates
2396 1814 279 52 individuals

817 1887 109 53 who
949 1887 119 51 have
1094 1886 141 51 either
1256 1886 117 52 been
1400 1886 225 52 members
1649 1885 66 58 of,
1741 1908 50 29 or
1815 1885 108 52 who
1947 1885 116 52 hold
2089 1898 154 49 strong
2266 1885 259 51 affiliations
2544 1884 127 57 with,

818 1956 132 53 other
977 1978 194 30 summer
1199 1957 309 50 associations.
1557 1955 41 51 It
1623 1978 226 39 possesses
1879 1978 57 28 an
1962 1955 206 52 obsolete
2192 1955 231 57 tradition,
2450 1956 151 60 owing
2627 1967 47 37 to

818 2030 56 48 its
908 2026 174 61 having
1119 2025 117 52 been
1273 2026 76 51 the
1387 2046 194 29 summer
1621 2037 96 38 seat
1753 2025 53 50 of
1841 2023 78 52 the
1956 2036 118 38 most
2110 2023 269 63 productive
2418 2023 256 52 American

819 2094 240 54 academic
1101 2096 198 61 factory,
1345 2094 296 63 presumably
1682 2096 170 51 moved
1895 2093 260 59 elsewhere,
2197 2093 83 52 but
2321 2094 222 60 certainly
2586 2092 88 52 still

819 2166 201 61 actively
1049 2164 266 63 flourishing
1341 2168 45 48 in
1415 2164 127 52 three
1567 2186 54 29 or
1647 2186 127 29 more
1805 2164 121 51 local
1954 2163 193 53 schools.

926 2237 126 50 New
1085 2235 136 51 York
1253 2238 246 53 witnesses,
1533 2256 170 40 among
1735 2234 165 57 others,
1937 2247 93 39 two
2060 2235 163 61 yearly
2255 2235 292 51 exhibitions:
2600 2234 75 51 the

823 2305 344 63 Independents
1198 2305 95 50 and
1327 2305 75 51 the
1434 2305 257 51 American
1725 2303 212 52 Painters
1973 2304 94 51 and
2096 2304 254 61 Sculptors.
2402 2304 108 51 The
2544 2304 131 51 latter

818 2376 85 52 has
941 2397 28 30 a
1004 2378 122 59 jury,
1164 2397 59 29 an
1259 2378 312 58 unimportant
1607 2373 324 53 incumbrance
1970 2378 45 47 in
2053 2374 421 52 contradistinction
2512 2387 47 39 to
2600 2374 75 51 the

821 2446 171 51 former
1012 2445 280 51 free-for-all
1315 2456 48 39 at
1383 2444 124 62 eight
1527 2465 53 30 or
1600 2455 75 40 ten
1697 2444 175 51 dollars
1895 2465 27 30 a
1942 2444 139 51 head.
2122 2444 159 52 These
2303 2456 91 40 two
2418 2444 151 52 shows
2589 2445 86 51 last

817 2519 162 49 winter
1015 2515 220 52 included
1273 2515 129 51 what
1437 2535 99 31 was
1575 2514 149 52 found
1761 2534 125 30 more
1926 2514 196 61 fittingly
2158 2517 47 49 in
2243 2515 183 51 smaller
2464 2516 211 61 quantity

817 2586 159 52 within
999 2586 76 51 the
1095 2583 301 52 Woodstock
1418 2583 212 61 Gallery.
1674 2583 109 51 The
1807 2583 215 51 Painters
2044 2583 94 51 and
2157 2583 240 63 Sculptors
2420 2583 254 54 contribute

958 2822 32 31 *
1095 2820 48 49 A
2054 2820 187 61 George
2258 2820 209 50 Bellows

1094 2888 47 51 B
2044 2888 170 62 Henry
2246 2889 202 59 Macfee

1096 2959 66 54 C.
1189 2995 180 18 ......
1393 2995 9 8 •
1702 2994 9 9 •
1735 2994 8 9 •
2031 2959 126 61 John
2181 2961 54 50 F.
2263 2961 199 50 Carlson

1094 3030 52 51 D
2034 3029 194 51 Charles
2252 3029 161 52 Rosen

1092 3100 49 52 E
1169 3133 7 8 •
2028 3099 252 62 Unknown

1094 3171 43 52 F
2021 3170 216 52 Andrew
2261 3170 225 62 Dasburg

1091 3244 47 49 C
2008 3240 208 52 Eleanor
2249 3241 158 51 Rixon

1089 3311 58 52 H
1997 3310 197 62 Eugene
2216 3310 220 62 Speicher
