3149 4346
790 3537 95 55 140

793 572 263 52 December
1100 574 49 56 4,
1203 574 122 51 1915
1373 574 179 51 aboard
1597 574 75 51 the
1715 573 625 54 Scandinavian-American
2383 573 263 62 Steamship

793 643 152 51 Oscar
978 643 60 50 11.
1105 643 108 51 The
1242 665 144 40 peace
1416 644 100 61 ship
1546 643 98 52 that
1670 647 167 48 carries
1865 644 76 51 the
1971 644 256 51 American
2256 643 265 61 delegation
2549 643 97 52 will

792 713 200 61 proceed
1020 727 47 37 to
1098 713 279 51 Christiania
1416 755 11 9 .
1480 755 9 9 .
1540 755 10 10 .
1590 713 274 52 Stockholm
1903 755 9 10 .
1964 755 9 10 .
2025 756 9 9 .
2076 713 320 62 Copenhagen
2436 755 9 9 .
2496 755 10 10 .
2556 755 9 10 .

1098 797 172 48 twenty
1302 784 231 51 thousand
1561 806 104 29 men
1693 784 144 51 killed
1865 806 138 40 every
2032 785 68 51 24
2125 785 153 56 hours,
2308 797 98 38 tens
2434 783 53 51 of
2514 783 105 52 thou-

792 851 137 51 sands
954 853 216 57 maimed,
1197 853 160 50 homes
1382 854 174 56 ruined,
1583 853 192 52 another
1797 855 162 50 winter
1980 854 169 61 begun,
2175 854 75 51 the
2276 856 107 49 time
2403 853 85 52 has
2512 873 133 30 come

793 924 72 49 for
901 944 28 29 a
966 922 92 51 few
1090 944 104 30 men
1229 924 94 50 and
1354 944 182 30 women
1569 924 112 50 with
1712 944 201 41 courage
1947 924 96 50 and
2074 945 172 40 energy
2275 925 286 60 irrespective
2593 922 53 51 of

790 992 75 50 the
900 1004 96 39 cost
1027 995 45 48 in
1105 992 212 61 personal
1348 994 368 54 inconvenience,
1752 1013 184 39 money,
1969 992 215 57 sacrifice,
2217 994 95 50 and
2341 994 224 55 criticism,
2598 1004 45 37 to

793 1063 96 50 free
921 1062 75 51 the
1030 1063 125 61 good
1187 1063 95 51 will
1314 1062 53 52 of
1397 1062 188 62 Europe
1616 1062 99 51 that
1745 1066 33 47 it
1808 1084 109 40 may
1950 1076 140 38 assert
2120 1063 123 51 itself
2274 1063 72 51 for
2375 1084 143 40 peace
2551 1061 94 52 and

898 1207 97 51 Mr.
1027 1208 127 51 Ford
1178 1207 138 52 made
1342 1208 68 51 his
1434 1207 96 51 will
1557 1207 94 51 and
1678 1207 192 51 finished
1895 1207 223 60 dictating
2139 1207 69 51 his
2232 1206 272 61 biography.

896 1275 109 53 The
1042 1275 156 53 Peace
1235 1277 197 51 Mission
1466 1275 251 53 embarked
1750 1278 45 50 in
1829 1275 226 61 pell-mell
2090 1275 195 51 fashion.
2340 1275 157 51 There
2525 1296 121 30 were

792 1358 92 39 two
920 1368 260 40 governors,
1212 1367 141 39 many
1383 1347 178 59 college
1592 1345 265 61 professors,
1889 1347 188 55 writers,
2114 1345 219 57 teachers,
2369 1345 217 56 students,
2620 1366 27 28 a

793 1416 178 61 goodly
1005 1418 243 58 scattering
1282 1416 53 51 of
1367 1416 255 61 preachers,
1659 1415 95 51 and
1787 1414 234 61 fifty-four
2053 1437 123 39 press
2210 1428 174 48 agents.

893 1486 89 51 All
1020 1488 85 49 this
1141 1488 43 49 in
1217 1486 76 51 the
1328 1486 120 50 teeth
1483 1485 52 52 of
1568 1489 216 48 immense
1817 1485 184 51 distrust
2035 1485 94 50 and
2167 1485 325 51 denunciation
2528 1484 118 51 from

790 1556 111 62 high
943 1569 217 49 quarters.
1220 1555 113 52 Don
1376 1556 222 61 Quixote,
1643 1556 109 60 they
1791 1555 173 61 jeered,
2006 1559 200 57 crossing
2247 1555 75 51 the
2360 1576 99 30 seas
2497 1556 43 50 in
2577 1555 70 51 his

793 1626 169 52 flivver.

895 1696 95 51 But
1016 1695 167 50 Ford's
1208 1695 116 50 faith
1349 1696 45 49 in
1748 1695 94 50 and
1865 1696 44 49 in
1935 1693 76 51 the
2238 1693 280 52 democratic
2539 1714 108 40 way

792 1766 52 52 of
874 1767 142 60 doing
1259 1786 98 30 was
1385 1764 316 52 indomitable.

898 1880 82 50 On
1010 1879 150 51 board
1188 1880 75 51 the
1291 1879 153 51 Oscar
1480 1879 69 51 II:
1602 1900 27 30 a
1658 1877 228 63 perfectly
1913 1877 113 51 wild
2054 1877 109 53 mob
2192 1879 87 49 lost
2308 1879 43 48 in
2382 1877 75 51 the
2487 1877 83 61 fog
2598 1876 52 52 of

794 1951 75 51 the
893 1951 156 51 North
1071 1951 229 50 Atlantic.
1344 1950 81 52 No
1451 1950 133 61 plans
1606 1950 53 51 of
1681 1952 151 49 action
1853 1949 98 50 had
1974 1949 117 50 been
2114 1947 241 63 prepared.
2399 1947 108 51 The
2528 1947 122 61 huge

794 2034 135 48 party
966 2041 58 29 on
1058 2020 149 52 board
1241 2020 83 50 did
1356 2032 80 38 not
1467 2020 140 50 know
1637 2020 155 50 where
1823 2032 48 37 to
1907 2018 136 61 begin
2077 2031 47 38 to
2156 2018 111 51 talk.
2318 2017 141 61 They
2491 2017 159 51 talked

794 2091 94 51 and
919 2090 172 52 talked.
1143 2090 108 50 The
1281 2110 376 41 newspapermen
1686 2110 122 29 were
1837 2090 176 59 aghast.
2060 2087 159 52 There
2246 2109 98 29 was
2373 2109 58 29 no

793 2163 44 48 in
865 2161 61 50 all
953 2159 102 58 this,
1081 2159 109 63 they
1212 2181 122 29 were
1358 2159 144 51 adrift
1528 2181 59 29 on
1613 2158 77 52 the
1712 2158 230 56 Atlantic,
1970 2158 93 51 and
2086 2158 128 51 what
2236 2178 96 30 was
2356 2177 140 36 more,
2521 2154 130 51 Ford

793 2251 136 29 never
959 2229 183 51 talked!

897 2300 109 51 The
1025 2321 376 40 newspapermen
1423 2298 329 62 monopolized
1773 2299 75 51 the
1869 2300 116 51 First
2004 2300 136 51 Class
2158 2300 177 51 Saloon
2356 2300 94 51 and
2469 2300 181 52 formed

793 2371 76 50 the
1154 2371 137 50 Press
1556 2369 52 51 In
1644 2370 114 50 their
1792 2369 257 61 perplexity
2087 2370 93 51 and
2215 2369 290 62 desperation
2542 2369 109 61 they

792 2441 172 51 whiled
1004 2441 75 51 the
1117 2441 109 60 long
1262 2440 138 51 hours
1439 2460 138 41 away
1612 2440 113 51 with
1763 2459 141 41 many
1942 2439 145 61 fitting
2125 2439 94 51 and
2258 2439 221 61 practical
2519 2440 131 60 jokes

792 2532 108 30 over
928 2510 76 51 the
1032 2510 144 52 radio.

897 2623 83 49 On
1015 2622 264 50 December
1323 2622 111 50 14th
1471 2634 93 38 two
1601 2620 167 52 British
1804 2633 128 38 scout
1965 2622 191 49 cruisers
2189 2642 80 29 ran
2305 2619 75 52 the
2415 2619 153 51 Oscar
2603 2618 44 51 II

790 2695 96 49 into
914 2705 94 39 tow
1034 2693 95 49 and
1154 2692 111 50 with
1293 2692 75 50 the
1394 2690 188 52 voluble
1608 2711 269 40 passengers
1903 2690 228 61 prepared
2158 2689 74 52 for
2258 2690 75 50 the
2358 2711 110 39 very
2493 2700 154 45 worst,

793 2784 27 29 a
854 2763 329 52 wind-burned
1215 2783 158 41 young
1408 2761 250 51 lieutenant
1690 2761 95 51 and
1815 2782 136 30 seven
1985 2759 422 62 piratical-looking
2438 2761 209 54 marines,

794 2832 158 51 armed
978 2845 46 38 to
1053 2831 75 51 the
1157 2832 136 56 teeth,
1323 2831 212 51 boarded
1560 2831 76 51 the
1665 2830 115 61 ship.
1828 2829 110 52 The
1964 2843 134 48 party
2124 2843 123 38 went
2271 2852 60 27 on
2358 2827 177 63 talking
2561 2830 67 49 dis-

793 2915 254 39 armament
1077 2902 291 61 incessantly,
1397 2902 140 51 while
1565 2901 219 61 virtually
1814 2902 224 59 prisoners
2067 2901 53 50 of
2144 2921 112 30 war.

896 2972 120 51 And
1053 2972 62 51 all
1152 2972 75 51 the
1263 2973 106 49 time
1409 2971 67 51 H.
1518 2970 144 56 Ford,
1700 2973 44 49 in
1778 2968 70 52 his
1884 2981 281 45 staterooms,
2203 2971 152 60 eating
2389 2968 262 52 third-class

794 3043 131 57 food,
963 3042 250 61 according
1249 3055 46 38 to
1326 3042 77 51 the
1434 3041 183 62 legend,
1650 3040 210 62 working
1891 3040 319 62 mysteriously
2246 3062 59 28 on
2339 3040 147 60 plans,
2524 3040 102 49 blue-

794 3116 155 58 prints,
981 3125 142 38 notes.

1150 3203 49 30 as
1237 3182 107 52 well
1382 3203 50 30 as
1469 3203 104 30 men
1611 3202 118 39 gone
1764 3193 47 38 to
1848 3180 75 51 the
1958 3201 97 30 war
2095 3202 137 31 never
2270 3194 47 39 to
2354 3182 183 56 return,'
2593 3181 58 51 he

793 3253 272 51 ruminated.
1126 3252 94 52 His
1259 3252 132 61 plans
1429 3250 250 63 gradually
1717 3249 246 52 unfolded.
2022 3250 190 61 Europe
2250 3252 193 50 without
2479 3250 168 52 horses.

792 3324 109 51 The
931 3335 223 49 strongest
1182 3325 201 49 interests
1411 3324 45 48 in
1488 3321 134 51 favor
1648 3321 54 51 of
1729 3323 264 59 continuing
2024 3321 74 51 the
2130 3321 220 51 dreadful
2379 3320 272 54 destructive

790 3415 113 35 war,
929 3414 123 29 were
1074 3394 222 49 munition
1320 3391 192 52 makers.
1563 3390 132 52 How
1717 3403 47 39 to
1790 3393 93 49 win
1907 3391 137 51 them.
2090 3390 88 52 Let
2201 3391 125 51 them
2349 3391 136 51 make
2512 3391 139 52 farm-
