3149 4346
2243 3551 94 42 167

482 578 54 50 of
562 600 224 42 morning,
819 582 236 53 distribute
1083 586 123 51 them
1237 607 123 41 upon
1388 588 76 51 the
1495 590 311 53 brown-stone
1834 605 153 46 stoops
2013 595 53 52 of
2093 596 76 51 the

484 645 176 55 Fifties.

586 729 206 65 Though
824 733 19 51 I
875 734 198 63 heartily
1102 757 136 41 agree
1266 739 113 51 with
1406 741 76 51 the
1510 743 125 59 spirit
1660 743 53 51 of
1742 745 88 49 this
1858 750 274 57 suggestion,
2160 750 36 48 it
2223 748 112 50 does

481 813 81 38 not
594 822 61 39 go
688 802 74 52 far
791 804 197 61 enough.
1040 805 89 51 Let
1159 827 54 31 us
1242 808 118 51 have
1390 811 267 50 catacombs
1686 812 64 61 by
1783 813 63 51 all
1874 835 174 37 means,
2080 816 81 50 but
2193 817 62 51 let
2283 839 52 29 us

482 884 80 37 not
595 893 79 31 use
710 874 123 51 them
866 887 46 39 to
946 897 48 29 so
1028 877 84 50 sad
1148 898 28 31 a
1207 899 213 41 purpose.
1475 879 92 53 Let
1597 902 52 30 us
1680 896 80 38 not
1792 884 136 51 make
1958 888 293 51 monasteries
2281 888 54 52 of

482 940 136 52 them.
673 943 90 50 Let
795 966 66 35 us,
893 946 182 51 instead
1105 948 53 51 of
1188 948 145 62 filling
1365 949 123 53 them
1516 952 111 50 with
1658 966 124 48 type,
1817 953 64 51 fill
1914 954 122 52 them
2065 957 112 50 with
2208 958 126 60 good

481 1011 163 62 liquor.
693 1013 90 52 Let
811 1035 52 30 us
893 1018 193 50 conceal
1115 1018 159 50 within
1304 1020 77 51 the
1408 1019 177 52 bowels
1613 1023 53 49 of
1693 1043 82 30 our
1806 1037 133 47 crypt
1968 1025 64 51 all
2063 1047 190 32 manner
2282 1026 53 51 of

481 1094 155 51 strong
668 1084 147 52 drink.
868 1085 91 52 Let
988 1108 52 30 us
1069 1087 64 51 fill
1164 1110 84 30 our
1279 1090 268 52 catacombs
1575 1093 111 50 with
1715 1114 100 31 rum
1845 1095 94 51 and
1969 1095 223 62 whiskey,
2221 1098 112 52 with

480 1152 76 51 the
595 1156 143 48 wines
777 1155 53 51 of
871 1155 254 53 Bordeaux
1162 1159 95 50 and
1296 1159 276 63 Burgundy,
1611 1162 112 52 with
1765 1162 267 63 Hennesy's
2072 1165 113 52 Five
2226 1166 108 51 Star

480 1222 212 62 Cognac,
716 1225 113 50 with
851 1223 264 55 Vermouth
1140 1228 95 51 and
1260 1228 287 60 Grenadine,
1572 1232 113 52 with
1710 1232 220 54 Holland
1953 1235 112 57 Gin,
2090 1235 240 58 Sauterne,

476 1292 95 51 and
595 1292 159 52 Bass's
776 1294 115 58 Ale,
914 1296 112 52 with
1046 1297 281 52 Chartreuse
1350 1298 166 61 Jaune,
1545 1301 303 53 Benedictine
1872 1305 94 50 and
1987 1305 159 52 Vieux
2173 1307 157 56 Marc,

480 1363 112 51 with
622 1363 325 64 Champagne,
979 1367 112 52 with
1122 1368 152 52 barrel
1304 1391 126 39 upon
1461 1371 150 52 barrel
1644 1372 55 51 of
1729 1372 296 53 Miinchener
2056 1376 134 57 Beer,
2221 1377 113 51 with

477 1432 111 52 Asti
626 1433 244 61 Spumanti
907 1437 93 49 and
1035 1457 418 42 name-your-own,
1488 1440 113 51 with
1635 1442 188 51 Chianti
1862 1443 94 51 and
1992 1443 158 52 Green
2189 1444 145 52 River

480 1501 124 61 Rye,
636 1504 113 52 with
782 1505 188 52 Moulin
1002 1528 28 29 a
1056 1507 132 52 Vent
1225 1509 143 57 1912,
1397 1510 114 51 with
1539 1510 222 59 Nebiolo,
1793 1513 213 52 Swedish
2039 1515 169 51 Punch
2240 1515 94 51 and

479 1571 217 52 Chateau
720 1573 206 63 Yquem,
948 1576 113 51 with
1082 1576 197 59 Vodka,
1301 1578 173 62 Sherry
1500 1580 94 51 and
1616 1580 294 62 Lachrymae
1933 1583 184 58 Christi,
2137 1585 111 51 with
2270 1585 61 51 all

477 1641 76 52 the
594 1664 166 42 merry,
804 1644 388 64 belly-warming,
1239 1648 315 63 soul-stirring,
1601 1651 93 50 and
1736 1651 400 65 mind-ennobling
2178 1655 155 51 drinks

477 1712 54 51 of
555 1712 86 52 this
665 1726 93 38 wet
785 1715 94 51 and
903 1716 172 62 reeling
1101 1716 142 52 earth.

580 1794 122 52 And
746 1795 125 52 there
914 1799 259 49 ensconced
1215 1819 126 30 some
1385 1800 193 62 evening
1623 1821 169 41 among
1835 1823 84 29 our
1961 1802 111 61 kegs
2113 1802 97 53 and
2248 1823 85 30 our

477 1862 181 59 bottles,
687 1866 113 49 send
828 1866 141 52 down
995 1880 47 38 to
1069 1889 67 37 us,
1163 1868 51 51 O
1242 1870 96 51 Mr.
1369 1870 217 52 William
1615 1870 70 52 H.
1712 1871 269 58 Anderson,
2008 1894 118 39 your
2150 1876 183 57 roaring

477 1935 253 60 wind-pots
760 1938 96 50 and
885 1937 348 61 spittle-tossers.
1284 1938 90 52 Let
1402 1940 124 52 them
1557 1941 63 51 fill
1653 1962 62 40 up
1747 1955 47 38 to
1826 1942 114 51 their
1969 1964 227 40 pop-eyes
2222 1945 109 50 with

479 2004 63 51 all
583 2004 76 52 the
697 2007 344 52 non-alcoholic
1077 2008 279 61 belly-wash
1393 2011 52 51 of
1486 2011 125 51 New
1649 2011 152 58 York,
1840 2011 81 52 but
1957 2013 62 51 let
2055 2035 78 39 my
2169 2013 164 61 hearty

476 2075 235 61 roistering
748 2075 242 53 comrades
1025 2077 162 62 fortify
1223 2078 269 52 themselves
1525 2081 112 50 with
1674 2102 26 29 a
1738 2081 93 50 few
1868 2095 107 38 neat
2009 2081 123 53 shots
2164 2082 54 52 of
2249 2082 82 51 old

479 2144 223 52 Bourbon
731 2167 51 30 or
810 2168 28 29 a
865 2147 138 50 brace
1028 2148 52 51 of
1107 2149 103 51 cool
1239 2149 259 59 schooners,
1526 2150 94 51 and
1647 2150 19 51 I
1694 2172 152 30 assure
1874 2172 109 41 you,
2011 2153 178 61 though
2217 2173 116 41 your

472 2214 328 52 barnstormers
835 2216 106 61 pick
978 2218 114 51 their
1127 2239 108 30 own
1270 2218 216 62 subjects,
1522 2219 100 52 that
1658 2243 78 40 my
1775 2222 173 50 friends
1980 2223 97 51 will
2116 2244 49 30 so
2201 2224 98 51 ham-

473 2286 140 60 string
640 2285 94 51 and
760 2285 174 52 hobble
962 2286 124 52 them
1111 2288 113 50 with
1249 2302 262 47 arguments
1539 2290 53 51 of
1616 2291 96 56 wit,
1743 2290 191 52 ridicule
1963 2293 95 50 and
2085 2293 121 61 logic
2235 2294 98 49 that

473 2352 65 63 by
561 2354 76 52 the
661 2354 92 50 end
778 2355 52 51 of
856 2376 26 30 a
903 2355 105 52 half
1030 2356 117 51 hour
1171 2378 118 40 your
1310 2357 282 63 proselyting
1616 2379 176 31 roarers
1815 2360 96 51 will
1938 2360 58 52 be
2018 2382 127 30 more
2170 2361 161 61 bleary

475 2423 119 61 eyed
617 2425 112 51 with
757 2425 242 51 confusion
1028 2426 111 51 than
1166 2448 28 29 a
1221 2427 145 61 styful
1392 2427 53 51 of
1470 2429 130 50 stuck
1627 2430 113 61 pigs.
1808 2430 93 51 For
1929 2430 19 51 I
1976 2431 119 51 have
2122 2453 105 30 seen
2253 2453 78 39 my

476 2492 171 52 friends
682 2515 48 29 so
760 2495 180 61 jingled
970 2496 113 51 with
1116 2497 127 60 good
1276 2497 149 61 liquor
1454 2496 112 62 they
1597 2498 140 51 could
1773 2511 80 38 not
1884 2498 143 59 walk,
2061 2514 77 48 yet
2171 2501 160 51 withal

475 2583 49 30 so
546 2562 150 52 adroit
717 2564 94 50 and
830 2564 172 51 nimble
1023 2567 46 50 in
1092 2564 114 53 their
1225 2567 94 55 wit,
1342 2587 50 30 so
1416 2567 124 51 lucid
1562 2567 94 51 and
1680 2568 217 61 eloquent
1919 2571 44 48 in
1985 2568 114 52 their
2121 2570 209 62 thought,

473 2632 101 51 that
599 2633 173 61 merely
801 2644 47 40 to
877 2633 221 51 overhear
1122 2634 117 52 their
1265 2634 252 51 discourses
1544 2656 100 30 was
1672 2637 149 51 worth
1849 2660 27 29 a
1905 2637 170 62 library
2104 2638 53 51 of
2187 2639 146 51 books

472 2723 54 29 or
550 2723 26 29 a
602 2700 153 54 whole
783 2702 320 62 band-wagon
1129 2703 52 51 of
1209 2704 223 61 lecturing
1454 2704 265 62 professors.

586 2783 96 52 But
715 2804 72 31 we
823 2784 96 52 will
955 2797 81 39 not
1070 2784 115 52 trifle
1223 2806 137 40 away
1395 2807 86 29 our
1516 2788 107 48 time
1658 2787 111 50 with
1806 2787 397 53 blubber-mouths
2240 2788 94 51 and

475 2851 368 63 prohibitionists.
901 2854 106 51 Our
1026 2855 109 49 time
1155 2854 96 52 will
1271 2854 58 52 be
1348 2855 168 61 passed
1539 2857 43 49 in
1605 2855 127 51 those
1752 2868 145 50 sports
1920 2858 94 49 and
2037 2860 297 60 occupations

481 2924 74 51 for
581 2924 153 51 which
762 2924 115 51 God
904 2925 46 50 in
979 2924 91 51 His
1097 2924 171 52 infinite
1296 2945 155 41 mercy
1478 2924 85 52 has
1591 2925 170 62 placed
1787 2948 108 30 man
1923 2949 123 40 upon
2076 2928 87 52 this
2190 2929 143 51 earth.

480 2992 81 59 So,
590 2992 220 63 pledging
838 3014 84 31 our
947 2994 151 51 minds
1129 2994 95 51 and
1248 3015 85 31 our
1357 2992 153 54 hearts
1538 3006 45 40 to
1611 2995 214 61 drinking
1851 2996 93 51 and
1976 2999 218 58 creating,
2223 2996 112 54 with

481 3086 28 30 a
542 3085 88 41 pen
661 3066 45 50 in
738 3085 86 29 one
854 3064 130 50 hand
1016 3064 96 50 and
1143 3085 28 29 a
1201 3085 111 40 mug
1341 3065 54 51 of
1422 3064 108 52 beer
1561 3067 44 49 in
1635 3065 77 52 the
1742 3066 144 57 other,
1920 3088 71 30 we
2018 3067 96 51 will
2142 3069 136 50 make
2309 3091 25 28 a

480 3132 152 62 bright
672 3133 149 52 havoc
862 3132 53 53 of
957 3132 88 52 this
1086 3155 85 29 our
1211 3133 272 61 puritanical
1526 3132 127 59 land,
1698 3136 335 61 impregnating
2072 3138 58 49 its
2173 3136 160 53 fallow

477 3203 156 52 womb
663 3205 111 50 with
804 3225 82 30 our
914 3203 120 62 lusty
1061 3202 221 53 children.

1741 3274 212 52 Slater
1992 3276 204 51 Brown
