3149 4346
2269 3542 93 43 169

611 574 63 52 R.
708 576 89 50 G.:
1006 576 75 51 the
1110 598 136 39 poem
1276 589 222 40 contrasts
1525 578 193 52 childish
1747 580 264 56 innocence,
2041 601 50 29 as
2117 579 242 61 expressed

504 645 44 50 in
579 644 350 62 'candle-light',
960 646 110 51 with
1100 646 76 51 the
1201 646 167 59 world,
1399 648 127 55 flesh,
1557 648 94 50 and
1677 649 121 51 devil
1825 648 53 50 of
1906 648 321 62 'Babylon'?"

608 714 194 52 Friend:
971 736 195 40 suppose
1197 736 65 36 so,
1296 716 83 51 but
1408 717 126 50 there
1564 719 37 48 is
1628 739 126 29 more
1785 717 111 51 than
1926 719 249 50 innocence
2208 720 45 48 in
2283 717 76 51 the

504 785 305 61 candle-light

608 853 64 51 R.
705 855 90 50 G.:

608 924 194 51 Friend:
1053 927 179 60 loyalty
1255 927 92 49 and
1371 927 115 51 faith
1510 927 119 51 from
1651 927 75 51 the
1749 928 321 52 ecclesiastical

608 993 64 52 R.
715 994 90 51 G.:
1093 994 198 61 perhaps
1328 1016 94 40 you
1460 997 162 49 would
1660 1010 160 48 accept
1860 997 87 51 this
1986 1018 51 30 as
2075 1020 27 29 a
2141 999 217 50 tentative

509 1064 201 60 analysis
736 1064 54 51 of
819 1064 75 51 the
921 1065 135 50 effect
1083 1065 240 61 produced
1350 1068 44 48 in
1420 1087 94 39 you
1540 1067 64 59 by
1630 1067 77 50 the
1732 1088 159 40 poem:
1939 1067 41 50 It
2003 1070 38 49 is
2069 1090 28 27 a
2124 1068 234 61 dialogue,

504 1133 76 50 the
599 1154 108 29 man
726 1134 107 51 who
854 1134 86 51 has
957 1156 118 39 gone
1098 1147 153 49 astray
1271 1135 119 51 after
1409 1137 77 49 the
1506 1137 110 50 lusts
1636 1137 50 50 of
1708 1137 75 50 the
1806 1137 111 50 flesh
1940 1137 94 50 and
2056 1137 76 50 the
2154 1138 182 61 sophisti-

504 1204 174 49 cations
716 1203 53 50 of
804 1203 76 52 the
914 1204 151 51 world
1101 1204 240 52 addresses
1378 1228 28 28 a
1440 1206 126 51 child
1601 1206 108 51 who
1749 1208 78 49 lies
1865 1209 263 61 innocently
2166 1210 45 50 in
2249 1209 107 51 bed.

503 1272 162 51 When
697 1272 76 51 the
802 1274 127 52 child
960 1274 104 50 asks
1092 1274 76 50 the
1199 1277 207 60 question
1437 1275 75 51 the
1542 1298 106 29 man
1684 1276 113 51 feels
1827 1277 115 56 that,
1975 1279 44 48 in
2052 1279 113 59 spite
2198 1279 53 49 of
2283 1279 75 51 the

503 1342 165 51 child's
694 1356 225 48 apparent
943 1345 300 61 helplessness
1269 1346 93 51 and
1389 1346 69 51 his
1481 1349 246 58 ignorance
1754 1349 53 49 of
1832 1349 75 50 the
1937 1349 298 52 determinate
2264 1350 95 51 side

503 1412 53 51 of
593 1413 95 56 life,
726 1413 59 51 he
818 1413 185 51 himself
1035 1415 112 50 with
1185 1416 61 49 all
1280 1416 70 49 his
1385 1417 200 60 strength
1622 1417 92 50 and
1749 1417 200 62 worldly
1985 1418 193 53 wisdom
2215 1421 35 48 is
2287 1420 72 49 far

503 1482 186 51 inferior
712 1484 45 49 in
782 1504 158 40 power
961 1496 47 38 to
1031 1483 75 51 the

608 1552 194 52 Friend:
933 1553 200 62 'Except
1155 1576 59 39 ye
1239 1554 191 52 become
1458 1577 48 29 as
1531 1556 113 50 little
1671 1557 222 51 children'
1920 1559 43 49 in
1994 1558 128 51 fact?
2169 1558 19 51 I
2216 1559 143 50 admit

503 1622 99 50 that
626 1622 18 50 I
667 1634 74 49 get
763 1622 98 50 that
882 1622 186 62 feeling,
1092 1623 81 51 but
1195 1624 19 50 I
1239 1624 131 51 don't
1390 1646 73 29 see
1483 1625 154 51 where
1658 1647 94 39 you
1775 1627 181 51 deduce
1980 1627 75 52 the
2080 1628 256 61 'sophistica-

503 1693 109 51 tion'
641 1693 94 51 and
761 1693 74 51 the
866 1693 314 52 'determinate
1205 1694 97 51 side
1328 1695 52 51 of
1404 1695 115 51 life.'

607 1764 63 51 R.
703 1764 91 51 G.:
1083 1765 127 51 what
1237 1765 37 50 if
1302 1765 19 51 I
1349 1787 121 29 were
1497 1779 46 37 to
1572 1788 81 39 say

1186 1901 141 39 many
1355 1881 129 51 miles
1515 1893 46 39 to
1595 1881 253 61 Babylon?

1056 1951 253 50 Fourscore
1340 1952 128 49 miles
1497 1952 93 49 and

504 2064 43 50 Is
574 2065 274 51 three-score
876 2069 94 49 and
997 2079 73 38 ten
1096 2067 173 61 merely
1298 2089 57 28 an
1382 2067 184 51 archaic
1594 2067 287 61 'seventy'?"

608 2135 193 51 Friend:
1045 2137 182 51 indeed.
1279 2137 17 50 I
1331 2159 72 29 see
1434 2140 31 48 it
1497 2159 121 29 now.
1670 2139 287 50 Threescore
1990 2139 94 49 and
2114 2151 74 37 ten
2218 2140 36 49 is
2286 2139 75 50 the

508 2205 109 52 limit
650 2227 61 30 on
744 2206 81 51 life
857 2207 210 60 imposed
1097 2207 65 61 by
1194 2207 75 51 the
1302 2208 242 60 psalmist,.
1557 2208 94 51 and
1683 2208 256 51 associated
1970 2210 45 49 in
2050 2207 76 53 the
2154 2230 205 38 memory

501 2276 111 50 with
641 2276 179 50 'labour
847 2277 94 49 and
966 2277 271 51 heaviness.'
1286 2278 94 50 But
1407 2278 128 51 what
1561 2278 142 51 about
1731 2278 109 61 'yes,
1869 2278 94 51 and
1989 2277 120 52 back
2138 2278 221 61 again'?"

607 2346 63 50 R.
710 2347 90 49 G.:
1056 2347 248 51 remnant's
1340 2361 149 38 return
1524 2349 110 50 with
1674 2349 62 51 all
1771 2351 56 48 its
1860 2349 252 51 disillusion
2149 2349 95 51 and
2281 2349 54 51 de-

503 2415 280 63 spondency.
830 2417 96 61 My
950 2418 128 49 mind
1105 2418 119 51 rides
1246 2418 111 51 with
1384 2418 126 51 Ezra
1536 2420 180 51 around
1740 2419 75 51 the
1843 2422 156 48 circuit
2025 2419 54 51 of
2105 2420 75 50 the
2206 2419 155 52 Soul's

501 2485 256 61 Jerusalem
782 2487 94 50 and
901 2487 117 50 finds
1042 2488 63 49 all
1130 2490 45 49 in
1197 2490 134 49 ruins.
1378 2488 108 52 The
1507 2511 137 39 poem
1669 2489 129 51 takes
1821 2511 60 29 on
1907 2489 122 52 fresh
2053 2492 304 59 significance.

504 2555 152 62 'Keep
684 2558 286 59 innocency,'
999 2559 32 48 it
1056 2558 235 61 preaches,
1321 2558 109 50 'and
1454 2580 94 40 you
1572 2580 88 30 can
1683 2580 105 40 pass
1815 2559 196 61 through
2038 2560 75 50 the
2140 2560 219 61 Babylon

501 2626 54 51 of
578 2627 237 53 manhood
842 2627 94 51 and
962 2640 150 38 return
1140 2629 99 51 safe
1266 2630 94 50 and
1388 2630 148 51 sound
1559 2631 111 50 with
1698 2653 49 28 as
1773 2631 137 51 much
1939 2653 104 29 ease
2070 2653 51 29 as
2144 2633 43 49 in
2215 2631 122 52 child-

500 2697 128 51 hood
656 2719 94 39 you
774 2699 164 49 visited
965 2699 98 50 that
1088 2699 294 61 magnificent
1408 2701 92 60 city
1530 2702 45 49 in
1604 2721 115 40 your
1750 2701 180 51 dreams
1959 2702 94 51 and
2081 2721 130 32 came
2239 2701 122 52 back

501 2767 160 51 before
692 2767 76 51 the
795 2767 167 51 candle
988 2767 98 51 had
1110 2768 180 51 burned
1319 2781 46 38 to
1392 2771 54 50 its
1474 2770 188 49 socket.'

607 2837 193 51 Friend:
1058 2840 84 49 old
1181 2840 234 61 dialogue,
1458 2840 122 58 then,
1623 2841 52 51 of
1712 2841 129 61 body
1881 2842 94 51 and
2013 2843 131 50 soul?
2202 2843 96 51 But
2339 2843 20 51 I

501 2908 129 51 think
651 2930 94 39 you
766 2908 120 51 have
909 2908 300 61 disregarded
1234 2909 192 51 another
1449 2909 162 52 buried
1636 2913 260 59 suggestion
1919 2913 44 50 in
1990 2913 76 51 the
2090 2912 271 52 'threescore

503 2978 94 51 and
621 2978 108 51 ten.'
772 2978 133 61 Only
932 3000 28 29 a
985 2992 209 37 remnant
1216 2981 166 49 attains
1407 2979 248 59 fourscore,
1681 2982 111 61 only
1816 3003 27 30 a
1869 2996 207 37 remnant
2100 2984 115 50 wins
2240 2983 122 52 back

505 3048 118 52 from
653 3048 236 62 Babylon,
918 3048 94 51 and
1039 3049 109 61 they
1176 3071 77 29 are
1277 3049 113 52 both
1417 3050 278 51 confronted
1717 3052 110 50 with
1854 3052 75 50 the
1951 3052 212 62 hopeless
2184 3054 102 51 task
2310 3053 52 52 of

501 3120 226 61 repairing
757 3141 26 29 a
811 3119 230 51 lifetime's
1067 3120 199 61 damage
1293 3133 47 38 to
1365 3120 114 51 their
1503 3122 202 60 spiritual

606 3189 63 52 R.
706 3190 90 51 G.:
1072 3191 227 60 improves
1331 3190 77 51 the
1443 3204 252 47 argument.
1754 3191 245 63 Probably
2037 3193 255 62 Babyland
2325 3196 37 49 is

500 3260 112 61 only
645 3282 27 29 a
700 3280 188 41 nursery
917 3260 235 61 stupidity.
1202 3259 133 52 That
1365 3260 221 61 Babylon
1618 3262 33 50 is
1683 3261 76 51 the
1790 3262 192 61 original
2010 3265 179 50 version
2220 3285 142 30 seems

500 3330 177 61 proved
705 3330 64 62 by
797 3329 77 52 the
904 3331 268 50 interaction
1202 3330 54 51 of
1284 3330 75 51 the
1387 3330 133 52 other
1549 3331 202 61 symbols
1782 3345 77 38 too
1890 3332 172 63 closely
2094 3334 74 50 for
2194 3336 144 50 coinci-
