3149 4346
2301 3550 91 50 151

530 583 124 50 them
684 580 76 53 the
792 581 100 52 best
920 583 109 59 they
1056 581 110 51 had.
1236 580 161 52 When
1432 580 18 51 I
1481 583 174 50 invited
1684 602 28 29 a
1743 580 162 60 Negro
1935 578 250 52 deckhand
2213 589 47 41 to
2289 578 100 50 visit

531 674 74 29 me
637 654 110 59 they
780 652 178 51 treated
990 652 95 51 him
1115 652 47 50 in
1198 651 76 51 the
1309 673 125 29 same
1466 670 123 41 way.
1658 649 142 62 They
1834 670 121 29 were
1988 670 102 29 sure
2120 647 184 61 enough
2337 646 52 52 of

531 722 116 52 their
675 744 106 30 own
807 724 197 59 position
1032 734 45 38 to
1107 721 57 51 be
1193 720 105 52 able
1328 734 47 38 to
1406 721 63 50 do
1495 719 101 52 this.
1658 719 132 52 That
1819 720 36 48 is
1884 720 93 49 real
2008 721 292 57 aristocracy.
2368 716 19 51 I

533 793 62 51 do
630 806 80 38 not
747 792 210 52 consider
991 813 182 40 anyone
1209 795 124 58 quite
1367 813 80 39 my
1484 791 141 49 social
1660 790 137 62 equal
1833 790 108 50 who
1974 810 88 29 can
2098 800 80 39 not
2213 787 63 51 do
2313 786 76 53 the

534 885 138 30 same.
723 863 164 60 Ralph
919 862 207 51 Watson
1155 862 100 51 said
1282 875 47 38 to
1359 884 74 29 me
1462 861 137 51 when
1632 860 18 50 I
1682 860 244 62 expressed
1954 860 86 52 this
2067 860 108 50 idea
2203 871 47 38 to
2278 858 109 55 him,

715 933 162 51 would
912 932 96 51 find
1039 952 117 41 your
1187 932 141 51 social
1362 931 137 62 equal
1532 951 169 39 among
1731 929 84 51 bar
1848 928 181 51 tenders
2270 927 19 51 I
2322 948 45 30 re-

531 1003 143 62 plied,
886 1023 170 40 among
1091 1002 78 51 all.
1225 1000 142 63 They
1403 1000 144 61 might
1582 999 59 52 be
1678 999 106 51 able
1818 1011 47 38 to
1900 999 221 51 entertain
2159 1020 28 29 a
2225 998 164 60 Negro

533 1074 248 52 deckhand
812 1074 95 51 and
936 1086 78 49 yet
1044 1073 59 51 be
1131 1073 214 51 flustered
1375 1072 63 62 by
1471 1094 28 28 a
1531 1070 232 63 celebrity.
1832 1070 82 50 On
1945 1070 76 51 the
2049 1069 132 52 other
2206 1068 131 52 hand
2369 1067 19 50 I

534 1145 91 51 feel
657 1167 48 29 as
734 1144 39 52 if
803 1144 19 51 I
854 1164 122 31 were
1005 1143 243 61 slumming
1274 1143 136 51 when
1443 1141 19 51 I
1491 1143 102 49 visit
1621 1139 281 53 households
1932 1140 155 51 where
2119 1139 75 51 the
2227 1138 162 61 Negro

533 1214 248 51 deckhand
812 1213 141 52 could
981 1225 79 38 not
1089 1213 57 50 be

635 1287 129 51 Goni
798 1286 215 51 Katundi
1046 1286 76 51 the
1156 1286 252 61 proprietor
1442 1284 52 50 of
1527 1284 75 50 the
1632 1284 247 52 Albanian
1911 1296 269 45 restaurant,
2215 1284 172 56 Vatru,

533 1359 82 50 did
648 1370 81 38 not
762 1359 116 50 wish
910 1379 73 29 me
1019 1369 46 38 to
1100 1357 137 51 invite
1274 1356 122 51 Miss
1425 1356 146 50 Culot
1603 1355 140 57 there,
1778 1355 224 61 although
2035 1355 79 51 she
2145 1355 97 51 had
2272 1354 117 50 been

533 1430 44 48 in
605 1427 230 56 Albania,
864 1426 198 52 because
1086 1426 59 51 he
1171 1426 196 61 thought
1392 1425 79 50 she
1495 1445 98 30 was
1621 1425 53 50 of
1698 1437 78 38 too
1803 1425 110 61 high
1938 1446 28 29 a
1993 1436 138 39 caste.
2177 1423 163 52 When
2369 1423 19 51 I

533 1497 109 51 took
677 1497 82 52 her
795 1498 141 56 there,
978 1496 19 51 I
1039 1496 280 61 apologized
1359 1496 73 51 for
1470 1495 87 52 this
1593 1496 180 59 neglect
1811 1515 60 29 on
1909 1493 69 52 his
2015 1506 104 49 part
2157 1493 94 51 and
2290 1492 101 52 told

530 1569 81 51 her
635 1568 77 51 the
737 1590 177 32 reason.
981 1567 19 51 I
1029 1567 102 51 said
1152 1567 59 51 he
1235 1587 99 31 was
1356 1587 162 41 wrong
1542 1566 198 50 because
1766 1564 76 51 the
1866 1564 245 51 Albanian
2138 1576 253 39 restaurant

530 1662 98 29 was
654 1641 126 61 good
808 1641 183 61 enough
1023 1639 72 51 for
1123 1661 88 34 me,
1241 1639 95 51 and
1361 1639 128 50 what
1514 1660 99 29 was
1641 1638 126 61 good
1794 1638 183 60 enough
2008 1637 74 51 for
2110 1635 88 61 Joe
2225 1633 167 53 Gould

531 1732 98 30 was
658 1710 127 63 good
815 1710 181 61 enough
1029 1709 73 51 for
1132 1731 91 39 any
1251 1731 88 29 one
1368 1709 92 50 else
1488 1709 99 51 that
1617 1708 117 51 God
1761 1708 99 51 had
1886 1707 154 52 made.
2104 1705 96 52 She
2229 1704 162 52 smiled

534 1782 223 62 approval
788 1782 94 50 and
911 1780 116 57 said,
1058 1780 204 51 "That's
1291 1779 76 51 the
1392 1801 168 39 proper
1583 1799 110 41 way
1720 1790 47 40 to
1795 1778 91 51 feel
1916 1776 142 51 about
2215 1776 74 53 At
2314 1775 77 52 the

531 1854 107 49 time
665 1853 78 50 she
771 1851 83 51 did
882 1864 81 38 not
991 1851 112 51 hear
1126 1851 129 51 what
1286 1850 17 51 I
1334 1849 174 57 added,
1538 1849 99 51 that
1664 1849 235 51 whatever
1927 1869 98 29 was
2053 1848 125 61 good
2208 1845 183 62 enough

534 1922 75 50 for
647 1921 225 61 anybody
914 1921 91 51 else
1048 1921 99 51 that
1189 1920 116 51 God
1345 1920 97 51 had
1480 1919 140 52 made
1659 1939 100 30 was
1797 1917 126 63 good
1964 1917 183 61 enough
2191 1917 73 50 for
2303 1916 88 61 Joe

531 1992 179 51 Gould.
780 1992 18 50 I
826 1991 162 52 would
1016 2013 80 29 use
1122 1991 89 51 this
1240 1990 210 52 addition
1476 2004 46 37 to
1551 1990 222 51 illustrate
1800 1990 75 51 the
1907 1989 246 50 difference
2181 1987 210 51 between

531 2062 76 51 the
638 2065 237 48 aristocrat
902 2061 95 51 and
1028 2061 75 51 the
1136 2060 127 50 snob.

638 2136 20 51 I
691 2136 90 52 feel
812 2157 112 40 very
953 2136 149 61 cocky
1127 2136 136 51 when
1297 2135 19 50 I
1348 2136 128 51 think
1505 2136 54 49 of
1587 2135 76 50 the
1692 2135 125 52 three
1843 2135 181 61 highest
2053 2136 141 51 social
2224 2135 168 50 honors

533 2207 97 51 that
661 2206 19 51 I
707 2207 119 51 have
850 2206 224 52 received.
1121 2206 109 52 The
1253 2227 89 30 one
1364 2206 101 51 that
1493 2204 19 51 I
1536 2206 174 49 valued
1735 2206 115 49 least
1872 2226 98 31 was
1994 2204 136 53 when
2157 2204 19 51 I
2201 2206 117 51 tried
2342 2226 49 29 so

530 2277 119 51 hard
682 2291 47 38 to
762 2290 78 48 get
867 2278 96 50 into
996 2277 76 51 the
1104 2297 130 41 army
1268 2276 99 50 that
1400 2276 204 61 Captain
1635 2274 67 51 A.
1738 2274 43 61 J.
1820 2274 163 61 Boyce
2012 2296 100 29 was
2144 2273 248 64 impressed

533 2348 95 51 and
660 2348 141 61 spoke
831 2361 46 38 to
911 2347 257 52 Roosevelt
1201 2347 143 50 about
1372 2368 74 29 me
1477 2347 94 50 and
1602 2347 76 50 the
1709 2345 210 63 doughty
1951 2345 182 51 colonel
2166 2345 100 51 told
2298 2345 93 52 him

533 2430 45 39 to
609 2418 132 61 bring
769 2439 75 30 me
873 2430 47 39 to
952 2418 175 61 Oyster
1156 2418 121 61 Bay.
1326 2417 257 50 Roosevelt
1612 2437 98 30 was
1739 2429 80 38 out
1848 2415 54 52 of
1928 2415 122 57 luck,
2085 2417 74 50 for
2187 2415 204 62 Captain

535 2488 163 62 Boyce
733 2489 89 49 lost
855 2489 128 51 track
1016 2488 54 50 of
1099 2511 86 29 me.
1255 2489 76 49 As
1364 2488 258 52 Roosevelt
1649 2489 98 51 had
1781 2511 60 29 no
1872 2488 289 52 backwoods
2191 2488 201 52 Yankee

533 2557 146 53 blood
703 2560 43 50 in
770 2559 109 56 him,
905 2559 53 51 of
980 2579 174 36 course,
1176 2559 60 51 he
1256 2579 101 29 was
1380 2571 80 37 not
1484 2560 124 58 quite
1630 2579 79 41 my
1731 2557 154 63 equal,
1912 2559 81 51 but
2017 2559 19 49 I
2060 2579 99 31 was
2177 2559 214 59 honestly

531 2627 192 63 pleased
750 2627 98 51 that
874 2629 175 61 despite
1074 2649 78 41 my
1180 2650 115 40 poor
1319 2629 226 62 physique
1570 2629 19 49 I
1615 2629 99 50 had
1735 2627 140 52 made
1902 2627 110 51 such
2041 2650 59 28 an
2125 2631 266 59 impression

533 2720 124 41 upon
682 2700 205 61 Captain
915 2700 162 61 Boyce
1103 2721 51 28 as
1178 2721 26 28 a
1231 2721 108 30 man
1367 2720 171 41 among
1559 2720 105 31 men
1690 2700 97 51 that
1810 2700 57 51 he
1893 2700 197 51 deemed
2112 2720 74 31 me
2209 2698 183 61 worthy

531 2768 54 52 of
610 2770 76 50 the
709 2768 179 61 highest
914 2770 147 50 honor
1084 2768 58 52 he
1168 2770 141 50 could
1336 2790 94 41 pay
1458 2790 87 30 me.

639 2842 18 51 I
688 2864 99 29 was
817 2864 127 30 more
976 2842 192 62 pleased
1197 2842 63 62 by
1289 2842 130 52 what
1447 2843 250 61 happened
1724 2842 79 52 the
1834 2843 93 52 first
1958 2847 107 48 time
2096 2845 19 50 I
2145 2857 94 40 met
2270 2846 119 54 Mrs.

534 2913 137 57 Rust,
704 2913 75 51 the
809 2913 174 51 widow
1010 2913 56 51 of
1095 2913 76 51 the
1202 2913 319 51 Confederate
1550 2914 184 61 general
1761 2913 109 52 who
1898 2914 314 52 commanded
2241 2919 45 49 in
2317 2916 76 50 the

533 2983 146 52 battle
712 2983 53 51 of
803 2982 116 52 Port
957 2983 207 52 Hudson
1198 2984 46 50 in
1276 2983 153 52 which
1461 3006 80 39 my
1574 2984 305 61 grandfather
1911 2985 320 61 participated.
2288 2985 105 51 Her

533 3054 304 62 grandfather
868 3054 93 51 and
991 3054 81 51 her
1099 3054 217 52 husband
1345 3076 124 30 were
1499 3076 334 40 congressmen,
1869 3057 94 50 and
1991 3057 77 50 she
2096 3057 99 50 had
2223 3057 170 52 moved

533 3129 44 48 in
606 3128 78 51 the
710 3125 181 64 highest
919 3128 171 59 society
1119 3129 45 50 in
1196 3126 316 63 Washington
1541 3128 94 51 and
1663 3126 185 53 danced
1877 3129 134 50 twice
2036 3126 113 53 with
2181 3126 212 53 Edward

531 3196 120 52 VII.
701 3196 97 52 She
826 3218 98 30 was
953 3196 105 52 akin
1090 3209 46 38 to
1165 3196 75 52 the
1267 3199 282 49 aristocratic
1578 3196 198 52 families
1804 3196 53 51 of
1886 3196 75 52 the
1989 3198 104 50 Old
2121 3198 150 50 South
2299 3198 94 50 and

533 3269 77 52 the
644 3269 73 50 list
748 3269 54 50 of
832 3269 84 50 her
947 3267 209 52 relatives
1187 3289 100 30 was
1321 3267 134 63 lousy
1486 3269 113 50 with
1632 3267 332 63 distinguished
1997 3290 171 29 names.
2225 3269 40 50 It
2295 3290 98 29 was

534 3339 232 62 supposed
802 3339 99 52 that
934 3359 74 30 we
1042 3337 161 52 would
1240 3339 127 50 clash
1404 3336 185 64 bitterly
1622 3339 197 50 because
1852 3360 79 40 my
1969 3337 291 63 Negrophile
2293 3359 75 41 pre-

533 3410 179 62 judices
741 3431 123 31 were
897 3431 48 29 so
977 3422 168 49 strong.
1198 3410 76 61 By
1306 3431 27 29 a
1363 3408 94 52 few
1486 3408 160 63 proofs
1677 3410 53 50 of
1758 3408 262 58 deference,
2051 3408 20 51 I
2100 3430 108 30 won
2236 3410 78 50 her
2344 3430 49 29 so
