3149 4346
2296 3531 94 51 149

1042 769 312 63 SOCIAL
1397 769 407 63 POSITION

633 926 183 62 Nearly
862 946 227 40 everyone
1129 927 37 49 is
1206 923 252 62 perplexed
1499 922 65 61 by
1604 922 77 51 the
1719 922 172 51 human
1932 922 179 49 instinct
2154 933 47 38 to
2242 919 141 51 either

526 998 104 52 lord
661 999 33 50 it
724 1018 110 31 over
868 997 129 50 other
1029 994 167 62 people
1227 1016 52 29 or
1310 994 108 51 bow
1450 993 141 51 down
1622 1006 47 38 to
1704 992 137 50 them.
1897 990 50 52 In
1979 990 75 52 the
2086 1011 106 40 eyes
2222 990 54 51 of
2307 989 76 51 the

528 1066 194 58 Infinite,
757 1066 63 51 all
856 1065 131 62 pride
1019 1066 38 50 is
1089 1064 105 51 dust
1227 1064 94 51 and
1356 1063 146 53 ashes.
1575 1061 94 51 But
1702 1083 51 29 as
1785 1082 73 30 we
1888 1073 120 38 must
2040 1060 88 51 live
2157 1059 112 51 with
2299 1079 85 31 our

525 1138 185 52 brother
743 1158 125 35 man,
906 1138 32 49 it
972 1139 36 48 is
1044 1135 182 51 natural
1262 1135 99 51 that
1395 1134 115 51 each
1544 1133 53 50 of
1632 1154 51 29 us
1719 1131 167 52 should
1921 1131 119 51 have
2071 1130 69 52 his
2173 1130 124 51 ideal
2331 1127 52 53 of

525 1228 166 42 proper
715 1209 187 58 society.

632 1289 19 51 I
685 1287 177 53 believe
893 1287 101 53 that
1025 1308 73 30 we
1132 1286 121 52 need
1287 1308 60 29 an
1382 1286 277 59 aristocracy
1691 1285 47 49 in
1768 1282 151 51 which
1954 1281 114 52 each
2100 1301 164 41 person
2295 1301 88 30 can

525 1360 58 51 be
620 1380 59 29 an
715 1360 251 49 aristocrat.
1019 1356 133 52 That
1184 1357 36 50 is
1251 1367 46 39 to
1331 1376 83 40 say
1448 1375 137 41 every
1617 1352 174 52 human
1822 1352 138 61 being
1989 1354 36 49 is
2055 1351 190 51 entitled
2276 1364 47 36 to
2356 1371 27 29 a

525 1430 250 61 legitimate
809 1428 131 61 pride
976 1428 46 50 in
1055 1426 72 52 his
1160 1428 314 49 environment
1510 1425 94 50 and
1643 1422 308 52 antecedents.
2026 1420 109 52 The
2170 1420 214 50 Socialist

522 1502 144 50 vision
700 1502 36 50 is
770 1498 253 52 somewhat
1056 1496 183 53 similar.
1292 1494 239 53 However
1560 1497 36 48 it
1624 1494 144 50 insists
1804 1505 77 39 too
1912 1491 140 52 much
2082 1512 61 29 on
2173 1488 209 53 material

524 1571 172 50 values.
769 1568 62 52 Its
865 1568 169 62 appeal
1063 1569 36 50 is
1131 1580 47 38 to
1211 1567 129 51 those
1371 1566 166 62 people
1568 1564 109 52 who
1709 1576 170 39 cannot
1911 1574 175 50 respect
2112 1561 272 52 themselves

524 1644 194 52 without
751 1643 127 62 good
911 1642 175 52 clothes
1119 1641 96 50 and
1244 1639 259 52 well-filled
1532 1639 225 50 tummies.
1828 1635 133 53 That
1992 1639 38 49 is
2060 1657 27 29 a
2121 1656 163 40 wrong
2313 1654 47 31 as-

525 1717 244 59 sumption.
839 1714 85 51 An
959 1712 167 50 Indian
1159 1733 59 29 no
1250 1722 165 39 matter
1447 1708 110 52 how
1592 1708 98 51 dire
1724 1708 70 51 his
1824 1718 193 50 poverty
2052 1727 87 29 can
2173 1705 211 60 dispense

524 1784 268 62 hospitality
818 1784 113 51 with
962 1783 192 61 dignity.
1206 1780 82 51 He
1314 1783 35 48 is
1372 1780 70 51 his
1467 1799 107 32 own
1599 1778 238 50 welcome.
1885 1776 163 61 Roger
2073 1775 86 51 W.
2194 1774 190 52 Babson

525 1877 116 29 once
674 1854 144 52 asked
850 1875 72 30 me
956 1853 128 50 what
1119 1851 19 51 I
1175 1850 195 62 thought
1401 1870 98 31 was
1533 1849 77 52 the
1644 1849 197 51 solution
1875 1846 52 51 of
1958 1846 74 51 the
2062 1846 113 61 high
2204 1858 98 38 cost
2332 1844 52 52 of

525 1925 155 61 living.
750 1924 19 49 I
803 1921 254 57 answered,
1267 1919 166 52 Indian
1465 1930 181 50 system.
1718 1917 163 51 Fewer
2172 1914 83 52 He
2286 1915 101 51 that

526 1996 162 51 knows
708 1994 60 52 he
792 2015 35 29 is
853 2014 49 30 as
925 1992 127 61 good
1075 2014 27 29 a
1124 2013 111 30 man
1259 2013 50 29 as
1330 1990 69 52 his
1420 1989 224 60 neighbor
1664 1990 113 51 does
1800 1999 80 39 not
1903 1986 119 51 need
2045 1997 47 40 to
2114 2005 188 42 impress
2321 1983 63 63 by

525 2066 220 51 evidence
774 2065 53 52 of
854 2063 209 53 material
1094 2061 188 52 wealth.

632 2149 109 50 The
773 2150 238 48 aristocrat
1041 2149 36 49 is
1110 2146 77 51 the
1215 2143 181 63 highest
1425 2156 110 48 type
1566 2142 19 51 I
1618 2164 88 30 can
1738 2154 143 38 attain
1912 2152 61 40 to.
2026 2140 19 50 I
2078 2138 178 52 believe
2288 2137 99 51 that

525 2218 38 52 if
602 2240 91 29 one
733 2217 112 62 only
889 2216 167 62 pushes
1098 2218 278 58 aristocracy
1419 2213 74 51 far
1535 2212 183 61 enough
1758 2213 34 50 it
1831 2209 217 53 becomes
2090 2208 293 60 democracy.

528 2288 52 52 In
611 2288 63 51 all
707 2287 242 57 externals,
982 2287 76 51 the
1090 2300 94 36 two
1211 2286 272 59 viewpoints
1514 2283 116 61 keep
1660 2282 77 51 the
1766 2302 123 29 same
1918 2279 132 52 code.
2101 2278 111 51 One
2239 2297 148 31 serves

526 2359 121 52 from
675 2359 104 51 love
806 2358 53 52 of
883 2358 257 60 humanity,
1173 2356 75 52 the
1274 2356 132 50 other
1432 2367 47 38 to
1508 2353 163 61 satisfy
1695 2350 200 55 himself.

632 2439 20 52 I
689 2439 178 52 believe
902 2439 99 51 that
1037 2460 61 30 no
1131 2438 164 60 higher
1330 2458 106 30 race
1471 2436 53 52 of
1557 2457 106 29 men
1696 2456 105 32 ever
1836 2436 122 50 lived
1991 2434 110 52 than
2135 2434 78 51 the
2245 2433 113 52 back-

524 2510 165 53 woods
728 2510 201 51 Yankee
966 2509 183 51 farmer.
1208 2508 155 51 Made
1397 2505 315 63 independent
1749 2505 64 61 by
1851 2504 76 52 the
1964 2504 80 51 toil
2082 2504 53 51 of
2171 2503 72 52 his
2279 2523 107 31 own

525 2582 150 52 hands
704 2582 60 52 he
794 2580 196 51 exacted
1020 2601 61 29 no
1110 2579 200 61 servility
1342 2578 119 52 from
1491 2578 152 51 others
1674 2578 94 49 and
1798 2577 59 52 he
1888 2575 190 62 yielded
2107 2577 35 49 it
2172 2587 47 39 to
2248 2594 136 36 none,

525 2651 130 53 those
676 2651 52 53 of
751 2650 160 62 higher
934 2650 141 51 social
1100 2650 197 61 position
1319 2650 45 50 in
1387 2646 77 54 the
1488 2646 208 52 artificial
1719 2667 127 30 sense
1865 2646 120 51 have
2006 2646 99 52 had
2121 2658 51 39 to
2192 2665 96 42 pay
2313 2645 73 51 for

524 2725 34 50 it
582 2723 64 61 by
670 2725 183 48 various
878 2733 95 39 acts
996 2720 53 52 of
1072 2719 286 62 flunkeyism.

632 2803 19 50 I
690 2824 75 31 am
801 2823 111 41 very
949 2800 335 62 cosmopolitan
1323 2799 94 51 and
1455 2799 120 52 have
1608 2810 94 38 met
1739 2797 252 61 specimens
2026 2795 53 52 of
2118 2795 268 62 European,

525 2874 198 57 Asiatic,
756 2872 257 52 American
1049 2871 167 52 Indian
1250 2871 94 51 and
1373 2869 206 52 African
1608 2867 210 63 nobility.
1870 2867 103 51 Not
2003 2888 113 30 even
2145 2866 243 61 excepting

526 2946 172 51 Water
721 2944 143 52 Chief
884 2944 121 50 have
1032 2942 20 51 I
1080 2964 105 30 ever
1208 2954 94 39 met
1326 2961 183 41 anyone
1532 2940 113 52 with
1667 2960 127 29 more
1817 2959 162 30 reason
2002 2937 74 52 for
2100 2936 132 63 pride
2252 2940 47 49 in
2318 2936 71 52 his

526 3015 264 53 immediate
825 3013 165 61 family
1024 3013 95 51 and
1151 3025 196 39 remoter
1380 3024 209 49 ancestry
1624 3011 111 52 than
1764 3010 186 63 myself.
2007 3010 20 52 I
2060 3010 101 52 said
2194 3021 49 39 to
2274 3007 115 53 God

526 3107 132 36 once,
877 3085 138 50 know
1051 3083 19 51 I
1105 3105 75 29 am
1210 3104 111 40 very
1352 3082 166 62 proud.
1588 3081 47 52 If
1665 3081 19 52 I
1720 3081 168 52 should
1919 3101 106 31 ever
2050 3092 122 40 meet
2204 3100 183 42 anyone

525 3157 113 51 with
662 3156 147 50 better
834 3153 146 52 blood
1006 3156 45 48 in
1076 3153 70 52 his
1170 3154 127 50 veins
1323 3152 113 52 than
1462 3152 132 52 flows
1618 3154 46 50 in
1687 3154 122 49 mine
1833 3151 128 52 what
1988 3149 169 52 should
2177 3171 80 41 my
2281 3170 81 31 con-

526 3227 112 51 duct
845 3223 109 53 The
981 3223 90 52 All
1105 3223 195 62 Mighty
1331 3222 240 52 answered
1599 3242 91 37 me,
1864 3233 81 38 not
1977 3219 222 52 alarmed.
2252 3218 136 53 Until

521 3350 28 27 *
568 3347 179 54 Chapter
768 3345 320 47 CCCLXVIII
1108 3351 44 46 of
1170 3345 150 53 Joseph
1345 3344 176 45 Gould's
1541 3345 169 52 History
1733 3347 45 47 of
1801 3342 61 45 the
1884 3344 315 49 Contemporary
2227 3339 159 48 World,

587 3415 37 37 to
656 3407 48 46 be
732 3406 213 54 published
971 3405 312 54 posthumously.
