3571 4470
1671 167 110 51 307

119 313 66 50 als
212 312 47 50 in
291 312 297 51 historischer
609 313 144 50 Form
783 315 268 48 entwickelt
1079 313 70 49 ist.
1180 312 63 50 Es
1271 312 57 51 ist
1349 312 147 51 dieses
1528 313 125 49 kolos-

118 392 96 50 sale
246 392 153 50 Werk
439 409 75 33 am
552 392 192 51 ehesten
773 392 84 51 der
888 391 401 68 Verherrlichung
1317 392 81 50 des
1427 391 257 51 Heilandes

120 472 148 50 durch
300 473 133 50 einen
462 472 183 51 Seher
673 491 56 31 zu
757 472 313 66 vergleichen,
1115 487 80 35 vor
1223 471 164 52 dessen
1417 471 266 51 ahnendem

120 551 159 49 Blicke
308 551 74 49 die
402 552 162 48 Zeiten
581 552 96 50 sich
701 552 306 57 vermischen,
1037 550 96 50 und
1162 550 82 50 der
1272 552 45 48 in
1349 551 336 67 grossartigen,

122 631 190 49 kühnen
349 632 189 48 Bildern
570 632 329 50 Geschehenes
942 631 94 49 und
1082 631 263 51 Gedachtes
1385 649 56 31 zu
1484 632 201 48 Einem

123 710 262 66 verknüpft.
434 711 62 49 So
526 712 123 47 steht
677 710 147 49 dieses
852 710 44 48 in
929 710 286 66 Conception
1247 710 94 49 und
1370 710 318 64 Ausführung

122 791 151 66 gleich
297 790 531 67 bewundernswürdige
853 790 172 58 Werk,
1055 791 83 48 das
1161 791 116 48 auch
1299 791 46 48 in
1369 791 151 48 seiner
1544 791 142 48 Form

123 871 72 47 ein
227 868 476 51 ausserordentliches
743 868 94 50 und
875 870 147 48 isolirt
1059 868 246 50 stehendes
1335 870 73 56 ist,
1451 870 238 48 durchaus

123 950 85 49 auf
245 950 105 49 dem
393 947 327 51 individuellen
766 950 329 66 Standpunkte
1134 948 80 50 des
1252 965 193 49 grossen
1476 950 213 58 Mannes,

122 1028 128 50 nicht
279 1028 84 49 auf
388 1027 105 48 dem
526 1027 160 50 Boden
716 1027 80 50 des
827 1028 284 49 kirchlichen
1143 1026 383 51 Gottesdienstes.

255 1108 144 58 „Jene
423 1107 386 51 dramatisirende
832 1108 143 50 Form
999 1107 83 50 der
1106 1107 254 51 Oratorien
1385 1107 116 50 aber
1524 1106 165 51 wurde

124 1187 46 48 in
200 1191 207 61 späterer
435 1187 117 56 Zeit,
581 1187 89 50 wie
701 1196 180 57 gesagt,
913 1187 86 48 fast
1028 1187 249 66 allgemein
1309 1187 65 48 als
1398 1187 179 48 Muster
1608 1202 54 33 an-

126 1267 218 66 gesehen.
374 1267 63 48 So
468 1267 88 48 wie
587 1267 77 48 für
689 1267 182 48 Händel
901 1284 159 31 ausser
1089 1267 107 48 dem
1228 1267 95 48 ihm
1356 1266 334 67 angeborenen

126 1346 171 48 Ernste
339 1346 118 48 auch
504 1345 71 49 die
617 1346 220 66 Neigung
888 1346 85 48 der
1017 1345 268 66 Engländer
1337 1346 79 47 für
1468 1345 223 49 biblische

127 1425 148 50 Stoffe
320 1425 307 49 bestimmend
672 1442 216 50 gewesen
926 1425 96 49 sein
1053 1426 204 56 mochte,
1298 1442 51 32 so
1392 1426 178 48 scheint
1613 1425 83 49 auf

128 1503 84 51 der
242 1503 206 51 anderen
471 1505 124 48 Seite
620 1503 82 50 das
725 1503 226 50 Erkalten
981 1503 81 50 des
1093 1505 283 49 kirchlichen
1401 1505 165 48 Sinnes
1596 1503 93 50 und

129 1585 74 48 ein
246 1582 352 51 verflachender
627 1583 363 50 Rationalismus
1027 1601 56 31 zu
1112 1583 84 50 der
1233 1583 309 66 allgemeinen
1573 1583 88 50 Ver-

128 1663 220 66 breitung
377 1662 245 51 derselben
654 1663 306 66 beigetragen
989 1680 57 33 zu
1075 1663 169 50 haben.
1302 1665 137 48 Denn
1470 1665 221 64 losgelöst

128 1759 88 33 von
247 1743 120 49 allen
397 1743 276 49 Elementen
703 1742 80 48 des
821 1742 284 50 kirchlichen
1135 1742 382 59 Gottesdienstes,
1562 1742 129 50 hatte

127 1823 65 49 sie
232 1822 135 50 einen
410 1822 246 65 allgemein
700 1822 236 50 humanen
973 1822 301 66 Standpunkt
1314 1822 379 66 eingenommen,

129 1901 151 49 wobei
312 1901 73 48 die
420 1901 145 51 Wahl
607 1901 249 49 biblischer
885 1900 147 50 Stoffe
1069 1909 145 41 etwas
1242 1901 256 66 Zufälliges
1525 1901 71 49 ist.
1628 1898 63 70 [?]

127 1982 63 48 So
221 1981 343 49 unterscheidet
593 1981 95 49 sich
719 1982 119 48 auch
868 1980 223 50 Händel's
1115 1981 330 66 Auffassungs-
1477 1980 96 49 und
1604 1982 58 48 Be-

127 2060 409 64 handlungsweise
578 2061 44 48 in
668 2060 155 49 diesen
868 2060 254 50 Oratorien
1167 2076 88 33 von
1298 2058 84 50 der
1423 2060 97 49 ihm
1563 2067 128 42 sonst

127 2140 427 66 eigenthümlichen
597 2141 266 48 wesentlich
903 2157 90 32 nur
1023 2142 44 46 in
1096 2156 51 33 so
1178 2140 118 58 fern,
1340 2141 64 48 als
1435 2140 74 49 die
1538 2141 153 48 Natur

127 2218 81 50 des
230 2218 169 50 Stoffes
424 2218 93 49 und
541 2218 84 50 der
647 2220 154 48 Musik
832 2220 83 48 der
943 2218 228 66 richtigen
1194 2218 344 50 dramatischen
1564 2218 93 50 Cha-

126 2298 265 50 rakteristik
416 2315 163 48 wegen
603 2301 245 63 grösseren
877 2300 144 47 Ernst
1050 2297 94 50 und
1175 2298 176 49 höhere
1378 2297 188 51 Würde
1589 2315 75 32 ver-

127 2380 171 64 langte.
357 2378 260 66 Uebrigens
660 2378 56 49 ist
758 2395 47 32 es
835 2377 105 50 dem
984 2377 361 67 unbefangenen
1375 2378 159 50 Hörer
1563 2378 127 49 nicht

127 2458 199 56 schwer,
367 2475 54 30 zu
465 2458 254 56 erkennen,
766 2458 86 49 wie
895 2457 221 50 Manches
1158 2457 46 48 in
1246 2456 156 49 diesen
1434 2457 254 50 Oratorien

128 2537 235 50 durchaus
387 2537 200 48 weltlich
616 2537 57 48 ist
701 2540 93 45 und
825 2537 96 48 sein
951 2537 98 48 soll.
1079 2536 134 49 Aber
1242 2552 107 33 man
1379 2536 132 49 ward
1540 2537 148 48 durch

128 2617 74 48 die
225 2616 170 51 Grösse
418 2616 94 49 und
534 2616 327 49 Erhabenheit
890 2615 80 50 des
1001 2616 280 66 gewaltigen
1307 2616 210 58 Mannes,
1542 2616 146 49 durch

128 2696 74 49 die
244 2695 256 66 gediegene
542 2695 154 57 Kraft,
739 2695 74 49 die
854 2695 131 49 Tiefe
1027 2693 84 51 der
1158 2695 339 66 Empfindung,
1540 2695 149 49 durch

128 2776 126 48 seine
282 2776 270 65 Mässigung
590 2775 96 49 und
716 2776 165 48 echten
912 2775 119 49 Adel
1068 2773 306 68 hingerissen,
1415 2791 134 33 wenn
1580 2791 109 32 man

129 2855 80 48 für
236 2853 326 50 Kennzeichen
593 2853 80 50 des
701 2853 300 50 Kirchlichen
1031 2853 128 59 hielt,
1200 2870 96 33 was
1326 2853 82 50 der
1437 2853 251 51 Ausdruck

127 2935 151 49 seiner
294 2933 340 50 Individualität
656 2951 113 32 war.
800 2935 96 48 Das
913 2933 420 50 Missverständniss
1356 2935 111 66 ging
1488 2950 51 33 so
1564 2935 124 56 weit,

127 3012 105 51 dass
263 3030 108 33 man
400 3029 142 49 sogar
569 3012 125 50 seine
724 3012 209 50 Technik
969 3013 65 49 als
1065 3012 82 50 das
1177 3013 180 49 Muster
1387 3012 83 50 der
1500 3012 162 50 kirchli-

126 3093 119 50 chen
274 3093 248 56 aufstellte,
566 3092 94 50 und
689 3093 60 49 da
781 3092 169 56 Vieles,
994 3109 97 33 was
1129 3093 95 49 ihm
1266 3093 113 50 oder
1408 3092 151 50 seiner
1586 3093 100 49 Zeit

127 3173 152 65 eigen,
307 3176 154 62 später
491 3171 149 49 fremd
670 3171 94 49 und
796 3170 146 50 herbe
971 3172 228 57 erschien,
1239 3189 47 31 es
1316 3189 77 31 um
1426 3170 259 50 desswillen

127 3252 119 50 auch
277 3252 80 48 für
386 3251 105 49 echt
520 3251 221 49 kirchlich
783 3251 125 48 hielt.
965 3251 63 48 So
1068 3251 56 48 ist
1161 3267 47 32 es
1248 3251 290 66 begreiflich,
1581 3251 104 51 dass

126 3340 116 42 trotz
273 3332 80 50 des
382 3331 252 51 vielfachen
659 3331 223 49 Anbaues
910 3330 125 49 diese
1065 3331 210 66 Gattung
1304 3347 86 33 von
1415 3331 270 57 Oratorien,

126 3427 49 33 so
207 3411 86 49 wie
321 3412 65 48 sie
414 3411 95 48 sich
541 3411 82 48 mit
651 3410 83 49 der
763 3410 173 49 Kirche
964 3410 73 48 nie
1067 3410 262 64 vereinigen
1355 3410 173 49 konnte
1557 3408 127 69 (man

128 3495 173 46 müsste
330 3491 123 50 denn
484 3490 73 49 die
587 3490 370 64 Aufführungen
999 3490 46 48 in
1083 3488 84 50 der
1196 3490 174 48 Kirche
1409 3491 65 48 als
1503 3491 182 48 Beweis

126 3571 153 66 gelten
301 3571 148 50 lassen
473 3568 208 69 wollen),
708 3568 121 53 auch
852 3567 75 51 die
952 3568 280 66 allgemeine
1256 3568 279 68 Bedeutung
1559 3570 126 49 nicht

127 3650 184 66 erlangt
340 3650 97 57 hat,
467 3650 177 48 welche
672 3650 73 48 ihr
773 3656 126 42 sonst
922 3648 126 49 nicht
1069 3648 126 49 hätte
1224 3647 231 66 entgehen
1482 3648 201 50 können.

255 3728 91 58 „Es
368 3730 56 47 ist
448 3727 288 66 begreiflich,
767 3727 104 50 dass
900 3742 106 35 man
1030 3726 75 49 die
1134 3726 237 67 geistliche
1396 3727 152 48 Musik
1572 3728 84 49 wie-

127 3807 82 51 der
232 3808 85 50 auf
338 3808 87 50 den
451 3808 160 50 Boden
635 3808 85 49 der
740 3808 175 49 Kirche
937 3806 408 51 zurückzuführen
1375 3807 179 62 suchte,
1578 3807 106 50 dass

128 3905 107 32 man
278 3888 65 49 sie
385 3887 85 50 auf
507 3886 82 51 das
625 3887 177 51 Wesen
846 3886 80 51 des
970 3886 362 51 Gottesdienstes
1375 3886 310 66 begründete,

126 3966 93 51 und
249 3966 156 51 indem
435 3982 108 33 man
567 3966 74 49 die
663 3967 246 48 Elemente
932 3965 259 57 desselben,
1219 3981 51 33 so
1295 3965 108 49 weit
1431 3966 66 48 sie
1525 3966 46 49 in
1601 3966 82 49 das

127 4046 167 51 Gebiet
319 4046 82 49 der
424 4046 152 48 Kunst
598 4046 155 57 fallen,
781 4046 278 58 ausbildete,
1088 4046 71 48 ein
1183 4045 106 49 dem
1321 4046 245 65 religiösen
1590 4047 61 48 Ge-

126 4126 132 48 fühle
282 4125 92 51 und
399 4126 309 48 Bewusstsein
733 4125 82 48 der
839 4123 256 51 Gemeinde
1117 4123 393 68 entsprechendes
1526 4125 154 49 Werk

123 4222 55 31 zu
208 4205 203 49 schaffen
444 4205 92 48 sich
570 4205 236 48 bemühte.
839 4206 107 47 Man
979 4212 171 41 musste
1176 4203 93 50 also
1294 4222 52 30 zu
1371 4203 84 50 der
1479 4205 201 65 heiligen

1782 313 172 50 Schrift
1996 312 97 51 und
2135 312 108 51 dem
2274 312 192 59 Choral,
2508 312 108 51 dem
2645 312 281 52 Ausdrucke
2968 312 84 51 der
3095 312 262 67 religiösen

1782 392 325 69 Empfindung
2136 392 95 51 und
2255 392 248 51 Reflexion
2525 392 83 50 der
2632 392 276 59 Gemeinde,
2931 392 67 51 als
3020 392 331 51 wesentlichen

1784 472 324 67 Grundlagen,
2135 471 374 51 zurückkehren.
2559 471 81 49 Als
2669 472 74 50 ein
2771 472 427 66 eigentümlicher
3229 471 92 49 Ver-

1784 551 295 58 such,dieses
2107 551 327 58 herzustellen,
2461 550 58 49 ist
2540 548 82 52 das
2652 551 276 51 Oratorium
2961 551 276 51 Christus
3265 567 86 35 von

1788 632 56 51 G.
1874 632 96 50 Ch.
2008 633 142 67 Apel
2189 632 282 57 anzusehen,
2514 631 68 49 als
2624 631 73 49 ein
2739 631 235 51 durchaus
3016 631 337 67 selbständiges

1787 711 175 61 Werk,
2004 729 54 31 zu
2090 711 128 49 einer
2245 711 103 49 Zeit
2376 710 297 58 entstanden,
2713 726 73 33 wo
2817 710 73 50 die
2920 711 287 51 Bach'schen
3237 711 87 49 Pas-

1788 792 159 50 sionen
1980 791 118 49 noch
2128 807 245 50 vergessen
2405 788 208 69 lagen*).

1917 870 147 58 „Wie
2100 870 108 49 sehr
2245 868 297 52 verschieden
2587 886 86 32 von
2718 867 268 52 demselben
3027 870 122 49 auch
3193 870 119 50 Men-

1790 950 290 49 delssohn'
2093 965 20 33 s
2155 950 215 48 Paulus
2412 950 44 48 in
2499 948 141 50 vieler
2672 947 213 51 Hinsicht
2920 948 95 50 sein
3045 965 130 51 mag,
3214 965 51 33 so
3293 950 57 48 ist

1790 1030 120 49 doch
1940 1030 75 48 die
2052 1046 104 32 zum
2189 1028 192 51 Grunde
2424 1028 214 65 liegende
2668 1027 196 51 Ansicht
2902 1045 103 33 vom
3038 1028 180 53 Wesen
3259 1028 94 50 und

1792 1108 82 50 der
1902 1108 282 65 Bedeutung
2216 1107 82 50 der
2328 1107 360 50 Kirchenmusik

1910 1190 179 48 Ausser
2117 1187 84 50 der
2232 1188 300 65 Darstellung
2563 1187 152 50 dieser
2753 1187 125 50 ohne
2904 1187 190 50 Zweifel
3125 1188 231 67 richtigen

1793 1267 194 50 Ansicht
2018 1267 118 50 über
2166 1267 366 50 Mendelssohn's
2560 1266 295 51 Intentionen
2897 1271 169 62 mögen
3105 1267 100 50 hier
3234 1267 121 50 noch

1793 1346 217 65 folgende
2033 1346 173 49 Steilen
2235 1347 180 55 stehen,
2446 1345 141 50 deren
2607 1346 278 67 Beachtung
2914 1346 121 51 auch
3068 1346 139 51 heute
3234 1347 121 48 noch

1793 1426 127 49 nicht
1949 1425 281 63 überflüssig
2259 1426 95 48 sein
2385 1425 169 49 dürfte.

1923 1507 92 56 „Es
2206 1505 214 49 —heisst
2442 1521 47 32 es
2512 1505 47 48 S.
2580 1502 70 51 27
2749 1520 112 42 „aus
2885 1503 151 51 dieser
3050 1506 273 49 Zusammen-

1792 1585 200 66 stellung
2023 1585 72 49 die
2124 1585 298 66 Anordnung
2452 1583 80 50 des
2561 1583 172 50 Textes
2763 1583 102 50 klar
2893 1583 341 61 hervortreten,
3273 1601 56 35 na-

1793 1665 217 49 mentlich
2043 1665 117 49 auch
2193 1663 81 50 das
2305 1663 287 50 Verhältniss
2621 1662 84 50 der
2732 1662 482 67 verschiedenartigen
3245 1663 84 51 Ele-

1794 1752 155 41 mente
1977 1763 54 30 zu
2062 1743 238 50 einander.
2358 1743 132 50 Doch
2522 1759 109 49 mag
2660 1742 119 59 hier,
2809 1742 102 50 weil
2941 1743 46 49 in
3017 1742 150 51 dieser
3195 1743 135 50 Bezie-

1793 1823 131 67 hung
1948 1822 269 51 mehrfache
2234 1821 449 51 Missverständnisse
2706 1822 98 48 laut
2820 1821 254 66 geworden
3092 1820 120 61 sind,
3231 1822 122 50 noch

1793 1902 169 50 einmal
1994 1902 171 51 darauf
2197 1902 316 50 aufmerksam
2555 1901 218 67 gemacht
2803 1901 207 57 werden,
3049 1901 89 51 wie
3167 1901 83 51 das
3279 1919 50 34 re-

1794 1981 267 51 flectirende
2084 1982 235 56 Element,
2349 1997 136 33 wenn
2517 1997 47 33 es
2593 1980 150 67 gleich
2773 1980 145 48 durch
2951 1978 235 52 dieselben
3203 1980 151 50 Mittel

1790 2079 83 33 zur
1901 2062 305 65 Darstellung
2241 2062 209 65 gelangt,
2493 2061 87 48 wie
2624 2060 81 50 das
2748 2058 328 59 dramatische,
3119 2058 121 51 doch
3283 2061 73 49 ein

1790 2159 88 31 von
1907 2141 270 51 demselben
2208 2140 268 49 wesentlich
2517 2137 368 59 verschiedenes,
2923 2138 98 50 rein
3060 2137 187 52 ideelles
3283 2140 71 50 ist.

1792 2221 62 48 Es
1882 2220 57 49 ist
1967 2220 149 51 daher
2142 2236 117 50 ganz
2290 2220 209 56 verfehlt,
2530 2218 72 50 die
2626 2221 363 62 Aeusserungen
3013 2217 242 51 desselben
3285 2218 68 51 als

1790 2301 133 48 einen
1956 2300 132 49 Theil
2118 2300 83 48 der
2229 2298 270 66 Erzählung
2528 2297 281 56 anzusehen,
2851 2298 118 49 nach
3006 2297 129 51 ihrer
3163 2297 157 52 drama-

1788 2378 175 50 tischen
1986 2377 390 67 Rechtfertigung
2398 2395 57 32 zu
2481 2377 193 59 suchen,
2702 2394 56 31 zu
2790 2376 163 67 fragen
2984 2376 126 67 (man
3135 2377 80 51 hat
3238 2377 116 51 aber

1787 2475 52 33 so
1868 2458 221 68 gefragt),
2131 2458 87 50 wie
2255 2457 96 50 und
2389 2474 87 34 von
2514 2474 120 33 wem
2674 2472 108 33 man
2820 2456 96 49 sich
2947 2456 122 49 denn
3100 2456 96 51 dies
3234 2457 116 51 oder

1782 2537 130 68 jenes
1943 2537 178 51 damals
2149 2554 242 49 gesungen
2422 2536 184 49 denken
2635 2536 127 49 solle.
2819 2536 111 48 Man
2974 2535 80 49 hat
3096 2535 119 59 hier,
3259 2537 89 48 wie

1787 2617 142 50 schon
1961 2625 180 58 gesagt,
2171 2632 89 33 nur
2291 2616 87 49 den
2406 2615 251 50 Ausdruck
2686 2613 84 51 der
2798 2613 307 68 allgemeinen
3134 2615 185 67 Empfin-

1787 2696 146 67 dung,
1977 2697 79 48 des
2086 2696 200 51 Gefühls
2329 2695 94 49 und
2467 2693 82 51 der
2592 2693 246 51 Reflexion
2881 2693 86 50 der
2996 2692 258 52 Gemeinde
3294 2712 57 32 zu

1787 2777 161 57 sehen,
1991 2777 142 48 deren
2173 2775 189 49 ideeller
2399 2775 343 66 Repräsentant
2771 2772 82 50 der
2883 2773 181 66 Sänger
3106 2772 118 51 oder
3264 2773 85 50 der

1788 2855 128 51 Chor
1944 2856 74 56 ist,
2048 2857 83 47 der
2161 2856 101 48 hier
2291 2855 86 48 alle
2401 2852 365 51 Persönlichkeit
2796 2852 211 50 abstreift
3038 2851 96 51 und
3158 2853 84 49 mit
3264 2852 86 51 der

1787 2936 257 66 Handlung
2086 2936 46 48 in
2178 2935 180 49 keinem
2404 2933 204 50 anderen
2644 2932 446 66 Zusammenhange
3132 2933 66 50 als
3240 2931 106 52 dem

1785 3015 195 49 inneren
2010 3016 80 48 des
2122 3013 279 51 Gedankens
2438 3013 136 49 steht.
2629 3012 113 50 Dies
2786 3012 98 48 tritt
2923 3012 217 50 meistens
3168 3029 51 33 so
3250 3012 101 50 klar

1787 3093 185 59 hervor,
2003 3095 104 49 dass
2131 3110 107 32 man
2260 3092 93 48 sich
2380 3091 228 49 wundern
2640 3107 144 41 muss,
2814 3091 89 48 wie
2933 3107 46 33 es
3012 3091 80 49 hat
3121 3091 225 49 verkannt

1787 3173 189 50 werden
2008 3175 198 48 können.
2265 3172 63 48 So
2359 3187 138 33 wenn
2539 3170 119 50 nach
2701 3170 84 49 der
2814 3171 278 65 Steinigung
3134 3170 80 49 des
3243 3170 78 50 Ste-

1784 3253 184 67 phanus
1997 3252 83 50 der
2112 3252 171 50 Choral
2314 3251 203 49 einfällt:
2551 3289 19 19 „
2592 3250 133 62 „Dir,
2742 3250 143 57 Herr,
2908 3250 86 48 Dir
3011 3250 90 48 will
3125 3250 73 48 ich
3223 3250 122 49 mich

2122 3331 358 49 unterschieden
2509 3346 87 33 von
2620 3328 106 52 dem
2752 3331 330 65 Klaggesange
3104 3328 85 51 der
3212 3328 110 51 Chri-

1783 3421 100 41 sten
1914 3430 77 32 um
2022 3411 290 67 Stephanus;
2356 3410 116 50 oder
2511 3426 135 33 wenn
2685 3408 118 51 nach
2842 3408 104 50 dem
2988 3407 336 52 leidenschaftli-

1783 3492 136 56 chen,
1961 3492 122 50 Hass
2124 3490 97 49 und
2259 3490 295 66 Verfolgung
2597 3487 281 52 athmenden
2911 3488 127 50 Chor
3081 3487 84 51 der
3190 3487 156 52 Juden

1784 3568 102 69 (Nr.
1916 3570 120 66 29):
2076 3570 132 59 „„Ist
2236 3570 82 49 das
2348 3568 142 59 nicht,
2519 3568 83 49 der
2629 3585 56 32 zu
2713 3567 262 50 Jerusalem

1784 3650 304 51 unmittelbar
2130 3648 83 51 der
2258 3648 173 51 Choral
2475 3647 222 66 beginnt:
2752 3647 195 57 „„Herr
2987 3647 113 48 Jesu
3144 3646 201 60 Christe,

1784 3731 184 50 wahres
1987 3730 150 58 Licht,
2159 3728 255 58 erleuchte,
2437 3727 74 50 die
2533 3726 121 51 Dich
2679 3727 182 50 kennen
2884 3727 142 57 nicht,
3057 3725 94 50 und
3175 3725 167 68 bringe

1782 3810 66 49 sie
1874 3829 55 30 zu
1962 3811 174 48 Deiner
2165 3808 193 58 Heerd',
2389 3807 105 50 dass
2521 3806 103 49 ihre
2653 3807 120 48 SeeP
2804 3806 121 49 auch
2954 3806 114 66 selig
3096 3805 232 49 werd'.""

1782 3891 106 50 Und
1920 3891 99 48 hier
2060 3890 120 63 zeigt
2210 3905 47 33 es
2286 3887 143 50 schon
2459 3886 85 51 der
2573 3886 192 56 Choral,
2810 3886 103 49 dass
2953 3885 72 49 die
3064 3885 280 66 allgemeine

1888 4040 39 47 *)
1957 4042 81 34 Der
2066 4046 100 30 erste
2194 4042 164 34 Aufsatz
2390 4041 67 35 der
2490 4040 278 49 vorliegenden
2797 4037 229 48 Sammlung
3053 4038 52 36 ist
3134 4036 67 37 der
3227 4036 92 36 Erin-

1781 4115 152 36 nerung
1962 4116 48 22 an
2041 4104 45 38 G.
2114 4103 73 36 Ch.
2208 4104 147 47 Apel,
2385 4104 74 35 den
2478 4103 206 36 wackeren
2707 4103 235 48 Organisten
2961 4101 83 35 und
3060 4099 282 37 TJniversitäts-

1782 4165 334 37 Musik-Director
2142 4167 41 34 in
2212 4165 90 37 Kiel
2333 4165 40 48 (f
2403 4163 130 49 1841),
2561 4164 219 49 gewidmet.
2818 4163 77 37 Am
2924 4162 185 37 Schlüsse
3139 4160 203 38 desselben

1778 4228 52 35 ist
1857 4238 78 24 von
1965 4227 85 35 dem
2081 4226 224 37 Oratorium
2610 4224 224 49 aufgeführt
2862 4221 116 49 1824,
3008 4224 61 35 die
3098 4223 117 36 Rede.

3027 4277 71 70 [*]
