3571 4470
1680 157 110 52 309

133 304 149 50 musik
324 304 121 51 bloss
487 307 77 48 für
605 306 80 51 das
726 304 270 53 Pianoforte
1034 303 262 59 schreiben,
1338 302 203 52 sondern
1573 303 118 50 auch

131 384 268 68 derjenigen
445 386 288 67 gediegenen
764 384 238 65 Richtung
1051 383 82 50 der
1171 384 245 50 Tonkunst
1453 382 241 67 huldigen,

130 463 74 51 die
246 482 102 32 zum
393 464 217 51 Schaffen
653 482 87 33 von
784 463 486 51 Instrumentalmusik
1315 464 80 49 für
1437 462 256 52 Orchester

130 543 96 50 und
256 544 379 51 Rammermusik
667 546 150 53 führt,
846 543 172 65 gehört
1039 542 174 60 Reber,
1245 543 217 57 welcher,
1499 542 191 49 obwohl

129 623 209 66 Mitglied
370 623 80 51 des
479 626 205 48 Instituts
724 622 94 51 und
850 622 239 49 Professor
1119 621 83 49 der
1230 622 202 49 Theorie
1462 638 74 33 am
1569 622 98 65 pari-

131 720 74 33 ser
249 703 428 59 Conservatorium,
721 704 45 49 in
809 702 319 51 Deutschland
1174 703 151 65 wenig
1371 702 207 49 bekannt
1617 702 75 56 ist,

129 783 226 50 trotzdem
400 783 105 51 dass
548 784 72 49 ein
663 783 247 48 deutsches
949 782 219 49 Element
1209 782 120 49 eben
1372 798 67 41 so,
1485 781 88 49 wie
1616 781 74 49 bei

133 863 180 68 Gouvy,
356 863 44 48 in
444 863 158 48 seinen
635 862 380 66 Compositionen
1046 861 294 50 durchblickt
1380 859 91 51 und
1513 859 74 50 die
1616 861 48 48 In-

129 941 440 51 strumentalwerke
602 941 168 51 Beider
811 941 108 49 sehr
961 939 201 51 deutlich
1207 957 86 32 von
1338 939 86 50 den
1470 939 194 50 französi-

130 1022 140 50 schen
301 1022 239 50 ähnlicher
568 1022 89 48 Art
686 1021 360 49 unterscheidet.

248 1101 244 66 Napoleon
524 1101 146 49 Henri
701 1101 159 49 Reber
903 1101 56 48 ist
996 1117 55 32 zu
1090 1098 314 50 Mühlhausen
1442 1097 61 49 im
1536 1098 154 48 Elsass

130 1196 75 33 am
251 1178 89 51 21.
371 1179 212 51 October
627 1179 143 51 1807
817 1179 225 67 geboren.
1100 1178 137 50 Seine
1281 1177 266 66 Erziehung
1592 1193 99 32 war

129 1259 209 68 Anfangs
378 1261 83 48 auf
496 1261 434 48 wissenschaftliche
963 1258 296 65 Vorbildung
1287 1276 53 30 zu
1371 1257 319 49 industriellen

127 1339 232 49 Zwecken
390 1338 270 59 berechnet,
690 1338 116 51 aber
837 1338 105 50 bald
976 1346 211 57 entsagte
1216 1353 51 33 er
1296 1337 156 48 diesen
1476 1336 212 61 Studien,

130 1437 77 31 um
238 1419 94 49 sich
362 1436 117 50 ganz
512 1418 93 50 und
635 1436 86 48 gar
750 1418 84 50 der
864 1418 152 50 Musik
1058 1436 54 30 zu
1154 1417 218 60 widmen,
1414 1433 53 32 zu
1499 1416 83 49 der
1610 1416 80 49 ihn

127 1498 219 66 Neigung
392 1498 92 50 und
516 1500 201 64 Anlage,
759 1497 73 49 die
872 1497 95 48 sich
1013 1497 233 65 praktisch
1287 1497 43 47 in
1377 1497 187 48 Flöten-
1596 1494 92 50 und

130 1578 295 66 Ciavierspiel
451 1578 259 59 bewährte,
741 1578 207 49 führten.
981 1578 98 47 Der
1103 1585 153 42 ernste
1286 1576 158 53 Wille,
1476 1577 81 47 mit
1582 1576 104 48 dem

129 1675 51 32 er
207 1658 45 49 in
284 1657 87 50 den
400 1673 153 34 neuen
587 1657 146 50 Beruf
759 1665 109 49 trat,
917 1656 243 49 bewahrte
1189 1656 78 48 ihn
1298 1672 80 32 vor
1409 1653 251 51 Oberfläch-

127 1737 188 50 lichkeit
343 1736 97 49 und
470 1737 372 48 Dilettantismus
887 1734 94 51 und
1024 1736 119 48 trieb
1180 1734 79 50 ihn
1289 1734 144 50 schon
1463 1736 46 47 in
1537 1733 153 50 seiner

126 1817 186 66 Jugend
343 1834 77 39 an,
450 1817 94 48 sich
576 1817 44 48 in
653 1816 73 49 die
756 1817 202 48 Theorie
987 1814 83 51 der
1102 1817 152 47 Kunst
1281 1832 54 31 zu
1366 1813 236 56 vertiefen,
1643 1813 45 50 in

127 1914 50 31 so
219 1896 109 49 weit
365 1896 98 58 das,
507 1912 95 32 was
647 1912 84 32 von
776 1896 140 48 dabin
961 1894 389 65 einschlagenden
1381 1892 231 49 Schriften
1643 1892 44 49 in

127 1977 126 48 seine
280 1974 137 51 Hand
444 1977 124 56 kam,
597 1976 94 48 ihm
722 1974 254 67 Anleitung
1000 1974 115 50 dazu
1147 1974 151 65 geben
1325 1973 188 55 konnte,
1542 1972 144 49 deren

129 2054 433 67 Unzulänglichkeit
592 2072 50 32 er
665 2054 170 68 jedoch
869 2054 109 50 bald
1008 2053 175 50 einsah.
1232 2054 66 47 Er
1328 2053 111 65 ging
1470 2051 217 50 desshalb

126 2136 61 48 im
218 2133 146 51 Jahre
399 2133 145 50 1828
578 2135 118 48 nach
727 2133 147 61 Paris,
907 2151 71 32 wo
1010 2150 51 31 er
1090 2150 75 31 am
1197 2132 82 49 16.
1305 2132 211 49 October
1536 2131 44 48 in
1606 2129 81 50 das

131 2215 427 54 Conservatorium,
600 2216 221 47 zunächst
861 2213 46 49 in
950 2213 103 49 eine
1096 2211 315 51 Nebenclasse
1455 2209 229 56 Reicha's,

129 2293 178 51 welche
331 2293 176 50 Reicha
530 2292 169 66 jedoch
732 2293 127 49 nicht
886 2292 143 50 selbst
1057 2292 169 55 leitete,
1259 2292 77 47 für
1361 2289 326 66 Contrapunkt

129 2372 94 51 und
253 2373 134 64 Fuge
417 2372 182 63 eintrat,
628 2372 118 48 nach
779 2372 149 48 einem
952 2371 144 49 Jahre
1126 2369 114 51 aber
1264 2371 246 47 Lesueur's
1535 2369 119 49 Schü-

127 2455 84 57 ler,
242 2452 282 50 namentlich
555 2453 61 47 im
648 2451 342 49 dramatischen
1020 2451 101 56 Stil,
1152 2449 179 50 wurde.

247 2532 67 48 Im
345 2532 144 48 Jahre
520 2529 146 53 1835
699 2532 209 47 erschien
938 2531 125 48 seine
1093 2538 122 41 erste
1244 2532 213 62 grössere
1481 2527 170 66 Compo-

126 2612 136 48 sition
293 2611 80 48 für
400 2609 503 58 Instrumentalmusik,
944 2609 71 50 ein
1047 2608 217 60 Quintett
1293 2608 78 48 für
1400 2607 113 48 zwei
1545 2606 116 49 Violi-

126 2709 109 40 nen,
277 2689 112 50 zwei
435 2689 254 49 Bratschen
734 2688 94 50 und
856 2688 272 50 Violoncell.
1184 2686 287 50 Demselben
1513 2684 174 66 folgten

129 2770 109 50 bald
282 2770 97 49 drei
423 2770 445 58 Violin-Quartette,
906 2768 91 66 Op.
1029 2768 53 57 4,
1114 2767 31 51 5
1180 2767 93 49 und
1302 2766 50 58 7,
1394 2764 113 51 zwei
1537 2766 150 48 Trio's

127 2850 84 48 für
248 2848 287 57 Pianoforte,
567 2848 180 49 Violine
787 2848 94 49 und
911 2847 276 57 Violoncell,
1230 2846 91 67 Op.
1354 2844 51 58 8,
1455 2843 232 67 späterhin

126 2928 113 51 zwei
271 2927 192 60 andere,
508 2928 83 49 Nr.
623 2926 31 52 3
688 2926 110 67 (Op.
835 2927 87 66 16)
963 2927 92 50 und
1095 2927 83 50 Nr.
1208 2927 54 56 4,
1577 2922 110 67 (Op.

130 3007 112 67 25),
273 3007 282 66 neuerdings
583 3004 99 53 IX
699 3004 168 53 Pieces
887 3022 126 52 pour
1039 3003 159 54 Piano
1225 3007 47 48 et
1298 3002 173 63 Viobn,
1490 3004 90 65 Op.
1599 3002 89 49 27.

234 3088 98 47 Für
361 3086 254 51 Orchester
653 3086 99 48 sind
794 3086 93 48 vier
916 3086 267 48 Sinfonieen
1222 3101 87 32 von
1349 3086 94 47 ihm
1484 3084 43 47 in
1561 3083 129 47 Paris

130 3167 74 50 bei
229 3167 218 50 Richault
473 3167 43 48 in
545 3167 207 48 Partitur
784 3164 91 50 und
901 3166 227 48 Stimmen
1160 3163 94 51 und
1284 3164 45 49 in
1359 3162 329 65 vierhändigen

131 3246 459 65 Clavier-Auszügen
613 3261 85 33 von
724 3243 193 51 Camille
942 3243 303 50 Saint-Saens
1276 3242 299 51 erschienen:
1607 3242 81 48 Nr.

131 3327 22 48 I
181 3328 44 47 in
389 3324 168 63 D-moll,
558 3326 32 48 Nr.
613 3326 43 47 II
685 3324 46 49 in
1409 3322 168 62 C-dur,
982 3324 83 47 Nr.
1094 3324 65 47 111
1188 3323 43 48 in
1513 3322 83 48 Nr.
1625 3319 63 50 IV

130 3407 47 48 in
296 3403 163 54 G-dur.
460 3405 66 48 Die
557 3403 199 66 Angabe
787 3403 81 48 der
898 3402 235 67 Opuszahl
1176 3402 113 49 fehlt
1317 3402 84 49 auf
1428 3402 117 48 allen
1577 3402 85 47 Par-

131 3485 198 57 tituren;
360 3483 74 50 die
463 3483 141 49 vierte
633 3486 57 46 ist
718 3482 83 50 der
826 3481 535 51 Concert-Gesellschaft
1389 3481 78 48 des
1491 3479 169 50 Conser-

131 3563 200 51 vatoires
374 3562 253 66 gewidmet
670 3562 95 50 und
808 3561 145 49 durch
999 3559 203 50 dieselbe
1251 3559 118 51 auch
1415 3558 278 65 aufgeführt

134 3642 218 58 worden;
383 3642 73 50 die
487 3642 98 48 drei
615 3641 198 66 übrigen
844 3639 194 50 wurden
1069 3657 80 31 zur
1170 3639 102 50 Zeit
1298 3639 46 50 in
1373 3637 88 51 den
1489 3638 173 48 Concer-

133 3732 77 41 ten
253 3721 83 51 der
366 3722 304 50 Gesellschalt
712 3721 82 49 der
839 3719 196 67 heiligen
1081 3719 169 50 Cäcilia
1296 3725 136 44 unter
1474 3717 217 66 Segher's

134 3801 244 51 Direction
409 3802 83 48 mit
520 3801 161 49 Beifall
713 3801 226 66 gegeben.

253 3881 160 51 Reber
463 3882 80 48 hat
592 3881 118 49 auch
762 3882 80 47 für
888 3879 73 50 die
1000 3876 328 68 Opernbühne
1369 3874 323 68 geschrieben,

135 3961 132 57 aber,
312 3959 86 50 wie
441 3959 74 50 die
558 3959 147 50 Reihe
750 3959 82 49 der
874 3959 117 49 eben
1037 3956 313 67 angeführten
1385 3954 183 52 Werke
1610 3954 82 47 für

135 4040 257 49 Orchester
422 4038 93 50 und
539 4038 381 51 Kammermusik
952 4037 136 67 zeigt,
1117 4036 86 49 den
1232 4036 45 48 in
1302 4036 130 49 Paris
1461 4051 117 49 ganz
1607 4051 56 30 un-

136 4118 355 66 gewöhnlichen
538 4118 144 65 Weg,
733 4118 145 50 durch
931 4117 74 50 die
1055 4114 485 53 Instrumentalmusik
1587 4130 101 31 zum

136 4198 206 51 Theater
371 4217 52 32 zu
455 4198 249 66 gelangen,
736 4198 227 50 betreten.
995 4198 169 50 Seinen
1194 4197 181 67 Opern,
1404 4194 142 50 deren
1571 4200 121 43 erste

1803 304 144 51 1848
1989 304 215 68 gegeben
2237 306 179 61 wurde,
2457 310 171 66 gingen
2671 311 151 65 einige
2852 310 139 50 Hefte
3034 327 88 33 von
3153 308 198 51 Liedern

1795 384 81 50 für
1919 386 102 51 eine
2050 386 302 67 Singstimme
2393 388 83 50 mit
2505 388 485 69 Clavier-Begleitung
3038 407 184 40 voraus,
3267 406 85 33 von

1792 463 150 51 denen
1973 466 113 49 viele
2118 464 189 58 beliebt,
2345 467 167 66 einige,
2551 468 86 50 wie
2665 468 77 51 La
2772 466 194 72 Captive
2994 468 96 54 und
3116 468 72 52 Le
3230 466 125 54 Voile

1799 542 59 52 de
1969 542 47 52 la
2120 543 233 64 Chätelaine,
2354 546 138 49 berühmt
2520 547 210 51 wurden.

1911 624 137 50 Seine
2071 633 120 42 erste
2208 626 156 66 Oper:
3003 626 78 51 La
3202 623 133 55 Nuit
2877 627 117 69 (Der
3014 627 305 53 Weihnachts-

1791 701 192 67 abend),
2025 704 44 49 in
2115 704 98 49 drei
2250 706 148 49 Acten
2444 706 164 49 wurde
2646 707 61 48 im
2737 707 205 50 Theater
2979 707 83 51 der
3092 707 161 70 Opera
3278 722 50 36 co-

1797 778 153 70 mique
1971 800 75 31 am
2086 783 82 50 11.
2199 784 214 50 Februar
2449 784 147 51 1848
2628 784 229 68 gegeben.
2911 786 343 52 Ebendaselbst

1797 861 127 49 Pere
2106 859 173 65 Gaillard,
2280 863 61 50 drei
2342 866 130 57 Acte,
2505 882 75 32 am
2614 863 48 52 7.
2692 865 278 68 September
3004 865 147 52 1852
3170 895 69 8 —

1796 938 261 71 Papillotes
2366 941 60 51 de
2542 939 100 54 Mr.
2798 941 216 64 Benoist,
2537 945 72 49 ein
2641 946 105 57 Act,
2784 945 327 52 ebendaselbst
3139 945 89 50 den
3261 945 88 52 28.

1790 1019 265 51 December
2079 1019 145 54 1853
2835 1022 94 51 Les
3066 1023 184 51 Dames
2933 1025 98 50 drei
3048 1026 134 57 Acte,
3205 1025 114 49 eben-

1791 1101 202 48 daselbst
2024 1101 87 49 den
2144 1099 50 53 3.
2223 1103 107 49 Juni
2368 1103 162 51 1857.
2653 1105 120 49 Eine
2801 1121 160 51 grosse
2990 1106 147 66 Oper,
3174 1103 173 65 Näim,

1789 1179 57 49 ist
1875 1179 126 49 nicht
2036 1197 82 32 zur
2148 1181 312 67 Aufführung
2497 1183 303 65 gekommen,
2843 1201 90 33 nur
2975 1183 75 51 die
3079 1185 270 50 Ouvertüre

1789 1259 57 49 ist
1872 1259 45 49 in
1950 1259 260 51 Concerten
2239 1262 219 65 gemacht
2487 1262 206 51 worden.
2796 1263 212 68 Mitglied
3037 1263 80 51 des
3145 1265 204 49 Instituts

1791 1338 164 48 wurde
1985 1338 157 50 Reber
2185 1347 93 41 erst
2312 1339 147 53 1853
2500 1341 58 49 im
2590 1342 286 58 November,
2915 1342 232 51 nachdem
3188 1360 51 33 er
3276 1342 73 50 die

1790 1426 265 57 genannten
2079 1418 97 50 drei
2206 1427 150 42 ersten
2384 1421 267 51 komischen
2675 1422 163 67 Opern
2862 1422 305 67 geschrieben
3197 1423 151 57 hatte;

1792 1505 135 40 unter
1966 1497 158 49 seinen
2163 1497 366 52 Mitbewerbern
2558 1517 159 33 waren
2746 1502 194 57 Berlioz,
2984 1502 238 67 Clapisson
3254 1501 95 51 und

1790 1577 99 48 Fei.
1922 1578 173 56 David;
2126 1577 73 50 die
2220 1580 159 57 Stelle,
2408 1597 54 31 zu
2493 1581 202 49 welcher
2723 1597 50 33 er
2803 1582 204 65 gewählt
3036 1582 184 57 wurde,
3250 1599 101 33 war

1791 1656 147 49 durch
1973 1657 186 65 George
2190 1658 232 50 Onslow's
2453 1658 101 50 Tod
2585 1660 209 66 erledigt.

1911 1736 156 49 Ueber
2088 1736 196 49 Reber's
2308 1736 311 52 dramatische
2643 1740 153 48 Musik
2825 1740 183 50 schrieb
3038 1756 84 33 uns
3154 1738 72 51 bei
3255 1738 61 51 Ge-

1789 1813 233 66 legenheit
2057 1814 82 50 der
2178 1816 133 67 Oper
2907 1816 93 51 Les
3146 1814 188 54 Dames
2991 1835 139 34 unser
3173 1818 175 68 pariser

1792 1893 400 68 Correspondent:
2234 1897 125 57 „Das
2384 1898 128 47 Buch
2543 1898 149 49 reicht
2721 1900 124 48 nicht
2868 1916 57 32 an
2951 1898 87 50 den
3067 1898 173 51 Werth
3264 1898 84 50 der

1791 1972 219 51 früheren
2031 1974 225 50 Arbeiten
2276 1992 87 32 von
2680 1994 46 31 es
2750 1978 182 49 muthet
2953 1978 106 49 dem
3078 1977 270 50 Zuschauer

1789 2068 86 50 gar
1903 2071 56 30 zu
1988 2054 84 47 viel
2102 2071 71 41 zu,
2217 2054 94 49 sich
2356 2054 621 53 Unwahrscheinlichkeiten
3019 2075 45 32 u.
3093 2074 34 33 s.
3159 2074 57 31 w.
3248 2056 75 51 auf-

1790 2131 171 52 binden
2003 2150 56 31 zu
2102 2133 165 61 lassen,
2325 2133 212 50 indessen
2581 2135 81 49 das
2706 2137 153 48 Detail
2902 2136 59 49 ist
3003 2135 207 50 komisch
3254 2135 95 50 und

1790 2212 168 65 witzig,
1989 2212 96 50 und
2115 2212 83 50 das
2227 2213 95 50 hält
2352 2213 101 50 hier
2482 2215 114 49 viele
2624 2215 234 50 schlechte
2882 2217 147 48 Texte
3059 2215 119 50 über
3207 2216 106 49 Was-

1787 2307 85 32 ser.
1907 2292 87 47 Die
2024 2292 149 48 Musik
2205 2293 57 47 ist
2292 2293 106 49 weit
2427 2292 337 60 bedeutender,
2796 2296 64 48 als
2890 2295 82 50 das
3003 2296 146 48 Buch.
3191 2295 158 50 Reber

1789 2369 80 49 hat
1898 2369 82 49 mit
2010 2369 104 50 dem
2138 2369 126 51 Pere
2286 2368 225 55 Gaillard
2534 2372 94 50 und
2659 2375 82 48 mit
2769 2372 86 51 den
2881 2371 260 71 Papillotes
3167 2373 58 51 de
3245 2371 102 53 Mr.

1787 2447 204 52 Benoist
2029 2449 161 67 Erfolg
2231 2451 200 65 gehabt;
2474 2452 296 66 dergleichen
2801 2453 152 66 Sujets
2985 2455 216 48 möchten
3231 2453 117 50 aber

1786 2528 119 50 auch
1937 2528 125 50 wohl
2090 2528 82 50 der
2200 2529 216 50 Rahmen
2452 2531 114 58 sein,
2608 2532 45 48 in
2697 2532 207 50 welchen
2947 2532 124 50 seine
3117 2532 205 50 musicali-

1786 2607 141 49 schen
1959 2608 155 50 Bilder
2143 2626 179 50 passen.
2380 2611 68 48 Er
2488 2611 58 48 ist
2582 2611 73 49 ein
2688 2611 320 59 Genremaler,
3057 2612 66 50 als
3161 2612 185 50 solcher

1789 2687 81 49 hat
1897 2705 50 31 er
1978 2688 84 48 Stil
2093 2688 94 50 und
2218 2688 93 50 hält
2341 2688 79 51 ihn
2452 2689 99 55 fest,
2594 2707 49 32 so
2674 2689 103 50 dass
2807 2709 51 31 er
2886 2691 132 49 darin
3050 2691 297 67 Gelungenes

1790 2766 160 49 liefert.
1984 2767 65 48 Er
2078 2768 80 48 hat
2186 2768 94 48 sich
2311 2767 144 51 durch
2487 2770 125 48 seine
2636 2770 202 49 anderen
2863 2770 380 67 Compositionen
3264 2771 84 49 mit

1787 2846 153 49 Recht
1968 2846 86 49 den
2087 2847 99 50 Ruf
2223 2848 123 49 eines
2849 2844 184 55 Musicien
3034 2850 150 49 erworben
3185 2850 49 49 und
3264 2851 83 66 gilt

1791 2924 78 49 für
1900 2924 132 50 einen
2057 2926 293 58 Archaisten,
2383 2927 79 48 für
2491 2928 132 49 einen
2648 2927 237 51 Verehrer
2915 2927 83 51 der
3028 2930 123 48 alten
3175 2928 172 60 Musik,

1791 3004 79 49 für
1899 3006 133 48 einen
2065 3006 230 49 Classiker
2323 3006 165 66 quand
2510 3022 155 35 meme.
2723 3008 50 49 In
2811 3008 157 50 seinen
2999 3007 226 51 Arbeiten
3267 3008 81 50 für

1791 3082 73 49 die
1894 3083 235 50 komische
2158 3084 130 67 Oper
2317 3086 119 63 zeigt
2463 3086 94 48 sich
2590 3086 123 49 diese
2745 3086 220 51 Vorliebe
2995 3087 79 50 für
3103 3087 72 50 die
3203 3087 144 50 ältere

1791 3162 173 49 Schule
1992 3182 34 31 z.
2058 3164 51 49 B.
2139 3163 60 50 im
2229 3163 126 52 Pere
2384 3161 225 54 Gaillard
2642 3164 147 51 durch
2821 3166 81 51 das
2932 3166 209 51 einfache
3172 3166 175 51 Colorit

1791 3242 84 49 der
1904 3242 198 51 Melodie
2148 3243 93 50 und
2280 3244 72 50 die
2392 3246 216 49 Klarheit
2646 3244 79 50 des
2763 3246 275 51 Orchesters
3079 3246 118 49 nach
3238 3246 106 49 dem

1794 3322 224 48 Vorbilde
2049 3323 220 66 Grötry's.
2299 3324 137 49 Seine
2466 3324 134 53 letzte
2623 3326 130 66 Oper
2780 3327 56 47 ist
2866 3324 114 51 aber
3007 3326 44 49 in
3081 3326 159 66 Bezug
3269 3326 84 49 auf

1792 3399 88 50 den
1919 3401 153 49 Inhalt
2112 3401 79 49 des
2232 3402 184 49 Buches
2460 3402 105 51 kein
2595 3403 391 61 Genrebildchen,
3028 3403 203 51 sondern
3274 3405 73 49 ein

1792 3479 240 56 Gemälde,
2077 3497 135 32 wenn
2252 3482 118 50 auch
2416 3481 105 51 kein
2562 3483 337 65 vorzügliches;
2942 3500 48 33 es
3028 3483 206 51 forderte
3261 3483 57 50 im-

1792 3559 181 50 merhin
2017 3561 118 49 nach
2177 3561 156 49 seinen
2380 3562 235 50 Umrissen
2673 3562 92 50 und
2815 3563 174 50 seinem
3042 3563 305 51 historischen

1792 3638 355 67 Hintergruude
2189 3657 82 32 aus
2313 3641 85 49 der
2439 3642 100 48 Zeit
2579 3641 83 51 der
2706 3642 186 50 Fronde
3026 3641 75 52 die
3140 3681 18 19 „
3179 3642 138 58 „Feld-

2093 3726 18 18 B
2145 3718 101 50 sind
2270 3719 72 50 die
2366 3719 233 67 Herzogin
2624 3736 87 34 von
2736 3721 231 51 Chatillon
2999 3721 94 49 und
3117 3721 72 49 die
3211 3721 108 51 Prin-

1791 3798 142 48 zessin
1964 3815 86 33 von
2083 3797 344 52 Conde—eine
2457 3801 339 66 grossartigere
2817 3801 183 66 Anlage
3028 3801 45 49 in
3098 3799 81 51 der
3205 3799 105 51 Com-

1794 3878 209 65 position.
2038 3878 95 48 Für
2162 3878 102 50 eine
2292 3878 154 50 solche
2474 3879 179 50 scheint
2678 3881 191 49 Reber's
2892 3881 167 49 Talent
3084 3879 128 51 nicht
3240 3897 80 33 aus-

1791 3957 271 58 zureichen;
2100 3957 242 67 jedenfalls
2382 3958 117 50 wird
2539 3958 84 51 der
2651 3959 140 50 Streit
2833 3959 119 50 über
2991 3958 230 64 dasselbe,
3264 3959 83 50 der

1790 4036 228 49 zwischen
2076 4037 156 49 seinen
2289 4036 269 52 Verehrern
2622 4038 94 50 und
2779 4038 131 51 ihren
2970 4038 219 68 Gegnern
3247 4038 99 50 hier

1794 4116 226 58 herrscht,
2062 4116 146 49 durch
2239 4116 124 51 diese
2392 4117 206 51 Partitur
2639 4135 119 33 neue
2787 4118 231 66 Nahrung
3050 4118 293 51 bekommen.

1792 4194 77 49 Sie
1897 4196 176 48 enthält
2100 4194 150 51 indess
2278 4196 107 49 sehr
2415 4196 226 61 hübsche,
2678 4197 198 61 einfach,
2914 4197 115 51 aber
3069 4197 89 51 fein
3187 4197 156 51 erfun-
