2860 3048
1309 2311 67 35 179

508 506 99 44 den
637 506 188 55 Menge
854 503 124 43 über
1009 502 80 43 die
1121 499 162 55 Köpfe
1313 498 215 54 hinweg
1557 495 231 56 gehoben
1818 495 106 42 und
1953 494 210 42 hinaus=

509 565 289 56 geschoben
820 561 150 44 wird.
993 561 123 42 Dies
1132 555 311 46 wiederholt
1464 555 108 44 sich
1593 554 223 55 solange,
1838 553 77 42 bis
1937 552 112 43 Alle
2071 552 94 42 mit

507 622 333 45 brennenden
857 618 228 46 Fackeln
1104 616 251 44 versehen
1378 613 259 44 dastehen.
1655 612 116 42 Von
1793 611 99 43 den
1913 611 250 43 Gallerien

508 682 219 44 werden
750 681 80 42 die
847 677 228 44 Fackeln
1099 689 66 30 an
1182 675 262 45 Schnüren
1466 670 404 57 herabgelassen,
1894 668 271 44 entzündet

508 742 107 42 und
648 754 55 29 so
735 738 198 44 wieder
968 735 416 54 hinaufgezogen.
1422 732 97 43 Die
1555 730 219 43 Priester
1810 727 174 44 halten
2019 727 146 43 dabei

510 799 151 43 einen
687 795 289 45 feierlichen
1002 794 216 52 Umzug.
1247 790 96 43 Die
1371 789 163 42 Leute
1562 786 220 56 glauben
1810 798 67 30 an
1900 785 264 42 Wunder=

509 856 248 55 Wirkung
781 856 87 42 des
893 854 204 43 Feuers.
1126 850 84 44 Sie
1237 848 175 43 halten
1440 860 52 30 es
1519 847 82 42 für
1629 846 98 42 den
1751 843 115 44 heil.
1887 843 154 44 Geist.
2069 842 96 44 Die

510 916 222 42 Männer
759 914 228 42 brennen
1014 910 107 44 sich
1148 909 98 42 den
1269 908 123 42 Bart
1420 919 81 38 an,
1525 903 174 44 halten
1728 904 80 43 die
1836 903 183 42 Hände
2048 902 116 42 dar=

509 975 125 42 über
652 973 105 43 und
776 971 286 44 schmieren
1080 968 107 43 sich
1208 968 137 42 dann
1370 966 90 42 das
1480 964 206 44 Gesicht
1709 963 95 42 ein.
1828 962 129 43 Eine
1975 961 192 42 Mutter

511 1032 107 43 hält
639 1033 80 42 die
738 1030 293 44 brennende
1050 1028 163 42 Kerze
1232 1025 164 42 ihrem
1411 1023 331 44 schreienden
1756 1021 104 43 und
1875 1019 106 44 sich
2000 1022 165 41 sträu=

510 1092 204 43 benden
733 1090 167 44 Kinde
919 1091 148 40 unter
1086 1086 89 43 das
1194 1082 279 56 Köpfchen.
1494 1082 161 43 Unter
1675 1080 79 44 die
1773 1079 203 44 Kleider
2000 1090 67 30 an
2087 1077 79 43 die

510 1152 169 48 Brust,
711 1147 194 45 überall
940 1146 90 43 hin
1061 1143 138 45 wird
1231 1144 90 42 das
1352 1141 184 55 heilige
1567 1141 169 42 Feuer
1768 1136 255 58 gebracht.
2059 1135 108 44 Das

511 1211 171 43 Feuer
714 1210 88 41 der
832 1204 228 46 Fackeln
1091 1202 137 44 wird
1260 1202 138 43 dann
1431 1201 93 42 mit
1556 1198 238 44 Tüchern
1832 1195 223 51 erstickt,
2087 1195 80 43 die

511 1268 230 44 Fackeln
761 1266 216 43 werden
1004 1263 53 43 in
1082 1262 136 44 diese
1246 1258 375 57 eingewickelt,
1644 1257 106 44 und
1777 1269 55 30 so
1853 1255 216 43 werden
2095 1254 72 42 sie

512 1327 310 49 nachhause,
849 1324 77 43 bis
960 1323 53 42 in
1050 1322 80 43 die
1166 1320 349 54 entlegensten
1550 1317 181 44 Nester
1765 1313 282 44 Russlands
2078 1324 89 43 ge=

512 1387 192 44 bracht.
729 1384 88 44 Ich
839 1383 192 44 wende
1057 1378 139 45 mich
1223 1377 259 45 furchtbar
1509 1375 258 56 aufgeregt
1793 1373 107 43 und
1925 1373 243 41 entrüstet

512 1447 125 43 über
651 1444 142 45 solch
806 1440 306 46 fanatisches
1123 1437 383 45 Höllentreiben
1520 1436 64 42 ab
1600 1434 105 43 und
1721 1433 128 43 lasse
1860 1431 137 43 mich
2009 1429 159 44 durch

513 1505 170 44 meine
711 1502 139 45 zwei
872 1500 292 44 Kawassen
1187 1497 198 42 wieder
1408 1494 413 54 hinausbringen.
1848 1491 87 43 Ich
1957 1490 210 43 komme

514 1577 68 32 an
614 1564 80 42 die
722 1560 167 50 Stelle,
912 1571 91 31 wo
1037 1557 88 43 der
1152 1555 220 44 Heiland
1404 1552 193 57 gesalbt
1627 1551 198 43 wurde.
1850 1548 317 54 Andächtige

512 1623 160 43 knien
690 1621 106 44 und
815 1620 151 42 beten
981 1617 172 43 davor.
1169 1615 100 42 Zur
1285 1613 133 44 Seite
1433 1611 139 43 führt
1592 1610 113 44 eine
1724 1621 129 43 enge
1868 1608 168 52 Stiege
2056 1619 110 30 em=

512 1695 94 42 por
642 1681 52 42 in
731 1680 112 41 eine
880 1676 209 55 Kapelle
1123 1671 542 55 „Kreuzigungsberg”.
1702 1668 70 42 Es
1807 1668 64 41 ist
1904 1666 82 43 ein
2021 1665 145 43 stim=

513 1736 295 59 mungsvoll
850 1733 331 46 erleuchteter
1219 1732 184 42 Raum.
1444 1727 423 54 IVlarmorplatten
1908 1724 259 43 bedecken

514 1801 99 42 den
633 1798 159 50 Platz,
816 1795 105 43 und
944 1793 113 44 eine
1081 1791 253 54 Oeffnung
1356 1787 297 44 bezeichnet
1677 1786 79 42 die
1776 1783 166 51 Stelle,
1962 1796 91 29 wo
2078 1782 89 43 das

513 1859 170 44 Kreuz
711 1854 292 59 gestanden.
1031 1852 99 43 Ein
1153 1850 144 42 Altar
1323 1848 63 44 ist
1414 1846 215 44 darüber
1657 1842 248 45 errichtet.
1932 1842 120 43 Nun
2080 1840 87 43 bin

513 1919 83 44 ich
621 1916 105 44 also
756 1928 65 30 an
845 1914 87 43 der
954 1924 105 31 von
1084 1911 87 41 der
1192 1909 318 55 gesammten
1534 1901 340 46 Christenheit
1897 1900 270 44 verehrten

514 1976 168 51 Stelle,
719 1974 133 45 ohne
888 1969 270 58 eigentlich
1194 1971 168 39 etwas
1392 1976 107 32 von
1535 1963 78 42 ihr
1648 1974 66 30 zu
1749 1960 177 50 sehen,
1954 1960 90 42 das
2071 1958 97 43 mir

515 2036 113 44 eine
647 2033 323 53 Vorstellung
990 2030 87 43 des
1097 2024 354 55 einstmaligen
1469 2021 282 44 Zustandes
1771 2019 162 56 geben
1953 2019 215 49 könnte;

514 2095 184 43 anders
733 2093 75 42 als
843 2090 107 45 wie
991 2093 143 40 etwa
1169 2086 53 43 in
1259 2085 87 43 der
1383 2079 447 51 Omar=Moschee,
1867 2079 117 42 dem
2020 2089 147 43 soge=

514 2156 231 41 nannten
789 2150 316 47 Felsendom,
1141 2157 91 32 wo
1278 2145 86 42 der
1408 2140 186 44 nackte
1635 2137 185 45 Felsen
1865 2150 86 29 am
1991 2136 177 43 Boden
