4884 7239
4403 6721 89 63 19

377 380 225 87 wagt.
698 374 141 83 „Es
893 375 163 70 tritt
1108 396 141 50 aus
1289 374 187 74 dem
1511 375 252 73 Werk
1799 374 371 94 nirgends
2209 374 127 72 die

377 489 272 73 tiefere
732 489 645 95 Notwendigkeit
1464 490 135 73 des
1691 490 426 92 Schaffens,
2209 489 127 73 die

377 604 276 71 wahre
703 604 522 95 Versenkung
1288 606 142 72 der
1491 607 222 73 Seele
2232 604 102 73 Es

376 722 97 70 ist
512 719 215 73 nicht
764 743 88 49 so
886 721 337 91 einfach,
1260 724 177 71 eine
1464 724 513 90 Versenkung
2002 722 287 71 hervor-

377 841 247 64 treten
680 858 96 47 zu
829 836 284 71 lassen.
1216 838 104 72 Es
1376 839 306 71 scheint
1731 839 158 71 mir
1945 838 391 71 vielmehr

377 951 115 69 im
529 949 288 73 Wesen
874 949 144 73 der
1069 953 520 96 Versenkung
1638 978 97 47 zu
1785 954 278 92 liegen,
2119 951 217 71 nicht

378 1063 667 74 hervorzutreten.
1161 1068 365 86 Freilich,
1611 1092 237 50 wenn
1933 1090 186 49 man
2207 1066 127 71 die

377 1180 518 93 Versenkung
929 1197 233 57 unter
1201 1181 183 75 dem
1423 1181 601 75 Bühnenboden
2061 1185 270 86 meint,

380 1318 86 48 so
519 1318 222 50 muss
793 1296 130 72 ich
978 1300 372 90 zugeben,
1408 1300 178 71 dass
1638 1300 130 71 ich
1807 1298 214 71 diese
2056 1298 221 71 Kühn-

378 1410 163 71 heit
592 1410 220 73 nicht
863 1420 274 85 wagte.
1244 1415 177 71 Und
1486 1439 235 47 wenn
1785 1415 263 69 meine
2102 1412 230 71 Hand

377 1523 216 73 nicht
671 1527 478 95 eigenwillig
1220 1532 372 90 gestaltet,
1670 1552 88 49 so
1835 1528 267 72 macht
2177 1528 157 70 mir

378 1640 141 73 das
575 1642 284 73 keinen
898 1644 406 74 Kummer.
1396 1647 227 71 Denn
1662 1645 130 73 ich
1829 1647 248 91 pflege
2116 1644 216 71 nicht

378 1779 139 51 aus
559 1757 187 73 dem
783 1759 518 93 Handgelenk
1337 1786 93 47 zu
1470 1760 341 73 dichten.
1868 1760 146 72 Ein
2053 1760 232 70 Faust-

378 1870 271 92 schlag
702 1874 308 71 freilich
1061 1876 238 71 wirkt
1350 1877 288 70 immer
1675 1876 241 71 kühn.
1997 1874 102 71 Es
2134 1874 197 93 fragt

378 1987 170 71 sich
627 2011 169 63 nur,
874 2011 180 49 wen
1130 2011 186 49 man
1386 1991 320 89 schlägt.
1807 1991 102 69 Ist
1972 2011 79 49 es
2116 1989 215 71 nicht

378 2102 324 92 gütiger,
720 2102 271 72 solche
1012 2104 636 73 kümmerlichen
1672 2104 361 73 Gesellen
2063 2106 264 69 laufen

378 2240 93 47 zu
551 2221 286 86 lassen,
918 2218 131 72 die
1120 2219 181 71 acht
1354 2219 210 93 Tage
1626 2221 203 71 nach
1890 2221 219 71 ihrer
2171 2221 108 69 Un-

377 2331 397 95 fähigkeit,
903 2334 125 70 ein
1142 2334 477 73 Kunstwerk
1728 2336 601 88 aufzunehmen,

377 2448 406 93 folgendes
817 2448 447 73 schreiben:
1311 2453 197 78 „Das
1542 2451 428 71 Publikum
2000 2450 332 91 hungert

380 2563 205 71 nach
649 2570 222 83 guter
930 2563 595 95 Unterhaltung.
1630 2565 100 71 Es
1809 2566 98 70 ist
1984 2565 135 73 des
2200 2587 88 49 ex-

378 2676 744 94 pressionistischen
1174 2678 281 71 Krams
1516 2680 114 69 im
1684 2678 650 75 Albert-Theater

378 2797 170 66 satt.
700 2793 449 92 Franziska,
1264 2793 704 93 Schwanenweiss,
2070 2795 259 91 Trieb,

378 2908 425 72 Fiametta:
859 2910 169 70 vier
1083 2929 267 73 grosse
1387 2910 298 70 Pleiten
1726 2908 141 73 der
1901 2910 384 92 beginnen-

380 3022 154 73 den
590 3024 389 93 Spielzeit.
1083 3024 147 71 Die
1294 3024 515 91 regierenden
1867 3025 299 70 Herren
2219 3025 112 70 im

378 3137 657 73 Albert-Theater
1062 3139 331 71 werden
1433 3139 468 73 allmählich
1938 3139 394 73 vielleicht

380 3256 298 88 lernen,
736 3252 181 71 dass
956 3278 186 47 man
1183 3256 220 71 einer
1438 3257 207 70 alten
1684 3274 320 71 grossen
2044 3256 240 71 Kunst-

378 3372 247 87 stätte,
707 3369 156 71 wie
917 3369 357 71 Dresden
1328 3371 119 89 ist,
1528 3369 139 71 das
1733 3371 274 69 innere
2061 3369 270 71 Gesetz

377 3484 221 71 ihrer
632 3484 251 73 Natur
937 3491 156 64 erst
1145 3484 485 73 ablauschen
2043 3483 229 74 Wede-

380 3598 215 91 kind,
653 3596 465 95 Strindberg
1155 3599 166 71 und
1350 3598 337 72 Waiden
1726 3598 180 72 sind
1939 3621 95 48 zu
2075 3599 256 71 Grabe

377 3720 365 86 getragen
817 3713 166 71 und
1047 3737 186 47 man
1299 3713 312 73 lauscht
1679 3718 255 86 erregt
1995 3714 141 70 auf
2190 3713 139 71 das

378 3848 271 73 grosse
710 3828 276 73 innere
1050 3828 273 73 Gesetz
1394 3850 154 51 von
1604 3828 466 71 Elbflorenz.
2177 3830 150 69 Das

378 3948 510 88 Kunstgesetz
954 3967 157 49 von
1176 3943 381 71 Dresden.
1658 3941 446 73 Wedekind
2166 3941 163 72 und

380 4060 459 91 Strindberg
891 4058 261 73 haben
1206 4082 80 49 es
1340 4065 149 86 gut.
1591 4058 125 71 Sie
1750 4058 249 92 liegen
2041 4058 281 71 bereits

377 4177 189 71 weit
641 4199 189 51 vom
910 4175 676 73 Albert-Theater
1660 4175 415 90 begraben.
2195 4173 132 72 Ich

380 4292 190 71 aber
647 4312 221 49 muss
946 4289 404 72 lauschen.
1462 4289 295 83 „Wenn
1812 4287 126 71 die
1995 4289 277 69 Drama-

377 4412 277 87 turgen
722 4405 135 71 des
913 4404 712 72 Albert-Theaters
1692 4409 302 86 gestern
2050 4402 279 73 Abend

378 4524 82 68 in
500 4521 141 72 das
678 4521 433 71 Publikum
1159 4517 657 92 hineingehorcht
1851 4517 280 92 haben,
2188 4517 138 73 das

377 4659 98 48 zu
588 4634 141 71 der
839 4632 501 92 Aufführung
1447 4653 156 50 von
1716 4631 610 74 Auernheimers

382 4753 321 72 Wiener
739 4747 398 94 Lustspiel
1183 4747 198 82 „Das
1413 4747 201 70 Paar
1653 4746 200 71 nach
1884 4746 140 71 der

382 4866 465 74 erschienen
913 4885 192 69 war,
1188 4885 86 49 so
1337 4868 323 64 müssen
1714 4861 112 71 sie
1879 4863 211 72 eines
2144 4866 147 71 fest-

382 4984 308 72 stellen:
747 4979 129 73 die
929 4976 447 75 Sehnsucht
1428 4974 136 73 des
1603 4976 467 73 Publikums
2124 4981 202 70 nach

378 5100 512 91 zwangloser,
929 5093 555 95 angenehmer,
1523 5093 337 71 heiterer
1897 5093 164 71 und
2097 5096 192 92 geist-

380 5216 352 72 belebter
1603 5205 103 74 So
1790 5208 288 73 siehste
2163 5232 161 69 aus,

378 5330 485 71 Kunststätte
947 5349 156 49 von
1191 5323 476 90 Elbflorenz,
1768 5325 278 71 würde
2139 5349 187 49 man

378 5447 82 69 in
565 5442 485 96 Spreeathen
1155 5459 256 72 sagen.
1564 5437 144 71 Ein
1811 5440 276 73 Hauch
2188 5442 141 73 der

380 5560 525 73 Renaissance
961 5553 357 75 umweht
1369 5552 237 73 mich.
1696 5553 142 73 Die
1885 5555 442 75 Sehnsucht

380 5675 205 71 nach
639 5672 599 73 Auernheimer.
1323 5670 434 90 Zwanglos.
1841 5670 483 93 Angenehm.

382 5792 282 71 Heiter.
747 5787 498 75 Geistbelebt.
1327 5785 157 70 Das
1523 5782 256 73 durfte
1831 5787 213 71 nicht
2097 5789 173 71 kom-

380 5928 212 49 men.
631 5902 579 73 Auernheimer
1230 5899 127 71 die
1376 5918 267 72 grosse
1660 5897 457 76 Sehnsucht.
2168 5904 158 71 Das

380 6024 98 70 ist
507 6019 127 73 die
664 6021 244 88 Seele,
940 6016 131 73 die
1106 6038 141 49 aus
1279 6014 141 71 der
1445 6012 515 95 Versenkung
1995 6016 284 74 hervor-

378 6138 181 69 tritt.
664 6136 388 71 Kummer
1103 6127 208 77 wird
1374 6148 191 73 ganz
1616 6127 279 73 heiter:
1982 6131 295 83 „Auern-

378 6251 310 71 heimer
730 6249 136 72 hat
901 6248 127 71 ein
1067 6244 320 92 lustiges
1420 6241 362 93 Gespinst
1816 6266 157 49 von
2004 6246 320 75 Worten

891 6361 158 71 Der
1076 6359 218 72 reine
1318 6356 488 73 Flohzirkus.
1867 6358 196 83 „Das
2090 6361 236 73 Stück

382 6480 191 69 lässt
647 6476 380 73 zunächst
1103 6478 242 68 etwas
1423 6471 364 71 Besseres

2569 376 224 73 Noch
2866 380 240 68 etwas
3171 376 414 72 Besseres?
3687 376 278 72 Besser
4032 378 112 71 als
4210 377 256 71 Auern-

2571 490 359 71 heimer?
3018 488 134 73 Als
3208 488 577 73 Auernheimer
3836 492 286 73 selbst?
4188 492 180 71 Man
4420 493 97 70 ist

2571 605 368 71 wirklich
3015 602 591 73 unbescheiden
3658 627 97 48 zu
3809 603 389 75 Dresden!
4305 607 170 73 Viel-

2569 719 246 72 leicht
2844 717 372 74 versucht
3269 741 184 49 man
3509 742 80 48 es
3645 720 294 73 einmal
3977 720 143 70 mit
4158 720 355 71 Schiller.

2573 834 211 73 Oder
2835 835 136 70 mit
3008 834 549 71 Hasenclever.
3635 832 418 75 Vielleicht
4104 835 189 70 lässt
4347 835 166 72 sich

2569 949 102 71 da
2723 949 207 73 noch
2984 949 361 71 Besseres
3399 956 412 64 erwarten.
3899 947 199 71 Herr
4134 949 383 71 Kummer

2569 1066 349 69 versinkt
2994 1066 78 69 in
3130 1064 151 71 den
3350 1064 562 71 Lebensstrom
3966 1064 136 71 des
4166 1064 347 75 Bruders

2569 1181 463 73 Hoffmann:
3111 1181 200 81 „Das
3365 1181 202 69 Paar
3621 1179 200 71 nach
3877 1179 139 71 der
4066 1179 253 92 Mode,
4376 1181 139 71 das

2568 1296 167 71 sich
2817 1296 487 91 verheiratet,
3392 1298 422 91 langweilt,
3895 1296 168 71 sich
4143 1298 372 71 verzankt

2569 1411 166 70 und
2790 1409 318 73 endlich
3160 1409 303 73 wieder
3513 1411 403 92 vereinigt,
3970 1413 96 69 ist
4102 1435 156 49 von
4298 1413 219 69 einer

2568 1526 216 71 nicht
2818 1526 239 71 leicht
3091 1550 96 46 zu
3226 1526 632 71 übertreffenden
3892 1525 579 72 Oberflächlich-

2566 1643 176 70 keit.
2847 1640 290 74 Weder
3172 1641 424 92 Handlung
3646 1641 207 72 noch
3894 1640 619 73 Charakteristik

2564 1757 320 72 reichen
2937 1755 435 93 irgendwie
3423 1757 81 71 in
3543 1757 129 71 die
4087 1757 157 69 Der
4292 1758 221 70 letzte

2566 1872 173 71 Satz
2820 1873 98 68 ist
2994 1872 358 69 offenbar
3438 1894 139 47 aus
3663 1872 217 69 einer
3956 1870 561 93 Besprechung

2564 2009 156 49 von
3196 1985 449 71 irrtümlich
3726 1985 273 71 stehen
4078 1985 435 92 geblieben,

2564 2102 581 73 Auernheimer
3196 2100 213 73 ohne
3447 2102 240 73 Tiefe.
3770 2100 288 73 Gehns.
4139 2102 151 73 Wo
4327 2124 185 49 man

2568 2217 135 73 des
2759 2217 840 93 expressionistischen
3636 2217 283 70 Krams
3960 2216 206 72 doch
4205 2222 146 66 satt
4395 2219 117 69 ist.

2568 2336 220 88 Nein,
2845 2332 143 71 der
3025 2332 171 71 Satz
3248 2334 100 69 ist
3387 2315 390 88 Übersatz.
3865 2332 195 71 Eine
4114 2332 215 71 nicht
4380 2356 90 46 zu-

2564 2447 381 73 treffende
3018 2447 711 73 Oberflächlickeit.
3833 2447 147 72 Ein
4046 2447 317 73 Macher
4434 2449 78 70 in

2568 2563 464 74 Oberfläche
3116 2564 188 70 also.
3431 2563 183 72 Nun
3699 2561 274 73 werde
4056 2563 131 71 ich
4271 2564 196 70 wirk-

2566 2679 159 72 lich
2828 2678 405 84 ängstlich,
3345 2678 179 71 dass
3636 2676 129 73 ich
3877 2678 216 71 nicht
4205 2676 310 71 kühner

2747 2760 14 13 *
2933 2744 44 27 ö
3219 2760 12 9 '

2568 2813 357 73 gewesen
2981 2795 157 69 bin.
3218 2793 208 71 Aber
3462 2791 579 73 Auernheimer
4092 2793 100 71 ist
4244 2793 226 91 glück-

2564 2910 495 71 licherweise
3145 2910 215 69 nicht
3453 2932 97 47 zu
3635 2910 497 69 übertreffen.
4275 2908 238 81 „Dass

2566 3047 185 47 man
2790 3023 254 73 nichts
3082 3023 845 93 Expressionistisches
3977 3023 313 90 erlebte,
4346 3045 171 49 war

3147 3137 100 71 Ist
3328 3137 134 71 des
3541 3138 292 70 Feuers
3909 3137 281 89 Macht,
4278 3160 235 49 wenn

2566 3254 169 71 sich
2790 3252 140 71 der
2981 3254 322 71 Mensch
3357 3254 394 71 bezähmt:
3846 3254 198 81 „Das
4083 3252 429 73 Publikum

2564 3387 180 73 g'ng
2793 3369 251 91 willig
3094 3370 141 68 auf
3281 3367 127 73 die
3460 3367 523 73 Plaudereien
4041 3367 135 71 des
4227 3365 285 73 Autors

2864 3482 533 93 Angenehme,
3453 3484 496 90 allgemeine,
4005 3489 176 85 gute
4236 3482 233 71 Unter-

2564 3597 351 92 haltung.
3018 3597 203 70 Herr
3281 3599 384 69 Kummer
3726 3599 166 69 hält
3953 3597 167 71 sich
4183 3597 125 70 für
4373 3596 139 71 das

2566 3714 450 70 Publikum.
3121 3712 105 72 Er
3289 3712 237 73 leidet
3589 3736 98 49 an
3753 3712 503 73 Kleinwahn:
4369 3712 141 83 „Es

2563 3829 249 70 freute
2876 3828 166 72 sich
3106 3828 203 71 auch
3397 3829 197 70 über
4237 3828 273 71 Gesetz

2564 3939 141 73 der
2805 3943 267 88 Natur,
3177 3943 413 71 vastehste.
3738 3941 774 85 „Glanzumflossene

3152 4061 156 70 wie
3360 4060 200 71 Herr
3596 4060 386 71 Kummer
4032 4058 475 71 erschauert.

2563 4173 211 73 Oder
2845 4175 310 71 Freude
3233 4175 339 71 schöner
3648 4173 588 73 Götterfunken.
4368 4175 144 69 Die

2564 4288 515 92 regierenden
3182 4290 302 69 Herren
3602 4286 325 73 werden
4041 4288 467 71 allmählich

2559 4405 297 69 lernen.
2983 4403 211 71 Oder
3272 4405 141 69 der
3474 4405 186 71 Karl
3724 4405 200 90 Vogt
3999 4403 204 71 wird
4275 4405 188 90 abge-

2563 4517 298 73 schafft.
2989 4520 244 70 Keine
3301 4520 262 71 Krone
3640 4518 210 72 ohne
3909 4518 598 72 Auernheimer.

2561 4634 296 74 Nieder
2906 4635 146 70 mit
3101 4634 469 91 Wedekind,
3636 4632 479 95 Strindberg,
4173 4634 334 71 Waiden

2561 4747 166 73 und
2805 4749 435 73 Genossen!
3355 4749 530 71 Demokraten
3965 4747 178 71 sind
4220 4749 290 71 immer

2561 4866 127 69 für
2761 4864 362 74 Wahlen.
3248 4862 600 92 Auernheimer,
3929 4862 141 73 der
4144 4864 364 93 alleinige

2561 4979 394 71 Kandidat
3081 4979 140 73 der
3340 4981 482 89 vereinigten
3949 4981 556 93 bürgerlichen

2561 5096 608 73 Parteikritiker.
3276 5096 213 73 Geist
3540 5121 218 49 muss
3814 5099 190 90 sein,
4060 5103 215 67 sonst
4327 5120 135 49 ver-

2561 5211 217 71 sackt
2830 5213 166 71 sich
3052 5211 125 73 die
3230 5231 239 73 ganze
3521 5213 647 73 hervortretende
4219 5213 240 73 Kunst-

2559 5330 244 66 stätte.

3514 5428 36 39 *

2561 5558 320 73 Wieder
2957 5560 203 71 steht
3243 5562 126 69 ein
3448 5560 222 71 Stern
3750 5560 203 71 auch
4039 5562 198 69 über
4322 5560 183 73 dem

2559 5675 405 71 Kummer.
3111 5675 222 74 Nach
3460 5675 183 71 dem
3767 5675 418 71 Schreiner
4303 5678 204 70 Herr

2558 5788 618 92 Zimmermann,
3216 5790 320 88 Doktor,
3575 5788 239 72 Felix.
3878 5788 204 72 Herr
4115 5790 335 73 Zimmer-

2561 5926 240 47 mann
2878 5905 99 70 ist
3057 5905 535 92 vorsichtiger.
3719 5904 107 71 Er
3899 5904 98 71 ist
4073 5905 428 75 Relativist.

2558 6019 177 71 Ihm
2788 6020 313 72 kommt
3154 6042 79 51 es
3287 6044 87 48 so
3428 6039 169 71 vor,
3651 6042 80 48 es
3787 6019 305 71 scheint
4143 6020 193 94 ihm,
4391 6026 110 69 im

2561 6134 327 93 übrigen
2955 6137 100 70 ist
3121 6158 80 49 es
3255 6134 219 73 nicht
3526 6132 500 92 einzusehen,
4092 6137 228 71 sollte
4373 6156 86 74 ge-

2559 6252 188 72 wiss
2801 6274 88 50 so
2944 6256 240 68 etwas
3238 6251 292 88 wie—,
3582 6249 271 71 weder
3904 6251 386 73 unerhört
4325 6278 175 64 neu,

2561 6368 208 71 noch
2806 6364 442 97 empörend
3282 6366 246 83 kühn,
3562 6368 215 67 hätte
3812 6366 204 71 auch
4056 6366 180 73 Otto
4264 6368 237 74 Erich

2559 6481 447 73 Hartleben.
3093 6481 179 73 Man
3325 6481 210 69 kann
3587 6479 219 71 nicht
3856 6481 312 73 wissen.
4247 6483 107 71 Er
4403 6486 100 70 ist
