2575 3314
687 374 97 48 DIE
818 370 219 49 KUNST
1071 370 143 45 UND
1248 370 101 44 DIE
1382 369 249 45 MASSEN

490 535 48 24 CH
551 533 75 25 weiss
641 532 54 26 sehr
713 528 84 30 wohl,
815 526 54 27 dafs
888 525 43 26 das
950 525 54 25 cine
1017 524 88 26 heraus-

500 566 307 32 forderndeUeberschrift
817 565 52 27 und
878 563 54 28 dafs
944 564 38 26 die
991 563 114 36 Populari-

501 612 99 34 sierung
619 610 42 25 der
678 611 81 24 Kunst
779 602 201 39 augenblicklich
999 602 55 25 sehr
1071 612 32 15 un-

502 650 106 36 popular
622 650 44 29 ist,
684 647 149 35 wenigstens
853 644 26 24 in
899 640 219 28 Kiinstlerkreisen.

501 690 46 25 Die
559 687 158 27 Menschheit
730 686 98 33 bewegt
842 682 52 26 sich
907 680 67 27 noch
985 680 89 25 immer
1084 679 36 26 im

501 725 287 35 Kinder-Wackelgang
808 721 53 27 und
880 720 84 29 sucht,
985 728 50 16 yon
1054 718 66 25 einer

502 768 62 25 Seite
582 764 47 28 auf
644 765 39 25 die
701 762 87 27 andere
805 760 106 29 fallend,
931 758 42 26 das
988 756 118 36 Gleichge-

585 799 37 11 •
659 799 36 11 •
732 803 5 4 *
834 809 10 1 n
848 800 39 10 !_n
900 800 16 10 D
925 799 100 11 anUl-iAn
1043 805 75 5 rmrr&n

259 808 93 31 wicht;
372 817 52 17 was
444 807 33 26 sic
491 806 176 28 unternimmt,
686 804 31 25 ist
731 804 88 24 immer
833 807 54 17 cine
900 803 126 20 Reaktion
1041 805 78 26 gegen

259 846 43 26 das
316 845 218 37 Vorhergehende.
568 846 29 24 Es
612 843 66 27 wird
699 841 72 30 auch,
788 839 64 26 nach
870 835 178 35 zuverlassigen
1067 836 36 24 An-

259 886 113 30 zeichen,
398 886 68 25 noch
491 885 40 25 em
551 883 136 27 Weilchen
712 881 105 27 dauern,
841 877 36 25 bis
901 875 40 25 die
962 872 158 28 Menschheit

259 924 49 26 den
326 923 187 38 Schwerpunkt
530 923 66 26 ihrer
611 917 123 30 Vernunft
751 917 78 35 vollig
848 916 26 25 in
892 914 52 25 ihre
959 911 100 28 Gewalt
1076 911 30 26 be-

260 963 101 26 kommt
373 964 51 25 und
436 963 105 35 ruhigen
551 964 99 32 Ganges
662 956 199 28 dahinschreitet.
880 952 69 26 Oder
959 951 55 26 sind
1021 950 98 27 Aktion

259 1003 51 25 und
323 1002 125 27 Reaktion
461 1001 60 26 eben
534 1001 38 26 die
584 996 188 30 abwechselnde
782 997 144 31 Bewegung
937 990 89 26 zweier
1036 989 83 27 Fiifse?

259 1043 88 25 Wenn
364 1051 60 16 man
442 1041 83 25 diesen
536 1038 132 37 Vergleich
687 1037 79 25 besser
779 1032 76 28 findet
868 1031 52 25 und
938 1030 43 25 der
994 1029 125 35 Meinung

257 1081 46 30 ist,
325 1080 53 27 dafs
399 1080 90 26 beide
510 1077 71 28 Fiifse
601 1086 47 17 uns
670 1080 139 21 vorwarts-
831 1070 51 26 und
903 1067 216 36 zuriickbewegen

259 1120 117 29 konnen,
397 1130 28 15 so
446 1119 56 26 will
520 1118 42 25 ich
579 1116 80 26 nichts
678 1115 110 34 dagegen
806 1110 88 27 haben.

319 1158 133 27 Wahrend
467 1158 28 25 in
521 1157 48 25 den
597 1153 101 37 grofsen
722 1154 100 23 Massen
850 1148 41 25 das
920 1144 200 28 demokratische

258 1198 99 36 Prinzip
369 1198 67 26 noch
447 1193 172 29 fortwahrend
631 1201 62 17 neve
705 1190 134 33 Anhanger
850 1186 121 36 gewinnt,
986 1185 30 24 ist
1031 1185 25 24 in
1071 1185 48 25 den

262 1237 181 26 herrschenden
458 1236 102 25 Klassen
579 1231 51 28 und
650 1232 26 24 in
695 1230 45 25 den
757 1228 99 25 Kreisen
871 1225 42 26 der
927 1223 192 26 akademischen

263 1276 117 36 Bildung,
394 1275 41 26 die
449 1275 53 25 ihre
513 1273 88 25 Macht
616 1280 29 16 zu
661 1269 117 26 verlieren
790 1264 124 29 fiirchten,
929 1263 39 25 die
983 1263 136 25 autoritare

261 1315 236 33 Weltanschauung
506 1309 162 28 betrachtlkh
679 1306 104 27 erstarkt
790 1314 60 27 resp.
863 1302 61 28 aufs
936 1300 184 37 neuelebendig

262 1355 146 35 geworden.
438 1355 31 23 Es
487 1352 61 34 liegt
566 1347 47 28 auf
630 1348 43 26 der
691 1345 88 30 Hand,
800 1342 55 27 dafs
873 1342 26 26 in
918 1341 82 26 diesen
1018 1341 101 25 Kreisen

262 1393 157 36 gleichzeitig
433 1392 41 26 der
489 1389 67 27 Eifer
570 1387 41 27 fiir
625 1387 39 26 die
675 1384 217 38 Popularisierung
905 1380 43 26 der
958 1381 95 24 Kiinste
1067 1380 52 25 und

262 1430 224 30 Wissenschaften,
495 1429 41 27 fur
543 1427 164 34 Verbreitung
715 1434 49 17 yon
772 1420 195 35 Volksbildung,
978 1417 41 27 fur
1027 1417 77 26 Volks-

262 1470 165 37 aufklarung,
442 1469 60 27 oder
513 1469 50 26 wie
574 1477 59 16 man
644 1465 64 26 diese
719 1463 182 33 Bestrebungen
911 1465 68 20 sonst
989 1458 129 25 benennen

262 1520 66 26 mag,
343 1511 91 25 ebenso
448 1507 164 28 betriichtlich
627 1505 108 28 erkalten
750 1502 99 30 mufste,
864 1508 75 18 wenn
953 1507 24 17 er
992 1496 69 26 nicht
1076 1506 43 25 gar

261 1551 25 24 in
302 1549 150 36 Abneigung
467 1557 78 28 gegen
560 1546 156 36 dergleichen
730 1539 220 38 „kindskopfische

261 1589 141 35 umschlug.
428 1590 88 24 Wenn
536 1596 59 17 man
616 1585 105 37 gewisse
739 1583 77 26 dieser
830 1579 123 28 Versuche
974 1574 143 30 betrachtet,

261 1628 70 26 kann
344 1638 59 16 man
418 1627 52 26 sich
485 1626 132 36 allerdings
635 1624 70 27 nicht
719 1622 136 29 wundern,
875 1617 52 27 dafs
946 1617 34 26 sic
998 1614 120 26 scheitern

261 1667 53 26 und
332 1666 54 27 dafs
406 1666 42 26 der
467 1665 105 36 anfangs
586 1665 170 35 hochgemute
770 1661 98 26 Pionier
882 1656 128 28 samtliche
1025 1652 78 26 Volks-

261 1693 857 48 aufklarungsrequisitenmiteineraristokratischenVerwiinschung

261 1756 31 15 an
313 1745 40 26 die
375 1745 87 26 Wand
485 1743 147 27 schleudert.
674 1743 65 24 Wer
762 1740 66 26 einer
849 1736 89 27 soeben
958 1743 43 17 aus
1021 1734 97 23 Kontor

261 1784 53 26 und
321 1783 151 31 Werkstatt,
482 1782 87 27 Fabrik
581 1782 51 25 und
640 1778 199 30 Wechselstube,
850 1775 88 28 Ruche
949 1770 150 30 undWasch-

261 1833 73 17 raum
354 1820 336 37 zusammengetrommelten
706 1817 192 33 Versammlung
920 1813 66 26 ohne
1005 1816 111 21 weiteres

261 1863 46 25 mit
328 1862 98 26 Bildern
444 1871 52 17 yon
514 1859 98 27 Eduard
631 1858 111 30 Munch,
762 1859 110 23 Dramen
889 1863 51 17 yon
954 1847 163 30 Maeterlinck

260 1902 53 25 und
322 1901 212 37 Kompositionen
544 1908 51 16 yon
603 1896 109 27 Richard
723 1894 94 27 Straufs
829 1903 46 17 vor
885 1893 39 25 die
932 1894 71 23 Brust
1014 1888 102 37 springt,

261 1939 59 27 darf
335 1941 53 25 sich
406 1938 41 27 fur
462 1939 47 27 den
523 1936 145 35 Mifserfolg
682 1936 39 25 bei
735 1934 52 26 sich
800 1932 73 27 selbst
887 1929 137 28 bedanken.
1052 1927 64 29 Aha,

260 1980 61 25 hore
336 1980 41 25 ich
391 1977 84 33 rufen,
494 1988 25 16 er
533 1977 68 30 will,
615 1976 40 26 die
668 1977 82 24 Kunst
763 1972 48 27 soil
825 1970 185 27 Konzessionen
1024 1977 31 16 an
1069 1966 48 25 den

261 2018 101 36 grofsen
372 2016 102 28 Haufen
489 2017 112 26 machen.
627 2015 71 30 Bitte,
712 2014 41 25 ich
767 2011 56 27 will
834 2019 81 28 genau
926 2008 42 26 das
980 2004 136 38 Gegenteil.

261 2059 87 25 Wenn
367 2058 40 25 em
421 2056 116 26 Kiinstler
551 2054 183 27 Konzessionen
753 2051 97 30 macht,
869 2049 58 26 hbrt
944 2057 26 16 er
988 2045 41 26 fiir
1049 2044 68 27 mich

262 2096 58 31 auf,
341 2098 39 24 em
401 2095 117 26 Kiinstler
537 2103 31 17 zu
588 2093 60 26 sein.
682 2093 62 25 Man
767 2091 42 25 hat
829 2088 48 27 mir
897 2085 40 28 oft
956 2094 84 27 genug
1059 2093 44 16 vor-

260 2135 145 37 geworfen,
427 2132 53 27 dafs
500 2132 40 26 ich
559 2131 76 26 leider
653 2140 31 16 zu
697 2130 86 34 wenig
796 2126 187 37 Kompromisse
997 2122 118 31 schlosse;

260 2175 41 26 ich
321 2172 71 28 hoffe
413 2173 83 25 diesen
514 2168 127 28 Vorwurf
659 2169 66 25 auch
745 2169 27 23 in
792 2164 114 28 Zukunft
926 2173 29 16 zu
977 2162 138 26 verdienen.

259 2214 66 26 Aber
344 2222 58 17 man
421 2210 47 26 soil
489 2209 66 26 doch
574 2207 141 29 bedenken,
735 2205 54 26 dafs
808 2214 24 17 es
854 2202 122 28 zweierlei
997 2202 43 29 ist,
1063 2199 53 26 cine

259 2255 82 24 Kunst
355 2262 30 16 zu
399 2250 65 26 iiben
478 2247 51 28 und
545 2247 39 26 die
597 2248 89 27 Kunst,
700 2245 117 34 richtiger
831 2242 47 27 den
892 2238 179 37 Kunstgenufs,
1085 2247 30 17 zu

259 2292 171 36 propagieren.
458 2290 46 24 Fiir
518 2287 39 26 em
571 2286 87 28 Genie,
673 2293 58 26 mag
745 2292 23 16 es
783 2282 67 26 noch
864 2291 28 15 so
906 2280 58 25 naiv
977 2279 63 29 sein,
1055 2278 60 35 liegt

259 2332 66 26 doch
338 2329 132 38 eigentlich
485 2327 51 26 der
547 2323 120 29 Gedanke
680 2324 54 24 sehr
745 2321 72 30 nahe,
832 2319 53 27 dafs
897 2319 41 25 der
949 2317 166 36 Spiefsbiirger

259 2371 70 25 nicht
349 2380 42 16 aus
409 2370 53 26 sich
483 2367 64 27 auch
568 2365 39 26 em
625 2363 79 27 Genie
722 2360 106 27 machen
846 2358 81 30 kann,
949 2356 53 26 dafs
1021 2366 25 15 er
1063 2356 52 25 sich

259 2411 64 25 auch
347 2410 70 26 nicht
440 2418 50 17 yon
511 2407 76 26 heute
610 2402 47 28 auf
682 2409 104 27 morgen
808 2397 164 36 umkrempen
997 2395 51 26 und
1069 2401 46 19 mit

259 2451 80 24 einem
352 2449 68 25 Male
438 2448 48 26 den
726 2449 50 18 yon
794 2437 74 28 Rich.
883 2435 93 27 Straufs
994 2434 121 37 gewaltig

258 2488 84 26 finden
356 2487 80 31 kann,
452 2497 77 16 wenn
542 2496 25 16 er
581 2485 37 26 bis
631 2482 78 27 dahin
723 2480 50 26 sein
788 2476 104 38 grofstes
907 2477 150 34 Vergniigen
1071 2483 44 16 aur

258 2527 57 26 dem
329 2526 106 32 „Markt
452 2536 31 16 zu
685 2521 60 26 oder
764 2518 39 27 bei
824 2517 65 26 einer

258 2566 126 36 gefunden
399 2567 51 25 hat.
479 2566 46 25 Die
540 2562 225 39 psychologischen
779 2558 82 34 Dinge
875 2554 54 27 sind
944 2554 66 25 doch
1025 2553 89 26 ebenso

258 2606 85 35 wenig
358 2603 260 28 Zauberkunststiicke
636 2603 50 25 wie
706 2601 39 26 die
762 2594 233 41 physiologischen;
1016 2602 23 16 es
1061 2591 54 37 gibt

258 2645 67 26 doch
343 2645 54 26 cine
413 2644 207 37 psychologische
634 2638 207 34 Entwickelung,
863 2634 52 27 und
934 2643 24 16 es
977 2632 53 37 gibt
1048 2631 67 26 doch

258 2685 112 29 Gesetze,
395 2684 65 25 nach
481 2683 79 26 denen
580 2683 34 25 sic
634 2678 115 29 verlauft.
790 2677 57 25 Sich
870 2674 59 26 liber
949 2672 166 35 halsstarrige,

1198 524 215 37 widerspenstige,
1432 522 165 27 diinkelhafte
1615 523 53 25 und
1683 524 202 35 anspruchsvolle
1899 525 114 26 Philister
2027 535 30 16 zu

1198 563 116 30 erbosen,
1334 564 44 25 hat
1396 573 59 16 man
1472 565 24 32 ja
1515 562 131 25 sicherlich
1666 562 40 25 em
1725 569 71 28 gutes
1811 564 94 30 Recht,
1926 564 52 26 und
1998 574 59 16 man

1198 612 58 25 mag
1270 602 33 25 sic
1318 601 79 27 durch
1412 601 134 35 moglichst
1558 600 134 26 kraftvolle
1701 601 110 35 Injurien
1822 601 145 33 aufriitteln,
1982 612 77 17 wenn

1198 641 33 26 sic
1243 640 124 27 durchaus
1378 641 69 26 nicht
1459 639 151 27 aufwachen
1621 640 104 25 wollen.
1743 640 66 26 Aber
1820 641 41 25 em
1867 641 191 36 Kiinstlergeist,

1198 680 94 26 scheint
1308 680 59 30 mir,
1386 689 56 17 zum
1457 679 137 26 mindesten
1608 679 40 25 em
1662 678 116 30 Dichter,
1797 679 73 26 sollte
1884 680 115 26 ziemlich
2013 679 49 27 tief

1198 719 26 26 in
1239 718 87 26 andere
1341 719 85 26 Seelen
1441 719 50 26 sich
1507 718 207 26 hineinversetzen
1728 717 116 33 konnen;
1858 721 23 32 je
1894 719 111 35 genialer
2018 719 40 26 em

1198 759 117 30 Mensch,
1336 758 81 25 diinkt
1431 758 80 30 mich,
1530 756 69 27 desto
1615 755 123 28 lebhafter
1752 756 103 26 erkennt
1870 767 25 16 er
1910 758 75 31 auch,
2004 767 54 16 was

1198 797 45 25 ihn
1254 806 49 16 yon
1315 797 106 26 anderen
1433 797 138 25 Menschen
1582 796 68 36 ewig
1659 802 91 25 trennt,
1765 796 52 26 und
1828 795 55 27 dafs
1897 805 25 17 er
1933 797 27 25 in
1974 797 84 25 semen

1198 834 112 38 grofsten
1329 836 190 36 Augenblicken
1538 836 70 25 mehr
1629 834 60 27 oder
1706 836 111 35 weniger
1839 836 94 25 einsam
1953 835 104 26 dasteht.

1198 874 59 26 Und
1272 885 42 15 zur
1329 876 182 25 Vornehmheit
1524 875 89 35 gehort
1628 884 32 21 es,
1675 873 53 28 dafs
1743 884 59 16 man
1817 875 65 25 auch
1896 875 26 25 in
1936 875 122 35 geistigen

1198 914 101 35 Dingen
1324 916 99 34 gerecht
1447 916 31 24 ist
1502 914 52 26 und
1579 915 46 24 mit
1650 914 47 26 den
1717 912 184 27 Seelenkraften
1922 924 27 15 so
1971 915 88 35 -wenig

1198 952 125 37 klimpert,
1337 955 51 25 wie
1403 955 47 25 mit
1464 954 48 26 den
1527 953 124 26 Dukaten.
1884 970 34 2 —
1934 954 43 26 ich
1990 953 69 27 kann

1198 992 48 24 mir
1259 993 70 25 nicht
1342 992 87 26 helfen
1447 1009 38 3 —
1506 993 57 25 aber
1577 992 41 26 das
1633 994 79 25 Wort
1727 993 58 26 kam
1800 993 47 26 mir
1861 1003 51 16 yon
1927 993 73 26 selbst
2014 992 48 27 auf

1198 1030 40 26 die
1259 1032 105 35 Lippen,
1390 1042 75 16 wenn
1486 1032 41 25 ich
1546 1034 76 24 Leute
1643 1032 56 30 sah,
1723 1032 40 26 die
1785 1032 91 26 keinen
1893 1032 85 27 Feder-
1999 1032 61 26 oder

1198 1070 157 26 Pinselstrich
1370 1071 95 30 thaten,
1481 1071 67 26 ohne
1563 1070 47 27 auf
1621 1071 41 26 das
1677 1071 178 37 Philisterpack
1869 1082 29 15 zu
1913 1070 146 38 schimpfen.

1198 1109 28 25 In
1241 1109 43 26 der
1299 1109 78 36 Regel
1395 1110 80 26 haben
1491 1110 64 25 diese
1569 1111 46 25 Art
1629 1113 77 24 Leute
1721 1111 68 26 noch
1803 1120 41 17 am
1857 1111 139 36 wenigsten
2010 1113 34 24 Ur-

1199 1148 81 30 sache,
1295 1149 52 26 sich
1363 1159 29 16 zu
1408 1153 133 22 entriisten.

1258 1188 47 25 Die
1320 1189 83 25 Kunst
1420 1187 74 27 sollte
1508 1197 47 17 nur
1568 1194 72 20 unter
1655 1187 41 27 der
1710 1189 119 35 Fuhrung
1843 1198 51 16 yon
1908 1188 149 26 wirklichen

1198 1226 135 26 Kiinstlern
1358 1227 61 26 oder
1441 1227 67 26 doch
1533 1236 51 17 yon
1608 1226 101 27 absolut
1733 1228 210 36 unverdachtigen
1963 1230 80 23 Kunst-

1198 1264 111 27 kennern
1323 1265 52 26 und
1390 1266 140 25 -Freunden
1543 1265 174 37 popularisiert
1731 1266 113 31 werden,
1866 1273 67 19 sonst
1950 1267 32 25 ist
2000 1276 59 16 man

1198 1304 48 25 mit
1265 1305 77 30 zwei,
1364 1305 52 25 drei
1434 1305 123 25 Schritten
1579 1305 39 25 bei
1638 1305 191 36 gewohnlicher
1848 1306 196 35 Unterhaltungs-

1199 1342 127 37 simpelei,
1351 1343 185 31 Liedertafelei,
1563 1339 162 31 Guckkasten
1749 1344 54 26 und
1828 1343 121 27 ernsthaft
1972 1344 73 37 aufge-

1198 1391 119 26 zogenem
1331 1383 174 35 Tingeltangel
1519 1382 142 36 angelangt.
1690 1385 61 23 Der
1765 1383 140 26 Grundsatz
1923 1383 66 26 mufs
2009 1394 32 15 un-

1198 1420 187 26 erschiitterlich
1400 1420 165 37 festgehalten
1579 1421 111 30 werden,
1706 1421 53 26 dafs
1773 1432 47 15 nur
1832 1423 78 24 durch
1920 1424 81 24 Kunst
2016 1422 40 26 fiir

1198 1458 40 26 die
1252 1461 82 24 Kunst
1349 1469 103 26 erzogen
1468 1460 62 25 wird
1547 1459 51 26 und
1613 1460 54 25 dafs
1679 1470 58 16 man
1748 1462 78 29 nicht,
1840 1471 64 21 „urn
1918 1462 42 24 das
1972 1462 71 25 Publi-

1198 1496 62 27 kum
1275 1505 47 18 erst
1336 1498 92 25 einmal
1643 1500 40 24 em
1697 1499 101 26 bischen
1811 1500 78 33 Julius
1903 1499 92 27 Wolf
2005 1501 51 25 Fund

1197 1536 140 36 Heimburg
1352 1536 92 26 treiben
1459 1535 62 27 darf.
1547 1539 50 23 Der
1607 1537 108 26 Verlauf
1725 1539 97 25 solcher
1832 1539 210 35 Popularisations-

1197 1575 118 26 versuche
1329 1584 54 17 war
1401 1574 35 26 bis
1453 1577 59 32 jetzt
1528 1574 27 25 in
1568 1574 49 27 den
1631 1577 103 25 meisten
1748 1577 83 26 Fallen
1845 1577 56 29 der,
1922 1575 55 29 dafs
1997 1587 59 17 man

1196 1614 64 25 nach
1281 1614 40 25 em
1341 1623 58 26 paar
1415 1612 184 27 bitter-ernsten
1613 1614 128 27 Anlaufen
1756 1615 249 35 verzweiflungsvoll
2024 1626 30 15 zu

1197 1650 57 27 dem
1267 1651 188 36 „Rangdewuh
1472 1651 52 24 inn
1757 1654 60 25 oder
1834 1664 31 15 zu
1883 1655 104 34 „Brasig
2003 1656 52 24 inn

1394 1689 128 35 iiberging.
1541 1691 93 25 Reuter
1645 1692 30 25 ist
1686 1692 39 25 em
1736 1694 68 24 recht
1816 1693 142 25 wertvoller
1966 1692 76 26 kiinst-

1196 1729 114 26 lerischer
1327 1727 249 37 Erziehungsfaktor,
1598 1729 57 26 aber
1673 1731 127 25 natiirlich
1821 1740 59 21 nur,
1901 1741 76 16 wenn
1995 1741 59 16 man

1195 1768 45 26 ihn
1254 1768 26 26 in
1294 1769 77 25 seiner
1386 1767 180 27 dichterischen
1580 1769 135 30 Ganzheit,
1737 1770 46 24 mit
1800 1769 74 25 allem
1888 1772 71 23 Ernst
1976 1770 78 25 seiner

1196 1807 142 36 Stimmung
1358 1806 51 26 und
1430 1805 196 27 Charakteristik
1646 1807 66 35 gibt,
1734 1808 82 29 nicht,
1838 1817 75 16 wenn
1934 1818 59 15 man
2012 1810 41 24 em

1196 1856 58 26 paar
1275 1845 147 32 „komische
1574 1845 186 36 herauspfliickt
1785 1844 42 27 fiir
1847 1846 47 25 den
1916 1846 138 27 lachtollen

1195 1885 84 26 Pobel.
1313 1888 29 22 Es
1366 1885 89 36 gehort
1479 1884 40 25 em
1541 1882 73 27 fester
1634 1883 52 27 und
1705 1883 151 38 kompletter
1870 1886 183 26 Kunstmensch

1195 1925 71 29 dazu,
1277 1934 44 16 urn
1332 1924 84 25 solche
1425 1922 124 26 Versuche
1561 1929 71 19 unter
1638 1923 137 36 Wahrung
1785 1923 59 25 aller
1856 1922 197 29 kiinstlerischen

1195 1964 99 25 Wiirde
1314 1963 198 25 durchzusetzen.
1543 1961 65 26 Aber
1626 1977 39 4 —
1684 1961 77 26 dieser
1778 1963 184 26 Kunstmensch
1983 1964 68 26 mufs

1195 2003 67 25 noch
1276 2003 66 24 eines
1356 2003 59 24 sein.
1440 2003 31 23 Er
1485 1999 67 27 mufs
1566 2015 38 5 —
1618 2009 24 17 es
1657 2001 57 25 thut
1728 2001 47 25 mir
1789 2001 57 30 leid,
1861 2001 57 26 aber
1933 2003 41 25 ich
1985 2002 68 27 kann

1195 2041 42 26 das
1251 2040 75 27 fatale
1340 2042 79 24 Wort
1432 2041 53 25 hier
1498 2039 70 25 nicht
1581 2040 125 35 umgehen
1727 2056 34 3 —
1783 2050 23 16 er
1823 2040 66 26 mufs
1909 2042 38 25 em
1963 2042 75 27 Schul-

1194 2081 98 25 meister
1305 2080 64 30 sein,
1391 2080 40 24 em
1445 2078 117 26 Erzieher.
1593 2079 80 26 Nicht
1691 2080 39 24 em
1745 2079 187 33 Schulmeister,
1952 2081 42 26 der
2011 2081 41 27 die

1193 2120 138 26 Menschen
1342 2119 116 29 meistert,
1470 2117 107 26 sondern
1588 2117 41 26 der
1640 2118 41 26 das
1690 2118 82 26 Werk
1781 2119 41 25 der
1830 2119 90 26 Schule
1931 2120 119 32 meistert,

1193 2158 70 27 nicht
1277 2159 76 30 einer,
1375 2158 42 25 der
1431 2155 65 38 pufFt
1514 2157 51 25 und
1580 2156 85 31 stofst,
1686 2157 108 26 sondern
1808 2158 42 26 der
1863 2158 97 33 weckt,
1981 2159 70 27 lockt

1194 2197 51 27 und
1265 2197 82 30 leitet,
1369 2197 68 26 nicht
1458 2197 78 29 einer,
1557 2196 43 26 der
1618 2197 74 25 allein
1706 2197 43 26 der
1762 2197 133 27 Wissende
1914 2199 52 26 sein
1985 2199 66 31 will,

1193 2236 106 27 sondern
1314 2236 42 27 der
1370 2236 39 26 die
1424 2236 106 26 anderen
1548 2245 31 16 zu
1592 2235 92 31 freien,
1702 2236 183 36 selbstandigen
1899 2238 152 26 Wissenden

1193 2277 105 25 machen
1309 2276 110 26 mochte.
1441 2275 42 26 Ich
1497 2274 64 27 habe
1572 2275 123 26 manchen
1703 2275 98 27 Redner
1811 2277 98 35 gehort,
1921 2277 42 25 der
1971 2279 79 30 Geist,

1193 2316 100 26 Wissen
1317 2315 52 26 und
1390 2313 169 38 Empfindung
1583 2314 98 26 nutzlos
1702 2315 214 31 verschwendete,
1941 2317 62 26 weil
2027 2327 26 17 er

1192 2354 73 27 keine
1283 2355 113 35 Ahnung
1414 2364 50 16 yon
1483 2353 41 26 der
1543 2354 122 26 Methode
1687 2355 67 25 einer
1772 2354 210 39 zweckmafsigen
2000 2359 35 25 Ge-

1193 2394 243 35 dankenmitteilung
1450 2394 76 25 hatte.
1554 2395 80 24 Unser
1651 2394 128 26 deutsches
1794 2394 137 27 Publikum
1949 2396 61 27 liebt
2027 2399 25 33 ja

1193 2434 55 26 sehr
1265 2434 39 25 die
1319 2435 121 34 Vortrage
1576 2433 54 26 cine
1644 2434 85 27 Sache.
1757 2435 31 24 Es
1809 2434 59 26 hort
1887 2434 75 28 lieber
1979 2436 73 26 einen

1193 2475 108 34 Vortrag
1436 2472 48 26 den
1504 2482 94 26 ganzen
1617 2473 108 30 Hebbel,
1748 2473 34 26 als
1802 2473 53 27 dafs
1876 2484 24 16 es
1919 2475 74 26 selbst
2012 2476 41 25 em

1193 2512 77 27 Stiick
1289 2512 60 27 oder
1368 2512 40 26 em
1427 2522 58 27 paar
1501 2512 122 26 Gedichte
1640 2522 52 17 yon
1712 2513 55 26 ihm
1785 2512 63 27 liest.
1876 2515 76 26 Nach
1971 2516 82 25 einem

1193 2552 103 26 solchen
1309 2551 103 27 Referat
1430 2551 68 27 kann
1518 2561 23 16 es
1560 2552 25 25 in
1600 2550 115 28 Zukunft
1734 2552 67 26 ohne
1821 2552 82 37 grofse
1917 2556 95 25 Kosten
2026 2556 27 24 in

1193 2593 71 24 Haus
1288 2592 54 25 und
1367 2589 164 28 Gesellschaft
1555 2591 197 31 theoretisieren,
1780 2593 53 25 und
1856 2593 44 26 das
1927 2594 57 27 thut
2010 2594 43 27 der

1193 2632 125 25 Deutsche
1342 2633 22 34 ja
1388 2631 67 26 doch
1476 2629 41 27 fiir
1537 2632 52 24 sein
1609 2630 82 26 Leben
1712 2641 67 26 gem.
1813 2633 48 26 Die
1882 2634 104 26 Vereine
2010 2644 43 16 zur

1193 2671 218 36 Popularisierung
1430 2671 41 25 der
1485 2672 82 24 Kunst
1585 2670 89 27 sollten
1692 2672 127 26 natiirlich
1838 2673 35 26 im
1888 2673 164 37 allgemeinen

1236 2867 0 0 309
