2575 3314
521 358 132 33 erwahnt,
669 358 64 28 dafs
747 358 75 28 Herr
835 359 108 27 A.yon
957 359 118 28 Werner
1095 358 74 28 wohl
1190 369 50 17 nur
1260 358 38 28 im
1314 358 77 27 Eifer

522 407 51 28 dcs
594 407 135 28 Gefechts
750 409 70 27 auch
842 409 60 27 dies
922 409 51 27 mit
994 409 190 38 abgeleugnet
1205 409 56 27 hat.

601 457 65 28 Wie
691 458 66 27 sehr
782 458 51 28 das
858 458 197 28 Handwerk
1078 458 56 28 bei
1162 458 60 27 der
1248 457 142 28 Reform

520 506 61 28 der
602 506 195 30 Akademie
818 508 99 28 betont
938 508 107 31 wurde,
1072 508 61 27 dies
1160 507 35 27 ist
1221 506 27 27 in
1270 507 51 27 der
1341 505 32 28 be-

519 556 122 28 kannten
663 557 82 28 Rede
772 558 50 27 dcs
843 558 139 27 Kurators
1006 557 48 27 bei
1081 557 51 27 der
1153 555 160 28 Aufnahme
1338 555 51 28 dcs

519 605 141 28 Ministers
676 606 148 38 Herzberg
842 607 73 33 1788
932 616 32 18 so
985 606 146 27 bestimmt
1152 604 235 37 ausgesprochen,

518 655 62 27 dafs
601 655 43 28 ich
665 655 105 38 fuglich
792 656 81 28 dafiir
894 655 51 28 auf
961 654 47 28 die
1022 654 214 28 Publikationen
1256 653 70 27 iiber
1342 652 46 27 die

516 704 159 29 Akademie
690 706 157 27 verweisen
860 705 82 27 kann.
975 703 135 37 Weniger
1123 703 125 27 bekannt
1262 702 64 27 sind
1341 701 47 28 die

516 754 73 28 oben
609 754 89 28 schon
713 754 163 28 erwahnten
897 753 147 37 „Eigenen
1259 750 128 32 Heinitz',

516 803 46 27 die
592 813 49 18 zur
667 803 90 27 Norm
788 803 42 27 fiir
862 802 46 28 die
936 801 194 28 Kommission
1159 801 45 27 bei
1236 801 51 26 der
1314 800 54 27 Aus-

514 853 151 36 arbeitung
700 853 51 26 dcs
785 861 92 18 neuen
911 850 109 28 Statuts
1056 848 158 36 (publiciert
1249 855 58 21 erst
1341 858 45 17 am

516 904 42 24 26.
567 901 102 37 Januar
681 901 84 36 1790)
776 901 157 37 aufgesetzt
941 899 123 28 wurden.
1092 897 72 27 Hier
1174 897 84 27 heifst
1270 907 40 17 es:
1324 897 62 31 „die

514 950 121 28 Absicht
644 950 51 27 der
700 950 162 27 Akademie
868 949 73 27 mufs
950 948 66 30 sein,
1030 947 25 36 1)
1063 947 56 27 den
1126 946 150 27 Kiinstlern
1285 945 101 28 durchs

513 999 253 28 Leben-Zeichnen
784 999 57 26 und
856 998 87 27 durch
961 997 47 27 die
1022 995 199 27 Lehrstunden
1235 994 52 27 alle
1301 994 70 27 Hilfs-

515 1047 97 32 mittel,
628 1046 90 29 soviel
732 1046 124 37 moglich
867 1044 222 38 ohnentgeltlich
1101 1055 32 16 zu
1144 1044 132 31 schaffen,
1292 1043 94 27 nicht

514 1096 82 28 aber
609 1106 37 17 zu
668 1095 68 28 viel
751 1095 107 28 Maler
873 1095 83 27 oder
971 1093 183 28 Bildhauer
1168 1093 217 30 anzuziehen,

514 1146 55 27 die
591 1145 74 27 dem
679 1144 118 28 Staate
819 1143 125 29 zuletzt
964 1143 109 28 nichts
1094 1145 124 25 niitzen
1241 1142 142 30 konnen;

513 1194 73 28 wohl
608 1195 69 26 aber
691 1193 227 38 Kupferstecher,
940 1192 111 28 Mahler
1072 1192 55 27 und
1143 1190 174 28 Modelleure
1338 1189 47 28 bei

514 1245 55 26 den
582 1240 802 39 PorzellanFabriquensowieauchDessinateure

513 1293 51 27 fur
585 1292 189 37 Fabriquen
802 1303 37 16 zu
1022 1305 39 4 —
1083 1286 209 39 hauptsachlich
1317 1288 68 27 aber

515 1342 46 27 die
574 1340 275 28 Handwerksschule
861 1350 32 17 so
906 1337 172 32 einzuleiten,
1092 1336 120 33 „damit
1223 1336 54 28 em
1287 1336 99 37 jeder

516 1391 32 27 in
569 1390 126 28 seinem
716 1390 85 27 Fach
826 1389 58 26 mit
911 1388 75 27 dem
1011 1385 283 38 Regelmafsigen
1318 1386 67 27 und

513 1439 189 28 Einfachen
724 1438 81 27 darin
826 1437 150 27 bekannt

593 1488 46 27 Ich
660 1488 74 27 habe
755 1486 60 28 also
837 1486 28 27 in
883 1485 86 37 jenen
989 1494 68 18 vom
1077 1484 138 28 Direktor
1236 1485 51 27 der
1309 1485 57 27 Aka-

514 1537 93 28 demie
632 1537 40 27 als
695 1535 139 33 „Gebilde
856 1535 107 27 meiner
987 1533 143 29 lebhaften
1337 1534 32 27 be-

514 1587 165 27 zeichneten
692 1585 104 27 Satzen
814 1593 52 18 nur
884 1583 265 37 nachgeschrieben,
1171 1593 57 17 was
1243 1583 142 27 Friedrich

514 1636 50 26 der
586 1634 105 28 Grofse
712 1633 186 37 angeordnet,
925 1634 58 27 und
1007 1643 58 18 was
1090 1633 52 28 der
1165 1632 221 28 Staatsminister

514 1684 74 27 Frhr.
614 1694 27 17 v.
664 1682 113 27 Heinitz
803 1682 50 27 auf
875 1682 47 28 die
948 1682 108 29 Ordres
1083 1683 57 28 und
1165 1682 72 28 nach
1264 1682 55 27 den
1345 1681 26 29 In-

513 1733 146 28 tentionen
679 1732 92 27 seines
791 1731 111 38 Konigs
923 1732 60 28 hier
1007 1733 58 27 und
1091 1742 36 17 an
1152 1732 107 27 andern
1280 1730 105 29 Stellen

513 1781 163 38 ausgefuhrt
696 1781 54 27 hat.
780 1781 53 28 Mit
848 1781 93 28 Herrn
955 1782 97 27 Anton
1063 1791 58 17 yon
1131 1780 121 27 Werner
1262 1780 122 28 brauche

514 1831 44 27 ich
575 1831 88 27 daher
684 1831 75 27 nicht
779 1832 99 26 weiter
898 1831 80 28 mehr
998 1829 201 29 abzurechnen.
1242 1828 53 27 Urn
1317 1830 68 27 aber

514 1880 94 27 dieser
627 1880 52 27 mir
696 1880 259 37 aufgezwungenen
968 1879 128 28 Polemik
1115 1877 83 28 einen
1215 1877 170 39 lebendigen

513 1928 151 28 Abschlufs
679 1939 33 16 zu
727 1928 101 38 geben,
844 1939 104 27 mogen
961 1929 61 27 hier
1037 1938 61 17 zum
1112 1926 110 28 Schlufs
1238 1927 46 27 die
1299 1927 68 28 denk-

1470 356 154 37 wiirdigen,
1652 356 27 27 in
1700 356 56 28 den
1777 355 96 28 Akten
1895 354 167 28 verlorenen
2083 354 99 27 Worte
2207 354 50 27 dcs
2278 353 64 27 Frh.

1469 415 59 18 yon
1556 405 112 27 Heinitz
1696 405 82 27 einen
1806 404 73 27 Platz
1910 404 106 32 finden,
2047 403 59 32 die,
2138 412 55 18 vor
2222 402 121 27 hundert

1466 455 104 36 Jahren
1583 453 293 39 niedergeschrieben,
1892 453 72 27 noch
1978 453 85 26 heute
2078 452 60 27 ihre
2151 450 75 29 voile
2240 450 88 37 Giltig-

1468 504 60 27 keit
1562 503 99 28 haben.
1715 503 30 27 In
1782 503 92 27 einem
1908 500 234 28 Denkschreiben
2176 510 35 17 an
2245 499 97 37 Konig

1469 553 143 27 Friedrich
1625 552 131 28 Wilhelm
1773 552 29 27 11.
1823 561 68 18 vom
1915 559 43 18 20.
1977 550 68 27 Dez.
2064 557 72 28 1797
2155 548 106 37 spricht
2282 548 59 27 sich

1470 602 51 28 der
1535 602 103 37 grofse,
1661 602 28 27 in
1710 602 51 27 der
1774 599 102 29 Schule
1896 598 161 28 Friedrichs
2077 597 144 38 gebildete
2234 597 91 27 Staats-

1469 661 94 21 mann,
1590 650 40 28 als
1658 651 103 27 dessen
1787 648 116 29 Schuler
1930 648 58 27 sich
2014 647 128 28 Freiherr
2167 657 66 17 vom
2260 646 80 27 Stein

1469 700 127 27 dankbar
1614 700 131 31 bekennt,
1760 699 69 27 iiber
1849 698 78 28 seine
1947 696 175 39 bisherige
2144 695 196 37 Thatigkeit

1468 748 47 28 als
1536 749 147 27 Kurator
1703 749 52 27 der
1769 746 160 30 Akademie
1951 746 27 27 in
1999 746 149 37 folgender
2162 745 98 27 Weise
2282 754 56 18 aus.

1467 797 68 28 Sein
1548 798 136 27 Absehen
1697 797 47 27 bei
1758 796 93 28 seiner
1865 796 168 37 Thatigkeit
2046 795 41 27 sei
2102 794 37 28 im
2154 793 184 37 allgemeinen

1467 856 144 27 gewesen,
1647 846 111 32 „nicht
1799 844 133 29 sowohl
1970 844 113 27 lauter
2122 842 215 37 eigentliche

1467 895 163 28 Kiinstler
1662 895 57 37 (als
1750 894 133 28 Mahler
1914 893 72 36 etc.)
2019 892 108 28 durch
2158 892 55 27 die
2248 892 67 26 Aka-

1467 944 114 27 demie
1622 945 210 27 anzuziehen
1867 942 88 37 (weil
1996 942 105 27 deren
2142 951 37 16 zu
2220 940 117 38 grofse

1465 992 81 27 Zahl
1564 993 73 27 dem
1652 992 106 32 Staat,
1774 993 61 27 der
1851 992 42 27 sic
1911 991 91 28 nicht
2020 989 64 28 alle
2098 989 239 37 beschaftigen

1465 1042 66 26 und
1557 1042 167 28 ernahren
1748 1042 102 30 kann,
1873 1041 41 26 im
1936 1039 137 28 Grunde
2099 1039 92 27 mehr
2218 1039 99 27 schad-

1465 1090 63 28 lich
1564 1091 49 27 als
1647 1090 149 28 niitzlich
1831 1089 65 38 ist),
1934 1089 122 27 sondern
2094 1088 46 28 die
2175 1088 160 27 Akademie

1465 1139 209 38 hauptsachlich
1712 1150 46 17 zur
1797 1139 200 38 Pflegemutter
2035 1138 58 27 und
2131 1136 206 28 Beforderin

1465 1189 60 28 dcs
1555 1196 107 31 guten
1694 1188 257 29 Geschmackes
1983 1187 33 27 in
2053 1185 90 28 alien
2163 1185 174 28 Branchen

1465 1238 59 28 der
1554 1237 347 31 Nationalindustrie,
1938 1237 46 27 die
2016 1236 27 27 in
2073 1235 79 27 ihren
2183 1234 152 28 Fabricatis

1465 1288 87 28 durch
1572 1288 191 38 Anwendung
1787 1286 219 38 regelmassiger
2031 1284 200 36 Zeichnungen
2258 1283 77 27 einer

1465 1336 205 39 Verschonung
1704 1337 56 27 und
1792 1335 292 35 Vervollkommnung
2117 1332 78 38 fahig
2227 1332 45 32 ist,
2304 1343 32 16 zu

1464 1387 125 32 machen,
1610 1397 47 17 urn
1675 1386 124 28 dadurch
1820 1386 51 27 der
1891 1381 268 31 Nationalindustrie
2180 1381 63 27 cine
2264 1392 72 16 neve

1464 1435 216 38 Schwungkraft
1708 1446 33 16 zu
1768 1435 104 36 geben:
1905 1432 87 29 damit
2023 1431 60 27 ihre
2110 1431 141 27 Produkte
2278 1431 58 27 und

1465 1484 265 38 geschmackvollen
1745 1482 139 28 Arbeiten
1901 1482 82 36 jeder
1997 1481 61 31 Art,
2074 1480 56 28 den
2144 1479 188 37 auswartigen

1465 1534 74 27 nicht
1564 1535 92 26 ferner
1681 1532 185 31 nachstehen,
1896 1530 56 28 und
1983 1528 264 37 solchergestalt
2275 1529 61 27 das

1465 1583 169 27 Interesse
1661 1582 58 26 der
1740 1580 110 27 Kunst
1877 1579 51 27 mit
1953 1579 73 26 dem
2053 1577 160 37 ungleich
2237 1578 79 26 wich-

1465 1632 115 36 tigern
1614 1631 59 26 dcs
1708 1628 303 29 Staatsinteresses
2047 1637 36 16 zu

1464 1682 29 27 In
1512 1680 97 29 semen
1630 1678 143 29 einzelnen
1788 1676 195 37 Vorschlagen
1996 1675 126 28 wiinscht
2143 1676 51 27 der
2207 1674 130 28 Minister

1465 1731 69 32 „die
1555 1729 125 29 nahere
1694 1728 221 36 Verbindung
1935 1726 57 28 der
2011 1735 39 18 an
2068 1725 54 28 die
2136 1725 107 27 Kunst
2264 1724 69 27 sich

1465 1778 294 29 anschliefsenden
1774 1776 246 30 Handwerker,
2036 1785 46 17 urn
2100 1774 50 28 sic
2169 1784 36 17 zu
2225 1779 90 22 unter-

1468 1833 143 28 stiitzen,
1642 1827 102 28 theils
1774 1827 81 27 aber
1885 1826 84 27 auch
2000 1834 51 18 urn
2083 1824 47 27 sic
2162 1834 64 16 yon
2258 1823 74 27 dem

1466 1878 225 31 schadlichen,
1714 1877 57 28 die
1791 1874 170 29 Industrie
1983 1872 330 29 darniederdrucken-

1465 1929 61 26 den
1553 1927 335 34 Handwerkszwang
1916 1934 36 16 zu
2176 1937 39 3 —

2142 1970 41 28 W.
2205 1970 88 27 Bode.

1408 3250 0 0 328
