2575 3314
246 1231 103 27 iiberaus
365 1241 72 26 regen
452 1231 121 36 geistigen
586 1230 90 27 Lebens
691 1230 83 27 bildet.
799 1233 29 24 Es
840 1241 69 17 ware
920 1233 52 25 cine
984 1232 124 27 niitzliche

246 1269 116 38 Aufgabe
389 1265 42 31 Fiir
459 1270 71 25 einen
553 1269 286 31 Nationalokonomen,
867 1270 40 26 die
922 1270 186 27 Wirksamkeit

246 1310 78 25 dieser
338 1308 198 28 Gesellschaften
552 1308 90 26 einmal
659 1309 25 25 in
699 1309 67 26 einer
780 1309 147 36 lebendigen
943 1310 166 36 Schilderung

247 1348 173 26 darzustellen.

668 1393 20 24 *

307 1466 47 25 Die
377 1466 163 26 Patriotische
565 1464 167 28 Gesellschaft
756 1465 66 26 stellt
851 1466 25 25 in
901 1465 132 36 Hamburg
1061 1466 48 26 den

247 1505 270 26 hochstentwickelten
528 1507 84 35 Typus
622 1505 42 26 der
672 1506 168 35 Vereinigung
854 1506 104 35 privater
971 1506 85 24 Krafte
1068 1504 41 27 fiir

247 1544 40 25 die
298 1544 143 36 Forderung
451 1545 41 26 dcs
504 1544 164 27 ofFentlichen
674 1545 110 26 Wohles
796 1545 49 26 dar.
860 1545 89 26 Neben
961 1545 39 25 ihr
1011 1544 98 26 wirken

308 1702 64 24 Was
387 1700 26 26 in
427 1701 133 36 Hamburg
575 1700 40 27 fiir
630 1702 39 25 die
680 1702 79 36 Pflege
774 1702 41 26 der
830 1702 131 26 bildenden
971 1705 82 23 Kunst
1068 1711 29 25 ge-

249 1739 105 26 schehen
369 1740 42 30 ist,
433 1740 60 35 geht
510 1741 27 25 in
555 1741 84 25 letzter
653 1741 71 25 Linie
739 1741 119 27 ebenfalls
874 1740 49 27 auf
933 1742 39 25 die
986 1741 124 26 Initiative

250 1788 50 16 yon
315 1778 166 27 Privatleuten
495 1779 100 26 zuriick.

309 1819 53 24 Fast
372 1818 40 25 em
418 1818 169 33 Jahrhundert
598 1818 283 37 solcherßestrebungen
893 1821 60 35 liegt
965 1830 52 16 nun
1029 1820 82 25 hinter

250 1866 54 22 uns,
326 1866 51 17 yon
399 1858 152 25 Generation
571 1866 30 16 zu
620 1859 153 24 Generation
794 1860 87 25 wurde
901 1860 40 25 das
963 1861 147 34 Begonnene

456 1896 51 26 und
522 1898 84 24 Neves
621 1895 154 37 geschafFen,
791 1897 65 27 derm
871 1899 73 34 stetig
958 1899 85 25 thaten
1057 1897 53 26 sich

249 1945 63 16 neve
326 1935 68 26 Ziele
408 1934 52 31 auf,
476 1935 72 26 deren
560 1936 113 35 logische
683 1935 166 38 Reihenfolge
863 1937 98 27 freilich
976 1944 47 19 erst
1036 1937 74 26 heute

250 1974 56 25 dem
325 1974 219 27 riickschauenden
563 1974 69 27 Blick
647 1974 128 37 sinnfallig
789 1976 74 27 wird.

308 2015 37 24 Im
369 2020 77 19 ersten
466 2015 132 33 Jahrzehnt
620 2015 111 26 erschien
756 2010 57 31 dem
837 2016 93 26 Genius
952 2015 39 27 dcs
1011 2016 42 26 Ph.
1076 2016 33 25 O.

249 2054 107 34 Runge
377 2053 43 26 der
434 2053 85 26 Boden
540 2055 101 34 giinstig
662 2053 41 27 fiir
723 2054 39 26 die
776 2055 182 36 Entwicklung
973 2056 42 25 der
1029 2064 78 16 neuen

249 2093 93 29 Kunst,
363 2092 39 25 die
421 2102 24 15 er
463 2103 164 25 voraussagen
648 2092 107 31 konnte,
772 2094 60 25 weil
852 2104 25 16 er
891 2095 33 25 sic
940 2095 24 24 in
979 2094 52 26 sich
1046 2101 62 27 trug.

249 2132 31 24 Er
301 2131 89 26 wollte
410 2131 73 25 keine
504 2131 138 26 Akademie
666 2132 127 35 griinden,
818 2134 107 25 sondern
950 2134 53 25 cine
1028 2131 81 38 grofse

248 2169 151 30 Werkstatt,
415 2169 25 25 in
452 2169 41 26 der
505 2169 47 26 alle
566 2169 197 28 kiinstlerischen
771 2171 134 37 Aufgaben
917 2173 35 25 bis
963 2182 29 16 zu
1001 2174 107 34 Tapeten

249 2209 51 26 und
320 2208 194 27 Nadelarbeiten
532 2208 147 36 ausgefiihrt
698 2210 101 25 werden
818 2211 96 26 sollten.
944 2212 47 25 Die
1011 2212 84 34 Kriegs-

248 2249 79 25 zeiten
347 2247 53 27 und
421 2248 51 26 sein
493 2246 85 27 friiher
591 2247 57 26 Tod
671 2264 33 3 —
731 2249 30 26 i8
771 2258 7 16 I
786 2258 16 16 o
827 2266 34 3 —
877 2251 173 26 verhinderten
1070 2249 39 25 die

248 2286 174 37 Ausfiihrung.

307 2329 37 23 Im
356 2327 70 34 Jahre
446 2337 7 15 i
464 2326 29 26 8i
503 2326 12 26 8
537 2326 67 25 hatte
622 2325 53 26 sich
694 2326 38 25 die
748 2326 69 26 Stadt
832 2329 93 25 soweit
940 2329 92 30 erholt,
1055 2326 53 27 dafs

248 2365 185 27 Kunstfreunde
447 2375 28 16 zu
488 2366 176 35 gegenseitiger
676 2368 138 33 Anregung
825 2368 51 25 und
887 2368 138 35 Belehrung
1037 2373 71 20 unter

248 2407 109 24 Harzens
372 2406 95 35 Aegide
482 2406 47 25 den
543 2412 77 19 ersten
636 2406 164 25 Kunstverein
816 2406 176 35 begriindeten.

307 2446 59 25 Yon
391 2445 30 26 i8
430 2456 10 15 z
449 2456 11 15 2
478 2455 32 16 an
524 2451 47 20 trat
586 2445 77 25 dieser
677 2445 164 26 Kunstverein
856 2446 25 25 in
896 2446 52 26 cine
963 2444 145 28 offentliche

247 2483 186 27 Wirksamkeit
447 2485 47 25 em.
520 2484 202 36 Ausstellungen,
738 2484 172 37 Verlosungen
924 2485 52 26 und
991 2485 38 25 die
1044 2484 48 24 Her-

247 2523 108 36 stellung
370 2534 48 15 yon
434 2524 206 26 Vereinsblattern
655 2523 108 27 bildeten
777 2524 65 26 seine
857 2531 77 19 ersten
949 2523 73 26 Ziele.

306 2565 87 33 Gegen
413 2563 70 36 1840
499 2563 88 26 wurde
601 2563 42 26 das
656 2562 271 38 Kupferstichkabinet,
942 2572 77 25 gegen
1036 2561 69 33 1850

248 2600 40 27 die
303 2601 212 36 Gemaldegalerie
530 2603 144 35 gegriindet.
707 2605 82 24 Kaum
808 2603 61 25 zehn
881 2602 71 32 Jahre
971 2603 79 32 spiiter
1063 2608 29 25 ge-

247 2640 108 26 schahen
377 2641 39 25 die
435 2648 79 18 ersten
528 2643 104 24 Schritte
651 2652 57 15 zum
723 2644 51 23 Bau
788 2642 64 24 eines
869 2639 162 27 ofFentlichen
1045 2639 41 23 Mu-

247 2689 94 21 seums,
364 2679 41 26 das
422 2680 38 25 die
478 2681 177 35 gesammelten
669 2682 101 24 Schiitze
785 2678 152 27 aufnehmen
952 2677 84 29 sollte,
1052 2675 53 26 und

1133 1643 40 24 111.

1188 1230 137 27 zahlreiche
1332 1227 103 28 Vereine
1450 1224 51 27 und
1516 1221 195 28 Gesellschaften
1725 1222 41 27 fiir
1781 1223 133 28 besondere
1930 1227 117 32 Zwecke,

1190 1271 50 25 und
1259 1268 104 27 dariiber
1385 1266 88 27 hinaus
1491 1262 104 27 bemiiht
1613 1262 53 26 sich
1684 1261 42 27 der
1744 1264 162 26 Gemeinsinn
1927 1265 39 27 dcs
1987 1268 45 25 Ein-

1189 1310 96 29 zelnen,
1307 1306 134 27 erkannten
1457 1301 170 28 Bediirfnissen
1648 1300 154 29 abzuhelfen.
1831 1304 103 25 Zahllos
1957 1305 31 26 ist
2009 1306 39 26 die

1189 1348 78 27 Reihe
1285 1347 42 25 der
1346 1343 91 28 milden
1452 1341 157 35 Stiftungen,
1630 1339 40 26 die
1685 1340 65 25 alien
1764 1340 141 28 denkbaren
1921 1344 127 27 Zwecken

1189 1388 88 26 dienen
1293 1384 50 28 und
1358 1393 57 17 zum
1428 1382 53 27 Teil
1496 1381 27 25 in
1537 1379 68 26 feme
1620 1379 118 36 Epochen
1752 1380 201 28 zuriickreichen.
1974 1385 30 24 Es
2016 1385 32 25 ist

1190 1423 171 30 bezeichnend,
1376 1421 53 27 dafs
1445 1420 38 27 die
1494 1419 93 26 Palaste
1601 1418 42 25 der
1657 1418 94 25 milden
1763 1418 144 37 Stiftungen
1922 1421 60 27 aller
1992 1424 55 29 Art,

1190 1465 39 27 die
1240 1466 40 25 hie
1292 1464 50 26 und
1354 1462 31 26 da
1396 1470 91 27 ganzen
1496 1456 172 28 Stadtvierteln
1679 1457 48 25 den
1736 1458 137 27 Charakter
1882 1459 165 33 aufdriicken,

1189 1505 51 26 ems
1255 1504 42 26 der
1311 1498 182 38 Hauptgebiete
1507 1497 42 25 der
1562 1497 204 25 monumentalen
1783 1497 128 27 Baukunst
1926 1499 26 26 in
1967 1502 61 25 Ham-

1189 1544 63 35 burg
1266 1541 156 28 ausmachen.

1190 1698 92 27 wieder
1301 1696 61 27 zehn
1379 1695 70 33 Jahre
1468 1698 91 30 spater,
1583 1690 87 34 1869,
1688 1691 88 26 wurde
1791 1692 39 25 die
1844 1695 151 27 Kunsthalle
2010 1706 25 16 er-

1190 1736 87 31 ofFnet,
1292 1745 30 17 zu
1337 1734 73 27 deren
1421 1730 132 35 Erbauung
1567 1739 52 16 nun
1634 1730 79 26 schon
1727 1730 43 26 der
1784 1733 67 24 Staat
1865 1734 72 25 einen
1948 1735 99 37 Beitrag

1190 1777 114 35 gewahrt
1317 1775 67 26 hatte
1400 1771 50 27 und
1465 1770 72 25 deren
1550 1768 166 37 Verwaltung
1731 1779 24 16 er
1770 1769 144 29 iibernahm.

1248 1818 49 23 Das
1312 1823 54 17 war
1380 1813 38 25 em
1434 1809 60 30 Ziel,
1510 1808 83 25 dessen
1609 1808 154 36 Erreichung
1777 1809 47 26 den
1836 1811 159 35 Begriindern
2004 1814 42 26 dcs

1189 1854 189 29 Kunstvereins,
1394 1850 38 27 die
1446 1848 66 26 doch
1527 1856 29 16 zu
1571 1846 105 26 alledem
1691 1846 46 27 den
1753 1849 88 25 Grund
1855 1850 83 36 gelegt
1952 1851 94 33 hatten,

1189 1894 50 27 wie
1253 1894 39 25 em
1310 1890 118 29 Mlirchen
1443 1886 138 27 erschienen
1595 1895 75 17 ware.

1246 1933 44 26 Als
1305 1931 41 26 das
1361 1938 61 17 neve
1433 1925 119 29 Gebaude
1566 1924 109 36 bezogen
1685 1925 97 32 wurde,
1798 1927 138 35 griindeten
1952 1932 81 34 patrio-

1190 1972 76 27 tische
1278 1972 104 24 Manner
1392 1967 47 26 den
1450 1965 88 26 Verein
1549 1973 50 16 yon
1612 1963 203 29 Kunstfreunden
1827 1977 51 16 yon
1894 1968 81 35 1870,
1991 1971 55 25 cine

1189 2014 159 29 Fortsetzung
1359 2007 41 25 dcs
1411 2005 45 26 seit
1467 2004 71 25 mehr
1549 2003 34 25 als
1595 2004 81 25 einem
1686 2005 131 32 Jahrzehnt
1829 2007 90 26 vorher
1934 2009 113 36 thatigen

1189 2048 173 28 Privatvereins
1378 2054 49 17 yon
1439 2040 212 33 Kunstfreunden,
1663 2043 41 26 der
1718 2054 23 16 es
1757 2044 52 27 sich
1823 2055 43 16 zur
1877 2046 117 37 Aufgabe
2005 2060 28 25 ge-

1189 2087 63 28 stellt
1267 2087 51 29 hat,
1330 2085 39 25 die
1380 2082 83 27 Mittd
1475 2081 41 26 fiir
1529 2081 39 25 die
1580 2080 112 38 Stiftung
1703 2082 211 39 hervorragender
1925 2089 122 26 Gemalde

1188 2127 50 27 und
1253 2125 150 35 Skulpturen
1418 2130 56 18 zum
1488 2120 131 27 Geschenk
1634 2131 31 16 an
1680 2121 42 27 das
1737 2124 120 26 Museum
1871 2135 31 16 zu
1916 2128 130 27 sammeln.

1187 2169 53 23 Erst
1258 2160 225 36 fiinfundzwanzig
1498 2160 70 33 Jahre
1587 2167 79 30 spater
1683 2162 88 25 wurde
1789 2163 26 25 in
1831 2164 80 26 Berlin
1930 2166 39 26 em
1985 2168 47 25 ahn-

1187 2205 76 26 licher
1271 2203 90 26 Verein
1373 2210 41 16 zur
1424 2199 141 36 Forderung
1576 2199 41 26 der
1628 2200 67 26 Ziele
1706 2200 40 26 dcs
1754 2203 131 26 Museums
1895 2203 60 28 alter
1967 2208 80 25 Kunst

1188 2242 143 38 gegriindet,
1346 2240 53 26 und
1413 2249 23 15 es
1456 2239 102 35 gehorte
1573 2239 56 25 dort
1649 2239 39 26 die
1708 2242 129 26 Autoritat
1856 2243 65 27 eines
1941 2246 106 27 Mannes

1187 2284 50 25 wie
1252 2281 67 27 Bode
1334 2280 74 28 dazu,
1423 2278 50 25 dies
1489 2278 112 26 Resultat
1616 2288 28 16 zu
1660 2280 133 27 erreichen.

1246 2323 31 24 So
1295 2330 55 16 war
1363 2319 26 25 in
1405 2317 130 35 Hamburg
1550 2327 51 16 yon
1616 2319 186 36 weitsichtigen
1817 2322 168 28 Privatleuten
2005 2325 43 27 das

1186 2363 118 23 Museum
1318 2358 43 26 der
1374 2357 70 27 Stadt
1459 2357 137 35 begriindet
1610 2358 53 25 und
1682 2359 158 28 entwickelt.
1868 2363 62 25 Wie
1950 2363 89 28 immer

1187 2409 75 16 wenn
1273 2398 39 26 em
1324 2397 52 27 Ziel
1391 2397 103 26 erreicht
1511 2397 42 30 ist,
1568 2403 48 20 trat
1632 2397 53 27 cine
1693 2399 217 39 Verlangsamung
1925 2402 40 26 dcs
1977 2406 57 25 Fort-

1186 2439 110 25 schrittes
1309 2437 47 26 em.
1373 2436 65 27 Aber
1452 2435 103 27 diesmal
1570 2446 46 16 nur
1631 2435 40 28 fiir
1687 2437 73 27 kurze
1772 2440 62 26 Zeit.
1847 2443 65 24 Was
1925 2444 63 26 nach
1999 2444 48 28 den

1185 2477 173 35 zehnjahrigen
1373 2478 110 34 Etappen
1500 2485 44 17 urn
1564 2476 70 35 1870
1650 2487 30 15 zu
1701 2485 123 20 erwarten
1839 2490 116 27 gewesen
1969 2494 78 22 ware,

1185 2524 47 18 trat
1252 2516 69 27 1886
1339 2516 48 30 em,
1403 2515 40 26 die
1457 2516 210 35 Reorganisation
1682 2517 41 26 dcs
1738 2528 80 17 neuen
1833 2522 120 27 Instituts.

1243 2557 29 24 Es
1290 2555 89 25 wurde
1399 2564 51 16 yon
1466 2554 43 26 der
1526 2556 167 36 Verwaltung
1712 2567 47 27 eng
1778 2568 31 16 an
1829 2560 47 28 den
1894 2562 153 28 heimischen

1185 2595 85 26 Boden
1284 2595 196 35 angeschlossen.
1499 2595 60 25 Eine
1574 2595 146 38 Sammlung
1735 2598 88 27 alterer
1834 2601 214 35 Hamburgischer

1184 2634 100 26 Meister
1306 2634 87 26 wurde
1419 2634 137 35 begriindet
1582 2635 51 26 und
1655 2645 31 17 zu
1708 2639 173 28 ansehnlicher
1902 2642 145 37 Bedeutung

1185 2673 159 32 entwickelt,
1373 2674 53 26 cine
1456 2674 147 37 Sammlung
1627 2675 216 39 Hamburgischer
1872 2683 102 25 Meister
2006 2683 40 26 dcs

275 1159 18 14 A.
308 1158 112 18 SIEBELIST,
434 1158 70 14 HAFEN

1226 2869 0 0 319
