2964 4079
563 3668 68 35 LA
658 3659 119 46 CITÉ

1560 3673 66 37 176

2377 3677 111 45 JUIN
2519 3680 79 33 1921

752 413 35 44 Il
813 425 64 30 est
904 417 93 38 vrai
1026 430 84 34 que
1138 414 41 42 la
1210 414 199 42 dernière
1438 416 179 47 couche,
1650 420 142 38 moins
1822 433 187 35 poreuse
2039 429 42 29 et
2110 419 96 49 plus
2236 419 101 46 fine,
2371 423 194 45 pourrait

620 484 268 50 s'appliquer
915 501 101 25 sans
1043 487 312 39 inconvénient
1382 489 128 47 après
1540 487 273 42 l'extraction
1844 488 56 42 de
1926 487 116 42 l'eau
2072 489 78 40 des
2179 490 171 41 enduits
2380 490 61 41 les
2469 490 96 50 plus

621 557 206 47 grossiers
853 566 42 31 et
919 555 383 42 naturellememnt
1326 556 97 51 plus
1449 574 181 33 poreux.
1661 558 105 41 Cela
1794 576 54 24 ne
1876 559 129 41 ferait
2030 576 85 33 que
2142 560 212 42 favoriser
2380 562 41 40 la
2450 565 92 46 rapi-

623 627 90 41 dité
753 627 57 40 de
848 626 322 50 l'évaporation
1210 639 43 31 et
1293 627 57 41 de
1387 627 275 44 l'extraction
1702 632 109 38 mais
1851 629 27 41 il
1919 646 29 33 y
1987 633 139 39 aurait
2165 635 219 46 peut-être
2424 635 141 38 moins

621 696 359 51 d'homogénéité
1005 707 123 32 entre
1152 697 62 42 les
1237 698 188 42 couches
1450 702 234 39 anciennes
1709 700 148 41 sèches
1883 712 43 31 et
1951 700 41 41 la
2017 701 207 42 nouvelle
2246 701 98 51 plus
2368 702 193 42 humide.

743 778 63 41 La
835 781 189 47 réponse
1054 781 26 39 à
1109 790 115 30 cette
1255 783 200 47 question
1486 798 57 25 ne
1571 794 104 38 peut
1704 785 91 38 être
1827 783 177 41 donnée
2034 801 84 32 que
2149 801 78 33 par
2259 784 301 50 l'expérience.

618 847 94 43 Elle
738 860 64 30 est
828 852 25 38 à
881 853 155 46 portée
1062 850 59 41 de
1148 862 95 31 tout
1269 854 210 47 praticien
1509 853 295 41 observateur.

1565 1024 62 43 IV

749 1150 180 42 Partant
952 1151 59 41 du
1033 1154 196 48 principe
1251 1151 104 51 déjà
1377 1155 83 38 cité
1490 1169 9 25 :
1524 1168 84 36 que
1630 1152 43 42 la
1694 1152 239 51 capillarité
1955 1169 28 26 a
2002 1169 82 26 son
2105 1154 242 43 maximum
2370 1155 196 43 d'action

620 1220 61 42 du
708 1221 101 41 côté
834 1220 42 42 le
903 1221 98 51 plus
1029 1222 134 50 froid,
1192 1222 23 41 Y
1223 1223 237 43 utilisation
1491 1223 77 41 des
1597 1223 183 51 plaques
1808 1239 170 26 creuses
2006 1236 241 32 contenant
2275 1243 58 24 un
2363 1227 203 50 mélange

618 1291 259 51 réfrigérant
902 1309 55 25 ou
982 1293 78 41 des
1079 1302 206 33 courants
1309 1293 112 42 d'air
1443 1293 139 43 froids
1601 1295 209 41 circulant
1832 1306 122 30 entre
1976 1295 60 41 les
2058 1313 236 33 panneaux
2317 1307 42 31 et
2384 1314 156 33 rappro-

618 1361 102 42 chés
747 1362 78 42 des
849 1380 119 24 murs
992 1379 235 26 nouveaux
1253 1381 58 24 ou
1336 1364 78 42 des
1440 1364 173 42 enduits
1638 1366 354 42 nouvellemeent
2017 1368 241 49 appliqués,
2288 1368 94 41 fera
2409 1368 133 41 s'exté-

619 1432 172 42 rioriser
823 1447 100 28 vers
957 1434 43 42 la
1034 1434 127 50 paroi
1196 1434 209 43 refroidie
1441 1436 245 41 l'humidité
1724 1437 79 40 des
1839 1454 116 24 murs
1993 1437 125 42 neufs
2153 1455 55 24 en
2245 1438 259 51 l'obligeant
2539 1442 26 37 à

617 1506 163 39 suinter
806 1505 77 40 des
905 1519 132 36 pores
1061 1505 56 42 de
1142 1505 112 42 leurs
1278 1505 184 43 enduits.

748 1585 125 41 Cette
903 1589 242 38 extraction
1175 1603 45 24 se
1248 1587 210 49 produira
1489 1588 110 41 dans
1629 1589 61 40 les
1719 1587 159 42 locaux
1907 1589 160 41 fermés
2094 1606 101 24 sans
2224 1606 254 35 provoquer
2507 1591 58 41 de

616 1658 275 40 contraction
915 1656 78 42 des
1015 1673 131 34 pores
1168 1660 43 39 ni
1236 1658 56 41 de
1315 1658 228 50 faïençage
1568 1659 78 41 des
1668 1659 185 48 enduits,
1878 1676 81 34 par
1980 1658 294 44 l'évacuation
2298 1662 200 41 normale
2519 1670 47 34 et

618 1726 212 42 naturelle
855 1728 57 40 de
936 1737 122 32 toute
1081 1728 114 42 l'eau
1217 1739 218 31 contenue
1460 1730 110 40 dans
1595 1729 62 42 les
1681 1732 254 40 matériaux.
1963 1730 66 42 En
2055 1741 136 37 outre,
2219 1732 40 41 le
2285 1748 97 25 mur
2405 1732 134 52 échap-

616 1812 107 36 pera
746 1801 27 38 à
797 1799 41 40 la
863 1798 173 42 brutale
1056 1802 148 39 action
1229 1799 56 42 de
1309 1803 234 38 rétraction
1570 1801 57 40 de
1649 1818 82 25 son
1757 1803 179 41 mortier
1959 1812 46 31 et
2028 1802 58 42 de
2109 1818 70 25 ses
2201 1803 186 46 enduits,
2414 1818 82 35 par
2518 1801 45 44 la

618 1867 187 42 chaleur.

749 1938 121 42 Dans
891 1940 40 40 la
952 1943 212 47 pratique,
1189 1958 57 24 on
1267 1958 45 24 se
1333 1952 87 30 sert
1443 1942 55 40 de
1517 1959 235 32 panneaux
1773 1944 278 49 réfrigérants
2072 1961 54 24 en
2148 1944 88 41 tôle
2259 1945 304 40 d'aluminium

620 2008 204 47 ondulée,
853 2009 180 50 glissant
1059 2026 70 25 sur
1159 2011 77 40 des
1266 2012 174 50 tringles
1469 2013 239 45 verticales,
1740 2025 200 39 pouvant
1969 2018 91 37 être
2089 2015 136 40 fixées
2255 2018 25 37 à
2310 2015 41 41 la
2379 2015 184 42 hauteur

618 2078 106 42 utile
741 2097 81 33 par
842 2081 78 40 des
938 2091 172 40 taquets
1131 2082 174 46 d'arrêt,
1330 2083 267 49 rapprochés
1616 2087 363 38 successivement
2001 2085 56 41 de
2076 2085 42 41 la
2138 2086 171 40 surface
2331 2086 77 41 des
2429 2103 130 28 murs,

618 2161 43 31 et
686 2149 205 52 déplacés
917 2151 153 50 depuis
1092 2152 41 41 le
1154 2152 189 51 plafond
1366 2154 172 49 jusqu'à
1563 2154 40 40 la
1627 2154 117 42 base.

749 2221 52 41 Ils
821 2234 149 31 seront
987 2226 163 38 arrêtés
1170 2227 26 37 à
1215 2224 168 50 chaque
1404 2225 322 48 emplacement
1747 2226 198 50 pendant
1966 2226 39 41 le
2027 2237 141 39 temps
2189 2230 241 39 nécessaire
2448 2244 114 34 pour

619 2291 172 42 obtenir
819 2292 272 43 l'extraction
1117 2311 54 24 au
1200 2294 133 50 degré
1361 2295 145 40 voulu.

748 2362 61 41 Le
838 2363 135 50 froid,
1006 2380 50 25 ce
1086 2366 195 48 puissant
1312 2365 167 42 facteur
1511 2366 60 42 du
1601 2366 219 42 bien-être
1853 2368 226 45 moderne,
2116 2379 106 39 peut
2253 2369 308 43 actuellement

617 2435 91 38 être
743 2433 181 50 produit
959 2445 190 38 partout,
1191 2436 111 41 dans
1338 2436 77 40 des
1451 2436 249 43 conditions
1736 2454 87 34 peu
1860 2441 243 44 onéreuses,
2145 2450 43 31 et
2224 2455 188 35 presque
2447 2443 113 38 aussi

618 2502 251 43 facilement
894 2521 84 33 que
1004 2505 41 41 la
1070 2505 188 42 chaleur.

747 2573 30 42 Il
809 2586 217 35 trouvera,
1059 2576 110 41 dans
1197 2593 49 25 ce
1275 2594 72 24 cas
1375 2593 214 31 nouveau,
1622 2596 85 24 une
1734 2579 268 50 application
2034 2580 133 42 d'une
2198 2582 57 40 de
2282 2598 67 24 ses
2378 2582 183 50 qualités

615 2644 235 51 physiques
870 2648 34 38 si
926 2646 313 49 spécialement
1259 2646 105 42 utile
1385 2659 42 30 et
1451 2649 252 48 deviendra,
1729 2666 84 26 une
1838 2651 83 41 fois
1945 2651 58 41 de
2023 2652 110 50 plus,
2158 2669 56 24 un
2237 2652 324 41 collaborateur

615 2717 196 48 puissant
841 2716 78 42 des
947 2716 264 50 hygiénistes
1237 2735 80 33 par
1345 2719 381 44 l'assainissement
1754 2721 154 51 rapide
1937 2733 43 30 et
2010 2722 190 42 définitif
2231 2723 78 41 des
2337 2733 199 31 construc-

616 2789 113 38 tions
752 2803 165 25 neuves
938 2787 56 42 de
1014 2787 194 42 l'avenir.

744 2996 223 51 Quelques
994 3006 116 33 mots
1135 3014 113 34 pour
1276 2998 100 42 finir
1401 3009 45 31 et
1472 3002 191 39 résumer
1689 3001 40 41 le
1753 3001 119 41 bilan
1902 3002 76 41 des
2006 3019 185 33 moyens
2217 3020 234 25 nouveaux
2478 3007 79 38 mis

614 3069 22 38 à
665 3066 40 42 la
734 3067 258 50 disposition
1020 3069 56 41 de
1103 3069 11 41 1
1135 3071 329 40 asainissement
1492 3071 76 40 des
1594 3071 266 42 habitations
1884 3076 233 39 anciennes
2143 3090 56 25 ou
2226 3075 238 41 nouvelles.

743 3137 82 42 Les
844 3139 201 42 remèdes
1066 3139 224 47 définitifs,
1314 3140 205 41 cherchés
1539 3152 177 38 partout
1737 3142 153 50 depuis
1909 3146 34 38 si
1964 3143 263 52 longtemps,
2251 3162 112 33 pour
2385 3145 172 41 obtenir

614 3207 40 42 la
680 3212 279 47 suppression
988 3211 78 40 des
1092 3226 183 34 ravages
1303 3210 54 41 de
1383 3221 145 31 toutes
1553 3210 60 43 les
1641 3215 175 47 espèces
1844 3214 261 42 d'humidité
2133 3215 111 42 dans
2271 3215 61 42 les
2358 3226 174 31 contruc-

614 3280 126 45 tions,
767 3291 195 39 peuvent
987 3284 89 38 être
1101 3282 253 41 considérés
1377 3281 309 43 actuellement
1709 3300 176 25 comme
1910 3288 187 39 trouvés.

743 3349 81 42 Les
851 3367 233 26 nouveaux
1111 3351 224 47 éléments,
1367 3355 82 39 mis
1476 3355 26 38 à
1530 3353 40 41 la
1600 3353 258 50 disposition
1888 3355 78 41 des
1991 3366 320 32 constructeurs
2338 3368 43 30 et
2407 3356 125 51 hygié-

614 3423 143 43 nistes,
791 3424 120 39 étant
939 3422 164 42 réduits
1130 3426 26 38 à
1184 3423 43 41 la
1256 3423 199 42 dernière
1482 3423 137 42 limite
1647 3424 58 42 de
1730 3424 44 42 la
1801 3426 244 51 simplicité,
2074 3427 30 41 il
2130 3428 76 49 n'y
2233 3443 27 26 a
2288 3428 96 49 plus
2409 3428 92 41 rien
2530 3429 25 40 à
