2964 4079
612 3731 69 36 LA
708 3720 119 47 CITÉ

1605 3730 69 37 158

2423 3729 112 44 JUIN
2564 3730 80 34 1921

651 490 24 41 à
700 486 238 45 semblable
957 486 166 50 méfait,
1147 485 179 42 attendu
1349 485 196 55 qu'aussi
1568 484 249 56 longtemps
1839 494 86 43 que
1968 482 54 42 de
2065 481 80 42 tels
2190 481 213 55 procédés
2448 482 147 40 seront

649 570 216 55 possibles
893 580 55 31 au
976 570 93 39 sein
1098 568 54 40 de
1179 568 41 40 la
1249 568 277 52 corporation
1559 566 75 41 des
1663 565 256 42 architectes
1947 564 27 42 il
2006 575 98 32 sera
2133 564 334 53 complètement
2495 562 80 42 illu-

649 654 113 41 soire
789 653 52 40 de
865 650 230 55 prétendre
1122 650 161 41 relever
1310 650 39 41 le
1372 649 193 54 prestige
1592 651 42 38 et
1658 648 217 41 l'autorité
1902 646 53 42 de
1980 646 186 50 celle-ci;

768 761 185 53 regrette
987 757 275 53 l'incapacité
1300 755 53 41 de
1389 754 209 55 l'opinion
1636 753 207 55 publique
1879 754 26 40 à
1942 752 262 42 s'émouvoir
2239 750 54 44 de
2330 750 263 44 semblables

648 844 229 42 situations
897 842 178 42 attendu
1091 841 197 53 qu'aussi
1310 839 247 54 longtemps
1578 848 82 43 que
1681 837 208 53 l'opinion
1908 835 207 54 publique
2137 837 161 39 restera
2319 834 274 42 indifférente

649 928 23 38 à
693 923 373 50 l'architecture,la
1088 922 199 53 suprême
1303 921 260 52 expression
1584 919 240 54 esthétique
1847 918 52 41 de
1921 918 164 52 l'esprit
2105 917 169 53 civique
2295 917 101 40 d'un
2417 914 173 56 peuple,

649 1011 25 39 il
704 1020 95 29 sera
826 1007 100 41 vain
956 1006 217 53 d'espérer
1199 1016 84 43 que
1310 1004 40 40 la
1380 1003 160 41 Nation
1566 1001 129 55 belge
1721 1012 162 42 prenne
1909 1012 111 42 rang
2046 999 136 54 parmi
2213 1001 61 39 les
2303 999 174 41 nations
2504 997 66 42 cul-

648 1092 132 41 tivées
804 1091 54 40 de
881 1089 218 53 l'Europe,
1124 1089 26 40 à
1174 1098 48 31 ce
1245 1087 123 53 point
1392 1086 52 40 de
1467 1096 101 38 vue;

770 1194 198 42 souhaite
999 1192 94 41 voir
1126 1192 40 41 la
1199 1191 292 42 Commission
1528 1190 76 39 des
1639 1189 280 41 Monuments
1954 1189 189 39 recevoir
2180 1187 52 41 de
2267 1187 41 41 la
2344 1186 250 55 législature

649 1290 82 31 une
752 1279 224 40 extension
997 1276 54 42 de
1071 1275 206 53 pouvoirs
1297 1275 71 53 qui
1389 1272 176 56 l'oblige
1587 1274 25 38 à
1632 1272 164 41 classer
1815 1271 63 42 les
1898 1281 171 31 œuvres
2091 1270 112 42 d'art
2223 1270 207 42 moderne
2448 1280 118 30 carac-

649 1360 244 53 téristiques
922 1359 126 40 d'une
1074 1359 169 52 époque
1268 1368 55 30 ou
1349 1356 128 41 d'une
1502 1355 259 41 orientation
1789 1352 209 50 nouvelle,
2026 1352 89 41 afin
2143 1363 84 43 que
2252 1351 64 42 les
2341 1361 252 32 communes

651 1445 25 39 à
715 1444 91 40 leur
846 1445 97 38 tour
982 1441 197 52 puissent
1216 1451 47 30 se
1303 1437 216 55 prévaloir
1560 1437 52 41 de
1651 1449 50 29 ce
1739 1436 262 41 classement
2040 1446 112 42 pour
2194 1434 302 42 subordonner
2537 1445 54 31 au

649 1528 171 50 respect
844 1524 54 42 de
924 1524 176 40 l'œuvre
1124 1521 168 42 classée
1316 1523 61 39 les
1405 1519 309 43 autorisations
1740 1516 351 55 indispensables
2118 1519 24 39 à
2168 1516 42 42 la
2236 1516 354 42 transformation

652 1606 353 42 éventuellement
1030 1604 244 42 nécessaire
1300 1603 52 41 de
1375 1603 122 40 telles
1522 1601 336 49 constructions;

775 1711 150 40 décide
962 1721 82 42 que
1083 1709 40 40 la
1159 1708 198 53 présente
1395 1707 287 53 protestation
1719 1717 98 29 sera
1855 1704 221 54 imprimée
2112 1704 111 41 dans
2261 1717 23 25 «
2323 1703 61 42 La
2421 1702 95 43 Cité
2554 1716 40 36 »,

656 1805 164 41 organe
848 1793 53 41 de
926 1794 40 40 la
995 1792 42 42 S.
1066 1793 52 41 U.
1147 1792 47 40 B.
1223 1794 41 38 et
1287 1792 105 40 tirée
1419 1792 25 39 à
1471 1793 99 50 part
1594 1801 110 42 pour
1731 1791 88 39 être
1846 1788 204 41 adressée
2077 1798 85 31 aux
2191 1787 233 40 intéressés
2449 1785 117 41 immé-

657 1876 126 48 diats,
813 1874 40 42 le
881 1874 266 54 propriéaire
1176 1873 54 42 de
1256 1871 263 43 l'immeuble
1547 1874 41 40 et
1618 1871 262 41 l'architecte
1911 1872 151 40 auteur
2092 1868 76 42 des
2200 1867 394 49 transformations,

658 1957 154 39 offerte
845 1966 53 30 en
935 1956 231 53 hommage
1202 1954 53 41 de
1292 1957 169 49 respect
1495 1956 41 38 et
1573 1952 305 42 d'admiration
1914 1963 55 29 au
2005 1951 157 41 Maître
2199 1951 147 40 Victor
2383 1949 137 41 Horta
2553 1951 43 39 et

658 2038 234 42 distribuée
916 2050 85 29 aux
1025 2037 211 42 Pouvoirs
1260 2036 184 54 publics,
1470 2038 24 38 à
1518 2037 41 39 la
1584 2034 155 42 Presse
1763 2037 41 39 et
1827 2047 84 29 aux
1936 2033 301 42 Associations
2261 2032 253 53 techniques
2538 2042 57 30 ou

658 2126 384 53 professionnelles
1066 2126 53 40 de
1140 2127 118 38 toute
1281 2127 151 38 nature
1453 2135 83 42 que
1559 2125 40 38 la
1622 2123 132 41 chose
1776 2123 149 52 puisse
1947 2122 242 39 intéresser.

776 2230 119 41 Ainsi
922 2230 148 55 rédigé
1094 2241 51 30 en
1170 2229 158 42 séance
1353 2229 55 40 du
1439 2229 50 40 13
1513 2229 91 53 juin
1636 2227 102 41 1921
1749 2254 8 6 -

1982 2366 117 40 Pour
2123 2366 125 52 copie
2272 2365 225 41 conforme
2526 2377 9 28 :

2125 2471 59 40 Le
2210 2467 264 44 secrétariat.
