2964 4079
550 3669 68 35 LA
643 3658 122 46 CITÉ

1534 3665 66 36 170

2362 3667 110 43 JUIN
2503 3669 78 35 1921

663 416 548 97 HYGIÈNE
1330 428 160 84 DE
1607 428 841 84 L'HABITATION

652 723 78 41 DE
772 721 439 43 L'EXTRACTION
1254 721 78 42 DE
1380 736 23 27 «
1430 721 348 42 L'HUMIDITE
1800 721 354 42 ORIGINELLE
2180 736 22 25 »
2250 721 85 42 OU
2378 719 78 44 DE

654 802 458 43 CONSTRUCTION
1136 802 162 43 DANS
1322 803 101 42 LES
1449 802 339 43 BATIMENTS
1811 802 85 42 OU
1922 802 249 42 LOCAUX
2197 802 226 42 NOUVEL-

655 883 239 43 LEMENT
944 883 366 43 CONSTRUITS
1360 883 86 42 AU
1498 883 212 43 MOYEN
1764 883 83 42 DU
1900 882 180 43 FROID
2133 883 328 42 ARTIFICIEL

782 1024 118 43 C'est
929 1036 80 42 par
1040 1025 37 40 le
1109 1028 180 50 rapport
1320 1025 53 41 de
1402 1024 42 42 la
1475 1024 291 42 Commission
1800 1024 185 54 chargée
2015 1037 80 41 par
2128 1025 261 42 VAcadémie

724 1096 163 54 Royale
924 1095 52 41 de
1011 1095 212 55 Belgique
1258 1095 255 43 d'attribuer
1546 1095 37 41 le
1618 1096 98 53 prix
1748 1096 194 41 Lëmaire
1978 1096 127 54 {pour
2138 1096 44 42 la
2213 1096 177 53 période

729 1168 108 41 1913
868 1167 26 42 à
929 1166 129 54 1920)
1087 1176 82 44 que
1199 1177 110 30 nous
1338 1178 138 30 avons
1506 1168 150 52 appris
1687 1166 247 42 l'existence
1964 1166 128 42 d'une
2124 1166 196 42 nouvelle
2351 1171 41 37 et

725 1238 86 42 très
838 1237 284 42 intéressante
1150 1237 127 42 étude
1304 1237 52 41 de
1381 1238 61 40 M.
1469 1238 187 53 Knapen
1679 1248 77 31 sur
1780 1249 83 30 une
1890 1239 198 51 question
2117 1249 193 30 connexe
2338 1238 53 41 de

728 1309 128 42 celles
890 1310 73 53 qui
992 1309 99 54 font
1122 1310 155 52 depuis
1308 1309 249 54 longtemps
1588 1307 150 55 l'objet
1769 1308 52 41 de
1854 1321 71 29 ses
1955 1310 216 51 patientes
2204 1312 41 38 et
2275 1309 93 53 ingé-

727 1380 171 40 nieuses
927 1380 265 41 recherches.

783 1451 180 41 Parlant
991 1451 77 42 des
1096 1452 275 39 conclusions
1402 1451 53 40 de
1484 1463 47 28 ce
1560 1450 164 48 travail,
1756 1451 37 39 le
1821 1454 259 49 rapporteur
2108 1450 53 41 de
2191 1451 40 40 la
2261 1450 98 41 Com-

727 1523 178 41 mission
928 1521 231 53 s'exprime
1183 1533 165 30 comme
1374 1523 85 40 suit
1486 1535 13 27 :
1526 1535 22 26 «
1573 1521 199 42 Solution
1799 1522 210 41 vraiment
2032 1520 222 54 originale,
2282 1521 110 40 mais

729 1608 21 25 »
787 1592 105 42 dont
915 1596 141 38 toutes
1078 1594 63 40 les
1164 1592 322 53 conséquences
1510 1592 120 41 n'ont
1651 1604 82 41 pas
1758 1604 152 29 encore
1935 1591 65 41 été
2024 1591 249 42 recueillies.
2298 1591 94 43 Elle

729 1679 22 25 >
788 1664 269 50 caractérise,
1080 1676 82 29 une
1183 1663 194 42 nouvelle
1396 1664 99 52 fois,
1519 1664 40 40 la
1581 1662 186 42 manière
1788 1662 272 55 personnelle
2082 1665 40 39 et
2143 1661 251 55 ingénieuse

732 1749 23 26 »
790 1736 74 53 qui
880 1747 28 30 a
928 1734 97 42 valu
1046 1735 26 41 à
1090 1735 60 41 M.
1171 1735 49 41 A.
1242 1735 183 53 Knapen
1446 1735 38 40 le
1503 1734 104 41 Prix
1628 1733 180 42 Charles
1828 1734 207 49 Lemaire,
2060 1745 51 30 en
2138 1734 123 48 1911,
2284 1744 111 41 pour

731 1821 22 26 »
790 1818 69 30 ses
886 1810 181 38 travaux
1092 1818 74 29 sur
1192 1804 237 42 l'humidité
1456 1804 109 42 dans
1593 1806 61 40 les
1680 1804 319 41 constructions
2025 1806 42 40 et
2093 1804 62 40 les
2180 1802 214 55 procédés

733 1891 22 27 »
793 1886 226 32 nouveaux
1046 1888 113 43 pour
1186 1889 26 41 y
1242 1875 221 43 remédier.
1498 1890 22 26 »

793 1948 120 41 Cette
943 1946 298 55 appréciation
1271 1947 216 53 flatteuse,
1520 1949 157 38 venant
1707 1946 127 41 d'une
1865 1958 153 29 source
2048 1944 86 43 très
2164 1944 229 48 autorisée,

735 2031 110 29 nous
871 2031 29 29 a
927 2018 168 54 engagé
1125 2018 25 41 à
1179 2018 235 41 demander
1442 2017 26 41 à
1496 2018 59 40 M.
1586 2018 183 53 Knapen
1800 2016 315 41 l'autorisation
2146 2015 53 41 de
2228 2013 169 55 publier

736 2090 109 40 dans
875 2091 58 39 La
963 2089 93 43 Cité
1085 2100 80 30 son
1193 2088 138 42 étude.
1364 2088 200 53 Quoique
1593 2086 127 42 écrite
1750 2099 51 29 en
1835 2088 124 47 1914,
1990 2086 78 41 elle
2098 2087 212 40 constitue
2340 2097 56 29 un

735 2162 230 40 document
997 2172 83 42 peu
1117 2172 137 29 connu
1291 2160 104 40 dont
1429 2172 79 27 nos
1541 2158 182 41 lecteurs
1756 2157 302 55 apprécieront
2093 2158 304 40 certainement

736 2231 184 42 l'intérêt
946 2231 222 52 théorique
1197 2233 41 38 et
1263 2232 210 51 pratique.
1590 2229 55 42 N.
1675 2229 40 40 d.
1745 2229 24 40 I.
1797 2228 50 44 R.

729 2443 263 42 L'humidité
1028 2442 76 41 des
1136 2444 316 40 constructions
1486 2444 203 48 provient
1724 2441 55 41 de
1813 2452 151 39 quatre
1998 2457 150 24 causes
2183 2439 252 42 différentes
2467 2441 72 47 qui

597 2530 48 24 se
670 2513 186 42 classent
885 2514 110 41 dans
1022 2513 160 41 Tordre
1209 2513 345 49 chronologique
1582 2515 171 38 suivant
1789 2511 77 50 (!)
1910 2529 9 23 :

736 2595 10 41 1
760 2603 16 17 °
798 2596 134 41 L'eau
951 2596 60 41 de
1030 2594 296 42 construction
1348 2612 57 23 ou
1425 2594 211 40 humidité
1660 2593 223 50 originelle
1905 2596 70 47 qui
1997 2596 134 38 existe
2155 2593 77 40 dès
2255 2592 38 41 le
2315 2607 192 26 commen-

597 2676 174 31 cement
799 2666 56 41 de
882 2666 40 41 la
948 2666 174 45 bâtisse,
1154 2676 43 30 et
1225 2676 64 30 est
1315 2665 169 41 fournie
1512 2681 78 33 par
1618 2664 113 42 l'eau
1760 2665 55 41 de
1840 2667 207 38 carrières
2075 2664 110 41 dans
2213 2663 62 41 les
2303 2664 236 40 interstices

597 2736 302 42 moléculaires
927 2737 79 40 des
1032 2739 180 47 pierres;
1242 2753 80 32 par
1348 2735 24 40 F
1381 2751 80 25 eau
1491 2735 76 41 des
1593 2737 200 38 mortiers
1818 2746 45 30 et
1893 2735 77 40 des
1998 2735 190 45 enduits;
2220 2751 78 33 par
2326 2733 107 41 celle
2463 2732 76 41 des

597 2809 280 48 intempéries
902 2809 72 48 qui
999 2807 217 41 imbibent
1239 2807 62 40 les
1322 2808 312 47 maçonneries,
1662 2805 172 51 jusqu'à
1859 2806 92 41 leur
1973 2805 108 42 mise
2106 2820 102 26 sous
2231 2804 101 50 toit;

729 2889 45 42 2°
803 2889 135 42 L'eau
964 2888 58 42 de
1048 2887 255 50 capillarité,
1332 2905 56 23 ou
1415 2887 212 40 humidité
1656 2890 71 47 qui
1755 2890 133 38 existe
1914 2887 98 50 plus
2040 2904 58 23 ou
2124 2889 143 38 moins
2293 2895 179 40 partout
2498 2895 41 30 et

597 2964 200 46 toujours
821 2960 110 41 dans
955 2961 40 40 le
1016 2959 64 41 sol
1105 2970 44 30 et
1174 2958 110 41 dans
1306 2969 97 30 tous
1427 2958 61 40 les
1510 2974 129 33 corps
1662 2974 167 33 poreux
1853 2960 71 48 qui
1949 2958 39 40 le
2013 2957 226 46 touchent;

730 3031 44 40 3°
801 3031 133 42 L'eau
960 3031 58 41 de
1040 3029 336 50 condensation,
1404 3046 56 23 ou
1486 3028 210 41 humidité
1721 3029 205 49 produite
1950 3045 80 33 par
2053 3027 64 42 les
2143 3027 259 42 différences
2427 3026 90 41 ther-

599 3104 168 48 miques
791 3112 126 30 entre
943 3102 94 41 l'air
1065 3111 205 40 stagnant
1298 3111 43 31 et
1369 3099 61 42 les
1457 3102 260 43 matériaux;
1747 3116 80 33 par
1856 3100 40 41 le
1924 3109 177 31 contact
2131 3099 57 40 de
2214 3100 242 39 matériaux
2486 3097 53 40 de

597 3172 269 42 coefficients
891 3174 56 40 de
968 3175 218 47 porosités
1210 3171 266 46 différentes,
1503 3179 78 32 etc.
1596 3187 9 29 ;

714 3349 36 42 (I
765 3350 14 41 )
817 3349 96 34 Voir
943 3353 21 29 à
995 3363 41 19 ce
1070 3352 97 38 sujet
1200 3349 138 33 l'étude
1371 3362 72 27 que
1476 3362 95 19 nous
1604 3361 115 20 avons
1751 3348 147 41 publiée
1929 3348 95 33 dans
2055 3348 53 33 les
2143 3358 19 22 «
2194 3348 202 33 Mémoirtes
2429 3346 45 33 de
2506 3345 33 34 la

599 3419 145 35 Société
773 3421 64 33 des
864 3421 217 40 Ingénieurs
1110 3421 102 33 civils
1240 3419 44 38 dje
1312 3419 153 33 France.
1501 3417 177 42 (Bulletin
1706 3419 130 33 d'avril
1873 3419 135 41 1911).
