2964 4079
372 3680 67 35 LA
464 3669 122 46 CITÉ

1356 3684 63 34 169

2185 3690 111 43 JUIN
2327 3695 79 34 1921

1017 319 774 50 CONCOURS

321 519 32 41 Il
381 536 28 24 a
437 522 69 38 été
538 519 170 47 décidé,
741 522 27 38 à
799 519 283 48 l'unanimité,
1118 522 57 42 de
1204 522 57 42 lui
1294 539 49 25 oc-

257 590 147 38 troyer
432 578 42 42 la
501 581 217 48 première
747 581 142 49 prime
918 583 109 38 mise
1056 584 27 38 à
1112 581 42 42 la
1186 582 160 50 disposi-

258 641 92 39 tion
386 638 59 41 du
479 642 100 47 jury
610 648 45 31 et
688 655 22 25 s
725 639 178 42 élevant
937 643 26 37 à
997 640 42 41 la
1072 658 174 24 somme
1313 644 55 40 de

256 698 141 47 8,000
421 698 158 41 francs.

320 757 193 42 L'octroi
541 758 57 41 de
623 767 116 32 cette
762 762 144 47 prime
932 760 262 51 impliquant
1220 778 85 35 que
1329 762 39 41 le

250 821 152 47 projet
431 828 64 31 est
524 818 316 41 recommandé
868 835 114 34 pour
1012 823 229 40 exécution
1270 825 26 38 à
1327 823 40 40 la

253 893 237 25 commune
510 893 82 34 par
615 879 41 39 le
677 882 109 46 jury,
814 879 169 41 celui-ci
1006 880 204 48 désirant,
1238 882 128 41 d'une

249 947 116 40 part,
393 941 277 37 reconnaître
692 937 42 42 la
758 939 215 41 véritable
995 943 193 38 maîtrise
1213 941 59 41 du
1296 958 47 25 su-

252 1001 64 46 jet
343 999 250 47 témoignée
618 1014 81 33 par
724 997 196 48 l'auteur,
951 1010 43 30 et
1019 1016 58 24 ne
1099 1000 186 42 voulant
1312 1018 54 24 en

253 1072 167 25 aucune
449 1060 194 38 manière
670 1057 191 42 affaiblir
887 1058 42 42 la
955 1063 158 47 portée
1141 1061 57 40 de
1224 1077 51 25 ce
1300 1065 44 47 ju-

253 1127 189 39 gement,
475 1119 110 38 mais
612 1117 263 47 souhaitant,
908 1118 171 43 d'autre
1101 1129 113 41 part,
1244 1136 98 26 assu-

250 1191 70 25 rer
347 1179 27 38 à
402 1177 42 42 la
472 1192 238 27 commune
739 1178 57 40 de
823 1178 541 52 Molenbeek-Saint-Jean

253 1235 41 42 le
322 1239 241 38 maximum
593 1237 57 40 de
678 1237 103 42 fruit
809 1238 210 41 résultant
1049 1239 59 42 du
1134 1257 227 35 qoncours,

253 1295 39 41 le
324 1300 99 46 jury
452 1296 166 41 entend
649 1296 211 42 formuler
892 1298 60 40 les
986 1299 304 42 observations
1322 1312 43 31 et

253 1358 193 38 réserves
475 1357 186 49 ci-après
687 1373 10 23 :

315 1415 64 41 En
405 1431 190 34 premier
621 1416 84 41 lieu
730 1416 41 42 la
797 1433 236 27 commune
1057 1435 46 25 se
1128 1423 172 38 réserve
1324 1421 41 41 le

253 1474 117 41 droit
404 1475 57 40 de
495 1475 245 42 demander
774 1479 26 38 à
834 1477 184 42 l'auteur
1049 1495 87 25 une
1168 1482 109 39 mise
1307 1496 57 25 au

251 1537 125 47 point
405 1535 58 41 de
490 1552 81 24 son
598 1540 149 47 projet
774 1550 55 28 en
858 1553 50 25 ce
936 1541 71 47 qui
1035 1555 214 25 concerne
1278 1556 86 26 une

252 1594 151 41 liaison
426 1595 273 41 circulatoire
720 1599 26 37 à
770 1595 156 42 établir
948 1608 122 30 entre
1092 1597 41 42 la
1157 1598 207 41 chaussée

252 1654 58 40 de
330 1654 133 41 Gand
486 1666 43 29 et
550 1655 38 41 le
611 1667 111 38 pont
745 1656 57 40 de
821 1656 41 40 la
884 1656 209 42 chaussée
1113 1658 56 41 de
1190 1658 174 42 Ninove

249 1729 55 25 en
334 1725 180 39 passant
544 1731 82 34 par
656 1716 42 40 le
728 1719 190 47 quartier
947 1717 238 47 industriel,
1220 1734 114 25 rema-

249 1776 214 39 niements
492 1777 27 38 à
548 1784 158 32 mettre
736 1792 54 26 en
821 1787 185 38 rapport
1033 1792 110 26 avec
1171 1776 62 42 les
1259 1793 78 36 pro-

249 1837 96 47 jets,
377 1834 168 40 étudiés
574 1851 80 32 par
680 1835 40 41 la
748 1851 247 31 commune,
1028 1839 71 47 qui
1127 1839 185 38 existent
1338 1839 25 38 à

247 1909 51 24 ce
319 1897 125 46 sujet.

315 1965 42 39 A
377 1980 49 24 ce
444 1980 180 34 propos,
649 1965 41 40 le
707 1968 99 47 jury
824 1965 145 50 prend
986 1975 97 31 acte
1105 1966 58 41 de
1182 1966 41 41 la
1242 1982 91 25 com-

249 2027 267 37 munication
540 2024 105 40 faite
666 2041 80 33 par
769 2024 60 41 M.
854 2024 40 41 le
914 2025 306 50 bourgmestre
1240 2025 58 42 de
1321 2025 41 42 la

245 2098 241 26 commune
518 2083 57 41 de
606 2083 384 51 Molenbeek-St-J
997 2102 94 29 ean,
1129 2102 52 25 en
1214 2086 62 40 foi
1308 2086 56 40 de

250 2145 101 47 quoi
383 2159 95 25 sera
512 2147 253 43 constituée,
802 2161 101 24 sous
937 2144 41 41 la
1011 2145 257 49 présidence
1303 2145 59 41 du

247 2202 317 50 bourgmestre,
594 2219 87 25 une
705 2202 283 43 commission
1015 2204 62 42 du
1103 2203 106 52 plan
1234 2203 59 43 de
1319 2204 43 42 la

248 2276 250 36 commune,
525 2265 240 47 composée
816 2264 56 40 de
923 2264 267 41 l'architecte
1237 2281 93 24 com-

246 2321 148 42 munal
426 2322 60 41 M.
522 2322 188 49 Nogent,
746 2323 56 41 de
834 2323 438 50 l'ingénieur-conseil
1305 2325 56 40 de

248 2381 39 41 la
312 2398 235 24 commune
571 2382 59 40 M.
660 2382 194 46 Prévost,
884 2384 55 40 de
964 2383 184 41 l'auteur
1174 2384 58 41 du
1255 2399 79 35 pro-

247 2444 63 47 jet
341 2444 190 47 premier
562 2443 143 49 primé
739 2453 43 30 et
816 2441 105 43 d'un
953 2443 407 42 urbaniste-conseil

243 2504 26 38 à
297 2501 221 50 désigner;

308 2561 64 40 En
407 2561 167 40 second
610 2561 95 46 lieu,
744 2562 61 40 les
839 2561 212 42 solutions
1115 2565 241 47 proposées

241 2636 116 33 pour
386 2620 190 41 franchir
605 2638 80 33 par
713 2620 162 42 viaduc
906 2621 203 42 inférieur
1141 2639 56 24 ou
1226 2625 104 46 supé-

245 2682 111 38 rieur
381 2682 41 41 le
447 2681 172 40 chemin
647 2681 57 40 de
730 2680 77 46 fer,
837 2697 54 24 ne
917 2691 193 41 peuvent
1136 2685 92 37 être
1252 2698 78 23 con-

242 2738 192 42 sidérées
467 2756 175 24 comme
676 2739 223 42 résolvant
932 2740 352 42 définitivement
1317 2742 40 40 le

243 2798 233 50 problème
502 2810 44 31 et
572 2799 42 42 la
642 2799 347 42 démonstration
1019 2800 56 41 de
1103 2800 40 41 la
1171 2801 161 49 possibi-

243 2858 72 41 lité
341 2859 57 41 de
420 2860 248 40 réalisation
693 2859 231 50 technique
948 2860 77 40 des
1048 2859 121 41 idées
1189 2876 137 33 propo-

243 2921 93 37 sées
402 2936 56 26 ou
524 2918 203 47 d'autres,
764 2918 381 47 éventuellement,
1185 2919 170 41 devrait

244 2977 109 42 faire
386 2977 157 52 l'objet
578 2979 105 40 d'un
719 2995 213 24 concours
968 2979 231 49 technique
1267 2979 65 40 dis-

248 3039 105 39 tinct
363 3055 9 29 ;

308 3096 377 48 Troisièmement,
720 3100 185 39 certains
934 3099 334 40 amendements
1301 3099 56 39 de

245 3156 135 42 détail
419 3160 255 47 pourraient
712 3158 154 41 devoir
906 3161 91 38 être
1035 3160 237 47 envisagés,
1316 3156 40 42 le

244 3232 76 25 cas
345 3216 197 48 échéant,
573 3235 55 25 en
654 3234 52 25 ce
732 3220 71 48 qui
831 3234 215 25 concerne
1074 3217 41 42 la
1140 3219 215 48 précision

247 3275 77 41 des
350 3279 146 46 points
521 3277 393 42 d'aboutissement
939 3278 58 41 du
1021 3277 247 42 boulevard
1295 3277 62 40 dit

251 3350 23 25 «
305 3335 57 42 de
386 3337 170 49 grande
579 3340 193 39 ceinture
799 3353 39 26 ».

308 3405 83 41 Par
412 3407 26 39 8
460 3410 105 37 voix
583 3419 155 29 contre
757 3407 23 41 2
804 3408 28 40 il
850 3426 27 22 a
898 3411 69 37 été
988 3407 155 41 décidé
1166 3408 167 40 d'aocor-

250 3464 76 40 der
355 3483 54 22 au
440 3471 147 44 projet
615 3476 179 39 portant
824 3467 40 40 la
897 3467 149 41 devise
1075 3467 33 41 E
1138 3483 87 24 une
1253 3483 78 32 qua-

1446 527 151 40 trième
1618 531 143 47 prime
1785 530 56 41 de
1865 531 120 42 mille
2008 532 146 42 francs
2176 537 28 39 à
2228 538 99 38 titre
2350 536 182 43 d'encou-

1442 599 230 36 ragement
1699 599 45 31 et
1770 606 115 34 pour
1912 593 42 39 le
1983 593 132 42 motif
2145 611 86 34 que
2259 596 106 41 c'est
2394 595 42 42 le
2465 597 91 42 seul

1441 649 160 47 projet,
1630 658 124 31 outre
1778 650 41 41 le
1841 654 189 47 premier
2053 656 155 47 primé,
2236 658 73 48 qui
2335 659 223 47 témoigne

1446 705 28 40 d
1491 722 87 24 une
1638 711 214 41 intention
1887 712 56 40 de
1974 728 235 35 composer
2239 731 60 26 un
2332 717 225 42 ensemble

1442 765 221 44 cohérent.
1698 768 115 43 Mais
1844 770 12 41 1
1875 772 279 42 insuffisance
2188 774 57 41 de
2276 779 205 40 mlaturité
2513 787 45 31 et

1443 825 57 41 de
1527 827 192 42 sobriété
1748 829 110 42 dans
1886 831 42 41 la
1956 835 109 38 mise
2093 849 56 26 en
2178 851 152 25 œuvre
2361 835 78 42 des
2469 835 65 43 élé-

1441 896 144 31 ments
1618 888 57 40 de
1707 894 308 46 composition,
2053 892 41 41 la
2128 897 195 39 manière
2354 898 179 40 irration-

1440 945 114 42 nelle
1587 947 57 40 de
1673 950 211 42 résoudre
1913 951 63 41 les
2005 953 253 49 problèmes
2289 955 237 42 fondamen-

1439 1014 116 38 taux,
1580 1006 41 41 le
1641 1011 220 40 caractère
1881 1011 273 43 inutilement
2175 1015 183 41 excessif
2380 1015 56 41 de
2455 1032 73 26 cer-

1440 1067 138 40 taines
1605 1067 213 43 solutions
1846 1070 265 51 techniques,
2143 1089 57 25 ne
2225 1078 243 46 pouvaient
2497 1091 55 26 en

1439 1141 168 25 aucune
1641 1131 192 39 manière
1868 1130 186 50 justifier
2089 1132 287 44 l'attribution
2445 1134 106 44 d'un

1440 1201 108 34 rang
1570 1189 224 47 supérieur
1816 1206 59 24 au
1901 1189 65 43 dit
1988 1194 160 48 projet.

1504 1244 60 42 Le
1587 1249 229 47 jugement
1839 1251 160 48 acquis,
2024 1251 31 40 il
2081 1251 68 41 fut
2171 1253 197 50 procédé
2393 1256 27 39 à
2442 1254 88 42 l'ou-

1439 1315 172 32 verture
1634 1307 77 40 des
1732 1307 270 52 enveloppes
2023 1322 240 31 contenant
2283 1313 40 41 le
2344 1330 108 25 nom
2474 1313 78 42 des

1437 1374 174 32 auteurs
1635 1366 77 41 des
1733 1371 169 47 projets
1922 1371 174 47 primés.

1501 1423 32 42 Il
1557 1425 66 41 fut
1644 1429 200 39 constaté
1865 1444 86 33 que
1973 1428 40 42 le
2035 1434 148 47 projet
2206 1442 181 39 portant
2408 1433 42 41 la
2474 1433 51 42 de-

1437 1487 93 37 vise
1566 1484 130 41 Deux
1733 1486 162 42 cercles
1929 1488 99 41 noir
2062 1496 45 35 et
2143 1499 137 43 rougé
2315 1491 175 43 enlacés
2524 1510 28 24 a

1436 1560 112 32 pour
1573 1555 151 30 auteur
1750 1545 59 40 M.
1836 1545 208 51 François
2068 1548 202 47 Hoeben,
2299 1550 248 48 architecte,

1440 1602 260 42 demeurant
1729 1620 75 25 rue
1834 1605 59 41 du
1922 1605 160 48 Trône,
2124 1608 9 40 1
2150 1607 72 47 68,
2255 1611 26 38 à
2311 1609 165 47 Ixelles,
2508 1620 44 31 et

1439 1679 82 32 que
1549 1662 109 41 celui
1687 1674 181 38 portant
1896 1665 40 40 la
1966 1665 148 42 devise
2142 1667 34 40 E
2203 1684 26 24 a
2257 1684 113 33 pour
2397 1679 153 31 auteur

1437 1721 61 40 M.
1534 1721 138 41 Henri
1702 1722 102 42 Van
1835 1722 115 51 Dyk,
1983 1725 234 42 architecte
2247 1729 25 38 à
2302 1728 188 45 Anvers,
2523 1744 30 34 y

1438 1780 270 47 demeurant,
1737 1782 72 46 40,
1835 1799 171 25 avenue
2031 1784 300 51 d'Amérique.

1503 1874 61 40 La
1592 1877 216 48 première
1833 1879 141 46 prime
2002 1877 105 41 d'un
2135 1880 163 48 import
2326 1879 56 41 de
2409 1879 141 47 8,000

1439 1933 144 41 francs
1614 1945 63 30 est
1707 1935 214 41 décernée
1948 1939 28 37 à
2004 1936 60 42 M.
2098 1936 202 49 Hoeben,
2331 1937 218 52 François.

1501 1993 100 41 Une
1646 1997 244 47 quatrième
1937 1998 142 48 prime
2126 1997 108 42 d'un
2282 2001 164 48 import
2493 1998 57 43 de

1445 2053 133 45 1,000
1615 2054 143 41 francs
1791 2065 65 31 est
1892 2055 213 42 décernée
2138 2060 24 37 à
2197 2057 60 41 M.
2295 2057 102 43 Van
2431 2058 116 50 Dyk,

1434 2112 151 42 Henri.

1500 2172 81 41 Les
1601 2173 233 42 deuxième
1851 2186 44 31 et
1916 2178 220 39 troisième
2154 2179 163 48 primes
2335 2180 107 39 ainsi
2463 2194 86 34 que

1435 2235 105 38 trois
1567 2236 162 46 primes
1760 2234 58 40 de
1845 2234 119 42 mille
1994 2235 144 42 francs
2168 2236 127 42 n'ont
2321 2240 127 48 point
2477 2240 70 39 été

1435 2292 249 46 attribuées,
1708 2310 80 32 pas
1809 2294 97 49 plus
1926 2311 82 33 que
2030 2295 41 40 le
2089 2300 99 45 jury
2207 2296 72 41 n'a
2298 2314 76 23 cru
2394 2297 154 41 devoir

1435 2351 109 41 faire
1574 2368 134 35 usage
1740 2352 56 42 de
1829 2352 41 42 la
1903 2354 161 41 faculté
2097 2355 177 42 d'achat
2305 2356 185 50 stipulée
2521 2359 26 39 à

1434 2410 180 43 l'article
1647 2412 11 40 1
1674 2412 24 41 2
1732 2413 58 40 du
1818 2412 262 51 Règlement
2109 2415 58 40 du
2194 2432 226 25 concours.

1498 2471 64 40 En
1585 2472 61 40 foi
1671 2472 55 40 de
1749 2476 102 45 quoi
1875 2473 66 41 fut
1964 2474 145 40 dressé
2133 2491 52 23 en
2210 2474 165 41 double
2394 2490 120 26 exem-

1432 2530 137 48 plaire
1602 2530 41 41 le
1673 2534 177 47 présent
1880 2533 342 49 procès-verbal,
2259 2533 41 43 le
2331 2535 214 41 mercredi

1434 2589 27 41 6
1489 2589 139 51 juillet
1656 2593 26 39 à
1717 2591 11 41 1
1747 2592 22 40 7
1800 2591 155 42 heures
1981 2603 43 30 et
2053 2592 156 48 demie,
2242 2596 26 38 à
2295 2593 165 42 l'Ecole
2488 2594 57 41 de

1434 2649 143 41 dessin
1608 2650 57 40 de
1690 2651 41 42 la
1760 2667 234 25 commune
2025 2653 57 40 de
2110 2652 432 43 Molenbeek-Saint-

1432 2708 122 49 Jean,
1594 2726 73 24 rue
1704 2710 300 47 Mommaerts,
2048 2711 39 47 2,
2128 2727 54 27 en
2218 2712 40 40 la
2298 2713 88 40 dite
2422 2730 90 24 com-

1432 2784 142 30 mune,
1597 2780 43 30 et
1660 2769 106 41 Font
1785 2773 120 46 signé
1933 2788 9 22 :

1708 2862 61 41 Le
1801 2862 226 43 Président
2059 2864 58 41 du
2147 2868 109 46 jury,

1732 2921 83 51 (s.)
1843 2921 38 50 J.
1905 2921 336 44 BRUNFAUT.

1432 2990 59 41 Le
1512 2991 227 41 Président
1761 2992 57 41 de
1838 2991 42 42 la
1902 2992 294 43 Commission
2220 2994 57 41 du
2300 2994 238 47 Concours,

1769 3052 83 49 (s.)
1885 3051 324 43 METTEWIE.

1564 3111 268 42 Bourgmestre
1860 3113 45 34 de
1933 3113 78 34 Mol
2015 3114 116 37 enbeje
2135 3114 103 34 k-Sai
2242 3123 54 26 nt-
2300 3115 19 41 J
2322 3128 82 21 ean.

1559 3170 62 41 Le
1642 3169 226 43 Directeur
1891 3172 56 41 de
1971 3172 178 42 l'Union
2175 3173 77 41 des
2274 3173 137 42 Villes

1722 3240 43 32 et
1786 3229 271 46 Communes
2077 3231 163 52 belges,

1798 3290 84 50 (s.)
1908 3290 47 42 E.
1978 3290 199 43 VINCK.

1705 3349 61 43 Le
1793 3350 239 43 Secrétaire
2061 3352 59 41 du
2149 3356 109 47 jury,

1561 3408 83 51 (s.)
1681 3409 45 41 L.
1757 3409 132 43 VAN
1919 3410 120 42 DER
2065 3412 349 43 SWAELMEN.

1537 3469 201 35 Directeur
1757 3471 204 40 technique
1980 3473 46 33 de
2045 3473 154 34 l'Union
2216 3474 68 34 des
2303 3474 127 35 Villes.
