3731 4387
564 534 142 50 Tout
747 546 59 38 se
847 532 93 66 qui
983 546 30 36 a
1053 531 121 51 trait
1213 531 29 50 à
1286 532 80 47 cet
1406 534 78 45 art
1524 527 240 66 décrépit
1806 530 50 47 et
1898 526 311 51 malfaisant
2251 540 82 37 me
2378 525 198 67 plonge
2620 523 138 51 dans
2791 523 48 51 la
2874 522 124 67 plus
3029 537 106 37 mes-

566 621 165 65 quine
774 619 98 52 des
913 619 291 52 tristesses.

562 706 57 68 Je
662 706 201 66 prends
906 706 68 50 du
1019 708 128 63 gout
1188 705 29 50 à
1259 708 142 47 toute
1444 705 143 47 sorte
1631 703 66 48 de
1742 701 256 51 lectures:
2044 714 100 35 une
2191 699 272 62 „Histoire
2493 699 66 50 de
2594 699 47 49 la
3000 699 135 49 m'ob-

566 795 106 66 lige
729 795 30 50 à
813 809 67 34 un
936 793 218 66 pénible
1209 790 171 53 effort.
1458 790 57 66 Je
1570 790 184 65 rougis
1809 789 66 49 de
1931 803 82 35 me
2059 788 116 49 voir
2217 788 152 64 placé
2418 788 138 49 dans
2600 786 46 51 le
2691 786 191 50 louche
2925 786 214 50 tableau-

566 883 185 49 vivant
792 880 97 51 des
930 879 232 51 faiseurs
1206 879 64 50 de
1315 878 195 51 bémol.

567 968 80 52 Un
703 968 127 60 soir,
887 969 161 48 avant
1098 981 120 34 mon
1263 965 244 60 coucher,
1565 967 157 62 ayant
1766 967 189 45 ouvert
1999 962 456 66 imprudemment
2497 977 69 34 un
2613 962 132 49 livre
2789 961 66 50 de
2901 961 269 64 musique,

563 1057 116 48 cela
720 1056 275 64 dérangea
1038 1067 100 37 une
1183 1058 141 45 sorte
1380 1052 283 51 d'humeur
1703 1052 211 49 sereine
1957 1050 92 65 qui
2096 1050 155 50 m'est
2294 1049 417 66 indispensable
2755 1049 28 50 à
2827 1052 132 48 cette
3004 1049 164 50 heure

559 1142 241 51 solitaire
845 1143 49 48 et
936 1141 278 64 précieuse
1256 1143 146 46 entre
1447 1141 190 59 toutes,
1682 1141 46 47 et
1776 1151 80 35 me
1899 1151 244 51 procura,
2189 1137 238 65 pendant
2472 1137 46 49 le
2562 1136 248 50 sommeil
2855 1136 311 63 succédant,

566 1244 100 35 une
712 1227 161 52 enfilé
917 1228 65 50 de
1027 1227 153 50 rêves
1223 1227 267 53 obscènes
1533 1231 49 44 et
1623 1226 159 49 d'une
1827 1224 195 51 misère
2081 1224 370 67 angoissante.
2533 1223 161 51 Aussi
2740 1223 47 66 je
2831 1223 165 51 retins
3041 1222 104 51 l'ex-

564 1317 271 65 périence,
879 1321 48 44 et
971 1315 196 64 depuis
1212 1315 124 59 lors,
1381 1313 43 51 si
1455 1315 85 64 j'ai
1574 1313 28 50 à
1635 1312 302 66 m'occuper
1980 1312 66 50 de
2091 1313 200 61 dièses,
2335 1312 68 66 j'y
2449 1311 217 51 sacrifie
2712 1311 77 51 les
2834 1312 193 48 heures
3060 1311 73 48 mé-

563 1406 194 48 dianes
813 1404 65 49 de
935 1402 47 51 la
1034 1402 248 66 journée:
1341 1402 31 49 il
1432 1415 80 36 me
1556 1405 139 46 reste
1739 1401 137 50 ainsi
1924 1401 46 50 le
2015 1402 175 64 temps
2234 1401 65 50 de
2346 1414 80 37 me
2472 1398 193 53 refaire
2711 1400 47 49 la
2802 1398 229 64 bouche,
3075 1412 95 53 par

562 1492 236 64 quelque
842 1489 319 66 occupation
1206 1489 330 64 distrayante
1580 1494 49 43 et
1672 1487 97 50 des
1814 1487 234 65 pensées
2090 1487 374 65 réparatrices.

559 1578 151 49 Telle
753 1576 197 66 qu'elle
995 1580 94 57 est,
1137 1576 46 50 la
1228 1578 248 63 musique
1521 1580 80 46 est
1642 1590 68 35 un
1754 1579 78 46 art
1876 1575 217 51 insensé
2138 1579 49 46 et
2232 1575 274 60 immoral;
2552 1574 249 64 exemple
2845 1574 65 49 de
2957 1588 181 43 perver-

560 1665 102 50 sité
708 1664 355 65 bourgeoise:
1109 1666 76 47 art
1226 1664 29 49 à
1300 1663 47 49 la
1391 1663 328 64 disposition
1764 1663 66 48 de
1875 1666 121 46 tous
2041 1663 76 49 les
2161 1663 165 52 vices.

563 1752 127 50 Plus
745 1752 227 49 odieuse
1027 1754 50 47 et
1133 1750 120 65 plus
1315 1750 288 66 engluante
1660 1764 103 50 que
1823 1749 46 51 la
1927 1750 146 65 pitié,
2130 1750 102 50 elle
2276 1752 259 49 accueille
2580 1752 137 49 dans
2760 1764 89 37 ses
2893 1752 125 48 bras
3062 1764 103 35 non

560 1838 303 51 seulement
905 1839 47 48 la
997 1852 172 37 veuve
1212 1843 49 44 et
1305 1838 301 66 l'orphelin,
1651 1838 136 49 mais
1832 1837 97 50 des
1971 1837 177 50 feules
2194 1839 232 50 entières
2469 1838 65 49 de
2578 1838 251 66 rénégats
2858 1846 47 41 et
2937 1838 64 51 de
3034 1851 135 53 gens

563 1926 251 56 maudits.

559 2010 358 54 Consolation
962 2013 284 50 sournoise
1291 2013 29 48 à
1366 2012 204 66 l'usage
1613 2012 98 49 des
1756 2012 243 49 hommes
2043 2012 157 61 tarés,
2258 2013 65 48 de
2368 2018 122 45 tous
2533 2027 136 36 ceux
2712 2013 90 64 qui
2849 2016 207 61 portent
3098 2027 68 34 un

563 2101 159 62 poids
774 2112 90 37 sur
920 2100 48 49 la
1011 2100 336 60 conscience,
1406 2101 88 62 qui
1541 2103 90 46 ont
1673 2112 67 37 un
1785 2112 189 37 cancer
2017 2100 137 49 dans
2197 2098 174 64 l'âme,
2431 2101 66 49 de
2542 2103 120 47 tous
2708 2101 77 49 les
2827 2100 340 62 misérables,

559 2187 98 50 des
700 2187 225 61 soumis,
969 2187 98 50 des
1109 2187 475 51 condamnés-nés.

567 2273 90 50 Art
710 2273 90 65 qui
845 2273 146 51 flatte
1035 2277 47 46 et
1126 2287 301 53 encourage
1474 2273 76 50 les
1594 2275 145 63 pires
1785 2275 244 49 instincts
2072 2275 65 49 de
2185 2275 45 49 la
2274 2275 176 51 foule:
2509 2276 181 50 miroir
2736 2276 321 66 impudique
3100 2276 67 50 de

559 2365 145 46 toute
751 2361 315 51 l'obscénité
1109 2361 125 50 d'un
1281 2361 194 50 monde
1518 2374 128 37 sans
1692 2360 102 51 lois
1838 2362 47 49 ni
1933 2361 219 51 morale.

561 2447 53 65 Je
659 2447 251 68 souligne
953 2449 77 49 les
1074 2449 140 49 deux
1259 2449 258 65 épisodes
1560 2447 65 51 de
1670 2463 82 35 ma
1797 2450 86 48 vie
1927 2450 89 64 qui
2051 2451 400 64 provoquèrent
2482 2465 62 36 en
2580 2451 104 50 moi
2731 2451 44 50 le
2806 2451 123 66 plus
2961 2453 207 49 intense

561 2539 50 47 et
668 2538 45 47 le
769 2535 122 66 plus
945 2536 394 64 inexprimable
1382 2535 229 67 dégoût:
1673 2536 44 50 le
1763 2538 231 64 premier
2036 2550 57 37 se
2138 2540 235 48 rattache
2417 2540 28 48 à
2491 2553 122 35 mon
2657 2538 222 52 enfance
2943 2554 66 34 un
3050 2539 119 66 jour

562 2637 105 51 que
710 2635 130 37 sous
884 2621 352 68 l'instigation
1282 2623 123 49 d'un
1453 2624 281 50 marmiton
1780 2624 351 66 sanguinaire
2176 2629 48 46 et
2265 2624 269 52 facétieux
2576 2625 136 66 j'eus
2755 2627 110 50 scié
2909 2627 44 49 le
2998 2641 96 35 cou
3139 2628 30 48 à

566 2726 66 34 un
675 2710 157 65 jeune
889 2710 185 63 oison;
1131 2710 44 50 le
1220 2712 199 48 second
1477 2724 58 36 se
1579 2715 248 61 rapporte
1871 2712 29 49 à
1945 2726 120 35 mon
2112 2712 375 63 adolescence,
2534 2728 67 34 un
2646 2714 110 50 soir
2797 2728 103 51 que
2944 2727 130 37 sous
3121 2714 47 50 la

564 2798 235 65 poussée
853 2798 125 50 d'un
1033 2798 269 50 allemand
1362 2798 301 51 mélomane
1716 2798 259 66 j'assistai
2020 2801 28 49 à
2095 2815 100 35 une
2239 2806 143 44 sorte
2427 2801 209 67 d'orgie
2679 2801 256 50 théâtrale
2979 2803 67 48 où
3090 2802 79 49 les

563 2886 305 62 turpitudes
910 2900 226 36 sonores
1179 2887 65 48 de
1288 2884 73 59 M.
1409 2886 226 52 Richard
1681 2886 217 52 Strauss
1940 2888 238 50 tenaient
2222 2888 105 50 lieu
2374 2888 65 51 de
2484 2889 299 50 débauche.

568 2972 78 50 Au
701 2973 150 65 point
891 2976 208 47 surtout
1140 2975 67 48 où
1250 2973 100 50 elle
1432 2989 62 34 en
1554 2980 80 44 est
1677 2975 415 64 présentement,
2145 2978 46 47 la
2237 2977 251 65 musique
2533 2983 80 44 est
2657 2991 102 36 une
2806 2978 195 50 insulte
3047 2980 28 48 à
3121 2978 47 50 la

566 3058 208 66 dignité
830 3060 64 49 de
952 3060 279 64 n'importe
1287 3061 122 65 quel
1456 3062 227 65 citoyen,
1729 3062 329 61 aristocrate,
2110 3062 297 67 bourgeois
2451 3079 65 34 ou
2562 3063 309 66 prolétaire,
2915 3070 108 44 tant
3066 3066 103 48 soit

567 3160 103 51 peu
718 3147 227 49 honnête
988 3150 49 47 et
1080 3161 192 52 propre
1315 3149 136 49 dans
1494 3162 98 36 son
1639 3149 143 66 linge
1825 3156 50 43 et
1917 3150 138 51 dans
2098 3164 91 37 ses
2232 3150 237 54 affaires.

571 3233 64 49 Le
679 3237 212 46 charme
934 3234 65 49 de
1044 3234 314 50 l'harmonie
1404 3239 81 47 est
1528 3235 48 51 la
1620 3236 120 65 plus
1783 3250 166 52 grave
1992 3237 221 50 atteinte
2256 3240 27 48 à
2317 3237 284 54 l'honneur
2631 3240 66 49 de
2731 3239 251 52 l'homme
3017 3241 148 57 libre.

569 3317 177 51 Parmi
804 3320 76 51 les
935 3321 329 65 principales
1321 3336 193 37 causes
1557 3324 66 49 de
1667 3324 322 51 criminalité
2032 3339 96 52 par
2171 3326 434 66 dégénérescenc
2648 3328 32 49 il
2726 3328 110 50 faut
2881 3330 180 64 placer

565 3420 68 36 en
677 3408 229 63 premier
949 3408 104 50 lieu
1207 3409 48 49 la
1300 3410 278 65 musique:
1623 3411 124 50 bien
1791 3416 163 47 avant
1997 3411 377 54 l'alcoolisme!

571 3521 112 52 Des
728 3524 344 65 populations
1114 3525 199 52 denses
1356 3528 65 49 de
1464 3540 136 54 gens
1644 3528 180 62 idiots,
1871 3529 295 66 ignorants,
2212 3531 163 63 sales,
2422 3533 260 62 malades,
2721 3534 314 66 dégénérés,
3081 3549 60 36 en-

571 3611 135 47 trent
758 3609 136 51 dans
947 3610 47 50 le
1046 3610 225 68 Temple
1324 3614 65 50 de
1446 3614 49 50 la
1543 3614 258 66 Musique
1854 3631 207 35 comme
2104 3618 128 49 chez
2274 3633 121 37 eux.
2476 3619 68 52 Ils
2587 3620 77 66 s'y
2707 3624 247 48 trouvent
3106 3637 62 35 en

574 3695 124 51 effet
849 3698 374 63 parfaitement
1276 3702 128 49 chez
1459 3716 119 47 eux,
1633 3717 88 35 car
1761 3718 68 36 on
1871 3719 31 51 y
1945 3705 213 51 célèbre
2201 3722 68 36 un
2314 3708 137 50 culte
2495 3709 30 50 à
2569 3708 48 51 la
2662 3711 181 63 portée
2887 3711 64 49 de
2994 3713 178 48 toutes

578 3782 78 50 les
712 3783 120 65 plus
886 3785 362 67 répugnantes
1303 3788 226 52 misères
1586 3791 66 48 de
1705 3791 232 64 l'esprit:
1992 3792 130 51 c'est
2165 3792 355 54 l'Assistance
2564 3794 273 68 Publique
2881 3812 134 51 pour
3055 3802 117 47 tout
