3731 4387
571 533 48 52 le
661 533 131 67 réjet
832 534 68 51 de
944 533 332 55 l'humanité.

566 621 81 52 Au
691 625 174 62 temps
909 623 83 60 où,
1037 635 132 38 sans
1213 622 333 64 prévention,
1588 621 48 66 je
1683 620 493 50 m'abbandonnais
2222 618 400 66 imprudement
2661 633 107 36 aux
2811 620 370 52 enlacements

566 710 67 50 de
676 712 134 48 cette
855 710 188 49 luxure
1089 708 344 68 populacière
1587 710 167 64 hélas,
1801 711 117 62 trop
1961 724 105 49 peu
2111 707 263 51 d'années
2419 722 82 36 me
2546 708 255 65 séparent
2847 710 68 49 de
2957 712 84 47 cet
3082 708 100 69 âge

562 799 341 49 tristissime!
1056 797 334 66 j'éprouvais
1453 797 436 50 infailliblement
1950 796 98 51 des
2111 796 270 51 réactions
2444 796 267 65 pénibles.
2811 796 67 51 Le
2933 797 248 51 remords

564 884 411 52 m'accablaient
1017 889 158 47 —et
1215 885 48 66 je
1309 884 208 50 n'avais
1544 885 168 49 même
1753 896 98 52 pas
1883 882 203 51 couché
2118 896 130 37 avec
2280 882 264 66 Aspasie!
2586 884 156 66 —Je
2775 884 139 50 m'en
2944 885 237 61 voulais,

560 973 49 67 je
653 987 83 36 me
779 973 207 50 sentais
1029 973 283 64 coupable,
1367 971 47 66 je
1467 971 312 51 fléchissais
1822 984 132 37 sous
2012 970 45 50 le
2101 971 163 65 poids
2307 971 66 50 de
2419 985 123 36 mon
2588 971 184 66 péché.
2817 971 68 51 Le
2915 973 165 50 rictus
3112 973 67 50 de

561 1060 47 51 la
651 1060 272 51 bestialité
971 1060 330 50 libidineuse
1352 1059 167 51 éffacé
1563 1060 66 48 de
1674 1074 120 34 mon
1842 1060 206 65 visage,
2090 1058 48 66 je
2184 1059 307 51 m'abimais
2534 1059 137 51 dans
2717 1060 47 50 la
2807 1060 264 62 tristesse,
3129 1060 49 66 je

561 1148 255 49 courbais
859 1147 50 50 la
950 1148 103 49 tête
1097 1152 49 45 et
1188 1148 161 65 pliais
1394 1148 77 49 les
1514 1147 160 61 reins,
1719 1161 207 35 comme
1973 1147 44 49 la
2052 1147 151 49 brute
2247 1147 92 64 qui
2386 1148 147 51 vient
2574 1148 67 49 de
2681 1148 157 65 jouir.

561 1234 130 54 Post
731 1238 200 48 coïtum
975 1235 198 51 animal
1217 1238 148 48 triste
1408 1237 105 48 est!

560 1321 328 54 ALBERTO
933 1321 279 53 SAVINIO

560 1488 533 87 CHANSON
1164 1491 147 84 DU
1380 1488 541 87 CACADOU

554 1629 68 50 de
669 1629 47 50 la
756 1630 141 50 tribu
944 1629 216 52 Aranda
1216 1632 192 49 extrait
1466 1630 70 50 du
1580 1630 215 50 volume
1839 1629 67 52 de
1950 1630 223 65 poèmes
2222 1630 199 66 nègres
2466 1633 229 51 traduits
2750 1647 97 52 par
2899 1632 72 52 Tr
3000 1633 175 52 Tzara

559 1714 85 70 (en
689 1717 366 65 préparation)

558 1833 62 51 ici
667 1834 215 65 pointes
924 1834 66 50 de
1035 1834 264 51 branches
1341 1835 385 50 certainement

557 1921 64 50 ici
667 1922 98 49 des
797 1922 184 66 grains
1018 1922 199 51 mélées
1247 1923 30 51 à
1310 1922 47 51 la
1388 1923 141 50 balle
1561 1924 382 49 certainement

555 2021 93 37 sur
691 2008 47 50 la
781 2008 153 66 place
977 2009 221 51 creusée
1241 2009 78 51 les
1363 2023 160 52 poser

557 2095 99 50 des
699 2108 151 37 amas
897 2097 99 50 des
1040 2111 152 36 amas
1232 2114 31 50 y
1310 2111 161 52 poser

555 2183 286 66 beaucoup
884 2183 210 52 d'amas
1137 2199 160 50 poser

555 2270 98 51 des
695 2284 152 38 amas
891 2272 97 51 des
1034 2286 150 37 amas
1228 2288 160 50 poser

554 2356 99 51 des
696 2371 151 37 amas
889 2359 98 50 des
1030 2373 150 38 amas
1225 2374 160 51 poser

553 2444 67 51 de
663 2446 202 66 grands
908 2462 155 35 amas
1106 2462 163 52 poser

553 2531 264 66 profonds
859 2548 153 37 amas
1056 2549 160 51 poser

553 2619 203 66 grands
799 2634 151 37 amas
996 2637 161 51 poser

551 2719 93 38 sur
685 2722 70 35 un
798 2722 152 38 amas
996 2724 183 37 verser

551 2793 99 53 des
694 2811 216 51 noyaux
958 2812 214 51 germes
1217 2799 98 51 des
1360 2816 215 52 noyaux
1618 2803 212 66 germés

553 2882 97 51 des
694 2897 216 52 noyaux
951 2887 215 65 germés
1208 2888 234 51 couchés
1485 2891 184 49 brunir

551 2970 99 50 des
694 2985 214 52 noyaux
951 2976 216 63 germés
1209 2977 235 51 couchés
1487 2978 186 51 brunir

553 3057 99 52 des
695 3072 217 52 noyaux
957 3062 215 64 germés
1216 3064 216 52 veulent
1472 3065 183 53 frotter

550 3144 99 52 des
692 3160 216 53 noyaux
953 3150 214 63 germés
1209 3151 219 52 veulent
1470 3152 177 52 lécher

550 3262 168 50 ronde
760 3263 133 52 celle
938 3279 92 37 sur
1073 3267 79 51 les
1193 3268 228 52 collines
1462 3271 67 50 de
1573 3274 153 50 sable

551 3348 167 51 ronde
760 3349 134 52 celle
938 3366 91 37 sur
1072 3353 47 52 le
1164 3356 156 52 sable

551 3434 99 51 des
691 3450 189 39 cosses
922 3443 122 49 sont
1089 3441 47 52 là

549 3536 131 37 avec
722 3525 99 50 des
863 3527 278 53 cicatrices
1185 3530 245 54 fouetées
1473 3535 32 49 il
1548 3552 32 50 y
1622 3551 29 37 a
1696 3539 283 68 beaucoup
2022 3544 92 64 qui
2158 3544 250 54 donnent
2451 3546 48 53 là

551 3610 139 50 dans
732 3611 79 51 les
852 3627 234 52 gousses
1131 3627 123 41 sont
1297 3620 48 51 là
1388 3625 228 65 rangées

551 3709 133 37 avec
724 3697 99 51 des
864 3701 277 52 cicatrices
1185 3706 227 65 piquées
1453 3711 268 52 couchées
1768 3728 65 37 en
1876 3716 131 51 orde
2050 3732 65 36 en
2155 3718 94 53 file

558 3786 235 62 „mords,
837 3790 281 63 vraiment,
1161 3808 66 35 oo
1272 3795 156 51 blanc
1468 3800 238 52 cacadou
