2270 3756
142 188 77 36 434

779 191 143 30 COURS
955 195 59 27 DU
1049 188 201 36 COLLÈGE
1284 200 55 25 DE
1374 200 171 27 FRANCE

141 279 184 54 logique
347 289 66 33 est
433 288 140 48 coupé
594 297 54 28 en
665 286 112 40 deux
800 297 6 27 :
834 286 144 40 Robin
1001 303 36 24 m
1058 303 38 26 a.
1124 289 141 54 Après
1284 305 71 28 ces
1374 301 131 37 mots,
1529 293 28 40 il
1581 308 27 37 y
1630 308 21 26 a
1674 308 59 27 un
1757 297 138 51 point,
1919 308 86 30 une
2022 296 92 42 clau-

142 346 95 41 suie
272 353 87 35 très
377 358 118 34 nette
518 352 58 40 du
590 362 287 33 mouvement
895 355 268 54 mélodique.
1183 357 108 43 Puis
1312 372 57 28 on
1387 360 185 51 reprend
1590 376 7 23 :
1622 360 143 42 Robin
1787 364 81 40 m'a
1890 364 245 41 demandée.

142 414 72 42 On
235 429 141 38 songe
397 419 172 51 malgré
585 421 66 40 soi
675 425 22 37 à
721 424 219 39 certaines
962 424 224 42 chansons
1210 428 253 52 modernes,
1483 430 75 51 qui
1601 438 101 33 sont
1738 430 144 52 plutôt
1923 433 77 40 des
2024 434 112 39 scies

141 485 25 39 d
188 485 169 48 atelier,
381 495 42 32 et
452 494 56 34 où
528 503 60 26 un
608 498 108 39 mot,
741 495 140 48 coupé
904 504 53 28 en
978 493 131 47 deux,
1131 500 192 45 suggère
1345 494 185 44 d'abord
1553 512 58 26 un
1664 512 102 28 sens
1802 501 76 50 qui
1919 500 92 42 doit
2045 505 91 37 être

141 555 173 40 ensuite
335 553 271 44 abandonné
626 571 112 38 pour
761 573 58 26 un
861 573 101 27 sens
987 569 94 33 tout
1102 570 139 42 autre,
1277 564 182 53 lorsque
1496 566 39 40 le
1566 574 91 33 mot
1695 576 68 33 est
1801 569 237 52 complété.
2062 569 69 42 En

141 621 258 53 employant
435 623 40 41 le
513 633 93 32 mot
648 637 20 26 «
702 627 380 42 disconvenances
1106 641 38 36 »,
1180 631 36 51 je
1255 644 110 28 veux
1411 632 94 41 dire
1544 636 121 38 aussi
1690 632 200 55 qu'assez
1925 645 206 42 souvent,

141 688 112 42 dans
268 689 62 41 les
350 692 192 51 paroles,
568 693 63 41 les
653 694 196 53 syllabes
871 698 208 51 toniques
1101 711 55 28 ne
1176 707 100 33 sont
1299 714 79 38 pas
1407 701 174 52 placées
1605 716 84 27 aux
1713 711 141 44 temps
1878 703 109 42 forts
2011 705 54 40 de
2088 706 39 39 la

142 769 192 37 mesure,
358 767 41 33 et
420 759 61 42 les
505 768 155 34 atones
684 776 82 28 aux
787 772 144 44 temps
946 764 179 50 faibles,
1149 780 174 29 comme
1361 768 112 42 dans
1497 783 70 27 ces
1590 783 99 28 vers
1711 768 160 56 (438-9)
1898 788 8 25 :

746 854 55 33 En
827 855 150 41 pareille
1006 858 231 42 compagnie,

747 903 55 33 On
829 905 76 33 doit
928 905 83 34 bien
1037 906 72 42 joie
1135 917 134 24 mener.

196 1003 62 42 Le
282 1008 162 40 second
465 1018 66 31 est
545 1021 112 28 ainsi
681 1015 102 37 noté
810 1027 6 25 :

195 1333 63 42 Le
273 1335 79 50 Jeu
373 1336 51 39 de
446 1335 142 41 Robin
613 1343 37 35 et
677 1338 51 40 de
750 1337 191 53 Marron,
964 1355 54 27 au
1054 1343 123 51 point
1205 1343 53 41 de
1286 1357 84 28 vue
1401 1346 203 51 musical,
1629 1356 66 33 est
1714 1362 60 27 un
1794 1350 221 42 médiocre
2039 1361 72 43 pot-

145 1404 151 51 pourri
329 1402 133 43 d'airs
499 1407 255 51 populaires
778 1406 257 53 (médiocre,
1073 1425 55 26 au
1152 1413 124 50 point
1299 1412 53 42 de
1375 1427 84 28 vue
1492 1415 58 40 du
1575 1415 169 43 théâtre
1766 1417 207 55 lyrique).
2005 1418 32 42 Il
2067 1429 68 33 est

140 1470 175 44 difficile
343 1473 54 41 de
429 1474 39 40 le
491 1476 188 50 prendre
708 1489 56 28 au
787 1479 187 40 sérieux.

194 1538 69 42 En
308 1542 215 52 principe,
564 1543 199 51 j'admire
805 1544 230 55 beaucoup
1078 1544 98 43 l'art
1216 1548 58 41 du
1317 1548 298 55 Moyen-Age,
1656 1561 41 33 et
1735 1554 38 52 je
1815 1557 114 38 crois
1981 1554 154 43 l'avoir

140 1614 167 47 prouvé
330 1609 431 44 surabondamment
782 1613 112 40 dans
915 1614 63 41 les
998 1618 243 49 premières
1262 1616 149 53 leçons
1432 1619 54 41 de
1506 1633 47 28 ce
1572 1634 145 28 cours.
1741 1623 51 54 Je
1815 1625 92 38 suis
1935 1625 55 40 de
2006 1623 125 43 l'avis

137 1676 53 41 de
204 1675 66 42 M.
296 1676 134 51 Mâle,
454 1680 74 51 qui
551 1693 22 26 a
593 1681 105 40 écrit
717 1680 112 41 dans
853 1695 59 27 un
932 1681 53 41 de
1004 1695 70 28 ses
1098 1683 140 43 beaux
1257 1685 132 42 livres
1407 1700 6 24 :
1434 1699 19 25 «
1477 1686 153 44 Parler
1646 1689 58 41 du
1721 1689 285 53 Moyen-Age
2020 1707 113 38 pour

138 1745 93 40 s'en
254 1759 189 39 moquer
465 1756 64 32 est
548 1747 40 41 le
611 1749 183 40 ridicule
813 1749 101 41 d'un
937 1760 123 32 autre
1078 1760 144 46 temps
1238 1768 86 38 que
1346 1755 41 41 le
1410 1759 143 38 nôtre.
1595 1770 20 24 »
1655 1756 116 43 Mais
1798 1769 111 32 cette
1947 1763 185 50 opinion

138 1826 22 27 a
184 1812 156 42 besoin
360 1813 135 42 d'être
517 1817 242 51 complétée
782 1818 114 40 ainsi
923 1831 8 27 :
956 1834 18 20 «
999 1817 65 43 Ne
1083 1821 146 51 parler
1247 1822 58 41 du
1326 1821 288 55 Moyen-Age
1632 1839 85 39 que
1738 1840 113 39 pour
1872 1829 194 41 admirer
2086 1844 46 26 ce

138 1879 106 55 qu'il
268 1896 21 27 a
311 1882 95 49 fait,
432 1887 133 38 serait
580 1900 60 25 un
660 1886 183 40 ridicule
863 1888 121 40 aussi
1013 1887 186 43 fâcheux
1223 1903 85 40 que
1336 1890 170 43 l'autre.
1544 1905 19 25 »
1605 1893 38 41 A
1683 1896 128 51 juger
1844 1896 121 42 l'état
2001 1898 55 41 de
2090 1898 40 41 la

137 1952 207 51 musique
366 1950 175 54 d'après
565 1967 60 27 un
646 1953 239 42 document
899 1968 171 28 comme
1095 1957 186 49 celui-ci,
1307 1958 29 41 il
1350 1968 65 32 est
1437 1961 265 52 impossible
1722 1963 55 40 de
1796 1977 54 28 ne
1882 1978 76 40 pas
1995 1968 137 40 sentir

136 2015 207 45 combien
366 2019 62 41 les
452 2029 89 32 arts
560 2020 57 41 du
640 2022 173 52 rythme
844 2032 101 32 sont
980 2037 54 28 en
1064 2027 144 39 retard
1251 2038 77 28 sur
1363 2028 63 41 les
1463 2037 89 33 arts
1592 2030 263 54 plastiques.
1896 2033 63 41 Le
1986 2033 72 48 Jeu
2083 2036 49 39 de

134 2085 145 41 Robin
296 2094 37 33 et
353 2088 51 39 de
418 2088 174 42 Marion
616 2095 143 47 paraît
781 2094 122 38 avoir
921 2097 67 36 été
1007 2095 105 40 écrit
1135 2103 122 33 entre
1289 2094 61 42 les
1371 2102 164 36 années
1563 2102 99 48 1283
1683 2108 40 33 et
1751 2099 120 53 1285.
1893 2100 238 54 Songeons

136 2157 23 36 à
185 2168 47 26 ce
251 2156 75 51 qui
345 2157 117 40 avait
485 2161 67 36 été
571 2157 96 53 déjà
695 2160 91 46 fait,
810 2163 22 35 à
866 2169 109 32 cette
1003 2165 189 48 époque,
1233 2175 55 28 en
1312 2165 291 41 architecture
1629 2165 8 39 !
1675 2166 121 42 L'art
1818 2182 158 28 roman
2010 2174 118 38 avait

136 2220 180 43 d'abord
359 2222 181 54 produit
575 2234 99 31 tous
712 2240 70 27 ses
822 2227 340 44 chefs-d'œuvre
1189 2240 7 31 :
1241 2231 40 41 la
1324 2232 253 42 cathédrale
1619 2232 213 51 d'Autun,
1869 2236 170 52 l'église
2078 2240 53 41 de

137 2290 204 54 Vézelay,
377 2293 62 40 les
477 2295 184 50 portails
695 2296 53 39 de
787 2295 294 43 Saint-Gilles
1124 2307 40 32 et
1211 2300 55 40 de
1305 2298 400 58 Saint-Trophime
1746 2305 191 51 d'Arles,
1978 2306 153 43 Saint-

137 2356 163 43 Sernin
319 2359 53 40 de
391 2358 241 51 Toulouse,
668 2361 300 43 Notre-Dame
1008 2365 60 40 du
1109 2366 105 40 Port
1256 2371 19 37 à
1313 2366 246 52 Clermont,
1604 2380 98 31 cent
1740 2381 147 33 autres
1926 2389 85 38 que
2050 2389 81 28 nos

137 2425 258 42 architectes
415 2429 236 41 modernes
669 2431 220 41 admirent
913 2445 104 27 sans
1041 2437 211 38 réserves.
1274 2434 86 42 Des
1380 2450 176 29 œuvres
1595 2452 173 28 comme
1803 2441 40 40 la
1884 2441 154 52 façade
2078 2445 52 39 de

136 2493 575 45 Notre-Dame-la-Grande
735 2503 22 37 à
781 2499 189 42 Poitiers
994 2514 57 28 ou
1074 2516 173 28 comme
1267 2504 38 41 le
1350 2507 160 51 portail
1549 2507 54 40 de
1643 2507 170 52 l'église
1845 2511 53 40 de
1939 2511 192 55 Vézelay

137 2574 245 42 supposent
405 2579 86 27 une
523 2568 169 39 science
708 2575 41 33 et
772 2583 57 25 un
852 2578 65 32 art
940 2570 53 40 de
1012 2570 39 40 la
1074 2574 316 51 composition,
1422 2589 59 26 un
1517 2578 242 39 sentiment
1787 2578 54 41 de
1863 2578 13 41 1
1896 2579 234 42 harmonie

136 2630 111 42 dans
289 2631 11 40 1
320 2632 228 41 invention
585 2636 207 40 créatrice
832 2638 75 50 qui
942 2650 53 27 en
1034 2635 78 44 fait
1152 2639 62 40 les
1260 2643 278 50 équivalents
1589 2641 133 44 d'une
1766 2648 266 51 symphonie
2078 2648 53 42 de

136 2697 270 51 Beethoven,
429 2701 25 39 d
472 2715 88 27 une
584 2701 137 52 fugue
744 2704 53 40 de
829 2704 121 42 Bach
974 2719 56 28 ou
1050 2706 53 41 de
1140 2706 184 43 Hsendel
1347 2720 8 38 ;
1382 2719 40 32 et
1453 2724 47 27 ce
1534 2720 100 32 sont
1669 2712 77 41 des
1766 2726 176 30 œuvres
1963 2715 60 42 du
2055 2732 58 26 xu
2117 2721 15 18 e

133 2768 131 41 siècle
287 2768 6 38 !
317 2767 151 53 Quant
486 2775 21 35 à
526 2771 11 39 1
557 2780 65 32 art
641 2772 233 52 gothique,
891 2779 55 35 né
966 2775 111 40 dans
1095 2776 11 39 1
1129 2773 330 46 Ile-de-France
1476 2780 194 52 pendant
1691 2782 40 40 la
1750 2785 215 49 première
1980 2787 152 40 moitié

134 2834 60 42 du
213 2851 57 24 xn
275 2841 16 18 e
311 2837 145 51 siècle,
479 2836 29 42 il
542 2839 114 40 avait
679 2839 97 53 déjà
800 2842 179 51 produit
1009 2841 303 44 Notre-Dame
1333 2846 51 40 de
1401 2846 128 42 Paris
1549 2859 8 36 ;
1582 2857 42 33 et
1646 2847 87 42 ceci
1756 2850 69 40 n'a
1865 2852 159 51 jamais
2064 2857 66 37 été

134 2904 204 52 dépassé.
359 2904 70 42 On
449 2916 66 31 est
537 2907 114 40 donc
673 2912 176 46 étonné,
875 2911 126 50 déçu,
1027 2922 59 29 on
1101 2914 133 49 reçoit
1255 2927 86 28 une
1373 2916 268 52 impression
1661 2921 75 49 qui
1761 2923 140 37 arrête
1935 2921 40 40 le
2006 2936 94 27 mou-

133 2982 177 30 vement
331 2974 172 41 naturel
521 2975 53 40 de
598 2973 300 44 l'admiration
921 2987 40 32 et
984 2977 198 44 l'attente
1201 2980 54 41 de
1276 2982 40 39 la
1355 2984 265 52 sympathie,
1661 2988 150 51 quand
1854 3001 56 28 on
1943 2991 90 39 voit
2070 3005 58 25 un

134 3038 144 43 Adam
298 3040 54 41 de
374 3041 39 40 la
441 3040 125 43 Halle
589 3052 126 33 noter
738 3046 120 40 aussi
893 3058 289 41 pauvrement
1219 3063 69 27 ses
1313 3064 20 26 «
1376 3052 98 52 jeux
1510 3066 38 36 »,
1584 3067 104 28 sans
1724 3055 272 51 originalité,
2024 3072 104 27 sans

133 3109 203 52 ampleur
357 3111 43 38 ni
421 3113 229 40 invention
672 3114 269 53 mélodique,
968 3129 102 28 avec
1091 3132 58 26 un
1167 3127 66 33 art
1258 3119 200 43 enfantin
1474 3130 41 32 et
1529 3124 189 48 gauche,
1738 3124 129 42 d'une
1892 3127 238 53 technique

133 3176 324 53 insignifiante,
482 3180 230 52 dépourvu
733 3195 54 27 en
811 3195 172 29 somme
1004 3184 84 42 des-
1106 3186 189 52 qualités
1319 3191 77 50 qui
1421 3187 94 44 font
1531 3189 183 44 l'artiste
1738 3195 230 39 musicien.
1989 3194 139 44 Notre

133 3245 121 40 seule
277 3259 228 29 ressource
527 3257 67 32 est
621 3248 54 41 de
695 3262 158 38 penser
879 3250 221 53 qu'Adam
1131 3254 235 43 lui-même
1388 3259 268 40 considérait
1677 3260 37 40 le
1740 3260 84 49 Jeu
1855 3261 50 39 de
1926 3261 144 42 Robin
2094 3271 37 33 et

133 3313 50 40 de
213 3312 174 42 Marion
420 3328 173 28 comme
635 3314 179 56 n'ayant
849 3332 79 40 pas
968 3322 172 48 grande
1181 3325 276 50 importance
1483 3337 8 38 ;
1526 3330 36 37 si
1601 3327 101 41 telle
1735 3342 53 27 ne
1830 3328 65 44 fut
1924 3345 80 38 pas
2042 3346 83 28 son

134 3382 202 51 opinion,
359 3383 103 42 c'est
482 3398 55 27 au
557 3387 146 39 moins
726 3401 80 38 par
824 3387 83 40 elle
926 3402 85 38 que
1034 3391 38 50 je
1095 3391 196 42 conclus.

1469 3462 122 53 Jules
1614 3463 285 44 COMBARIEU.
