2270 3756
357 221 76 27 LES
468 220 190 30 SONATES
691 224 55 26 DE
780 224 128 29 PIANO
944 225 54 26 DE
1032 226 259 28 BEETHOVEN
1316 225 7 28 !
1361 229 49 28 LA
1444 228 163 27 SONATE
1642 228 250 29 PASTORALE

2033 226 88 43 421

139 312 197 55 parfaite.
365 312 124 42 Ainsi
507 318 206 49 compris,
741 317 39 39 le
801 317 367 52 développement
1188 333 53 27 ne
1265 325 141 47 paraît
1431 322 97 51 plus
1549 322 209 51 procéder
1778 321 76 41 des
1876 320 243 53 classiques

139 383 230 48 exigences
388 380 130 43 d'une
543 384 251 53 rhétorique
828 386 106 39 dont
955 386 37 39 le
1011 386 170 51 danger
1206 401 94 27 sera
1324 390 133 41 d'être
1496 399 95 42 trop
1638 397 185 34 souvent
1859 387 257 43 artificielle.

139 449 30 40 11
192 462 43 27 se
253 449 189 41 confond
461 452 35 39 si
517 453 338 40 naturellement
877 468 101 27 avec
1001 452 252 44 l'évolution
1270 457 75 39 des
1369 458 211 40 mélodies
1602 460 132 38 mises
1772 471 52 26 en
1848 470 148 27 œuvre
2014 454 103 54 qu'il

138 526 64 33 est
225 517 262 53 impossible
519 521 52 39 de
603 521 222 40 discerner
844 536 46 28 ce
909 524 74 52 qui
999 531 64 32 est
1086 529 217 49 spontané
1333 525 148 42 d'avec
1522 540 45 27 ce
1603 529 74 51 qui
1717 540 93 26 sera
1852 526 242 41 volontaire-

141 595 117 32 ment
280 586 176 42 élaboré
473 601 77 38 par
573 587 194 42 l'artiste.

194 653 112 52 Quel
332 668 84 38 que
440 658 83 38 soit
548 657 38 39 le
607 657 179 41 charme
806 663 230 46 pénétrant
1057 668 40 32 et
1127 661 115 40 voilé
1265 661 51 40 de
1356 675 79 26 son
1470 663 214 52 principal
1706 663 161 49 thème,
1889 660 229 41 YÀndante

140 723 52 39 de
212 722 39 40 la
270 721 158 41 Sonate
445 724 211 50 pastorale
685 734 114 32 reste
821 740 121 28 assez
963 728 90 40 loin
1077 728 52 40 de
1153 742 45 26 ce
1222 730 280 40 merveilleux
1532 730 198 53 Allegro.
1758 730 30 40 Il
1811 738 65 33 est
1915 731 119 40 aussi
2067 730 52 39 de

139 792 300 39 construction
456 791 226 54 beaucoup
706 795 99 51 plus
829 796 171 51 simple.
1021 794 117 42 C'est
1160 811 58 26 un
1246 798 144 40 thème
1414 802 21 35 à
1460 799 109 39 deux
1590 800 204 50 reprises,
1809 813 52 26 en
1877 802 41 37 ré
1938 799 178 47 mineur,

139 863 160 47 exposé
318 859 112 40 deux
471 859 84 42 fois
578 874 7 26 :
613 862 281 52 simplement
936 872 92 32 tout
1066 864 198 48 d'abord,
1308 879 101 28 avec
1444 867 77 39 des
1561 868 241 39 variations
1844 867 274 51 mélodiques

140 927 110 39 dans
273 927 38 39 le
333 932 108 44 goût
463 928 53 40 de
549 928 159 53 Haydn
728 939 41 31 et
792 931 52 40 de
866 930 185 50 Mozart,
1079 933 146 50 quand
1249 933 28 40 il
1303 938 246 47 réapparaît
1573 935 36 38 la
1635 935 242 40 deuxième.
1898 934 136 40 Entre
2056 935 62 38 les

140 995 111 39 deux
275 996 272 50 expositions
571 995 245 42 s'intercale
836 1013 59 26 un
934 1000 181 51 épisode
1139 1013 51 27 en
1212 1001 182 50 majeur,
1417 1002 53 39 de
1486 1007 217 34 caractère
1726 1002 64 39 vif
1802 1010 40 32 et
1874 1002 162 40 décidé.
2058 1000 61 41 Le

140 1070 234 40 contraste,
393 1069 86 34 très
501 1064 209 51 heureux,
725 1067 194 51 rappelle
942 1081 121 27 assez
1086 1069 109 39 celui
1228 1069 58 40 du
1310 1069 79 40 trio
1425 1077 40 32 et
1487 1070 76 40 des
1587 1071 188 52 reprises
1794 1070 57 40 du
1879 1076 162 33 menuet
2063 1082 56 27 ou

140 1131 58 39 du
237 1129 166 40 scherzo
436 1131 234 53 classique.
711 1132 187 43 Comme
927 1143 186 33 souvent
1141 1149 54 27 en
1232 1150 44 26 ce
1299 1150 133 36 genre
1472 1137 52 39 de
1558 1150 248 35 morceaux,
1847 1137 269 48 Beethoven,

140 1199 111 40 dans
264 1198 37 39 la
318 1204 85 35 très
424 1208 149 33 courte
597 1201 105 38 coda
720 1203 74 50 qui
814 1202 59 41 lui
893 1211 86 32 sert
1000 1203 53 40 de
1077 1204 271 47 conclusion,
1375 1204 77 40 fait
1479 1218 154 27 encore
1662 1206 210 39 entendre
1906 1205 214 51 quelques

142 1279 196 28 mesures
358 1267 52 40 de
430 1281 46 27 ce
499 1269 160 39 second
693 1269 163 48 thème,
877 1284 53 26 en
947 1272 173 39 mineur
1142 1280 108 32 cette
1273 1271 98 41 fois.
1409 1271 176 41 Artifice
1621 1275 74 49 qui
1720 1286 152 28 assure
1891 1274 204 48 ingénieu-

142 1343 170 32 sement
349 1333 152 43 l'unité
524 1333 127 43 d'une
672 1338 118 50 pièce
812 1345 56 33 où
891 1338 110 40 deux
1030 1339 212 40 mélodies
1281 1339 250 42 différentes
1562 1338 246 56 s'exposent
1847 1342 246 39 successive-

143 1411 134 39 ment,
301 1416 103 27 sans
426 1407 90 37 être
540 1414 292 31 aucunement
852 1406 308 52 développées.

198 1469 30 40 Il
250 1473 131 37 serait
402 1484 121 28 assez
548 1472 183 41 malaisé
754 1474 52 38 de
826 1472 214 53 spécifier,
1060 1483 246 33 autrement
1330 1488 83 40 que
1433 1490 79 38 par
1534 1477 52 39 de
1620 1489 166 37 vagues
1825 1475 228 52 épithètes,
2081 1474 38 40 le

146 1544 217 35 caractère
384 1540 218 52 expressif
619 1540 58 40 du
701 1541 145 41 thème
870 1555 52 26 en
950 1545 42 37 ré
1014 1542 164 40 mineur
1203 1558 8 25 :

202 2218 63 40 La
299 2218 160 52 phrase
491 2225 65 33 est
593 2218 251 49 chantante,
880 2231 105 27 sans
1016 2218 168 49 grande
1222 2218 286 52 profondeur,
1545 2227 40 32 et
1611 2217 103 42 d'un
1754 2218 175 40 charme
1964 2219 159 41 discret

147 2286 161 51 auquel
329 2286 38 39 la
392 2286 177 39 marche
589 2292 180 33 staccato
794 2285 78 40 des
893 2284 154 41 basses
1070 2285 173 41 confère
1268 2286 190 52 quelque
1481 2286 129 39 chose
1634 2286 52 39 de
1709 2288 264 49 mystéri-eux
1994 2294 40 32 et
2070 2286 53 40 de

146 2363 226 32 nocturne.
409 2352 62 41 La
496 2353 186 40 seconde
706 2355 165 50 reprise
894 2361 64 32 est
986 2357 218 48 peut-être
1223 2368 58 26 un
1302 2366 83 39 peu
1409 2354 97 51 plus
1541 2356 261 49 passionnée
1821 2367 101 26 avec
1945 2367 68 26 ses
2034 2354 66 39 dis-

148 2436 215 27 sonances
386 2426 256 36 accentuées
663 2426 20 35 à
706 2430 333 43 contre-temps.
1066 2421 115 40 Mais
1201 2430 109 31 cette
1329 2423 179 50 passion
1532 2434 53 27 ne
1606 2436 52 24 va
1679 2435 78 38 pas
1782 2421 101 40 bien
1921 2420 106 41 loin.
2070 2420 54 41 Et

148 2493 35 38 si
206 2491 87 40 l'on
317 2490 226 40 considère
564 2503 85 37 que
677 2490 38 40 le
740 2500 283 30 mouvement
1042 2488 59 54 (J>
1126 2507 48 14 =
1204 2487 92 53 104)
1329 2497 63 31 est
1414 2497 93 31 tout
1531 2493 19 35 à
1575 2488 78 41 fait
1674 2490 109 38 celui
1808 2488 101 40 d'un
1926 2490 197 49 andante,

149 2572 102 27 sans
275 2570 168 28 aucune
463 2558 183 47 lenteur,
673 2570 55 27 on
757 2570 54 27 ne
835 2570 96 28 sera
952 2558 98 50 plus
1074 2561 116 35 tenté
1212 2554 265 52 d'exagérer,
1504 2555 83 41 fort
1611 2556 85 40 mal
1721 2561 19 34 à
1766 2570 179 38 propos,
1971 2558 38 38 le
2032 2569 72 27 sen-

149 2629 154 38 timent
325 2626 51 39 de
415 2634 109 32 cette
547 2627 133 49 pièce.
704 2624 74 42 W.
804 2626 52 39 de
877 2624 133 50 Lenz,
1035 2639 59 25 un
1117 2624 52 39 de
1192 2637 102 27 ceux
1319 2626 73 48 qui
1417 2632 74 30 ont
1514 2624 38 39 le
1585 2624 98 50 plus
1707 2624 228 40 contribué
1950 2639 28 25 e
2010 2629 118 35 créer

148 2695 38 38 la
209 2693 186 50 légende
411 2693 57 39 du
491 2692 254 40 Beethoven
766 2692 346 40 uniformément
1133 2692 255 50 pathétique
1408 2699 40 31 et
1467 2691 232 51 désespéré
1718 2700 145 31 contre
1887 2692 187 50 laquelle
2098 2692 28 38 il

148 2761 108 40 n'est
281 2773 84 40 que
388 2768 141 44 temps
548 2760 52 40 de
625 2761 159 48 réagir,
809 2758 66 42 n'a
901 2773 78 38 pas
1012 2760 112 38 évité
1147 2772 45 26 ce
1216 2767 181 31 travers.
1433 2757 61 41 Ce
1514 2760 106 50 petit
1649 2759 198 46 andante,
1873 2772 84 26 une
1995 2758 132 52 idylle

147 2829 259 49 villageoise
430 2841 52 26 au
503 2826 106 41 clair
625 2827 52 40 de
697 2827 102 40 lune
821 2834 91 32 tout
936 2840 54 26 au
1004 2826 99 52 plus
1122 2824 52 52 (si
1194 2822 86 43 l'on
1300 2826 106 39 tient
1425 2829 20 35 à
1467 2838 83 26 une
1573 2826 330 50 interprétation
1921 2827 207 50 poétique

149 2896 37 41 le
211 2894 245 41 rattachant
478 2907 53 27 au
556 2894 97 40 titre
672 2894 53 40 de
751 2893 39 41 la
815 2891 187 51 sonate),
1025 2892 29 40 il
1078 2905 53 27 en
1152 2890 76 42 fait
1251 2900 95 32 tout
1369 2906 56 26 un
1451 2897 155 46 poème
1636 2890 200 42 funèbre.
1870 2905 19 25 «
1968 2892 158 54 adagio

150 2963 67 51 2/4
237 2976 53 27 en
306 2965 44 36 ré
372 2961 165 40 mineur
543 2991 9 17 ,
574 2960 176 50 écrit-il,
775 2960 39 40 la
839 2968 142 32 statue
1003 2960 57 40 du
1082 2958 333 42 Commandeur
1438 2960 140 39 aurait
1597 2973 58 38 pu
1691 2960 39 40 le
1768 2959 92 41 dire
1898 2960 110 40 dans
2047 2973 80 27 son

149 3032 234 38 cimetière.
408 3041 19 25 »
446 3027 127 41 Voilà
597 3027 99 40 bien
720 3028 58 40 du
802 3028 289 39 romantisme
1114 3026 168 47 inutile,
1307 3039 102 27 avec
1430 3040 58 26 un
1510 3034 256 33 contresens
1786 3040 53 26 en
1863 3027 113 52 plus.

204 3097 34 40 L
244 3111 21 26 Q
280 3097 181 45 scherzo,
485 3101 84 34 très
597 3103 139 37 court,
763 3102 64 32 est
846 3108 59 26 un
929 3094 200 51 spirituel
1166 3092 221 51 badinage
1412 3094 250 52 rythmique
1696 3092 129 42 d'une
1869 3095 260 39 étincelante

152 3166 218 39 fantaisie.
397 3163 87 40 Pas
507 3163 52 39 de
583 3163 161 46 thème,
769 3166 20 35 à
814 3170 282 43 proprement
1120 3161 157 52 parler.
1312 3160 168 52 Quatre
1505 3163 134 38 séries
1656 3162 52 39 de
1729 3170 155 44 quatre
1912 3170 140 40 notes,
2077 3176 53 25 en

152 3241 153 44 quatre
328 3244 196 28 mesures
538 3235 194 47 répétées
744 3243 74 26 sur
839 3237 153 44 quatre
1010 3236 189 41 octaves,
1219 3229 37 39 la
1280 3231 129 38 tierce
1423 3229 57 39 du
1503 3238 73 31 ton
1597 3229 198 51 d'abord,
1818 3230 37 39 la
1876 3230 255 40 dominante

151 3303 185 44 ensuite,
363 3304 203 47 séparées
587 3299 168 50 chaque
778 3296 85 41 fois
885 3311 79 37 par
987 3309 84 27 une
1087 3295 186 42 formule
1296 3297 52 39 de
1371 3297 184 39 cadence
1580 3297 172 52 (quatre
1775 3310 197 27 mesures
2013 3300 118 37 aussi

151 3383 54 26 en
233 3377 125 31 notes
379 3367 155 40 brèves
555 3375 40 31 et
614 3366 207 51 rapides).
842 3365 117 40 C'est
981 3373 117 32 toute
1122 3365 39 39 la
1181 3366 215 49 première
1420 3366 179 50 reprise,
1622 3374 41 31 et
1681 3365 38 39 la
1744 3366 187 39 seconde
1947 3366 186 50 procède

152 3436 249 50 également
435 3435 54 40 de
527 3435 38 39 la
602 3438 143 35 même
764 3433 201 40 formule.
993 3431 107 41 C'en
1133 3440 64 32 est
1220 3445 121 27 assez
1383 3445 110 38 pour
1531 3432 199 40 charmer
1775 3433 358 41 délicieusement

153 3503 198 49 l'oreille,
376 3504 238 39 intéressée
633 3516 81 37 par
735 3501 279 41 l'astucieuse
1034 3500 255 40 délicatesse
1308 3501 51 39 de
1384 3513 68 27 ces
1477 3501 277 50 oppositions
1776 3500 53 41 de
1852 3501 184 52 rythme.
2062 3501 69 41 Un
