2270 3756
767 226 143 26 COURS
943 226 58 26 DU
1036 218 196 34 CÔLLÈGE
1266 226 55 25 DE
1356 222 170 28 FRANCE

152 225 79 36 432

210 315 32 39 Il
264 330 26 37 y
310 329 53 25 en
384 329 22 25 a
433 330 62 35 32.
522 314 165 41 Toutes
711 324 99 30 sont
833 315 76 40 des
927 317 249 50 monodies,
1213 321 86 35 très
1322 313 183 53 simples
1525 320 41 33 et
1589 318 86 35 très
1699 312 151 40 sèches
1875 325 9 35 ;
1913 312 170 50 malgré
2107 313 37 39 le

151 383 92 40 zèle
259 383 53 40 de
348 385 188 38 certains
577 383 194 40 éditeurs
811 383 250 48 modernes,
1086 382 107 41 elles
1216 397 54 27 ne
1294 384 181 39 laissent
1499 381 123 52 place
1646 385 21 34 à
1704 392 170 28 aucune
1898 378 246 53 hypothèse

151 459 267 33 concernant
456 466 59 26 un
558 460 423 43 accompagnement
1025 451 312 41 instrumental
1374 451 75 52 qui
1489 450 132 40 serait
1657 449 113 39 omis
1809 461 80 38 par
1924 447 38 40 le
1985 447 156 48 scribe,

152 520 325 41 sous-entendu
497 533 56 27 ou
578 519 153 52 perdu.

206 588 237 52 Beaucoup
464 588 122 40 n'ont
607 602 85 38 que
715 588 95 40 huit
830 601 199 27 mesures
1052 588 218 52 (toujours
1292 591 21 35 à
1339 600 18 37 3
1384 586 177 52 temps).
1585 585 68 40 En
1696 583 198 52 général,
1922 583 108 41 elles
2068 592 74 31 ont

150 656 40 40 la
210 669 159 27 saveur
390 656 78 40 des
492 656 87 40 airs
602 656 256 52 populaires
875 672 7 24 :

202 1253 81 42 Cet
303 1255 338 50 aristocratique
680 1267 17 21 «
724 1253 161 50 flageol
908 1249 197 57 d'argent
1126 1263 20 26 »
1171 1265 54 27 ne
1249 1251 221 42 s'accorde
1492 1257 136 45 guère
1659 1265 103 28 avec
1785 1252 62 41 les
1881 1259 147 32 autres
2066 1250 48 41 dé-

148 1323 100 40 tails
271 1322 108 40 delà
401 1324 135 51 pièce,
562 1319 102 43 d'un
688 1321 204 41 réalisme
923 1322 35 39 si
997 1333 165 40 pauvre
1185 1329 40 32 et
1247 1322 36 39 si
1301 1329 162 46 paysan
1472 1351 7 9 .
1504 1318 67 56 J'y
1611 1321 94 40 vois
1728 1319 39 41 le
1787 1321 128 49 signe
1937 1317 104 42 d'un
2067 1319 46 40 dé-

146 1404 259 40 marquage.
448 1390 240 52 Populaire
731 1391 136 46 aussi,
906 1404 54 26 au
999 1404 75 25 xm
1079 1394 15 17 e
1127 1389 145 50 siècle,
1313 1390 105 39 était
1441 1397 109 32 cette
1588 1388 260 41 charmante
1873 1387 205 51 mélodie,
2101 1388 35 39 si

146 1460 162 40 allante
327 1468 41 34 e.t
391 1460 35 39 si
449 1460 112 49 vive,
588 1460 74 50 qui
685 1457 79 41 fait
801 1459 114 39 suite
936 1462 20 34 à
988 1457 106 41 celle
1114 1470 84 39 que
1231 1458 37 51 je
1291 1458 123 40 viens
1437 1458 54 39 de
1513 1458 106 40 citer
1637 1472 8 24 :

194 2058 117 41 Mais
334 2060 341 49 gardons-nous
695 2060 102 40 bien
818 2060 53 40 de
893 2062 96 39 voir
1008 2061 39 40 là
1072 2076 58 25 un
1149 2062 223 51 spécimen
1395 2060 58 41 du
1475 2059 134 41 talent
1629 2057 187 43 d'Adam
1839 2057 54 41 de
1915 2058 39 40 la
1976 2057 127 41 Halle
2120 2060 7 37 !

139 2126 125 42 Cette
288 2128 190 40 mélodie
502 2141 45 27 se
570 2137 152 32 trouve
744 2128 247 53 (beaucoup
1029 2129 100 52 plus
1169 2129 145 52 ample
1355 2137 40 32 et
1430 2126 236 54 complète)
1708 2127 112 40 dans
1861 2141 60 26 un
1959 2126 170 41 célèbre

139 2198 243 38 manuscrit
410 2196 54 40 de
501 2195 300 54 Montpellier,
842 2197 107 40 dont
981 2197 61 40 les
1080 2199 144 51 pièces
1260 2206 76 31 ont
1369 2201 68 36 été
1475 2197 254 40 transcrites
1764 2210 79 38 par
1876 2194 60 40 M.
1980 2194 150 40 Pierre

137 2264 169 52 Aubry.
349 2263 125 42 Nous
498 2263 185 42 n'avons
706 2267 52 38 ici
777 2264 134 53 qu'un
934 2274 208 43 emprunt
1164 2266 156 51 partiel
1358 2269 20 36 à
1400 2278 86 27 une
1525 2265 296 51 composition
1865 2264 75 51 qui
1961 2262 168 41 semble

138 2335 123 40 avoir
282 2333 78 40 fait
380 2334 140 50 partie
555 2333 57 40 du
654 2333 209 41 domaine
885 2333 165 52 public.
1092 2333 87 51 (Cf.
1204 2348 59 27 un
1299 2342 112 32 texte
1432 2331 267 43 d'Eustache
1715 2332 54 41 de
1793 2332 232 49 Fontaine,
2047 2332 83 39 cité

137 2416 79 39 par
234 2400 201 51 Bartsch,
461 2414 42 38 p.
539 2401 116 52 260,)

191 2470 145 40 Adam
360 2468 71 51 (au
450 2483 41 25 v.
513 2471 99 48 442)
630 2468 78 41 fait
727 2483 216 40 proposer
974 2484 78 39 par
1090 2485 59 26 un
1191 2471 53 39 de
1285 2483 70 27 ses
1396 2481 304 41 personnages
1724 2483 59 26 un
1803 2469 69 51 jeu
1893 2467 53 41 de
1968 2469 161 39 société

136 2540 75 51 qui
254 2535 108 43 n'est
400 2542 136 45 guère
577 2551 53 26 en
666 2547 181 44 rapport
885 2552 101 27 avec
1021 2539 37 39 la
1097 2538 227 41 condition
1362 2538 77 40 des
1481 2537 164 47 Robin,
1679 2537 78 40 des
1783 2535 175 41 Marion
1993 2545 41 32 et
2053 2535 76 41 des

139 2606 139 41 Huart
302 2619 9 26 :
338 2606 36 39 le
397 2605 67 50 jeu
487 2606 70 39 des
576 2605 87 40 rois
684 2612 36 33 et
736 2607 70 38 des
823 2606 133 40 reines
971 2606 15 51 {
992 2609 90 50 pris
1105 2621 79 38 par
1199 2606 108 54 Jean
1326 2607 52 39 de
1395 2605 157 41 Condé
1568 2618 113 40 pour
1695 2605 127 40 cadre
1840 2603 102 42 d'un
1959 2603 169 42 fabliau

134 2675 35 39 le
186 2673 169 41 Sentier
374 2674 113 39 battu
493 2705 9 16 ,
529 2674 106 40 dont
657 2674 39 40 la
722 2680 128 35 scène
873 2688 46 26 se
961 2688 130 39 passe
1124 2676 111 39 dans
1254 2688 86 28 une
1369 2674 247 41 assemblée
1639 2674 54 40 de
1717 2674 266 49 seigneurs).
2011 2671 116 41 Mais

132 2743 30 39 il
184 2756 54 26 va
259 2742 100 52 plus
379 2742 106 40 loin.
512 2740 32 42 Il
568 2742 78 41 fait
666 2743 183 41 chanter
871 2747 21 36 à
911 2743 174 41 Marion
1109 2752 40 32 et
1170 2747 21 37 à
1215 2742 147 42 Robin
1386 2743 63 40 les
1472 2742 177 53 paroles
1682 2743 226 39 suivantes
1945 2742 57 50 (v.
2049 2753 77 27 220

140 2819 41 32 et
205 2808 132 54 suiv.)
365 2823 8 27 :

650 2914 140 32 Marion
798 2939 8 8 .
851 2914 134 40 Robin,
1012 2925 64 29 par
1098 2912 102 35 l'âme
1221 2916 18 31 à
1259 2922 63 25 ton
1350 2916 98 38 père,

847 2963 138 33 Sais-tu
1009 2964 130 32 danser
1160 2974 68 22 aux
1249 2963 134 33 soirées
1400 2964 13 31 }

671 3010 129 35 Robin.
852 3012 86 40 Oui,
958 3012 74 40 oui,
1054 3024 64 29 par
1136 3016 9 29 1
1162 3017 77 29 âme
1259 3015 92 31 àma
1371 3015 114 37 mère,

844 3062 94 32 Mais
955 3062 64 41 fai
1042 3063 77 31 bien
1136 3064 119 30 moins
1278 3064 40 29 de
1337 3064 150 31 cheveux

972 3113 138 31 Devant
1127 3124 64 30 que
1218 3113 163 39 derrière,

844 3161 95 32 Belle
945 3186 8 15 y
974 3163 129 31 devant
1117 3173 63 32 que
1194 3163 165 32 derrière»

184 3303 63 41 Ce
266 3303 150 51 détail,
451 3304 75 51 qui
548 3308 129 48 après
701 3303 38 41 le
763 3312 192 32 serment
980 3316 20 24 «
1021 3317 80 38 par
1122 3302 128 42 l'âme
1276 3307 22 36 à
1317 3318 69 26 ma
1409 3304 118 40 mère
1548 3316 19 25 »
1593 3317 112 27 nous
1723 3307 141 48 paraît
1884 3306 242 40 constituer

129 3386 58 25 un
209 3370 285 54 coq-à-l'âne,
520 3380 64 32 est
609 3373 112 39 ainsi
744 3375 249 37 commenté
1014 3386 78 38 par
1113 3370 62 41 M.
1195 3371 216 51 Langlois
1428 3383 9 29 :
1465 3385 19 25 «
1509 3370 84 42 Les
1630 3372 132 40 clercs
1802 3381 101 33 sont
1939 3382 186 32 souvent

128 3444 277 47 représentés
445 3440 112 40 dans
575 3440 64 41 les
683 3441 260 39 miniatures
966 3440 77 40 des
1066 3442 268 39 manuscrits
1359 3454 102 26 avec
1497 3440 39 39 le
1577 3439 161 41 devant
1758 3440 53 40 de
1835 3441 39 40 la
1900 3455 223 29 couronne

130 3506 167 41 formée
337 3523 77 37 par
453 3508 39 40 la
534 3517 181 32 tonsure
757 3521 191 39 presque
988 3521 87 38 ras,
1116 3509 148 40 tandis
1289 3520 84 40 que
1392 3521 80 39 par
1507 3507 191 41 derrière
1722 3509 62 40 les
1807 3509 194 42 cheveux
2025 3519 100 32 sont
