2270 3756
218 237 2 0 418

367 204 74 26 LES
478 204 193 27 SONATES
707 206 54 25 DE
796 206 129 28 PIANO
959 208 56 25 DE
1050 206 259 28 BEETHOVEN
1337 203 7 29 :
1381 208 50 26 LA
1464 208 167 28 SONATE
1665 209 250 27 PASTORALE

195 1242 229 54 Quelques
444 1256 199 28 mesures
668 1244 52 40 de
744 1246 124 39 traits
891 1245 177 52 rapides
1091 1245 304 51 (diatoniques
1421 1245 236 51 toujours),
1684 1249 232 36 accentués
1940 1253 92 33 tant
2056 1248 83 39 soit

141 1326 82 39 peu
247 1326 78 38 par
347 1312 77 40 des
449 1313 181 39 accords
665 1326 191 40 presque
894 1315 261 51 impérieux,
1181 1319 231 35 ramènent
1435 1314 39 38 la
1517 1313 205 40 mélodie.
1759 1312 96 40 Elle
1878 1322 65 31 est
1978 1313 161 41 établie

139 1390 110 32 cette
269 1381 84 40 fois
374 1394 77 27 sur
466 1381 39 39 la
531 1383 153 50 quinte
715 1382 54 40 de
789 1381 187 41 l'accord
999 1396 52 27 au
1077 1382 87 40 lieu
1185 1382 53 40 de
1261 1382 39 40 la
1316 1385 146 45 tierce,
1483 1395 104 27 sans
1613 1395 85 39 que
1714 1381 39 40 la
1773 1381 183 41 tonalité
1970 1381 170 51 change

139 1449 241 41 d'ailleurs.
402 1448 86 41 Les
512 1454 168 36 mêmes
701 1452 124 39 traits
849 1461 9 28 :
879 1453 99 50 puis
999 1464 86 27 une
1107 1464 179 37 gamme
1308 1459 228 32 montante
1559 1451 52 39 de
1637 1450 113 41 deux
1774 1459 192 40 octaves,
1999 1464 142 27 venue

139 1520 77 39 des
238 1516 296 53 profondeurs
555 1519 76 40 des
651 1518 171 48 basses,
845 1533 53 26 en
916 1520 276 41 decrescendo
1199 1550 10 18 ,
1237 1521 74 50 qui
1330 1521 121 39 vient
1475 1519 203 41 s'arrêter
1702 1532 73 27 sur
1800 1519 38 40 la
1863 1519 275 41 dominante.

140 1586 96 41 Elle
258 1590 156 35 amène
437 1586 38 39 la
501 1587 188 40 cadence
709 1586 201 53 parfaite.

194 1655 97 41 Une
312 1662 150 33 courte
479 1655 178 51 phrase,
683 1669 54 27 en
760 1669 235 40 syncopes,
1018 1656 213 41 conduira
1270 1656 172 53 jusqu'à
1469 1656 39 40 la
1533 1658 184 50 reprise,
1756 1669 78 38 par
1859 1669 83 27 une
1964 1669 178 37 gamme

140 1723 297 40 descendante
452 1726 92 49 qui,
579 1738 75 28 sur
677 1726 104 53 le/a
806 1725 111 40 dièse
955 1725 77 41 des
1068 1725 171 51 basses,
1276 1740 52 25 va
1368 1725 220 53 rejoindre
1626 1725 41 40 la
1710 1725 158 51 pédale
1910 1725 53 41 de
2006 1728 44 36 ré
2084 1725 57 40 du

141 1791 151 43 début.

198 2284 121 40 Pour
338 2284 241 41 enchaîner
601 2284 38 40 la
663 2296 19 27 2
689 2289 15 17 e
727 2286 183 51 reprise,
936 2298 47 26 ce
1013 2285 59 54 fa
1095 2284 106 39 dièse
1224 2284 176 40 devient
1424 2285 156 52 pédale
1620 2288 21 36 à
1677 2298 80 26 son
1783 2293 113 31 tour.
1935 2283 208 41 Entendu

141 2353 110 48 seul,
275 2366 172 28 comme
471 2353 38 39 la
532 2366 180 37 gamme
736 2355 75 49 qui
844 2353 39 39 le
903 2357 202 47 prépare,
1130 2353 30 39 il
1178 2352 132 40 laisse
1328 2351 183 41 l'oreille
1531 2353 194 39 indécise
1750 2366 74 26 sur
1844 2353 39 39 la
1916 2352 184 40 tonalité
2124 2356 19 35 à

139 2423 138 38 venir.
303 2420 135 42 Est-il
463 2423 181 50 tonique
663 2425 16 36 ?
701 2422 258 40 dominante
978 2425 16 36 ?
1022 2420 71 41 On
1115 2420 142 40 hésite
1280 2434 175 37 encore,
1482 2421 148 51 quand
1656 2422 39 39 le
1734 2422 190 51 premier
1966 2434 155 26 renver-

140 2498 170 32 sement
334 2490 52 40 de
411 2490 39 40 la
473 2491 214 51 septième
703 2490 54 40 de
776 2490 263 40 dominante
1061 2490 53 38 de
1133 2490 78 50 soi,
1239 2488 322 54 brusquement
1580 2488 170 54 frappé,
1778 2491 168 39 oriente
1980 2488 142 41 subite-

140 2567 119 32 ment
282 2558 38 40 le
337 2558 369 52 développement
722 2558 54 40 de
800 2557 130 51 façon
952 2571 142 27 neuve
1111 2566 40 31 et
1176 2558 273 40 inattendue.
1475 2558 116 40 Mais
1616 2567 132 32 avant
1790 2559 54 39 de
1882 2559 263 51 poursuivre

140 2635 109 32 cette
270 2627 197 51 analyse,
493 2639 53 27 ne
576 2627 185 40 serait-il
785 2639 80 39 pas
907 2627 282 47 intéressant,
1228 2628 279 38 maintenant
1546 2627 153 51 qu'ont
1738 2631 67 36 été
1836 2631 186 47 exposés
2047 2635 96 31 tous

140 2697 62 38 les
227 2693 169 45 thèmes
420 2695 58 40 du
519 2697 189 50 premier
730 2707 226 38 morceau,
982 2692 232 43 d'achever
1244 2694 98 41 d'en
1377 2703 156 32 mettre
1555 2708 55 27 en
1634 2695 185 41 lumière
1855 2695 62 41 les

140 2765 150 39 larités
314 2767 16 36 ?

195 2831 125 41 Nous
345 2844 138 28 avons
508 2835 101 36 noté
640 2831 39 40 la
720 2832 345 51 prédominance
1100 2832 53 40 de
1176 2832 40 39 la
1241 2846 172 26 nuance
1432 2832 133 54 piano
1572 2862 10 21 ,
1623 2833 58 39 du
1725 2832 143 53 legato
1876 2864 10 19 ,
1930 2831 220 41 l'absence

141 2900 218 41 d'accents
383 2898 297 52 significatifs,
706 2900 38 39 le
765 2900 270 40 diatonisme
1056 2900 176 41 évident
1257 2900 53 40 de
1333 2914 70 26 ces
1437 2900 184 53 phrases
1646 2914 191 38 presque
1861 2903 288 50 uniquement

145 2973 260 47 composées
429 2968 53 40 de
505 2967 246 51 fragments
774 2968 54 40 de
851 2982 205 35 gammes
1079 2983 81 37 par
1182 2969 159 50 degrés
1365 2970 234 51 conjoints.
1624 2969 31 39 Il
1679 2982 54 27 ne
1765 2971 206 38 convient
1996 2981 79 40 pas
2098 2969 52 39 de

142 3037 203 50 négliger
385 3050 90 27 non
517 3036 99 52 plus
653 3037 53 39 de
748 3036 110 40 faire
900 3050 259 39 remarquer
1209 3038 37 39 !e
1288 3036 203 53 fréquent
1528 3038 305 52 déplacement
1869 3038 78 39 des
1980 3046 171 31 accents

145 3105 297 53 rythmiques,
469 3118 85 38 que
574 3106 247 49 dérangent
846 3106 52 39 de
918 3106 95 39 leur
1036 3106 125 52 place
1183 3105 244 41 habituelle
1462 3106 53 40 de
1548 3106 227 52 multiples
1818 3119 232 39 syncopes.
2088 3105 62 39 La

145 3173 159 40 liberté
327 3187 103 26 avec
452 3173 193 51 laquelle
670 3172 257 41 Beethoven
948 3175 82 38 sait
1047 3174 111 52 plier
1179 3174 38 39 le
1235 3174 174 52 rythme
1428 3179 20 34 à
1471 3187 70 27 ces
1562 3183 265 43 apparentes
1848 3173 303 50 irrégularités

143 3242 106 42 dont
282 3242 28 39 il
331 3243 80 38 tire
435 3241 75 40 des
532 3240 124 41 effets
680 3255 247 35 nouveaux,
944 3243 262 39 caractérise
1230 3243 239 51 justement
1496 3243 38 39 la
1559 3243 179 52 plupart
1762 3243 52 39 de
1858 3255 69 26 ses
1970 3254 148 39 compo-

145 3311 174 49 sitions,
347 3309 130 40 celles
499 3310 57 39 du
583 3312 146 37 moins
755 3311 75 50 qui
855 3312 215 39 suivirent
1094 3324 45 26 ce
1171 3324 85 38 que
1280 3311 88 40 l'on
1405 3325 179 26 nomme
1609 3325 45 26 sa
1698 3312 215 51 première
1938 3311 210 38 manière.

155 3377 125 40 Cette
302 3387 155 31 sonate
482 3387 65 30 est
579 3379 113 39 donc
708 3393 86 26 une
818 3379 77 40 des
933 3380 240 51 premières
1214 3393 174 26 œuvres
1421 3380 54 39 de
1517 3379 131 40 celles
1693 3392 83 38 que
1815 3377 73 42 W.
1931 3378 54 39 de
2017 3377 133 47 Lenz,

147 3440 188 46 l'auteur
366 3447 57 39 du
445 3447 107 39 livre
568 3446 174 41 fameux
760 3446 238 41 Beethoven
1015 3454 36 33 et
1072 3461 63 25 ses
1167 3447 103 40 trois
1292 3447 138 52 styles,
1458 3448 139 39 classe
1624 3447 109 40 dans
1773 3447 38 39 la
1854 3447 203 47 seconde,
2098 3452 55 34 où

150 3511 190 52 figurent
365 3514 61 39 les
447 3514 306 52 symphonies,
780 3516 52 38 de
857 3516 39 39 la
917 3530 18 24 2
941 3520 15 17 e
993 3516 84 38 àla
1105 3518 21 37 8
1133 3523 14 19 e
1178 3516 57 38 du
1260 3517 160 38 moins.
