2819 3962
171 212 236 97 LA
562 197 498 122 CITÉ.

355 325 5 10 »

1360 228 404 99 MAI
1921 235 458 99 1923

2407 3716 102 93 15

327 524 125 36 tons
482 513 243 63 pouvoir
757 517 308 61 reproduire
1098 518 135 53 dans
1263 520 79 52 La
1375 521 122 52 Cité
1530 524 50 49 la
1615 526 307 53 traduction
1958 530 62 51 de
2052 545 130 37 cette
2213 532 171 53 étude.

326 596 174 52 Enfin
536 615 141 36 nous
710 618 66 33 ne
807 602 248 52 saurions
1091 618 125 53 trop
1253 611 400 51 recommander
1688 612 26 50 à
1752 630 131 35 ceux
1919 615 62 51 de
2018 635 99 33 nos
2154 619 232 56 lecteurs,

325 700 104 47 que
457 685 48 49 la
532 687 253 63 question
813 689 243 53 intéresse
1086 694 501 62 particulièrement,
1619 699 187 52 d'aller
1834 719 88 34 sur
1950 704 145 63 place
2123 706 269 51 contrôler

325 788 52 31 ce
405 786 105 49 que
539 789 143 36 nous
711 792 289 49 avançons.

487 860 85 51 En
599 861 227 54 visitant
852 864 28 51 à
906 865 79 50 La
1013 866 154 65 Haye
1194 869 71 51 les
1291 870 239 54 maisons
1555 873 268 53 ouvrières
1851 891 50 36 et
1929 878 70 51 les
2025 880 333 65 semi-perma-

327 958 183 39 nentes
539 963 266 38 executees
834 952 36 50 d
894 969 150 47 après
1073 954 72 51 les
1172 957 157 62 plans
1359 959 87 50 des
1475 959 304 54 architectes
1807 962 96 53 Pet
1933 978 49 38 et
2010 967 89 51 W.
2132 967 188 57 Greve,
2354 968 36 51 il

326 1030 114 52 leur
467 1051 109 33 sera
604 1035 103 52 aisé
735 1037 64 52 de
825 1056 50 33 se
903 1038 133 52 faire
1065 1058 103 35 une
1196 1043 230 65 opinion
1455 1063 92 35 sur
1571 1065 53 33 ce
1649 1048 160 52 mode
1837 1049 64 52 de
1928 1054 384 52 construction.
2347 1056 43 49 II

326 1133 76 37 est
429 1119 28 51 à
485 1124 274 52 conseiller
785 1126 63 50 de
876 1126 198 58 visiter,
1105 1128 136 53 dans
1267 1131 51 50 la
1345 1132 170 53 même
1540 1134 144 58 ville,
1715 1134 72 52 les
1815 1137 156 52 villas
1999 1142 317 52 construites
2344 1160 48 33 et

325 1207 190 54 situées
555 1228 30 32 «
621 1211 151 53 Laan
805 1230 108 34 van
945 1213 147 54 Poot
1125 1235 32 33 »
1191 1231 52 38 et
1272 1218 126 65 plus
1428 1221 489 65 particulièrement
1948 1226 349 54 l'habitation
2331 1231 61 49 de

327 1294 17 50 1
371 1296 278 54 architecte
670 1300 173 52 Koch.
873 1302 124 52 Une
1020 1306 200 62 grande
1242 1320 52 38 et
1315 1307 133 53 belle
1472 1310 130 52 villa
1628 1327 28 35 a
1681 1310 76 53 été
1780 1313 295 53 construite
2099 1334 61 33 en
2197 1335 30 32 «
2255 1317 105 52 Kor-

326 1381 241 56 relbeton
599 1404 51 39 »,
684 1386 28 52 à
743 1387 268 60 Monster,
1044 1391 209 66 d'après
1281 1395 73 52 les
1383 1396 157 64 plans
1571 1397 89 52 des
1690 1399 302 53 architectes
2022 1402 156 51 Karel
2210 1404 185 64 Meyer

326 1484 48 37 et
402 1471 355 56 Rademaker.

487 1560 157 54 Ceux
682 1564 97 64 qui
816 1566 331 54 voudraient
1182 1570 208 52 assister
1425 1571 28 52 à
1489 1573 52 52 la
1578 1574 309 53 confection
1925 1590 50 38 et
2014 1578 28 50 à
2080 1579 48 49 la
2169 1580 127 51 mise
2333 1599 61 32 en

326 1663 182 35 œuvre
543 1649 75 52 du
665 1669 32 33 «
735 1651 363 56 Korrelbeton
1138 1669 31 38 »
1207 1656 233 56 devront
1475 1678 51 34 se
1563 1661 186 53 rendre
1785 1663 28 51 à
1851 1664 347 53 Amsterdam
2237 1668 73 51 où
2348 1670 48 49 la

326 1736 372 54 construction
725 1739 68 52 de
840 1757 74 49 54
940 1741 242 54 maisons
1204 1758 78 39 est
1304 1763 65 34 en
1393 1747 174 64 pleine
1590 1749 301 53 exécution.

486 1823 153 53 Pour
672 1825 144 54 aider
848 1846 133 35 ceux
1018 1830 62 51 de
1114 1849 101 35 nos
1248 1833 220 55 lecteurs
1500 1837 97 65 qui
1632 1837 339 54 désireraient
2004 1842 289 65 compléter
2328 1844 71 50 les

326 1910 225 54 notions
576 1913 165 65 qu'ils
768 1915 288 65 possèdent
1080 1936 93 35 sur
1199 1919 72 54 les
1295 1921 137 66 pisés
1456 1937 52 38 et
1533 1923 194 55 bétons
1754 1926 241 66 maigres,
2028 1947 140 35 nous
2196 1929 203 54 faisons

325 1998 178 52 suivre
551 2015 81 38 cet
680 2003 181 52 article
909 2006 166 52 d'une
1124 2007 118 53 liste
1290 2009 210 55 d'écrits
1547 2026 53 39 et
1647 2027 236 41 travaux
1935 2017 203 53 relatifs
2189 2020 27 49 à
2269 2032 130 40 cette

322 2087 271 63 question.

364 2204 4 10 1

1729 2225 75 52 Le
1837 2228 72 52 26
1943 2229 108 52 mai
2093 2248 164 47 1923.

1769 2315 57 51 F.
1859 2316 316 53 SEROEN.

485 2698 120 53 Pisé
631 2700 64 52 de
723 2702 284 53 mâchefer.
1042 2704 242 55 Bulletin
1316 2707 64 53 de
1407 2708 51 52 la
1489 2709 200 54 Société
1720 2712 341 67 académique
2093 2716 280 52 d'architec-

328 2799 117 40 ture
484 2788 64 52 de
590 2788 180 67 Lyon,
816 2793 200 52 extrait
1057 2812 140 47 paru
1240 2796 134 53 dans
1418 2798 50 51 la
1522 2817 30 33 «
1600 2799 395 55 Construction
2039 2803 263 52 Moderne
2347 2825 51 35 »,

334 2892 18 33 1
370 2892 306 48 2-3-1922.
709 2877 82 53 M.
825 2878 62 54 L.
921 2881 332 54 Donneaud.

485 2963 318 56 Matériaux
844 2968 63 52 de
946 2971 385 61 substitution,
1371 2976 162 51 mode
1573 2977 279 65 d'emploi,
1891 2990 94 41 etc.
2027 3013 80 5 —
2157 3000 29 32 «
2233 2981 132 65 Tijd-

325 3051 193 52 scbrift
549 3070 138 36 voor
719 3055 498 71 Volkshuivesting
1251 3080 31 33 »
1317 3079 36 34 n
1357 3066 36 19 03
1434 3081 59 33 11
1533 3078 51 38 et
1623 3083 65 34 12
1722 3097 80 6 —
1841 3085 162 46 1921.
2040 3067 49 51 J.
2128 3069 66 50 A.
2230 3069 167 56 Plate,

324 3139 282 54 Directeur
634 3160 109 36 van
772 3144 464 69 Gemeentelijken
1265 3151 424 66 Woningdienst,
1722 3154 339 53 Rotterdam.

416 3248 30 33 «
653 3230 158 53 Onze
1024 3231 488 57 bouwmaterialen
1184 3257 51 38 »,
1430 3240 181 53 Druk.
1644 3241 43 54 P
1692 3248 14 18 r
1735 3243 128 53 Van
1894 3245 91 51 der
2012 3245 178 57 Kloes,
2223 3246 174 51 Delft.

497 3337 32 33 «
592 3319 84 52 De
733 3320 295 66 Capillaire
1086 3325 315 66 VJerkingen
1460 3328 57 53 in
1575 3330 103 51 den
1736 3332 210 52 Bodem
2004 3352 50 32 ».
2117 3334 149 52 Essai
2326 3334 73 52 du

323 3404 56 52 D
384 3410 14 18 r
424 3405 35 52 J
465 3412 14 16 r
504 3406 53 53 J.
586 3408 279 68 Versluys.

485 3495 228 69 Versîag
757 3517 139 47 1921
940 3502 424 68 Gemeentelijke
1397 3507 471 67 Woningtoezicht
1904 3530 51 40 »,
1992 3511 78 54 La
2107 3512 169 66 Haye.
