4993 6726
4802 6604 85 51 275

3871 68 484 81 Einzelbezugs
4437 69 81 65 10
4591 66 293 83 Pfennig

83 68 291 80 Umfang
454 68 156 65 acht
689 68 234 66 Seiten

1870 1077 355 179 FÜR
2323 1104 762 152 KULTUR
3204 328 1680 925 UNEHD^KÜNSTE

173 1433 253 48 Redaktion
452 1433 95 46 und
568 1434 184 55 Verlag:
787 1433 440 53 Berlin-Halensee,
1262 1436 461 47 Katharinenstrasse
1743 1440 27 42 5

172 1519 340 54 Fernsprecher
527 1519 105 44 Amt
647 1518 321 45 Wilmersdorf
987 1519 112 44 3524
1121 1520 17 54 /
1152 1519 503 58 Anzeigen-Annahme
1675 1525 94 43 und

174 1602 407 47 Geschäftsstelle:
609 1602 311 55 BerlinW3s,
952 1604 356 47 Potsdamerstr.
1327 1605 303 55 111/AmtVl
1658 1607 112 45 3444

2100 1483 325 56 Herausgeber
2452 1486 93 43 und
2569 1483 322 47 Schriftleiter:

2100 1568 423 57 HERWARTH
2569 1568 322 55 WALDEN

3205 1438 477 55 Vierteljahresbezug
3724 1439 94 53 1,25
3849 1438 132 44 Mark
4013 1438 5 42 !
4040 1438 433 54 Halbjahresbezug
4502 1438 97 53 2,50
4637 1439 134 44 Mark
4784 1438 19 49 /

3205 1522 309 59 Jahresbezug
3557 1523 97 54 5,00
3694 1525 130 44 Mark
3852 1525 19 55 /
3901 1525 77 44 bei
4008 1523 138 45 freier
4176 1524 270 55 Zustellung
4475 1522 17 54 /
4525 1524 252 45 Insertions-

3205 1609 125 54 preis
3374 1608 74 44 für
3491 1608 75 45 die
3612 1608 372 57 fünfgespaltene
4035 1607 421 56 Nonpareillezeile
4509 1607 56 45 60
4610 1608 193 55 Pfennig

88 1804 461 85 JAHRGANG
601 1806 159 62 1910

1414 1810 293 67 BERLIN
1727 1810 623 81 /DONNERSTAG
2415 1811 174 62 DEN
2637 1814 96 61 27.
2772 1811 410 67 OKTOBER
3234 1811 238 78 1910/
3472 1811 192 78 WIEN

4372 1805 386 67 NUMMER
4802 1806 77 61 35

93 2018 313 70 INHALT:

461 2044 161 45 KARL
654 2044 230 47 HAUER:
918 2045 101 46 Von
1052 2047 86 46 den
1170 2047 258 46 fröhlichen
1458 2049 256 44 Menschen
1744 2049 17 54 /
1790 2047 200 46 PETER
2022 2047 193 48 HILLE:
2261 2051 98 44 Das
2389 2049 273 57 Mysterium
2686 2049 117 54 Jesu
2858 2049 21 56 /
2936 2049 198 44 PETER
3165 2047 201 48 BAUM:
3407 2047 346 56 Liebespsalme
3810 2047 20 56 /
3891 2045 158 48 PAUL
4081 2044 439 47 SCHEERBART:
4550 2044 98 45 Der
4679 2040 176 48 Wetter-

94 2128 189 58 prophet
312 2130 18 54 /
359 2128 244 46 ALFRED
635 2118 256 58 DÖBLIN:
923 2132 359 46 Antikritisches
1326 2134 19 49 /
1406 2132 223 46 TRUST:
1663 2132 190 46 Moloch
1897 2132 81 56 /J.
2010 2132 63 46 A:
2105 2132 113 47 Vom
2251 2132 130 57 Tage
2427 2134 20 56 /
2494 2134 156 45 ELSE
2684 2123 577 56 LASKER-SCHÜLER:
3294 2132 272 46 Weltflucht
3597 2134 18 52 /
3646 2132 157 44 Musik
3836 2140 88 36 von
3956 2128 354 48 HERWARTH
4340 2127 271 47 WALDEN

102 5348 674 117 Belauscht!
854 5398 377 53 Cliché
1269 5395 370 67 Zeichnung
1677 5410 126 37 von
1842 5393 211 55 Oskar
2090 5395 376 53 Kokoschka

102 5788 166 90 Von
310 5793 161 87 den
511 5795 469 88 fröhlichen
1021 5795 464 88 Menschen

100 5926 107 59 Von
242 5934 136 54 Karl
413 5938 188 52 Hauer

213 6080 126 48 Zum
386 6080 184 51 Teufel
610 6082 93 47 mit
747 6080 129 49 allen
926 6080 379 61 Forderungen,
1350 6079 82 47 die
1494 6089 98 34 von

102 6145 265 53 Mensdhen
392 6163 63 47 a;n
479 6152 98 47 den
602 6151 279 48 Menschen
906 6150 203 62 gestellt
1129 6149 232 47 werden!
1406 6147 188 48 Früher

102 6213 100 53 hieß
246 6236 78 33 es:
365 6224 74 46 sei
482 6220 317 62 tugendhaft,
842 6221 221 61 gerecht,
1104 6218 263 65 mitleidig,
1410 6218 181 55 weise;

103 6284 134 54 heute
271 6291 114 49 hört
417 6306 118 33 man
566 6292 139 47 wohl
741 6293 125 46 auch
883 6308 9 30 :
926 6293 73 45 sei
1035 6290 149 59 stark,
1220 6284 373 61 rücksichtslos,

102 6358 157 52 schön.
329 6363 63 46 Es
432 6364 63 46 ist
531 6362 121 47 aber
687 6362 129 48 noch
854 6362 136 48 nicht
1024 6360 275 61 gelungen,
1334 6357 128 49 auch
1500 6371 93 32 nur

103 6422 66 51 für
206 6433 112 46 eine
358 6434 197 59 einzige
594 6433 169 46 dieser
807 6432 361 59 Forderungen
1210 6431 113 45 eine
1368 6427 193 62 Begrün-

102 6494 126 66 dung
275 6516 60 35 zu
389 6501 189 61 finden,
630 6503 80 47 die
764 6500 127 49 allen
944 6499 279 48 Menschen
1274 6495 317 50 einleuchten

1734 5793 191 61 müßte,
1964 5792 103 49 und
2102 5790 88 50 die
2222 5790 299 50 berühmten
2560 5791 182 48 Lehrer
2776 5792 89 47 der
2902 5792 334 60 Menschheit,

1737 5864 87 47 auf
1860 5864 83 48 die
1982 5877 119 34 man
2138 5862 107 49 sidh
2282 5862 86 54 bei,
2404 5860 207 50 solchen
2654 5863 360 59 Forderungen
3053 5861 183 62 beruft,

1736 5934 166 48 haben
1951 5933 105 49 sidh
2106 5936 178 46 immer
2329 5947 95 33 nur
2472 5933 71 47 al's
2594 5933 116 47 sehr
2759 5932 330 61 anmaßliche,
3137 5947 99 33 von

1738 6004 371 61 Einbildungen
2168 6003 243 62 geplagte
2470 6004 151 46 Leute
2681 6004 261 59 entpuppt,
3000 6001 85 53 die
3140 6016 96 34 uns

1732 6075 174 54 weider
1953 6077 162 45 etwas
2167 6071 245 63 erklären,
2464 6073 131 47 nodh
2648 6087 94 33 uns
2795 6071 166 48 helfen
3016 6072 219 61 können,

1735 6159 147 33 wenn
1920 6147 93 45 wir
2047 6159 94 33 uns
2179 6143 134 49 nidh't
2347 6142 167 49 selber
2549 6142 184 48 helfen.

1862 6215 103 48 Das
2011 6215 167 47 Leben
2220 6210 159 51 selbst
2422 6212 193 48 fordert
2656 6227 93 32 nur
2792 6214 138 46 eines
2973 6222 100 38 vion
3114 6227 120 33 uns:

1736 6286 70 46 sei
1853 6282 238 51 fröhlich!
2169 6284 117 47 Und
2330 6283 109 50 dies
2488 6282 137 48 heißt
2670 6282 162 48 nichts
2880 6282 211 49 anderes
3136 6283 99 47 als:

1734 6351 180 65 grüble
1958 6354 135 48 nidht
2138 6354 124 47 über
2304 6353 93 48 das
2444 6352 181 60 Leben,
2670 6352 222 48 sondern
2941 6352 138 47 freue
3123 6352 113 49 dich

1732 6426 181 47 seiner.
1983 6423 135 48 Alles
2157 6423 187 48 andere
2383 6425 64 47 ist
2483 6421 192 49 Wahn!
2743 6421 379 63 Gerechtigkeit
3170 6424 67 46 ist

1733 6491 247 52 vielleicht
2017 6509 93 32 nur
2146 6492 392 60 Ueberhebung,
2589 6491 194 50 Mitleid
2820 6507 93 33 nur
2947 6491 289 61 Schwäche,

3378 5792 247 49 Weisheit
3653 5807 94 33 nur
3776 5792 322 61 Einbildung,
4141 5790 274 50 Schönheit
4441 5804 92 33 nur
4559 5790 81 47 ein
4668 5788 215 50 äußerer

3383 5863 174 59 Firnis,
3582 5862 176 50 Stärke
3775 5877 99 33 (nur
3896 5863 189 64 grobes
4104 5862 201 48 Wüten.
4333 5861 77 46 An
4433 5860 88 49 der
4546 5857 337 49 Fröhlichkeit

3379 5933 124 47 oder
3527 5933 320 60 Traurigkeit
3875 5933 120 47 aber
4019 5933 133 47 kann
4180 5931 159 51 nichts
4371 5927 249 61 Falsches,
4650 5927 204 48 Zweifel-

3379 6002 164 49 haftes
3579 6003 124 47 oder
3732 6002 413 49 Schwankendes
4175 6003 123 46 sein.
4359 5999 164 48 Wenn
4559 5999 75 48 ich
4667 5998 214 47 fröhlich

3379 6073 124 47 oder
3538 6076 191 58 traurig
3761 6073 102 60 bin,
3898 6087 61 33 so
3994 6071 86 49 bin
4117 6071 76 47 idh
4194 6066 3 68 !
4228 6086 55 32 es
4317 6066 378 53 zweifelsohne.
4763 6068 117 47 Und

3377 6144 99 47 wie
3523 6158 57 33 es
3632 6142 92 48 auf
3778 6143 163 47 Erden
3989 6141 163 49 nichts
4206 6137 458 63 Zwiespältigeres,
4718 6137 161 60 nichts

3378 6214 373 47 Zerrisseneres
3786 6213 125 60 gibt,
3952 6210 72 48 als
4060 6211 99 47 den
4194 6212 256 58 traurigen
4488 6209 296 59 Mensdhen,
4821 6223 60 32 so

3378 6284 110 59 gibt
3521 6298 55 32 es
3615 6283 126 47 audh
3775 6283 146 47 keine
3959 6280 189 49 höhere
4187 6280 278 47 Harmonie
4504 6277 71 49 ah
4611 6278 97 48 den
4747 6278 109 47 fröh-

3379 6353 161 48 lichen
3577 6352 293 48 Mensdhen.

3501 6424 167 46 Wenn
3696 6424 95 46 wir
3816 6422 99 46 den
3944 6421 141 47 Wert
4112 6423 138 46 einer
4279 6420 111 52 Zeit
4415 6419 127 49 oder
4570 6418 312 62 Umgebung

3377 6490 197 50 danach
3620 6494 285 58 bemessen,
3951 6491 70 49 ob
4069 6493 72 46 sie
4189 6493 221 59 angetan
4458 6490 130 61 sind,
4638 6487 244 50 fröhliche
