3444 4882
2892 4257 37 53 5

633 352 108 68 On
789 354 99 67 the
936 357 227 66 second
1209 357 152 68 floor
1408 360 48 65 is
1501 357 100 68 the
1649 357 274 81 Johnson
1971 360 243 82 library,
2265 387 68 39 or
2379 360 199 66 rather
2622 359 100 67 the
2770 387 167 39 room

494 447 200 67 which
724 448 222 80 people
978 450 158 66 have
1168 450 222 80 agreed
1425 467 61 51 to
1522 452 118 67 call
1674 452 98 66 the
1808 452 223 83 library
2064 482 76 39 on
2175 469 258 50 account
2467 452 67 69 of
2565 455 71 64 its
2668 455 236 64 contain-

496 538 101 80 ing
634 538 100 66 the
773 540 148 79 only
960 540 193 68 books
1192 543 57 65 in
1291 542 100 66 the
1429 542 218 67 house:
1696 545 264 79 namely,
2006 547 98 67 the
2147 543 276 68 eleventh
2463 543 225 68 edition
2731 543 69 68 of
2838 545 99 66 the

502 630 466 83 Encyclopedia
1022 635 371 74 Britannica,
1447 635 210 67 bound
1710 638 271 66 volumes
2035 638 69 68 of
2155 638 98 66 the
2304 638 285 66 Atlantic
2643 636 294 82 Monthly

499 723 156 67 from
717 726 170 66 1890
936 741 61 53 to
1060 728 162 66 1903
1276 728 124 68 and
1447 728 136 68 half
1634 757 35 39 a
1720 729 198 68 dozen
1969 731 206 66 novels
2226 729 202 68 which
2477 729 283 80 Virginia
2810 729 127 68 had

496 814 321 70 borrowed
868 818 154 67 from
1070 819 106 66 her
1224 836 359 51 room-mate
1630 838 61 49 at
1739 821 301 83 boarding
2087 823 205 66 school
2345 824 123 66 and
2523 821 303 81 forgotten
2876 838 60 51 to

496 923 216 50 return.
797 907 53 68 It
880 911 46 64 is
956 909 156 68 from
1139 938 115 39 one
1286 911 68 66 of
1383 911 162 67 these
1574 911 129 67 that
1735 912 24 66 I
1791 929 181 66 quote
2001 943 36 39 a
2064 912 164 68 vivid
2257 912 49 68 if
2335 941 157 39 none
2523 929 99 51 too
2658 929 279 51 accurate

497 1016 259 50 account
787 1000 69 66 of
888 1000 99 68 the
1019 1000 272 82 Johnson
1322 1002 273 70 murder:

806 1127 116 39 one
960 1102 120 66 end
1115 1100 70 68 of
1222 1102 98 66 the
1359 1102 149 68 desk
1545 1131 129 39 was
1715 1132 34 39 a
1788 1105 338 80 telephone.
2216 1102 244 83 Taylor
2499 1104 272 79 Johnson
2809 1131 128 39 was

497 1192 166 81 lying
711 1222 76 37 on
833 1193 98 66 the
978 1193 151 66 floor
1171 1210 61 51 at
1276 1195 100 66 the
1418 1197 121 68 end
1581 1197 68 66 of
1689 1197 100 68 the
1832 1197 147 66 desk
1982 1195 392 81 —perfectly
2418 1197 335 79 rigid—his
2799 1197 137 66 face

494 1283 423 68 distorted—a
961 1287 241 79 ghastly
1247 1287 205 81 figure.
1545 1290 73 66 A
1659 1305 102 65 pet
1803 1290 123 80 dog
1971 1317 105 39 ran
2120 1315 162 48 over,
2328 1288 215 68 sniffed
2587 1288 349 82 frantically

496 1392 61 49 at
584 1375 89 67 his
701 1376 269 66 master's
1000 1378 126 80 legs
1156 1381 124 66 and
1310 1380 302 81 suddenly
1639 1380 199 81 began
1867 1398 61 49 to
1957 1381 164 66 howl
2152 1380 301 81 dismally.

985 1500 129 41 was
1149 1475 195 66 dead!

701 1568 255 81 'Help!'
993 1569 256 71 shouted
1283 1571 296 68 Walters.

941 1664 69 68 of
1046 1666 100 66 the
1181 1683 266 51 servants
1483 1696 173 39 came
1693 1668 240 79 rushing
1971 1669 76 65 in.
2133 1666 207 69 There
2377 1695 127 39 was
2545 1666 94 68 for
2673 1666 100 68 the
2809 1695 84 39 mo-

492 1771 163 51 ment
690 1756 99 67 the
824 1773 259 64 greatest
1119 1761 355 64 excitement
1512 1761 122 66 and
1671 1759 335 68 confusion.

1037 1881 36 39 a
1107 1854 151 66 wild
1295 1854 184 81 figure
1518 1857 58 65 in
1615 1854 184 81 flying
1838 1871 300 64 garments
2177 1854 191 68 flitted
2407 1854 185 68 down
2631 1854 98 68 the
2770 1856 164 64 stairs

494 1944 124 66 and
651 1945 122 65 into
809 1945 98 66 the
943 1945 245 82 library,
1224 1947 301 81 dropping
1556 1947 206 68 beside
1793 1947 98 68 the
1921 1947 166 68 dead
2118 1976 140 39 man
2291 1949 254 66 without
2578 1949 263 78 seeming
2873 1962 59 51 to

492 2038 197 65 notice
717 2066 68 38 us
819 2054 63 49 at
914 2038 101 66 all.

699 2130 305 68 'Father!'
1085 2133 278 68 shrieked
1420 2162 34 39 a
1510 2133 295 68 woman's
1860 2137 190 71 voice,
2109 2133 449 68 heart-broken.
2650 2133 274 66 'Father!

492 2221 109 68 Oh
602 2250 198 53 —my
828 2223 320 68 God—he
1149 2225 170 66 —he
1344 2226 46 65 is
1415 2225 207 67 dead.'
1693 2226 157 66 And
1877 2226 102 66 she
2008 2226 252 70 fainted.

875 2318 107 68 her
1007 2320 171 79 body
1209 2320 123 66 and
1358 2347 142 40 over
1527 2320 100 67 the
1654 2320 142 69 cold
1825 2320 169 81 body
2021 2320 68 67 of
2116 2320 100 67 the
2241 2348 143 39 man
2407 2321 141 66 who
2582 2320 96 67 for
2705 2336 227 65 twenty

491 2436 176 53 years
695 2409 129 68 had
856 2411 341 66 controlled
1229 2411 100 68 the
1358 2411 269 81 political
1659 2411 278 68 destinies
1967 2413 68 67 of
2069 2413 164 66 New
2265 2413 178 67 York
2475 2413 166 79 City,
2680 2411 25 68 I
2743 2440 189 39 swore

491 2516 61 51 to
582 2528 218 52 pursue
828 2501 93 67 his
948 2502 327 73 murderer,
1307 2518 61 50 to
1403 2502 166 68 track
1598 2502 124 68 him
1755 2502 205 77 down,
1994 2519 61 51 to
2087 2502 173 82 bring
2291 2504 121 68 him
2445 2502 211 68 before
2690 2504 100 66 the
2822 2502 110 68 bar

491 2592 71 68 of
589 2596 215 77 justice
834 2592 70 68 of
934 2594 100 68 the
1068 2592 271 70 Eternal.

1082 2714 160 39 were
1293 2689 208 79 crying
1554 2716 80 39 on
1686 2689 100 66 the
1844 2689 198 81 dusky
2094 2706 203 50 streets
2352 2689 123 67 and
2528 2689 150 67 their
2729 2689 203 67 shouts

492 2777 263 66 reached
792 2805 96 39 me
931 2805 149 39 even
1122 2778 181 66 there.
1396 2778 234 82 'Extry.
1722 2778 215 83 Extry.
2028 2780 478 68 GERMANS
2551 2780 381 68 INVADE

496 2870 460 68 BELGIUM.
1049 2870 305 81 Extry.'"

1676 3056 61 66 3.

633 3236 23 66 I
694 3264 179 39 never
907 3236 256 81 thought
1193 3237 107 68 her
1332 3239 141 66 real.
1559 3239 186 80 They
1781 3266 108 54 say
1923 3239 107 68 her
2062 3239 234 68 mother
2328 3239 147 68 bore
2506 3239 108 68 her
2650 3256 103 51 not
2792 3268 64 39 as
2897 3268 33 39 a

492 3354 242 41 woman
772 3330 162 78 gives
966 3329 156 67 birth
1159 3346 60 50 to
1256 3358 34 38 a
1325 3330 168 68 child
1523 3359 68 39 or
1628 3359 36 39 a
1698 3347 124 51 tree
1857 3346 61 52 to
1955 3334 71 64 its
2064 3330 169 68 fruits
2265 3332 109 66 but
2407 3330 197 68 rather
2639 3361 65 37 as
2739 3361 34 39 a
2809 3347 121 53 tree

491 3420 189 81 might
709 3420 262 68 sacrifice
999 3422 99 68 the
1124 3422 257 68 richness
1407 3424 69 66 of
1503 3427 70 63 its
1600 3452 127 53 sap,
1757 3452 70 39 or
1852 3451 147 40 even
2028 3425 71 66 its
2126 3425 127 75 life,
2285 3440 61 51 to
2377 3424 267 81 produce
2677 3454 37 37 a
2744 3425 186 82 single

491 3512 233 81 perfect
761 3513 126 66 and
924 3512 300 81 frangible
1259 3513 224 68 flower.

631 3605 137 67 Her
817 3605 158 67 birth
1024 3634 129 38 was
1203 3610 226 79 aseptic
1479 3610 126 68 and
1650 3608 398 68 mechanical.
2150 3608 186 81 They
2387 3637 107 54 say
2543 3610 108 68 her
2699 3610 231 68 mother

491 3723 181 41 never
699 3696 144 68 bore
872 3698 108 68 her
1012 3715 63 51 at
1107 3700 100 66 all.

628 3789 186 83 They
853 3818 108 53 say
997 3791 107 68 her
1139 3793 232 67 mother
1408 3793 214 67 before
1661 3793 103 67 she
1803 3794 142 68 died
1986 3794 108 70 fell
2131 3798 124 64 into
2296 3823 37 39 a
2372 3796 296 75 delirium,
2714 3796 216 81 during

494 3881 207 67 whose
743 3911 208 39 course
999 3882 103 68 she
1144 3886 361 79 prophesied
1551 3886 69 66 of
1662 3884 109 68 her
1811 3886 329 81 daughter:
2606 3889 125 66 will
2773 3889 157 66 have

491 4001 179 54 every
712 3976 134 79 gift,
888 3976 182 81 being
1112 3977 142 75 rich,
1297 3977 299 68 beautiful
1640 3977 122 66 and
1801 3981 278 78 ignorant
2118 3979 69 68 of
2228 3981 132 66 evil.
2453 3979 137 68 Her
2633 4008 154 40 arms
2829 4009 100 39 are

491 4067 181 68 white
701 4096 64 39 as
792 4067 210 69 bread.
1083 4067 136 69 Her
1241 4070 132 68 hair
1398 4069 232 81 gleams
1657 4069 247 81 beyond
1935 4099 156 52 envy
2120 4070 67 70 of
2216 4072 307 79 peroxide.
2602 4072 125 70 She
2753 4074 176 74 rides,
