3421 4941
377 390 359 206 The
831 393 403 261 Age

350 694 220 241 of
607 698 271 206 the
956 698 837 210 Machine

1070 1104 305 173 THE
1414 1116 149 81 Age
1601 1114 70 71 of
1712 1116 99 69 the
1854 1118 299 69 Machine
2192 1121 60 66 in
2294 1119 296 68 America
2633 1121 47 66 is
2719 1146 80 41 an
2841 1146 113 55 age
2998 1118 69 69 of

1280 1223 267 81 spiritual
1585 1223 235 83 change
1859 1224 123 70 and
2020 1226 235 81 growth
2294 1253 66 41 as
2394 1226 144 69 well
2572 1255 66 40 as
2672 1253 118 42 one
2824 1226 69 69 of
2929 1255 137 40 eco-

1077 1331 199 66 nomic
1317 1331 406 83 ascendancy.

1071 1497 73 68 A
1187 1524 137 42 new
1373 1514 91 52 art
1510 1499 125 67 and
1678 1526 137 42 new
1862 1499 303 71 literature
2213 1502 201 81 spring
2460 1500 256 83 sturdily
2761 1500 160 71 from
2965 1500 101 70 the

1070 1604 279 67 machine
1388 1604 384 69 civilization.

1073 1770 205 71 What
1303 1773 127 68 will
1459 1771 78 71 be
1566 1773 151 69 their
1745 1802 207 40 means
1988 1775 123 69 and
2145 1775 362 71 directions?

1075 1954 274 76 Broom,
1383 1985 141 40 now
1554 1958 323 81 published
1906 1961 61 66 in
1994 1959 317 78 America,
2341 1959 129 70 will
2502 1959 78 70 be
2616 1988 78 41 an
2724 1959 339 83 aggressive

1071 2061 210 69 leader
1324 2063 95 67 for
1463 2064 100 68 the
1601 2064 127 68 Art
1766 2064 71 68 of
1877 2064 212 85 today.
2177 2069 73 66 A
2292 2066 251 69 fearless
2584 2066 125 69 and
2748 2095 313 40 non-com-

1068 2169 246 68 mercial
1349 2171 219 68 review
1603 2174 342 80 presenting
1977 2173 148 67 with
2159 2173 304 83 authority
2497 2173 102 69 the
2634 2173 173 69 work
2839 2173 73 69 of
2948 2176 113 80 sig-

1068 2273 246 69 nificant
1342 2276 283 68 moderns
1668 2276 140 83 (not
1840 2306 36 39 a
1910 2278 352 69 disordered
2292 2278 319 69 collection
2641 2279 71 68 of
2741 2279 83 70 all
2853 2306 210 43 names

1071 2383 124 66 and
1224 2383 83 67 all
1336 2383 306 81 schools).
1717 2384 271 83 Always
2015 2388 61 66 in
2103 2388 269 67 intimate
2401 2388 184 67 touch
2611 2388 147 67 with
2790 2386 269 85 Europe,

1068 2488 44 66 it
1151 2488 125 67 will
1315 2488 175 81 bring
1529 2489 101 68 the
1668 2489 308 70 unknown
2016 2491 178 83 plays
2233 2493 70 67 of
2336 2493 109 69 her
2484 2493 408 78 Pirandellos,
2936 2493 125 69 and

1066 2596 100 68 the
1207 2596 215 68 buried
1463 2601 396 80 manuscripts
1899 2599 70 68 of
2008 2601 108 68 her
2157 2599 442 83 Dostoyevskis
2641 2618 61 52 to
2743 2604 315 68 America.

1068 2699 185 78 Also,
1283 2730 115 40 one
1424 2703 71 67 of
1525 2703 100 69 the
1652 2721 158 51 most
1835 2704 302 71 beautiful
2164 2709 369 80 magazines,
2563 2708 149 69 with
2741 2709 322 70 two-color

1066 2835 210 40 covers
1324 2808 84 81 by
1458 2809 187 68 noted
1698 2811 281 81 painters,
2032 2840 321 42 numerous
2404 2814 476 83 reproductions,
2936 2814 125 72 and

1068 2914 188 83 large,
1295 2916 339 71 handsome
1673 2918 243 71 format.

345 3195 98 68 As
472 3224 78 41 an
579 3197 382 70 inducement
992 3212 59 56 to
1080 3222 135 46 new
1244 3200 361 70 subscribers
1637 3202 98 70 the
1766 3204 355 69 Publishers
2150 3212 71 71 of
2250 3207 256 68 Broom
2536 3214 153 73 offer
2716 3234 115 43 one
2861 3214 68 73 of
2960 3207 98 70 the

345 3304 322 83 following
941 3307 144 68 with
1127 3334 114 41 one
1281 3311 199 79 year's
1518 3309 397 85 subscription
1955 3324 61 54 at
2060 3311 237 77 $5.00:

337 3527 248 70 Jacob's
623 3531 208 64 Room,
867 3532 72 70 by
972 3532 243 70 Virginia
1246 3531 200 61 Woolf

340 3619 293 71 Babbitt,
670 3624 73 68 by
777 3624 222 59 Sinclair
1033 3624 172 59 Lewis

337 3712 145 57 The
514 3714 205 59 Hairy
748 3717 161 63 Ape,
944 3717 73 68 by
1051 3717 217 68 Eugene
1302 3715 230 61 O'Neill

337 3802 147 59 The
514 3805 356 61 Enormous
900 3808 207 65 Room,
1136 3808 73 70 by
1239 3807 66 59 E.
1342 3808 66 58 E.
1441 3808 160 58 Cum-

420 3883 164 68 mings

941 3984 59 34 or

338 4061 447 71 Instigations,
851 4067 73 70 by
987 4069 144 58 Ezra
1195 4069 224 66 Pound;
1480 4069 127 61 with

421 4137 242 71 Broom,
714 4144 83 56 for
839 4144 185 64 $6.00

337 4228 465 63 Continental
850 4233 433 68 Stagecraft,
1334 4237 73 68 by
1461 4237 144 57 Ken-

416 4308 122 57 neth
580 4308 319 59 McGowan
943 4310 106 59 and
1093 4311 205 58 Robert
1346 4311 254 60 Edmund

416 4382 185 70 Jones;
648 4388 127 57 with
816 4388 227 59 Broom
1090 4389 81 58 for
1214 4391 179 64 $6.75

335 4472 147 58 The
540 4476 149 57 Life
746 4492 80 43 of
887 4479 303 64 Barnum,
1246 4481 73 69 by
1375 4481 84 59 M.
1522 4481 71 59 R.

416 4548 254 70 Werner;
718 4555 127 58 with
890 4555 225 59 Broom
1163 4557 85 57 for
1290 4559 181 64 $6.25

1786 3641 12 96 |
1925 3658 249 50 BROOM
2235 3661 140 49 -47
2407 3661 82 51 W.
2519 3663 107 49 34th
2656 3663 80 54 St.,
2766 3661 63 51 N.
2860 3663 64 49 Y.

1984 3764 93 48 For
2115 3766 71 47 the
2223 3766 205 49 enclosed
2463 3768 29 52 $
2773 3766 149 61 please

1924 3828 109 46 send
2063 3827 173 47 Broom
2261 3836 77 47 for
2368 3849 81 27 one
2476 3846 107 42 year
2613 3831 90 47 and
2733 3830 69 49 the
2828 3830 93 55 fol-

1920 3887 161 60 lowing
2113 3890 140 60 boofy:

1919 4163 148 49 Name
2113 4202 10 9 .

1920 4255 204 49 Address

2011 4424 137 53 $5.00
2193 4426 226 46 Annual
2463 4427 363 49 Subscription.

2134 4487 59 48 50
2226 4487 166 48 Cents
2424 4502 101 35 the
2559 4489 147 48 Copy.
