3444 4882
2946 4326 37 58 7

540 403 103 67 aid
679 404 69 66 of
777 404 202 70 which
1009 433 97 41 we
1136 425 212 50 mount
1378 408 231 79 higher,
1647 409 205 75 faster,
1888 411 88 68 till
2012 411 101 68 the
2144 411 199 68 world
2374 438 190 56 opens
2597 428 126 59 out,
2757 411 233 83 higher,

540 496 86 66 till
662 496 102 67 the
797 526 109 39 sun
941 514 134 60 sets,
1116 499 88 68 till
1241 526 98 41 we
1373 504 181 64 reach
1588 501 100 67 the
1724 504 238 66 summit
1996 504 126 68 and
2155 504 165 76 look,
2359 533 144 39 over
2536 504 144 70 blue
2719 504 271 70 foothills

540 587 125 68 and
694 616 36 39 a
760 589 188 81 plain,
979 592 326 66 westward
1336 607 59 51 to
1429 592 100 68 the
1561 592 252 70 Pacific.

675 679 199 69 Small
919 709 66 39 as
1026 711 36 39 a
1102 682 103 81 fly,
1250 711 37 37 a
1327 682 188 81 yacht
1554 711 131 39 was
1722 684 290 83 climbing
2049 714 144 39 over
2230 689 74 64 its
2343 687 249 68 vertical
2633 704 237 51 waters.
2963 687 27 68 I

540 772 227 69 looked
796 773 259 82 through
1085 802 104 53 my
1221 775 301 81 telescope
1556 777 125 66 and
1712 804 156 54 gave
1898 780 42 66 it
1971 795 61 51 to
2062 780 286 81 Virginia
2381 780 254 70 without
2665 797 320 53 comment.

538 865 109 66 On
679 894 35 39 a
745 883 269 65 pennant
1043 867 200 67 which
1273 867 229 71 floated
1532 868 158 70 from
1720 870 100 68 the
1852 872 322 67 masthead
2203 900 130 39 was
2364 873 250 82 painted
2647 873 99 68 the
2779 873 210 82 design

538 956 71 66 of
633 985 36 37 a
697 958 263 68 falcon's
985 958 176 66 beak.

933 1078 184 48 more,
1151 1049 349 78 Hawkbill,
1529 1082 125 52 you
1683 1082 217 54 escape
1929 1083 88 46 us,
2050 1054 109 70 but
2184 1073 107 51 not
2323 1056 97 70 for
2448 1058 161 81 long.

880 1143 154 66 shall
1070 1143 217 67 follow
1317 1171 124 53 you
1475 1146 149 66 until
1656 1173 154 54 your
1840 1148 187 67 death
2057 1176 70 38 or
2157 1176 154 39 ours.

853 1234 114 68 this
997 1234 156 81 drop
1185 1236 71 66 of
1282 1236 191 67 blood
1504 1266 125 53 you
1659 1241 170 66 drew
1861 1239 156 69 from
2047 1241 100 67 the
2174 1241 183 67 white
2387 1244 165 64 wrist
2582 1242 70 66 of
2680 1242 305 82 Virginia,

537 1325 83 82 by
650 1327 98 66 the
779 1327 137 80 spilt
941 1327 192 68 blood
1160 1329 71 68 of
1255 1329 100 68 the
1383 1329 241 68 bravest
1653 1332 125 68 and
1805 1349 201 64 purest
2032 1332 69 68 of
2125 1361 261 49 women,
2420 1334 83 81 by
2528 1336 110 67 her
2663 1336 324 67 murdered

538 1417 198 68 father
769 1417 25 68 I
826 1446 192 40 swear
1045 1422 74 64 it:

928 1529 318 69 SHALL
1299 1530 276 69 MEET

1729 1758 60 67 5.

672 1930 144 69 The
853 1949 181 52 storm
1072 1933 306 78 subsided,
1421 1935 99 69 the
1558 1964 206 40 waves
1800 1937 196 67 rolled
2035 1937 159 69 back
2235 1938 125 68 and
2398 1938 113 68 left
2547 1965 96 41 me
2682 1938 304 82 sprawled

533 2021 481 70 half-conscious
1046 2054 80 38 on
1156 2026 100 68 the
1287 2026 195 70 beach
1514 2026 71 70 of
1614 2028 374 70 Vicissitude
2020 2030 227 71 Island.

675 2115 55 67 It
770 2120 48 64 is
858 2145 36 39 a
936 2118 278 68 volcanic
1258 2120 144 67 rock
1444 2120 378 69 surrounded
1864 2121 87 82 by
1993 2123 169 66 coral
2205 2121 157 68 reefs
2404 2123 124 66 and
2572 2123 168 80 lying
2784 2125 59 66 in
2887 2121 99 68 the

535 2206 196 69 South
774 2208 235 67 Pacific
1046 2226 63 51 at
1145 2238 35 39 a
1217 2211 254 68 latitude
1505 2213 222 74 which,
1763 2242 81 38 on
1885 2230 259 50 account
2177 2213 70 67 of
2282 2214 100 68 the
2421 2216 463 64 circumstances
2916 2213 70 67 of

535 2328 105 52 my
679 2302 217 67 arrival
940 2306 125 66 and
1106 2302 342 82 departure,
1495 2304 25 66 I
1561 2331 129 41 was
1732 2333 181 39 never
1954 2306 140 66 able
2133 2323 63 51 to
2238 2306 348 68 determine.
2679 2306 235 68 Indeed
2958 2306 25 68 I

537 2392 194 68 doubt
774 2392 272 70 whether
1090 2394 375 69 Vicissitude
1514 2396 210 67 Island
1766 2397 112 68 has
1925 2426 122 53 any
2094 2397 160 68 fixed
2299 2399 285 68 location.
2682 2397 54 68 It
2779 2426 206 39 moves

537 2484 188 67 about
760 2487 58 64 in
855 2487 210 66 search
1097 2487 71 68 of
1199 2487 418 81 shipwrecked
1651 2489 227 67 sailors.
1959 2489 215 69 When
2210 2489 144 83 they
2387 2490 160 68 have
2579 2506 173 64 spent
2787 2519 36 39 a
2858 2490 127 82 day

537 2577 127 66 and
704 2606 36 39 a
777 2578 171 80 night
985 2580 60 65 in
1087 2578 100 68 the
1224 2595 210 60 water,
1480 2582 335 78 swimming
1856 2609 166 39 more
2064 2582 157 68 from
2260 2582 173 68 habit
2475 2582 148 68 than
2665 2611 36 37 a
2743 2580 242 70 definite

535 2667 181 81 hope,
760 2672 44 62 it
843 2668 193 68 looms
1080 2670 305 81 suddenly
1424 2670 213 69 before
1678 2672 149 66 their
1868 2700 142 53 eyes
2050 2673 124 66 and
2213 2673 142 82 they
2401 2673 113 68 fall
2557 2702 79 39 on
2677 2677 73 64 its
2787 2673 198 68 beach

537 2760 352 67 exhausted.
984 2760 54 67 It
1072 2761 113 68 has
1222 2763 155 66 been
1417 2763 222 68 known
1678 2763 83 81 by
1802 2794 35 38 a
1874 2765 320 67 multitude
2232 2766 71 66 of
2337 2794 227 40 names.
2653 2766 83 66 Its
2772 2782 213 52 nature

540 2854 49 65 is
621 2851 425 83 substantially
1082 2854 100 67 the
1219 2883 164 39 same
1421 2883 64 38 as
1520 2856 178 66 when
1736 2856 321 68 Robinson
2093 2856 235 68 Crusoe
2362 2858 354 68 discovered
2752 2860 60 64 it.

674 2943 123 67 For
826 2946 346 78 vegetation
1207 2946 124 66 and
1365 2948 221 66 animal
1622 2948 107 66 life
1766 2946 25 68 I
1825 2965 158 50 must
2017 2948 159 69 refer
2210 2976 125 53 you
2367 2965 63 52 to
2464 2976 103 55 my
2602 2948 381 83 monograph

535 3063 80 39 on
652 3036 145 67 The
831 3037 220 66 Fauna
1092 3037 124 66 and
1253 3039 186 68 Flora
1476 3039 70 68 of
1580 3039 374 69 Vicissitude
1993 3041 210 67 Island
2252 3041 496 83 (Schenectady:
2797 3042 155 68 Inter-

535 3154 193 39 ocean
765 3127 200 68 Press.
1048 3129 271 79 $1.65).

675 3219 83 67 Its
792 3222 400 78 conspicuous
1233 3220 262 68 features
1532 3249 100 39 are
1669 3251 36 39 a
1744 3222 168 81 large
1947 3222 115 83 dry
2101 3251 149 40 cave
2289 3224 395 83 overlooking
2719 3225 100 68 the
2860 3254 122 46 sea,

533 3312 170 81 palm
740 3329 151 50 trees
924 3312 200 67 which
1161 3315 222 80 supply
1422 3313 171 77 food,
1634 3315 174 66 drink
1847 3317 124 66 and
2010 3317 289 81 clothing,
2340 3317 212 81 finally
2589 3318 102 68 the
2731 3347 146 53 eggs
2916 3318 69 68 of

535 3403 207 70 turtles
775 3405 202 68 which
1014 3434 102 39 are
1148 3405 357 68 discovered
1539 3408 59 65 in
1634 3407 100 67 the
1766 3407 108 69 hot
1910 3408 181 68 sands
2127 3410 125 66 and
2286 3408 364 70 afterwards
2684 3410 206 68 baked
2924 3413 59 66 in

533 3495 102 67 the
664 3495 232 67 embers
924 3495 72 67 of
1021 3525 35 37 a
1085 3496 104 68 fire
1217 3496 253 68 kindled
1495 3496 147 70 with
1669 3498 100 68 the
1795 3500 269 67 matches
2094 3498 28 68 I
2150 3500 236 81 always
2411 3528 176 55 carry
2614 3503 58 66 in
2704 3530 37 41 a
2767 3518 180 53 water-

532 3588 186 81 proof
750 3616 157 39 case.

672 3679 125 81 My
841 3681 107 68 life
990 3708 78 41 on
1111 3683 71 64 its
1226 3681 201 68 shores
1468 3708 129 41 was
1636 3681 233 76 bestial,
1915 3683 213 81 idyllic
2169 3684 125 66 and
2338 3684 315 70 flavoured
2694 3686 147 68 with
2882 3686 101 69 the

532 3774 315 66 memories
896 3771 71 69 of
1011 3799 106 55 my
1165 3789 169 65 great
1380 3772 433 82 predecessors.
1913 3774 27 68 I
1990 3776 143 81 kept
2183 3804 35 39 a
2264 3777 262 80 journal.
2623 3777 360 68 Sometimes

535 3864 157 67 after
725 3894 35 37 a
794 3865 122 68 late
948 3867 212 68 dinner
1195 3864 27 67 I
1261 3894 165 53 grew
1456 3865 346 82 pleasantly
1837 3869 158 79 tipsy
2025 3867 147 70 with
2208 3886 301 51 cocoanut
2543 3870 178 75 wine,
2762 3870 123 68 and
2921 3887 64 51 at

535 3957 144 68 such
711 3974 296 51 moments
1036 3957 195 69 dared
1261 3974 61 51 to
1353 3974 232 52 extract
1615 3986 36 39 a
1681 3957 288 81 snapshot
1998 3960 73 68 of
2096 3959 286 83 Virginia
2413 3960 274 82 Johnson
2723 3962 157 68 from
2912 3965 73 66 its

532 4047 211 81 hiding
775 4048 178 82 place
990 4050 236 78 against
1258 4077 105 53 my
1393 4048 217 68 breast.
1702 4047 52 67 It
1783 4048 130 70 had
1947 4050 154 68 been
2137 4052 181 67 taken
2352 4052 218 81 during
2604 4080 36 39 a
2672 4055 198 80 picnic
2902 4082 80 39 on

532 4140 106 67 her
682 4157 187 50 estate
913 4157 61 50 at
1012 4140 398 83 Tarrytown,
1456 4158 61 51 at
1559 4169 36 40 a
1636 4141 211 82 period
1885 4141 181 70 when
2105 4170 96 41 we
2240 4141 300 80 believed,
2584 4145 86 83 by
2713 4174 37 40 a
2789 4147 194 81 guilty
