3444 4882
2940 4279 30 55 9

1720 364 61 66 6.

1026 548 105 67 she
1165 548 152 76 said,
1355 549 125 66 and
1512 549 230 82 tapped
1775 578 96 39 me
1907 578 79 39 on
2022 551 98 68 the
2161 551 282 68 shoulder
2477 551 148 68 with
2658 551 107 68 her
2797 553 183 67 white

527 639 188 68 hand.
803 639 23 68 I
864 668 132 40 rose
1026 658 61 50 to
1124 641 234 67 follow.

669 747 23 68 I
735 776 130 41 was
906 749 196 69 Smith
1146 751 415 67 Masterman:
1607 751 144 81 why
1791 752 222 68 should
2054 752 24 68 I
2123 752 215 70 follow
2376 754 149 68 her?
2611 752 73 68 A
2723 756 257 64 scientist

533 839 70 68 of
648 857 229 65 repute,
928 869 35 39 a
1013 859 120 49 star
1182 859 264 63 reporter
1495 871 78 39 on
1626 844 431 68 Manhattan's
2105 846 233 81 biggest
2386 846 191 81 daily,
2628 876 36 37 a
2711 847 269 66 criminal

527 934 389 79 investigator
955 951 61 50 to
1060 935 205 68 whom
1305 935 100 68 the
1444 952 268 65 mystery
1753 937 69 68 of
1863 939 99 67 the
2003 939 312 81 Kennedy
2357 939 323 67 diamonds
2721 940 127 68 had
2892 967 59 39 re-

532 1025 203 81 cently
770 1027 153 66 been
957 1027 310 66 intrusted.
1351 1027 54 66 It
1438 1056 130 38 was
1598 1044 105 50 not
1737 1057 105 53 my
1874 1030 148 81 only
2057 1059 156 39 case.
2303 1030 25 68 I
2362 1059 131 39 was
2528 1032 452 79 endeavouring

535 1133 63 51 at
630 1118 100 66 the
765 1147 163 39 same
962 1120 140 66 time
1136 1135 61 51 to
1229 1120 253 68 unravel
1517 1122 100 66 the
1649 1122 261 67 Saltoun
1946 1123 260 75 murder,
2245 1123 109 68 but
2393 1123 326 68 Hawkbill
2758 1123 222 70 baffled

527 1237 96 39 me
654 1225 62 52 at
747 1237 181 54 every
960 1227 146 64 step.
1187 1211 244 68 Should
1465 1211 23 68 I
1522 1213 215 68 follow
1768 1215 112 67 this
1912 1216 371 78 girl—more
2311 1216 300 68 beautiful
2643 1216 146 68 than
2823 1216 157 68 Ada

530 1301 310 81 Kennedy
886 1303 130 68 had
1065 1332 139 39 ever
1250 1304 355 70 been—she
1651 1308 213 68 would
1912 1310 144 66 lead
2101 1338 97 38 me
2247 1310 218 67 almost
2513 1310 293 81 certainly
2855 1311 123 66 into

527 1394 91 66 his
648 1421 226 53 power.

1029 1501 104 68 she
1172 1503 133 67 said
1343 1506 198 78 again.
1744 1535 98 39 am
1881 1506 205 68 afraid
2135 1560 14 14 .
2203 1560 13 14 .

665 1606 141 68 Her
840 1608 220 67 cheeks
1094 1625 162 50 went
1294 1609 106 68 red
1434 1611 125 66 and
1590 1611 183 68 white
1807 1641 64 38 as
1907 1613 47 66 if
1985 1613 99 67 the
2118 1614 198 66 hands
2354 1613 69 67 of
2459 1614 325 68 Hawkbill
2819 1643 161 39 were

530 1714 61 49 at
618 1697 107 68 her
759 1699 199 68 throat
989 1701 272 81 already.
1341 1702 73 66 A
1444 1719 129 51 tear
1602 1704 313 80 gathered,
1947 1704 187 76 there,
2169 1721 61 51 at
2262 1735 36 37 a
2330 1733 210 41 corner
2572 1706 68 68 of
2669 1707 108 67 her
2811 1736 134 39 enor-

528 1818 171 38 mous
742 1790 182 68 hazel
972 1821 159 52 eyes,
1182 1794 193 68 under
1419 1796 100 66 the
1561 1797 232 66 mound
1839 1797 69 68 of
1956 1797 227 80 golden
2228 1797 151 68 hair.
2481 1797 23 66 I
2553 1799 302 66 hesitated
2899 1828 79 39 no

530 1884 225 79 longer.
855 1885 24 66 I
926 1885 298 68 followed
1265 1889 107 66 her
1417 1889 124 66 and
1583 1890 220 68 should
1842 1890 158 68 have
2045 1890 298 70 followed
2386 1892 49 66 if
2481 1892 325 68 Hawkbill
2851 1894 129 66 had

528 1975 153 68 been
711 1975 213 69 Satan.

662 2082 102 67 As
799 2110 95 39 we
931 2082 190 67 drove
1158 2085 352 68 northward
1551 2087 103 66 she
1692 2087 325 79 explained
2054 2087 100 68 the
2193 2090 279 66 situation
2511 2105 61 51 to
2608 2117 96 39 me
2743 2088 232 82 briefly.

530 2173 325 70 Hawkbill
894 2177 129 67 had
1062 2177 213 67 forced
1311 2178 89 66 his
1432 2205 144 55 way
1612 2182 122 64 into
1771 2180 109 68 her
1915 2180 190 68 house
2145 2182 126 66 and
2310 2199 61 49 at
2411 2182 100 67 the
2548 2199 266 50 moment
2850 2210 128 39 wa3

528 2265 214 83 boring
774 2268 259 80 through
1063 2270 100 66 the
1195 2271 144 66 steel
1372 2270 69 67 of
1470 2270 106 67 her
1609 2270 132 69 safe
1773 2271 147 68 with
1954 2300 76 39 an
2064 2273 315 80 acetylene
2413 2275 168 67 torch
2614 2273 70 68 of
2713 2275 89 67 his
2840 2304 138 38 own

527 2359 323 66 invention.
935 2358 61 67 If
1024 2387 95 40 we
1150 2359 244 68 hurried
1422 2388 95 41 we
1544 2363 190 79 might
1763 2380 249 62 capture
2040 2363 143 68 him.
2262 2364 139 68 Our
2432 2366 210 66 search
2674 2393 128 39 was
2833 2368 109 66 end-

527 2453 101 77 ing
665 2453 56 64 in
760 2453 280 79 triumph.
1128 2453 125 81 My
1292 2481 127 39 arm
1460 2454 237 82 slipped
1734 2456 196 68 round
1964 2456 109 68 her
2110 2458 284 67 shoulder
2433 2459 124 66 and
2594 2459 103 68 she
2735 2461 243 80 pressed

527 2542 210 68 closer.
825 2542 130 68 Yet
994 2544 103 68 she
1136 2546 241 66 seemed
1412 2546 200 81 heavy
1649 2547 148 66 with
1834 2574 35 39 a
1905 2551 423 78 presentiment
2364 2549 71 69 of
2474 2549 137 76 evil,
2655 2578 64 39 as
2760 2551 49 66 if
2848 2551 130 67 fear

533 2634 124 67 and
692 2635 136 66 love
862 2635 127 70 had
1024 2637 246 66 entered
1302 2637 107 68 her
1439 2639 173 66 heart
1646 2656 61 49 at
1742 2639 99 66 the
1874 2668 163 39 same
2071 2642 157 65 time.

667 2740 24 66 I
731 2744 155 68 tried
918 2742 208 81 vainly
1158 2759 61 51 to
1253 2744 262 68 comfort
1548 2744 125 69 her.

664 2847 279 68 Walters
975 2849 129 68 had
1140 2878 213 52 swung
1387 2878 159 54 open
1583 2850 100 68 the
1720 2854 129 66 iron
1886 2852 134 80 grill
2056 2852 213 68 before
2303 2881 96 41 we
2435 2881 159 39 were
2630 2869 105 51 out
2770 2854 70 68 of
2879 2854 98 68 the

530 2967 120 39 car.
735 2940 132 68 We
897 2940 222 70 rushed
1153 2944 273 79 upstairs,
1465 2944 213 67 forced
1710 2944 100 69 the
1846 2945 223 82 library
2101 2945 173 68 door.

670 3045 24 66 I
735 3047 154 68 shall
928 3047 198 81 forget
1162 3076 79 39 no
1280 3049 207 76 detail,
1526 3049 284 67 however
1849 3050 271 75 obscure,
2162 3050 70 68 of
2267 3050 100 68 the
2406 3079 176 39 scene
2618 3052 201 68 which
2857 3067 121 53 met

530 3165 110 39 our
669 3165 159 53 eyes.
908 3138 143 68 The
1080 3140 153 68 door
1258 3140 69 68 of
1353 3140 100 68 the
1482 3140 132 68 safe
1641 3169 213 52 yawns
1881 3171 176 52 open.
2142 3142 69 67 In
2242 3142 162 67 front
2433 3143 71 66 of
2531 3145 43 64 it
2603 3143 105 66 lies
2735 3143 243 82 heaped

532 3257 37 39 a
611 3230 225 68 wealth
884 3230 69 68 of
1001 3259 194 52 gems:
1245 3231 218 82 pearls,
1512 3231 342 77 diamonds,
1902 3233 194 66 rubies
2142 3235 146 66 such
2333 3262 65 39 as
2443 3264 80 39 no
2567 3235 195 68 man's
2807 3235 171 68 brain

530 3321 107 66 but
679 3350 117 39 one
835 3321 186 68 could
1065 3348 139 41 ever
1243 3325 279 78 imagine.
1610 3323 159 68 And
1810 3323 130 68 that
1979 3352 116 40 one
2132 3353 142 39 man
2315 3328 47 64 is
2406 3326 305 80 sprawled
2755 3355 223 53 among

532 3413 160 69 them
737 3416 57 64 in
838 3441 37 39 a
916 3430 290 66 cutaway
1246 3414 146 68 with
1434 3414 439 83 black-striped
1915 3433 256 51 trousers
2215 3418 69 67 of
2325 3418 201 67 which
2575 3418 26 67 I
2648 3419 332 68 remember

530 3506 98 68 the
664 3523 105 51 not
808 3506 459 81 extraordinary
1304 3523 255 66 pattern.
1649 3507 209 68 Blood
1891 3509 165 81 drips
2093 3509 156 70 from
2289 3540 36 37 a
2360 3509 214 83 barely
2609 3511 369 81 perceptible

528 3597 171 68 mark
735 3599 57 66 in
823 3597 91 70 his
950 3597 315 70 forehead.

669 3704 122 68 His
823 3733 146 40 nose
1002 3707 48 65 is
1082 3706 120 67 like
1238 3734 35 39 a
1305 3706 287 67 vulture's
1626 3706 160 67 beak
1819 3707 123 68 and
1976 3707 185 68 death
2193 3707 113 68 has
2340 3709 183 68 made
2560 3711 43 64 it
2635 3707 100 70 the
2769 3709 209 68 colour

527 3795 71 68 of
625 3795 171 68 horn.

669 3904 159 66 And
858 3904 307 79 strangely
1194 3902 91 68 his
1314 3902 185 69 death
1531 3902 203 81 brings
1764 3931 97 39 me
1888 3931 80 39 no
1996 3907 129 78 joy,
2157 3904 146 81 only
2335 3904 230 81 fatigue
2597 3905 122 66 and
2752 3934 33 37 a
2823 3905 124 68 fore-

528 3995 251 81 boding.
875 3995 215 70 When
1143 3995 25 68 I
1223 4012 133 51 turn
1405 4012 61 51 to
1517 3995 178 70 make
1747 4024 36 39 a
1834 3997 460 81 commonplace
2343 3999 236 67 remark
2626 3999 202 67 which
2877 3999 101 67 the

533 4088 430 66 circumstance
991 4087 213 67 would
1231 4087 215 67 render
1471 4087 263 81 ghastly,
1768 4085 23 69 I
1824 4115 96 39 see
1944 4088 284 82 Virginia
2259 4088 272 82 Johnson
2559 4090 226 68 herself
2813 4090 167 81 lying
