3444 4882
528 4348 81 56 12

1566 687 419 84 KABNIS

733 886 216 82 Ralph
983 886 263 77 Kabnis,
1283 890 279 80 propped
1598 892 59 64 in
1689 890 92 68 his
1818 890 142 76 bed,
1999 893 138 66 tries
2170 909 61 50 to
2267 892 168 67 read.
2523 892 105 67 To
2665 893 149 66 read
2849 892 111 67 him-

550 978 117 68 self
697 995 59 51 to
790 980 183 81 sleep.
1051 980 115 67 An
1195 981 80 68 oil
1307 981 166 82 lamp
1507 1012 79 39 on
1618 1012 38 39 a
1683 983 167 68 chair
1879 1012 147 40 near
2057 985 91 67 his
2179 985 203 69 elbow
2413 985 184 67 burns
2629 986 363 80 unsteadily.

543 1069 144 68 The
716 1069 178 68 cabin
924 1100 171 39 room
1126 1075 47 64 is
1205 1075 229 79 spaced
1469 1075 415 82 fantastically
1918 1076 188 68 about
2138 1080 61 66 it.
2279 1078 474 68 Whitewashed
2783 1078 213 68 hearth

543 1163 125 66 and
706 1163 299 81 chimney,
1051 1164 183 68 black
1271 1166 149 68 with
1459 1183 176 64 sooty
1674 1168 337 67 saw-teeth.
2101 1171 262 80 Ceiling,
2411 1171 322 81 patterned
2773 1171 83 80 by
2897 1169 99 68 the

545 1254 242 81 fringed
816 1256 181 81 globe
1027 1257 70 68 of
1129 1257 100 68 the
1259 1259 185 81 lamp.
1525 1259 144 68 The
1696 1261 195 74 walls,
1925 1262 354 80 unpainted,
2314 1291 102 39 are
2446 1262 297 68 seasoned
2775 1291 35 39 a
2839 1264 157 66 rosin

541 1347 246 81 yellow.
867 1351 159 66 And
1058 1351 212 67 cracks
1302 1351 276 69 between
1608 1352 100 68 the
1742 1354 225 68 boards
1999 1383 102 40 are
2128 1356 202 71 black.
2411 1356 210 67 These
2650 1357 215 68 cracks
2895 1384 101 39 are

541 1439 102 67 the
679 1440 113 80 lips
829 1440 100 68 the
965 1442 171 80 night
1170 1444 198 66 winds
1403 1472 105 39 use
1549 1444 95 67 for
1679 1444 381 83 whispering.
2152 1447 200 81 Night
2391 1449 196 66 winds
2626 1452 57 63 in
2722 1450 273 80 Georgia

543 1560 100 39 are
682 1550 257 65 vagrant
980 1552 190 64 poets,
1214 1535 382 83 whispering.
1684 1537 259 78 Kabnis,
1989 1542 195 78 agaist
2225 1540 89 68 his
2353 1540 148 76 will,
2548 1542 112 66 lets
2699 1542 89 68 his
2831 1542 162 68 book

546 1625 112 79 slip
695 1625 207 76 down,
941 1627 124 66 and
1104 1627 201 67 listens
1344 1645 61 51 to
1442 1628 181 70 them.
1711 1630 144 68 The
1891 1659 191 40 warm
2116 1632 319 67 whiteness
2475 1633 70 66 of
2580 1633 90 68 his
2709 1633 142 77 bed,
2895 1633 100 68 the

543 1716 366 82 lamp-light,
951 1720 81 66 do
1075 1737 103 49 not
1212 1737 235 64 protect
1483 1721 124 68 him
1645 1721 158 70 from
1837 1721 100 68 the
1972 1723 192 68 weird
2201 1723 142 68 chill
2380 1725 70 66 of
2485 1725 149 67 their
2670 1754 179 52 song:

1351 1870 189 58 White
1542 1870 190 58 -man's
1771 1870 142 58 land.

1354 1947 246 67 Niggers,
1630 1950 127 66 sing.

1356 2023 162 64 Burn,
1552 2023 127 57 bear
1708 2023 159 59 black
1894 2023 232 59 children

1353 2099 111 58 Till
1490 2123 132 45 poor
1649 2102 152 55 rivers
1827 2101 150 69 bring

1354 2175 148 66 Rest,
1540 2179 105 55 and
1683 2192 155 42 sweet
1871 2179 147 69 glory

1354 2253 59 58 In
1452 2253 175 69 Camp
1664 2253 246 59 Ground.

682 2405 261 68 Kabnis'
982 2407 125 68 thin
1137 2409 134 68 hair
1305 2411 44 64 is
1388 2411 279 66 streaked
1701 2439 78 39 on
1813 2411 100 67 the
1947 2411 230 81 pillow.
2264 2412 121 68 His
2419 2412 170 70 hand
2628 2414 226 68 strokes
2892 2414 100 68 the

538 2499 130 69 slim
711 2500 110 68 silk
860 2500 69 68 of
968 2500 92 68 his
1099 2502 331 68 mustache.
1524 2502 99 68 Hs
1666 2504 230 74 thumb,
1943 2505 246 80 pressed
2230 2505 193 68 under
2465 2507 91 66 his
2600 2507 156 75 chin,
2800 2536 190 39 seems

536 2607 61 51 to
629 2592 77 67 be
740 2593 198 80 trying
973 2609 61 50 to
1068 2595 135 78 give
1236 2622 352 53 squareness
1623 2595 124 68 and
1778 2599 337 77 projection
2148 2612 63 53 to
2245 2599 61 66 it.
2394 2599 230 66 Brown
2656 2627 141 53 eyes
2832 2615 156 51 stare

536 2683 158 70 from
729 2714 34 37 a
795 2687 202 66 lemon
1032 2685 156 68 face.
1273 2688 303 66 Moisture
1607 2688 238 80 gathers
1877 2688 263 68 beneath
2170 2690 90 68 his
2291 2693 289 80 arm-pits.
2665 2692 108 67 He
2807 2692 181 67 slides

536 2776 183 68 down
756 2778 261 68 beneath
1056 2778 100 68 the
1193 2807 198 47 cover,
1432 2780 246 81 seeking
1711 2781 244 66 release.

675 2868 271 67 Kabnis:
1012 2869 175 68 Near
1219 2898 115 43 me.
1419 2871 188 68 Now.
1689 2873 321 68 Whoever
2042 2900 123 54 you
2199 2902 120 47 are,
2358 2903 104 53 my
2496 2903 191 41 warm
2719 2876 269 81 glowing

535 2961 376 74 sweetheart,
955 2963 81 66 do
1071 2980 104 49 not
1210 2963 170 67 think
1417 2963 132 67 that
1584 2964 99 68 the
1720 2964 139 68 face
1898 2964 128 68 that
2062 2983 144 51 rests
2242 2966 206 68 beside
2485 2996 124 53 you
2646 2971 46 64 is
2726 2969 100 66 the
2863 2969 124 68 real

535 3051 260 69 Kabnis.
880 3054 217 81 Ralph
1129 3054 242 68 Kabnis
1400 3057 46 65 is
1478 3084 35 39 a
1547 3057 229 66 dream.
1852 3057 161 68 And
2042 3059 240 68 dreams
2316 3088 100 39 are
2448 3059 168 70 faces
2641 3062 147 67 with
2821 3062 167 82 large

535 3174 142 51 eyes
718 3147 123 66 and
883 3149 178 66 weak
1104 3149 167 66 chins
1312 3149 123 66 and
1478 3149 196 68 broad
1717 3149 201 68 brows
1955 3151 131 67 that
2128 3169 100 63 get
2272 3154 281 68 smashed
2594 3154 84 81 by
2722 3154 100 68 the
2868 3156 120 66 fists

533 3239 69 66 of
635 3267 215 53 square
887 3239 184 69 faces.
1159 3240 143 68 The
1336 3240 171 82 body
1540 3242 70 68 of
1644 3242 100 68 the
1776 3244 198 66 world
2010 3247 45 64 is
2089 3244 415 72 bull-necked.
2590 3247 73 68 A
2699 3247 210 69 dream
2943 3250 47 65 is

535 3359 37 37 a
606 3330 122 68 soft
760 3332 137 66 face
927 3332 131 67 that
1088 3332 92 67 fits
1212 3333 378 82 uncertainly
1618 3364 165 51 upon
1813 3338 59 65 it.
1971 3391 10 12 .
2062 3391 12 12 .
2165 3337 171 76 God,
2369 3338 49 67 if
2450 3338 25 67 I
2509 3340 186 68 could
2726 3340 261 81 develop

533 3421 130 68 that
702 3425 56 64 in
797 3425 220 66 words.
1110 3425 163 68 Give
1310 3427 168 67 what
1522 3427 24 67 I
1591 3427 183 67 know
1816 3457 34 37 a
1891 3428 313 68 bull-neck
2247 3430 123 68 and
2416 3460 35 38 a
2492 3432 264 81 heaving
2795 3433 188 80 body,

533 3515 83 67 all
655 3516 212 66 would
907 3545 78 53 go
1022 3518 143 68 well
1202 3518 145 68 with
1388 3547 115 47 me,
1547 3520 280 67 wouldnt
1862 3523 63 73 it,
1969 3521 400 68 sweetheart?
2465 3523 58 68 If
2563 3523 26 68 I
2633 3525 188 67 could
2865 3526 120 66 feel

531 3606 132 68 that
709 3608 24 66 I
778 3637 171 38 came
992 3626 61 51 to
1100 3609 100 68 the
1242 3611 197 68 South
1483 3628 61 51 to
1593 3613 137 66 face
1772 3630 61 51 it.
1930 3613 59 68 If
2038 3613 46 76 I,
2133 3615 100 66 the
2275 3615 210 67 dream
2548 3616 141 80 (not
2731 3616 169 68 what
2939 3621 48 65 is

530 3699 179 66 weak
750 3699 123 66 and
912 3701 203 68 afraid
1149 3704 60 65 in
1246 3703 132 81 me)
1429 3704 186 66 could
1651 3703 252 69 become
1938 3704 100 68 the
2079 3706 137 66 face
2257 3706 71 68 of
2363 3706 99 68 the
2501 3706 215 69 South.
2810 3709 177 68 How

528 3819 105 53 my
675 3792 112 70 lips
822 3794 210 66 would
1075 3797 130 78 sing
1244 3796 97 66 for
1378 3799 63 71 it,
1483 3824 105 53 my
1625 3826 180 53 songs
1840 3797 180 82 being
2059 3797 98 68 the
2201 3799 112 80 lips
2352 3799 69 68 of
2457 3802 71 65 its
2570 3801 149 68 soul.
2807 3802 173 68 Soul.

530 3884 152 67 Soul
724 3884 144 67 hell.
961 3885 209 70 There
1219 3891 123 62 aint
1385 3916 78 39 no
1508 3889 144 68 such
1698 3889 186 81 thing.
1981 3889 203 68 What
2228 3892 58 65 in
2331 3891 124 69 hell
2497 3919 129 39 was
2672 3892 174 70 that?

670 3979 75 67 A
795 3994 92 51 rat
936 3979 129 67 had
1119 4009 107 37 run
1285 4009 201 39 across
1537 3980 100 68 the
1693 3980 125 68 thin
1872 3982 227 68 boards
2150 3982 69 68 of
2275 3984 99 67 the
2429 3985 234 82 ceiling.
2744 3985 243 70 Kabnis

530 4072 218 67 thrusts
778 4072 90 67 his
902 4072 164 67 head
1099 4090 104 51 out
1241 4073 157 70 from
1434 4075 100 66 the
1566 4102 227 41 covers.
1874 4075 303 81 Through
2211 4077 100 66 the
2346 4078 229 75 cracks,
2617 4107 36 39 a
2687 4080 298 81 powdery

536 4163 195 68 faded
782 4165 108 66 red
944 4165 139 68 dust
1132 4194 210 52 sprays
1391 4167 187 67 down
1629 4195 79 41 on
1757 4168 144 68 him.
2003 4167 164 69 Dust
2219 4168 72 68 of
2343 4170 390 78 slave-fields,
2787 4173 194 76 dried,
