3444 4882
530 4415 80 55 16

530 487 44 64 it
604 514 178 52 open,
817 487 126 66 and
973 487 236 67 lurches
1242 490 126 64 into
1403 487 100 67 the
1534 488 188 82 night.
1803 488 74 68 A
1910 488 149 75 calf,
2094 490 281 80 carrying
2409 517 36 37 a
2477 488 161 82 yoke
2672 488 69 68 of
2773 488 208 75 wood,

530 578 159 68 bolts
721 607 179 52 away
938 580 157 67 from
1127 580 124 67 him
1285 581 125 66 and
1442 608 303 55 scampers
1779 581 188 68 down
2001 581 100 68 the
2135 581 171 68 road.

958 685 41 66 r
1010 715 61 39 m
1110 686 288 68 damned.
1491 686 156 70 This
1689 688 229 81 godam
1960 688 178 81 place
2181 691 47 65 is
2267 715 132 39 sure
2445 690 227 78 getting
2716 688 100 68 the
2854 688 131 68 best

530 779 71 67 of
635 808 113 39 me.
836 779 215 75 Come,
1095 779 237 82 Ralph,
1373 779 110 68 old
1515 810 163 46 man,
1718 783 129 79 pull
1884 781 273 81 yourself
2194 781 291 81 together.
2580 781 227 80 Nights
2844 796 141 53 cant

531 871 115 66 last
684 871 255 68 forever.
1027 871 232 68 Thank
1297 873 154 67 God
1488 873 96 67 for
1618 874 149 66 that.
1861 873 81 69 Its
1981 873 262 83 Sunday
2282 873 274 81 already.
2648 874 156 66 First
2844 874 141 66 time

531 967 58 65 in
626 993 105 52 my
768 964 109 68 life
916 964 127 66 I've
1078 993 139 39 ever
1251 966 251 66 wanted
1539 966 261 81 Sunday
1837 984 61 49 to
1935 996 191 39 come.
2218 966 156 69 Hell
2409 966 71 67 of
2519 995 37 38 a
2595 966 146 79 day.
2827 966 158 67 And

531 1057 187 66 down
758 1056 142 67 here
948 1056 218 67 there's
1209 1084 77 39 no
1332 1057 146 68 such
1524 1057 167 81 thing
1739 1086 66 39 as
1847 1059 268 81 ducking
2159 1057 242 70 church.
2494 1057 201 75 Well,
2746 1056 97 71 I'll
2888 1084 97 39 see

533 1149 245 81 Halsey
812 1149 124 67 and
972 1149 306 81 Layman,
1317 1150 124 66 and
1473 1166 100 64 get
1607 1179 35 37 a
1676 1150 166 80 good
1876 1179 215 54 square
2125 1152 181 66 meal.
2389 1150 205 70 Thats
2628 1150 353 80 something.

530 1240 159 68 And
724 1240 297 81 Halsey's
1058 1269 35 39 a
1129 1240 186 68 damn
1351 1242 166 79 good
1554 1242 191 68 feller.
1830 1242 166 68 Cant
2028 1243 129 67 talk
2191 1259 61 51 to
2287 1243 144 75 him,
2472 1242 252 79 though.
2807 1242 178 68 Who

531 1335 58 66 in
635 1333 255 68 Christ's
931 1333 200 68 world
1171 1362 115 39 can
1334 1335 24 66 I
1402 1335 128 68 talk
1574 1340 105 63 to?
1767 1337 73 66 A
1877 1337 138 71 hen.
2108 1337 171 67 God.
2372 1335 264 81 Myself.
2692 1389 13 12 .
2761 1387 14 14 .
2873 1333 112 68 I'm

533 1426 185 80 going
762 1425 154 76 bats,
961 1453 80 39 no
1085 1425 195 67 doubt
1324 1426 69 66 of
1437 1426 149 68 that.
1679 1426 198 68 Come
1918 1455 159 48 now,
2126 1426 236 82 Ralph,
2409 1455 78 53 go
2531 1428 59 66 in
2638 1425 125 69 and
2805 1426 180 68 make

530 1518 274 79 yourself
841 1545 78 54 go
960 1533 62 51 to
1060 1518 182 81 sleep.
1330 1518 197 68 Come
1564 1545 142 41 now
1757 1572 149 14 ...
1960 1521 58 65 in
2059 1519 100 67 the
2201 1519 154 67 door
2406 1572 12 12 .
2473 1572 14 14 .
2543 1572 12 12 .
2609 1518 159 68 thats
2809 1518 174 79 right.

535 1609 127 68 Put
687 1609 100 68 the
814 1609 190 82 poker
1032 1611 205 66 down.
1315 1609 229 70 There.
1620 1611 117 68 All
1769 1611 171 81 right.
2018 1611 134 81 Slip
2181 1611 193 68 under
2402 1611 100 68 the
2531 1611 212 66 sheets.
2797 1609 188 68 Close

531 1731 154 53 your
728 1731 159 53 eyes.
978 1703 213 68 Think
1230 1704 251 80 nothing
1533 1757 149 12 ...
1738 1733 34 37 a
1814 1704 144 80 long
2001 1706 140 65 time
2192 1757 12 13 .
2261 1758 11 12 .
2330 1757 11 12 .
2395 1703 271 80 nothing,
2711 1702 270 81 nothing.

533 1795 177 67 Dont
757 1824 149 38 even
952 1795 169 68 think
1163 1796 270 80 nothing.
1532 1797 224 67 Blank.
1852 1797 135 67 Not
2034 1825 149 39 even
2226 1795 209 68 blank.
2529 1795 227 67 Count.
2854 1795 128 74 No,

530 1905 223 50 mustnt
802 1904 201 51 count.
1104 1888 282 80 Nothing
1436 1942 13 13 .
1505 1943 12 12 .
1574 1942 12 12 .
1640 1889 190 66 blank
1881 1943 12 12 .
1950 1943 12 12 .
2018 1942 13 13 .
2083 1889 252 78 nothing
2387 1942 12 12 .
2456 1941 12 12 .
2524 1941 12 13 .
2589 1887 189 68 blank
2832 1941 11 12 .
2899 1940 13 12 .
2970 1940 11 12 .

534 2008 179 53 space
748 1981 257 67 without
1041 1997 147 50 stars
1223 1982 58 65 in
1319 1983 61 64 it.
1469 1980 127 75 No,
1634 1980 253 81 nothing
1938 2033 12 12 .
2007 2034 12 13 .
2076 2034 11 12 .
2140 1980 251 80 nothing
2443 2033 12 12 .
2512 2033 12 11 .
2580 2033 13 11 .

675 2072 241 67 Kabnis
958 2072 210 81 sleeps.
1263 2073 143 66 The
1449 2072 216 74 winds,
1713 2072 118 66 like
1876 2072 369 69 soft-voiced
2286 2088 258 63 vagrant
2584 2087 192 65 poets,
2823 2072 159 79 sing:

1344 2252 381 57 White-man's
1759 2250 141 58 land.

1348 2330 246 67 Niggers,
1633 2331 126 64 sing.

1349 2405 164 64 Burn,
1549 2404 127 58 bear
1712 2404 159 57 black
1906 2403 232 59 children

1347 2482 111 57 Till
1491 2505 130 45 poor
1654 2484 153 55 rivers
1840 2482 150 67 bring

1348 2558 148 66 Rest,
1536 2557 105 59 and
1679 2573 155 43 sweet
1873 2557 147 69 glory

1347 2635 60 57 In
1438 2636 172 67 Camp
1642 2634 242 58 Ground.

2355 2714 189 81 Jean
2587 2715 308 68 Toomer

1181 3027 473 81 INDIANS
1727 3027 115 81 IN
1918 3027 415 81 SPRING

1060 3242 171 81 The
1271 3242 236 101 nights
1547 3275 192 50 were
1781 3242 193 93 cold,

1060 3350 189 81 And
1297 3350 171 102 they
1517 3384 201 47 came
1766 3350 264 103 slowly
2077 3370 376 83 upstream,

1063 3458 303 104 Pulling
1413 3479 156 81 past
1623 3458 307 82 channel
1986 3458 232 82 stakes

1063 3565 345 85 Gnawed
1456 3565 223 83 white
1723 3567 180 81 with
1954 3568 128 80 ice.

1063 3780 274 103 Poplar
1376 3782 303 91 flowers,

1063 3887 457 103 Blossoming
1571 3888 146 82 and
1769 3888 263 102 falling

1060 3997 357 101 Through
1468 3999 101 79 air
1622 3999 391 99 remaining
2060 3997 171 81 cold

1058 4104 122 81 As
1217 4122 247 75 water,
1505 4102 122 83 the
1666 4104 178 81 flesh
1884 4104 83 81 of
2008 4104 261 101 spring.

2387 4228 240 82 Janet
2670 4229 223 70 Lewis
