3444 4882
2797 4349 69 54 51

444 451 107 67 but
581 454 107 68 her
722 457 227 82 images
981 461 83 66 do
1098 478 105 50 not
1235 462 156 68 have
1425 464 100 68 the
1560 493 161 41 same
1760 469 85 65 air
1877 467 69 67 of
1982 467 179 82 being
2199 486 279 51 accurate
2512 486 362 51 statements.

446 545 137 68 Nor
617 550 46 65 is
695 549 103 67 she
835 579 65 37 as
934 552 343 83 frequently
1311 557 210 80 happy
1559 561 57 62 in
1650 559 252 81 playing
1934 562 148 66 with
2114 564 107 66 her
2254 564 212 75 iambs,
2505 591 64 39 as
2603 566 268 64 witness:

803 649 143 69 The
988 650 349 70 blackbirds
1381 654 83 79 fly
1506 654 212 69 before
1762 657 100 66 the
1901 659 162 74 cold,

895 742 142 68 The
1079 745 249 80 painted
1369 747 327 79 grosbeaks
1738 776 110 52 go;

807 832 133 67 Not
976 862 120 53 any
1135 852 253 64 tanager
1420 840 47 64 is
1504 865 65 39 so
1606 838 152 70 bold

891 925 102 66 As
1032 942 59 50 to
1130 925 185 67 brave
1354 926 100 68 the
1496 955 184 41 snow.

441 1014 142 70 The
622 1018 114 66 last
776 1020 119 66 line
930 1048 171 39 scans
1140 1048 146 54 very
1327 1021 210 81 badly.
1606 1025 102 79 By
1748 1026 100 66 the
1889 1026 374 85 functioning
2304 1031 69 66 of
2412 1031 98 68 the
2553 1031 326 82 preceding

441 1106 185 76 three,
664 1138 116 39 one
819 1113 45 64 is
902 1113 99 66 led
1039 1130 59 49 to
1137 1113 142 66 beat
1316 1143 36 37 a
1393 1116 152 66 solid
1584 1135 212 49 accent
1829 1119 60 65 in
1928 1119 100 66 the
2067 1148 211 53 wrong
2314 1123 205 79 place:
2754 1126 122 66 TO

439 1197 187 68 brave
668 1201 98 66 the
1130 1204 251 81 Judged
1423 1206 81 81 by
1542 1207 106 67 her
1689 1236 140 39 own
1870 1211 337 76 intentions,
2253 1213 159 67 Miss
2456 1214 127 68 Lee
2620 1216 110 66 has
2774 1233 105 49 not

441 1296 300 66 mastered
783 1294 98 66 the
922 1294 171 68 trade
1137 1314 215 49 secrets
1394 1299 70 66 of
1503 1299 106 68 her
1652 1301 284 67 medium.
2029 1302 143 70 The
2212 1306 335 67 American
2591 1307 289 66 warblers

441 1409 102 39 are
581 1411 34 39 a
656 1384 149 66 little
841 1385 113 65 less
991 1387 383 81 painstaking
1408 1389 145 66 than
1592 1390 100 66 the
1735 1392 252 80 English
2024 1394 359 81 Georgians.
2473 1397 71 66 A
2585 1426 294 52 sequence

443 1473 71 65 of
553 1490 237 51 sonnets
829 1478 327 66 concludes
1194 1480 158 66 Miss
1391 1482 179 66 Lee's
1608 1482 183 74 book,
1835 1485 106 66 but
1980 1485 142 81 they
2163 1516 115 37 can
2319 1489 267 79 scarcely
2624 1489 76 66 be
2737 1519 106 37 con-

441 1566 235 66 sidered
730 1595 77 39 an
861 1570 276 68 advance
1183 1599 164 54 upon
1399 1573 100 66 the
1552 1575 332 68 Masefield
1933 1595 239 49 sonnet:
2229 1578 107 68 her
2383 1582 395 67 versification
2834 1587 45 62 is

441 1658 325 79 extremely
808 1687 231 40 uneven
1083 1663 57 64 in
1183 1690 33 37 a
1261 1663 157 68 form
1459 1665 203 67 where
1704 1666 320 82 departure
2070 1668 156 68 from
2268 1670 301 67 orthodox
2612 1673 267 80 rhythms

439 1766 154 49 must
632 1749 75 68 be
746 1751 328 81 brilliantly
1111 1756 295 66 executed
1445 1756 47 66 if
1528 1773 61 49 at
1630 1758 100 66 all.

575 1841 387 69 Sacheverell
995 1844 255 76 Sitwell,
1299 1846 134 81 (the
1464 1866 296 63 youngest
1792 1849 70 68 of
1892 1851 98 66 the
2021 1851 164 68 three
2216 1853 299 81 Sitwells)
2559 1856 110 66 has
2698 1856 181 68 much

439 1936 124 66 real
603 1936 107 64 wit
749 1934 124 66 and
907 1937 328 80 virtuosity.
1325 1939 71 66 A
1433 1939 231 80 prolific
1701 1944 123 66 and
1867 1942 194 80 gifted
2099 1942 210 82 youth,
2356 1947 235 77 cynical
2632 1946 247 81 beyond

438 2024 89 66 his
561 2052 195 53 years,
793 2025 78 68 he
903 2027 110 66 has
1047 2027 271 81 adopted
1354 2029 98 67 the
1484 2058 251 40 manner
1769 2032 69 66 of
1873 2032 99 68 the
2007 2034 710 84 Seventeenth-Century
2756 2037 123 68 and

443 2113 459 83 Metaphysical
949 2134 171 64 poets
1166 2135 61 51 to
1277 2120 287 81 lampoon
1609 2151 70 39 us
1724 2124 163 66 with.
1982 2124 142 69 The
2559 2132 320 78 comprises

443 2207 262 81 fantasy,
759 2210 305 80 explosive
1117 2210 257 81 rhymes,
1433 2212 308 67 elaborate
1797 2215 124 66 and
1973 2217 219 79 unruly
2246 2218 361 80 metaphors,
2668 2220 122 68 and
2842 2249 36 39 a

439 2300 378 81 persistently
859 2317 393 64 extravagant
1293 2303 393 81 vocabulary.
1775 2305 97 67 At
1912 2306 92 66 his
2046 2335 139 39 own
2231 2337 195 51 game,
2473 2310 127 68 Mr.
2644 2312 234 67 Sitwell

441 2418 113 37 can
609 2389 74 68 be
732 2408 154 51 most
940 2394 722 82 entertaining—always
1716 2394 97 68 for
1863 2396 99 68 the
2014 2400 325 79 particular
2392 2401 223 80 colony
2669 2405 56 64 in
2779 2403 99 66 the

439 2481 351 68 catacombs
820 2483 203 67 whom
1057 2483 114 67 this
1203 2511 144 53 pose
1374 2484 234 80 pleases
1635 2486 149 68 best.
1879 2486 159 80 (For
2073 2518 34 37 a
2143 2491 156 73 time,
2341 2489 156 68 after
2529 2493 98 66 the
2661 2494 217 66 arrival

441 2572 69 68 of
544 2572 127 68 Mr.
712 2574 184 74 Eliot,
932 2603 95 39 we
1062 2576 82 66 all
1176 2576 256 79 thought
1464 2577 130 66 that
1625 2604 94 41 we
1752 2577 128 68 had
1911 2579 191 68 better
2138 2581 137 67 rush
2309 2582 84 66 off
2429 2586 122 66 and
2590 2584 144 66 read
2771 2613 107 39 our

441 2664 247 74 Donne,
729 2665 347 80 Chapman,
1111 2665 339 82 Vaughan,
1489 2669 271 66 Marvell
1796 2669 122 68 and
1956 2671 148 66 steal
2144 2671 148 67 their
2332 2671 243 82 fantasy
2615 2676 122 66 and
2774 2677 105 65 wit

443 2784 64 37 as
536 2755 101 68 the
666 2755 131 66 best
829 2772 179 51 retort
1039 2774 61 51 to
1134 2757 99 66 the
1264 2786 267 50 pressure
1564 2759 69 66 of
1660 2760 252 66 modern
1945 2762 394 81 conditions.)
2432 2765 156 66 And
2622 2794 85 51 so,
2746 2767 127 68 Mr.

444 2847 234 69 Sitwell
705 2875 112 38 can
844 2847 74 66 be
946 2865 130 63 pert
1105 2850 120 66 and
1250 2848 344 68 buffoonish
1619 2850 144 66 with
1794 2850 100 66 the
1924 2852 332 79 language:

808 2943 176 66 Who
1022 2945 211 79 taught
1271 2945 98 66 the
1404 2962 246 51 centaur
1687 2947 119 66 first
1841 2963 61 51 to
1943 2948 173 66 drink

805 3035 268 81 Ladling
1100 3036 93 66 his
1222 3036 157 80 huge
1410 3036 198 68 hands
1636 3036 156 68 from
1821 3038 98 66 the
1950 3040 174 66 brink
2126 3082 90 5 —

805 3126 213 68 When
1059 3126 169 68 other
1267 3143 288 51 monsters
1596 3129 74 66 lie
1713 3133 122 66 and
1877 3131 101 78 lap

807 3216 142 67 The
981 3234 217 49 waters
1232 3217 118 66 like
1382 3246 36 37 a
1455 3217 236 68 fruitful
1724 3246 141 53 pap.

446 3307 68 68 In
551 3307 100 68 the
1086 3307 68 68 of
1575 3309 77 66 he
1692 3312 48 63 is
1775 3311 212 79 purely
2026 3311 100 67 the
2165 3314 240 73 satirist;
2449 3314 100 66 the
2590 3314 108 66 fun
2737 3343 107 39 con-

446 3400 127 65 sists
600 3399 71 66 of
698 3400 226 78 mixing
951 3399 252 67 modern
1232 3399 215 81 figures
1474 3400 145 68 with
1653 3404 236 64 ancient
1919 3431 171 37 ones:
2177 3402 301 69 Hercules
2696 3407 180 66 taken

446 3490 156 68 from
639 3492 91 66 fat
764 3492 190 79 kings,
996 3490 148 68 their
1178 3507 328 51 motorcars
1542 3492 123 66 and
1702 3492 293 68 diamond
2341 3495 52 66 It
2431 3499 45 64 is
2514 3499 81 67 all
2634 3499 244 79 frankly

443 3583 464 80 disappointing.
996 3582 197 67 Satire
1232 3582 296 81 produces
1570 3583 342 81 essentially
1951 3587 276 77 negative
2270 3587 303 79 qualities:
2644 3617 36 39 a
2717 3619 121 37 com-

446 3673 303 81 promised
783 3675 384 66 withdrawal
1206 3673 156 69 from
1399 3675 112 66 this
1545 3675 340 81 übiquitous
1924 3676 122 66 and
2080 3681 444 78 consternating
2559 3683 315 64 existence.

2580 3804 100 67 M.
2726 3804 58 81 J.

453 3947 134 68 The
632 3947 283 75 Orissers,
962 3946 78 83 bp
1081 3947 76 68 L.
1205 3946 93 72 H.
1343 3947 275 80 Meyers.
1713 3946 254 69 Charles
2011 3947 330 70 Scribner's
2388 3951 173 69 Sons.
2658 3954 218 76 $2.00.

580 4069 142 68 The
754 4069 129 66 553
918 4096 187 53 pages
1135 4068 70 67 of
1235 4068 112 67 this
1377 4068 170 66 work
1579 4095 100 40 are
1713 4095 76 39 an
1824 4096 143 53 easy
1997 4069 286 68 evidence
2317 4071 70 68 of
2419 4101 35 38 a
2486 4078 393 76 quantitative

444 4188 222 54 energy
700 4161 240 79 seeking
978 4161 338 79 expression
1352 4161 56 64 in
1447 4159 98 66 the
1581 4159 176 66 novel
1796 4159 174 68 form.
2058 4159 191 83 Upon
2285 4191 36 37 a
2356 4162 130 82 plot
2524 4164 71 68 of
2627 4167 251 78 intrigue
