4239 3162
441 223 303 51 POESIA

456 2892 54 40 40

446 378 153 33 d'anime
632 384 18 23 e
675 373 110 33 d'arie
821 369 192 35 calabresi:
1039 378 18 24 e
1083 367 192 34 Raffaello
1310 366 90 31 Fran-

449 432 73 38 chi,
563 429 175 34 sensitivo
773 425 247 34 rimbaudiano
1036 433 7 21 :
1084 432 18 23 e
1142 421 137 32 Libero
1317 418 84 33 Alto-

444 494 116 30 mare,
587 483 121 34 Mario
734 480 159 39 Bétuda,
914 478 108 41 Luigi
1048 475 235 41 Limongelli,
1307 473 114 33 Piero

450 540 137 36 Preda,
613 538 108 40 poeta
746 534 197 33 sovratutto
969 530 210 38 nell'anima,
1208 528 212 33 costruttore

447 595 35 32 di
507 594 98 32 forze
630 591 93 32 nella
740 590 72 31 vita
830 597 18 23 e
867 587 169 37 nell'arte,
1054 583 152 42 squisito
1232 581 171 33 sentimen-

446 649 71 32 tale
543 648 66 31 che
635 655 69 22 non
731 652 102 24 cerca
859 651 18 23 a
902 639 154 34 lenocini
1074 639 35 31 di
1133 637 113 32 forma
1270 644 56 23 ma
1350 635 70 32 allo

446 705 120 31 stesso
594 699 170 41 originale
783 696 140 33 brivido
949 693 157 34 cordiale
1131 693 31 31 la
1187 699 64 24 sua
1268 689 154 42 genuina

451 756 251 41 espressione:
738 762 19 23 e
783 750 238 33 Ferdinando
1046 747 171 31 Fontana
1239 744 136 41 junior,
1402 752 18 23 e

446 811 149 40 Angelo
623 806 160 34 Frattini
809 805 57 32 del
891 804 105 39 quale
1021 801 30 32 si
1075 800 144 32 attende
1244 808 68 22 con
1336 798 85 32 vivo

447 865 173 31 interesse
644 863 31 31 II
698 862 88 31 ciclo
820 860 35 31 si
886 857 132 33 diverte
1022 879 9 15 f
1058 854 158 32 raccolta
1241 853 33 31 di
1299 851 123 32 liriche

445 917 272 34 ultramoderne.

491 973 59 32 Ma
575 971 195 42 passiamo,
796 977 73 30 ora,
894 966 67 32 alle
993 973 83 24 vere
1103 971 118 23 nuove
1246 961 110 33 forze.
1380 959 42 32 Vi

448 1029 19 33 è
485 1037 69 24 una
580 1029 128 35 donna,
726 1024 129 32 anche:
880 1020 122 33 Maria
1027 1016 171 35 Ginanni.
1216 1016 44 32 Se
1279 1016 22 31 il
1318 1014 106 34 Libro

448 1084 37 33 di
506 1084 105 31 Mara
638 1081 34 31 di
695 1079 76 32 Ada
794 1076 108 41 Negri
934 1077 30 37 è,
989 1072 271 37 tecnicamente,
1284 1078 70 24 una
1380 1069 29 31 ri-

447 1136 188 37 velazione
662 1135 45 31 ed
731 1131 211 34 eticamente
960 1136 71 25 uno
1056 1127 56 32 dei
1139 1126 58 41 più
1222 1125 80 32 forti
1320 1119 103 47 saggi

451 1190 193 36 d'umanità
668 1189 66 31 che
760 1187 32 31 la
820 1185 96 31 lirica
952 1182 172 33 moderna
1149 1180 106 32 abbia
1279 1180 96 38 dato,
1400 1178 22 32 il

449 1248 133 32 Poema
595 1243 93 32 dello
701 1241 127 40 spazio
842 1238 34 32 di
890 1237 111 32 Maria
1025 1234 163 39 Ginnani,
1213 1234 210 40 integrando

449 1303 33 31 le
508 1298 132 42 qualità
675 1293 290 35 cerebralistiche
1001 1291 34 31 di
1060 1289 197 40 Montagne
1281 1288 123 39 traspa-

449 1354 93 33 renti
566 1352 93 32 delia
677 1347 195 34 medesima
890 1345 144 38 autrice,
1051 1343 115 32 arriva
1183 1350 20 23 a
1227 1342 94 31 delle
1340 1349 83 24 vere

455 1417 19 23 e
499 1405 143 43 proprie
669 1400 212 36 rarefazioni
917 1399 35 31 di
978 1397 125 42 genesi
1135 1396 183 40 spirituale
1344 1404 19 24 e
1389 1395 34 32 di

453 1461 139 41 portata
616 1457 211 33 universale.
844 1454 47 32 La
909 1454 182 39 poetessa,
1111 1451 122 31 dotata
1258 1450 34 31 di
1314 1449 108 41 genio

451 1513 236 37 matematico,
714 1519 40 23 sa
784 1509 95 38 dare,
904 1515 68 23 con
1008 1505 158 32 mirabile
1192 1504 198 38 chiarezza,
1415 1503 9 32 i

451 1568 158 42 rapporti
623 1567 157 40 (sempre
795 1560 278 39 musicalissimi)
1086 1558 51 32 fra
1150 1559 33 31 la
1197 1566 93 24 zona
1303 1557 122 41 ignota

515 1622 116 32 anima
653 1637 42 4 —
713 1627 18 23 e
749 1618 33 31 la
799 1625 92 23 zona
916 1615 169 31 concreta
1100 1630 42 5 —
1159 1611 112 33 fisica.
1289 1611 54 32 Da
1368 1611 56 32 ciò

452 1677 129 40 questo
620 1674 132 31 Poema
789 1672 93 30 dove
921 1669 90 31 tutto
1051 1666 19 32 è
1103 1667 159 40 appunto
1298 1665 127 40 spazio

456 1740 18 24 e
500 1731 94 32 dove
619 1728 46 42 gli
691 1723 233 36 smarrimenti
948 1721 150 42 psichici
1124 1729 70 23 non
1219 1728 91 24 sono
1337 1719 88 32 altro

454 1787 66 31 che
546 1783 82 33 stati
653 1780 153 33 d'animo
827 1779 80 31 d'un
933 1775 245 42 equilibrismo
1205 1775 222 40 esasperato.

493 1840 99 32 Altro
623 1836 153 41 squisito
806 1832 182 33 cerebrale
1013 1830 19 32 è
1060 1829 168 33 Antonio
1253 1828 137 32 Bruno.
1416 1828 11 31 I

453 1894 80 33 suoi
557 1891 136 34 Fuochi
715 1890 38 32 di
786 1886 167 42 Bengala
977 1886 219 39 raccolgono
1222 1883 56 32 dei
1306 1882 121 32 mondi

453 1949 35 33 di
513 1945 200 35 sensibilità
738 1951 121 24 nuova
876 1951 19 22 e
919 1942 165 30 snodano
1104 1938 93 32 delle
1222 1938 121 32 volute
1369 1937 40 32 de-

453 2002 132 34 liziose
610 2001 34 31 di
664 1994 158 43 ,fantasia
846 1994 244 43 peripatetica.

496 2057 96 33 Altro
617 2055 144 40 signore
794 2051 94 32 della
917 2049 108 38 lirica,
1049 2046 141 34 benché
1215 2055 71 23 non
1311 2045 118 33 scriva

453 2121 45 24 un
533 2118 121 27 verso,
679 2108 18 32 è
735 2106 132 33 Emilio
895 2101 217 35 Settimelli.
1136 2101 63 32 V'è
1234 2101 92 32 nelle
1363 2108 64 24 sue

453 2164 230 34 Mascherate
705 2161 173 42 futuriste
896 2166 70 25 uno
985 2157 239 32 snodamento
1249 2154 180 41 d'energie

453 2220 169 41 poetiche
646 2218 82 38 tale,
753 2216 65 32 che
844 2222 69 24 non
938 2213 30 32 si
985 2220 41 24 sa
1043 2220 40 23 se
1109 2210 59 41 più
1194 2210 181 32 ammirare
1393 2208 36 32 lo

453 2273 125 41 spirito
604 2273 143 31 etrusco
774 2270 65 32 che
865 2267 115 33 anima
1006 2266 118 41 quelle
1154 2265 129 41 pagine
1310 2272 21 23 o
1356 2262 60 32 l'in-

455 2328 182 33 diavolato
663 2323 186 35 stornellio
869 2323 94 31 dello
989 2321 81 31 stile
1096 2320 65 31 che
1186 2319 25 32 ti
1236 2326 148 24 carezza
1410 2326 20 23 e

453 2381 26 32 ti
503 2388 119 34 punge
648 2379 148 31 insieme
815 2385 102 23 come
936 2384 44 22 un
998 2375 90 32 fiore
1114 2372 134 33 abitato
1267 2372 163 39 dall'ape.

453 2434 121 33 Anche
600 2435 32 31 in
657 2433 124 32 Nuovo
806 2430 101 33 modo
932 2430 159 31 d'amare
1127 2436 19 23 e
1183 2427 56 32 nei
1265 2426 167 40 Capricci

454 2490 94 31 della
573 2488 188 32 Duchessa
785 2485 146 33 Pallore
956 2492 19 23 e
999 2481 139 42 perfino
1167 2481 70 32 nell
1239 2480 193 33 'Inchiesta

454 2543 96 32 sulla
574 2543 72 32 vita
672 2540 151 33 italiana
827 2565 8 14 ,
861 2539 22 32 il
908 2546 110 24 senso
1043 2537 100 32 lirico
1179 2535 34 32 di
1244 2534 187 34 Settimelli

456 2596 117 32 anima
590 2595 211 32 multiforme
821 2601 56 23 ma
894 2593 201 39 sopratutto
1115 2591 114 31 anima
1255 2591 34 31 di
1306 2588 124 41 Poeta,

456 2651 30 32 si
510 2650 186 32 manifesta
721 2648 211 42 suggestivo
957 2647 33 31 in
1015 2647 88 31 tutta
1127 2646 33 31 la
1189 2653 64 23 sua
1288 2643 99 32 forza
1412 2652 18 24 e

458 2706 35 32 la
517 2713 66 24 sua
608 2703 238 42 spontaneità.

501 2758 113 33 Poeta
639 2757 18 32 è
676 2766 87 31 pure
790 2756 148 33 l'autore
964 2755 34 32 di
1023 2754 85 33 Sani
1133 2754 108 33 Dunn
1266 2752 16 33 è
1300 2754 132 31 morto:

1752 358 127 33 Bruno
1906 357 129 34 Corra.
2060 356 35 32 In
2115 356 82 41 quel
2222 355 162 33 bizzarro
2410 353 134 33 Poema
2561 352 33 32 in
2619 360 109 33 prosa

1751 413 19 33 è
1799 414 87 31 tutta
1915 412 32 31 la
1975 412 292 40 triangolazione
2294 410 94 32 della
2413 417 65 23 sua
2503 415 153 25 essenza
2690 405 26 32 li-

1751 468 82 32 rica.
1858 466 192 33 Nell'/so/a
2068 465 58 32 dei
2150 464 92 40 baci,
2269 464 152 40 pensata
2446 470 67 24 con
2538 460 191 39 Marinetti,

1752 522 7 32 i
1785 523 68 30 due
1879 520 101 33 Poeti
2020 529 70 23 non
2130 519 174 38 stridono,
2330 527 55 23 ma
2422 518 152 31 cantano
2599 515 22 32 il
2649 515 78 31 loro

1752 577 104 32 canto
1883 575 182 32 concorde
2093 583 19 23 e
2138 574 106 31 fanno
2272 573 81 32 d'un
2371 571 57 32 bel
2448 578 112 33 pezzo
2584 570 37 31 di
2643 569 82 38 vita,

1755 629 310 32 un'ubbriacatura
2090 628 180 32 dialettica
2288 636 19 23 e
2326 625 181 32 musicale.
2533 622 197 40 Sinonimo,

1754 685 45 31 mi
1825 692 96 32 pare,
1947 682 33 31 di
2005 681 143 32 Poesia.

1795 737 122 32 Anche
1943 737 137 31 Enrico
2105 734 256 40 Cavacchioli,
2389 734 111 41 prima
2530 732 35 32 di
2600 731 114 33 affron-

1755 794 74 30 tare
1855 800 67 23 con
1947 791 33 32 le
2006 799 64 23 sue
2097 790 200 32 commedie
2326 789 21 31 il
2372 789 132 32 Teatro
2530 788 44 31 ha
2605 786 125 32 voluto

1750 845 221 41 raccogliere
1996 845 57 31 nel
2077 845 144 31 volume
2248 861 38 5 —
2305 842 227 34 Cavalcando
2551 841 26 32 il
2596 840 76 33 sole
2690 858 42 5 —

1754 901 33 32 le
1813 908 64 24 sue
1903 899 122 32 liriche
2051 898 190 33 libertarie.
2265 897 152 33 Volume
2442 897 97 32 ricco
2565 895 35 32 di
2625 903 87 25 sono-

1755 955 66 31 rità
1846 963 19 23 e
1891 954 112 31 anche
2029 953 34 32 di
2089 953 154 32 sussurri
2267 952 33 32 in
2325 952 157 38 sordina,
2513 951 123 32 scritto
2663 958 67 23 con

1756 1009 133 41 grande
1916 1009 171 40 eleganza
2114 1007 34 31 di
2172 1007 123 39 forma,
2321 1007 104 40 agile,
2452 1005 174 39 bizzarro,
2651 1004 81 31 d'un

1756 1062 217 33 diabolismo
1999 1063 90 30 tutto
2115 1070 82 22 suo:
2235 1070 70 31 qua
2341 1070 18 22 e
2395 1060 34 32 là
2453 1058 209 41 imputabile
2698 1058 37 31 di

1756 1115 183 41 prolissità
1964 1123 31 30 e,
2015 1114 109 39 forse,
2152 1113 239 33 d'insistenza
2407 1113 136 32 tonale:
2569 1121 55 22 ma
2641 1111 92 32 libro

1760 1169 95 33 alato
1882 1179 18 22 e
1926 1168 270 41 spregiudicato
2222 1178 19 22 e
2259 1168 108 41 pieno
2385 1167 35 32 di
2436 1167 200 32 vibrazioni
2660 1174 50 24 mo-

1757 1225 119 31 derne.

1797 1277 76 33 Che
1891 1277 74 33 dire
1990 1277 58 31 del
2066 1286 131 31 poema
2221 1276 189 41 esplosivo
2438 1275 81 34 Otto
2543 1275 131 33 Anime
2698 1275 36 31 in

1755 1341 70 25 una
1851 1332 125 32 bomba
2003 1331 34 31 di
2073 1331 196 32 Marinetti
2283 1331 19 31 ?
2336 1331 61 31 Lui
2432 1331 82 31 solo
2545 1329 73 41 può
2651 1338 62 23 con-

1756 1388 150 31 densare
1932 1385 105 33 simili
2062 1394 66 32 gaz
2162 1385 190 32 distruttivi
2385 1385 32 31 in
2450 1393 69 24 una
2549 1384 186 33 brochure.

1753 1442 134 38 Anche,
1910 1440 145 41 perchè,
2073 1448 63 32 per
2159 1439 58 40 lui,
2233 1440 35 32 lo
2286 1439 155 41 scoppio
2461 1439 235 33 dinamitardo
2715 1439 18 33 è

1754 1496 126 41 genesi
1907 1496 33 31 di
1968 1494 271 33 ricostruzione.
2267 1494 121 40 Tutto,
2425 1494 70 40 qui,
2528 1493 19 33 è
2580 1494 137 32 dissolu-

1755 1551 117 39 zione,
1889 1559 188 31 scorporo,
2091 1549 174 39 alchimia,
2280 1548 273 34 sublimazione.
2567 1549 24 31 Il
2605 1557 132 32 poema

1759 1613 129 24 umano
1914 1604 19 32 è
1959 1604 84 31 dato
2069 1603 94 32 dalla
2188 1604 120 31 stessa
2337 1602 168 42 alogicità
2537 1603 95 41 degli
2666 1603 54 32 ele-

1759 1660 108 33 menti
1892 1658 131 41 singoli
2049 1659 65 31 che
2140 1658 30 31 si
2189 1658 203 40 rifrangono
2411 1667 19 23 e
2448 1657 191 32 sembrano
2659 1667 59 31 per-

1760 1713 95 33 dersi
1874 1713 32 32 in
1919 1722 45 23 un
1984 1720 99 27 caos,
2100 1720 64 32 per
2182 1712 61 40 poi
2260 1711 294 42 ricongiungersi,
2571 1712 33 31 al
2621 1711 114 32 fluido

1758 1769 112 32 d'una
1907 1768 162 32 corrente
2102 1766 201 33 medianica
2337 1767 212 39 misteriosa,
2575 1767 32 31 in
2641 1766 97 33 unità

1758 1824 188 38 danzante,
1971 1830 104 24 come
2101 1822 32 31 le
2153 1830 86 23 ossa
2257 1821 92 32 delle
2368 1821 132 32 ballate
2517 1821 221 32 romantiche

1758 1877 31 33 si
1814 1878 310 39 ricomponevano
2152 1876 32 31 in
2218 1876 193 32 ischeletro
2443 1876 33 32 al
2507 1875 103 32 ritmo
2644 1875 95 32 della

1757 1933 115 31 danza
1909 1931 177 32 macabra.
2123 1929 144 41 Poema,
2302 1930 127 40 ripeto,
2466 1930 101 32 d'un'
2582 1930 157 32 umanità

1758 1987 210 31 straziante:
1993 1986 170 39 separato
2189 1985 44 31 da
2264 1984 78 32 tutti
2367 1984 8 31 i
2400 1984 166 32 modelli:
2591 1984 131 31 inimita-

1757 2041 71 32 bile
1846 2039 132 42 perchè
1992 2039 185 32 inimitato:
2196 2039 109 40 punta
2323 2039 155 31 estrema
2491 2038 249 32 dell'Everest

1758 2095 119 42 lirico:
1903 2094 142 32 confine
2070 2094 176 39 tropicale
2272 2093 51 32 fra
2347 2101 70 23 una
2443 2092 120 32 civiltà
2580 2092 160 32 satanica

1758 2159 19 24 e
1803 2158 69 23 una
1897 2148 163 32 barbarie
2086 2148 129 32 divina.

1802 2206 61 31 Ma
1887 2204 55 33 v'è
1969 2213 46 22 un
2032 2204 110 40 poeta
2160 2211 133 24 ancora
2317 2202 61 42 più
2397 2202 208 33 bolcevico:
2631 2202 89 32 Fran-

1759 2268 117 25 cesco
1895 2258 210 42 Cangiullo.
2131 2258 24 31 Il
2180 2266 66 23 suo
2265 2257 289 40 napoletanismo
2578 2257 162 32 futurista

1762 2315 154 39 esplode
1935 2314 32 30 in
1987 2312 313 41 Caffè-Concerto
2317 2313 94 31 dove
2431 2311 21 32 il
2469 2312 136 41 grafico
2624 2312 117 31 Saluta

1761 2369 83 40 ogni
1870 2368 149 38 binario,
2037 2368 33 31 la
2095 2368 125 31 lettera
2245 2366 29 32 si
2300 2366 197 40 umanizza,
2514 2366 228 40 Piedigrotta

1759 2423 113 32 sferra
1889 2423 32 31 le
1939 2430 64 24 sue
2020 2422 202 41 girandole:
2250 2429 18 23 e
2294 2420 130 41 poesia
2442 2430 18 23 e
2486 2420 136 33 musica
2641 2429 19 22 e
2678 2420 49 40 pit-

1758 2481 77 29 tura
1867 2477 30 32 si
1930 2477 161 32 fondono
2117 2476 32 31 in
2177 2484 44 23 un
2246 2476 127 31 torneo
2400 2475 262 38 sconcertante,
2685 2483 39 32 ge-

1761 2533 104 32 niale.

1806 2587 113 33 Come
1937 2587 144 37 vedete,
2100 2586 33 31 la
2150 2585 98 33 lirica
2267 2584 277 41 d'avanguardia
2563 2584 29 32 si
2611 2592 111 24 avven-

1761 2644 75 30 tura
1862 2650 63 32 per
1959 2641 89 31 tutte
2075 2640 32 31 le
2133 2639 69 32 vie.
2226 2639 80 32 Non
2338 2639 18 32 è
2387 2639 105 32 facile
2523 2639 220 31 rincorrerla.

1761 2695 261 33 Difficilissimo
2043 2703 227 26 conservare,
2293 2693 52 32 fra
2362 2695 96 31 tante
2478 2691 215 40 deviazioni,
2712 2693 32 31 la

1761 2750 125 32 chiave
1906 2750 57 32 del
1978 2749 176 33 labirinto.
2171 2749 59 32 Ma
2247 2750 91 31 tutto
2353 2748 56 33 ciò
2429 2748 45 32 mi
2489 2748 135 32 diverte
2643 2756 81 24 enor-

3062 352 176 32 memente
3264 358 18 25 e
3308 350 46 32 mi
3379 348 34 33 fa
3438 348 74 32 fare
3536 348 34 31 la
3594 355 84 24 cura
3703 346 94 33 delia
3814 346 225 42 giovinezza,

3061 406 45 31 ad
3138 405 84 42 ogni
3246 412 124 33 passo.
3395 403 36 32 Si
3454 402 153 35 rinasce,
3631 401 116 41 potrei
3772 402 85 38 dire,
3881 402 45 31 ad
3956 400 83 42 ogni

3062 459 101 33 libro.
3190 459 27 32 E
3252 459 152 38 tornare,
3437 457 99 40 dopo
3566 465 85 22 aver
3677 455 149 32 sfiorato
3857 454 9 31 i
3895 453 145 42 ciglioni

3062 515 95 40 degli
3175 513 122 39 abissi,
3314 513 68 32 alle
3397 512 119 32 aiuole
3532 510 172 41 pettinate
3722 510 95 31 delia
3831 508 211 39 tradizione,

3062 569 131 41 magari
3218 568 32 32 ai
3275 567 124 40 templi
3417 565 136 33 corinzi
3571 564 94 32 della
3690 563 132 33 Poesia
3840 562 165 35 classica,
4021 562 19 32 è

3062 632 44 22 un
3132 624 198 38 temperare
3348 622 35 31 lo
3401 619 126 42 spirito
3546 618 265 33 rinnovandolo
3837 618 67 31 alle
3923 625 119 24 nuove

3066 678 189 32 emozioni.

3104 731 54 33 Un
3184 733 108 40 poeta
3317 731 56 33 cui
3404 731 22 31 il
3457 731 112 31 teatro
3601 729 45 32 ha
3670 736 83 24 reso
3779 728 153 38 famoso,
3957 726 86 33 Sem

3066 786 158 40 Benelli,
3250 795 67 24 con
3342 785 185 40 L'Altare,
3551 784 110 41 pieno
3695 783 33 31 di
3759 783 95 31 versi
3885 781 158 39 vigorosi

3064 841 80 32 d'un
3169 842 109 40 taglio
3304 840 382 32 nervosissimamente
3712 836 205 43 personale,
3942 844 19 24 e
3986 844 40 23 so-

3063 896 154 32 vratutto
3242 896 96 31 ricco
3365 894 135 32 d'amor
3523 894 127 40 patrio,
3676 893 44 31 ha
3743 892 138 41 gettato
3907 891 32 31 le
3965 888 80 34 basi

3065 950 79 31 d'un
3169 949 233 32 rifiorimento
3429 948 93 33 della
3547 948 129 40 poesia
3701 947 116 38 civile,
3843 946 33 31 in
3902 945 98 31 Italia
4025 952 19 24 e

3066 1013 65 32 per
3153 1004 198 31 tradizione
3378 1013 18 22 e
3422 1013 64 31 per
3509 1002 195 33 atmosfera
3740 1000 182 42 presente,
3958 998 72 32 indi-

3066 1058 218 41 spensabile.

3111 1112 77 32 Due
3215 1112 153 42 ingegni,
3397 1112 33 31 di
3461 1111 166 41 genetica
3660 1108 204 42 semplicità
3896 1107 129 40 provin-

3066 1166 102 41 ciale,
3193 1166 170 33 Corrado
3382 1166 148 33 Govoni
3548 1174 18 23 e
3585 1164 149 33 Marino
3752 1162 159 33 Moretti
3928 1161 118 32 hanno

3066 1223 128 31 riunito
3230 1222 33 31 in
3298 1221 145 33 volume
3480 1221 8 31 i
3528 1221 78 31 loro
3638 1219 94 32 versi
3765 1217 114 32 scelti.
3915 1216 22 31 Il
3975 1214 49 33 Go-

3067 1277 83 32 voni
3191 1275 19 33 è
3250 1284 43 23 un
3333 1284 87 23 vero
3461 1275 121 32 artista
3622 1274 94 31 della
3754 1272 108 31 lirica.
3899 1269 35 33 Si
3973 1269 72 41 può

3068 1331 190 32 dissentire
3294 1329 45 32 da
3374 1330 95 32 certe
3506 1337 65 24 sue
3605 1327 229 32 dinoccolate
3875 1325 172 32 andature

3069 1385 78 33 dall'
3159 1385 235 41 iperbolismo
3419 1383 245 32 funambolico
3690 1382 35 32 di
3751 1382 95 32 certe
3874 1388 65 24 sue
3965 1379 64 32 ima-

3069 1440 82 42 gini,
3177 1439 92 33 dalle
3294 1447 64 23 sue
3384 1437 184 41 prolissità
3592 1437 32 31 di
3643 1437 107 40 gusto
3770 1434 216 38 discutibile,
4003 1434 47 31 da

3069 1503 68 24 una
3156 1495 94 31 certa
3267 1501 64 23 sua
3349 1491 148 33 ottusità
3514 1491 159 31 acustica
3692 1491 66 30 che
3784 1490 113 31 anche
3923 1486 125 42 Papini

3069 1550 46 30 ha
3141 1548 159 32 rilevata.
3324 1547 60 31 Ma
3410 1545 82 32 niun
3526 1544 137 32 dubbio
3697 1545 66 30 che
3797 1543 71 41 egli
3900 1542 53 32 sia
3977 1549 71 25 uno

3071 1604 59 31 dei
3156 1602 58 42 più
3239 1600 173 43 gagliardi
3437 1598 205 41 espressori
3668 1599 95 31 della
3792 1606 119 24 nuova
3936 1596 95 33 sensi-

3069 1658 99 33 bilità
3194 1657 98 31 lirica
3316 1655 117 33 latina.
3452 1655 96 33 Certi
3567 1653 81 32 suoi
3666 1653 185 40 paesaggi,
3871 1653 94 31 certe
3984 1659 65 24 sue

3069 1714 141 31 toccate
3236 1712 33 31 di
3295 1710 214 33 malinconia
3534 1708 163 42 psichica
3734 1716 18 23 e
3789 1707 129 40 panica
3956 1714 93 24 sono

3070 1769 114 39 degne
3212 1766 85 33 d'un
3314 1765 242 42 grandissimo
3575 1762 138 33 artista:
3733 1762 70 41 egli
3821 1761 19 31 è
3857 1769 46 23 un
3922 1761 109 31 Arcan-

3069 1823 82 41 gelo
3168 1822 94 31 della
3280 1820 139 41 poesia,
3433 1818 109 33 salito
3563 1819 201 30 attraverso
3781 1816 28 32 a'
3825 1816 79 32 suoi
3922 1815 130 31 martiri

3070 1886 18 23 e
3126 1877 66 31 che
3228 1875 104 41 potrà
3367 1876 144 30 toccare
3549 1872 90 32 cime
3677 1870 259 41 imprevedute.
3970 1869 80 32 Non

3071 1932 128 39 questo
3219 1938 113 32 posso
3351 1929 73 32 dire
3451 1928 34 31 di
3509 1927 139 32 Marino
3670 1924 152 35 Moretti.
3847 1924 47 33 Le
3920 1932 64 24 sue
4003 1923 34 32 fa-

3071 1985 94 33 coltà
3182 1983 174 33 narrative
3374 1983 161 32 rivelano
3553 1982 89 32 tutta
3659 1982 35 31 la
3709 1980 142 32 finezza
3869 1979 95 32 dello
3982 1978 54 41 spi-

3071 2039 64 33 rito
3168 2038 235 42 provinciale.
3426 2037 61 32 Ma
3523 2038 31 31 le
3591 2045 64 24 sue
3692 2035 124 32 liriche
3848 2043 71 23 non
3948 2034 33 32 le
4009 2041 43 24 so

3070 2098 131 37 troppo
3231 2093 130 40 capire,
3387 2093 99 39 dopo
3523 2090 204 36 Corazzini,
3761 2088 176 35 Gozzano
3974 2096 18 24 e
4017 2087 36 32 lo

3072 2150 120 31 stesso
3219 2146 144 34 Govoni
3389 2147 66 31 che
3482 2145 18 33 è
3520 2146 22 32 il
3560 2145 115 33 Padre
3694 2146 123 31 eterno
3836 2143 59 32 del
3912 2150 142 34 genere.

3071 2203 77 33 Non
3175 2211 92 33 nego
3293 2202 35 31 vi
3353 2202 53 31 sia
3431 2201 155 40 qualche
3605 2199 98 33 lirica
3727 2198 241 41 genialmente
3995 2197 40 31 im-

3072 2258 161 41 postata:
3251 2265 67 26 ma,
3344 2255 247 39 nell'insieme,
3610 2255 34 31 io
3664 2262 70 23 non
3753 2253 45 31 mi
3817 2253 104 31 sento
3948 2251 34 32 di
4000 2260 38 23 as-

3072 2312 145 33 solvere
3245 2312 88 31 tutte
3360 2310 128 40 queste
3514 2310 140 31 licenze
3684 2308 94 32 colla
3802 2308 107 38 linea,
3937 2305 118 41 questi

3073 2364 314 44 sgambettameli
3426 2363 311 40 mandolinizzati,
3777 2361 118 42 questi
3934 2359 121 33 fuochi

3074 2420 188 33 d'artifizio
3288 2420 111 31 molto
3419 2418 203 33 economici
3641 2418 32 31 in
3692 2417 115 32 faccia
3825 2425 19 23 a
3862 2415 120 41 quella
4007 2414 34 32 di-

3073 2475 82 34 vina
3173 2483 145 24 enorme
3335 2473 187 42 girandola
3538 2472 34 32 di
3590 2472 104 33 stelle
3721 2472 65 32 che
3805 2470 19 33 è
3850 2471 33 31 la
3908 2469 149 33 Poesia:

3076 2540 17 23 e
3119 2530 54 32 sia
3199 2538 65 32 pur
3288 2529 121 32 scritta
3438 2528 57 32 col
3521 2528 31 31 P
3575 2527 212 32 maiuscolo.
3815 2516 26 41 È
3866 2526 99 32 certo
3992 2524 65 32 che

3074 2586 113 31 anche
3213 2584 216 41 l'organetto
3453 2583 38 32 di
3513 2582 179 33 Barberia
3709 2582 47 31 ha
3779 2581 35 31 la
3838 2589 64 23 sua
3927 2580 110 39 impor-

3074 2640 105 31 tanza
3204 2638 167 32 estetica:
3398 2646 55 23 ma
3478 2645 71 24 non
3567 2644 39 24 se
3626 2644 43 24 ne
3697 2636 91 31 deve
3815 2634 163 32 abusare.
4005 2632 53 33 Ed

3076 2692 19 33 è
3121 2701 62 23 ora
3209 2692 65 31 che
3300 2691 10 32 i
3335 2689 98 34 Golfi
3459 2688 133 34 /Mistici
3611 2688 203 33 attacchino
3839 2688 8 31 i
3873 2688 76 31 loro
3975 2695 63 24 con-

3080 2745 85 33 certi
3191 2746 32 31 in
3250 2745 139 39 piazza.
