4239 3162
3430 205 303 50 POESIA

3694 2902 111 41 11

1137 477 523 190 Ritmi
1765 477 104 190 a
1974 477 733 190 Leprina

911 1003 26 36 I.

202 1136 25 39 Il
262 1138 70 38 tuo
364 1136 165 52 frugolo
560 1146 144 40 corpo,
737 1136 146 38 dentro
914 1135 37 39 la
982 1136 111 38 veste
1125 1134 39 38 di
1196 1135 101 46 seta,
1328 1132 176 40 s'inàera
1541 1142 115 29 come
1694 1142 56 27 un

89 1225 115 40 pony
236 1212 224 53 selvaggio.
492 1211 205 40 Dolcezza
728 1211 108 40 della
866 1213 67 38 tua
965 1210 142 39 nudità
1139 1208 277 41 intraveduta!
1453 1208 114 39 Nella
1598 1218 153 41 gonna,

90 1291 271 40 all'avanzare
395 1289 64 40 del
497 1299 144 40 passo,
678 1289 37 40 la
750 1288 139 41 coscia
924 1288 133 39 diritta
1097 1299 20 28 e
1154 1286 128 41 svelta
1317 1298 21 27 e
1373 1285 35 40 le
1445 1285 218 53 ginocchia
1700 1284 50 39 mi

91 1368 210 39 balenano
332 1377 117 29 come
480 1365 164 40 fossero
676 1365 166 53 ignude.
873 1364 61 40 Ed
965 1375 112 36 ecco,
1112 1374 116 29 come
1260 1362 78 40 allo
1361 1372 172 30 scoccar
1556 1361 97 39 d'un
1677 1371 49 29 ac-

90 1445 146 48 cordo,
267 1445 101 39 tutte
399 1443 36 40 le
466 1446 66 37 tue
565 1444 183 39 membra
778 1442 34 40 si
844 1442 177 48 offrono,
1052 1440 154 53 ghiotte
1243 1451 20 28 e
1301 1439 153 48 ninfali,
1491 1439 184 51 spiegate
1712 1438 39 38 in

92 1522 198 52 opulenta
327 1521 189 40 sinfonia.
555 1520 142 52 Fuggi,
735 1519 135 40 cèlati!
909 1517 119 42 Ch'io
1070 1529 81 28 non
1191 1517 134 52 voglio
1366 1518 78 38 che
1486 1519 149 47 questo
1675 1516 77 38 mio

90 1599 179 50 squisito
302 1600 105 38 bene
439 1598 60 40 sia
533 1599 53 38 da
617 1597 87 40 tutti
737 1597 166 40 veduto.

880 1728 40 38 II.

204 1861 64 42 Sei
301 1862 196 48 infantile,
531 1862 174 43 delicata
735 1872 20 28 e
788 1861 100 39 lieve
920 1871 114 28 come
1067 1870 82 29 una
1179 1858 111 40 falda
1321 1858 38 40 di
1392 1858 106 52 gelo,
1531 1868 117 30 come
1671 1868 82 28 una

94 1939 117 41 dolce
243 1950 99 29 cosa
373 1939 53 40 da
456 1938 218 52 rompersi.
707 1937 73 41 Hai
813 1937 40 39 in
884 1938 38 38 te
954 1936 201 50 qualcosa
1176 1936 412 50 d'impetuosamente
1611 1936 119 50 signo-

93 2016 84 48 rile,
209 2027 20 28 e
261 2027 76 41 pur
360 2016 39 39 di
423 2016 181 47 lontano,
635 2013 219 42 d'esiliato.
887 2012 80 40 Per
997 2012 110 52 quali
1138 2012 185 51 vertigini
1354 2012 40 39 di
1428 2011 245 40 delicatezze
1700 2011 52 38 mi

93 2094 238 40 trascinano
371 2092 134 51 questi
547 2092 81 39 tuoi
675 2091 119 40 occhi
834 2091 119 39 colmi
995 2089 39 40 di
1075 2091 112 38 tanto
1230 2089 198 38 brumoso
1469 2098 171 29 azzurro
1657 2087 7 39 !
1706 2085 46 41 Al

94 2173 182 38 contatto
307 2169 39 41 di
379 2172 68 38 tua
478 2168 189 41 raffinata
696 2168 150 53 grazia,
868 2169 129 38 trema
1019 2179 22 27 e
1062 2167 33 40 si
1118 2169 112 37 torce
1263 2167 37 39 la
1324 2167 76 39 mia
1423 2168 147 37 natura
1593 2166 39 39 di
1657 2176 74 29 con-

94 2248 143 41 tadino
268 2259 117 30 come
417 2249 108 38 terra
555 2247 169 39 sfiorata
756 2246 66 40 dai
856 2246 110 50 piedi
1000 2244 99 40 d'un
1127 2244 161 52 angelo.
1312 2243 61 39 Tu
1401 2243 51 39 mi
1486 2243 155 39 abbatti
1673 2253 80 29 con

96 2327 37 40 la
163 2329 67 37 tua
262 2326 187 51 fragilità.

901 2435 58 37 III.

208 2570 13 39 I
252 2571 84 39 tuoi
371 2570 107 51 piedi
512 2570 78 38 che
612 2571 185 50 fuggono
820 2567 165 40 davanti
1008 2578 24 28 a
1055 2577 75 38 me,
1153 2565 117 40 esatti
1294 2576 21 27 e
1338 2563 166 52 leggeri,
1533 2563 223 40 sembrano

99 2648 80 40 due
211 2648 115 39 svelti
358 2646 193 41 uncinetti
588 2647 80 39 che
708 2645 176 40 tramino
925 2644 40 39 in
1007 2644 185 39 armonia
1233 2642 305 52 quest'erboso
1578 2640 178 40 sentiero

99 2725 109 40 della
238 2735 231 40 campagna
489 2734 50 29 su
563 2723 62 40 cui
649 2721 302 42 camminiamo.
975 2720 129 41 Come
1127 2721 107 39 bene
1257 2721 176 49 portano
1457 2717 24 40 il
1503 2718 161 39 volume
1693 2716 62 40 de!

100 2805 71 37 tuo
202 2813 131 39 corpo
365 2800 218 41 amoroso!
615 2800 64 40 Da
711 2811 54 27 un
798 2799 92 40 solo
922 2801 130 37 scatto
1091 2797 62 39 de'
1195 2798 84 39 tuoi
1322 2795 172 41 malleoli
1536 2794 220 53 aggraziati

2087 1008 122 40 sorge
2242 997 106 39 nella
2379 996 79 40 mia
2488 996 174 39 fantasia
2695 997 100 37 tutto
2828 994 163 40 l'odore
3024 994 64 38 del
3121 996 70 36 tuo
3234 1004 139 39 corpo,
3416 992 187 51 Leprina,
3641 1004 20 28 e
3702 992 36 39 lo

2087 1074 299 51 struggimento
2416 1072 197 40 delizioso
2644 1071 63 40 del
2739 1071 208 51 prossimo
2979 1070 133 40 bacio.

2890 1201 60 39 IV.

2200 1337 54 39 La
2285 1338 68 37 tua
2384 1347 98 28 voce
2515 1338 141 37 tenera
2688 1346 19 28 e
2740 1345 55 27 un
2828 1335 66 49 po'
2920 1334 189 38 straziata
3130 1333 76 39 che
3229 1331 118 53 grida
3369 1342 152 38 amore,
3544 1343 19 27 e
3591 1333 146 49 questo

2087 1414 171 41 silenzio
2289 1413 221 48 incantato,
2541 1425 21 26 e
2594 1412 37 40 la
2663 1413 142 39 stanza
2827 1412 165 38 intorno
3014 1411 101 38 tutta
3136 1420 203 39 sossopra
3364 1408 65 52 pel
3460 1408 140 40 furore
3632 1408 105 39 della

2089 1492 142 38 nostra
2263 1490 96 40 lotta
2390 1490 235 39 voluttuosa
2660 1500 20 26 e
2714 1485 299 41 interminabile
3032 1486 49 40 !...

2892 1617 46 40 V.

2199 1753 119 41 Avrei
2351 1753 136 41 voluto
2519 1752 193 39 divorarti
2746 1750 65 40 dai
2845 1750 89 40 baci
2967 1749 170 51 quando
3168 1747 172 41 stamani
3372 1747 24 39 ti
3429 1745 82 40 vidi
3544 1745 102 41 sulla
3668 1748 55 38 ter-

2088 1843 120 29 razza
2239 1830 216 52 ragionare
2478 1840 78 30 con
2578 1830 113 38 tanta
2713 1827 302 52 compunzione
3038 1835 79 30 con
3140 1824 35 41 le
3196 1825 66 38 tue
3290 1823 166 40 vecchie
3478 1823 59 39 zie
3560 1823 38 39 in
3627 1833 112 29 nero.

2089 1908 158 40 Scaltra
2276 1919 20 28 e
2329 1907 133 39 ardita
2492 1905 201 51 Leprina!
2724 1904 31 38 E
2788 1903 85 40 dire
2905 1903 79 39 che
3015 1901 145 40 dentro
3201 1901 24 39 il
3267 1900 218 40 manicotto
3525 1901 40 37 tu
3607 1899 133 39 tenevi

2089 1985 94 51 quel
2214 1984 192 53 grazioso
2439 1981 219 53 plumcake
2691 1981 77 40 che
2790 1984 61 37 tra
2878 1990 106 41 poco
3017 1979 257 39 divoreremo
3306 1976 126 49 lassù,
3465 1975 104 41 nella
3601 1976 138 40 nostra

2091 2063 142 40 casina
2265 2063 189 50 alpestre,
2486 2063 61 37 tra
2577 2061 9 37 i
2619 2059 91 39 baci
2743 2070 21 28 e
2798 2058 34 39 le
2864 2058 95 47 risa,
2991 2067 48 29 su
3071 2054 177 51 l'ampio
3279 2054 163 39 lettone.

2882 2188 61 39 VI.

2201 2324 170 42 Guarda
2403 2326 76 39 che
2512 2323 211 51 spendido
2755 2322 169 51 palazzo
2956 2319 191 41 abbiamo
3178 2317 198 40 costruito
3399 2315 59 41 coi
3483 2317 125 39 nostri
3636 2314 106 41 baci!

2091 2402 153 42 Com'è
2277 2404 135 49 ampio
2445 2403 109 38 sotto
2577 2399 39 40 di
2644 2398 68 41 noi
2745 2409 20 28 e
2797 2397 180 42 sfavilla!
3009 2395 61 40 Ha
3099 2394 269 41 fondamenta
3400 2392 38 39 di
3472 2392 106 48 baci,
3610 2390 110 41 archi-

2089 2479 96 41 volti
2218 2479 39 40 di
2290 2478 106 48 baci,
2421 2475 195 54 muraglie
2639 2475 40 40 di
2705 2474 102 41 baci.
2839 2473 77 41 Noi
2948 2472 145 40 stiamo
3126 2470 105 41 sulla
3260 2469 105 41 cima
3395 2481 22 26 e
3446 2469 246 51 seguitiamo
3719 2477 23 29 a

2089 2556 214 41 costruire.
2337 2553 70 51 Su,
2440 2554 135 40 anima
2606 2553 92 48 mia,
2731 2562 84 29 non
2837 2550 25 40 ti
2884 2552 210 38 stancare:
3117 2547 90 40 baci
3230 2557 56 34 su
3312 2545 91 40 baci
3432 2554 152 31 ancora
3605 2543 135 40 finché

2097 2636 248 40 arriveremo
2375 2633 36 39 al
2442 2632 116 40 cielo.

2204 2710 129 42 Come
2366 2709 126 51 pietre
2524 2709 80 40 ben
2637 2708 179 39 lavorate
2848 2717 19 28 e
2900 2714 230 31 commesse
3170 2702 40 39 io
3250 2699 159 53 guardo
3450 2702 146 48 questa
3635 2698 107 39 ricca

2092 2788 154 42 varietà
2275 2787 39 39 di
2349 2785 88 41 baci
2470 2785 78 40 che
2578 2784 132 39 forma
2741 2783 37 38 la
2807 2780 240 51 prodigiosa
3077 2779 276 39 architettura.
3385 2774 56 41 Là
3471 2784 106 31 sono
3608 2773 9 39 i
3652 2771 88 41 baci
