4239 3162
482 182 306 51 POESIA

471 2871 53 39 20

859 711 350 93 Hora
1285 711 454 93 mortal

2538 709 478 97 Motivo
3089 712 163 94 de
3321 709 721 97 Serenidad

477 1096 141 47 Llorò
658 1095 41 48 el
738 1095 313 62 Evangelista

477 1204 144 47 sobre
659 1204 76 47 los
772 1207 166 44 cuatro
976 1204 192 47 vientos
1207 1203 81 48 del
1324 1203 200 48 mundo.

739 1311 166 50 Gritan
945 1312 75 49 los
1056 1314 111 59 ojos
1204 1315 213 46 muertos

739 1434 60 35 en
837 1423 72 47 las
946 1434 154 50 aguas
1139 1425 207 46 eternas.

475 1532 94 48 Las
606 1532 220 48 estrellas
865 1545 210 51 cayeron
1116 1533 145 47 sobre
1294 1533 72 47 las
1403 1533 169 49 tierras
1609 1546 95 48 que
1743 1535 175 45 cantari

476 1641 93 49 Las
606 1643 162 47 ruinas
805 1641 232 49 duermen
1077 1654 59 36 en
1174 1643 77 47 los
1289 1644 110 59 ojos
1436 1640 263 50 infantiles.

473 1749 157 51 Sobre
668 1752 75 47 los
780 1764 270 36 corazones
1088 1764 155 36 nacen
1282 1753 229 47 cumbres
1547 1752 218 49 floridas.

475 1860 92 48 Las
604 1861 103 48 alas
745 1874 54 35 se
835 1861 259 62 perdieron
1135 1862 60 47 de
1234 1862 75 47 los
1346 1862 209 49 àrboles.

738 1970 50 47 El
828 1973 156 45 rostro
1022 1971 61 47 de
1124 1971 43 47 la
1204 1970 174 48 amada

472 2090 55 35 se
562 2079 60 48 và
660 2079 413 48 desvaneciendo.

884 2253 228 82 Angel
1441 2253 178 67 Cruchaga
1657 2253 190 82 Santa
1885 2253 229 82 Marìa.

1304 2383 154 34 POETA
1491 2383 200 34 CHILENO

2456 1049 156 51 Sobre
2649 1052 109 46 està
2795 1049 238 49 orfandad
3069 1052 185 61 grande
3290 1066 30 47 y
3356 1052 257 48 fervorosa
3650 1051 62 48 de
3749 1063 273 49 querernos

2456 1143 262 50 Uniremos
2756 1143 368 49 afanosamente
3162 1145 76 48 los
3276 1146 177 47 brazos
3492 1156 118 50 para
3649 1143 115 49 toda
3801 1143 44 49 la
3883 1145 127 47 vida.

2456 1277 66 47 La
2559 1279 193 45 ternura
2789 1277 291 61 angustiosa
3115 1289 94 49 que
3248 1275 219 50 clarificò
3508 1277 71 47 las
3617 1275 230 63 palabras

2457 1367 107 49 Con
2603 1369 290 60 presencias
2931 1368 61 48 de
3029 1369 141 60 alma,

2455 1463 199 49 Tendrà
2691 1463 46 47 la
2773 1463 242 49 suavidad
3052 1465 376 61 ingenuamente
3467 1463 227 61 apacible

2456 1556 74 48 De
2570 1557 75 47 los
2683 1557 151 61 trigos
2874 1557 192 47 verdes.

2455 1687 64 51 Se
2556 1688 263 61 aplacaràn
2860 1690 75 47 los
2970 1690 193 47 vientos
3201 1690 221 57 hostiles,

2455 1780 110 59 Que
2605 1782 217 47 llenaron
2862 1781 61 48 de
2961 1781 253 61 inquietud
3254 1786 224 43 nuestras
3519 1794 142 35 rosas

2456 1876 39 47 Y
2533 1876 61 47 de
2633 1876 198 47 sombra
2867 1880 197 43 nuestro
3100 1876 175 62 Jardin.

2453 2008 41 46 Y
2531 2008 251 47 reclinada
2819 2021 59 34 en
2917 2010 44 45 la
2992 2008 180 47 blanda
3198 2008 251 47 harmonia
3476 2007 61 48 de
3565 2008 61 46 mi
3654 2008 439 47 enternecimiento

2453 2100 266 58 Tufrente,
2748 2101 172 50 sufrirà
2945 2102 44 47 la
3016 2101 293 48 meditacion
3339 2102 59 47 de
3428 2102 91 47 mis
3552 2102 282 47 ruisenores
3863 2102 230 47 absortos

3370 2256 80 70 R.
3638 2256 269 68 Suarez
3930 2256 157 70 Barros.

3548 2385 153 35 POETA
3733 2387 200 33 CHÌLENO
