3581 4440
1688 205 107 51 175

122 345 79 49 hat
229 364 51 33 so
313 350 81 48 Dr.
430 351 48 48 F.
516 350 78 51 W.
627 350 221 51 Arnold
895 351 41 48 in
971 350 236 49 Elberfeld
1241 352 80 49 mit
1350 356 209 63 grösster
1588 355 60 47 Zu-

121 427 198 50 versicht
347 429 281 67 aufgestellt,
671 431 198 48 welches
906 429 74 49 die
1013 430 235 66 Urgestalt
1277 430 79 51 des
1386 432 166 50 Liedes
1582 430 103 53 Het

136 504 174 72 daghet
334 505 51 53 in
412 509 91 52 den
534 510 171 52 Oosten
727 511 118 48 sein
893 514 216 52 müsse,
1156 511 92 48 und
1288 514 87 48 wie
1415 513 179 66 selbige
1638 514 43 49 in

121 586 74 50 die
223 589 100 48 Zeit
352 589 79 49 des
456 589 460 66 Nibelungenliedes,
938 589 170 67 jenseit
1137 590 163 57 1150,
1330 593 352 58 zurückreiche,

122 667 93 50 und
248 669 79 49 hat
355 670 142 50 dafür
539 671 71 49 bei
649 670 88 50 den
770 669 367 51 Niederländern
1170 671 100 49 Lob
1302 673 90 48 und
1428 674 127 48 Preis
1584 692 65 31 em-

121 747 227 66 pfangen;
393 767 51 31 er
484 750 143 48 selbst
670 749 212 49 wünscht
920 767 74 31 am
1027 750 214 50 Schlüsse
1270 751 153 49 seiner
1455 753 194 49 Abhand-

121 829 130 66 lung,
281 847 47 31 es
366 834 140 61 möge
544 830 94 48 ihm
682 834 199 62 später
925 831 304 65 gelingen,
1273 830 74 50 die
1376 849 82 32 aus
1489 834 192 49 inneren

120 906 226 51 Gründen
371 918 247 57 gewagten
647 909 373 67 Behauptungen
1046 909 146 49 durch
1225 910 259 50 Beweise
1514 930 52 31 zu
1602 913 52 49 be-

116 987 225 67 stätigen!
450 989 180 48 Einmal
663 989 80 49 hat
773 1007 92 31 nun
900 989 341 49 Coussemaker
1272 990 250 66 allerdings
1547 993 134 48 einen

116 1067 260 50 treffenden
412 1069 245 66 Vergleich
688 1070 227 52 zwischen
948 1070 413 66 Ursprünglichem
1395 1071 93 49 und
1522 1071 128 65 Abge-

119 1148 199 49 leitetem
346 1150 264 65 vorgestellt
634 1165 57 33 an
718 1149 103 49 dem
848 1150 139 48 Liede
1013 1168 83 30 von
1124 1150 178 50 Adam
1335 1150 65 50 de
1432 1153 49 47 la
1517 1153 162 48 Haie:

120 1224 155 53 Robin
301 1225 205 65 m'aime,
536 1226 154 54 Robin
717 1234 113 56 m'a,
860 1229 46 49 S.
939 1229 91 54 86,
1063 1229 89 54 88,
1185 1230 87 65 vgl.
1307 1230 148 66 Beisp.
1481 1231 80 50 Nr.
1588 1231 89 51 28.

117 1308 121 48 Dort
265 1308 83 49 soll
378 1308 94 49 sich
503 1309 73 48 die
608 1325 85 33 von
724 1309 342 49 Coussemaker
1094 1310 116 48 älter
1249 1319 232 56 genannte
1511 1311 64 49 als
1604 1311 74 50 die

112 1386 267 50 einfachere
411 1389 381 48 wahrscheinlich
825 1388 207 49 dadurch
1067 1389 254 62 bezeugen,
1350 1388 105 50 dass
1485 1391 64 47 sie
1579 1393 95 47 rein

111 1466 259 50 diatonisch
403 1469 71 54 ist,
520 1468 220 49 während
774 1468 72 49 die
878 1469 277 62 abgeleitete
1185 1469 112 48 zwei
1329 1470 91 48 Mal
1460 1471 183 49 chroma-

115 1548 113 48 tisch
262 1548 233 48 modulirt.
557 1550 115 47 Dass
703 1549 115 48 aber
849 1549 80 48 das
962 1549 206 49 Chroma
1199 1549 158 48 nicht
1387 1550 255 50 volkstüm-

111 1626 89 49 lich
225 1628 79 54 sei,
329 1628 55 48 ist
408 1629 117 48 noch
550 1647 52 29 zu
630 1628 257 55 beweisen;
912 1629 240 48 sicherlich
1180 1629 126 48 ward
1330 1647 46 30 es
1399 1631 142 47 schon
1568 1631 106 49 sehr

115 1705 103 50 früh
243 1706 43 49 in
313 1706 88 50 den
427 1708 431 66 Haupt-Cadenzen
883 1708 277 64 gebraucht,
1190 1727 35 30 z.
1253 1709 49 49 B.
1317 1708 114 50 HA
1450 1708 222 63 GFisG,

111 1794 109 41 statt
398 1785 309 60 HAGFG;und
717 1789 81 48 das
827 1789 244 48 schliessen
1099 1789 84 47 wir
1215 1805 80 32 aus
1320 1789 103 48 dem
1450 1789 223 49 ebenfalls

112 1865 109 48 sehr
271 1866 122 49 alten
446 1868 299 55 Gebrauche,
803 1868 116 48 auch
972 1868 60 48 im
1085 1868 451 64 Kunstgesange
1593 1869 80 48 das

114 1946 161 49 nicht
317 1948 271 63 geschrie
608 1948 141 48 bene
782 1948 205 49 Chroma
1019 1948 118 48 doch
1178 1965 52 31 zu
1274 1949 231 65 singen;
1551 1950 123 48 diese

108 2040 54 35 so
192 2035 234 56 genannte
444 2025 139 66 falsa
611 2042 35 34 s.
665 2026 125 66 ficia
817 2024 179 53 musica
1027 2026 155 50 finden
1216 2028 84 47 wir
1328 2044 85 32 von
1443 2028 88 49 den
1563 2029 89 49 älte-

108 2114 103 41 sten
244 2106 356 50 Mensuralisten
634 2106 66 50 bis
732 2108 42 48 in
808 2108 294 49 Palestrina's
1132 2106 112 50 Zeit.
1333 2108 343 50 Coussemaker

110 2185 143 48 selbst
285 2186 180 64 gesteht
497 2185 80 51 das
606 2204 73 40 zu,
719 2205 33 30 z.
788 2186 47 50 B.
869 2188 116 48 Hist.
1018 2186 91 58 22,
1142 2184 31 52 3
1208 2203 43 33 u.
1283 2203 59 39 a.,
1382 2186 93 50 und
1504 2189 141 48 unzäh-

111 2264 90 66 lige
233 2265 121 48 Male
401 2265 114 48 wird
559 2283 47 32 es
651 2283 84 32 von
782 2265 86 50 den
901 2266 267 49 Theoreten
1212 2265 325 51 ausdrücklich
1570 2284 73 32 ver-

112 2344 184 51 sichert.
348 2345 186 66 Wegen
566 2346 82 49 der
680 2345 165 50 beiden
877 2345 316 51 Redactionen
1225 2363 84 32 von
1342 2349 55 47 A.
1429 2348 57 48 de
1519 2349 155 48 Hale's

117 2423 200 49 Melodie
360 2424 113 49 aber
506 2425 163 48 wissen
710 2425 84 48 wir
832 2428 117 45 noch
990 2425 167 48 immer
1188 2425 141 59 nicht,
1373 2426 197 49 welches
1602 2426 72 50 die

112 2504 162 48 älteste
307 2504 205 49 wirklich
545 2506 85 47 ist.
722 2505 107 48 Wir
859 2505 198 65 läugnen
1081 2505 125 48 nicht
1229 2504 72 49 die
1326 2505 348 67 Berechtigung

112 2583 85 49 der
243 2584 169 66 Frage,
470 2585 122 48 nicht
638 2584 71 48 die
754 2584 301 67 Möglichkeit
1096 2584 327 51 annähernder
1465 2586 209 66 Lösung,

114 2664 254 48 wünschen
399 2664 131 61 aber,
562 2664 101 49 dass
695 2664 71 49 bei
796 2665 204 48 solchem
1027 2664 304 66 Nachspüren
1358 2665 86 50 alle
1470 2666 174 49 Gerech-

111 2743 165 66 tigkeit
305 2745 163 47 erfüllt
500 2744 171 56 werde,
710 2744 145 49 damit
887 2745 124 48 nicht
1038 2744 146 49 durch
1218 2746 312 65 persönliches
1561 2746 84 50 Mei-

116 2839 86 32 nen
237 2824 90 47 und
359 2825 274 65 geistreiche
665 2824 388 49 Combinationen
1102 2825 111 48 eher
1258 2824 82 49 der
1377 2825 188 50 Zweifel
1611 2826 65 50 als

112 2901 76 49 die
213 2901 275 51 Gewissheit
510 2903 230 49 Zuwachs
769 2903 192 50 erhalte.
992 2904 50 48 In
1069 2904 379 49 Coussemaker's
1472 2904 205 51 Histoire

112 2981 103 49 sind
239 2981 102 50 eine
366 2984 297 48 ansehnliche
685 2984 112 48 Zahl
830 2984 428 63 einstimmiger
1287 2984 262 51 Melodieen
1573 2985 78 50 mit-

114 3061 195 66 getheilt
355 3072 133 39 unter
531 3063 87 49 den
665 3063 322 57 Monuments;
1033 3080 83 32 von
1150 3064 315 49 Volksweisen
1497 3065 181 48 solcher

119 3145 102 54 Art,
254 3143 84 47 wie
371 3143 97 47 hier
498 3143 221 66 gemeint,
751 3143 53 47 ist
830 3143 104 48 dort
959 3143 131 48 keine
1121 3144 256 53 enthalten,
1406 3160 159 32 ausser
1596 3143 82 50 der

112 3221 229 66 einzigen,
365 3224 174 48 welche
566 3223 80 48 mit
669 3223 269 64 gesuchtem
963 3223 299 49 Scharfsinne
1286 3223 247 49 combinirt
1561 3224 115 48 wird

116 3317 84 33 aus
243 3301 104 49 dem
686 3299 131 53 Mon.
835 3300 208 71 Planche
1461 3299 51 63 VIII,
1513 3301 83 68 (S.
1597 3304 81 48 Text

125 3379 123 57 105,
286 3381 103 51 107
440 3381 91 50 und
577 3383 183 48 Ebert
802 3381 447 64 Ueberlieferungen
1291 3399 81 32 zur
1403 3384 274 48 Geschichte

125 3459 44 56 1,
202 3458 108 67 77).
359 3461 378 49 Coussemaker's
769 3461 326 49 Combination
1128 3460 154 66 ergibt
1314 3478 104 41 nur,
1448 3461 103 50 dass
1582 3463 69 49 die-

114 3557 73 31 ses
219 3541 265 49 lateinische
508 3543 131 58 Lied,
674 3541 101 49 weil
807 3541 123 49 nicht
959 3540 125 50 antik
1110 3541 285 66 rhythmisch
1419 3558 259 48 gemessen,

115 3618 217 50 offenbar
362 3620 105 48 dem
498 3621 239 65 Sangtone
768 3620 81 48 der
887 3620 274 48 nordischen
1197 3619 174 49 Völker
1408 3621 243 65 nachgebil-

116 3699 80 48 det
223 3700 119 48 sein
374 3704 187 44 müsse
662 3700 71 48 die
766 3700 285 48 Traduction
1083 3699 114 48 aber
1227 3715 83 33 aus
1334 3699 155 66 jenem
1523 3701 129 49 Facsi-

120 3780 104 47 mile
257 3779 372 56 herauszulesen,
675 3781 52 47 ist
766 3781 141 47 selbst
948 3780 80 48 mit
1058 3779 140 48 Hülfe
1229 3779 81 48 der
1340 3780 303 51 Neumen-Ta-

119 3858 90 49 feln
257 3859 55 66 pl.
356 3859 250 57 XXXVII,
649 3859 256 49 XXXVIII
949 3859 283 65 unmöglich,
1277 3859 103 48 weil
1424 3859 125 49 diese
1592 3878 89 32 nur

117 3939 216 48 Neumen
366 3938 144 49 durch
544 3940 213 47 Neumen
799 3939 214 49 erklären
1055 3938 91 49 und
1189 3938 117 49 über
1337 3938 81 50 das
1450 3940 190 64 Rhyth-

120 4019 218 50 mische
383 4019 147 48 nichts
573 4037 165 48 sagen;
792 4020 94 49 also
936 4019 200 50 Melodie
1179 4019 121 48 ohne
1344 4019 337 51 Sicherheit

116 4096 104 50 der
263 4099 327 48 Intervalle
637 4098 114 49 und
794 4099 330 67 Rhythmen
1245 4098 71 49 ein
1354 4099 174 50 Messer
1558 4099 123 50 ohne

120 4176 126 50 Griff
270 4179 90 48 und
395 4179 182 63 Klinge.
634 4179 134 48 Denn
799 4178 73 49 die
911 4196 84 31 von
1038 4176 376 60 Lambillote,

127 4255 106 52 mel.
384 4273 123 53 gregor.
508 4256 153 68 (lßsl),
685 4258 240 49 versuchte
950 4258 261 53 Induction,
1235 4258 175 48 welche
1442 4276 49 30 er
1522 4259 159 48 rühmt

1785 354 66 48 bis
1880 372 80 32 zur
1991 355 405 68 philosophischen
2427 357 194 49 Evidenz
2653 358 193 66 geführt
2875 376 53 32 zu
2961 359 155 51 haben
3148 358 63 69 (p.
3238 358 104 66 13),

1783 433 237 65 geschiebt
2049 434 85 50 auf
2159 435 181 50 keinem
2373 434 206 51 anderen
2616 437 169 67 Wege,
2822 439 64 49 als
2917 454 46 34 es
2996 438 171 52 bereits
3196 438 148 50 durch

1783 513 188 49 Lossius
2021 515 92 49 und
2162 517 126 48 seine
2331 515 287 66 Nachfolger
2663 517 213 49 versucht
2924 518 73 55 ist,
3049 518 93 51 und
3190 518 157 66 bringt

1786 592 134 50 keine
1957 593 227 63 sicheren,
2223 594 202 51 sondern
2471 597 231 48 concessiv
2740 598 322 50 annehmbare
3091 599 257 54 Resultate,

1785 673 89 49 wie
1906 691 105 33 man
2042 691 58 34 an
2132 674 104 50 dem
2268 674 303 52 treffendsten
2603 677 112 48 aller
2747 677 241 67 Beispiele,
3031 678 83 50 der

1784 749 149 53 tation
1966 753 59 51 de
2065 753 198 63 Rachel,
2308 755 51 50 C.
2394 757 116 48 Hist.
2542 755 141 51 Trad.
2728 757 82 49 Nr.
2848 755 87 59 18,
2979 775 83 31 aus
3107 759 240 49 Facsimile

1785 833 65 48 PI.
1891 832 85 57 12,
2007 832 93 58 38,
2132 832 32 52 3
2198 835 192 49 ersehen
2423 834 138 50 kann.

1907 913 260 66 Uebrigens
2192 913 153 51 finden
2367 914 95 50 sich
2489 914 72 51 bei
2584 914 343 50 Coussemaker
2951 914 197 60 überall,
3170 916 177 49 sowohl

1785 992 43 48 in
1860 990 83 51 der
1969 994 116 49 Hist.
2118 994 65 49 als
2213 994 43 50 in
2287 993 104 51 dem
2424 1003 221 41 neuesten
2678 996 198 57 Werke,
2907 997 106 48 sehr
3044 998 303 47 interessante

1783 1072 191 54 Stücke,
2019 1073 142 50 deren
2194 1074 150 66 einige
2374 1074 173 50 freilich
2582 1076 132 47 mehr
2745 1076 106 48 dem
2885 1076 271 66 Philologen
3189 1076 131 49 beleh-

1784 1150 114 50 rend
1940 1152 97 49 sein
2082 1152 209 58 werden,
2345 1172 35 31 z.
2424 1154 52 49 B.
2521 1154 72 49 die
2639 1153 255 51 köstlichen
2938 1156 404 48 altfranzösischen

1785 1232 258 56 Chansons,
2087 1233 51 50 C.
2170 1236 55 47 A.
2258 1234 80 49 Nr.
2372 1232 90 54 37.
2494 1232 91 59 38,
2617 1233 92 57 39,
2740 1234 92 56 40,
2865 1234 92 55 41,
3002 1236 154 48 ferner
3186 1237 43 47 in
3261 1236 83 48 der

1781 1310 117 50 Hist.
1941 1313 79 47 das
2052 1312 187 51 Drame
2279 1309 249 71 liturgique
2568 1313 80 50 des
2689 1310 178 72 vierges
2908 1330 132 53 sages
3081 1317 45 47 et
3164 1312 177 71 vierges

1773 1389 160 66 /olles,
1971 1392 142 48 deren
2155 1393 317 48 cantillirende
2518 1394 255 49 Recitation
2819 1396 204 55 eintönig
3068 1396 113 47 aber
3225 1396 120 54 naiv,

1780 1470 79 47 für
1902 1470 72 50 die
2019 1472 319 49 musicalische
2378 1472 305 49 Erkenntniss
2721 1472 169 67 jedoch
2928 1472 127 51 nicht
3084 1472 121 52 eben
3237 1490 81 34 aus-

1775 1548 160 69 giebig
1963 1549 70 52 ist.

1900 1631 87 49 Die
2027 1631 325 66 Reihenfolge,
2397 1632 174 48 welche
2615 1632 44 48 in
2703 1631 89 50 den
2837 1633 255 67 Beispielen
3136 1632 206 66 gewählt

1776 1709 71 54 ist,
1889 1712 239 63 geschieht
2171 1712 125 48 nicht
2335 1712 117 49 nach
2499 1711 83 49 der
2613 1712 146 49 Reihe
2791 1711 79 49 des
2902 1713 135 50 Mscr.
3070 1713 120 55 MP.,
3232 1730 80 33 son-

1778 1789 132 56 dern,
1938 1792 83 47 wie
2049 1791 83 47 wir
2156 1791 264 50 annehmen
2451 1794 200 55 müssen,
2683 1792 117 48 nach
2833 1791 316 50 didaktischen
3180 1792 127 49 Rück-

1776 1869 193 56 sichten,
2000 1871 154 48 indem
2187 1887 83 32 von
2302 1871 88 49 den
2420 1871 285 49 einfachsten
2739 1872 202 48 Formen
2973 1890 81 30 zur
3084 1872 253 56 Imitation,

1778 1948 123 50 dann
1947 1966 102 32 zum
2100 1949 248 66 doppelten
2394 1949 372 68 Contrapunkte,
2813 1967 81 32 zur
2927 1951 414 64 Vierstimmigkeit

1780 2046 42 32 u.
1853 2045 33 33 s.
1921 2046 53 32 w.
2009 2028 339 66 fortgegangen
2381 2028 129 50 wird.
2568 2029 128 50 Nach
2738 2028 82 51 der
2861 2031 352 64 Beschreibung
3258 2029 80 50 des

1779 2109 136 50 Mscr.
1948 2109 100 50 MP.
2079 2109 44 50 S.
2157 2109 31 50 5
2202 2109 146 50 —l2
2392 2111 132 48 sollte
2569 2127 126 41 man,
2738 2111 150 48 zumal
2935 2112 71 48 bei
3053 2111 81 48 der
3181 2112 128 66 Hypo-

1778 2188 146 57 these,
1955 2206 47 32 es
2032 2189 63 49 sei
2126 2206 82 32 aus
2239 2189 106 50 acht
2372 2189 237 50 Fascikeln
2641 2198 459 57 zusammengesetzt,
3131 2191 84 48 auf
3239 2192 101 47 eine

1780 2268 274 48 historische
2099 2269 306 65 Reihenfolge
2449 2268 228 58 rechnen;
2729 2269 344 50 Coussemaker
3117 2271 78 48 hat
3238 2271 102 48 eine

1778 2348 247 50 scheinbar
2049 2348 265 50 instructive
2331 2348 220 66 gewählt,
2583 2366 57 32 an
2667 2349 200 49 welcher
2893 2349 103 49 kein
3022 2349 145 49 Tadel
3195 2354 142 50 wäre,

1778 2443 135 32 wenn
1944 2427 70 48 ein
2047 2427 187 49 innerer
2265 2428 276 48 Fortschritt
2582 2445 82 31 von
2711 2428 86 48 den
2846 2428 204 50 dunkeln
3084 2429 251 64 Anfängen

1776 2525 55 30 zu
1863 2507 87 49 den
1981 2506 132 49 edeln
2138 2508 346 48 Kunstwerken
2512 2508 205 48 wirklich
2743 2509 120 47 Statt
2888 2509 156 56 fände,
3076 2508 113 48 oder
3219 2508 117 50 auch

1778 2603 87 32 nur
1896 2586 118 50 nach
2046 2587 181 66 Anlage
2259 2587 82 49 der
2383 2587 342 48 theoretischen
2759 2587 176 66 Capitel
2969 2588 368 50 wahrnehmbar

1779 2669 138 46 wäre.

1898 2744 118 50 Sehr
2047 2744 112 50 viele
2188 2744 278 59 Melodieen,
2505 2744 120 50 öfter
2653 2744 78 50 des
2764 2744 248 50 Discantus
3041 2744 65 51 als
3135 2744 80 51 des
3246 2746 61 49 Te-

1779 2841 126 39 nors,
1950 2824 97 49 sind
2087 2841 59 34 an
2184 2824 93 50 sich
2311 2824 180 50 lieblich
2523 2824 90 50 und
2646 2823 306 57 anmuthend,
2998 2823 226 52 während
3256 2824 84 50 der

1781 2904 326 50 harmonische
2140 2904 196 50 Verlauf
2372 2906 93 48 sich
2503 2904 43 50 in
2580 2906 177 48 Knäuel
2802 2904 260 59 verstrickt,
3103 2906 67 49 als
3208 2907 134 48 sollte

1780 2984 131 50 darin
1944 2984 81 49 das
2057 2984 258 50 mühevolle
2348 2986 179 63 Ringen
2571 3002 78 31 zur
2696 2983 288 50 vollendeten
3017 2984 154 50 Kunst
3199 2984 114 68 abge-

1783 3064 141 50 bildet
1954 3063 188 50 werden
2264 3083 34 31 z.
2330 3064 50 49 B.
2413 3064 81 49 Nr.
2527 3063 91 62 23,
2653 3063 90 62 25,
2777 3063 92 62 29,
2903 3062 91 63 36,
3027 3063 92 62 37,
3153 3063 89 52 43.

1900 3144 62 49 Es
1991 3143 192 62 scheint,
2228 3144 102 49 dass
2362 3143 72 48 die
2466 3143 356 64 Schwierigkeit
2852 3144 83 47 der
2971 3144 173 49 älteren
3181 3143 129 50 Perio-

1781 3222 87 49 den
1892 3223 93 48 sich
2011 3222 83 49 der
2114 3223 194 65 völligen
2336 3223 301 65 Aufklärung
2670 3224 121 49 wohl
2825 3223 77 47 für
2931 3223 166 48 immer
3126 3222 214 49 entzieht.

1781 3303 294 65 Aufgefallen
2100 3303 55 48 ist
2179 3320 100 43 uns,
2298 3303 103 48 dass
2416 3303 73 48 die
2507 3303 344 50 Traductionen
2875 3321 80 30 zur
2973 3299 213 54 Histoire
3210 3302 132 49 mehr

1779 3382 190 61 schöne,
1999 3382 219 66 singbare
2251 3381 225 67 Beispiele
2512 3384 64 47 als
2613 3383 73 48 die
2715 3401 79 30 zur
2827 3381 99 52 Art
2952 3382 261 57 darbieten,
3257 3382 56 49 ob-

1783 3462 120 48 wohl
1934 3462 63 48 sie
2027 3461 254 49 theilweise
2311 3461 243 49 derselben
2585 3462 357 48 archaistischen
2975 3461 197 49 Periode
3201 3480 110 47 zuge-

1781 3542 171 56 hören;
1985 3542 119 49 beim
2132 3541 248 66 Vergleich
2413 3542 82 48 der
2524 3542 258 65 Originale,
2814 3557 81 32 aus
2927 3541 149 49 denen
3106 3542 64 48 sie
3201 3542 109 48 über-

1780 3628 113 41 setzt
1934 3621 118 61 sind,
2096 3621 201 48 entsteht
2339 3622 66 48 oft
2448 3621 83 48 der
2564 3619 251 63 Verdacht,
2863 3619 103 50 dass
2998 3621 342 49 Coussemaker

1781 3699 64 50 sie
1877 3701 133 48 mehr
2043 3699 279 50 mundrecht
2345 3701 217 64 gemacht
2593 3701 103 55 hat;
2728 3699 119 50 denn
2882 3717 96 31 wer
3008 3701 71 48 ein
3111 3717 50 32 so
3192 3699 116 50 wohl-

1784 3781 288 64 klingendes,
2095 3779 67 68 ja,
2194 3782 234 65 elegantes
2461 3779 244 63 Bicinium,
2739 3781 85 48 wie
2849 3781 115 48 Hist.
2990 3779 140 50 Trad.
3156 3781 82 47 Nr.
3263 3778 73 50 22

1783 3877 42 48 p.
1855 3861 117 48 XXI
2001 3876 83 33 aus
2115 3859 83 50 der
2227 3859 203 50 dunklen
2460 3858 417 51 Neumen-Schrift
2914 3861 125 48 Mon.
3069 3859 59 66 pl.
3158 3859 180 60 XXIII,

1785 3939 32 50 2
1967 3937 157 67 {Mira
2222 3937 179 71 lege)
2402 3939 92 50 herausliest

1784 4018 135 50 Mehr
1952 4017 503 51 Wahrscheinlichkeit
2488 4018 80 50 hat
2609 4018 183 50 ebenda
2823 4018 140 48 Trad.
2994 4016 73 52 23
3100 4035 82 33 aus
3213 4018 125 50 Mon.

1783 4099 58 66 pl.
1877 4097 90 62 24,
2000 4099 101 49 weil
2133 4099 208 49 letzteres
2371 4098 293 50 Notenlinien
2697 4098 95 62 hat,
2823 4097 117 49 doch
2970 4097 57 49 ist
3054 4097 75 51 die
3158 4098 149 67 Rhyth-

1784 4177 112 61 mik,
1930 4177 86 49 wie
2047 4178 166 48 immer
2241 4178 43 48 in
2317 4177 87 51 den
2437 4179 233 60 Neumen,
2702 4177 498 62 unentschieden,
3246 4181 91 45 und

1783 4257 340 52 Coussemaker
2155 4257 99 49 hier
2283 4257 135 49 mehr
2448 4257 287 66 Componist,
2766 4257 64 49 als
2861 4256 245 50 Forscher.
