2176 3650
79 138 82 40 234

773 140 321 28 PUBLICATIONS
1127 139 260 29 NOUVELLES

83 229 153 56 Pleyel
269 243 78 41 par
382 230 39 41 le
459 230 193 55 pianiste
696 231 208 40 MAURICE
945 230 247 50 GALABERT,
1233 242 105 28 avec
1376 228 40 41 le
1461 241 227 27 concours
1729 228 53 41 de
1821 228 262 43 l'orchestre

83 292 226 42 Colonne.
440 292 60 40 Le
539 302 184 31 concert
758 294 152 40 donné
943 292 23 42 à
1002 293 41 41 la
1076 292 107 41 salle
1207 292 53 40 de
1292 290 42 42 la
1369 289 176 43 Société
1573 290 53 40 de
1661 290 308 55 Géographie,
2003 305 81 41 par

83 355 68 40 M.
183 354 117 41 SVEN
323 355 284 40 KJELLSTROM
626 353 233 56 (musique
896 354 243 54 suédoise),
1185 367 106 28 avec
1327 353 40 40 le
1407 365 227 28 concours
1668 353 53 39 de
1764 353 45 40 M
1818 353 43 28 LLE
1887 353 122 40 LOLA
2029 368 53 26 DE

84 417 203 51 PADILLA,
316 417 62 40 M.
407 417 113 39 EMIL
545 416 211 49 SJOGREN,
783 417 205 42 HEDELIN
1015 426 40 31 et
1077 417 220 40 STENGER.
1407 415 62 40 Le
1498 425 184 29 concert
1702 414 152 40 donné
1875 414 23 40 à
1917 414 42 41 la
1979 415 106 42 salle

85 477 152 55 Pleyel
269 490 80 42 par
382 479 46 39 M
436 479 42 26 llB
510 478 168 41 JEANNE
706 479 353 40 D'HERBÉCOURT
1082 477 174 55 (piano)
1296 490 104 28 avec
1424 476 39 40 le
1487 490 228 26 concours
1738 476 52 40 de
1813 476 44 40 M
1867 477 43 27 LLE
1943 476 115 42 CHAR-

82 554 137 26 LOTTE
252 541 164 39 MELNO
444 549 41 32 et
520 541 53 40 de
612 541 64 40 M.
715 543 188 38 ARMAND
945 541 194 40 PARENT.
1276 540 62 39 Le
1371 539 19 40 3
1400 544 14 17 e
1439 537 154 42 récital
1621 538 186 53 d'orgue
1832 538 151 40 donné
2004 538 82 41 àla

82 602 138 40 Scola
240 602 251 40 Cantorum
508 616 79 40 par
609 603 64 40 M.
698 602 39 42 J.
762 602 209 49 HŒLING,
994 602 228 54 organiste
1258 601 22 40 à
1302 600 42 41 la
1382 599 256 42 cathédrale
1659 600 53 40 de
1732 600 178 50 Rouen,
1927 613 105 27 avec
2047 600 39 41 le

83 677 226 27 concours
334 664 52 40 de
427 664 46 40 M
481 664 44 28 LLE
561 664 151 40 MARIE
762 664 241 41 WEYRICH.
1028 663 133 41 —Le
1195 663 207 41 Festival
1416 661 330 57 franco-russe
1769 661 316 56 (Trocadéro),

83 739 105 27 avec
214 725 40 41 le
279 739 243 37 concours,
545 736 123 31 entre
692 736 150 30 autres
868 725 258 41 nombreux
1146 724 193 50 artistes,
1362 725 53 39 de
1439 723 41 42 la
1501 723 181 42 Société
1704 725 183 39 chorale
1904 723 146 41 LAma-

82 793 128 35 teurs
231 787 72 56 (5o
328 788 154 40 dames
504 787 193 55 dirigées
717 801 81 41 par
824 788 47 40 M
878 788 42 27 LLE
939 789 139 38 ALICE
1105 786 226 54 STEINER),
1357 786 52 40 de
1433 787 120 40 MM.
1581 786 272 40 MOULIÉRAT
1875 795 41 31 et
1943 784 116 42 BOUR-

82 863 104 38 DON,
212 850 53 40 de
297 850 99 40 MM
405 850 60 28 lles
500 850 451 47 GERVILLE-RÉACHE,
983 849 259 41 CATHERINE
1277 848 138 50 BAUX,
1444 848 54 40 de
1527 847 73 43 ro
1607 861 27 42 P
1641 846 328 56 éra-Comique
1991 848 97 51 ;de

85 913 45 39 M
139 920 63 19 MES
245 912 127 41 OLGA
409 926 54 25 DE
485 912 329 51 MELGOUNOFF,
844 910 159 53 ILLISH,
1029 911 314 48 TCHEMESOFF,
1371 910 542 52 SOKOLOWSKI-CARMINA,
1940 910 149 40 MANIA

87 974 192 49 SEGUEL,
311 972 226 42 virtuoses
574 987 166 27 russes.
857 972 60 40 Le
943 972 162 40 Grand
1138 972 203 41 Festival
1358 970 15 56 {
1378 970 297 56 Trocadéro),
1700 972 151 39 donné
1872 984 56 28 au
1954 970 136 54 profit

83 1036 78 41 des
199 1035 177 41 artistes
397 1035 53 40 de
470 1033 450 56 l'Opéra-Comique
946 1033 179 54 (loterie
1146 1047 117 41 pour
1282 1033 42 41 la
1345 1033 142 41 caisse
1507 1033 78 40 des
1604 1032 222 55 pensions
1848 1032 239 55 viagères),

85 1097 59 41 où
167 1097 151 40 furent
339 1097 223 40 entendus
583 1106 102 30 tous
705 1096 64 40 les
791 1095 175 41 artistes
990 1109 105 27 avec
1115 1095 265 41 l'orchestre
1401 1105 41 31 et
1462 1094 64 40 les
1549 1095 183 41 chœurs
1753 1095 53 40 de
1830 1108 47 27 ce
1901 1094 185 52 théâtre,

87 1172 108 26 sous
249 1158 42 40 la
344 1157 225 41 direction
619 1157 52 40 de
711 1158 121 40 MM.
877 1157 196 50 LUIGINI,
1116 1157 176 50 MARTY,
1338 1157 196 50 GIANINI,
1582 1157 188 50 BUSSER,
1814 1157 61 41 H.
1920 1157 166 50 CARRÉ,

87 1221 239 40 MARIETTI.
436 1218 154 55 Pleyel
606 1218 39 55 (I
661 1219 18 40 5
700 1217 126 53 mai),
850 1218 39 41 le
914 1229 184 30 concert
1124 1219 151 40 donné
1296 1233 80 40 par
1400 1219 39 40 le
1459 1218 332 42 violoncelliste
1818 1220 271 52 HOLLMANN,

83 1296 105 26 avec
205 1281 40 41 le
266 1294 224 28 concours
512 1282 52 38 de
591 1281 119 40 MM.
734 1280 169 41 WIDOR
926 1291 41 29 et
990 1281 151 41 RAOUL
1180 1281 173 41 PUGNO.
1451 1280 264 42 L'audition
1752 1282 79 40 des
1863 1281 146 41 élèves
2030 1282 60 40 du

83 1357 135 27 cours
257 1344 54 39 de
346 1343 138 54 piano
527 1353 41 30 et
603 1343 486 54 d'accompagnement
1124 1341 144 56 dirigé
1304 1357 81 41 par
1425 1344 45 40 M
1479 1343 39 28 LLE
1563 1344 148 40 PEREZ
1754 1357 55 27 DE
1838 1343 252 41 BRAMBILLA

85 1416 39 29 et
146 1406 64 40 M.
236 1407 54 38 A.
317 1405 179 40 PARANT
512 1403 128 55 (salle
666 1404 171 54 Pleyel,
865 1405 50 39 23
939 1404 125 49 mai).
1164 1405 86 40 Les
1273 1415 207 31 concerts
1505 1405 52 41 de
1581 1405 42 42 la
1655 1405 182 42 Société
1846 1407 244 52 populaire

82 1467 54 40 de
174 1466 204 54 musique
412 1465 237 56 (ancienne
692 1477 41 29 et
772 1466 254 54 moderne),
1068 1466 167 55 dirigés
1284 1480 81 42 par
1399 1468 120 40 MM.
1563 1468 54 40 R.
1654 1468 199 40 BRUSSEL
1884 1480 40 30 et
1959 1468 129 42 P.-L.

87 1529 217 41 GARNIER.

216 1590 60 40 Le
320 1604 22 26 2
364 1590 115 55 juin,
522 1590 109 42 salle
654 1590 169 56 Pleyel,
842 1604 63 27 un
926 1600 183 31 concert
1132 1604 98 28 sera
1249 1592 153 40 donné
1421 1605 82 41 par
1524 1592 64 41 M.
1614 1592 196 55 Jacques
1833 1592 249 51 Thiébaut,

84 1652 314 56 compositeur
421 1651 142 57 belge,
590 1666 106 28 avec
725 1654 77 40 des
823 1652 182 41 chœurs
1026 1654 242 53 composés
1290 1654 53 40 de
1366 1653 193 42 femmes
1581 1654 59 42 du
1662 1654 185 43 monde.

143 1886 166 42 Ecole
329 1886 101 42 des
450 1886 222 41 Hautes
692 1886 218 41 Etudes
940 1886 255 42 Sociales

1224 1886 84 54 (16,
1335 1898 79 28 rue
1439 1886 52 40 de
1521 1886 41 41 la
1585 1886 277 57 Sorbonne).
1884 1913 53 4 —
1960 1887 131 42 Voici

86 1946 41 42 la
146 1946 101 41 liste
268 1948 77 39 des
374 1961 135 27 cours
531 1957 41 30 et
592 1947 292 41 conférences
905 1948 52 39 de
981 1946 212 55 musique
1218 1949 231 39 annoncés
1481 1962 118 40 pour
1619 1948 89 42 Fan
1730 1950 225 54 prochain
1979 1963 8 28 :

140 2010 65 40 La
242 2009 191 40 mélodie
472 2009 110 40 dans
601 2011 43 38 la
673 2009 204 54 musique
899 2009 185 54 antique
1107 2009 42 55 (6
1175 2013 22 36 à
1219 2010 22 39 8
1267 2009 187 53 leçons),
1481 2024 81 41 par
1588 2011 63 41 M.
1688 2011 89 42 Th.
1808 2012 283 42 Reinach.—

84 2072 66 40 La
182 2071 203 54 musique
419 2073 185 52 antique
643 2079 44 34 et
722 2073 40 39 le
794 2072 137 40 chant
958 2073 253 53 grégorien
1240 2072 119 55 (id.),
1385 2086 81 41 par
1492 2073 64 40 M.
1599 2073 143 41 Louis
1769 2073 159 56 Laloy.
1954 2099 51 6 —
2026 2075 66 40 La

85 2133 202 54 musique
308 2147 58 26 au
388 2133 303 55 Moyen-Age
706 2133 152 55 (cours
879 2133 52 40 de
949 2133 244 54 quinzaine
1207 2134 202 54 pendant
1421 2148 62 27 un
1499 2135 338 55 semestre),par
1858 2136 234 43 M.Pierre

85 2195 175 54 Aubry.
280 2220 57 3 —
355 2194 120 55 (titre
496 2194 23 41 à
539 2194 110 41 fixer
672 2194 393 53 ultérieurement)
1087 2209 82 40 par
1190 2197 64 40 M.
1280 2195 202 56 Georges
1508 2197 245 42 Houdard.
1777 2223 54 5 —
1852 2199 67 40 La
1947 2199 115 40 musi-

85 2270 86 41 que
204 2256 234 49 française
461 2256 53 41 de
531 2258 43 38 la
597 2258 308 40 Renaissance
923 2256 151 54 (cours
1098 2257 53 40 de
1172 2257 243 54 quinzaine
1435 2259 202 54 pendant
1656 2273 63 27 un
1740 2260 250 55 semestre),
2013 2274 79 42 par

87 2320 64 40 M.
178 2319 160 55 Henry
358 2319 185 54 Expert.
549 2343 54 5 —
620 2320 86 39 Les
731 2318 219 54 Origines
963 2318 53 41 de
1039 2319 189 52 VOpéra
1248 2319 187 55 (cours),
1458 2334 81 41 par
1560 2321 64 41 M.
1653 2321 200 42 Romain
1874 2322 215 42 Rolland.

85 2406 52 5 —
160 2382 65 39 La
275 2383 204 52 musique
498 2395 59 26 au
578 2380 183 42 XVIIL
791 2381 135 40 siècle
932 2414 8 19 ,
964 2394 80 40 par
1078 2381 65 40 M.
1166 2381 191 42 Charles
1383 2381 256 43 Malherbe.
1656 2408 50 5 —
1726 2385 67 40 La
1813 2387 205 53 musique
2041 2385 51 40 de

87 2446 43 38 la
167 2442 270 42 Révolution
473 2442 44 54 (6
539 2442 23 41 à
598 2443 23 40 8
645 2442 191 54 leçons),
858 2456 80 40 par
975 2442 60 40 M.
1073 2442 153 41 Julien
1265 2442 198 44 Tiersot.
1505 2469 51 5 —
1593 2446 244 50 Questions
1857 2446 235 42 d'histoire

86 2507 217 39 musicale
318 2505 89 54 (xix
411 2514 14 18 e
445 2504 167 55 siècle),
628 2519 80 40 par
730 2506 63 39 M.
822 2503 372 55 Lichtenberger.
1223 2530 44 3 —
1286 2507 62 39 Le
1369 2505 159 42 drame
1544 2508 193 41 musical
1751 2511 340 52 contemporain

90 2566 322 55 (conférence),
436 2580 79 40 par
539 2567 64 41 M.
628 2566 159 41 Alfred
806 2566 230 40 Bruneau.
1060 2589 49 8 —
1133 2567 65 39 La
1221 2567 204 54 musique
1448 2568 121 55 (titre
1603 2569 24 42 à
1651 2570 198 55 préciser
1869 2571 119 53 ult.),
2013 2585 79 42 par

91 2630 63 40 M.
176 2628 195 42 Vincent
404 2628 179 55 d'Indy.
607 2653 49 5 —
676 2630 65 40 La
758 2629 206 53 musique
984 2641 57 26 au
1053 2627 137 54 point
1207 2627 53 41 de
1282 2642 82 27 vue
1383 2631 314 55 sociologique
1719 2632 42 56 (3
1797 2633 190 56 leçons),
2013 2647 79 41 par

91 2691 64 40 M.
197 2689 125 42 Jules
359 2689 293 43 Combarieu.
708 2715 45 6 —
788 2691 66 40 La
887 2689 256 42 sensibilité
1176 2693 216 40 musicale
1427 2691 44 56 (6
1505 2692 191 58 leçons),
1721 2708 79 42 par
1837 2696 65 42 M.
1931 2695 161 42 Lionel

94 2751 214 42 Dauriac.

716 2948 398 42 Publications
1152 2948 313 42 nouvelles.

146 3050 132 41 Nous
298 3062 142 27 avons
463 3062 104 39 reçu
592 3047 64 41 les
677 3046 236 42 nouvelles
933 3046 315 56 publications
1272 3046 231 42 suivantes
1525 3060 9 29 :

150 3143 166 42 Orsola
323 3176 9 19 ,
358 3142 155 40 drame
555 3140 179 56 lyrique
771 3154 55 27 en
867 3141 19 40 3
930 3150 135 39 actes,
1103 3138 179 56 paroles
1319 3140 53 40 de
1407 3140 129 43 P.-B.
1574 3142 187 51 GHEUST,
1803 3143 215 56 musique
2043 3143 52 41 de

92 3206 136 42 P.-L.
254 3206 341 47 HILLEMACHER,
622 3202 220 56 partition
875 3201 137 55 piano
1037 3212 41 31 et
1101 3201 137 42 chant
1259 3201 130 55 (chez
1411 3202 291 58 Choudens).

216 3267 260 54 Hippolyte
504 3272 45 35 et
564 3265 175 51 Aricie,
771 3264 200 55 tragédie
996 3277 55 27 en
1078 3265 18 40 5
1121 3274 118 31 actes
1261 3274 41 31 et
1324 3278 63 27 un
1411 3265 240 55 prologue,
1676 3267 182 55 paroles
1879 3269 52 40 de
1951 3268 145 42 l'abbé

94 3333 271 47 PELLEGRJN,
409 3328 213 55 musique
657 3328 54 40 de
753 3327 118 42 J.-P.
912 3327 198 51 RAMEAU,
1155 3326 221 56 partition
1418 3340 118 42 pour
1578 3328 139 42 chant
1755 3340 42 31 et
1838 3330 140 55 piano
2016 3344 80 41 par

100 3393 190 43 Vincent
318 3391 170 55 d'lndy
493 3425 10 17 ,
537 3390 187 42 extraite
757 3390 78 40 des
858 3402 180 28 œuvres
1061 3389 249 55 complètes
1332 3389 208 55 publiées
1564 3404 108 28 sous
1705 3390 41 43 la
1783 3392 224 42 direction
2043 3393 53 41 de

92 3456 69 41 M.
188 3456 51 42 C.
263 3455 304 42 Saint-Saëns
586 3453 130 57 (chez
739 3452 228 55 Durand).
995 3451 62 42 Le
1080 3465 111 28 nom
1214 3452 54 41 de
1291 3451 197 43 Vincent
1510 3453 163 57 d'lndy
1692 3463 66 33 est
1779 3469 89 28 une
1894 3454 202 57 garantie
