2176 3650
114 144 75 47 196

827 149 187 36 PELLÉAS
1048 160 51 25 ET
1128 150 249 37 MÉLISANDE

109 247 119 41 donc
254 261 8 28 :
290 246 141 52 Quels
467 257 119 41 sont,
612 247 107 42 cher
741 251 159 40 maître
931 260 41 32 et
1005 251 107 52 ami,
1149 250 64 41 les
1237 249 229 42 exercices
1497 247 196 56 préférés
1713 262 86 42 que
1822 262 114 29 vous
1968 248 127 44 faites

108 326 76 30 sur
203 315 39 41 le
266 315 165 41 clavier
451 318 15 38 ?
497 324 219 33 comment
745 319 307 55 étudiez-vous
1076 320 23 40 ?

233 383 122 51 Ceci,
401 397 70 27 me
506 385 174 54 répond
712 385 236 43 réminent
984 386 201 41 virtuose
1219 399 54 28 en
1306 400 44 27 se
1385 386 273 53 Redressant,
1696 387 105 41 c'est
1844 400 89 28 une
1971 397 124 32 autre

105 451 166 42 affaire.
315 452 121 41 C'est
464 452 53 41 de
539 452 42 42 la
603 453 259 57 technique.
903 454 69 41 Eh
997 454 120 50 bien,
1150 454 39 55 je
1218 454 95 42 vais
1338 468 115 28 vous
1496 456 225 54 répondre
1761 454 332 51 franchement,

105 531 99 30 tout
226 534 54 26 en
311 534 115 27 vous
466 522 247 54 prévenant
753 524 138 54 qu'on
919 534 109 44 peut
1050 522 127 42 avoir
1199 536 90 28 une
1322 522 214 42 méthode
1560 524 88 40 très
1667 522 302 56 personnelle,
1993 537 102 27 sans

104 587 234 41 souhaiter
351 588 162 54 qu'elle
534 603 44 27 se
602 590 264 54 généralise.
892 590 146 42 Voici.
1079 590 53 40 Je
1152 603 53 27 ne
1240 590 96 53 fais
1346 590 176 56 jamais
1550 591 54 42 de
1627 594 237 53 technique
1884 606 16 38 ;
1936 592 44 54 je
2001 594 95 39 suis

104 669 58 27 un
174 655 305 54 sentimental,
504 665 44 33 et
569 665 99 35 tout
678 665 112 47 part
807 658 52 40 de
882 657 43 41 là
947 658 176 54 (Planté
1141 672 45 26 se
1200 657 156 55 frappe
1376 658 40 41 le
1435 659 157 55 front).
1615 660 73 41 Au
1707 661 200 53 surplus,
1917 660 179 56 ajoutez

103 737 84 41 que
195 724 51 56 je
475 740 238 40 moyenne,
738 726 100 41 huit
858 727 160 40 heures
1037 726 52 40 de
1109 728 203 52 musique
1325 740 95 40 par
1437 727 123 51 jour.

161 793 161 41 ...Tels
358 804 103 31 sont
494 794 63 41 les
595 794 271 55 principaux
897 793 126 42 traits
1054 794 52 41 de
1134 794 254 41 l'entretien
1418 796 141 55 qu'un
1592 796 295 42 merveilleux
1919 796 170 51 artiste,

103 860 172 41 sincère
311 872 40 30 et
381 861 195 53 vibrant,
602 862 87 41 m'a
709 861 79 42 fait
806 861 245 41 l'honneur
1074 863 53 40 de
1163 863 292 41 m'accorder.
1481 865 50 40 Je
1569 865 169 55 prends
1768 866 143 54 congé
1945 866 52 40 de
2030 865 65 41 lui

104 942 105 27 avec
228 929 308 55 l'impression
555 930 108 41 d'un
684 929 181 41 charme
898 929 78 56 qui
1006 943 44 27 se
1074 941 168 44 rompt.
1266 931 124 42 Dans
1413 931 41 42 la
1474 947 96 38 rue,
1593 933 170 55 malgré
1782 933 39 41 le
1841 933 255 55 printemps

104 996 77 55 qui
206 997 130 40 brille
355 1008 197 44 partout,
575 997 70 54 j'ai
671 997 40 41 le
750 997 245 42 sentiment
1018 999 52 40 de
1107 999 229 41 retomber
1374 1001 112 41 dans
1512 1001 40 40 le
1590 1002 169 40 monde
1797 1002 77 40 des
1913 1001 157 41 incohé-

104 1079 154 26 rences
282 1075 41 31 et
345 1066 76 40 des
442 1065 23 42 à
484 1079 87 42 peu
593 1065 116 56 près,
733 1079 54 28 en
811 1075 174 32 sortant
1008 1067 60 40 du
1089 1067 168 41 monde
1281 1068 53 40 de
1353 1067 288 52 l'harmonie,
1677 1070 53 40 de
1752 1068 43 43 la
1828 1068 268 42 distinction

104 1142 40 31 et
177 1133 52 40 de
261 1133 41 40 la
334 1133 268 54 perfection.
626 1135 50 40 Je
708 1147 139 42 songe
884 1147 162 28 encore
1071 1134 23 41 à
1129 1134 317 43 l'inoubliable
1468 1150 189 42 passage
1694 1138 60 40 du
1790 1148 212 30 concerto
2043 1138 53 40 de

107 1201 350 53 Mendelssohn,
483 1202 23 40 à
527 1201 254 41 l'étonnant
817 1213 213 30 concerto
1056 1202 52 41 de
1142 1202 123 42 Bach
1282 1217 119 41 pour
1422 1204 156 56 piano,
1613 1205 107 41 flûte
1747 1216 41 30 et
1810 1205 173 53 violon,
2009 1216 40 32 et
2073 1206 23 42 à

104 1281 110 30 cette
238 1270 263 42 charmante
525 1284 213 28 romance
763 1272 52 40 de
842 1271 190 54 Mozart,
1058 1286 105 40 cage
1186 1272 98 42 d'or
1306 1274 60 40 où
1385 1272 156 56 pleure
1564 1287 63 27 un
1645 1273 230 56 rossignol
1899 1273 193 56 captif...

1466 1391 133 42 JULES
1623 1392 275 42 COMBARIEU.

160 1744 210 40 THÉATRE
393 1758 54 26 DE
467 1744 471 57 L'OPÉRA-COMIQUE,
968 1744 29 57 —
1027 1744 206 57 Pelléas
1265 1747 55 40 et
1353 1745 334 51 Mélisande,
1725 1745 155 42 drame
1914 1745 179 56 lyrique

103 1825 54 26 en
181 1811 105 55 cinq
321 1821 119 31 actes
478 1821 40 31 et
557 1812 143 40 douze
735 1811 224 55 tableaux,
990 1813 53 40 de
1077 1813 64 41 M.
1189 1814 206 40 MAURICE
1418 1814 325 50 MAETERLINCK,
1783 1815 214 54 musique
2038 1815 53 40 de

104 1879 64 40 M.
195 1879 177 41 CLAUDE
395 1879 216 41 DEBUSSY.

159 2014 63 41 La
243 2014 223 55 première
502 2016 359 53 représentation
897 2017 53 40 de
980 2019 178 40 Pelléas
1189 2026 45 33 et
1260 2019 272 52 Mélisande,
1569 2020 24 42 à
1629 2021 461 58 POpéra-Comique,

102 2082 113 40 n'est
239 2096 79 41 pas
340 2096 88 26 une
448 2083 262 53 révélation,
737 2084 114 42 mais
874 2087 105 39 c'est
1001 2100 89 27 une
1111 2087 116 41 date.
1257 2087 63 42 Ce
1344 2087 112 42 n'est
1475 2102 80 41 pas
1575 2103 88 27 une
1684 2090 248 42 révélation
1956 2106 55 26 en
2042 2106 47 27 ce

101 2163 101 26 sens
227 2149 160 55 qu'elle
411 2151 71 40 n'a
505 2165 79 40 pas
604 2155 178 52 trompé
804 2152 63 42 les
892 2155 191 52 grandes
1116 2165 41 30 et
1189 2155 225 54 légitimes
1446 2159 265 53 espérances
1737 2172 86 41 que
1847 2174 117 27 nous
1988 2160 80 42 fon-

101 2217 132 41 dions
257 2232 77 27 sur
357 2218 173 41 Claude
553 2220 226 56 Debussy.
807 2221 126 41 Ceux
956 2223 168 40 d'entre
1146 2236 116 28 nous
1285 2223 78 56 qui
1385 2224 178 43 avaient
1582 2228 158 40 écouté
1763 2238 42 30 et
1828 2229 217 55 compris,
2070 2229 23 41 à

100 2285 97 40 leur
217 2285 259 55 apparition
499 2301 84 27 aux
608 2299 204 31 concerts
836 2290 310 51 dominicaux,
1169 2292 77 40 des
1269 2305 132 41 pages
1425 2293 363 57 symphoniques
1807 2296 127 41 telles
1957 2311 86 40 que
2057 2297 39 41 le

97 2353 199 41 Prélude
328 2354 25 40 à
392 2354 324 55 VAprès-Midi
737 2357 104 41 d'un
869 2358 172 50 Faune,
1067 2358 42 41 la
1140 2360 275 42 Demoiselle
1444 2362 120 41 Elue
1570 2396 9 19 ,
1606 2374 41 29 et
1675 2363 104 55 plus
1810 2366 282 41 récemment

100 2435 163 26 encore
288 2423 117 40 deux
426 2423 259 43 Nocturnes
709 2426 205 40 exécutés
939 2426 160 42 l'hiver
1120 2427 181 41 dernier
1323 2428 111 41 chez
1464 2430 283 54 Chevillard,
1770 2432 179 42 avaient
1977 2433 117 41 senti

102 2499 99 30 tout
220 2489 39 40 le
283 2489 182 41 charme
490 2492 26 39 d
535 2490 315 56 imprécision,
864 2494 41 41 la
929 2494 111 40 buée
1060 2494 322 56 harmonique,
1400 2496 261 57 l'étrangeté
1678 2513 289 38 savoureuse,
1980 2501 92 42 l'im-

98 2557 209 54 palpable
329 2558 233 54 poussière
581 2560 275 42 versicolore
873 2572 41 30 et
939 2564 155 40 nacrée
1116 2576 85 41 que
1220 2564 282 43 soulevaient
1522 2565 64 42 les
1601 2568 141 41 ondes
1758 2568 171 55 légères
1952 2570 53 40 de
2022 2583 72 27 ces

98 2624 334 54 compositions
453 2626 35 41 si
508 2628 329 54 personnelles.
860 2629 44 41 Si
929 2630 219 55 quelques
1170 2630 165 54 Zoïles,
1379 2649 19 21 «
1433 2634 164 41 devant
1634 2649 87 41 que
1744 2635 63 42 les
1832 2637 262 41 chandelles

99 2691 175 42 fussent
292 2693 218 42 allumées
532 2712 36 36 »,
591 2696 286 42 redoutaient
900 2708 110 30 cette
1032 2715 18 21 «
1078 2697 274 43 bizarrerie»
1373 2701 77 54 qui
1473 2702 189 54 pouvait
1676 2704 135 40 durer
1833 2704 106 55 cinq
1959 2715 133 40 actes,

100 2773 117 27 nous
249 2774 116 28 nous
401 2763 299 54 réjouissions
739 2766 262 41 d'entendre
1040 2765 120 42 enfin
1187 2781 62 27 un
1278 2779 162 30 auteur
1461 2770 78 54 qui
1562 2784 55 28 ne
1643 2771 68 42 fût
1734 2772 130 56 point
1893 2773 202 41 encerclé

100 2828 111 40 dans
234 2830 64 40 les
319 2831 220 42 formules
563 2834 214 41 écolières
801 2845 41 30 et
864 2834 78 56 qui
962 2849 54 27 ne
1038 2849 44 26 se
1106 2838 98 38 crût
1225 2849 79 41 pas
1325 2851 94 26 non
1434 2838 119 53 plus,
1577 2853 106 27 sous
1703 2842 198 54 prétexte
1922 2841 148 42 d'indé-

98 2897 234 53 pendance
353 2899 289 56 scolastique,
660 2901 150 56 obligé
829 2903 195 42 d'imiter
1046 2903 40 41 le
1100 2903 136 42 Titan
1253 2905 53 40 de
1325 2904 246 56 Bayreuth.
1593 2908 106 42 Non
1713 2908 132 56 point
1865 2924 86 40 que
1967 2927 19 21 »
2002 2909 92 42 ceci

100 2962 132 42 doive
252 2975 98 30 tuer
369 2967 91 41 cela
478 2980 43 39 ));
544 2983 93 26 non
657 2969 130 55 point
804 2985 102 40 que,
921 2985 115 40 pour
1059 2971 131 51 bâtir,
1220 2985 117 27 nous
1370 2973 216 55 croyions
1610 2976 110 54 qu'il
1749 2976 123 42 faille
1905 2978 189 41 d'abord

99 3032 210 43 démolir.
343 3035 63 41 La
438 3036 212 55 musique
679 3037 145 42 d'hier
855 3052 169 42 pourra
1057 3039 219 42 subsister
1308 3040 170 54 malgré
1501 3041 43 42 la
1567 3043 212 55 musique
1803 3046 53 40 de
1880 3046 212 52 demain;

98 3112 81 41 pas
199 3100 102 54 plus
326 3105 133 51 qu'en
482 3103 250 43 littérature
755 3106 41 41 la
819 3107 179 53 préface
1022 3108 52 40 de
1097 3109 247 41 Cromwell
1365 3119 40 31 et
1428 3109 262 43 AHernani
1712 3115 128 39 n'ont
1859 3114 235 56 supprimé

97 3166 40 41 le
175 3168 89 41 Cid
281 3179 40 30 et
343 3171 178 40 Phèdre
529 3204 8 18 ,
561 3185 79 41 pas
666 3172 103 55 plus
794 3174 134 54 qu'en
956 3175 207 55 peinture
1184 3176 156 42 Manet
1363 3187 41 31 et
1428 3192 83 26 son
1534 3178 123 41 école
1678 3193 54 28 ne
1753 3192 104 31 sont
1880 3182 168 42 arrivés
2071 3183 23 42 à

98 3235 112 41 faire
234 3237 164 42 bannir
418 3239 52 40 de
493 3252 83 28 nos
597 3242 178 40 musées
805 3256 88 27 une
916 3243 108 41 toile
1055 3244 205 54 d'lngres
1291 3259 59 27 ou
1383 3247 147 40 même
1567 3247 52 40 de
1662 3249 65 42 M.
1764 3249 322 56 Bouguereau.

100 3304 71 40 En
208 3306 212 56 musique
457 3319 193 40 surtout,
684 3309 65 41 les
780 3310 230 56 principes
1041 3323 233 44 comptent
1304 3327 119 40 pour
1448 3313 105 42 bien
1575 3329 88 41 peu
1701 3317 54 41 de
1784 3319 138 41 chose
1941 3336 10 35 ;
1984 3331 41 31 et
2057 3320 37 42 si

102 3372 170 57 Haydn
295 3376 92 40 s'en
411 3376 106 42 était
532 3388 106 30 tenu
662 3391 87 28 aux
1043 3379 30 41 il
1095 3391 64 30 est
1179 3379 89 42 fort
1291 3382 219 54 probable
1537 3398 85 41 que
1640 3399 117 28 nous
1781 3388 314 56 compterions

99 3441 220 56 quelques
368 3446 298 55 symphonies
718 3458 40 30 et
806 3447 221 56 quelques
1065 3449 340 55 symphonistes
1454 3452 53 42 de
1556 3453 169 47 moins»
1784 3456 131 43 Seule
1951 3457 59 42 ici
2054 3458 42 42 la
