2176 3650
396 143 53 29 LA
481 134 310 41 DÉCLAMATION
825 144 193 35 LYRIQUE
1050 146 52 26 ET
1134 129 381 46 L'ENSEIGNEMENT
1547 149 59 27 DU
1639 148 143 29 CHANT

2008 150 72 28 221

150 335 22 24 «
212 317 95 46 Les
331 324 374 58 représentants
735 322 65 47 du
824 337 145 47 corps
998 321 300 62 professoral
1337 335 88 34 ont
1463 324 87 45 fait
1577 324 159 47 valoir
1764 340 95 47 que
1889 325 45 46 la
1963 325 101 47 divi-

91 415 22 24 «
151 396 112 47 sion
284 414 61 30 en
374 401 131 46 deux
534 402 176 62 degrés
731 402 231 62 s'opérait
978 402 329 47 d'elle-même
1331 405 123 46 dans
1484 405 131 46 leurs
1644 421 146 31 cours

153 498 23 24 «
213 480 175 62 Quant
415 484 27 43 à
467 482 43 47 la
531 482 330 49 démarcation
886 484 291 63 rigoureuse
1197 485 85 47 des
1310 486 173 47 études
1508 486 271 64 techniques
1808 500 46 34 et
1877 489 86 45 des
1987 491 77 45 étu-

91 578 23 25 «
150 560 86 45 des
265 561 282 64 artistiques
553 600 9 19 ,
590 576 112 35 tous
727 581 50 30 se
806 565 299 46 déclaraient
1153 565 329 62 impuissants
1505 569 25 43 à
1559 567 46 46 la
1646 579 160 35 tracer
1825 581 47 35 et
1900 569 190 47 niaient

91 658 23 25 «
155 641 320 48 absolument
498 645 119 62 qu'il
647 645 75 47 fut
744 645 218 62 possible
987 647 59 45 de
1067 650 217 58 séparer,
1317 647 123 46 dans
1458 647 334 63 l'explication
1816 650 119 46 d'un
1956 665 101 32 mor-

91 740 22 24 «
151 738 119 31 ceau
318 740 65 31 ou
415 726 44 45 la
500 726 277 47 correction
826 727 147 46 d'une
1002 727 159 60 leçon,
1204 727 68 47 les
1321 727 301 49 indications
1667 731 60 46 de
1768 730 228 61 justesse,
2029 732 59 46 de

92 821 22 23 «
153 805 218 60 rythme,
396 806 234 62 d'agilité,
664 809 84 45 des
772 807 297 47 indications
1088 810 59 44 de
1185 810 123 61 style
1331 821 47 35 et
1401 810 59 46 de
1481 810 287 48 sentiment.
1797 830 20 24 »

151 882 154 47 Aussi
335 885 44 46 la
410 887 475 47 sous-commission
917 908 21 23 «
978 904 25 30 a
1020 892 171 44 trouvé
1216 889 259 61 formulée,
1505 906 115 31 avec
1648 906 97 32 une
1776 891 40 47 si
1845 892 245 47 heureuse

94 981 21 23 «
153 964 254 61 propriété
425 967 60 45 de
509 979 183 35 termes
715 969 122 47 dans
866 970 43 46 le
937 969 163 63 projet
1129 970 195 47 élaboré
1348 988 61 29 en
1440 972 140 61 1870,
1613 972 44 46 la
1680 971 326 48 distribution
2033 974 58 47 de

95 1063 22 24 «
156 1044 414 63 l'enseignement
599 1050 66 46 du
696 1050 148 46 chant
867 1065 61 31 en
957 1050 123 47 trois
1105 1051 175 62 degrés
1310 1052 178 61 qu'elle
1526 1068 61 30 ne
1611 1065 120 50 peut
1770 1054 169 47 mieux
1967 1054 122 47 faire

96 1143 22 24 «
155 1127 26 42 à
204 1140 52 31 ce
287 1125 128 61 sujet
444 1144 97 46 que
571 1130 59 44 de
661 1131 272 61 reprendre
955 1131 43 46 la
1021 1131 253 47 rédaction
1299 1133 58 45 de
1395 1149 53 30 sa
1472 1134 304 47 devancière.
1821 1154 20 24 »

156 1204 91 58 Or,
270 1209 27 43 à
316 1219 145 34 notre
491 1209 121 59 avis,
645 1223 137 34 toute
819 1213 44 45 la
901 1213 232 60 question
1162 1225 120 50 peut
1323 1230 51 30 se
1416 1214 322 48 circonscrire
1778 1215 314 48 maintenant

95 1300 88 32 sur
198 1285 46 46 la
274 1305 20 23 «
327 1287 342 47 démarcation
698 1291 84 46 des
807 1293 172 45 études
1008 1291 292 64 techniques
1321 1305 47 35 et
1389 1294 285 63 artistiques
1696 1314 39 28 ».
1768 1296 143 47 Nous
1935 1296 157 46 allons

94 1365 171 47 tâcher
285 1366 114 47 d'en
428 1369 292 48 démontrer
766 1387 102 30 non
899 1373 278 47 seulement
1218 1374 44 46 la
1310 1374 299 62 possibilité,
1652 1375 127 47 mais
1813 1376 45 46 la
1901 1376 190 47 réalité.

96 1445 145 47 Nous
266 1461 206 32 verrons
487 1464 96 46 que
600 1449 44 45 le
674 1450 149 46 chant
851 1464 326 48 proprement
1200 1453 71 45 dit
1300 1465 74 35 est
1403 1454 45 46 la
1467 1454 157 62 partie
1655 1455 265 62 technique
1942 1473 10 42 ;
1997 1473 95 46 que

96 1536 123 35 cette
250 1538 156 50 partie
432 1544 25 29 a
494 1544 68 30 un
585 1543 432 34 commencement
1040 1544 47 34 et
1122 1548 97 32 une
1249 1534 84 58 fin,
1368 1545 45 35 et
1459 1550 94 46 que
1576 1535 43 46 la
1642 1536 157 61 partie
1831 1536 261 63 artistique

98 1605 85 62 qui
213 1606 45 46 la
279 1606 116 60 suit,
419 1607 221 63 quoique
664 1610 315 47 définissable
999 1613 123 44 dans
1148 1629 75 31 ses
1244 1629 226 47 moyens,
1500 1627 73 34 est
1596 1615 235 47 indéfinie
1854 1619 122 46 dans
2001 1633 91 32 son

98 1685 303 62 application
430 1699 47 34 et
506 1701 74 33 est
602 1689 383 48 véritablement
1014 1691 314 64 l'esthétique
1354 1695 58 45 de
1442 1694 108 47 l'art
1573 1695 210 62 lyrique.

769 1864 99 46 DE
899 1863 209 49 L'ART
1138 1867 319 61 LYRIQUE

164 1991 135 46 L'art
329 1989 213 63 lyrique,
567 1991 124 47 dans
721 2006 93 31 son
846 1992 270 59 ensemble,
1144 2009 50 30 se
1216 2009 235 47 compose
1473 1995 60 46 de
1577 1995 123 48 trois
1727 1997 240 47 éléments
1997 2000 99 46 très

101 2068 235 49 distincts
362 2082 10 33 :
401 2070 42 47 le
471 2086 104 45 son,
609 2071 42 46 le
668 2070 142 61 style,
843 2084 47 34 ex
910 2071 339 64 l'expression,
1275 2075 301 47 c'est-à-dire
1606 2091 69 32 un
1698 2077 214 47 élément
1936 2082 131 44 maté-

101 2150 107 58 riel,
228 2165 69 32 un
321 2150 216 47 élément
566 2150 302 48 intellectuel
900 2164 46 34 et
975 2169 69 30 un
1073 2154 216 47 élément
1313 2154 270 63 animique.

165 2230 72 44 De
264 2230 249 46 l'élément
536 2230 245 59 matériel,
807 2231 234 61 sensible,
1065 2232 137 60 vital,
1309 2235 65 46 du
1397 2250 108 43 son,
1615 2236 203 47 découle
2042 2237 57 49 de

104 2311 47 46 la
171 2310 164 47 vocale
354 2326 58 31 ou
435 2310 267 48 l'ensemble
724 2311 82 47 des
829 2314 240 45 exercices
1077 2314 256 63 pratiques
1345 2331 134 46 pour
1497 2316 29 46 /'
1531 2315 253 49 éducation
1802 2317 58 47 de
1882 2319 193 47 l'instru-

104 2397 127 40 ment
251 2391 197 46 humain
476 2392 173 61 appelé
666 2409 16 29 :
703 2392 294 49 instrument
1020 2395 151 47 vocal.

167 2472 150 46 L'ART
352 2489 174 42 VOCAL,
570 2474 122 45 dont
721 2474 46 45 la
796 2475 67 46 fin
893 2476 238 46 s'adresse
1162 2491 61 32 au
1254 2493 130 43 sens,
1411 2477 176 59 forme,
1610 2479 123 45 dans
1754 2480 109 46 l'art
1886 2480 210 63 lyrique,

113 2551 29 47 Y
146 2557 84 41 art
240 2551 316 47 d'émouvoir.

167 2632 71 45 La
256 2632 167 46 vocale
442 2632 222 47 contient
684 2634 123 47 trois
837 2636 214 60 grandes
1082 2637 174 46 études
1280 2650 10 34 :

174 2720 40 39 i°
247 2714 71 44 La
355 2714 329 62 respiration;
731 2731 23 30 2
760 2724 16 19 0
814 2716 70 45 les
915 2716 299 57 émissions;
1262 2719 45 45 3°
1347 2717 69 47 les
1458 2719 231 62 registres
1729 2733 47 34 et
1831 2723 241 63 l'homogé-

108 2792 148 49 néité.

167 2874 69 44 Le
266 2872 172 47 travail
468 2874 59 47 de
547 2875 352 62 gymnastique
922 2875 193 48 destiné
1145 2879 26 44 à
1200 2877 301 64 développer
1534 2880 248 48 l'étendue
1812 2894 47 34 et
1889 2883 45 47 la
1962 2883 112 63 puis-

115 2969 162 39 sance,
310 2956 26 43 à
367 2955 195 46 donner
600 2955 45 47 la
666 2957 238 59 douceur,
936 2957 44 46 la
1011 2957 275 63 souplesse,
1331 2959 231 62 s'appelle
1582 2974 10 33 :
1624 2977 149 45 poser
1801 2964 44 44 la
1873 2963 130 47 voix.

170 3035 71 46 La
263 3051 119 46 pose
406 3036 59 46 de
489 3036 45 46 la
555 3036 114 47 voix
688 3049 72 35 est
781 3039 185 62 parfois
990 3039 149 47 chose
1169 3039 224 48 délicate.
1413 3040 142 50 Cette
1588 3044 147 46 étude
1757 3057 121 49 peut
1898 3060 50 30 se
1969 3049 108 58 sépa-

108 3128 78 31 rer
200 3115 389 61 complètement
618 3119 59 44 de
721 3119 119 46 celle
880 3119 67 47 du
990 3119 148 47 chant
1158 3133 323 49 proprement
1508 3121 73 47 dit
1610 3134 13 48 ;
1653 3123 129 47 mais
1811 3139 195 32 comme
2036 3142 68 30 un

108 3195 100 44 bon
228 3198 177 44 maître
428 3198 58 44 de
506 3198 148 45 chant
669 3214 61 31 ne
754 3199 106 47 doit
881 3215 88 47 pas
989 3200 202 62 ignorer
1209 3213 124 34 cette
1352 3203 158 62 partie
1539 3203 371 48 fondamentale
1931 3206 59 46 de
2013 3222 92 30 son

110 3286 92 45 art,
233 3276 177 60 qu'elle
440 3288 73 34 est
541 3279 275 47 nécessaire
838 3283 25 43 à
886 3297 92 29 son
1006 3280 393 64 enseignement,
1435 3298 127 32 nous
1586 3298 127 33 nous
1760 3300 221 32 sommes
2020 3286 56 46 de-

109 3355 183 46 mandé
321 3358 250 61 pourquoi
595 3359 32 46 il
646 3375 32 45 y
707 3359 130 47 avait
853 3361 87 46 des
961 3361 304 63 spécialistes
1288 3363 59 45 de
1376 3379 119 46 pose
1524 3364 59 46 de
1620 3364 130 57 voix,
1783 3365 85 61 qui
1893 3377 212 35 souvent

110 3436 142 46 n'ont
270 3435 175 62 jamais
470 3438 177 47 chanté
679 3446 332 56 eux-mêmes,
1041 3458 65 33 ou
1136 3443 87 62 qui
1252 3443 187 62 parfois
1478 3455 89 35 ont
1595 3444 175 46 chanté
1801 3444 96 46 fort
1928 3460 94 46 peu
2060 3457 45 35 et
