2497 4163
577 206 265 37 ESQUISSES
878 205 274 31 MUSICALES
1189 188 446 47 D'OUTRE-MANCHE

2002 192 83 51 567

129 418 164 52 sacré.
314 412 139 53 D'où
486 428 102 35 son
620 423 216 56 respect
861 411 73 50 du
967 409 286 63 décorum,
1281 407 96 51 des
1401 404 209 52 formes
1631 400 333 54 extérieures
1991 399 97 69 qui

129 489 363 68 enveloppent
527 503 59 35 sa
616 483 378 71 personnalité
1020 498 127 36 sans
1180 482 50 51 la
1255 479 192 54 trahir.

193 562 345 70 Cependant,
580 577 68 34 en
689 558 76 53 lui
790 559 125 51 dort
947 573 77 37 un
1053 555 135 52 fond
1222 555 66 51 de
1314 558 143 58 rêve,
1486 552 253 53 somnole
1771 567 108 35 une
1903 548 183 53 vieille

126 640 247 53 chanson
399 653 10 36 :
470 637 51 50 la
566 635 246 52 chanson
850 634 95 50 des
992 647 398 47 souvenances,
1437 629 79 51 les
1561 630 153 50 rêves
1756 628 96 51 des
1893 625 193 51 choses

129 714 244 53 éteintes.
398 712 133 53 Cela
557 723 82 38 est
660 726 194 52 vague,
879 705 376 54 insaisissable
1274 717 15 54 ;
1323 703 139 52 mais
1489 707 29 46 à
1538 701 239 54 certains
1795 700 155 67 jours
1973 699 115 52 cela

130 789 254 70 paraîtra.
420 787 73 50 Et
536 785 165 60 alors,
750 800 57 34 ce
842 799 120 35 sera
1006 797 76 35 un
1129 780 491 51 abandonnement
1648 775 125 70 plus
1805 775 149 51 doux
1984 789 106 36 aux

127 860 403 55 anniversaires
578 860 73 51 du
695 873 170 48 cœur,
933 872 217 35 comme
1189 870 108 35 une
1342 855 190 65 espèce
1587 851 66 50 de
1698 849 234 65 relâche,
1978 863 110 35 une

130 938 269 67 échappée
432 933 328 63 nécessaire,
794 948 78 35 un
907 948 107 51 peu
1041 927 238 64 d'envol,
1314 927 66 50 de
1406 924 204 70 poésie,
1637 924 267 52 d'amour.
1949 920 138 53 Sans

127 1015 186 61 doute,
341 1027 87 34 ces
455 1006 155 54 traits
643 1020 189 38 seront
856 1004 234 70 fugitifs.
1117 1002 143 52 Mais
1286 1016 143 55 pour
1448 1016 68 33 ne
1543 1016 55 35 se
1620 997 322 52 manifester
1963 995 125 68 qu'à

130 1085 331 63 intervalles,
489 1082 68 52 ils
588 1084 127 49 n'en
741 1093 261 57 reposent
1027 1096 96 51 pas
1142 1077 184 51 moins
1352 1091 67 36 au
1437 1074 134 52 fond
1597 1074 65 50 de
1681 1072 50 51 la
1747 1070 338 53 conscience.

129 1161 146 55 C'est
319 1160 50 51 le
395 1160 91 51 feu
535 1161 29 48 à
602 1156 152 52 demi
798 1155 170 53 éteint
1000 1152 95 70 qui
1131 1150 213 71 grésille
1387 1165 197 37 encore
1610 1165 130 34 sous
1786 1147 51 51 la
1867 1146 219 51 cendre.

129 1236 211 51 Vienne
365 1251 109 36 une
500 1231 276 60 occasion,
812 1242 53 39 et
895 1228 38 51 il
959 1227 233 52 revivra.

195 1311 195 51 Allons
423 1308 126 69 plus
574 1306 135 52 loin.
751 1303 150 69 Quoi
938 1301 197 71 qu'elle
1161 1316 69 34 en
1262 1298 94 66 ait,
1409 1314 68 34 en
1509 1296 151 70 dépit
1700 1295 387 62 d'elle-même,

131 1386 151 52 l'àme
329 1382 244 70 anglaise
616 1394 82 38 est
729 1378 174 70 pétrie
959 1378 68 50 de
1058 1372 399 55 catholicisme.
1494 1372 79 51 La
1625 1368 236 70 religion
1891 1385 74 50 qu
1988 1367 102 51 elle

130 1460 192 53 bannit
370 1460 38 50 il
431 1476 34 51 y
512 1476 29 32 a
596 1456 138 52 trois
773 1466 151 41 cents
973 1469 98 35 ans
1131 1449 348 69 l'imprègne,
1532 1447 51 49 la
1626 1448 224 66 pénètre
1883 1443 207 67 malgré

134 1547 136 40 tout.
309 1535 105 50 Les
468 1531 317 62 traditions,
821 1528 77 50 les
955 1538 293 40 coutumes
1287 1519 342 65 d'autrefois,
1676 1519 163 50 celles
1894 1517 197 68 qu'elle

130 1629 29 33 a
186 1611 357 67 empruntées
569 1609 30 47 à
629 1603 227 70 l'Eglise
879 1598 337 70 catholique,
1248 1613 115 36 non
1399 1596 308 52 seulement
1745 1592 343 61 l'effleurent,

135 1684 137 52 mais
318 1684 284 50 l'ouatent.
632 1681 78 54 Ce
737 1689 126 40 sont
895 1677 95 51 des
1025 1673 159 53 traits
1225 1670 158 72 quasi
1410 1669 193 52 effacés
1644 1682 14 52 ;
1704 1668 95 51 des
1839 1667 252 67 fresques

138 1762 279 61 dormant,
464 1754 197 70 depuis
715 1754 96 51 des
870 1758 148 62 âges,
1067 1766 131 35 sous
1250 1748 48 51 le
1349 1758 139 51 stuc,
1541 1759 216 36 comme
1810 1740 144 68 jadis
2015 1740 77 51 les

135 1834 169 51 belles
337 1834 190 50 scènes
553 1830 66 51 de
643 1827 394 66 Michel-Ange
1063 1819 399 71 languissaient
1489 1834 129 36 sous
1643 1819 95 50 des
1770 1814 236 53 couches
2025 1815 65 51 de

136 1909 195 70 plâtre,
359 1912 30 47 à
427 1908 50 49 la
522 1903 230 54 Sixtine.
781 1900 143 54 Mais
955 1899 49 52 le
1044 1898 186 59 réveil,
1267 1900 82 47 tôt
1378 1910 72 36 ou
1503 1893 141 64 tard,
1679 1890 118 52 doit
1836 1890 224 51 s'accom-

131 1983 126 68 plir.

202 2058 75 52 Et
308 2058 66 49 de
417 2068 138 39 cette
605 2050 339 73 persistance
990 2048 47 66 je
1085 2045 118 52 vois
1253 2044 47 52 le
1343 2041 249 70 symbole
1651 2053 54 38 et
1744 2037 165 53 l'effet
1955 2037 136 53 dans

131 2147 136 39 cette
291 2131 201 69 Vierge
517 2126 425 54 accueillanteet
963 2121 283 54 souriante
1278 2120 66 51 de
1364 2115 422 61 Westminster,
1805 2130 69 36 au
1897 2112 195 69 regard

134 2208 43 52 si
207 2205 265 53 bénévole
500 2217 52 38 et
573 2203 46 52 si
656 2201 213 64 tendre,
896 2209 193 41 tenant
1114 2211 103 35 son
1242 2192 114 52 Fils
1371 2204 152 39 entre
1550 2208 85 33 ses
1660 2189 146 63 bras,
1827 2199 53 39 et
1900 2186 193 66 jouant

131 2283 162 52 d'une
313 2280 152 52 main
484 2295 127 35 avec
634 2294 75 36 un
734 2275 248 67 bouquet
1004 2274 67 49 de
1088 2286 171 37 roses.
1282 2269 105 49 Les
1413 2265 191 52 niches
1626 2265 33 51 d
1682 2264 251 50 alentoui
1968 2274 125 38 sont

129 2356 167 65 vides,
329 2368 52 38 et
399 2355 78 51 les
511 2352 171 52 saints
707 2351 64 51 de
792 2349 177 69 pierre
988 2364 69 33 ne
1084 2346 80 67 s'y
1188 2346 250 51 dressent
1465 2341 124 69 plus
1606 2338 136 51 dans
1762 2337 146 50 leurs
1935 2335 157 50 traits

130 2432 262 51 d'ascètes
417 2441 51 38 et
500 2427 148 52 leurs
671 2427 307 50 vêtements
1022 2417 384 69 monastiques
1433 2431 14 50 ;
1480 2413 140 52 mais
1643 2413 49 50 la
1715 2411 218 68 Vierge,
1968 2410 122 64 elle,

130 2519 160 38 reste.
326 2502 92 55 On
440 2502 87 51 n'a
549 2519 97 51 pas
677 2504 93 47 osé
793 2497 274 61 l'enlever,
1104 2510 92 34 car
1216 2491 363 68 l'Angleterre
1604 2487 140 53 tient
1766 2501 199 36 encore
1996 2500 99 52 par

131 2581 123 69 plus
286 2581 134 51 d'un
444 2578 54 51 fil
525 2581 29 47 à
577 2589 138 39 cette
741 2572 181 53 vieille
944 2571 76 51 foi
1053 2568 97 70 qui
1174 2586 29 33 a
1227 2566 207 68 inspiré
1458 2582 85 33 ses
1565 2561 266 71 primitifs
1851 2558 239 54 artistes.

134 2656 155 51 Nous
319 2669 252 44 verrons,
620 2651 137 51 dans
789 2650 78 49 les
906 2646 193 52 chants
1137 2643 66 51 de
1237 2641 160 62 Noël,
1457 2639 95 51 des
1606 2632 385 56 ressouvenirs
2026 2633 67 51 de

131 2732 250 67 l'époque
414 2726 266 53 ancienne
701 2739 11 36 :
732 2725 49 49 la
808 2739 167 35 suave
1000 2733 366 55 apercevance
1389 2716 66 49 de
1474 2712 171 52 Marie
1672 2712 183 49 saluée
1876 2725 216 35 comme

131 2806 150 51 Mère
327 2805 66 50 de
427 2801 164 61 Dieu,
639 2813 69 36 en
752 2797 97 51 des
898 2793 252 67 couplets
1199 2791 164 52 d'une
1415 2789 215 50 naïveté
1664 2783 313 53 délicieuse.
2020 2782 73 49 Et

133 2881 165 62 enfin,
338 2878 224 51 n'est-ce
601 2872 120 53 rien
754 2887 105 52 que
892 2882 84 38 cet
1895 2867 197 51 Adsstë
1465 2862 260 49 conservé
1759 2872 215 37 comme
2016 2872 77 35 un

133 2956 93 50 des
252 2952 110 53 airs
384 2952 76 51 les
493 2951 125 68 plus
643 2943 320 74 populaires
986 2943 74 50 du
1091 2952 183 54 temps
1305 2938 66 49 de
1397 2935 140 52 Noël
1561 2935 19 50 ?

199 3031 49 49 A
270 3045 87 34 ces
390 3038 225 40 natures
654 3020 465 70 anglo-saxonnes
1157 3012 37 52 il
1227 3012 136 63 faut,
1408 3014 29 47 à
1469 3010 66 50 de
1565 3006 271 54 certaines
1869 3005 222 60 heuies,

135 3104 76 50 les
244 3118 136 36 eaux
418 3102 66 49 de
522 3111 139 39 cette
698 3093 247 54 fontaine
977 3093 65 49 de
1086 3089 280 51 Jouvence
1394 3099 11 37 :
1441 3099 354 37 renouveaux
1839 3080 74 51 du
1946 3094 149 36 cœur

131 3192 54 37 et
230 3177 164 52 vieux
418 3174 107 52 airs
547 3192 12 46 \
587 3186 191 38 retour
802 3186 106 35 aux
939 3178 311 48 coutumes,
1277 3177 105 35 aux
1404 3159 137 51 fetes
1565 3159 72 51 du
1672 3159 176 66 passé.

201 3254 151 51 Dans
395 3252 47 49 le
486 3249 262 66 naufrage
802 3240 321 73 déplorable
1162 3238 67 50 de
1260 3253 87 34 ces
1391 3231 301 55 solennités
1745 3231 66 50 de
1861 3227 232 51 l'ancien

133 3329 142 51 culte
307 3338 96 39 ont
435 3324 228 69 disparu
707 3320 128 52 bien
863 3320 96 50 des
1002 3311 281 71 symboles
1315 3307 255 54 attirants
1615 3318 52 38 et
1705 3302 385 69 inspiiateurs.

136 3404 348 50 Protestants
530 3412 52 38 et
624 3394 276 72 puritains
948 3385 380 75 prétendirent
1378 3382 134 52 faire
1565 3384 197 64 régner
1800 3379 52 49 la
1907 3376 188 51 raison

135 3478 173 50 froide
353 3489 54 38 et
439 3474 177 65 sèche,
652 3470 292 53 dominant
977 3466 76 51 les
1100 3460 324 53 décombres
1461 3459 63 49 de
1560 3473 56 34 ce
1650 3452 116 70 qui,
1794 3451 298 69 jusque-là,

133 3551 140 52 avait
307 3554 83 48 été
444 3546 261 71 poétique
748 3556 54 40 et
839 3539 259 73 profond.
1147 3535 122 52 Elle
1301 3550 35 34 n
1359 3545 82 39 est
1474 3536 141 64 plus,
1668 3540 138 39 cette
1860 3527 105 50 fête
1997 3527 96 50 des

135 3639 196 52 morts,
366 3624 45 52 si
450 3622 410 70 puissamment
895 3611 320 56 évocatrice.
1258 3611 221 50 Autour
1517 3607 66 50 de
1617 3605 219 66 Pâques
1886 3617 69 35 ne
1980 3616 87 36 res-

136 3701 211 66 plendit
370 3700 123 67 plus
512 3715 57 34 ce
592 3696 131 56 halo
755 3691 153 56 divin
930 3688 98 72 qui
1058 3704 69 37 en
1152 3683 184 55 faisait
1358 3682 47 52 le
1430 3682 246 52 charme.
1698 3678 77 51 Le
1811 3673 284 56 Vendredi
