2497 4163
406 237 85 53 596

1111 244 58 28 LE
1205 242 238 30 MERCURE
1478 241 218 31 MUSICAL

402 447 153 45 devait
579 446 129 43 avoir
748 460 50 28 sa
822 446 273 42 réalisation
1122 446 116 42 dans
1278 447 82 41 des
1401 446 271 42 conditions
1716 446 407 56 d'interprétation
2166 447 218 47 vraiment

401 507 419 56 exceptionnelles.
842 508 248 43 UArmide
1115 522 91 42 que
1230 509 45 41 la
1303 509 223 42 Monnaie
1552 510 57 41 de
1635 509 242 42 Bruxelles
1904 509 270 55 représente
2201 511 156 53 aujour-

400 570 128 42 d'hui
574 579 69 32 est
670 570 115 42 celle
811 583 89 43 que
926 570 190 56 l'Opéra
1141 571 79 42 eût
1244 571 187 42 donnée
1458 585 108 28 sans
1591 571 182 42 l'année
1791 571 208 43 terrible.
2029 572 123 41 C'est
2170 571 214 47 VArmide

399 632 57 42 de
480 632 67 42 M.
580 633 215 42 Gevaert.
819 632 141 42 Aussi
986 647 47 27 se
1055 634 377 54 présente-t-elle
1454 634 176 56 purgée
1660 634 56 42 de
1741 643 156 33 toutes
1922 634 67 41 les
2015 633 207 42 hérésies
2248 636 134 53 qu'on

398 707 27 29 a
468 708 113 29 vues
627 695 24 40 à
686 695 189 55 l'Opéra
900 695 182 42 l'année
1109 695 229 43 dernière.
1368 697 63 42 M.
1462 697 200 42 Gevaert
1686 711 25 27 a
1735 696 310 56 longuement
2069 698 172 53 exposé
2274 697 109 45 dans

399 769 50 30 sa
471 756 189 55 préface
681 770 84 42 par
790 757 182 54 quelles
1017 758 353 42 circonstances
1396 759 42 41 le
1472 758 338 43 chef-d'œuvre
1849 758 156 42 devait
2028 757 155 44 revoir
2208 758 40 41 le
2288 760 97 53 jour

398 830 59 30 en
484 818 131 55 1870,
643 818 116 42 mais
785 818 32 41 il
861 820 74 40 n'a
974 834 84 40 pas
1085 819 67 43 dit
1200 819 134 57 après
1381 820 222 42 combien
1636 819 209 44 d'efforts
1893 829 44 34 et
1980 821 212 41 d'études
2219 820 31 41 il
2281 821 105 45 était

394 892 212 43 parvenu
639 881 24 40 à
687 881 315 42 reconstituer
1042 896 77 28 ces
1144 896 144 42 pages
1336 897 90 42 que
1460 882 152 43 Gluck
1644 883 122 42 avait
1786 883 194 42 laissées
2022 885 23 39 à
2077 883 45 42 la
2145 883 237 55 postérité.

397 941 39 42 Il
472 942 75 41 n'a
591 956 84 42 pas
721 942 67 43 dit
834 957 96 28 non
973 944 107 56 plus
1121 958 89 42 que
1238 958 86 28 son
1352 959 204 42 ouvrage
1603 945 111 42 était
1760 944 218 52 définitif,
2027 959 78 28 car
2150 946 67 41 les
2245 954 140 35 textes

397 1003 247 57 originaux
669 1013 107 34 sont
799 1007 191 53 perdus,
1027 1015 44 33 et
1092 1020 90 42 que
1208 1021 87 28 son
1316 1008 165 42 travail
1504 1008 78 41 d'il
1604 1023 29 40 y
1680 1022 24 28 a
1735 1017 226 46 quarante
1989 1022 82 28 ans
2099 1022 25 28 a
2149 1008 141 43 sauvé
2325 1023 59 28 un

397 1065 339 44 chef-d'œuvre
763 1068 55 41 de
846 1067 182 42 l'oubli.
1053 1069 75 41 On
1154 1069 195 42 connaît
1369 1069 265 43 l'anecdote
1662 1085 9 27 :
1696 1070 88 42 elle
1810 1080 70 33 est
1904 1070 225 56 piquante
2153 1079 44 32 et
2238 1069 144 44 triste.

406 1130 64 40 Le
496 1129 151 42 Guide
661 1130 266 42 inusicalïa.
949 1132 220 41 racontée
1185 1130 348 44 dernièrement
1546 1133 79 55 (1).
1650 1133 168 42 C'était
1834 1135 210 52 pendant
2059 1133 43 41 la
2126 1133 258 42 Commune

402 1191 56 41 de
486 1190 154 44 Paris.
685 1191 74 42 On
802 1191 154 43 devait
995 1193 183 42 donner
1201 1208 66 27 un
1300 1204 195 32 concert
1537 1209 90 27 aux
1664 1194 251 51 Tuileries,
1943 1203 44 34 et
2032 1195 42 41 le
2119 1196 163 41 maître
2332 1196 52 42 de

396 1252 220 55 musique
642 1253 273 55 improvisé,
935 1255 294 42 l'admirable
1251 1256 201 55 pianiste
1474 1257 364 55 d'aujourd'hui,
1857 1257 152 42 Raoul
2031 1258 184 55 Pugno,
2238 1257 149 43 devait

397 1314 173 54 diriger
602 1315 41 41 le
669 1316 166 42 chœur
862 1317 61 41 du
969 1318 261 54 quatrième
1263 1328 100 33 acte
1404 1320 256 41 d'Armide.
1688 1321 90 40 Les
1816 1320 251 55 partitions
2091 1320 185 42 avaient
2302 1321 83 51 été,

394 1389 123 42 pour
541 1377 68 42 les
636 1379 181 51 études,
843 1381 322 53 transportées
1192 1381 56 41 de
1274 1381 189 55 l'Opéra
1494 1395 58 28 au
1573 1381 150 56 palais
1747 1383 81 41 des
1862 1381 192 42 anciens
2082 1395 267 42 empereurs
2371 1401 9 33 ;

396 1452 61 28 on
482 1438 66 42 les
567 1454 30 41 y
620 1439 158 53 laissa,
803 1449 43 33 et
864 1441 154 42 moins
1043 1443 109 40 d'un
1176 1443 122 42 mois
1321 1445 151 54 après,
1495 1444 68 42 les
1585 1453 194 47 troupes
1799 1445 56 40 de
1872 1443 254 44 Versailles
2161 1443 228 44 entraient

394 1501 120 41 dans
544 1501 129 42 Paris
700 1511 45 33 et
776 1502 68 43 les
870 1503 234 44 Tuileries
1129 1504 289 45 flambaient.
1449 1508 64 40 Le
1545 1506 141 42 vieux
1707 1506 334 43 chef-d'œuvre
2087 1507 111 41 était
2222 1508 163 53 perdu.

394 1563 382 44 Heureusement
809 1566 145 55 qu'un
996 1567 192 42 homme
1229 1568 122 42 avait
1387 1568 138 42 veillé
1560 1577 44 33 et
1637 1568 181 56 gardait
1844 1570 115 41 dans
1994 1582 85 29 son
2127 1570 177 40 bureau
2328 1570 59 41 du

395 1624 364 45 Conservatoire
809 1629 57 40 de
910 1629 244 42 Bruxelles
1196 1629 44 42 la
1285 1631 135 56 copie
1472 1632 82 41 des
1598 1632 283 41 manuscrits
1930 1633 61 40 du
2037 1631 140 43 vieux
2227 1631 160 42 maître

397 1686 254 44 allemand.
681 1688 36 41 Il
745 1689 154 43 rendit
919 1704 65 28 un
1011 1702 282 32 monument
1319 1694 23 40 à
1366 1693 294 50 l'humanité,
1693 1703 44 32 et
1760 1694 290 41 reconstitua
2074 1702 120 34 cette
2224 1694 163 48 année,

397 1749 26 42 à
450 1749 258 54 Bruxelles,
736 1751 228 44 YArmide
987 1753 109 42 telle
1121 1755 172 54 qu'elle
1320 1756 123 41 avait
1467 1756 71 41 été
1563 1770 199 40 conçue,
1791 1770 112 29 avec
1925 1764 153 34 toutes
2104 1770 73 28 ses
2196 1756 190 42 beautés

396 1819 46 33 et
458 1819 157 33 toutes
639 1826 73 28 ses
738 1812 170 52 fautes,
937 1823 44 32 et
1004 1815 109 40 telle
1140 1816 170 53 qu'elle
1336 1817 128 42 vivra
1490 1818 115 41 dans
1624 1817 215 44 l'avenir.

1762 1881 407 42 Paul
2169 1881 1 42 Grosfils.

521 2211 374 51 COURRIER
928 2213 99 49 DE
1050 2213 457 51 STUTTGART

448 2343 37 42 Il
505 2359 30 40 y
559 2359 25 28 a
616 2345 81 42 des
720 2360 264 41 personnes
1032 2348 298 56 singulières.
1358 2350 74 41 On
1471 2350 115 42 écrit
1610 2350 249 56 beaucoup
1879 2351 23 41 à
1928 2351 93 40 Mlle
2045 2350 226 56 Wiborg;
2297 2352 25 41 à
2346 2351 41 41 la

392 2404 120 44 suite
547 2407 56 41 de
630 2422 112 27 mon
769 2409 160 41 article
956 2410 62 41 du
1048 2422 59 29 ler
1131 2412 274 50 novembre,
1433 2425 62 28 on
1528 2412 246 42 m'honore
1801 2412 128 43 aussi
1956 2414 57 41 de
2047 2412 234 53 missives,
2309 2413 77 55 qui

392 2481 58 29 ne
477 2477 108 33 sont
605 2469 232 43 vraiment
870 2484 83 42 pas
979 2471 346 44 raisonnables.
1342 2474 90 42 Ces
1453 2488 321 42 personnages
1801 2484 247 33 menacent
2078 2477 43 40 la
2137 2476 250 42 cantatrice

390 2529 203 57 Wiborg
618 2531 56 42 de
715 2531 102 42 leur
854 2532 139 43 haine
1012 2552 10 32 ;
1047 2543 44 32 et
1115 2534 56 41 ils
1211 2536 265 54 rappellent
1508 2537 306 50 eux-mêmes,
1858 2551 58 27 au
1939 2538 197 52 théâtre,
2164 2538 101 41 huit
2299 2538 87 42 fois

392 2592 100 41 MU®
512 2593 203 55 Wiborg
739 2594 133 54 (dans
916 2595 45 41 la
995 2596 269 56 Walkyrie)
1305 2606 44 33 et
1381 2599 264 42 seulement
1685 2599 114 42 trois
1827 2599 93 42 fois
1947 2600 47 41 M
2000 2603 42 24 LLE
2067 2601 138 41 Anna
2233 2601 154 41 Sutter

392 2654 133 54 (dans
548 2655 239 55 Carmen).
818 2658 96 40 Mlle
937 2657 128 42 Elisa
1084 2659 199 56 Wiborg
1307 2674 25 27 a
1350 2661 123 41 donc
1506 2675 64 27 un
1596 2662 148 55 grand
1763 2670 225 48 avantage
2005 2676 79 28 sur
2100 2663 97 41 Mlle
2216 2663 168 42 Sutter.

394 2715 217 51 Ensuite,
634 2730 61 27 on
742 2731 73 28 me
862 2719 229 54 reproche
1119 2734 51 29 ce
1194 2721 99 43 fait.
1323 2721 126 43 C'est
1474 2723 198 42 bizarre.
1721 2724 89 41 Les
1857 2738 133 42 gens,
2017 2733 44 33 et
2093 2733 186 34 surtout
2320 2724 64 42 les

391 2777 166 57 jeunes
583 2792 133 42 gens,
742 2794 57 26 ne
844 2790 161 34 savent
1029 2796 83 41 pas
1139 2797 52 28 ce
1232 2784 138 54 qu'ils
1396 2785 206 42 veulent.
1638 2787 59 40 Et
1730 2786 111 53 moi,
1869 2786 216 57 critique,
2130 2789 41 54 je
2196 2787 70 42 dis
2299 2800 87 43 que

389 2839 68 42 les
485 2841 124 40 deux
634 2841 294 52 cantatrices,
939 2868 53 6 —
1014 2845 218 55 exquises
1259 2855 156 33 toutes
1443 2848 137 54 deux,
1678 2848 226 43 chantent
1924 2850 93 41 très
2040 2850 128 53 bien,
2272 2849 113 42 mais

391 2902 101 41 MUe
516 2902 200 57 Wiborg
740 2914 69 32 est
825 2905 106 55 plus
957 2907 223 42 admirée.
1200 2910 90 40 Car
1314 2909 118 42 neuf
1447 2911 185 55 rappels
1657 2919 108 33 sont
1787 2911 106 55 plus
1916 2926 91 41 que
2030 2912 131 42 trois.
2192 2913 63 41 Ce
2274 2912 113 42 n'est

392 2964 124 42 donc
540 2980 82 40 pas
650 2980 73 27 ma
749 2966 142 44 faute.
917 2969 53 41 Je
1004 2983 58 28 ne
1086 2984 125 41 peux
1238 2985 270 41 provoquer
1532 2973 66 41 les
1626 2973 480 55 applaudissements,
2132 2989 139 41 parce
2297 2987 87 43 que

390 3027 42 54 je
453 3027 96 41 suis
575 3027 221 56 critique.
822 3031 59 40 Et
905 3044 173 29 encore
1101 3035 6 38 !
1132 3033 92 52 Qui
1250 3034 120 42 sait?
1392 3036 58 40 Et
1469 3034 66 42 les
1562 3034 241 56 critiques,
1829 3036 151 42 même
2003 3038 143 41 celles
2171 3039 62 40 du
2259 3051 100 28 sous-

392 3087 70 43 off
463 3122 8 20 3
490 3091 132 40 n'ont
644 3090 163 54 jamais
831 3095 208 52 protesté
1062 3103 161 34 contre
1245 3096 43 41 la
1305 3097 254 41 cantatrice
1584 3097 215 55 Wiborg.

449 3151 90 41 Car
560 3152 44 40 la
628 3152 198 55 critique
853 3154 293 57 dramatique
1182 3171 57 28 ne
1284 3160 237 54 s'occupe,
1547 3159 367 55 généralement,
1942 3176 91 41 que
2056 3163 57 41 de
2140 3176 51 27 ce
2219 3161 163 57 qu'elle

390 3212 99 43 voit
514 3222 43 33 et
575 3216 173 41 entend
771 3229 78 28 sur
861 3216 43 42 la
930 3217 157 55 scène,
1105 3228 44 32 et
1171 3233 96 28 non
1285 3235 83 41 pas
1393 3222 55 40 de
1465 3221 148 41 bruits
1636 3222 56 42 de
1720 3223 232 42 coulisses
1979 3224 110 42 bien
2115 3225 267 42 incertains.

396 3275 129 42 Ceux
550 3276 80 53 qui
667 3278 284 41 n'admirent
973 3293 84 41 pas
1097 3281 99 41 MUe
1222 3283 200 56 Wiborg
1447 3284 241 41 devraient
1713 3285 41 40 le
1779 3285 66 40 lui
1887 3286 99 42 dire
2012 3295 44 33 et
2083 3300 97 28 non
2205 3301 83 41 pas
2317 3285 64 42 lui

395 3351 203 42 envoyer
625 3340 80 40 des
733 3340 159 42 lettres
912 3354 262 43 anonymes
1201 3354 44 32 et
1268 3355 318 44 menaçantes.
1615 3347 89 41 Ces
1721 3347 178 54 gens-là
1925 3358 259 45 manquent
2207 3364 64 27 un
2294 3361 90 44 peu

393 3400 58 42 de
479 3413 203 42 courage
718 3410 45 33 et
787 3402 56 41 de
870 3404 199 42 culture.
1097 3406 36 40 Il
1157 3422 28 40 y
1212 3420 57 28 en
1310 3422 25 26 a
1361 3408 54 42 de
1463 3408 44 42 la
1533 3422 23 28 «
1582 3410 155 41 Haute
1763 3422 38 29 ».
1833 3411 74 40 On
1950 3425 58 27 ne
2035 3420 112 46 peut
2190 3425 89 42 que
2315 3413 63 40 les

394 3461 193 44 blâmer.
616 3463 112 41 Ceci
754 3465 260 56 s'applique
1040 3469 128 40 aussi
1196 3469 22 41 à
1258 3483 77 28 ces
1367 3471 163 54 jeunes
1577 3485 114 41 gens
1733 3472 80 55 qui
1840 3482 83 32 ont
1969 3487 56 27 eu
2052 3475 81 41 des
2168 3474 134 42 accès
2327 3474 54 41 de

392 3523 113 42 folie
533 3537 57 29 en
618 3524 141 43 lisant
792 3540 112 28 mon
930 3528 188 43 dernier
1144 3530 175 44 article.
1361 3533 51 41 Je
1439 3546 58 28 ne
1529 3546 121 30 veux
1674 3547 84 41 pas
1791 3535 238 42 examiner
2071 3537 41 40 la
2139 3546 164 33 nature
2329 3537 53 41 de

393 3586 101 41 leur
516 3587 128 54 folie,
670 3589 134 54 mais,
833 3603 57 28 en
914 3599 104 34 tout
1055 3606 94 37 cas,
1175 3593 56 43 ils
1259 3608 47 28 se
1330 3604 108 33 sont
1459 3596 111 42 bien
1603 3598 289 54 compromis
1919 3612 58 28 en
2000 3609 196 46 croyant
2221 3613 90 42 que
2341 3599 40 40 le

395 3648 235 44 directeur
655 3652 82 41 des
771 3652 204 43 théâtres
1012 3667 196 43 royaux,
1247 3657 65 43 M.
1341 3657 43 42 le
1418 3658 147 42 baron
1590 3659 189 53 Putlitz,
1807 3661 217 43 voudrait
2044 3662 264 55 supprimer
2342 3661 40 42 la

445 3796 51 49 (1)
515 3800 54 36 Le
588 3801 125 36 Guide
735 3803 179 45 musical,
949 3805 158 37 iôavril
1140 3817 115 37 1905,
1279 3814 42 28 n°
1347 3808 63 37 16.
