2497 4163
672 976 365 84 REVUE
1106 976 135 82 DE
1307 979 129 79 LA
1502 976 653 98 QUINZAINE

525 1375 134 48 LES
687 1375 396 51 CONCERTS

441 1514 168 33 Concerts
645 1514 173 33 Colonne.
906 1514 170 33 Concerts
1126 1512 223 33 Chevillard.
1372 1512 11 7 *
1386 1530 39 5 —
1457 1511 88 33 Mlle
1589 1510 184 33 Elisabeth
1809 1509 150 33 Delhez.
1982 1529 5 4 •
2007 1528 17 5 -
2048 1509 139 34 Soirées
2215 1510 115 33 d'Art.

398 1563 138 34 Société
559 1562 299 42 Philarmonique.
941 1561 144 33 Société
1117 1561 107 33 Bach.

454 1641 125 42 C'est
602 1642 23 41 à
648 1643 64 40 M.
743 1640 224 43 Perilhou
984 1639 221 56 qu'échut
1230 1639 40 41 le
1296 1637 232 57 périlleux
1554 1637 199 55 (pardon
1775 1637 30 51 !)
1829 1636 219 42 honneur
2072 1638 56 40 de
2154 1638 211 55 représen-

395 1711 86 43 ter,
508 1718 58 27 au
612 1710 194 35 concert
832 1702 217 41 Colonne
1093 1702 62 41 du
1208 1715 48 27 12
1303 1700 273 51 novembre,
1618 1700 44 41 la
1693 1700 140 54 jeune
1879 1699 129 42 école
2051 1698 251 56 française.
2332 1701 60 41 Sa

395 1766 194 42 Ballade
632 1779 122 42 pour
798 1765 163 53 harpe,
1002 1763 112 42 flûte
1149 1773 43 31 et
1218 1763 239 41 orchestre
1484 1771 70 32 est
1586 1761 224 50 honnête,
1849 1761 116 42 niais
2013 1762 88 41 elle
2127 1771 69 33 est
2218 1776 175 41 pauvre

397 1827 126 42 aussi
553 1841 9 29 :
589 1827 67 42 les
677 1828 37 41 si
738 1826 109 57 jolis
868 1826 310 41 instruments
1205 1839 57 27 ne
1290 1835 107 31 sont
1420 1823 140 56 guère
1587 1823 87 41 mis
1696 1837 57 28 en
1773 1823 160 41 valeur
1950 1837 84 40 par
2057 1837 93 27 une
2177 1823 216 56 musique

394 1888 138 56 grise,
573 1898 150 43 terne,
752 1888 268 56 appliquée,
1068 1887 80 54 qui
1175 1895 105 33 sent
1325 1886 43 41 le
1398 1885 163 43 devoir
1608 1884 194 43 d'école.
1838 1887 37 38 À
1919 1898 51 28 ce
1997 1885 152 42 même
2184 1895 207 42 concert,

395 1952 64 40 M.
486 1949 188 43 Diémer
718 1949 156 43 faisait
900 1949 247 55 applaudir
1187 1949 40 41 le
1258 1948 224 42 Concerto
1524 1961 58 28 en
1605 1948 71 41 sol
1700 1949 56 40 de
1792 1947 290 54 Beethoven,
2125 1957 43 32 et
2207 1949 64 41 M.
2307 1950 84 41 Jan

397 2013 152 42 Reder
574 2012 209 42 chantait
815 2011 396 43 admirablement
1230 2011 66 41 les
1321 2011 70 40 six
1420 2011 175 41 Chants
1618 2010 240 57 religieux
1880 2011 62 41 du
1968 2010 165 48 même,
2159 2020 208 33 correcte-

395 2084 130 32 ment
550 2075 266 41 orchestrés
834 2088 83 42 par
943 2073 209 43 Rabaud.

454 2137 148 41 Foule
625 2137 182 54 épaisse
827 2151 57 27 au
905 2144 191 34 concert
1117 2134 284 53 Chevillard,
1424 2134 160 42 attirée
1601 2148 83 41 par
1701 2148 64 27 un
1786 2149 299 41 programme
2106 2137 62 40 où
2190 2134 202 57 figurent

394 2200 24 40 à
445 2199 43 42 la
517 2199 93 41 fois
658 2199 292 51 Schumann,
994 2198 143 41 César
1187 2196 199 53 Franck,
1430 2197 192 50 Weber,
1668 2196 199 52 Berlioz,
1918 2196 472 56 Rimsky-Korsakof,

392 2264 209 53 Wagner
625 2270 44 33 et
693 2262 65 42 M.
798 2260 435 43 Lefèvre-Derodé,
1263 2260 63 41 Le
1355 2258 148 42 Soleil
1526 2259 223 41 couchant
1774 2260 55 40 de
1857 2273 51 27 ce
1942 2259 186 41 dernier
2151 2269 166 32 auteur

392 2324 44 41 la
463 2324 266 41 nouveauté
756 2323 62 42 du
844 2333 193 32 concert
1134 2332 69 31 est
1238 2321 175 56 inspiré
1432 2335 82 40 par
1538 2335 65 27 un
1628 2319 91 42 fort
1745 2321 122 40 beau
1893 2330 171 33 sonnet
2088 2321 56 42 de
2166 2322 223 49 Hérédia,

395 2399 88 41 que
505 2385 44 41 la
574 2385 218 55 musique
818 2385 129 41 imite
975 2398 107 27 sans
1109 2384 202 55 l'égaler.
1338 2384 124 40 C'est
1488 2384 55 40 de
1571 2384 158 40 bonne
1748 2383 217 55 musique
1989 2385 281 54 cependant,
2297 2383 92 43 très

393 2457 313 45 congrument
753 2446 297 55 descriptive,
1079 2455 43 32 et
1168 2446 75 54 j'ai
1269 2446 139 54 goûté
1436 2458 76 28 ces
1537 2444 307 55 palpitations
1868 2447 62 39 du
1957 2455 202 45 quatuor
2200 2460 79 28 sur
2303 2446 66 42 les-

394 2509 178 56 quelles
600 2509 222 42 chantent
843 2509 41 41 le
910 2522 80 28 cor
1014 2508 177 55 anglais
1219 2509 62 40 du
1301 2510 147 51 pâtre,
1475 2507 106 55 puis
1604 2507 239 56 VAngélus
1866 2509 149 40 sonné
2034 2509 165 54 parles
2224 2509 166 54 harpes

394 2581 43 32 et
469 2572 66 41 les
568 2571 137 42 flûtes
731 2585 9 38 ;
790 2572 42 40 la
857 2570 281 42 conclusion
1190 2572 87 39 m'a
1308 2584 133 41 paru,
1491 2583 58 28 en
1590 2570 247 52 revanche,
1888 2572 184 40 donner
2124 2585 93 28 une
2262 2585 130 28 assez

392 2647 176 41 pauvre
590 2634 105 42 idée
723 2633 80 41 des
831 2632 279 56 splendeurs
1135 2634 62 40 du
1222 2632 252 50 couchant,
1500 2631 62 41 où

672 2768 45 10 ...
743 2735 67 41 Le
827 2735 135 41 soleil
988 2744 228 40 mourant,
1238 2749 82 27 sur
1346 2749 56 27 un
1429 2735 89 42 ciel
1540 2735 127 42 riche
1691 2744 44 33 et
1756 2737 200 54 sombre,

667 2798 172 40 Ferme
863 2797 63 42 les
952 2798 220 40 branches
1196 2798 96 40 d'or
1312 2798 52 41 de
1388 2811 81 28 son
1502 2812 144 43 rouge
1672 2797 219 44 éventail.

449 2926 63 41 Le
539 2933 191 33 concert
755 2925 263 41 continuait
1049 2939 83 41 par
1156 2925 27 41 Y
1190 2927 254 41 Ouverture
1470 2926 62 41 du
1557 2926 248 42 Freischût
1889 2927 107 55 joué
2024 2940 57 28 en
2104 2941 50 28 ce
2181 2935 211 35 moment

390 2987 24 40 à
435 2987 191 55 l'Opéra
649 3001 93 28 une
761 3001 62 28 ou
849 2987 122 42 deux
1009 2987 90 42 fois
1124 3002 85 41 par
1248 2988 227 43 semaine.
1519 2989 124 40 C'est
1688 2989 42 40 là
1756 3002 93 28 une
1888 2989 198 42 délicate
2114 2990 230 41 attention
2368 2991 24 40 à

389 3049 223 41 l'adresse
646 3050 55 40 de
729 3050 65 42 M.
820 3048 214 43 Taffanel
1056 3059 42 32 et
1121 3064 122 41 pour
1265 3064 138 39 nous,
1432 3049 242 55 critiques,
1700 3064 94 28 une
1816 3051 251 42 invitation
2093 3066 58 27 au
2170 3052 220 55 parallèle

391 3125 89 42 que
506 3125 120 27 nous
660 3125 58 28 ne
736 3125 219 41 pouvons
983 3112 298 42 décemment
1298 3112 197 42 refuser.
1539 3113 51 41 Je
1615 3113 118 40 dirai
1766 3113 303 55 simplement
2101 3128 90 42 que
2217 3114 153 42 l'intro-

390 3173 195 42 duction
611 3174 56 40 de
693 3174 27 39 Y
728 3173 257 42 Ouverture
1005 3188 24 27 a
1055 3174 69 41 été
1146 3174 106 55 plus
1279 3175 142 50 lente,
1446 3175 106 54 plus
1579 3174 263 43 solennelle
1864 3184 45 33 et
1949 3177 310 55 mystérieuse
2287 3177 102 54 qu'à

388 3236 204 54 l'Opéra,
621 3235 118 42 mais
766 3249 90 41 que
882 3236 42 40 le
948 3236 107 41 trait
1082 3236 81 42 des
1189 3237 206 41 violons,
1420 3238 23 40 à
1465 3237 44 41 la
1527 3236 299 56 péroraison,
1853 3252 24 28 a
1895 3240 204 54 manqué
2125 3254 65 27 un
2215 3254 94 40 peu
2335 3240 55 44 de

387 3298 201 55 fougue;
614 3307 44 32 et
678 3306 186 33 surtout
898 3297 42 42 le
968 3313 84 26 son
1086 3298 110 42 était
1220 3308 105 46 trop
1359 3299 159 42 écrasé
1558 3313 84 40 par
1667 3298 43 42 la
1731 3300 220 54 pression
1976 3302 82 40 des
2100 3302 201 42 archets.
2329 3304 61 38 Le

394 3360 246 55 Capriccio
671 3360 224 57 espagnol
920 3361 55 40 de
1001 3360 470 56 Rimsky-Korsakof,
1498 3361 301 54 redemandé,
1821 3376 25 28 a
1871 3363 70 41 été
1970 3373 195 33 couvert
2190 3364 175 42 d'accla-

388 3422 221 53 mations,
637 3431 45 33 et
702 3423 41 53 je
766 3422 104 42 dois
898 3436 174 29 avouer
1097 3424 216 54 qu'après
1340 3433 73 32 cet
1445 3422 375 44 éblouissement
1860 3425 172 42 Roméo
2058 3435 44 33 et
2120 3427 191 42 Juliette
2337 3427 52 41 de

392 3484 184 41 Berlioz
595 3484 89 41 m'a
703 3499 118 40 paru
844 3484 146 43 fruste
1025 3494 44 33 et
1087 3499 79 38 nu,
1194 3486 174 53 malgré
1409 3485 67 42 les
1502 3484 160 43 efforts
1685 3487 55 41 de
1768 3486 231 42 mélodies
2044 3489 294 54 empressées
2365 3489 23 40 à

389 3545 209 55 signifier
630 3546 216 54 l'amour,
874 3547 43 41 la
942 3547 93 56 joie
1077 3561 62 28 ou
1164 3548 41 41 le
1250 3548 247 55 désespoir
1522 3565 9 26 :
1573 3548 101 41 cela
1698 3562 206 42 manque
1948 3549 56 42 de
2029 3549 209 43 richesse
2265 3559 44 34 et
2333 3551 54 41 de

388 3608 211 51 couleur,
628 3622 61 28 ou
710 3609 155 54 plutôt
889 3609 100 42 cela
1012 3624 204 40 manque
1258 3611 56 41 de
1342 3610 218 56 musique
1585 3624 10 37 ;
1622 3610 198 43 l'oreille
1847 3612 121 41 n'est
1990 3612 223 43 charmée
2239 3614 47 40 ni
2309 3626 81 42 par

389 3669 66 41 les
481 3671 288 53 harmonies,
803 3671 48 42 ni
881 3685 85 42 par
990 3671 66 42 les
1084 3671 132 43 effets
1251 3673 56 40 de
1332 3672 171 43 timbre
1525 3686 8 38 ;
1575 3672 33 41 il
1631 3687 29 41 y
1691 3686 25 29 a
1742 3674 83 41 des
1863 3674 213 54 lacunes,
2119 3676 81 41 des
2233 3688 154 36 creux,

387 3731 104 53 puis
526 3733 80 41 des
648 3733 162 42 heurts
857 3734 329 55 désagréables
1210 3748 10 39 ;
1269 3749 93 28 une
1397 3734 251 56 gaucherie
1695 3737 277 52 touchante,
2013 3737 120 42 mais
2180 3737 209 56 pénible.

394 3791 210 44 L'œuvre
651 3795 56 40 de
754 3795 466 56 Rimsky-Korsakof
1258 3811 58 27 au
1352 3796 252 51 contraire,
1645 3810 186 31 comme
1878 3813 206 41 presque
2125 3808 156 34 toutes
2322 3799 66 41 les
