2497 4163
400 212 86 46 592

1105 221 58 29 LE
1199 221 240 32 MERCURE
1472 222 220 31 MUSICAL

399 432 44 34 et
462 425 207 55 Wagner
691 432 191 47 partent
904 425 112 42 d'un
1042 427 155 41 même
1218 428 123 42 culte
1365 442 124 40 pour
1509 428 169 54 Gluck,
1706 439 44 33 et
1781 432 297 44 aboutissent
2110 434 25 42 à
2158 435 81 42 des
2266 451 84 30 con-

394 485 209 42 clusions
645 482 290 47 différentes.
965 487 91 42 Ces
1096 487 127 42 deux
1255 489 216 43 hommes
1510 491 99 55 qui,
1649 491 106 43 faits
1782 507 123 41 pour
1941 494 282 52 s'entendre,
2251 512 53 29 ne
2331 515 45 30 se

395 546 288 55 comprirent
705 547 182 55 jamais,
920 548 177 44 étalent
1128 550 452 47 involontairement
1600 555 117 44 dans
1743 556 128 43 leurs
1904 556 307 58 divergences
2237 561 120 57 d'opi-

394 607 141 42 nions
559 608 42 41 le
625 608 208 56 profond
868 609 261 45 désaccord
1161 613 58 41 de
1245 612 103 43 leur
1387 614 359 56 tempérament.
1781 618 186 43 Berlioz
1993 621 184 42 adorait
2209 622 165 47 Gluck.

396 668 39 43 Il
457 670 160 54 voyait
638 683 58 29 en
718 672 64 42 lui
804 672 42 43 le
880 674 283 54 précurseur
1186 675 57 42 de
1277 684 120 35 cette
1420 678 221 56 musique
1668 681 56 41 de
1749 682 175 42 Weber
1947 691 45 34 et
2025 683 223 56 Spontini
2268 688 108 53 qu'il

396 730 160 43 aimait
578 740 46 35 et
647 747 57 29 ne
725 734 66 42 lui
814 735 264 56 ménageait
1100 750 84 42 pas
1208 738 69 42 les
1301 739 247 57 louanges.
1578 741 212 44 Richard
1814 744 222 56 Wagner,
2063 747 57 41 de
2146 761 87 27 son
2259 749 117 53 côté,

395 792 161 43 aimait
598 795 169 53 Gluck,
800 796 42 43 le
885 799 268 56 respectait,
1188 800 116 43 mais
1348 815 58 29 ne
1443 801 66 43 lui
1548 805 346 43 reconnaissait
1925 820 93 42 que
2063 808 82 43 des
2179 810 196 53 qualités

394 853 293 46 strictement
720 858 271 47 musicales.
1019 860 73 42 On
1119 875 25 28 a
1176 861 67 43 dit
1279 875 91 43 que
1405 863 44 44 la
1473 865 186 54 préface
1696 867 227 43 d'Alceste
1960 867 112 45 était
2096 871 43 42 le
2163 871 135 55 point
2322 874 54 43 de

395 915 163 58 départ
578 919 56 42 de
659 919 45 42 la
723 919 203 45 réforme
960 923 56 41 de
1048 923 255 55 Bayreuth,
1331 935 43 33 et
1395 927 166 55 appelé
1603 928 155 43 Gluck
1779 928 44 43 le
1847 929 252 45 fondateur
2129 933 62 42 du
2216 933 158 45 drame

395 979 216 43 musical.
636 982 91 41 Les
762 993 344 46 engouements
1129 987 294 54 wagnériens
1449 997 84 34 ont
1556 990 159 42 donné
1750 990 120 44 libre
1895 1007 141 29 cours
2066 994 26 42 à
2127 1003 119 34 cette
2281 995 74 58 opi-

390 1041 116 42 nion
528 1044 195 42 erronée
743 1058 10 39 ;
780 1045 129 43 aussi
934 1046 57 43 de
1016 1060 120 28 ceux
1157 1048 80 55 qui
1259 1049 311 46 acclamaient
1590 1051 102 44 hier
1928 1055 25 42 à
1972 1055 191 57 l'Opéra
2181 1070 62 30 ou
2270 1058 103 44 bien

389 1105 25 43 à
438 1105 46 42 la
515 1106 242 52 Monnaie,
784 1109 222 43 combien
1040 1110 409 56 applaudissaient
1477 1128 85 41 par
1599 1116 244 43 snobisme
1877 1131 65 28 un
1975 1120 208 55 supposé
2218 1121 153 43 drame

390 1167 199 42 musical
633 1168 24 42 à
682 1169 43 41 la
758 1168 141 56 façon
926 1171 57 43 de
1016 1172 189 43 Tristan
1227 1173 9 42 !
1265 1173 69 42 Or
1372 1175 117 43 dans
1514 1189 75 30 ses
1616 1178 261 42 Gesamelte
1896 1181 258 58 Schriften,
2193 1196 91 42 que
2322 1197 51 30 ce

391 1228 96 43 soit
511 1229 25 41 à
559 1243 178 43 propos
763 1233 30 41 d
1233 1233 264 57 Iphigénie,
1101 1236 56 41 de
1193 1236 301 53 l'ouverture,
1527 1252 62 29 ou
1617 1239 140 44 d'une
1778 1241 169 55 simple
1967 1242 270 44 discussion
2262 1246 91 43 d'es-

389 1290 230 56 thétique,
644 1293 203 44 Richard
868 1295 209 56 Wagner
1100 1309 58 29 ne
1180 1310 204 44 manque
1411 1312 186 31 aucune
1622 1302 223 43 occasion
1878 1303 58 43 de
1959 1304 114 55 jeter
2098 1304 45 43 la
2172 1305 152 56 pierre
2348 1308 23 42 à

391 1365 89 31 son
503 1354 117 44 rival
645 1356 80 56 (i).
752 1357 90 42 Ces
866 1371 242 44 passages,
1142 1361 466 46 malheureusement
1626 1366 175 55 perdus
1825 1380 60 30 au
1917 1368 163 43 milieu
2113 1369 63 43 du
2195 1369 178 44 fouillis

391 1416 259 43 exubérant
675 1408 57 52 de
753 1420 79 42 dix
851 1420 138 57 longs
1012 1421 234 55 volumes,
1273 1425 219 43 méritent
1524 1440 95 29 une
1658 1427 140 43 étude
1825 1430 205 54 spéciale
2061 1431 107 56 plus
2202 1445 145 43 appro-

391 1476 181 45 fondie.
606 1479 63 42 Ils
705 1481 277 44 établissent
1026 1492 262 36 nettement
1324 1487 44 41 la
1401 1487 279 44 distinction
1717 1491 113 54 qn'il
1857 1506 29 41 y
1917 1506 25 28 a
1980 1502 131 33 entre
2141 1493 42 44 le
2216 1495 158 43 drame

390 1539 198 43 musical
631 1543 351 57 symphonique
1003 1553 46 34 et
1072 1545 43 44 la
1155 1547 212 56 tragédie
1400 1549 197 45 chantée
1623 1564 112 31 avec
1774 1564 454 46 accompagnement
2251 1557 100 42 d'or-

393 1601 200 52 chestre,
617 1604 112 42 telle
756 1619 90 42 que
865 1606 44 42 la
927 1608 168 43 realise
1118 1608 38 43 si
1183 1610 369 55 complètement
1574 1613 167 52 Gluck,
1769 1615 116 43 dans
1908 1629 73 29 ses
2004 1618 239 42 dernières
2266 1632 78 43 pro-

393 1662 237 46 ductions.
668 1666 212 57 Wagner
920 1669 83 43 fait
1024 1670 58 42 de
1119 1670 46 43 la
1195 1672 219 55 musique
1444 1688 65 28 un
1534 1684 69 33 art
1644 1675 111 56 qu'il
1787 1679 217 53 présente
2044 1680 204 56 adéquat
2282 1681 26 41 à
2332 1680 44 43 la

390 1727 164 55 parole
581 1736 44 33 et
649 1741 90 29 aux
763 1730 352 45 circonstances
1138 1733 62 42 du
1231 1735 176 44 drame.
1437 1737 168 52 Gluck,
1646 1738 366 53 différemment,
2037 1742 104 42 unit
2168 1742 45 42 la
2237 1744 116 40 musi-

395 1799 92 44 que
511 1788 26 41 à
554 1789 44 41 la
616 1791 182 54 parole,
823 1791 66 43 lui
911 1793 308 43 subordonne
1251 1796 43 41 le
1321 1797 176 52 drame,
1523 1807 44 33 et
1600 1798 85 43 fait
1711 1813 52 30 ce
1788 1801 144 54 qu'on
1962 1812 113 45 peut
2101 1803 192 56 appeler
2319 1804 59 41 de

391 1849 46 42 la
457 1850 220 56 musique
699 1853 312 57 dramatique,
1038 1869 51 29 ce
1110 1857 81 54 qui
1216 1858 120 42 n'est
1354 1872 84 42 pas
1464 1860 63 42 du
1548 1869 106 35 tout
1669 1862 44 42 la
1730 1863 152 43 même
1908 1864 160 43 chose.
2096 1865 125 44 C'est
2242 1868 134 42 d'une

391 1912 334 55 comparaison
749 1914 252 44 raisonnée
1028 1916 81 43 des
1142 1918 123 41 deux
1283 1919 161 56 points
1468 1921 57 42 de
1548 1935 89 29 vue
1673 1923 226 57 critiques
1933 1930 56 38 de
2023 1926 184 44 Berlioz
2247 1938 44 33 et
2320 1930 59 42 de

394 1972 214 57 Wagner
636 1976 173 56 qu'une
833 1977 108 55 plus
979 1978 122 54 juste
1127 1981 402 56 compréhension
1572 1985 56 42 de
1655 1985 194 44 l'œuvre
1887 1987 117 44 dont
2040 2003 120 29 nous
2186 1990 194 56 parlons

395 2045 113 46 peut
532 2037 239 46 s'obtenir.
808 2041 52 42 Je
899 2041 45 42 la
967 2046 335 40 recommande
1335 2045 237 44 vivement
1595 2061 92 29 aux
1710 2048 254 45 intéressés
1993 2051 57 42 de
2073 2052 43 42 la
2141 2053 234 55 question.

451 2097 37 41 Il
512 2108 122 34 reste
659 2113 173 31 encore
850 2102 25 42 à
896 2103 303 44 mentionner
1222 2105 42 42 le
1288 2108 330 56 remarquable
1638 2111 167 43 travail
1830 2125 90 41 que
1937 2113 61 42 M.
2018 2113 55 42 G.
2098 2114 251 44 Desnoires-

398 2165 148 37 terres
568 2174 25 29 a
611 2163 163 54 publié
799 2164 171 54 quinze
996 2179 84 28 ans
1103 2166 107 55 plus
1233 2169 104 42 tard
1364 2183 79 28 sur
1478 2170 152 43 Gluck
1652 2182 45 31 et
1722 2173 201 42 Piccini.
1966 2174 126 42 C'est
2113 2189 94 29 une
2242 2177 138 41 étude

399 2221 96 56 qui,
520 2222 38 42 si
583 2224 88 43 elle
692 2225 120 43 n'est
846 2240 85 42 pas
977 2227 247 56 musicale,
1249 2230 278 44 n'intéresse
1569 2246 85 44 pas
1679 2235 155 42 moins
1872 2235 227 44 l'histoire
2124 2238 57 41 de
2211 2239 45 42 la
2280 2254 66 28 mu-

398 2285 136 55 sique
559 2300 58 29 au
642 2301 130 29 xvnie
805 2287 158 46 siècle.
991 2291 125 42 C'est
1139 2292 44 42 le
1205 2292 191 43 volume
1421 2293 82 58 qui
1522 2305 191 34 raconte
1739 2297 42 42 le
1802 2299 106 53 plus
1934 2300 389 44 délicieusement
2334 2302 45 41 la

400 2348 210 55 querelle
633 2358 128 34 entre
786 2351 276 55 piccinistes
1108 2362 45 33 et
1190 2353 274 57 gluckistes,
1500 2371 112 29 avec
1652 2372 74 29 ses
1764 2359 167 44 détails
1974 2363 339 56 anecdotiques
2334 2373 47 33 et

403 2419 256 34 amusants.
683 2413 65 40 Le
775 2412 235 44 caractère
1048 2414 166 43 frivole
1241 2426 46 33 et
1311 2418 325 44 enthousiaste
1659 2422 62 40 du
1751 2429 153 50 temps
1946 2438 30 41 y
2013 2433 70 33 est
2107 2426 271 43 clairement

398 2472 130 54 posé,
553 2481 44 35 et
615 2472 42 44 le
680 2474 336 44 dilettantisme
1042 2476 80 56 qui
1160 2476 156 45 faisait
1357 2479 255 58 s'insurger
1633 2495 94 30 une
1762 2484 161 43 moitié
1960 2485 56 43 de
2051 2488 131 42 Paris
2216 2498 160 33 contre

393 2532 181 54 l'autre,
602 2535 26 42 à
650 2549 177 43 propos
852 2537 111 42 d'un
998 2537 207 43 récitatif
1227 2554 62 28 ou
1324 2541 138 42 d'une
1484 2542 180 54 ariette,
1705 2546 179 42 semble
1922 2556 105 33 tout
2056 2550 184 42 naturel
2261 2551 118 42 dans

394 2607 52 29 ce
489 2594 163 44 milieu
700 2597 128 56 léger
859 2612 90 43 que
989 2599 67 42 M.
1090 2601 409 44 Desnoiresterres
1525 2615 265 34 contourne
1816 2621 111 29 avec
1952 2610 212 54 joliesse.
2210 2612 51 42 Je
2286 2612 90 42 cite

398 2668 171 32 encore
593 2658 42 42 le
659 2659 190 43 volume
875 2660 161 44 concis
1062 2674 91 44 que
1189 2663 66 43 M.
1292 2664 279 45 Barbedette
1599 2681 25 28 a
1647 2668 124 43 édité
1793 2683 80 28 sur

396 2719 204 54 système
642 2730 43 32 et
724 2734 71 29 ses
833 2735 178 31 œuvres
1015 2756 11 17 ,
1063 2724 114 42 dans
1209 2725 45 43 la
1278 2726 254 44 collection
1567 2730 64 42 du
1671 2732 257 43 Ménestrel
1956 2747 58 28 en
2058 2734 128 51 1882,
2224 2744 44 33 et
2309 2749 64 28 un

400 2794 205 44 ouvrage
625 2784 177 56 anglais
814 2785 65 42 du
889 2784 216 44 meilleur
1119 2787 111 54 aloi,
1243 2789 150 43 Gluck
1409 2791 92 42 and
1510 2791 73 43 the
1600 2793 172 55 Opéra,
1792 2795 135 42 deM.
1947 2796 426 51 ErnestNewman,

396 2843 45 44 le
464 2845 117 50 seul,
606 2845 42 54 je
675 2845 137 53 crois,
851 2846 80 56 qui
955 2846 175 44 résoud
1162 2848 45 44 la
1242 2851 222 55 question
1500 2852 232 56 gluckiste
1759 2856 139 43 d'une
1923 2856 141 56 façon
2096 2859 275 57 historique,

399 2913 44 36 et
465 2920 117 41 pose
607 2907 42 43 le
680 2907 245 56 problème
950 2911 57 40 de
1045 2909 193 58 l'opéra,
1264 2913 115 43 dans
1428 2928 73 30 ses
1543 2916 210 56 milieux,
1797 2932 75 29 ses
1918 2921 269 43 ambiances
2213 2931 45 33 et
2287 2936 86 28 son

394 2968 203 56 époque.
633 2970 72 41 En
729 2984 65 28 un
817 2978 117 47 mot,
964 2972 208 57 quoique
1200 2975 111 42 bien
1349 2975 204 56 fournie,
1593 2979 44 42 la
1660 2979 201 57 critique
1886 2982 59 42 de
1976 2982 154 43 Gluck
2150 2984 120 42 n'est
2290 2998 83 42 pas

393 3030 250 56 complète.
681 3033 89 40 Les
796 3047 230 41 ouvrages
1053 3044 108 33 sont
1184 3045 105 49 trop
1313 3038 155 57 longs,
1510 3048 107 48 trop
1650 3041 364 58 systématiques
2041 3059 61 28 ou
2135 3045 111 43 bien
2267 3055 106 46 trop

394 3092 240 45 exclusifs.
676 3094 38 41 Il
757 3104 122 34 reste
917 3096 29 42 d
964 3095 192 46 ailleurs
1189 3107 131 36 toute
1344 3115 93 28 une
1475 3101 327 59 bibliothèque
1828 3106 57 41 de
1915 3106 216 45 volumes
2154 3109 219 56 spéciaux

394 3167 90 43 que
509 3156 42 54 je
573 3154 93 44 n'ai
687 3170 85 42 pas
796 3157 133 51 cités,
950 3157 94 43 afin
1070 3160 55 43 de
1150 3174 58 29 ne
1230 3176 83 42 pas
1341 3163 281 58 surcharger
1649 3175 120 33 cette
1791 3167 261 59 chronique
2070 3184 9 28 :
2101 3171 70 42 les

407 3229 83 31 sur
625 3218 43 43 la
762 3221 140 40 danse
1110 3229 43 33 et
1243 3221 65 41 les
1447 3222 180 52 ballets,
1118 3223 57 43 de
1203 3226 209 43 Noverre
1437 3227 172 56 (Lyon,
1641 3229 145 55 1760),

395 3278 57 44 de
476 3279 201 43 Planelli
691 3280 212 57 (Naples,
922 3284 149 55 1772),
1094 3284 157 43 l'essai
1273 3287 246 57 d'Artéaga
1542 3289 85 53 (Le
1953 3293 75 42 del
2068 3302 146 34 teatre
2239 3294 109 42 musi-

393 3342 99 42 cale
518 3342 206 55 (Venise,
763 3345 146 56 1785),
945 3346 80 56 qui
1048 3360 25 28 a
1097 3346 73 43 été
1198 3349 175 42 traduit
1398 3363 58 29 en
1490 3350 254 52 allemand,
1768 3363 46 33 et
1835 3355 68 42 les
1938 3356 217 44 volumes
2174 3358 107 56 plus
2305 3356 44 42 ré-

388 3412 132 33 cents
560 3405 56 42 de
658 3405 282 43 Reissmann
965 3424 11 26 :
1636 3407 250 60 Christoph
2200 3411 181 43 Williba
1875 3417 233 56 (Leipzig,
2143 3420 144 53 1882),
2315 3420 52 41 de

388 3467 222 56 Coquard
635 3481 80 29 sur
742 3468 42 43 la
808 3469 220 58 Musique
1036 3472 248 58 française
1311 3475 161 58 depuis
1484 3476 228 56 Rameau,
1736 3491 108 29 sans
1865 3480 186 43 oublier
2074 3481 42 42 le
2135 3482 93 42 fort
2252 3483 117 41 beau

381 3528 164 46 travail
592 3530 56 42 de
696 3530 194 58 Ludwig
921 3532 146 54 Nohl,
1847 3534 152 43 Gluck
2230 3537 93 42 und
1701 3541 232 55 (Munich,
1985 3542 146 55 1870).
2177 3544 119 42 Mais
2337 3542 32 42 il

421 3712 55 50 (1)
516 3715 104 38 Voir
659 3717 397 48 particulièrement
1797 3721 116 49 Oper
2115 3723 86 39 und
1908 3742 35 28 v.
1986 3731 74 45 111,
2098 3744 41 32 p.
2187 3732 177 44 237-40,

384 3765 153 49 (Dritt®
562 3770 196 48 auflage).
2051 3760 9 19 »
2097 3758 24 23 r
2242 3758 78 24 /t
2352 3759 13 18 »
