3627 4462
1894 197 0 0 38

365 289 137 52 Diese
543 287 284 68 ungeheure,
874 287 271 53 fieberhafte
1184 287 262 68 Thätigkeit
1489 284 147 52 seines
1668 284 123 52 schaf-

243 374 163 52 fenden
436 372 178 52 Geistes
660 372 143 52 brach
841 373 180 51 endlich
1060 381 138 44 unter
1239 373 82 50 der
1350 371 191 68 eigenen
1571 372 126 58 Last,
1747 369 71 52 die

242 458 63 50 sie
337 458 89 48 fort
455 456 94 50 und
581 457 91 49 fort
703 457 232 61 anhäufte,
966 475 278 33 zusammen.
1277 454 108 51 Sein
1415 454 283 51 überreizter
1726 456 61 49 Zu-

243 541 133 52 stand
417 541 96 51 und
554 541 81 51 der
680 542 140 52 damit
861 541 295 52 verbundene
1187 541 182 67 Aerger
1409 539 73 51 bei
1528 539 89 51 den
1648 541 171 51 letzten

242 625 185 52 Proben
459 644 82 31 zur
567 626 131 70 Oper
726 627 109 50 Don
859 625 239 50 Sebastian
1128 625 43 49 in
1194 625 128 49 Paris
1352 623 222 52 brachten
1606 625 213 68 plötzlich

239 710 102 50 eine
390 716 125 44 erste
559 710 371 66 Erschütterung
972 708 80 50 des
1107 708 577 70 Gehirnnerven-Systems
1714 710 78 49 her-

239 812 98 41 vor,
370 793 142 51 deren
534 792 293 67 Möglichkeit
850 792 155 50 früher
1025 792 118 51 auch
1160 792 124 51 nicht
1303 792 145 51 durch
1480 793 80 51 das
1587 793 232 68 geringste

244 880 244 67 Symptom
519 877 278 66 angedeutet
818 876 195 51 worden
1042 895 113 34 war.
1185 880 139 48 Zwar
1353 877 194 51 kehrten
1578 877 124 51 nicht
1731 895 88 32 nur

243 962 135 51 lichte
407 960 334 67 Augenblicke,
780 961 201 51 sondern
1011 962 117 50 auch
1166 980 144 50 ganze
1339 962 263 51 Zeiträume
1631 961 187 58 zurück,

242 1047 43 49 in
326 1046 146 50 denen
512 1061 51 33 er
604 1045 89 51 den
734 1045 152 51 vollen
917 1045 247 52 Gebrauch
1208 1049 149 48 seiner
1386 1045 432 52 Verstandeskräfte

240 1127 173 53 wieder
442 1127 46 51 in
516 1127 81 51 der
630 1127 181 53 Gewalt
840 1129 154 59 hatte;
1041 1130 110 50 aber
1180 1130 209 51 dennoch
1420 1146 155 34 waren
1606 1129 71 49 die
1707 1129 89 48 letz-

239 1221 80 42 ten
352 1211 101 52 fünf
477 1213 142 50 Jahre
649 1213 148 50 seines
826 1213 183 50 Lebens
1041 1214 99 49 eine
1170 1213 263 50 furchtbare
1461 1213 245 49 Kehrseite
1738 1211 80 51 des

246 1296 250 52 Geschicks
540 1296 125 51 eines
707 1298 208 58 Mannes,
962 1298 86 49 den
1095 1298 146 49 Glück
1270 1296 94 51 und
1394 1296 156 50 Ruhm
1579 1296 81 50 mit
1690 1295 128 50 ihren

242 1383 232 51 reichsten
505 1380 161 52 Gaben
695 1380 319 51 überschüttet
1042 1381 173 51 hatten.
1248 1381 128 50 Beim
1391 1380 427 67 Nachhausegehen

242 1483 81 34 aus
356 1467 123 49 einer
510 1465 82 51 der
620 1465 169 50 letzten
820 1464 184 51 Proben
1035 1484 59 31 zu
1122 1467 108 49 Don
1254 1464 256 61 Sebastian,
1542 1464 45 51 in
1616 1464 202 51 welcher

243 1553 80 47 der
355 1549 221 67 damalige
607 1548 216 52 Director
855 1548 81 51 der
977 1567 193 49 grossen
1201 1550 130 68 Oper
1361 1549 252 51 wiederum
1646 1548 171 51 allerlei

239 1633 337 66 Forderungen
602 1630 116 52 über
740 1632 321 68 Weglassung
1085 1633 112 51 oder
1215 1633 288 67 Aenderung
1531 1651 89 33 von
1643 1632 145 50 Musik-

242 1718 190 50 stücken
463 1735 57 33 an
548 1717 77 49 ihn
656 1717 184 67 gestellt
869 1717 142 61 hatte,
1041 1718 95 51 traf
1159 1718 76 51 ihn
1267 1718 82 50 der
1372 1724 124 45 erste
1519 1717 300 68 paralytische

242 1801 166 50 Anfall.
468 1801 109 50 Man
619 1801 237 67 gewahrte
900 1801 121 61 bald,
1074 1802 102 51 dass
1221 1802 126 51 nicht
1373 1820 90 33 nur
1494 1801 96 50 sein
1618 1802 202 67 Körper,

246 1886 200 50 sondern
480 1886 117 49 auch
628 1886 96 50 sein
754 1887 232 49 Verstand
1018 1887 200 67 gelitten.

371 1969 87 51 Die
489 1968 173 70 pariser
691 1971 167 49 Presse
889 1989 98 33 war
1016 1971 120 51 eben
1166 1971 125 51 nicht
1330 1969 107 51 sehr
1467 1969 353 68 eingenommen

244 2053 73 50 für
331 2055 106 49 Don
453 2052 252 52 Sebastian.
737 2055 249 59 Donizetti,
1010 2055 187 50 diesmal
1230 2058 207 46 äusserst
1465 2053 193 59 reizbar,
1688 2053 132 50 theils

243 2137 145 50 durch
420 2137 88 50 den
540 2136 200 51 Einfluss
767 2137 83 51 der
879 2138 271 59 Krankheit,
1190 2137 132 51 theils
1366 2137 103 51 weil
1510 2155 51 32 er
1592 2137 81 50 auf
1697 2136 123 51 diese

243 2222 130 66 Oper
397 2220 109 50 viele
521 2220 141 50 Mühe
682 2221 239 51 verwandt
943 2221 127 51 hatte
1085 2221 95 51 und
1198 2221 62 49 sie
1286 2221 71 49 für
1371 2221 100 49 eine
1486 2221 150 49 seiner
1656 2220 164 49 besten

247 2303 225 51 Arbeiten
502 2303 123 59 hielt,
670 2305 184 49 verliess
886 2305 129 51 Paris
1058 2305 97 51 und
1195 2305 108 66 ging
1343 2305 115 49 nach
1489 2303 160 53 Wien.
1706 2303 114 50 Hier

248 2389 104 49 fand
398 2405 49 33 er
491 2387 116 51 volle
649 2387 385 69 Entschädigung
1077 2390 74 48 für
1192 2387 95 51 sein
1331 2389 280 66 gekränktes
1655 2386 164 51 Gefühl

246 2472 147 51 durch
432 2471 99 51 eine
571 2471 143 50 Reihe
745 2490 89 32 von
886 2472 223 51 zahlreich
1161 2471 255 51 besuchten
1457 2471 363 67 Vorstellungen

246 2556 93 50 und
386 2555 88 51 den
520 2555 322 51 andauernden
873 2557 156 50 Beifall
1076 2556 79 51 des
1195 2555 282 52 Publicums.
1536 2556 67 50 Er
1643 2554 177 52 schrieb

246 2639 199 52 darüber
474 2639 117 49 nach
621 2640 129 50 Paris
780 2640 61 50 im
872 2640 139 51 Jahre
1048 2639 186 51 1846:

552 2723 182 59 „Meine
766 2723 149 52 lieben
945 2724 240 51 Freunde!

383 2808 110 59 „Ich
535 2808 119 49 kann
710 2808 117 50 euch
886 2809 119 51 noch
1051 2809 131 49 keine
1226 2808 312 50 Einzelheiten
1592 2805 118 52 über
1753 2806 70 51 die

247 2891 297 68 Aufführung
573 2909 89 35 von
691 2893 108 51 Don
831 2891 240 53 Sebastian
1103 2891 195 60 melden,
1344 2891 175 51 welche
1550 2897 272 62 vorgestern

248 2975 97 51 hier
374 2975 123 51 Statt
527 2975 230 68 gefunden
788 2975 104 60 hat;
925 2977 131 50 allein
1091 2977 71 50 die
1193 2977 131 68 Oper
1353 2977 57 49 ist
1439 2975 84 51 mit
1550 2974 110 52 weit
1690 2975 132 50 mehr

248 3060 198 51 Wärme
487 3059 63 50 als
590 3059 44 50 in
663 3059 126 52 Paris
832 3060 355 69 aufgenommen
1228 3060 206 52 worden.
1494 3059 110 51 Drei
1649 3058 174 51 Stücke

251 3143 194 51 wurden
474 3144 61 48 da
562 3162 105 48 capo
698 3144 232 69 verlangt;
971 3145 82 50 der
1080 3144 157 51 Beifall
1268 3148 104 47 tönt
1400 3143 121 52 noch
1551 3143 42 49 in
1625 3143 197 49 meinem

249 3227 153 67 Kopfe
433 3225 102 50 fort.
593 3227 108 49 Man
746 3227 79 51 hat
861 3228 119 50 mich
1021 3228 80 51 auf
1137 3228 70 50 die
1237 3228 164 50 Bühne
1429 3227 271 67 geschleppt
1728 3225 95 53 und

249 3311 120 50 mich
400 3327 304 51 gezwungen,
746 3311 71 50 ich
846 3313 134 50 weiss
1009 3312 138 61 nicht,
1192 3312 87 51 wie
1310 3312 82 51 viel
1424 3312 107 58 Mal,
1574 3311 222 49 herauszu-

249 3402 171 52 treten,
458 3411 95 33 was
585 3393 85 50 mir
699 3412 81 50 gar
809 3394 122 51 nicht
959 3396 131 50 recht
1119 3413 112 35 war.
1264 3394 172 52 Glaubt
1458 3396 101 58 mir,
1584 3412 107 33 man
1709 3393 115 51 wird

251 3481 42 48 in
324 3478 129 50 Paris
486 3476 174 52 wieder
686 3477 81 49 auf
790 3478 107 50 Don
928 3478 237 52 Sebastian
1193 3479 406 58 zurückkommen,
1632 3477 89 51 den
1752 3477 71 49 ich

251 3562 292 67 sorgfältiger
587 3562 66 50 als
694 3562 85 50 alle
820 3562 148 51 meine
1015 3563 200 50 anderen
1258 3563 264 51 Partituren
1570 3561 257 68 gearbeitet

249 3646 134 60 habe,
431 3646 95 51 und
558 3646 90 51 den
680 3646 68 51 ich
779 3646 72 49 für
881 3646 72 49 ein
981 3647 310 66 vorzügliches
1321 3647 155 52 Werk

252 3731 187 66 capital)
487 3730 136 50 halte.
679 3730 80 50 Ich
789 3730 194 68 spreche
1024 3730 124 50 nicht
1189 3747 112 50 gern
1340 3749 89 33 von
1458 3731 110 58 mir;
1612 3730 112 50 aber
1754 3730 70 50 die

258 3816 107 57 Art,
408 3812 85 51 wie
524 3830 110 34 eure
663 3813 223 53 Journale
926 3813 149 51 meine
1105 3813 131 69 Oper
1265 3813 245 51 behandelt
1538 3813 169 60 haben,
1747 3813 80 51 hat

256 3897 115 51 mich
404 3896 226 69 gekränkt
672 3897 94 51 und
809 3897 87 50 mir
924 3897 113 51 viele
1068 3896 242 51 schlaflose
1339 3897 177 50 Nächte
1543 3897 282 50 verursacht.

254 3981 87 51 Mit
371 3981 102 51 dem
505 3981 153 50 Herrn
689 3981 212 51 Director
931 3981 148 69 (Leon
1109 3980 154 68 Pillet)
1307 3980 76 49 bin
1427 3980 69 49 ich
1532 3980 116 51 auch
1679 3999 116 32 unzu-

259 4065 197 58 frieden;
487 4081 49 33 er
567 4066 77 50 hat
675 4065 84 49 mir
789 4066 315 68 unglückliche
1135 4065 345 67 Aenderungen
1512 4064 313 68 abgenöthigt,

257 4149 96 52 und
384 4150 122 50 Herr
536 4148 159 52 Scribe
741 4148 127 52 hätte
907 4168 85 33 uns
1037 4149 118 52 auch
1201 4149 160 52 besser
1391 4165 83 35 zur
1502 4148 125 52 Seite
1668 4148 160 52 stehen

1917 287 197 62 können,
2145 288 64 51 als
2241 304 49 35 er
2321 286 169 69 gethan
2519 286 91 50 hat.
2670 287 121 58 Nun,
2830 287 72 52 ich
2932 288 91 51 will
3050 286 297 53 Niemandem
3380 288 82 51 wei-

1913 377 100 46 tere
2045 373 245 52 Vorwürfe
2321 372 217 58 machen;
2587 372 83 51 mit
2714 373 83 50 der
2826 373 100 50 Zeit
2970 373 115 51 wird
3127 390 107 33 man
3263 372 226 51 vielleicht

1916 454 119 63 dem,
2067 476 95 33 was
2194 458 44 50 in
2270 458 107 51 Don
2408 454 239 52 Sebastian
2679 456 123 50 nicht
2834 473 113 50 ganz
2980 456 105 50 übel
3116 456 72 61 ist,
3220 456 243 68 Gerechtig-

1916 541 94 51 keit
2040 542 304 51 widerfahren
2371 542 163 51 lassen.

2051 627 126 57 „Das
2209 627 174 50 wiener
2411 626 147 49 Klima
2600 623 57 52 ist
2698 625 85 49 mir
2812 623 123 52 nicht
2966 622 209 69 günstig;
3216 623 122 51 mein
3366 626 131 67 Kopf

1914 707 182 52 bessert
2126 710 94 50 sich
2251 711 137 58 nicht,
2421 710 97 50 und
2545 726 138 34 wenn
2711 708 78 52 das
2821 726 51 34 so
2904 706 218 68 fortgeht,
3151 724 51 33 so
3234 708 157 51 werde
3421 708 71 51 ich

1914 791 118 51 mich
2064 810 287 51 gezwungen
2383 795 156 57 sehen,
2580 795 80 48 auf
2697 793 146 69 einige
2872 793 189 50 Monate
3104 790 117 50 nach
3260 792 230 66 Bergamo

1917 895 54 32 zu
2004 877 163 68 gehen,
2200 896 76 32 um
2311 879 104 49 dort

2040 962 55 49 Ja
2125 961 137 60 wohl,
2295 979 85 33 um
2413 961 136 51 dort
2579 962 410 51 auszuruhen!
3022 960 165 51 —Er
3217 960 104 49 kam
3353 960 110 51 krän-

1914 1044 82 49 ker
2026 1045 64 49 als
2115 1045 47 67 je
2190 1046 115 50 nach
2332 1045 126 49 Paris
2491 1045 197 58 zurück;
2718 1064 106 32 man
2852 1053 176 43 musste
3053 1045 77 49 ihn
3163 1044 43 49 in
3236 1044 80 50 das
3339 1044 128 50 Irren-

1914 1129 115 51 haus
2060 1149 55 32 zu
2148 1133 100 66 Ivry
2280 1130 207 66 bringen,
2518 1129 95 51 und
2645 1127 71 53 die
2746 1130 341 52 Wissenschaft
3116 1129 244 52 versuchte
3389 1146 69 32 um-

1914 1221 143 51 sonst,
2110 1215 123 50 seine
2278 1213 325 69 regelmässige
2634 1213 425 68 Geistesthätigkeit
3109 1213 174 50 wieder
3327 1213 136 50 herzu-

1914 1296 177 51 stellen.
2124 1298 105 50 Sein
2258 1298 130 50 Neffe
2420 1298 103 50 kam
2554 1298 80 49 auf
2660 1296 87 51 den
2780 1296 267 60 Gedanken,
3089 1296 76 50 ihn
3196 1296 115 50 nach
3343 1296 149 51 seiner

1912 1380 186 51 Heimat
2153 1381 442 68 zurückzubringen,
2648 1399 79 32 um
2769 1380 224 52 vielleicht
3037 1398 89 33 von
3172 1380 105 51 dem
3321 1380 169 51 milden

1912 1465 200 51 Himmel
2144 1467 182 50 Italiens
2356 1467 120 50 noch
2506 1465 99 51 eine
2636 1465 203 69 Heilung
2869 1484 56 32 zu
2958 1472 244 44 erwarten.

2037 1550 67 50 Es
2134 1568 97 33 war
2260 1552 59 49 im
2342 1550 129 69 April
2504 1550 78 52 des
2613 1550 164 50 Jahres
2816 1548 151 52 1848
2990 1568 11 41 ;
3033 1548 71 51 die
3137 1547 237 71 politische
3403 1548 58 51 Be-

1913 1649 203 51 wegung
2144 1651 99 34 war
2281 1634 45 50 in
2356 1634 159 50 Italien
2545 1634 82 50 auf
2665 1633 96 51 ihre
2791 1633 139 51 Höhe
2962 1632 249 68 gestiegen.
3257 1630 80 52 Bei
3370 1632 124 50 einer

1912 1717 246 51 Nachricht
2195 1736 89 33 von
2326 1718 147 51 einem
2504 1718 237 51 Vortheile
2786 1717 116 51 über
2943 1717 71 52 die
3046 1718 187 66 Gegner
3274 1714 219 54 belebten

1916 1802 91 51 sich
2049 1802 72 51 die
2161 1803 214 51 Strassen
2425 1803 46 50 in
2510 1803 246 67 Bergamo,
2802 1821 105 33 man
2946 1802 175 51 läutete
3160 1801 73 52 die
3273 1801 221 59 Glocken,

1916 1903 105 32 man
2051 1886 176 50 feuerte
2257 1887 407 51 Freudenschüsse
2694 1886 71 50 ab.
2810 1888 72 48 Da
2925 1886 167 50 richtet
3137 1884 93 52 sich
3259 1884 234 51 Donizetti

1914 1989 90 31 von
2035 1971 170 51 seinem
2236 1972 151 67 Lager
2417 1971 89 61 auf,
2556 1972 231 51 Vernunft
2817 1971 96 51 und
2942 1971 205 68 Sprache
3194 1969 173 51 kehren
3398 1969 92 50 ihm

1916 2055 81 49 auf
2021 2055 131 49 einen
2175 2056 287 67 Augenblick
2486 2056 186 58 zurück,
2704 2074 51 31 er
2786 2055 168 52 haucht
2985 2055 71 50 die
3080 2056 174 51 Worte
3295 2055 170 59 „Vater-

1916 2137 128 51 land!
2370 2156 82 33 aus
2482 2138 97 51 und
2609 2138 121 50 sinkt
2759 2138 101 51 todt
2891 2138 81 51 auf
2996 2138 82 50 das
3106 2138 167 50 Kissen
3305 2136 185 52 zurück.

2515 2317 133 44 Aus
2683 2317 209 45 Paris.

2840 2416 107 39 Den
2977 2414 64 41 28.
3069 2415 198 40 Januar
3299 2413 114 40 1854.

1995 2487 81 41 Am
2104 2487 167 53 Dinstag
2314 2488 130 52 gaben
2487 2488 64 40 die
2581 2488 188 40 Italiäner
2801 2487 177 40 Bellini's
3008 2487 262 37 Sonnambida
3312 2484 73 40 mit
3426 2484 72 40 der

1916 2550 299 40 Frezzolini
2258 2551 84 39 und
2385 2550 167 41 Mario
2596 2550 42 41 in
2685 2551 78 39 den
2798 2550 268 51 Hauptrollen
3096 2548 82 39 und
3218 2547 110 40 einer
3372 2546 100 41 Schü-

1916 2611 103 42 lerin
2067 2613 70 38 der
2171 2613 72 38 Rh
2258 2613 43 39 ei
2318 2626 25 25 n
2358 2613 8 39 i
2382 2613 153 40 schen
2563 2612 366 41 Musikschuie
2973 2611 41 40 in
3044 2611 118 46 Köln,
3209 2608 289 41 Francisca

1916 2672 171 49 Veith,
2117 2674 54 39 als
2196 2674 104 40 Lisa.
2356 2674 75 39 Die
2462 2686 121 40 ganze
2613 2674 23 38 A
2638 2673 13 17 r
2654 2674 219 51 orstellung
2903 2685 81 27 war
3022 2672 125 40 leider
3176 2671 90 41 eine
3294 2671 204 40 verfehlte.

1916 2734 141 48 Mario,
2097 2735 90 40 dem
2225 2740 121 35 sonst«
2375 2737 261 51 angebeteten
2675 2737 145 47 Tenor,
2867 2740 181 47 versagte
3086 2735 63 40 die
3180 2733 166 40 Stimme
3376 2733 99 40 zwei-

1916 2798 78 38 mal
2024 2797 40 39 in
2093 2797 70 40 der
2192 2797 98 40 Arie
2318 2799 55 39 im
2403 2798 166 41 zweiten
2598 2798 122 48 Acte;
2750 2798 64 40 die
2838 2799 217 39 Frezzolini
3085 2799 130 39 wollte
3246 2796 72 41 mit
3342 2794 155 42 Gewalt

1917 2858 63 40 die
2009 2859 163 42 Frische
2201 2860 83 38 und
2312 2861 69 38 das
2410 2860 130 40 Feuer
2569 2861 71 40 der
2669 2861 158 51 Tugend
2857 2860 267 40 zurückrufen
3153 2860 83 38 und
3266 2858 136 40 wurde
3432 2858 45 39 da-

1917 2919 124 40 durch
2072 2933 49 26 an
2152 2921 78 40 den
2258 2922 169 39 meisten
2457 2923 148 40 Stellen
2635 2923 312 47 unausstehlich,
2994 2922 193 39 während
3231 2933 49 27 an
3323 2920 177 39 anderen

1916 2981 64 39 die
2010 2983 123 36 beanx
2158 2992 113 28 restes
2298 2997 75 27 uns
2403 2985 115 40 mehr
2547 2985 89 40 eine
2653 2985 190 52 Achtung
2872 2986 63 39 für
2963 2984 70 40 das
3055 2983 235 47 Gewesene,
3319 2983 55 38 als
3403 2981 90 41 eine

1919 3044 308 53 Bewunderung
2268 3046 69 40 des
2371 3047 297 41 Vorhandenen
2711 3046 271 52 abnöthigten.
3038 3046 79 39 Frl.
3147 3045 121 40 Veith
3297 3057 83 28 war
3408 3045 93 40 sehr

1917 3106 197 53 befangen
2144 3108 53 39 im
2218 3109 129 50 Spiel;
2378 3109 118 40 allein
2525 3110 85 39 ihre
2639 3112 162 39 äussere
2822 3109 280 50 Erscheinung
3132 3109 129 51 gefiel,
3290 3107 84 39 und
3403 3119 93 28 man

1916 3170 159 40 rühmte
2104 3170 64 41 die
2199 3172 422 40 bewundernswerthe
2638 3172 167 40 Stimme
2824 3172 71 40 der
2907 3172 153 51 jungen
3078 3170 241 48 Deutschen,
3350 3169 150 41 welche

1918 3231 226 52 überhaupt
2171 3232 326 53 Aufmunterung
2527 3234 70 40 auf
2620 3234 72 39 der
2719 3234 306 40 theatralischen
3054 3232 213 40 Laufbahn
3298 3231 200 47 verdiene,

1918 3294 248 51 wenngleich
2210 3295 108 39 nicht
2360 3308 47 26 zu
2452 3296 229 40 verkennen
2725 3296 68 48 sei,
2843 3296 90 39 dass
2977 3296 56 39 sie
3075 3295 104 40 noch
3224 3294 92 40 sehr
3362 3295 140 38 lernen

1918 3359 144 44 müsse,
2104 3358 85 38 ihre
2233 3358 147 40 schöne
2410 3358 167 41 Stimme
2606 3372 49 27 zu
2683 3359 212 40 benutzen.
2953 3359 69 39 Ich
3066 3359 158 51 glaube,
3270 3358 79 38 Frl.
3379 3354 122 41 Veith

1918 3419 107 39 kann
2053 3419 71 39 mit
2153 3419 130 40 dieser
2298 3420 133 42 Kritik
2462 3422 100 39 über
2591 3422 62 38 ihr
2684 3426 121 36 erstes
2834 3421 212 40 Auftreten
3075 3420 203 40 zufrieden
3302 3419 105 46 sein;
3436 3417 66 39 bei

1919 3485 288 47 fortgesetztem
2237 3481 185 41 Studium
2465 3483 103 40 wird
2612 3483 56 40 sie
2711 3483 144 52 gewiss
2899 3483 88 40 eine
3031 3482 254 41 bedeutende
3327 3478 174 41 Zukunft

1921 3544 143 38 haben.
2095 3542 63 40 Ob
2189 3544 95 39 aber
2314 3544 68 39 das
2408 3546 278 50 Engagement
2718 3544 65 40 bei
2813 3546 72 40 der
2913 3545 277 41 italiänischen
3208 3542 111 52 Oper
3346 3542 63 39 ihr
3437 3540 64 41 die

1920 3606 199 39 durchaus
2165 3608 282 51 nothwendige
2496 3607 263 53 Gelegenheit
2801 3621 71 27 zur
2915 3608 234 51 Erlangung
3195 3605 72 40 der
3310 3604 191 40 Bühnen-

1920 3669 173 40 Routine
2124 3669 244 40 verschaffen
2398 3671 112 47 wird,
2552 3671 49 38 ist
2641 3670 92 41 sehr
2774 3683 48 27 zu
2852 3669 243 42 bezweifeln.
3157 3665 343 41 Voraussichtlich

1919 3731 101 41 wird
2049 3731 57 41 sie
2135 3744 76 27 nur
2239 3732 132 51 wenig
2400 3732 234 52 beschäftigt
2663 3733 174 46 werden,
2881 3732 84 40 und
3003 3731 68 38 das
3114 3728 48 40 ist
3205 3728 92 40 sehr
3341 3728 160 47 schade,

1921 3794 151 39 sowohl
2102 3794 62 39 für
2193 3794 57 41 sie
2278 3795 132 46 selbst,
2455 3796 56 38 als
2541 3796 62 39 für
2641 3796 70 40 das
2740 3794 227 45 Publicum,
3012 3791 172 40 welches
3229 3794 98 35 trotz
3372 3790 130 41 seiner

1921 3857 264 39 Liebhaberei
2216 3857 62 40 für
2304 3857 158 40 Ruinen
2493 3858 102 40 doch
2625 3858 103 41 auch
2757 3869 98 40 gern
2889 3855 145 40 einmal
3066 3853 88 40 eine
3183 3852 145 42 frische
3356 3853 144 41 Blume

1921 3920 184 40 daneben
2133 3919 218 41 aufblühen
2380 3921 113 40 sieht.

2001 3982 103 40 Eine
2133 3982 145 40 andere
2304 3983 123 52 junge
2455 3984 213 47 Deutsche,
2709 3982 80 39 Frl.
2820 3979 408 48 Wertheimber,
3276 3979 138 40 früher
3452 3991 48 27 an

1923 4046 71 39 der
2021 4044 232 41 komischen
2284 4046 121 51 Oper,
2441 4045 48 41 ist
2518 4047 64 40 bei
2611 4047 71 38 der
2710 4045 204 37 Academie
2943 4043 190 51 imperiale
3173 4043 206 52 angestellt
3419 4042 89 41 und

2008 4170 31 53 *)
2070 4172 151 42 France
2250 4173 205 48 Musicalc,
2487 4172 116 48 1854,
2630 4170 71 41 Nr.
2732 4170 36 40 1.
