2593 4059
1104 428 191 42 VARIA

1978 429 79 40 285

342 571 220 37 OfFenbach
584 572 54 37 lui
673 574 134 36 donna
829 586 55 24 un
906 576 98 35 bout
1025 574 47 37 de
1094 574 84 37 rôle
1197 574 97 36 dans
1317 574 154 48 Orphée
1475 601 9 17 ,
1509 576 52 33 où
1583 572 73 37 elle
1685 571 147 50 portait
1860 572 36 35 le
1919 584 144 35 casque

342 630 48 36 de
416 631 194 38 Minerve.
649 634 111 35 Tout
781 645 48 24 en
851 634 138 46 jouant
1014 634 56 35 les
1091 634 221 48 coryphées
1332 646 49 24 au
1401 633 99 48 petit
1522 633 153 36 théâtre
1698 631 209 44 Choiseul,
1933 632 126 36 Marie

342 690 97 37 Cico
461 691 142 36 suivait
624 692 56 35 les
703 705 117 23 cours
851 693 55 34 du
942 693 321 37 Conservatoire.
1305 694 33 35 A
1372 693 105 36 force
1512 693 47 36 de
1578 692 139 37 travail
1746 701 38 27 et
1810 693 48 35 de
1879 691 182 47 volonté,

344 750 77 36 elle
461 752 158 46 parvint
653 752 156 36 bientôt
842 764 50 24 au
927 753 172 47 premier
1133 764 97 35 rang
1251 753 47 35 de
1319 764 41 24 sa
1383 752 139 46 classe,
1550 760 37 28 et
1608 764 48 24 en
1682 753 117 36 sortit
1825 755 113 45 après
1959 752 104 35 deux

339 811 148 34 années
506 822 92 25 avec
619 811 56 36 les
696 812 191 47 premiers
913 812 87 47 prix
1025 812 46 35 de
1094 812 120 35 chant
1235 819 38 28 et
1295 811 380 48 d'opéra-comique.

391 871 85 35 Elle
497 871 61 36 fut
577 873 173 47 engagée
772 872 21 36 à
814 872 394 48 l'Opéra-Comique,
1232 875 52 33 où
1315 872 73 36 elle
1418 873 146 35 débuta
1586 873 97 35 dans
1715 873 35 36 le
1771 873 169 36 Domino
1962 872 98 36 noir.

344 931 54 34 Le
417 931 68 36 fait
506 931 37 36 le
564 932 88 47 plus
674 933 220 46 important
926 933 48 36 de
1009 945 41 24 sa
1071 932 168 37 carrière
1261 936 21 32 à
1306 944 42 24 ce
1370 931 152 38 théâtre
1541 940 59 28 est
1621 932 37 37 la
1679 932 177 37 création
1877 933 47 36 de
1945 932 118 37 Lalia

340 990 137 36 Rouck
482 1019 8 17 ,
513 990 47 36 de
588 992 174 36 Félicien
782 991 139 37 David.
949 993 87 35 Elle
1062 993 133 37 devait
1228 1004 40 24 se
1306 1000 205 28 retrouver
1541 1004 92 24 avec
1668 1004 73 24 son
1773 992 222 48 partenaire
2016 991 47 35 de

341 1050 118 36 Lalla
487 1050 138 37 Rouck
631 1082 8 15 ,
664 1053 56 36 M.
748 1053 258 47 Montaubry,
1027 1052 22 37 à
1069 1053 37 36 la
1127 1053 128 46 Gaîté,
1275 1056 54 32 où
1350 1052 75 36 elle
1446 1051 93 49 joua
1560 1052 36 36 le
1621 1052 82 36 rôle
1722 1052 240 49 d'Eurydice
1985 1054 21 33 à
2028 1051 36 35 la

341 1110 150 46 reprise
525 1110 197 50 d'Orphée
727 1140 8 8 .
771 1112 55 36 La
847 1112 183 37 dernière
1065 1113 109 47 pièce
1198 1113 98 35 dans
1323 1112 171 48 laquelle
1520 1112 75 35 elle
1616 1120 116 39 parut
1754 1124 49 24 au
1826 1112 152 36 théâtre
2003 1110 61 36 fut

342 1167 220 49 justement
583 1179 59 28 cet
668 1171 154 49 Orphée
857 1173 98 35 dans
975 1173 133 46 lequel
1131 1173 74 35 elle
1242 1173 104 35 avait
1369 1173 147 34 débuté
1543 1172 144 47 quinze
1708 1184 70 23 ans
1797 1178 262 42 auparavant.

392 1228 126 38 Marie
541 1229 97 37 Cico
657 1239 58 29 est
733 1240 129 28 morte
884 1232 243 48 phthisique.
1153 1232 85 36 Elle
1256 1232 94 36 était
1371 1233 80 34 très
1473 1230 126 37 aimée
1621 1232 47 34 de
1687 1242 62 25 ses
1769 1231 229 36 camarades
2016 1230 48 35 de

343 1289 165 38 théâtre.

463 1452 52 36 Le
547 1452 180 45 Quatuor
756 1452 133 37 italien
918 1453 210 36 ressuscite
1157 1463 48 26 en
1240 1452 190 49 province
1464 1452 36 35 le
1532 1450 342 39 Théâtre-Italien
1910 1461 106 28 mort
2043 1456 21 33 à

345 1510 122 37 Paris.
501 1512 54 36 La
577 1524 133 36 presse
751 1513 47 36 de
823 1514 207 35 Bordeaux
1060 1524 104 24 nous
1189 1520 165 39 apporte
1388 1512 129 36 l'écho
1539 1512 275 36 enthousiaste
1835 1514 68 35 des
1930 1517 134 32 succès

341 1571 97 46 qu'il
457 1571 112 36 vient
588 1572 200 36 d'obtenir
805 1573 98 35 dans
925 1581 102 28 cette
1047 1572 110 45 ville,
1176 1583 50 24 au
1246 1571 335 36 Théâtre-Louit.
1607 1572 114 35 Voici
1739 1581 205 28 comment
1962 1573 81 36 s'ex-

340 1629 129 47 prime
500 1630 36 36 le
561 1631 193 36 Courrier
774 1632 47 35 de
849 1632 40 36 la
911 1632 174 36 Gironde
1106 1645 10 22 :
1141 1645 14 20 «
1184 1632 56 35 Le
1266 1639 174 39 quatuor
1460 1630 138 37 italien
1620 1641 7 26 :
1653 1632 103 37 MM.
1780 1632 164 47 Verger,
1971 1633 69 35 Bet-

342 1689 89 44 tini,
454 1690 99 36 Soto
576 1698 38 28 et
636 1691 298 36 mademoiselle
968 1691 163 48 Volpini
1161 1698 72 28 ont
1265 1691 180 35 électrisé
1480 1698 38 28 et
1539 1691 297 36 enthousiasmé
1857 1692 36 35 le
1915 1693 148 34 monde

341 1749 70 36 des
433 1748 210 37 dilettante
664 1762 70 36 par
754 1751 37 36 la
811 1751 115 50 façon
949 1751 230 46 supérieure
1198 1750 99 35 dont
1316 1749 46 36 ils
1383 1757 71 28 ont
1476 1749 218 49 interprété
1733 1751 89 35 Don
1849 1751 212 48 Pasquale.

346 1808 115 36 Cette
483 1810 127 35 soirée
633 1809 157 48 lyrique
812 1818 59 28 est
892 1809 178 37 destinée
1092 1813 21 33 à
1134 1809 96 37 faire
1252 1810 155 48 époque
1435 1809 98 36 dans
1555 1809 55 37 les
1639 1810 161 36 annales
1834 1809 230 49 artistiques

339 1867 48 35 de
411 1868 224 36 Bordeaux.
674 1870 76 35 Ces
777 1870 229 46 chanteurs,
1042 1881 49 24 en
1113 1868 105 46 effet,
1261 1877 71 28 ont
1365 1877 110 37 tenu,
1505 1868 177 48 pendant
1713 1869 98 36 trois
1840 1869 146 36 heures
2027 1870 36 35 le

346 1927 135 47 public
507 1940 94 24 sous
621 1928 36 36 le
680 1929 159 36 charme
853 1945 9 31 ;
883 1941 48 24 en
952 1937 150 38 retour,
1125 1940 53 24 on
1199 1929 57 35 les
1276 1940 22 23 a
1319 1930 133 46 portés
1472 1928 79 36 aile
1570 1928 113 36 stelle
1701 1941 9 23 :
1732 1929 68 35 des
1824 1929 140 36 bravos
1985 1928 60 37 fré-

343 1986 198 49 nétiques,
581 1988 69 37 des
689 1990 166 47 rappels,
894 1989 67 36 des
994 1988 78 37 airs
1102 1988 258 37 redemandés
1393 2000 71 35 par
1493 1987 37 36 la
1564 1988 95 36 salle
1694 1996 89 28 tout
1814 1989 149 36 entière
1994 1996 69 29 ont

341 2047 204 48 témoigné
566 2048 48 36 de
635 2048 37 36 la
694 2048 247 36 satisfaction
962 2049 67 35 des
1050 2055 255 41 spectateurs.
1329 2062 14 20 »
1369 2048 63 35 Au
1454 2056 92 27 tour
1568 2048 47 35 de
1639 2048 37 36 la
1699 2048 173 36 Gironde
1893 2056 146 28 mainte-

341 2114 97 28 nant
459 2116 50 26 :«
536 2107 51 35 Le
608 2107 150 48 public,
781 2108 74 35 mis
875 2120 49 23 en
946 2108 132 35 bonne
1112 2108 173 35 humeur
1306 2119 69 36 par
1406 2107 34 35 le
1459 2107 126 36 talent
1606 2109 67 34 des
1697 2108 253 47 interprètes,
1976 2108 88 37 leur

340 2177 22 24 a
383 2166 69 35 fait
473 2167 155 46 répéter
649 2167 245 36 l'admirable
927 2175 172 40 quatuor
1119 2175 39 27 et
1195 2166 56 36 les
1274 2179 22 23 a
1317 2167 178 48 rappelés
1528 2170 114 44 après
1668 2167 152 47 chaque
1855 2179 201 25 morceau.

342 2225 142 37 C'était
505 2238 54 23 un
588 2227 301 36 enthousiasme
910 2227 224 36 débordant
1151 2227 7 35 !
1185 2227 30 35 Il
1238 2234 59 28 est
1315 2226 84 36 vrai
1418 2227 47 35 de
1485 2225 84 37 dire
1586 2238 78 36 que
1697 2228 179 35 madame
1898 2227 165 48 Volpini

339 2296 22 24 a
384 2285 144 36 chanté
550 2297 92 25 avec
662 2298 55 23 un
739 2286 125 36 talent
887 2295 38 27 et
946 2299 54 23 un
1023 2286 158 36 entrain
1198 2286 292 47 remarquable,
1512 2286 73 35 mis
1604 2298 50 24 au
1672 2287 149 35 service
1842 2287 118 35 d'une
1984 2289 79 33 très

340 2342 101 36 belle
478 2343 115 47 voix;
630 2356 78 35 que
745 2345 56 35 M.
824 2345 150 47 Verger
991 2356 21 24 a
1032 2345 133 35 donné
1198 2345 48 35 de
1282 2344 208 36 nouvelles
1514 2356 167 35 preuves
1721 2345 48 35 de
1803 2356 73 24 son
1915 2344 148 36 double

341 2403 141 36 mérite
503 2415 157 24 comme
680 2403 194 36 chanteur
896 2413 38 27 et
965 2416 157 24 comme
1145 2404 234 45 comédien;
1412 2415 78 36 que
1520 2404 56 35 M.
1601 2403 166 48 Bettini,
1791 2404 185 36 ténorino
1995 2405 69 34 des

339 2462 91 48 plus
450 2463 218 47 agréables,
691 2463 98 36 mais
808 2465 99 35 dont
929 2464 36 36 la
985 2463 93 37 voix
1096 2476 21 24 a
1139 2465 61 34 été
1223 2476 54 23 un
1299 2476 77 34 peu
1414 2463 120 36 faibie
1563 2463 98 36 dans
1691 2463 37 36 le
1762 2472 188 39 quatuor,
1970 2476 22 24 a
2013 2475 50 25 eu

341 2523 240 35 néanmoins
601 2523 256 36 d'excellents
878 2531 202 28 moments
1098 2539 9 30 ;
1131 2531 38 28 et
1189 2523 178 47 qu'enfin
1390 2524 55 35 M.
1472 2524 111 45 Soto,
1602 2523 97 36 dans
1720 2523 36 36 le
1778 2524 84 35 rôle
1885 2524 179 37 écrasant

341 2581 87 35 créé
450 2593 69 36 par
543 2582 212 47 Lablache,
792 2583 63 35 n'a
892 2583 87 36 rien
1014 2582 70 36 fait
1121 2594 210 35 manquer,
1370 2582 91 36 bien
1489 2594 50 24 au
1575 2582 215 48 contraire,
1827 2591 40 28 et
1893 2596 21 23 a
1933 2584 129 36 même

344 2642 141 34 trouvé
508 2653 144 37 moyen
675 2642 47 35 de
739 2654 38 24 se
795 2642 96 36 faire
910 2643 208 48 applaudir
1138 2646 20 33 à
1178 2650 87 40 part
1291 2643 47 34 de
1360 2654 60 23 ses
1439 2643 243 38 camarades.
1713 2656 14 20 »
1747 2643 58 35 Le
1823 2643 166 36 Journal
2016 2643 48 36 de

339 2700 220 36 Bordeaux
588 2700 70 37 fait
680 2701 146 36 chorus
847 2714 92 24 avec
968 2714 60 24 ses
1049 2702 215 44 confrères,
1288 2709 38 28 et
1348 2713 49 24 ne
1416 2702 91 35 tarit
1527 2714 69 36 pas
1613 2714 67 24 sur
1703 2702 35 36 le
1760 2702 138 36 mérite
1920 2703 47 35 de
1988 2715 75 25 nos

339 2759 174 38 artistes.
539 2761 36 34 A
591 2761 89 35 Don
699 2761 198 48 Pasquale
917 2774 21 23 a
961 2761 166 36 succédé
1160 2761 35 36 le
1223 2760 171 36 Barbier
1399 2790 7 18 ,
1449 2761 134 36 donné
1623 2773 94 24 avec
1751 2773 82 24 non
1862 2762 132 36 moins
2014 2763 47 35 de

339 2822 150 33 succès.
517 2820 51 35 Le
590 2829 175 38 quatuor
784 2821 153 46 italien,
960 2834 21 23 a
999 2821 71 37 fait
1091 2834 60 23 ses
1172 2821 143 36 adieux
1342 2832 50 24 au
1415 2821 136 47 public
1577 2821 198 36 bordelais
1803 2834 68 36 par
1899 2834 79 24 une
2000 2834 40 24 re-

339 2879 475 49 présentation-concert,
838 2883 96 35 dans
955 2883 172 47 laquelle
1153 2883 57 35 M.
1233 2883 98 34 Soto
1353 2893 21 23 a
1389 2881 69 36 fait
1479 2883 193 35 entendre
1695 2891 38 28 et
1753 2883 125 36 bisser
1899 2883 37 36 la
1958 2883 103 36 belle

339 2939 180 36 chanson
546 2940 48 35 de
627 2940 37 35 la
694 2940 143 36 Prison
867 2941 294 48 d'Edimbourg
1192 2941 46 36 de
1270 2942 44 35 F.
1346 2939 120 47 Ricci,
1509 2953 191 26 morceau
1733 2954 78 35 peu
1842 2954 136 25 connu
2011 2954 50 24 en

341 2999 152 37 France
513 3008 39 28 et
573 2999 69 48 qui
665 3008 59 28 est
741 3001 53 35 du
812 3001 88 47 plus
920 3001 125 47 grand
1068 3000 104 36 effet.

461 3187 384 36 L'Administration
873 3188 68 35 des
961 3187 193 36 Concerts
1177 3187 226 49 populaires
1433 3188 47 36 de
1513 3187 188 49 Musique
1730 3188 193 48 classique
1957 3199 102 25 nous

339 3246 173 37 informe
536 3258 77 35 que
633 3246 37 36 la
694 3248 273 35 Réouverture
995 3248 66 34 des
1093 3247 194 36 Concerts
1319 3259 95 24 aura
1439 3248 80 35 lieu
1541 3248 37 35 le
1598 3247 210 36 dimanche
1832 3260 41 35 17
1897 3249 163 35 octobre

337 3305 207 49 prochain,
569 3309 21 33 à
612 3319 19 22 2
657 3307 156 45 heures,
838 3318 49 24 au
910 3306 148 48 Cirque
1088 3306 184 38 d'Hiver.

388 3372 75 36 Les
493 3372 194 36 Concerts
713 3383 93 25 avec
838 3372 160 36 chœurs
1028 3383 49 24 ne
1114 3378 136 30 seront
1278 3371 89 49 plus
1400 3372 174 48 compris
1604 3372 98 36 dans
1733 3372 321 41 l'abonnement.
