2593 4059
996 417 104 41 LES
1129 413 311 44 CASTRATS

1998 425 21 27 2
2024 426 58 41 47

358 576 94 33 tout
475 574 241 48 payement,
738 565 183 56 reprit-il
941 578 51 26 en
1011 562 245 50 tremblant,
1274 560 34 53 je
1326 560 82 40 n'ai
1430 563 160 50 qu'une
1609 559 122 52 grâce
1747 562 21 35 à
1786 570 105 26 vous
1910 557 145 40 deman-

355 642 85 39 der.
466 641 47 40 Je
533 640 81 40 sais
635 653 84 40 que
741 652 44 26 ce
821 652 86 39 que
939 637 35 50 je
997 636 133 39 désire
1151 642 60 31 est
1232 633 105 40 d'un
1360 633 95 53 prix
1487 629 284 52 inestimable,
1802 638 39 30 et
1874 642 82 40 que
1987 634 98 36 c'est

355 727 61 26 un
454 714 98 39 bien
587 712 161 40 réservé
782 724 84 26 aux
896 720 287 41 monarques;
1216 706 105 39 mais
1356 704 186 55 puisque
1561 703 70 55 j'ai
1653 714 53 29 eu
1741 702 37 40 le
1811 701 195 40 bonheur
2029 702 49 39 de

355 784 218 42 travailler
595 797 108 40 pour
729 797 60 26 un
813 782 174 39 homme
1007 780 106 39 dont
1131 792 56 27 on
1211 791 51 27 ne
1282 776 115 55 parle
1420 776 175 54 qu'avec
1617 774 337 53 enthousiasme,
1976 772 37 55 je
2033 786 51 27 ne

352 870 112 26 veux
485 855 122 54 point
626 855 165 40 d'autre
813 859 229 49 payement
1072 864 83 41 que
1174 850 51 40 de
1256 849 64 40 lui
1340 847 202 42 entendre
1576 847 173 39 chanter
1772 859 58 26 un
1853 845 75 40 air.
1956 861 17 21 »
2015 845 68 40 En

355 928 100 39 vain
480 927 204 41 Farinelli
706 925 235 54 essaya-t-il
960 924 51 40 de
1032 924 104 40 faire
1157 923 183 52 changer
1355 921 51 39 de
1422 919 233 41 résolution
1677 922 22 36 à
1722 925 64 33 cet
1806 918 174 40 homme
2001 932 9 36 ;
2032 931 52 26 en

354 1000 104 40 vain
476 999 208 41 voulut-il
708 998 63 40 lui
793 998 101 40 faire
915 1005 192 46 accepter
1128 995 48 40 de
1197 995 202 52 l'argent;
1434 993 38 39 le
1494 992 170 41 tailleur
1684 992 68 39 fut
1774 990 308 42 inébranlable.

358 1072 147 50 Enfin,
531 1075 120 50 après
674 1073 224 51 beaucoup
915 1070 50 40 de
987 1070 161 50 débats,
1172 1066 199 41 Farinelli
1394 1065 221 40 s'enferma
1627 1077 99 26 avec
1748 1063 77 53 lui,
1848 1071 40 32 et
1907 1062 177 54 déploya

357 1146 156 39 devant
536 1158 44 26 ce
602 1145 240 40 mélomane
865 1150 119 33 toute
1005 1142 39 39 la
1061 1141 224 53 puissance
1307 1139 50 39 de
1379 1150 77 27 son
1488 1137 146 39 talent.
1658 1135 162 50 Quand
1844 1135 29 39 il
1893 1142 75 32 eut
1989 1132 92 50 fini,

358 1216 37 41 le
416 1217 187 52 tailleur,
626 1218 145 38 enivré
792 1216 49 39 de
861 1214 160 54 plaisir,
1046 1214 62 38 lui
1131 1211 189 54 exprima
1342 1223 43 26 sa
1408 1207 348 41 reconnaissance
1774 1220 9 38 ;
1820 1207 29 39 il
1872 1219 42 27 se
1935 1206 124 52 dispo-

359 1289 81 40 sait
459 1292 22 37 à
503 1303 42 26 se
567 1289 148 39 retirer
744 1301 8 28 :
785 1303 20 21 «
830 1287 117 49 Non,
971 1286 63 39 lui
1057 1285 62 38 dit
1142 1281 221 52 Farinelli,
1385 1280 68 52 j'ai
1481 1280 127 39 l'âme
1638 1278 182 39 sensible
1844 1285 39 32 et
1907 1277 116 52 fière,
2048 1284 43 33 et

354 1375 46 26 ce
423 1362 104 39 n'est
559 1374 83 40 que
662 1374 74 40 par
758 1359 38 40 là
821 1372 83 40 que
924 1357 66 54 j'ai
1022 1355 148 54 acquis
1204 1353 183 54 quelque
1418 1359 210 45 avantage
1657 1363 71 26 sur
1760 1349 39 39 la
1822 1350 172 53 plupart
2016 1348 73 40 des

355 1440 141 33 autres
533 1433 243 40 chanteurs.
811 1432 48 40 Je
884 1442 109 28 vous
1025 1428 40 40 ai
1096 1427 113 50 cédé,
1234 1426 29 40 il
1286 1433 60 32 est
1366 1425 109 53 juste
1497 1437 85 40 que
1611 1435 107 27 vous
1751 1421 138 40 cédiez
1917 1425 23 36 à
1970 1429 120 32 votre

357 1514 116 34 tour.
499 1522 18 21 »
545 1506 66 40 En
633 1506 138 39 même
794 1512 137 45 temps
954 1503 30 39 il
1007 1501 80 40 tira
1108 1514 45 27 sa
1176 1500 155 40 bourse
1352 1505 40 33 et
1413 1496 113 56 força
1548 1496 39 40 le
1613 1494 167 42 tailleur
1797 1499 23 35 à
1841 1493 188 41 recevoir
2050 1493 38 40 le

356 1580 161 41 double
538 1580 51 39 de
611 1593 45 26 ce
677 1592 83 40 que
783 1591 76 26 son
880 1575 119 41 habit
1020 1574 141 41 devait
1181 1572 150 41 valoir.

411 1652 264 40 N'oublions
698 1665 74 40 pas
799 1647 271 42 Crescentini
1076 1679 9 19 ,
1108 1646 75 53 qui
1204 1644 148 40 devint
1374 1642 237 55 professeur
1629 1640 50 40 de
1700 1640 39 40 la
1761 1640 163 40 famille
1943 1639 115 53 impé-

362 1726 118 48 riale,
506 1730 23 35 à
551 1725 180 49 Vienne,
757 1736 50 26 en
837 1722 129 40 iBos.
995 1717 268 42 Crescentini
1291 1716 96 40 vint
1406 1720 23 35 à
1458 1714 116 41 Paris
1597 1722 39 32 et
1657 1713 48 40 fit
1724 1713 59 40 les
1804 1712 152 40 délices
1976 1712 51 38 de
2048 1712 40 38 la

359 1797 193 54 Capitale
573 1797 50 40 de
651 1797 108 39 1806
778 1799 21 35 à
830 1795 122 39 1812.
980 1792 117 40 Dans
1119 1792 38 38 la
1180 1790 115 54 pièce
1318 1788 51 40 de
1391 1788 161 40 Roméo
1579 1793 39 33 et
1638 1786 182 40 Juliette
1825 1817 9 18 ,
1859 1785 50 39 de
1931 1785 134 52 Zinga-

360 1870 110 50 relli,
506 1870 122 52 jouée
661 1881 84 26 aux
781 1864 230 52 Tuileries,
1034 1876 53 27 en
1125 1861 124 51 1808,
1275 1860 30 40 il
1338 1859 48 41 fit
1408 1866 92 34 tant
1535 1856 296 55 d'impression
1866 1870 72 26 sur
1969 1863 119 34 toute

359 1941 275 52 l'assistance,
658 1954 83 40 que
762 1938 243 53 Napoléon,
1028 1938 99 38 ému
1148 1934 230 53 jusqu'aux
1399 1932 167 51 larmes,
1592 1931 64 40 lui
1678 1942 165 41 envoya
1863 1929 40 40 la
1924 1928 144 40 décora-

360 2014 89 40 tion
474 2015 49 39 de
542 2014 39 39 la
607 2014 233 39 Couronne
860 2011 54 39 de
936 2009 71 47 fer
1013 2044 11 19 n
1046 2008 107 40 dont
1174 2008 30 38 il
1225 2006 37 39 le
1281 2005 47 39 fit
1348 2004 221 41 chevalier.

408 2088 61 39 La
489 2088 148 38 Revue
680 2091 39 33 et
753 2084 176 53 Galette
960 2079 215 41 musicale
1204 2079 57 38 du
1296 2072 23 65 i
1342 2072 23 65 3
1388 2072 93 65 mars
1522 2075 127 49 iBso,
1678 2073 114 54 parle
1826 2073 106 39 d'un
1967 2072 115 39 élève

358 2161 51 39 de
432 2157 280 51 Crescentini,
730 2172 22 22 «
774 2154 77 54 qui
873 2167 53 27 en
948 2153 115 40 avait
1093 2150 176 40 d'abord
1292 2150 142 52 espéré
1455 2146 189 55 quelque
1684 2147 124 38 chose
1841 2152 40 33 et
1912 2144 171 40 l'aurait

355 2232 124 40 traité
509 2244 53 25 en
604 2228 208 53 confrère
823 2257 66 11 ....
917 2239 19 26 »
980 2223 110 41 Mais
1124 2236 44 26 sa
1201 2221 113 51 voix,
1354 2219 192 54 quoique
1587 2217 208 53 agréable,
1832 2229 53 27 ne
1923 2215 161 54 justifia

359 2304 123 55 point
516 2316 43 26 sa
596 2300 233 48 confiance,
856 2308 39 30 et
915 2298 77 39 elle
1025 2296 122 40 laissa
1168 2293 193 53 toujours
1396 2296 23 35 à
1456 2291 158 40 désirer
1646 2303 98 26 sous
1778 2289 37 39 le
1840 2295 173 47 rapport
2034 2288 52 39 de

358 2378 41 39 la
442 2376 110 39 force
590 2382 39 32 et
669 2373 51 40 de
743 2373 40 39 la
811 2372 177 53 justesse
1026 2366 302 42 d'intonation.
1365 2364 71 40 On
1460 2362 149 54 parlait
1631 2374 165 39 encore,
1822 2361 29 39 il
1872 2374 27 39 y
1921 2374 23 25 a
1977 2373 84 40 qua-

353 2458 122 32 rante
496 2462 76 26 ans
593 2446 197 50 environ,
811 2445 105 39 d'un
936 2443 129 40 vieux
1089 2448 150 32 castrat
1262 2438 175 39 nommé
1456 2434 260 54 Tarquinio,
1750 2433 237 53 pensionné
2008 2446 80 40 par

356 2522 44 40 la
422 2535 104 26 cour
547 2520 50 39 de
620 2518 177 40 Dresde,
821 2516 117 48 Quoi
962 2514 105 54 qu'il
1084 2527 50 25 en
1158 2512 96 51 soit,
1283 2508 271 41 Crescentini
1574 2514 39 32 et
1648 2506 141 39 Veluti
1796 2537 8 20 ,
1822 2518 83 39 que
1923 2503 170 41 Rossini

360 2593 219 56 produisit
600 2592 105 40 dans
725 2590 245 41 Aureliano
995 2587 42 40 in
1058 2585 222 50 Palmira,
1303 2596 52 26 en
1383 2582 123 52 1814,
1543 2583 23 37 à
1600 2578 150 51 Milan,
1783 2586 96 32 sont
1912 2577 59 39 les
2001 2576 70 40 der-

362 2667 114 39 niers
498 2672 175 33 castrats
694 2662 75 55 qui
791 2662 116 40 aient
933 2660 88 54 joui
1043 2658 25 40 d
1087 2670 85 27 une
1194 2655 156 54 grande
1372 2652 257 41 renommée.

419 2738 80 39 Les
521 2744 192 43 castrats,
738 2735 94 52 plus
855 2746 82 39 que
959 2732 57 39 les
1055 2738 144 33 autres
1228 2728 227 49 virtuoses,
1489 2731 96 33 sont
1606 2721 165 42 enclins
1804 2726 23 34 à
1855 2721 41 40 la
1933 2719 157 53 vanité,

369 2809 167 41 témoin
567 2806 240 55 Caffarelli
831 2806 138 52 (opéré
990 2808 23 35 à
1035 2802 197 51 Norcia),
1252 2799 91 54 qui,
1368 2801 117 50 après
1508 2796 119 40 s'être
1647 2793 124 41 retiré
1803 2792 291 41 millionnaire

360 2883 58 38 du
454 2881 174 49 théâtre,
653 2884 57 35 où
735 2879 29 38 il
785 2877 115 40 avait
929 2876 153 40 chanté
1103 2874 33 40 si
1155 2874 242 50 longtemps
1418 2870 58 39 les
1498 2869 106 39 rôles
1624 2867 50 39 de
1708 2865 173 40 femmes
1903 2877 99 26 avec
2024 2877 60 26 un

361 2957 144 38 succès
540 2950 337 43 extraordinaire
905 2949 106 40 dont
1044 2948 30 39 il
1108 2946 72 53 n'y
1202 2944 115 41 avait
1347 2943 121 53 point
1499 2955 52 25 eu
1582 2954 24 24 a
1625 2937 191 53 exemple
1849 2936 242 54 jusque-là,

362 3027 144 40 acheta
529 3039 59 26 un
612 3024 154 50 duché,
792 3022 81 52 prit
891 3022 37 39 le
950 3020 97 41 titre
1068 3019 50 39 de
1140 3017 113 41 duca
1275 3016 47 39 di
1345 3013 337 42 Santo-.Dorato
1690 3042 9 20 ,
1724 3018 39 30 et
1786 3022 41 26 se
1860 3006 48 40 fit

363 3113 83 41 peu
465 3099 50 39 de
534 3106 137 45 temps
693 3103 129 33 avant
844 3108 75 26 son
942 3093 133 51 décès,
1100 3105 60 25 un
1183 3088 129 55 palais
1335 3100 96 27 avec
1455 3093 106 32 cette
1595 3081 284 54 orgueilleuse
1910 3079 161 54 inscrip-

362 3171 95 41 tion
482 3184 8 26 :
518 3186 16 21 «
559 3169 215 53 Amphion
802 3166 178 49 Thebas,
1007 3177 81 40 ego
1111 3163 187 40 domum.
1324 3175 16 21 »

423 3244 117 39 Pour
561 3241 129 40 éviter
710 3241 51 38 de
787 3241 153 38 blesser
957 3237 355 51 l'amour-propre
1333 3231 49 40 de
1404 3243 65 26 ces
1491 3231 107 38 êtres
1623 3227 174 40 délicats
1819 3232 39 33 et
1883 3224 187 53 suscepti-

362 3318 103 48 bles,
486 3315 63 39 dit
569 3314 60 40 M.
658 3312 180 52 Georges
864 3311 182 40 Kastner
1072 3307 78 54 (1),
1183 3312 151 34 autant
1366 3317 81 40 que
1475 3314 110 42 pour
1612 3300 93 40 leur
1734 3297 103 42 faire
1860 3297 166 41 oublier
2048 3309 44 26 ce

406 3401 48 37 (1)
480 3396 276 42 Parémiologie
780 3394 170 33 musicale
955 3419 7 14 ,
985 3400 36 25 v°
1042 3391 152 33 Musico.
