2593 4059
751 443 78 41 DE
862 443 76 42 LA
970 443 283 51 MUSIQUE
1285 445 80 40 EN
1402 443 209 42 ITALIE

1957 450 83 52 259

323 597 57 27 ou
403 586 102 40 trois
527 590 160 49 succès,
711 602 52 26 ne
784 598 160 30 sont-ce
967 603 73 39 pas
1062 589 115 43 MM.
1207 591 59 40 les
1293 599 174 33 auteurs
1494 592 77 55 qui
1599 592 231 42 désormais
1858 595 157 54 impose-

324 666 100 32 ront
447 658 58 40 les
527 659 246 40 conditions
793 674 84 27 aux
897 661 209 41 éditeurs?

378 730 78 39 J'ai
477 731 161 52 assisté,
661 745 51 26 en
737 732 138 50 Italie,,
905 747 83 25 aux
1012 735 225 51 premières
1268 738 352 51 représentations
1648 739 50 40 de
1729 739 103 40 trois
1858 740 146 53 opéras
2033 754 7 26 :

324 804 250 52 Selvaggia
608 804 50 39 de
700 804 62 41 M.
794 805 163 53 Schira,
1004 811 24 35 à
1064 806 175 52 Venise,
1280 810 233 52 entreprise
1551 811 140 41 Lucca
1710 825 9 38 ;
1766 813 191 40 Dolorès
1994 814 51 40 de

325 873 63 42 M.
418 875 447 54 Auteri-Manzocchi,
895 881 22 36 à
953 877 218 54 Florence,
1209 880 230 54 entreprise
1478 882 140 40 Lucca
1642 898 8 35 ;
1688 884 60 40 les
1781 884 183 41 Lituani
1993 885 52 39 de

324 945 63 41 M.
428 946 238 41 Ponchielli
703 948 224 54 (partition
962 951 241 54 refondue),
1238 953 230 53 entreprise
1499 954 176 41 Ricordi
1711 959 23 36 à
1768 957 152 40 Milan.
1962 957 82 41 J'ai

323 1018 134 40 réussi
479 1022 23 36 à
522 1020 217 50 entendre,
760 1022 130 50 aussi,
918 1023 84 40 bon
1026 1025 180 39 nombre
1226 1025 188 52 d'opéras
1432 1026 90 53 déjà
1542 1040 178 28 connus.
1754 1028 146 52 Enfin,
1922 1029 37 53 je
1977 1042 68 27 me

324 1091 90 39 suis
435 1093 177 51 procuré
634 1091 58 40 les
716 1093 258 54 principales
997 1095 223 52 partitions
1243 1096 93 52 qui,
1367 1098 189 52 pendant
1582 1106 64 33 cet
1668 1099 134 50 hiver,
1830 1101 122 39 n'ont
1972 1113 74 40 pas

325 1163 64 39 été
411 1176 55 26 au
489 1164 227 53 répertoire
735 1166 70 39 des
828 1167 142 39 scènes
988 1166 241 43 italiennes.
1268 1168 47 39 Je
1344 1181 127 40 pense
1496 1169 109 41 donc
1634 1171 183 53 pouvoir
1844 1172 203 40 formuler

327 1247 88 27 une
436 1235 181 54 opinion
641 1251 73 26 sur
736 1237 57 40 les
814 1239 134 38 écoles
969 1239 183 39 diverses
1170 1240 106 38 dans
1298 1240 221 53 lesquelles
1541 1242 172 40 brillent
1731 1242 144 53 Verdi,
1905 1244 141 39 Lauro

329 1307 140 52 Rossi,
505 1308 190 51 Gobatti,
744 1309 244 51 Marchetti,
1035 1310 250 51 Ponchielli,
1336 1311 192 53 Petrella,
1575 1314 216 52 Cagnoni,
1839 1315 202 51 Pedrotti,

327 1378 145 41 Carlos
494 1380 177 52 Gomez,
694 1381 152 39 Auteri
870 1381 269 53 Manzocchi,
1162 1382 143 40 Schira
1325 1390 41 31 et
1388 1393 155 31 autres.

380 1451 133 41 Est-il
544 1453 109 52 vrai,
676 1467 168 26 comme
875 1454 37 40 le
941 1454 278 42 soutiennent
1246 1459 206 40 certaines
1476 1457 167 53 plumes
1672 1460 229 52 exagérées,
1937 1472 110 42 pour

322 1523 240 53 lesquelles,
587 1538 52 26 en
669 1525 150 41 dehors
847 1526 49 39 de
928 1526 64 41 M.
1030 1527 186 41 Richard
1245 1529 192 54 Wagner
1469 1539 41 32 et
1532 1532 49 39 de
1609 1545 75 25 son
1706 1532 127 53 école,
1863 1531 29 40 il
1922 1533 72 52 n'y
2023 1547 24 26 a

323 1594 97 53 plus
444 1594 91 40 rien
563 1595 50 40 de
637 1599 100 50 bon,
759 1610 84 40 que
864 1598 155 39 l'ltalie
1040 1612 42 26 se
1111 1606 153 33 trouve
1292 1614 52 26 en
1382 1601 138 53 pleine
1553 1602 249 51 décadence,
1831 1611 40 31 et
1900 1616 83 39 que
2008 1602 38 40 le

324 1666 148 52 public
492 1666 52 40 de
566 1680 62 27 ses
649 1667 183 41 théâtres
854 1682 52 26 en
936 1669 80 39 soit
1044 1670 141 40 réduit
1212 1674 23 36 à
1263 1672 216 41 n'écouter
1507 1686 82 40 que
1622 1673 205 53 d'ineptes
1858 1675 183 50 ariettes,

325 1749 97 27 sans
444 1738 175 39 couleur
638 1738 284 54 dramatique,
947 1754 95 25 sans
1065 1741 161 39 science
1247 1755 181 40 aucune,
1452 1757 96 26 sans
1569 1745 131 39 vérité
1715 1747 16 38 ?

379 1808 73 40 S'il
473 1822 51 26 en
549 1810 102 39 était
672 1810 139 52 ainsi,'
830 1812 36 39 le
896 1812 130 51 grand
1052 1813 210 40 musicien
1295 1815 76 52 qui
1405 1815 181 41 maintes
1626 1816 79 40 fois
1739 1830 22 26 a
1788 1818 172 40 soulevé
1987 1820 58 39 les

324 1894 158 26 masses
505 1889 40 32 et
564 1882 94 40 leur
678 1896 23 25 a
724 1883 173 39 arraché
920 1884 56 39 les
998 1884 94 53 plus
1113 1884 186 41 chaudes
1320 1886 152 40 larmes
1494 1889 58 39 du
1574 1902 132 34 cœur,
1732 1890 183 41 n'aurait
1936 1891 109 40 donc

326 1952 104 40 écrit
452 1954 45 38 ni
518 1953 250 41 Jérusalem
784 1954 74 48 ,ni
877 1955 38 39 le
935 1955 166 40 dernier
1128 1964 88 32 acte
1250 1957 58 40 du
1344 1959 246 41 Trovatore
1595 1991 9 21 ,
1641 1961 45 39 ni
1713 1961 37 40 le
1782 1970 186 44 quatuor
1996 1963 51 39 de

327 2023 225 53 Rigoletto
569 2024 87 39 !Et
675 2025 120 40 Aïda
802 2058 8 20 ,
833 2025 75 54 qui
932 2027 213 42 constitue
1174 2042 85 26 une
1290 2029 298 43 modification
1614 2032 209 53 complète
1852 2034 57 38 du
1940 2035 106 53 style

328 2095 51 40 de
400 2096 140 51 Verdi,
564 2096 259 42 n'existerait
843 2095 102 55 pas?

381 2168 156 50 Certes,
558 2169 105 39 dans
685 2169 58 39 les
764 2170 224 52 premières
1009 2173 155 38 années
1186 2172 50 39 de
1262 2185 61 27 ses
1346 2175 159 49 succès,
1525 2175 37 40 le
1583 2178 151 38 maître
1754 2178 50 39 de
1824 2177 178 42 Busseto
2023 2194 23 25 a

324 2240 114 39 suivi
472 2240 58 39 les
558 2248 227 32 errements
815 2241 51 40 de
893 2242 142 39 l'école
1068 2244 265 54 sensualiste,
1362 2245 107 40 dont
1502 2247 206 40 certaines
1741 2249 226 53 partitions
1993 2251 53 39 de

330 2312 190 51 Rossini,
544 2312 50 40 de
619 2313 216 39 Donizetti
855 2321 41 32 et
915 2314 51 39 de
981 2314 156 40 Bellini
1153 2317 252 42 semblaient
1420 2317 83 40 être
1517 2318 320 45 l'incarnation.
1859 2323 56 39 Et
1930 2323 113 53 puis,

325 2385 132 40 écrire
478 2385 102 51 vite,
603 2384 186 53 négliger
810 2385 40 40 la
880 2387 175 39 couleur
1085 2388 270 53 orchestrale,
1385 2390 165 39 oublier
1581 2392 58 38 les
1664 2396 225 37 caractères
1919 2402 40 32 et
1987 2396 60 38 les

325 2456 266 49 sentiments,
612 2457 112 39 voilà
760 2457 70 39 des
858 2457 166 41 défauts
1051 2458 104 40 dont
1182 2459 126 41 Verdi
1336 2460 128 53 jeune
1498 2465 67 37 n'a
1595 2477 73 39 pas
1702 2465 64 38 été
1797 2464 36 40 le
1865 2466 182 52 premier

324 2528 216 54 coupable,
560 2542 68 26 car
649 2529 50 39 ils
721 2528 161 41 étaient
903 2543 51 26 en
977 2530 139 53 pleine
1136 2531 290 42 efflorescence
1456 2538 22 35 à
1513 2542 106 33 cette
1651 2537 179 52 époque.
1862 2538 118 39 Dans
2008 2539 38 39 le

324 2601 203 39 domaine
549 2601 72 40 des
643 2610 101 43 arts,
780 2615 165 26 comme
973 2616 51 26 en
1057 2611 138 32 toutes
1223 2604 160 50 choses,
1424 2606 145 52 quand
1602 2607 209 54 l'opinion
1839 2610 207 53 publique

325 2681 61 32 est
405 2673 143 40 lancée
568 2687 73 26 sur
662 2686 84 27 une
767 2674 219 40 mauvaise
1007 2683 143 45 pente,
1179 2676 31 39 il
1238 2676 105 40 n'est
1370 2691 74 39 pas
1471 2678 121 40 facile
1620 2682 24 36 à
1673 2693 59 26 un
1764 2681 205 40 débutant
1995 2683 51 40 de

325 2756 212 29 remonter
560 2745 36 40 le
616 2754 197 44 courant,
837 2746 174 40 devenir
1031 2747 119 40 sobre
1166 2756 40 31 et
1221 2749 181 52 sérieux,
1422 2749 109 41 alors
1548 2759 171 33 surtout
1739 2766 83 39 que
1837 2754 38 39 le
1890 2755 154 53 peuple

323 2817 211 40 l'idolâtre
556 2825 41 32 et
617 2825 150 32 trouve
789 2818 154 53 parfait
963 2828 94 31 tout
1082 2833 44 26 ce
1148 2820 75 52 qui
1247 2829 84 32 sort
1352 2821 51 39 de
1421 2836 42 25 sa
1482 2822 161 53 plume.

381 2888 111 40 Mais
511 2890 49 38 de
582 2889 143 48 Verdi,
745 2890 29 39 il
791 2904 26 39 y
838 2905 23 25 a
882 2891 247 53 vingt-cinq
1150 2905 90 39 ans,
1263 2896 22 35 à
1307 2893 183 40 l'auteur
1510 2895 27 38 d
1541 2895 8 15 9
1553 2895 120 41 Aïda
1695 2904 41 33 et
1761 2896 50 39 de
1837 2897 40 40 la
1910 2911 134 27 messe

324 2961 52 39 de
403 2961 209 54 Requiem
621 2994 7 18 ,
654 2962 39 39 la
713 2961 190 42 distance
924 2971 60 31 est
1014 2964 175 53 grande,
1217 2972 41 33 et
1289 2973 106 32 cette
1425 2965 345 42 transformation
1807 2968 69 40 n'a
1903 2971 139 39 même

324 3034 192 52 présenté
536 3034 91 39 rien
648 3033 49 40 de
718 3042 279 44 surprenant.
1027 3035 119 53 Trop
1165 3035 48 40 de
1235 3049 124 39 pages
1377 3037 147 51 vraies,
1549 3039 243 52 profondes,
1814 3040 157 53 pleines
1993 3042 50 41 de

324 3118 118 27 cœur
462 3115 41 30 et
525 3105 270 51 d'élévation,
821 3105 158 40 étaient
1000 3107 146 40 sorties
1166 3107 50 39 de
1237 3116 108 32 cette
1365 3109 147 52 plume
1539 3109 50 40 de
1614 3111 123 51 génie
1763 3125 111 40 pou;
1896 3126 85 39 que
2004 3114 39 40 la

323 3178 184 51 critique
528 3191 52 26 ne
602 3178 218 40 s'attendît
841 3178 122 53 point
983 3182 23 35 à
1028 3192 59 25 un
1109 3186 145 33 retour
1268 3192 92 27 vers
1378 3180 36 39 le
1437 3181 106 40 beau
1566 3182 222 54 classique.
1809 3184 59 40 La
1884 3185 158 41 science

325 3257 40 33 et
385 3250 215 40 l'habileté
619 3263 51 26 ne
690 3250 196 41 faisaient
904 3264 73 40 pas
994 3250 144 41 défaut
1153 3264 54 26 au
1221 3253 165 49 maître,
1410 3260 39 31 et
1468 3254 161 52 quand,
1651 3268 97 26 avec
1763 3269 64 26 ces
1842 3258 200 53 qualités,

326 3336 56 26 on
405 3322 173 53 possède
599 3323 37 39 le
658 3322 88 41 don
773 3323 316 53 d'inspiration,
1109 3337 56 26 on
1186 3322 75 42 fait
1278 3324 51 39 de
1350 3338 75 26 son
1447 3325 131 42 talent
1595 3340 44 26 ce
1657 3340 82 40 que
1762 3329 83 40 l'on
1872 3340 100 30 veut
2006 3339 40 33 et

327 3408 57 28 on
405 3396 38 40 le
462 3396 173 40 ramène
657 3395 240 41 facilement
919 3410 83 26 aux
1024 3396 200 41 altitudes
1246 3397 58 40 du
1327 3398 202 41 sublime.
