2593 4059
1075 926 343 69 VARIA

582 1169 385 61 Correspondance.
993 1169 25 61 —
1144 1170 143 44 Faits
1320 1170 159 45 divers
1486 1169 3 61 .
1490 1169 6 61 —
1534 1169 381 61 Nouvelles.

951 1576 227 55 FAITS
1246 1576 299 55 DIVERS

813 1788 24 23 A
866 1776 155 35 rentrée
1045 1775 67 35 des
1134 1774 142 36 classes
1292 1774 53 36 du
1373 1774 307 36 Conservatoire
1714 1775 47 34 de
1795 1774 185 48 musique
2009 1786 99 26 aura

815 1834 81 36 lieu
924 1835 35 35 le
988 1834 110 35 lundi
1119 1847 24 33 4
1165 1835 176 36 octobre.
1381 1835 73 35 Les
1477 1845 186 25 examens
1696 1833 258 37 d'admission
1990 1846 83 24 com-

817 1901 236 28 menceront
1074 1893 35 35 le
1130 1893 108 49 jeudi
1267 1905 44 33 14
1331 1894 180 35 octobre.
1540 1894 34 34 A
1597 1893 121 47 partir
1738 1893 53 35 du
1813 1893 113 35 lundi
1950 1905 46 35 27
2020 1905 64 36 sep-

815 1954 167 45 tembre,
1005 1952 55 36 les
1084 1951 257 48 inscriptions
1362 1959 136 29 seront
1525 1963 137 39 reçues
1693 1963 49 24 au
1780 1951 229 36 secrétariat
2048 1952 54 36 du

816 2011 318 46 Conservatoire,
1161 2023 70 24 rue
1247 2013 53 34 du
1322 2011 527 47 Faubourg-Poissonnière,
1876 2011 55 36 15.
1949 2011 128 49 Rappe-

814 2072 90 36 lons
936 2084 76 24 aux
1033 2072 194 47 aspirants
1254 2072 115 47 qu'ils
1401 2072 161 36 doivent
1599 2071 167 48 déposer
1797 2082 55 25 un
1881 2071 142 36 extrait
2056 2072 49 36 de

811 2131 85 36 leur
929 2139 84 28 acte
1035 2131 47 36 de
1106 2131 205 36 naissance
1334 2139 38 28 et
1394 2131 46 35 de
1475 2129 263 45 vaccination,
1758 2137 38 29 et
1822 2131 185 46 qu'avant
2034 2143 74 24 son

386 2188 219 38 admission
623 2190 99 37 dans
745 2190 56 37 les
823 2191 158 44 classes,
1006 2198 90 28 tout
1116 2190 109 37 élève
1248 2202 92 37 reçu
1368 2202 102 35 pour
1491 2189 36 36 le
1549 2190 120 36 chant
1701 2201 49 24 ou
1773 2189 36 36 la
1837 2189 268 37 déclamation

385 2248 85 36 doit
491 2250 202 48 s'engager
713 2262 141 24 envers
874 2250 34 36 le
929 2249 200 37 directeur
1150 2250 54 34 du
1225 2249 306 37 Conservatoire
1551 2261 8 25 :

440 2318 35 25 i°
493 2310 35 35 A
548 2321 40 24 se
611 2310 226 36 conformer
858 2310 345 46 rigoureusement
1233 2322 77 23 aux
1333 2309 241 47 règlements
1593 2317 38 28 et
1651 2310 148 35 arrêtés
1820 2310 68 47 qui
1910 2310 195 47 régissent

386 2367 36 37 le
445 2369 328 47 Conservatoire;

435 2437 40 25 2°
498 2429 35 35 A
555 2441 49 23 ne
627 2437 222 28 contracter
879 2428 315 47 d'engagement,
1230 2428 178 47 pendant
1427 2428 36 36 la
1484 2428 122 36 durée
1627 2428 47 36 de
1701 2439 59 25 ses
1787 2428 137 36 études
1947 2435 38 29 et
2006 2439 73 37 pen-

389 2487 96 35 dant
511 2487 36 35 le
569 2487 103 36 mois
698 2487 68 48 qui
795 2487 132 36 suivra
964 2486 87 36 leur
1089 2486 165 45 clôture,
1298 2498 93 25 avec
1424 2499 131 23 aucun
1588 2484 155 39 théâtre
1781 2499 53 23 ou
1872 2494 91 29 tout
1996 2494 113 29 autre

387 2547 300 36 établissement
726 2547 147 48 public,
916 2558 91 24 sans
1046 2558 78 24 une
1164 2546 267 36 autorisation
1469 2547 54 35 du
1557 2545 185 37 Ministre
1768 2546 47 36 de
1839 2545 272 37 l'instruction

385 2606 205 49 publique,
614 2608 70 34 des
706 2609 124 35 cultes
849 2615 39 28 et
908 2607 68 35 des
998 2607 237 44 beaux-arts,
1260 2607 188 35 accordée
1470 2618 68 24 sur
1557 2606 36 36 la
1616 2606 194 36 demande
1830 2606 52 35 du
1905 2606 202 36 directeur

388 2667 53 35 du
462 2667 333 47 Conservatoire;

440 2726 37 35 3°
500 2728 107 34 Dans
636 2727 35 35 le
694 2739 65 23 cas
781 2729 66 44 où,
871 2729 22 33 à
912 2726 36 36 la
967 2725 56 37 fin
1043 2726 46 35 de
1110 2738 59 24 ses
1191 2726 148 42 études,
1374 2737 74 24 son
1483 2738 198 24 concours
1715 2725 117 37 serait
1854 2724 169 38 réclamé
2043 2738 68 37 par

388 2786 85 36 l'un
494 2787 68 35 des
585 2785 174 37 théâtres
781 2786 327 46 subventionnés,
1132 2789 22 32 à
1178 2792 226 30 contracter
1435 2797 54 24 un
1527 2794 264 40 engagement
1827 2785 47 36 de
1908 2785 104 37 deux
2040 2797 71 24 ans

388 2857 95 24 avec
505 2845 36 36 le
560 2846 198 36 directeur
778 2846 47 35 de
848 2858 43 24 ce
912 2846 166 45 théâtre,
1093 2858 77 23 aux
1190 2844 231 37 conditions
1448 2845 266 37 déterminées
1742 2857 69 36 par
1825 2846 128 36 arrêté
1973 2845 115 36 minis-

387 2905 133 38 tériel.

501 3044 55 35 M.
580 3043 36 36 le
640 3043 185 36 Ministre
847 3044 68 35 des
937 3044 229 35 beaux-arts
1185 3044 108 36 vient
1314 3045 47 35 de
1384 3044 195 36 souscrire
1598 3056 76 24 aux
1695 3056 193 36 ouvrages
1909 3046 200 38 suivants:

440 3118 34 27 i°
494 3110 158 35 Heures
674 3109 239 36 chrétiennes
922 3123 12 32 ;
962 3123 10 21 i
982 3117 28 17 er
1027 3116 167 41 quatuor
1220 3122 102 35 pour
1350 3109 265 37 instruments
1634 3110 21 35 à
1677 3111 159 46 cordes;
1858 3112 245 47 Symphonie

384 3176 250 30 concertante
655 3181 102 35 pour
773 3170 102 35 deux
892 3169 159 36 violons
1072 3177 37 27 et
1130 3170 216 46 orchestre,
1369 3180 70 37 par
1462 3171 110 35 Léon
1592 3170 188 47 Gastinel,
1803 3171 125 47 grand
1950 3170 85 48 prix
2054 3173 48 35 de

392 3231 125 34 Rome
531 3239 8 34 ;

433 3298 40 28 2°
499 3288 124 38 Ecole
650 3289 190 48 classique
866 3290 50 34 du
943 3289 117 36 chant
1065 3318 9 18 ,
1102 3302 71 35 par
1195 3290 179 36 madame
1397 3290 165 36 Pauline
1585 3291 191 47 Viardot;

1411 3340 9 8 /

439 3349 37 35 3°
506 3349 191 36 Concerto
725 3349 47 35 de
797 3349 125 36 violon
945 3361 93 24 avec
1059 3349 214 43 orchestre,
1303 3362 70 35 par
1395 3351 188 34 Edouard
1608 3351 95 36 Lalo
1717 3362 9 35 ;

433 3418 42 37 4°
501 3408 249 49 Symphonie
771 3408 244 49 romantique
1020 3439 7 16 ,
1051 3422 69 35 par
1141 3409 184 37 Victorin
1347 3410 232 47 Joncières;
