<?xml version="1.0" encoding="UTF-8"?>
<alto xmlns:xsi="http://www.w3.org/2001/XMLSchema-instance" xmlns="http://www.loc.gov/standards/alto/ns-v2#" xsi:schemaLocation="http://www.loc.gov/standards/alto/ns-v2# http://www.loc.gov/standards/alto/alto-v2.0.xsd" xmlns:xlink="http://www.w3.org/1999/xlink">
	<Description>
		<MeasurementUnit>mm10</MeasurementUnit>
		<sourceImageInformation>
			<fileName>//fileserver7/IN2/Princeton/Batch3/bmtnabc/1875/09/15_01/00000256.tif</fileName>
		</sourceImageInformation>
		<OCRProcessing ID="OCRPROCESSING_1">
			<preProcessingStep>
				<processingSoftware>
					<softwareCreator>CCS Content Conversion Specialists GmbH, Germany</softwareCreator>
					<softwareName>CCS docWORKS</softwareName>
					<softwareVersion>6.6-1.18</softwareVersion>
				</processingSoftware>
			</preProcessingStep>
			<ocrProcessingStep>
				<processingSoftware>
					<softwareCreator>ABBYY (BIT Software), Russia</softwareCreator>
					<softwareName>FineReader</softwareName>
					<softwareVersion>10.0</softwareVersion>
				</processingSoftware>
			</ocrProcessingStep>
		</OCRProcessing>
		<OCRProcessing ID="OCRPROCESSING_2">
			<preProcessingStep>
				<processingSoftware>
					<softwareCreator>CCS Content Conversion Specialists GmbH, Germany</softwareCreator>
					<softwareName>CCS docWORKS</softwareName>
					<softwareVersion>6.6-1.18</softwareVersion>
				</processingSoftware>
			</preProcessingStep>
			<ocrProcessingStep>
				<processingSoftware>
					<softwareCreator>ABBYY (BIT Software), Russia</softwareCreator>
					<softwareName>NA</softwareName>
				</processingSoftware>
			</ocrProcessingStep>
		</OCRProcessing>
	</Description>
	<Styles>
		<TextStyle ID="TXT_0" FONTSIZE="21" FONTFAMILY="Times New Roman"/>
		<TextStyle ID="TXT_1" FONTSIZE="15" FONTFAMILY="Times New Roman"/>
		<TextStyle ID="TXT_2" FONTSIZE="14" FONTFAMILY="Times New Roman"/>
		<TextStyle ID="TXT_3" FONTSIZE="15" FONTFAMILY="Times New Roman" FONTSTYLE="italics"/>
		<TextStyle ID="TXT_4" FONTSIZE="16" FONTFAMILY="Times New Roman"/>
		<ParagraphStyle ID="PAR_LEFT" ALIGN="Left"/>
		<ParagraphStyle ID="PAR_RIGHT" ALIGN="Right"/>
		<ParagraphStyle ID="PAR_BLOCK" ALIGN="Block"/>
	</Styles>
	<Layout>
		<Page ID="P10" PHYSICAL_IMG_NR="10" HEIGHT="4059" WIDTH="2593" PRINTED_IMG_NR="250" PC="0.922">
			<TopMargin ID="P10_TM00001" HPOS="0" VPOS="0" WIDTH="2593" HEIGHT="556">
				<TextBlock ID="P10_TB00001" HPOS="504" VPOS="502" WIDTH="85" HEIGHT="40" STYLEREFS="TXT_0 PAR_LEFT">
					<TextLine ID="P10_TL00001" HPOS="589" VPOS="542" WIDTH="0" HEIGHT="0">
						<String ID="P10_ST00001" HPOS="589" VPOS="542" WIDTH="0" HEIGHT="0" CONTENT="250" WC="1.00" CC="000"/>
					</TextLine>
				</TextBlock>
				<TextBlock ID="P10_TB00002" HPOS="979" VPOS="502" WIDTH="845" HEIGHT="51" STYLEREFS="TXT_1 PAR_RIGHT">
					<TextLine ID="P10_TL00002" HPOS="979" VPOS="502" WIDTH="845" HEIGHT="50">
						<String ID="P10_ST00002" HPOS="979" VPOS="503" WIDTH="78" HEIGHT="42" CONTENT="LA" WC="0.44" CC="64"/>
						<SP ID="P10_SP00001" HPOS="1057" VPOS="545" WIDTH="30"/>
						<String ID="P10_ST00003" HPOS="1087" VPOS="502" WIDTH="384" HEIGHT="50" CONTENT="CHRONIQUE" WC="1.00" CC="560000000"/>
						<SP ID="P10_SP00002" HPOS="1471" VPOS="552" WIDTH="35"/>
						<String ID="P10_ST00004" HPOS="1506" VPOS="502" WIDTH="318" HEIGHT="41" CONTENT="MUSICALE" WC="1.00" CC="00003030"/>
					</TextLine>
				</TextBlock>
			</TopMargin>
			<LeftMargin ID="P10_LM00001" HPOS="0" VPOS="556" WIDTH="502" HEIGHT="3008"/>
			<RightMargin ID="P10_RM00001" HPOS="2253" VPOS="556" WIDTH="340" HEIGHT="3008"/>
			<BottomMargin ID="P10_BM00001" HPOS="0" VPOS="3564" WIDTH="2593" HEIGHT="495"/>
			<PrintSpace ID="P10_PS00001" HPOS="502" VPOS="556" WIDTH="1751" HEIGHT="3008">
				<TextBlock ID="P10_TB00003" HPOS="502" VPOS="645" WIDTH="1751" HEIGHT="1369" STYLEREFS="TXT_2 PAR_BLOCK">
					<TextLine ID="P10_TL00003" HPOS="503" VPOS="646" WIDTH="1748" HEIGHT="58">
						<String ID="P10_ST00005" HPOS="503" VPOS="646" WIDTH="94" HEIGHT="42" CONTENT="faut" WC="0.97" CC="0606"/>
						<SP ID="P10_SP00003" HPOS="597" VPOS="688" WIDTH="20"/>
						<String ID="P10_ST00006" HPOS="617" VPOS="649" WIDTH="308" HEIGHT="41" CONTENT="s'accoutumer" WC="0.99" CC="032120543006"/>
						<SP ID="P10_SP00004" HPOS="925" VPOS="690" WIDTH="21"/>
						<String ID="P10_ST00007" HPOS="946" VPOS="654" WIDTH="22" HEIGHT="35" CONTENT="à" WC="0.24" CC="7"/>
						<SP ID="P10_SP00005" HPOS="968" VPOS="690" WIDTH="22"/>
						<String ID="P10_ST00008" HPOS="990" VPOS="663" WIDTH="64" HEIGHT="26" CONTENT="ces" WC="1.00" CC="000"/>
						<SP ID="P10_SP00006" HPOS="1054" VPOS="690" WIDTH="24"/>
						<String ID="P10_ST00009" HPOS="1078" VPOS="650" WIDTH="97" HEIGHT="40" CONTENT="voix" WC="0.95" CC="2666"/>
						<SP ID="P10_SP00007" HPOS="1175" VPOS="690" WIDTH="22"/>
						<String ID="P10_ST00010" HPOS="1197" VPOS="649" WIDTH="250" HEIGHT="41" CONTENT="artificielles" WC="1.00" CC="0605220204200"/>
						<SP ID="P10_SP00008" HPOS="1447" VPOS="690" WIDTH="20"/>
						<String ID="P10_ST00011" HPOS="1467" VPOS="663" WIDTH="109" HEIGHT="41" CONTENT="pour" WC="0.98" CC="0506"/>
						<SP ID="P10_SP00009" HPOS="1576" VPOS="704" WIDTH="17"/>
						<String ID="P10_ST00012" HPOS="1593" VPOS="649" WIDTH="58" HEIGHT="40" CONTENT="les" WC="0.98" CC="500"/>
						<SP ID="P10_SP00010" HPOS="1651" VPOS="704" WIDTH="22"/>
						<String ID="P10_ST00013" HPOS="1673" VPOS="652" WIDTH="165" HEIGHT="51" CONTENT="goûter." WC="0.99" CC="9000204"/>
						<SP ID="P10_SP00011" HPOS="1838" VPOS="704" WIDTH="23"/>
						<String ID="P10_ST00014" HPOS="1861" VPOS="649" WIDTH="58" HEIGHT="40" CONTENT="Le" WC="0.60" CC="06"/>
						<SP ID="P10_SP00012" HPOS="1919" VPOS="704" WIDTH="18"/>
						<String ID="P10_ST00015" HPOS="1937" VPOS="650" WIDTH="154" HEIGHT="39" CONTENT="timbre" WC="0.98" CC="034613"/>
						<SP ID="P10_SP00013" HPOS="2091" VPOS="704" WIDTH="23"/>
						<String ID="P10_ST00016" HPOS="2114" VPOS="664" WIDTH="52" HEIGHT="26" CONTENT="en" WC="0.64" CC="07"/>
						<SP ID="P10_SP00014" HPOS="2166" VPOS="704" WIDTH="23"/>
						<String ID="P10_ST00017" HPOS="2189" VPOS="659" WIDTH="62" HEIGHT="33" CONTENT="est" WC="0.97" CC="070"/>
					</TextLine>
					<TextLine ID="P10_TL00004" HPOS="504" VPOS="721" WIDTH="1745" HEIGHT="55">
						<String ID="P10_ST00018" HPOS="504" VPOS="721" WIDTH="115" HEIGHT="39" CONTENT="aussi" WC="1.00" CC="00000"/>
						<SP ID="P10_SP00015" HPOS="619" VPOS="760" WIDTH="23"/>
						<String ID="P10_ST00019" HPOS="642" VPOS="722" WIDTH="101" HEIGHT="40" CONTENT="clair" WC="0.99" CC="01004"/>
						<SP ID="P10_SP00016" HPOS="743" VPOS="762" WIDTH="21"/>
						<String ID="P10_ST00020" HPOS="764" VPOS="731" WIDTH="40" HEIGHT="32" CONTENT="et" WC="0.69" CC="06"/>
						<SP ID="P10_SP00017" HPOS="804" VPOS="763" WIDTH="20"/>
						<String ID="P10_ST00021" HPOS="824" VPOS="732" WIDTH="172" HEIGHT="43" CONTENT="perçant" WC="0.99" CC="0093070"/>
						<SP ID="P10_SP00018" HPOS="996" VPOS="775" WIDTH="20"/>
						<String ID="P10_ST00022" HPOS="1016" VPOS="736" WIDTH="83" HEIGHT="40" CONTENT="que" WC="0.97" CC="230"/>
						<SP ID="P10_SP00019" HPOS="1099" VPOS="776" WIDTH="21"/>
						<String ID="P10_ST00023" HPOS="1120" VPOS="723" WIDTH="109" HEIGHT="40" CONTENT="celui" WC="0.99" CC="00150"/>
						<SP ID="P10_SP00020" HPOS="1229" VPOS="776" WIDTH="22"/>
						<String ID="P10_ST00024" HPOS="1251" VPOS="723" WIDTH="72" HEIGHT="40" CONTENT="des" WC="0.98" CC="410"/>
						<SP ID="P10_SP00021" HPOS="1323" VPOS="776" WIDTH="22"/>
						<String ID="P10_ST00025" HPOS="1345" VPOS="724" WIDTH="168" HEIGHT="40" CONTENT="enfants" WC="0.98" CC="0634600"/>
						<SP ID="P10_SP00022" HPOS="1513" VPOS="776" WIDTH="19"/>
						<String ID="P10_ST00026" HPOS="1532" VPOS="724" WIDTH="49" HEIGHT="39" CONTENT="de" WC="1.00" CC="00"/>
						<SP ID="P10_SP00023" HPOS="1581" VPOS="776" WIDTH="18"/>
						<String ID="P10_ST00027" HPOS="1599" VPOS="724" WIDTH="165" HEIGHT="52" CONTENT="chœur," WC="1.00" CC="000004"/>
						<SP ID="P10_SP00024" HPOS="1764" VPOS="776" WIDTH="22"/>
						<String ID="P10_ST00028" HPOS="1786" VPOS="731" WIDTH="41" HEIGHT="32" CONTENT="et" WC="0.73" CC="50"/>
						<SP ID="P10_SP00025" HPOS="1827" VPOS="776" WIDTH="22"/>
						<String ID="P10_ST00029" HPOS="1849" VPOS="724" WIDTH="39" HEIGHT="39" CONTENT="la" WC="0.81" CC="03"/>
						<SP ID="P10_SP00026" HPOS="1888" VPOS="776" WIDTH="22"/>
						<String ID="P10_ST00030" HPOS="1910" VPOS="723" WIDTH="188" HEIGHT="40" CONTENT="sonorité" WC="0.99" CC="00610256"/>
						<SP ID="P10_SP00027" HPOS="2098" VPOS="776" WIDTH="19"/>
						<String ID="P10_ST00031" HPOS="2117" VPOS="724" WIDTH="106" HEIGHT="40" CONTENT="beau" SUBS_TYPE="HypPart1" SUBS_CONTENT="beaucoup" WC="0.98" CC="0280"/>
						<HYP HPOS="2223" VPOS="724" WIDTH="26" CONTENT="-"/>
					</TextLine>
					<TextLine ID="P10_TL00005" HPOS="506" VPOS="795" WIDTH="1742" HEIGHT="56">
						<String ID="P10_ST00032" HPOS="506" VPOS="807" WIDTH="111" HEIGHT="41" CONTENT="coup" SUBS_TYPE="HypPart2" SUBS_CONTENT="beaucoup" WC="1.00" CC="0020"/>
						<SP ID="P10_SP00028" HPOS="617" VPOS="848" WIDTH="33"/>
						<String ID="P10_ST00033" HPOS="650" VPOS="795" WIDTH="96" HEIGHT="53" CONTENT="plus" WC="1.00" CC="0100"/>
						<SP ID="P10_SP00029" HPOS="746" VPOS="848" WIDTH="32"/>
						<String ID="P10_ST00034" HPOS="778" VPOS="795" WIDTH="121" HEIGHT="40" CONTENT="forte," WC="0.98" CC="004904"/>
						<SP ID="P10_SP00030" HPOS="899" VPOS="848" WIDTH="27"/>
						<String ID="P10_ST00035" HPOS="926" VPOS="795" WIDTH="78" HEIGHT="40" CONTENT="Ces" WC="0.98" CC="500"/>
						<SP ID="P10_SP00031" HPOS="1004" VPOS="848" WIDTH="25"/>
						<String ID="P10_ST00036" HPOS="1029" VPOS="796" WIDTH="99" HEIGHT="40" CONTENT="voix" WC="0.97" CC="3045"/>
						<SP ID="P10_SP00032" HPOS="1128" VPOS="848" WIDTH="27"/>
						<String ID="P10_ST00037" HPOS="1155" VPOS="807" WIDTH="77" HEIGHT="30" CONTENT="ont" WC="0.99" CC="020"/>
						<SP ID="P10_SP00033" HPOS="1232" VPOS="848" WIDTH="34"/>
						<String ID="P10_ST00038" HPOS="1266" VPOS="811" WIDTH="181" HEIGHT="40" CONTENT="presque" WC="1.00" CC="0000000"/>
						<SP ID="P10_SP00034" HPOS="1447" VPOS="851" WIDTH="29"/>
						<String ID="P10_ST00039" HPOS="1476" VPOS="796" WIDTH="195" HEIGHT="54" CONTENT="toujours" WC="0.99" CC="00270500"/>
						<SP ID="P10_SP00035" HPOS="1671" VPOS="851" WIDTH="32"/>
						<String ID="P10_ST00040" HPOS="1703" VPOS="797" WIDTH="185" HEIGHT="53" CONTENT="quelque" WC="0.99" CC="0404070"/>
						<SP ID="P10_SP00036" HPOS="1888" VPOS="851" WIDTH="34"/>
						<String ID="P10_ST00041" HPOS="1922" VPOS="796" WIDTH="126" HEIGHT="41" CONTENT="chose" WC="1.00" CC="01000"/>
						<SP ID="P10_SP00037" HPOS="2048" VPOS="851" WIDTH="34"/>
						<String ID="P10_ST00042" HPOS="2082" VPOS="797" WIDTH="52" HEIGHT="40" CONTENT="de" WC="0.96" CC="00"/>
						<SP ID="P10_SP00038" HPOS="2134" VPOS="851" WIDTH="34"/>
						<String ID="P10_ST00043" HPOS="2168" VPOS="810" WIDTH="80" HEIGHT="40" CONTENT="sec," WC="0.99" CC="0004"/>
					</TextLine>
					<TextLine ID="P10_TL00006" HPOS="505" VPOS="866" WIDTH="1743" HEIGHT="58">
						<String ID="P10_ST00044" HPOS="505" VPOS="867" WIDTH="176" HEIGHT="52" CONTENT="d'aigre," WC="0.99" CC="04026444"/>
						<SP ID="P10_SP00039" HPOS="681" VPOS="919" WIDTH="19"/>
						<String ID="P10_ST00045" HPOS="700" VPOS="866" WIDTH="166" HEIGHT="53" CONTENT="éloigné" WC="0.98" CC="6025935"/>
						<SP ID="P10_SP00040" HPOS="866" VPOS="919" WIDTH="21"/>
						<String ID="P10_ST00046" HPOS="887" VPOS="867" WIDTH="49" HEIGHT="40" CONTENT="de" WC="1.00" CC="00"/>
						<SP ID="P10_SP00041" HPOS="936" VPOS="919" WIDTH="21"/>
						<String ID="P10_ST00047" HPOS="957" VPOS="868" WIDTH="39" HEIGHT="40" CONTENT="la" WC="0.80" CC="30"/>
						<SP ID="P10_SP00042" HPOS="996" VPOS="919" WIDTH="20"/>
						<String ID="P10_ST00048" HPOS="1016" VPOS="869" WIDTH="191" HEIGHT="41" CONTENT="douceur" WC="0.99" CC="7050000"/>
						<SP ID="P10_SP00043" HPOS="1207" VPOS="919" WIDTH="34"/>
						<String ID="P10_ST00049" HPOS="1241" VPOS="870" WIDTH="189" HEIGHT="53" CONTENT="juvénile" WC="0.99" CC="51006400"/>
						<SP ID="P10_SP00044" HPOS="1430" VPOS="923" WIDTH="21"/>
						<String ID="P10_ST00050" HPOS="1451" VPOS="880" WIDTH="39" HEIGHT="30" CONTENT="et" WC="1.00" CC="00"/>
						<SP ID="P10_SP00045" HPOS="1490" VPOS="923" WIDTH="22"/>
						<String ID="P10_ST00051" HPOS="1512" VPOS="869" WIDTH="229" HEIGHT="41" CONTENT="moelleuse" WC="1.00" CC="000000330"/>
						<SP ID="P10_SP00046" HPOS="1741" VPOS="923" WIDTH="19"/>
						<String ID="P10_ST00052" HPOS="1760" VPOS="870" WIDTH="51" HEIGHT="40" CONTENT="de" WC="1.00" CC="00"/>
						<SP ID="P10_SP00047" HPOS="1811" VPOS="923" WIDTH="15"/>
						<String ID="P10_ST00053" HPOS="1826" VPOS="870" WIDTH="190" HEIGHT="54" CONTENT="l'organe" WC="0.98" CC="04049960"/>
						<SP ID="P10_SP00048" HPOS="2016" VPOS="924" WIDTH="21"/>
						<String ID="P10_ST00054" HPOS="2037" VPOS="869" WIDTH="185" HEIGHT="41" CONTENT="féminin" WC="0.98" CC="0604632"/>
						<SP ID="P10_SP00049" HPOS="2222" VPOS="924" WIDTH="16"/>
						<String ID="P10_ST00055" HPOS="2238" VPOS="884" WIDTH="10" HEIGHT="35" CONTENT=";" WC="0.12" CC="8"/>
					</TextLine>
					<TextLine ID="P10_TL00007" HPOS="503" VPOS="939" WIDTH="1748" HEIGHT="58">
						<String ID="P10_ST00056" HPOS="503" VPOS="940" WIDTH="109" HEIGHT="38" CONTENT="mais" WC="0.99" CC="0040"/>
						<SP ID="P10_SP00050" HPOS="612" VPOS="978" WIDTH="34"/>
						<String ID="P10_ST00057" HPOS="646" VPOS="939" WIDTH="98" HEIGHT="41" CONTENT="elles" WC="0.99" CC="02600"/>
						<SP ID="P10_SP00051" HPOS="744" VPOS="980" WIDTH="35"/>
						<String ID="P10_ST00058" HPOS="779" VPOS="948" WIDTH="98" HEIGHT="33" CONTENT="sont" WC="0.97" CC="0256"/>
						<SP ID="P10_SP00052" HPOS="877" VPOS="981" WIDTH="41"/>
						<String ID="P10_ST00059" HPOS="918" VPOS="941" WIDTH="233" HEIGHT="51" CONTENT="brillantes," WC="0.99" CC="00465060007"/>
						<SP ID="P10_SP00053" HPOS="1151" VPOS="992" WIDTH="39"/>
						<String ID="P10_ST00060" HPOS="1190" VPOS="943" WIDTH="176" HEIGHT="53" CONTENT="légères," WC="1.00" CC="00010004"/>
						<SP ID="P10_SP00054" HPOS="1366" VPOS="996" WIDTH="36"/>
						<String ID="P10_ST00061" HPOS="1402" VPOS="943" WIDTH="160" HEIGHT="54" CONTENT="pleines" WC="0.99" CC="0004700"/>
						<SP ID="P10_SP00055" HPOS="1562" VPOS="997" WIDTH="37"/>
						<String ID="P10_ST00062" HPOS="1599" VPOS="943" WIDTH="166" HEIGHT="52" CONTENT="d'éclat," WC="0.99" CC="04000044"/>
						<SP ID="P10_SP00056" HPOS="1765" VPOS="997" WIDTH="35"/>
						<String ID="P10_ST00063" HPOS="1800" VPOS="946" WIDTH="82" HEIGHT="37" CONTENT="très" WC="0.99" CC="0020"/>
						<SP ID="P10_SP00057" HPOS="1882" VPOS="997" WIDTH="45"/>
						<String ID="P10_ST00064" HPOS="1927" VPOS="943" WIDTH="126" HEIGHT="41" CONTENT="fortes" WC="1.00" CC="020200"/>
						<SP ID="P10_SP00058" HPOS="2053" VPOS="997" WIDTH="38"/>
						<String ID="P10_ST00065" HPOS="2091" VPOS="954" WIDTH="40" HEIGHT="30" CONTENT="et" WC="0.36" CC="84"/>
						<SP ID="P10_SP00059" HPOS="2131" VPOS="997" WIDTH="40"/>
						<String ID="P10_ST00066" HPOS="2171" VPOS="945" WIDTH="80" HEIGHT="38" CONTENT="très" WC="0.96" CC="1664"/>
					</TextLine>
					<TextLine ID="P10_TL00008" HPOS="502" VPOS="1011" WIDTH="262" HEIGHT="42">
						<String ID="P10_ST00067" HPOS="502" VPOS="1011" WIDTH="220" HEIGHT="42" CONTENT="étendues." WC="0.99" CC="060700004"/>
						<SP ID="P10_SP00060" HPOS="722" VPOS="1053" WIDTH="24"/>
						<String ID="P10_ST00068" HPOS="746" VPOS="1029" WIDTH="18" HEIGHT="20" CONTENT="»" WC="0.68" CC="3"/>
					</TextLine>
					<TextLine ID="P10_TL00009" HPOS="558" VPOS="1084" WIDTH="1686" HEIGHT="60">
						<String ID="P10_ST00069" HPOS="558" VPOS="1084" WIDTH="216" HEIGHT="53" CONTENT="Ajoutons" WC="1.00" CC="00010060"/>
						<SP ID="P10_SP00061" HPOS="774" VPOS="1137" WIDTH="43"/>
						<String ID="P10_ST00070" HPOS="817" VPOS="1087" WIDTH="106" HEIGHT="53" CONTENT="qu'il" WC="0.97" CC="06453"/>
						<SP ID="P10_SP00062" HPOS="923" VPOS="1140" WIDTH="17"/>
						<String ID="P10_ST00071" HPOS="940" VPOS="1101" WIDTH="27" HEIGHT="40" CONTENT="y" WC="0.31" CC="6"/>
						<SP ID="P10_SP00063" HPOS="967" VPOS="1141" WIDTH="19"/>
						<String ID="P10_ST00072" HPOS="986" VPOS="1101" WIDTH="23" HEIGHT="26" CONTENT="a" WC="0.18" CC="8"/>
						<SP ID="P10_SP00064" HPOS="1009" VPOS="1141" WIDTH="29"/>
						<String ID="P10_ST00073" HPOS="1038" VPOS="1096" WIDTH="174" HEIGHT="32" CONTENT="castrats" WC="1.00" CC="00000900"/>
						<SP ID="P10_SP00065" HPOS="1212" VPOS="1141" WIDTH="33"/>
						<String ID="P10_ST00074" HPOS="1245" VPOS="1096" WIDTH="40" HEIGHT="32" CONTENT="et" WC="0.68" CC="06"/>
						<SP ID="P10_SP00066" HPOS="1285" VPOS="1141" WIDTH="34"/>
						<String ID="P10_ST00075" HPOS="1319" VPOS="1096" WIDTH="191" HEIGHT="44" CONTENT="castrats," WC="1.00" CC="070000004"/>
						<SP ID="P10_SP00067" HPOS="1510" VPOS="1141" WIDTH="25"/>
						<String ID="P10_ST00076" HPOS="1535" VPOS="1102" WIDTH="169" HEIGHT="27" CONTENT="comme" WC="1.00" CC="00000"/>
						<SP ID="P10_SP00068" HPOS="1704" VPOS="1141" WIDTH="20"/>
						<String ID="P10_ST00077" HPOS="1724" VPOS="1089" WIDTH="30" HEIGHT="40" CONTENT="il" WC="0.75" CC="40"/>
						<SP ID="P10_SP00069" HPOS="1754" VPOS="1141" WIDTH="24"/>
						<String ID="P10_ST00078" HPOS="1778" VPOS="1105" WIDTH="28" HEIGHT="39" CONTENT="y" WC="0.43" CC="5"/>
						<SP ID="P10_SP00070" HPOS="1806" VPOS="1144" WIDTH="21"/>
						<String ID="P10_ST00079" HPOS="1827" VPOS="1104" WIDTH="22" HEIGHT="26" CONTENT="a" WC="1.00" CC="0"/>
						<SP ID="P10_SP00071" HPOS="1849" VPOS="1144" WIDTH="23"/>
						<String ID="P10_ST00080" HPOS="1872" VPOS="1091" WIDTH="134" HEIGHT="52" CONTENT="fagots" WC="0.99" CC="006040"/>
						<SP ID="P10_SP00072" HPOS="2006" VPOS="1144" WIDTH="23"/>
						<String ID="P10_ST00081" HPOS="2029" VPOS="1098" WIDTH="40" HEIGHT="33" CONTENT="et" WC="1.00" CC="00"/>
						<SP ID="P10_SP00073" HPOS="2069" VPOS="1144" WIDTH="23"/>
						<String ID="P10_ST00082" HPOS="2092" VPOS="1089" WIDTH="152" HEIGHT="54" CONTENT="fagots." WC="0.99" CC="0800600"/>
					</TextLine>
					<TextLine ID="P10_TL00010" HPOS="506" VPOS="1157" WIDTH="1745" HEIGHT="58">
						<String ID="P10_ST00083" HPOS="506" VPOS="1157" WIDTH="81" HEIGHT="44" CONTENT="Les" WC="0.97" CC="008"/>
						<SP ID="P10_SP00074" HPOS="587" VPOS="1201" WIDTH="22"/>
						<String ID="P10_ST00084" HPOS="609" VPOS="1157" WIDTH="233" HEIGHT="41" CONTENT="chanteurs" WC="0.99" CC="005010340"/>
						<SP ID="P10_SP00075" HPOS="842" VPOS="1201" WIDTH="22"/>
						<String ID="P10_ST00085" HPOS="864" VPOS="1160" WIDTH="75" HEIGHT="53" CONTENT="qui" WC="0.99" CC="010"/>
						<SP ID="P10_SP00076" HPOS="939" VPOS="1213" WIDTH="25"/>
						<String ID="P10_ST00086" HPOS="964" VPOS="1171" WIDTH="74" HEIGHT="30" CONTENT="ont" WC="0.97" CC="043"/>
						<SP ID="P10_SP00077" HPOS="1038" VPOS="1213" WIDTH="22"/>
						<String ID="P10_ST00087" HPOS="1060" VPOS="1161" WIDTH="71" HEIGHT="39" CONTENT="des" WC="1.00" CC="000"/>
						<SP ID="P10_SP00078" HPOS="1131" VPOS="1213" WIDTH="21"/>
						<String ID="P10_ST00088" HPOS="1152" VPOS="1161" WIDTH="100" HEIGHT="40" CONTENT="voix" WC="0.97" CC="0048"/>
						<SP ID="P10_SP00079" HPOS="1252" VPOS="1213" WIDTH="23"/>
						<String ID="P10_ST00089" HPOS="1275" VPOS="1161" WIDTH="216" HEIGHT="51" CONTENT="blanches," WC="0.99" CC="010300054"/>
						<SP ID="P10_SP00080" HPOS="1491" VPOS="1213" WIDTH="21"/>
						<String ID="P10_ST00090" HPOS="1512" VPOS="1161" WIDTH="72" HEIGHT="40" CONTENT="des" WC="1.00" CC="000"/>
						<SP ID="P10_SP00081" HPOS="1584" VPOS="1213" WIDTH="23"/>
						<String ID="P10_ST00091" HPOS="1607" VPOS="1162" WIDTH="98" HEIGHT="39" CONTENT="voix" WC="0.98" CC="0026"/>
						<SP ID="P10_SP00082" HPOS="1705" VPOS="1213" WIDTH="23"/>
						<String ID="P10_ST00092" HPOS="1728" VPOS="1162" WIDTH="50" HEIGHT="39" CONTENT="de" WC="1.00" CC="00"/>
						<SP ID="P10_SP00083" HPOS="1778" VPOS="1213" WIDTH="19"/>
						<String ID="P10_ST00093" HPOS="1797" VPOS="1162" WIDTH="174" HEIGHT="53" CONTENT="fausset," WC="1.00" CC="00000004"/>
						<SP ID="P10_SP00084" HPOS="1971" VPOS="1215" WIDTH="17"/>
						<String ID="P10_ST00094" HPOS="1988" VPOS="1163" WIDTH="73" HEIGHT="39" CONTENT="des" WC="1.00" CC="000"/>
						<SP ID="P10_SP00085" HPOS="2061" VPOS="1215" WIDTH="18"/>
						<String ID="P10_ST00095" HPOS="2079" VPOS="1164" WIDTH="148" HEIGHT="39" CONTENT="hautes" SUBS_TYPE="HypPart1" SUBS_CONTENT="hautescontre," WC="0.99" CC="310500"/>
						<HYP HPOS="2227" VPOS="1164" WIDTH="24" CONTENT="-"/>
					</TextLine>
					<TextLine ID="P10_TL00011" HPOS="503" VPOS="1233" WIDTH="1747" HEIGHT="56">
						<String ID="P10_ST00096" HPOS="503" VPOS="1237" WIDTH="160" HEIGHT="44" CONTENT="contre," SUBS_TYPE="HypPart2" SUBS_CONTENT="hautescontre," WC="0.99" CC="0333704"/>
						<SP ID="P10_SP00086" HPOS="663" VPOS="1281" WIDTH="37"/>
						<String ID="P10_ST00097" HPOS="700" VPOS="1241" WIDTH="95" HEIGHT="30" CONTENT="sont" WC="1.00" CC="0020"/>
						<SP ID="P10_SP00087" HPOS="795" VPOS="1281" WIDTH="29"/>
						<String ID="P10_ST00098" HPOS="824" VPOS="1233" WIDTH="174" HEIGHT="52" CONTENT="exposés" WC="1.00" CC="0000030"/>
						<SP ID="P10_SP00088" HPOS="998" VPOS="1285" WIDTH="23"/>
						<String ID="P10_ST00099" HPOS="1021" VPOS="1237" WIDTH="22" HEIGHT="35" CONTENT="à" WC="0.87" CC="1"/>
						<SP ID="P10_SP00089" HPOS="1043" VPOS="1285" WIDTH="28"/>
						<String ID="P10_ST00100" HPOS="1071" VPOS="1246" WIDTH="42" HEIGHT="26" CONTENT="se" WC="1.00" CC="00"/>
						<SP ID="P10_SP00090" HPOS="1113" VPOS="1285" WIDTH="21"/>
						<String ID="P10_ST00101" HPOS="1134" VPOS="1234" WIDTH="93" HEIGHT="39" CONTENT="voir" WC="0.98" CC="0044"/>
						<SP ID="P10_SP00091" HPOS="1227" VPOS="1285" WIDTH="27"/>
						<String ID="P10_ST00102" HPOS="1254" VPOS="1246" WIDTH="220" HEIGHT="42" CONTENT="comparer" WC="1.00" CC="00000000"/>
						<SP ID="P10_SP00092" HPOS="1474" VPOS="1288" WIDTH="23"/>
						<String ID="P10_ST00103" HPOS="1497" VPOS="1248" WIDTH="83" HEIGHT="26" CONTENT="aux" WC="1.00" CC="000"/>
						<SP ID="P10_SP00093" HPOS="1580" VPOS="1288" WIDTH="36"/>
						<String ID="P10_ST00104" HPOS="1616" VPOS="1234" WIDTH="230" HEIGHT="40" CONTENT="chanteurs" WC="0.99" CC="037330300"/>
						<SP ID="P10_SP00094" HPOS="1846" VPOS="1288" WIDTH="40"/>
						<String ID="P10_ST00105" HPOS="1886" VPOS="1235" WIDTH="51" HEIGHT="40" CONTENT="de" WC="1.00" CC="00"/>
						<SP ID="P10_SP00095" HPOS="1937" VPOS="1288" WIDTH="32"/>
						<String ID="P10_ST00106" HPOS="1969" VPOS="1236" WIDTH="40" HEIGHT="39" CONTENT="la" WC="1.00" CC="00"/>
						<SP ID="P10_SP00096" HPOS="2009" VPOS="1288" WIDTH="37"/>
						<String ID="P10_ST00107" HPOS="2046" VPOS="1235" WIDTH="204" HEIGHT="54" CONTENT="Chapelle" WC="0.99" CC="23000140"/>
					</TextLine>
					<TextLine ID="P10_TL00012" HPOS="505" VPOS="1303" WIDTH="1748" HEIGHT="58">
						<String ID="P10_ST00108" HPOS="505" VPOS="1303" WIDTH="182" HEIGHT="41" CONTENT="Sixtine." WC="0.76" CC="01076004"/>
						<SP ID="P10_SP00097" HPOS="687" VPOS="1344" WIDTH="24"/>
						<String ID="P10_ST00109" HPOS="711" VPOS="1303" WIDTH="119" HEIGHT="40" CONTENT="Dans" WC="0.99" CC="3020"/>
						<SP ID="P10_SP00098" HPOS="830" VPOS="1344" WIDTH="22"/>
						<String ID="P10_ST00110" HPOS="852" VPOS="1305" WIDTH="39" HEIGHT="40" CONTENT="le" WC="0.70" CC="05"/>
						<SP ID="P10_SP00099" HPOS="891" VPOS="1345" WIDTH="21"/>
						<String ID="P10_ST00111" HPOS="912" VPOS="1306" WIDTH="156" HEIGHT="40" CONTENT="monde" WC="0.99" CC="02300"/>
						<SP ID="P10_SP00100" HPOS="1068" VPOS="1346" WIDTH="23"/>
						<String ID="P10_ST00112" HPOS="1091" VPOS="1306" WIDTH="50" HEIGHT="40" CONTENT="de" WC="1.00" CC="00"/>
						<SP ID="P10_SP00101" HPOS="1141" VPOS="1346" WIDTH="21"/>
						<String ID="P10_ST00113" HPOS="1162" VPOS="1306" WIDTH="39" HEIGHT="40" CONTENT="la" WC="0.89" CC="20"/>
						<SP ID="P10_SP00102" HPOS="1201" VPOS="1346" WIDTH="25"/>
						<String ID="P10_ST00114" HPOS="1226" VPOS="1307" WIDTH="239" HEIGHT="40" CONTENT="littérature" WC="0.99" CC="24305205000"/>
						<SP ID="P10_SP00103" HPOS="1465" VPOS="1347" WIDTH="30"/>
						<String ID="P10_ST00115" HPOS="1495" VPOS="1316" WIDTH="38" HEIGHT="31" CONTENT="et" WC="0.77" CC="04"/>
						<SP ID="P10_SP00104" HPOS="1533" VPOS="1347" WIDTH="21"/>
						<String ID="P10_ST00116" HPOS="1554" VPOS="1306" WIDTH="72" HEIGHT="41" CONTENT="des" WC="1.00" CC="000"/>
						<SP ID="P10_SP00105" HPOS="1626" VPOS="1347" WIDTH="23"/>
						<String ID="P10_ST00117" HPOS="1649" VPOS="1315" WIDTH="99" HEIGHT="46" CONTENT="arts," WC="0.97" CC="90604"/>
						<SP ID="P10_SP00106" HPOS="1748" VPOS="1361" WIDTH="30"/>
						<String ID="P10_ST00118" HPOS="1778" VPOS="1321" WIDTH="56" HEIGHT="27" CONTENT="on" WC="0.64" CC="07"/>
						<SP ID="P10_SP00107" HPOS="1834" VPOS="1361" WIDTH="25"/>
						<String ID="P10_ST00119" HPOS="1859" VPOS="1308" WIDTH="81" HEIGHT="40" CONTENT="sait" WC="0.99" CC="0140"/>
						<SP ID="P10_SP00108" HPOS="1940" VPOS="1361" WIDTH="27"/>
						<String ID="P10_ST00120" HPOS="1967" VPOS="1307" WIDTH="82" HEIGHT="41" CONTENT="fort" WC="1.00" CC="0000"/>
						<SP ID="P10_SP00109" HPOS="2049" VPOS="1361" WIDTH="37"/>
						<String ID="P10_ST00121" HPOS="2086" VPOS="1308" WIDTH="97" HEIGHT="40" CONTENT="bien" WC="0.98" CC="3007"/>
						<SP ID="P10_SP00110" HPOS="2183" VPOS="1361" WIDTH="24"/>
						<String ID="P10_ST00122" HPOS="2207" VPOS="1321" WIDTH="46" HEIGHT="26" CONTENT="ce" WC="1.00" CC="00"/>
					</TextLine>
					<TextLine ID="P10_TL00013" HPOS="507" VPOS="1376" WIDTH="1746" HEIGHT="59">
						<String ID="P10_ST00123" HPOS="507" VPOS="1389" WIDTH="84" HEIGHT="39" CONTENT="que" WC="0.99" CC="030"/>
						<SP ID="P10_SP00111" HPOS="591" VPOS="1428" WIDTH="22"/>
						<String ID="P10_ST00124" HPOS="613" VPOS="1376" WIDTH="88" HEIGHT="40" CONTENT="cela" WC="0.99" CC="0042"/>
						<SP ID="P10_SP00112" HPOS="701" VPOS="1428" WIDTH="22"/>
						<String ID="P10_ST00125" HPOS="723" VPOS="1385" WIDTH="102" HEIGHT="32" CONTENT="veut" WC="1.00" CC="0010"/>
						<SP ID="P10_SP00113" HPOS="825" VPOS="1428" WIDTH="20"/>
						<String ID="P10_ST00126" HPOS="845" VPOS="1377" WIDTH="89" HEIGHT="41" CONTENT="dire" WC="0.99" CC="0400"/>
						<SP ID="P10_SP00114" HPOS="934" VPOS="1428" WIDTH="18"/>
						<String ID="P10_ST00127" HPOS="952" VPOS="1381" WIDTH="15" HEIGHT="37" CONTENT="?" WC="1.00" CC="0"/>
						<SP ID="P10_SP00115" HPOS="967" VPOS="1428" WIDTH="43"/>
						<String ID="P10_ST00128" HPOS="1010" VPOS="1378" WIDTH="146" HEIGHT="50" CONTENT="Qu'on" WC="0.99" CC="02400"/>
						<SP ID="P10_SP00116" HPOS="1156" VPOS="1428" WIDTH="35"/>
						<String ID="P10_ST00129" HPOS="1191" VPOS="1394" WIDTH="108" HEIGHT="26" CONTENT="nous" WC="0.99" CC="0120"/>
						<SP ID="P10_SP00117" HPOS="1299" VPOS="1428" WIDTH="35"/>
						<String ID="P10_ST00130" HPOS="1334" VPOS="1387" WIDTH="206" HEIGHT="47" CONTENT="permette" WC="1.00" CC="00100000"/>
						<SP ID="P10_SP00118" HPOS="1540" VPOS="1434" WIDTH="22"/>
						<String ID="P10_ST00131" HPOS="1562" VPOS="1394" WIDTH="86" HEIGHT="26" CONTENT="une" WC="0.96" CC="450"/>
						<SP ID="P10_SP00119" HPOS="1648" VPOS="1434" WIDTH="21"/>
						<String ID="P10_ST00132" HPOS="1669" VPOS="1380" WIDTH="203" HEIGHT="41" CONTENT="anecdote" WC="0.99" CC="92000400"/>
						<SP ID="P10_SP00120" HPOS="1872" VPOS="1434" WIDTH="20"/>
						<String ID="P10_ST00133" HPOS="1892" VPOS="1385" WIDTH="23" HEIGHT="36" CONTENT="à" WC="0.32" CC="6"/>
						<SP ID="P10_SP00121" HPOS="1915" VPOS="1434" WIDTH="21"/>
						<String ID="P10_ST00134" HPOS="1936" VPOS="1394" WIDTH="43" HEIGHT="26" CONTENT="ce" WC="1.00" CC="00"/>
						<SP ID="P10_SP00122" HPOS="1979" VPOS="1434" WIDTH="21"/>
						<String ID="P10_ST00135" HPOS="2000" VPOS="1380" WIDTH="110" HEIGHT="55" CONTENT="sujet" WC="0.99" CC="01400"/>
						<SP ID="P10_SP00123" HPOS="2110" VPOS="1435" WIDTH="33"/>
						<String ID="P10_ST00136" HPOS="2143" VPOS="1394" WIDTH="110" HEIGHT="41" CONTENT="pour" WC="0.97" CC="0452"/>
					</TextLine>
					<TextLine ID="P10_TL00014" HPOS="508" VPOS="1449" WIDTH="1735" HEIGHT="59">
						<String ID="P10_ST00137" HPOS="508" VPOS="1449" WIDTH="219" HEIGHT="41" CONTENT="terminer." WC="0.99" CC="005031004"/>
						<SP ID="P10_SP00124" HPOS="727" VPOS="1490" WIDTH="29"/>
						<String ID="P10_ST00138" HPOS="756" VPOS="1449" WIDTH="80" HEIGHT="40" CONTENT="Les" WC="1.00" CC="000"/>
						<SP ID="P10_SP00125" HPOS="836" VPOS="1490" WIDTH="20"/>
						<String ID="P10_ST00139" HPOS="856" VPOS="1450" WIDTH="200" HEIGHT="41" CONTENT="habitués" WC="0.99" CC="00026230"/>
						<SP ID="P10_SP00126" HPOS="1056" VPOS="1491" WIDTH="21"/>
						<String ID="P10_ST00140" HPOS="1077" VPOS="1452" WIDTH="71" HEIGHT="39" CONTENT="des" WC="1.00" CC="000"/>
						<SP ID="P10_SP00127" HPOS="1148" VPOS="1491" WIDTH="34"/>
						<String ID="P10_ST00141" HPOS="1182" VPOS="1452" WIDTH="173" HEIGHT="40" CONTENT="fameux" WC="1.00" CC="000060"/>
						<SP ID="P10_SP00128" HPOS="1355" VPOS="1492" WIDTH="44"/>
						<String ID="P10_ST00142" HPOS="1399" VPOS="1453" WIDTH="211" HEIGHT="40" CONTENT="Concerts" WC="0.99" CC="06000400" STYLEREFS="TXT_3"/>
						<SP ID="P10_SP00129" HPOS="1610" VPOS="1493" WIDTH="32"/>
						<String ID="P10_ST00143" HPOS="1642" VPOS="1453" WIDTH="204" HEIGHT="41" CONTENT="Vivienne" WC="0.79" CC="00401064" STYLEREFS="TXT_3"/>
						<String ID="P10_ST00144" HPOS="1853" VPOS="1486" WIDTH="8" HEIGHT="21" CONTENT="," WC="0.55" CC="4"/>
						<SP ID="P10_SP00130" HPOS="1861" VPOS="1507" WIDTH="42"/>
						<String ID="P10_ST00145" HPOS="1903" VPOS="1455" WIDTH="76" HEIGHT="53" CONTENT="qui" WC="0.97" CC="035"/>
						<SP ID="P10_SP00131" HPOS="1979" VPOS="1508" WIDTH="39"/>
						<String ID="P10_ST00146" HPOS="2018" VPOS="1463" WIDTH="149" HEIGHT="31" CONTENT="eurent" WC="0.99" CC="060063"/>
						<SP ID="P10_SP00132" HPOS="2167" VPOS="1508" WIDTH="38"/>
						<String ID="P10_ST00147" HPOS="2205" VPOS="1453" WIDTH="38" HEIGHT="40" CONTENT="la" WC="0.54" CC="09"/>
					</TextLine>
					<TextLine ID="P10_TL00015" HPOS="508" VPOS="1521" WIDTH="1732" HEIGHT="59">
						<String ID="P10_ST00148" HPOS="508" VPOS="1534" WIDTH="139" HEIGHT="40" CONTENT="vogue" WC="0.99" CC="01040"/>
						<SP ID="P10_SP00133" HPOS="647" VPOS="1574" WIDTH="23"/>
						<String ID="P10_ST00149" HPOS="670" VPOS="1521" WIDTH="29" HEIGHT="40" CONTENT="il" WC="0.75" CC="31"/>
						<SP ID="P10_SP00134" HPOS="699" VPOS="1574" WIDTH="23"/>
						<String ID="P10_ST00150" HPOS="722" VPOS="1536" WIDTH="26" HEIGHT="39" CONTENT="y" WC="1.00" CC="9"/>
						<SP ID="P10_SP00135" HPOS="748" VPOS="1575" WIDTH="21"/>
						<String ID="P10_ST00151" HPOS="769" VPOS="1536" WIDTH="22" HEIGHT="26" CONTENT="a" WC="1.00" CC="0"/>
						<SP ID="P10_SP00136" HPOS="791" VPOS="1575" WIDTH="23"/>
						<String ID="P10_ST00152" HPOS="814" VPOS="1523" WIDTH="181" HEIGHT="39" CONTENT="environ" WC="0.99" CC="0700400"/>
						<SP ID="P10_SP00137" HPOS="995" VPOS="1575" WIDTH="31"/>
						<String ID="P10_ST00153" HPOS="1026" VPOS="1531" WIDTH="139" HEIGHT="33" CONTENT="trente" WC="1.00" CC="000300"/>
						<SP ID="P10_SP00138" HPOS="1165" VPOS="1575" WIDTH="21"/>
						<String ID="P10_ST00154" HPOS="1186" VPOS="1538" WIDTH="91" HEIGHT="36" CONTENT="ans," WC="0.96" CC="9404"/>
						<SP ID="P10_SP00139" HPOS="1277" VPOS="1575" WIDTH="35"/>
						<String ID="P10_ST00155" HPOS="1312" VPOS="1538" WIDTH="41" HEIGHT="26" CONTENT="se" WC="1.00" CC="00"/>
						<SP ID="P10_SP00140" HPOS="1353" VPOS="1575" WIDTH="33"/>
						<String ID="P10_ST00156" HPOS="1386" VPOS="1526" WIDTH="235" HEIGHT="52" CONTENT="rappellent" WC="1.00" CC="2000050044"/>
						<SP ID="P10_SP00141" HPOS="1621" VPOS="1578" WIDTH="33"/>
						<String ID="P10_ST00157" HPOS="1654" VPOS="1540" WIDTH="60" HEIGHT="26" CONTENT="un" WC="0.57" CC="08"/>
						<SP ID="P10_SP00142" HPOS="1714" VPOS="1578" WIDTH="34"/>
						<String ID="P10_ST00158" HPOS="1748" VPOS="1526" WIDTH="186" HEIGHT="40" CONTENT="virtuose" WC="0.99" CC="04063000"/>
						<SP ID="P10_SP00143" HPOS="1934" VPOS="1578" WIDTH="40"/>
						<String ID="P10_ST00159" HPOS="1974" VPOS="1526" WIDTH="51" HEIGHT="40" CONTENT="de" WC="1.00" CC="00"/>
						<SP ID="P10_SP00144" HPOS="2025" VPOS="1578" WIDTH="21"/>
						<String ID="P10_ST00160" HPOS="2046" VPOS="1540" WIDTH="45" HEIGHT="26" CONTENT="ce" WC="0.91" CC="01"/>
						<SP ID="P10_SP00145" HPOS="2091" VPOS="1578" WIDTH="22"/>
						<String ID="P10_ST00161" HPOS="2113" VPOS="1540" WIDTH="127" HEIGHT="40" CONTENT="genre" WC="0.98" CC="02740"/>
					</TextLine>
					<TextLine ID="P10_TL00016" HPOS="508" VPOS="1594" WIDTH="1741" HEIGHT="60">
						<String ID="P10_ST00162" HPOS="508" VPOS="1594" WIDTH="106" HEIGHT="39" CONTENT="dont" WC="0.98" CC="0009"/>
						<SP ID="P10_SP00146" HPOS="614" VPOS="1633" WIDTH="24"/>
						<String ID="P10_ST00163" HPOS="638" VPOS="1607" WIDTH="110" HEIGHT="27" CONTENT="nous" WC="0.98" CC="5300"/>
						<SP ID="P10_SP00147" HPOS="748" VPOS="1634" WIDTH="23"/>
						<String ID="P10_ST00164" HPOS="771" VPOS="1595" WIDTH="160" HEIGHT="40" CONTENT="tairons" WC="0.98" CC="1950080"/>
						<SP ID="P10_SP00148" HPOS="931" VPOS="1635" WIDTH="20"/>
						<String ID="P10_ST00165" HPOS="951" VPOS="1595" WIDTH="38" HEIGHT="40" CONTENT="le" WC="0.84" CC="30"/>
						<SP ID="P10_SP00149" HPOS="989" VPOS="1635" WIDTH="23"/>
						<String ID="P10_ST00166" HPOS="1012" VPOS="1610" WIDTH="101" HEIGHT="26" CONTENT="nom" WC="0.99" CC="010"/>
						<SP ID="P10_SP00150" HPOS="1113" VPOS="1636" WIDTH="23"/>
						<String ID="P10_ST00167" HPOS="1136" VPOS="1611" WIDTH="76" HEIGHT="39" CONTENT="par" WC="1.00" CC="000"/>
						<SP ID="P10_SP00151" HPOS="1212" VPOS="1650" WIDTH="21"/>
						<String ID="P10_ST00168" HPOS="1233" VPOS="1597" WIDTH="269" HEIGHT="52" CONTENT="bienséance," WC="0.99" CC="54030293007"/>
						<SP ID="P10_SP00152" HPOS="1502" VPOS="1650" WIDTH="23"/>
						<String ID="P10_ST00169" HPOS="1525" VPOS="1598" WIDTH="75" HEIGHT="53" CONTENT="qui" WC="1.00" CC="000"/>
						<SP ID="P10_SP00153" HPOS="1600" VPOS="1651" WIDTH="22"/>
						<String ID="P10_ST00170" HPOS="1622" VPOS="1598" WIDTH="115" HEIGHT="40" CONTENT="avait" WC="0.99" CC="00053"/>
						<SP ID="P10_SP00154" HPOS="1737" VPOS="1651" WIDTH="29"/>
						<String ID="P10_ST00171" HPOS="1766" VPOS="1599" WIDTH="40" HEIGHT="40" CONTENT="la" WC="0.61" CC="07"/>
						<SP ID="P10_SP00155" HPOS="1806" VPOS="1651" WIDTH="33"/>
						<String ID="P10_ST00172" HPOS="1839" VPOS="1599" WIDTH="99" HEIGHT="40" CONTENT="voix" WC="0.99" CC="0040"/>
						<SP ID="P10_SP00156" HPOS="1938" VPOS="1651" WIDTH="22"/>
						<String ID="P10_ST00173" HPOS="1960" VPOS="1608" WIDTH="40" HEIGHT="33" CONTENT="et" WC="0.98" CC="00"/>
						<SP ID="P10_SP00157" HPOS="2000" VPOS="1651" WIDTH="31"/>
						<String ID="P10_ST00174" HPOS="2031" VPOS="1599" WIDTH="58" HEIGHT="40" CONTENT="les" WC="0.99" CC="300"/>
						<SP ID="P10_SP00158" HPOS="2089" VPOS="1651" WIDTH="31"/>
						<String ID="P10_ST00175" HPOS="2120" VPOS="1614" WIDTH="104" HEIGHT="40" CONTENT="appa" SUBS_TYPE="HypPart1" SUBS_CONTENT="apparences" WC="0.99" CC="0000"/>
						<HYP HPOS="2224" VPOS="1614" WIDTH="25" CONTENT="-"/>
					</TextLine>
					<TextLine ID="P10_TL00017" HPOS="510" VPOS="1667" WIDTH="1740" HEIGHT="58">
						<String ID="P10_ST00176" HPOS="510" VPOS="1680" WIDTH="144" HEIGHT="26" CONTENT="rences" SUBS_TYPE="HypPart2" SUBS_CONTENT="apparences" WC="0.99" CC="406000"/>
						<SP ID="P10_SP00159" HPOS="654" VPOS="1706" WIDTH="21"/>
						<String ID="P10_ST00177" HPOS="675" VPOS="1667" WIDTH="105" HEIGHT="40" CONTENT="d'un" WC="0.98" CC="0440"/>
						<SP ID="P10_SP00160" HPOS="780" VPOS="1707" WIDTH="22"/>
						<String ID="P10_ST00178" HPOS="802" VPOS="1676" WIDTH="172" HEIGHT="34" CONTENT="castrat." WC="0.99" CC="00054004"/>
						<SP ID="P10_SP00161" HPOS="974" VPOS="1710" WIDTH="24"/>
						<String ID="P10_ST00179" HPOS="998" VPOS="1669" WIDTH="60" HEIGHT="40" CONTENT="Ce" WC="0.95" CC="00"/>
						<SP ID="P10_SP00162" HPOS="1058" VPOS="1710" WIDTH="20"/>
						<String ID="P10_ST00180" HPOS="1078" VPOS="1670" WIDTH="161" HEIGHT="53" CONTENT="pseudo" WC="0.80" CC="023500"/>
						<SP ID="P10_SP00163" HPOS="1239" VPOS="1723" WIDTH="19"/>
						<String ID="P10_ST00181" HPOS="1258" VPOS="1670" WIDTH="163" HEIGHT="40" CONTENT="musico" WC="0.78" CC="060006" STYLEREFS="TXT_3"/>
						<String ID="P10_ST00182" HPOS="1430" VPOS="1702" WIDTH="8" HEIGHT="20" CONTENT="," WC="0.55" CC="4"/>
						<SP ID="P10_SP00164" HPOS="1438" VPOS="1723" WIDTH="20"/>
						<String ID="P10_ST00183" HPOS="1458" VPOS="1670" WIDTH="142" HEIGHT="54" CONTENT="jaloux" WC="0.99" CC="404000"/>
						<SP ID="P10_SP00165" HPOS="1600" VPOS="1724" WIDTH="21"/>
						<String ID="P10_ST00184" HPOS="1621" VPOS="1672" WIDTH="70" HEIGHT="39" CONTENT="des" WC="1.00" CC="000"/>
						<SP ID="P10_SP00166" HPOS="1691" VPOS="1724" WIDTH="34"/>
						<String ID="P10_ST00185" HPOS="1725" VPOS="1671" WIDTH="284" HEIGHT="54" CONTENT="prérogatives" WC="1.00" CC="000000001000"/>
						<SP ID="P10_SP00167" HPOS="2009" VPOS="1725" WIDTH="22"/>
						<String ID="P10_ST00186" HPOS="2031" VPOS="1674" WIDTH="219" HEIGHT="40" CONTENT="accordées" WC="1.00" CC="500000500"/>
					</TextLine>
					<TextLine ID="P10_TL00018" HPOS="507" VPOS="1740" WIDTH="1746" HEIGHT="58">
						<String ID="P10_ST00187" HPOS="507" VPOS="1742" WIDTH="23" HEIGHT="36" CONTENT="à" WC="0.75" CC="2"/>
						<SP ID="P10_SP00168" HPOS="530" VPOS="1778" WIDTH="23"/>
						<String ID="P10_ST00188" HPOS="553" VPOS="1752" WIDTH="78" HEIGHT="26" CONTENT="son" WC="0.97" CC="017"/>
						<SP ID="P10_SP00169" HPOS="631" VPOS="1778" WIDTH="23"/>
						<String ID="P10_ST00189" HPOS="654" VPOS="1752" WIDTH="106" HEIGHT="35" CONTENT="sexe," WC="0.99" CC="00008"/>
						<SP ID="P10_SP00170" HPOS="760" VPOS="1787" WIDTH="28"/>
						<String ID="P10_ST00190" HPOS="788" VPOS="1740" WIDTH="138" HEIGHT="42" CONTENT="faisait" WC="1.00" CC="0010000"/>
						<SP ID="P10_SP00171" HPOS="926" VPOS="1787" WIDTH="22"/>
						<String ID="P10_ST00191" HPOS="948" VPOS="1741" WIDTH="167" HEIGHT="53" CONTENT="ajouter" WC="0.99" CC="0403006"/>
						<SP ID="P10_SP00172" HPOS="1115" VPOS="1794" WIDTH="27"/>
						<String ID="P10_ST00192" HPOS="1142" VPOS="1756" WIDTH="73" HEIGHT="27" CONTENT="sur" WC="1.00" CC="000"/>
						<SP ID="P10_SP00173" HPOS="1215" VPOS="1794" WIDTH="20"/>
						<String ID="P10_ST00193" HPOS="1235" VPOS="1742" WIDTH="195" HEIGHT="52" CONTENT="l'affiche," WC="0.99" CC="1470000504"/>
						<SP ID="P10_SP00174" HPOS="1430" VPOS="1794" WIDTH="31"/>
						<String ID="P10_ST00194" HPOS="1461" VPOS="1743" WIDTH="164" HEIGHT="53" CONTENT="chaque" WC="1.00" CC="000010"/>
						<SP ID="P10_SP00175" HPOS="1625" VPOS="1796" WIDTH="37"/>
						<String ID="P10_ST00195" HPOS="1662" VPOS="1744" WIDTH="80" HEIGHT="40" CONTENT="fois" WC="0.99" CC="0130"/>
						<SP ID="P10_SP00176" HPOS="1742" VPOS="1796" WIDTH="34"/>
						<String ID="P10_ST00196" HPOS="1776" VPOS="1744" WIDTH="108" HEIGHT="54" CONTENT="qu'il" WC="0.97" CC="04456"/>
						<SP ID="P10_SP00177" HPOS="1884" VPOS="1798" WIDTH="29"/>
						<String ID="P10_ST00197" HPOS="1913" VPOS="1745" WIDTH="208" HEIGHT="52" CONTENT="chantait," WC="0.99" CC="000703354"/>
						<SP ID="P10_SP00178" HPOS="2121" VPOS="1798" WIDTH="24"/>
						<String ID="P10_ST00198" HPOS="2145" VPOS="1755" WIDTH="108" HEIGHT="33" CONTENT="cette" WC="1.00" CC="00000"/>
					</TextLine>
					<TextLine ID="P10_TL00019" HPOS="505" VPOS="1811" WIDTH="1744" HEIGHT="61">
						<String ID="P10_ST00199" HPOS="505" VPOS="1811" WIDTH="196" HEIGHT="40" CONTENT="mention" WC="0.99" CC="5005130"/>
						<SP ID="P10_SP00179" HPOS="701" VPOS="1851" WIDTH="20"/>
						<String ID="P10_ST00200" HPOS="721" VPOS="1813" WIDTH="319" HEIGHT="42" CONTENT="étourdissante" WC="1.00" CC="3002003000050"/>
						<SP ID="P10_SP00180" HPOS="1040" VPOS="1855" WIDTH="21"/>
						<String ID="P10_ST00201" HPOS="1061" VPOS="1828" WIDTH="7" HEIGHT="26" CONTENT=":" WC="0.68" CC="3"/>
						<SP ID="P10_SP00181" HPOS="1068" VPOS="1855" WIDTH="21"/>
						<String ID="P10_ST00202" HPOS="1089" VPOS="1815" WIDTH="57" HEIGHT="40" CONTENT="M" WC="1.00" CC="0" STYLEREFS="TXT_3"/>
						<String ID="P10_ST00203" HPOS="1149" VPOS="1816" WIDTH="58" HEIGHT="18" CONTENT="***" WC="0.31" CC="945"/>
						<SP ID="P10_SP00182" HPOS="1207" VPOS="1855" WIDTH="21"/>
						<String ID="P10_ST00204" HPOS="1228" VPOS="1829" WIDTH="26" HEIGHT="26" CONTENT="a" WC="0.38" CC="6" STYLEREFS="TXT_3"/>
						<SP ID="P10_SP00183" HPOS="1254" VPOS="1855" WIDTH="21"/>
						<String ID="P10_ST00205" HPOS="1275" VPOS="1815" WIDTH="225" HEIGHT="41" CONTENT="Vhonneur" WC="0.75" CC="60620012" STYLEREFS="TXT_3"/>
						<SP ID="P10_SP00184" HPOS="1500" VPOS="1856" WIDTH="23"/>
						<String ID="P10_ST00206" HPOS="1523" VPOS="1817" WIDTH="53" HEIGHT="39" CONTENT="de" WC="1.00" CC="00" STYLEREFS="TXT_3"/>
						<SP ID="P10_SP00185" HPOS="1576" VPOS="1856" WIDTH="19"/>
						<String ID="P10_ST00207" HPOS="1595" VPOS="1817" WIDTH="214" HEIGHT="53" CONTENT="prévenir" WC="0.99" CC="65050305" STYLEREFS="TXT_3"/>
						<SP ID="P10_SP00186" HPOS="1809" VPOS="1870" WIDTH="22"/>
						<String ID="P10_ST00208" HPOS="1831" VPOS="1818" WIDTH="38" HEIGHT="40" CONTENT="le" WC="0.87" CC="02" STYLEREFS="TXT_3"/>
						<SP ID="P10_SP00187" HPOS="1869" VPOS="1870" WIDTH="17"/>
						<String ID="P10_ST00209" HPOS="1886" VPOS="1818" WIDTH="151" HEIGHT="54" CONTENT="public" WC="0.99" CC="710000" STYLEREFS="TXT_3"/>
						<SP ID="P10_SP00188" HPOS="2037" VPOS="1872" WIDTH="20"/>
						<String ID="P10_ST00210" HPOS="2057" VPOS="1818" WIDTH="107" HEIGHT="54" CONTENT="qu'il" WC="0.99" CC="12303" STYLEREFS="TXT_3"/>
						<SP ID="P10_SP00189" HPOS="2164" VPOS="1872" WIDTH="21"/>
						<String ID="P10_ST00211" HPOS="2185" VPOS="1826" WIDTH="64" HEIGHT="33" CONTENT="est" WC="0.98" CC="040" STYLEREFS="TXT_3"/>
					</TextLine>
					<TextLine ID="P10_TL00020" HPOS="505" VPOS="1884" WIDTH="1742" HEIGHT="62">
						<String ID="P10_ST00212" HPOS="505" VPOS="1887" WIDTH="107" HEIGHT="50" CONTENT="père" WC="0.97" CC="4008" STYLEREFS="TXT_3"/>
						<SP ID="P10_SP00190" HPOS="612" VPOS="1937" WIDTH="21"/>
						<String ID="P10_ST00213" HPOS="633" VPOS="1884" WIDTH="54" HEIGHT="40" CONTENT="de" WC="1.00" CC="00" STYLEREFS="TXT_3"/>
						<SP ID="P10_SP00191" HPOS="687" VPOS="1937" WIDTH="5"/>
						<String ID="P10_ST00214" HPOS="692" VPOS="1884" WIDTH="201" HEIGHT="54" CONTENT="famille." WC="0.99" CC="24100066" STYLEREFS="TXT_3"/>
						<SP ID="P10_SP00192" HPOS="893" VPOS="1938" WIDTH="27"/>
						<String ID="P10_ST00215" HPOS="920" VPOS="1886" WIDTH="124" HEIGHT="41" CONTENT="Nous" WC="1.00" CC="0010"/>
						<SP ID="P10_SP00193" HPOS="1044" VPOS="1938" WIDTH="21"/>
						<String ID="P10_ST00216" HPOS="1065" VPOS="1896" WIDTH="154" HEIGHT="33" CONTENT="tenons" WC="0.99" CC="203150"/>
						<SP ID="P10_SP00194" HPOS="1219" VPOS="1938" WIDTH="21"/>
						<String ID="P10_ST00217" HPOS="1240" VPOS="1888" WIDTH="38" HEIGHT="40" CONTENT="le" WC="0.86" CC="02"/>
						<SP ID="P10_SP00195" HPOS="1278" VPOS="1938" WIDTH="35"/>
						<String ID="P10_ST00218" HPOS="1313" VPOS="1889" WIDTH="76" HEIGHT="40" CONTENT="fait" WC="0.96" CC="0945"/>
						<SP ID="P10_SP00196" HPOS="1389" VPOS="1938" WIDTH="22"/>
						<String ID="P10_ST00219" HPOS="1411" VPOS="1889" WIDTH="104" HEIGHT="40" CONTENT="d'un" WC="0.97" CC="0454"/>
						<SP ID="P10_SP00197" HPOS="1515" VPOS="1938" WIDTH="27"/>
						<String ID="P10_ST00220" HPOS="1542" VPOS="1889" WIDTH="153" HEIGHT="41" CONTENT="ancien" WC="0.99" CC="030304"/>
						<SP ID="P10_SP00198" HPOS="1695" VPOS="1938" WIDTH="27"/>
						<String ID="P10_ST00221" HPOS="1722" VPOS="1891" WIDTH="114" HEIGHT="40" CONTENT="élève" WC="0.99" CC="13100"/>
						<SP ID="P10_SP00199" HPOS="1836" VPOS="1938" WIDTH="38"/>
						<String ID="P10_ST00222" HPOS="1874" VPOS="1891" WIDTH="52" HEIGHT="40" CONTENT="de" WC="1.00" CC="00"/>
						<SP ID="P10_SP00200" HPOS="1926" VPOS="1938" WIDTH="34"/>
						<String ID="P10_ST00223" HPOS="1960" VPOS="1891" WIDTH="185" HEIGHT="55" CONTENT="Duprez," WC="0.88" CC="3000013"/>
						<SP ID="P10_SP00201" HPOS="2145" VPOS="1946" WIDTH="25"/>
						<String ID="P10_ST00224" HPOS="2170" VPOS="1906" WIDTH="77" HEIGHT="39" CONTENT="qui" WC="0.95" CC="067"/>
					</TextLine>
					<TextLine ID="P10_TL00021" HPOS="511" VPOS="1958" WIDTH="1097" HEIGHT="56">
						<String ID="P10_ST00225" HPOS="511" VPOS="1966" WIDTH="74" HEIGHT="31" CONTENT="eut" WC="0.96" CC="056"/>
						<SP ID="P10_SP00202" HPOS="585" VPOS="1997" WIDTH="21"/>
						<String ID="P10_ST00226" HPOS="606" VPOS="1958" WIDTH="233" HEIGHT="41" CONTENT="lui-même" WC="0.99" CC="23040600"/>
						<SP ID="P10_SP00203" HPOS="839" VPOS="1999" WIDTH="21"/>
						<String ID="P10_ST00227" HPOS="860" VPOS="1959" WIDTH="50" HEIGHT="40" CONTENT="de" WC="0.94" CC="01"/>
						<SP ID="P10_SP00204" HPOS="910" VPOS="1999" WIDTH="22"/>
						<String ID="P10_ST00228" HPOS="932" VPOS="1961" WIDTH="157" HEIGHT="53" CONTENT="grands" WC="0.98" CC="984200"/>
						<SP ID="P10_SP00205" HPOS="1089" VPOS="2014" WIDTH="20"/>
						<String ID="P10_ST00229" HPOS="1109" VPOS="1963" WIDTH="142" HEIGHT="40" CONTENT="succès" WC="1.00" CC="000000"/>
						<SP ID="P10_SP00206" HPOS="1251" VPOS="2014" WIDTH="18"/>
						<String ID="P10_ST00230" HPOS="1269" VPOS="1966" WIDTH="22" HEIGHT="36" CONTENT="à" WC="0.21" CC="7"/>
						<SP ID="P10_SP00207" HPOS="1291" VPOS="2014" WIDTH="22"/>
						<String ID="P10_ST00231" HPOS="1313" VPOS="1976" WIDTH="65" HEIGHT="26" CONTENT="ces" WC="1.00" CC="100"/>
						<SP ID="P10_SP00208" HPOS="1378" VPOS="2014" WIDTH="24"/>
						<String ID="P10_ST00232" HPOS="1402" VPOS="1971" WIDTH="206" HEIGHT="33" CONTENT="concerts." WC="1.00" CC="004002003"/>
					</TextLine>
				</TextBlock>
				<TextBlock ID="P10_TB00004" HPOS="1656" VPOS="2090" WIDTH="463" HEIGHT="43" STYLEREFS="TXT_4 PAR_RIGHT">
					<TextLine ID="P10_TL00022" HPOS="1657" VPOS="2091" WIDTH="462" HEIGHT="42">
						<String ID="P10_ST00233" HPOS="1657" VPOS="2091" WIDTH="46" HEIGHT="42" CONTENT="S." WC="0.98" CC="01"/>
						<SP ID="P10_SP00209" HPOS="1703" VPOS="2133" WIDTH="46"/>
						<String ID="P10_ST00234" HPOS="1749" VPOS="2091" WIDTH="370" HEIGHT="42" CONTENT="BLONDEL." WC="0.98" CC="00000000"/>
					</TextLine>
				</TextBlock>
				<ComposedBlock ID="P10_CB00001" HPOS="882" VPOS="2352" WIDTH="960" HEIGHT="784" STYLEREFS="TXT_1 PAR_LEFT" TYPE="Illustration">
					<GraphicalElement ID="P10_CB00001_SUB" HPOS="882" VPOS="2352" WIDTH="960" HEIGHT="784"/>
				</ComposedBlock>
			</PrintSpace>
		</Page>
	</Layout>
</alto>
