2593 4059
535 460 84 51 246

992 461 78 41 LA
1101 461 381 50 CHRONIQUE
1515 463 314 42 MUSICALE

593 605 59 41 La
676 606 175 55 plupart
883 606 72 40 des
988 605 159 55 grands
1170 606 232 42 chanteurs
1434 609 60 39 du
1517 609 310 43 dix-huitième
1855 613 125 41 siècle
2012 623 80 33 ont
2121 616 64 40 été
2208 616 72 41 des

538 680 204 42 castrati.
769 679 71 39 On
863 679 82 40 cite
979 687 274 34 notamment
1288 681 249 56 Baltha\ar
1567 684 153 53 Ferri,
1757 685 263 56 Guadagni,
2049 687 227 53 Senesino,

541 751 228 56 Gi\\iello,
794 750 326 53 Pacchiarotti,
1142 752 248 52 Marchesi,
1413 755 188 40 Minelli
1620 765 40 32 et
1686 757 241 52 Carestini,
1957 773 74 26 sur
2051 760 37 39 le
2110 771 171 45 compte

538 825 162 54 duquel
723 825 28 39 il
775 825 131 40 existe
930 839 86 26 une
1038 826 202 41 anecdote
1261 828 221 54 piquante.
1510 830 73 40 On
1606 830 138 43 louait
1762 834 161 39 devant
1945 846 86 27 une
2048 834 125 53 jeune
2195 835 85 42 fille

534 897 39 41 la
598 897 105 39 belle
728 896 100 42 voix
849 897 50 41 de
924 910 44 28 ce
990 906 157 34 castrat
1179 912 9 29 :
1232 916 18 20 «
1275 900 107 40 Sans
1404 901 144 52 doute,
1576 902 66 42 dit
1672 903 236 54 l'ingénue,
1946 905 29 40 il
2006 920 22 25 a
2062 920 86 27 une
2175 907 105 41 belle

534 969 100 41 voix
656 983 9 39 ;
690 969 110 41 mais
828 969 30 41 il
889 971 163 40 semble
1072 972 111 53 qu'il
1212 973 62 41 lui
1297 987 192 41 manque
1518 976 190 54 quelque
1741 977 140 41 chose.
1907 994 17 21 »
1969 978 80 41 Les
2072 980 208 42 virtuoses

534 1057 86 39 que
643 1057 109 28 nous
789 1057 165 28 venons
988 1044 52 41 de
1062 1044 105 44 citer
1194 1047 159 41 étaient
1386 1048 134 41 doués
1550 1049 131 41 d'une
1712 1051 101 40 voix
1847 1053 185 54 superbe
2058 1065 39 29 et
2133 1056 122 52 possé-

531 1115 150 41 daient
715 1129 61 27 un
811 1117 205 40 véritable
1057 1118 160 53 talent;
1256 1119 240 55 cependant
1531 1122 52 39 ils
1622 1131 78 33 ont
1731 1132 101 33 tous
1866 1124 65 40 été
1966 1127 216 52 surpassés
2205 1141 74 39 par

546 1188 252 54 Caffarelli
804 1189 95 55 qui,
926 1189 120 42 selon
1067 1192 277 54 l'expression
1367 1193 52 41 de
1443 1193 179 42 Diderot

535 1278 16 22 «
578 1262 117 54 jetait
729 1264 60 39 les
813 1277 104 39 gens
939 1264 109 41 dans
1079 1265 38 41 le
1150 1267 297 52 ravissement,
1474 1282 21 24 »
1531 1276 40 33 et
1601 1283 76 39 par
1976 1284 86 41 que
2092 1279 98 33 tous
2222 1273 59 39 les

532 1335 174 55 peuples
742 1335 51 42 de
818 1335 210 56 l'Europe
1061 1345 77 35 ont
1164 1347 177 34 couvert
1367 1340 52 41 de
1446 1354 243 28 couronnes
1724 1350 40 32 et
1799 1342 481 55 d'applaudissements.

536 1409 191 40 Celui-ci
762 1409 141 42 arriva
935 1413 141 39 même
1096 1413 65 40 'au
1181 1413 171 40 dernier
1385 1414 127 53 degré
1542 1414 51 42 de
1627 1415 41 41 la
1700 1415 188 42 fortune.
1928 1416 177 55 Engagé
2136 1432 74 39 par
2241 1419 40 41 la

534 1479 118 40 reine
685 1479 250 53 d'Espagne
969 1494 111 39 pour
1113 1481 197 42 distraire
1340 1483 40 40 le
1410 1485 154 39 rêveur
1597 1494 42 32 et
1679 1486 214 42 taciturne
1929 1488 200 55 Philippe
2162 1490 52 51 V,
2252 1490 29 41 il

532 1551 157 41 chanta
720 1551 158 41 devant
912 1565 46 28 ce
986 1554 246 53 souverain,
1256 1555 192 53 pendant
1474 1556 72 41 dix
1574 1559 157 39 années
1761 1561 309 52 consécutives,
2096 1563 180 41 environ

538 1625 129 49 3,600
692 1623 79 41 fois
808 1623 60 41 les
899 1634 153 44 quatre
1070 1627 161 40 mêmes
1259 1641 230 28 morceaux
1510 1639 42 31 et
1580 1630 153 54 jamais
1754 1641 120 33 autre
1905 1634 141 40 chose.
2070 1634 103 42 Cela
2196 1649 84 28 aux

534 1696 351 54 appointements
908 1696 51 41 de
982 1700 161 48 50,000
1166 1697 50 42 fr.
1240 1712 77 41 par
1340 1714 70 38 an,
1434 1714 45 28 ce
1499 1702 94 54 qui,
1614 1716 78 41 par
1712 1706 283 53 conséquent,
2032 1716 202 45 rapporta
2260 1712 21 36 à

535 1767 177 43 l'artiste
756 1770 193 48 500,000
978 1770 70 54 fr.,
1073 1784 166 27 somme
1260 1776 23 35 à
1305 1786 82 41 peu
1413 1775 92 52 près
1527 1775 274 54 équivalente
1823 1782 21 36 à
1870 1791 59 27 un
1961 1778 174 42 million
2158 1781 100 39 d'au-

534 1838 127 55 jourd
677 1839 79 42 hui
774 1856 10 35 ;
809 1842 126 52 mais,
973 1855 226 43 remarque
1223 1844 132 53 Fétis,
1386 1862 18 21 «
1421 1846 143 43 c'était
1585 1862 129 41 payer
1735 1862 60 28 un
1818 1864 82 40 peu
1922 1851 99 40 cher
2039 1852 39 41 le
2100 1853 185 54 pouvoir

536 1922 41 33 et
600 1914 39 41 la
662 1914 190 42 fortune.
874 1932 18 20 »
921 1916 66 40 En
1009 1917 110 49 effet,
1147 1917 207 42 Farinelli
1377 1919 151 42 devint
1554 1921 38 40 le
1620 1922 199 43 ministre
1839 1937 56 27 ou
1919 1924 144 55 plutôt
2088 1927 37 39 le
2147 1926 133 42 favori

534 1987 52 39 de
610 1985 197 56 Philippe
828 1987 38 40 V
891 1996 40 31 et
957 1988 50 39 de
1032 1988 246 42 Ferdinand
1307 1991 85 43 VI.
1432 1992 72 42 On
1527 2003 173 33 raconte
1731 2010 74 26 sur
1832 1996 64 42 lui
1933 2008 40 30 et
2008 2012 74 27 sur
2116 1998 163 55 l'usage

535 2058 107 54 qu'il
677 2058 48 42 fit
758 2059 53 41 de
844 2073 78 27 son
955 2060 149 55 crédit,
1127 2063 209 55 quelques
1358 2065 225 42 anecdotes
1613 2068 78 53 qui
1714 2069 203 41 méritent
1945 2069 132 42 d'être
2103 2084 156 41 rappor-

535 2131 84 40 tées
644 2131 71 55 (1).
741 2131 152 42 Allant
915 2147 57 26 un
995 2134 98 53 jour
1112 2138 22 37 à
1156 2135 330 55 l'appartement
1505 2140 57 40 du
1593 2139 80 52 roi,
1696 2145 57 36 où
1773 2142 31 40 il
1821 2142 116 40 avait
1966 2143 40 41 le
2025 2144 117 41 droit
2162 2144 96 41 d'en-

538 2213 87 32 trer
644 2209 23 36 à
690 2214 126 32 toute
835 2206 146 52 heure,
1006 2208 31 39 il
1059 2209 196 42 entendit
1278 2223 60 28 un
1359 2210 164 42 officier
1543 2213 71 40 des
1636 2215 149 51 gardes
1809 2215 91 41 dire
1922 2220 23 36 à
1965 2231 60 25 un
2058 2228 120 30 autre
2204 2219 78 53 qui

536 2276 211 42 attendait
772 2279 40 39 le
841 2279 113 40 lever
978 2295 9 26 :
1023 2297 17 20 «
1062 2280 97 55 |Les
1178 2281 219 42 honneurs
1421 2284 96 54 pieu
1526 2294 100 33 vent
1647 2299 74 28 sur
1744 2300 60 27 un
1824 2288 226 42 misérable
2072 2289 207 55 histrion,

538 2359 41 33 et
606 2351 106 54 moi,
734 2352 79 54 qui
845 2366 87 27 sers
962 2354 153 54 depuis
1137 2364 136 33 trente
1293 2372 93 36 ans,
1407 2359 40 53 je
1474 2359 90 40 suis
1585 2374 99 27 sans
1705 2363 292 53 récompense.
2023 2380 14 19 »
2069 2364 206 42 Farinelli

536 2436 43 27 se
605 2424 185 54 plaignit
809 2438 57 27 au
889 2425 63 40 roi
969 2425 51 42 de
1037 2440 45 27 ce
1098 2427 106 54 qu'il
1227 2430 234 53 négligeait
1475 2430 58 41 les
1548 2431 200 42 hommes
1763 2434 187 42 dévoués
1971 2439 22 37 à
2008 2448 78 29 son
2106 2436 175 54 service,

536 2496 64 42 lui
637 2496 49 42 fit
719 2497 142 55 signer
884 2512 61 27 un
969 2500 159 52 brevet,
1155 2509 40 33 et
1226 2501 38 41 le
1284 2502 130 42 remit
1447 2507 24 37 à
1501 2504 193 42 l'officier
1728 2506 196 55 lorsqu'il
1957 2509 138 53 sortit,
2131 2523 54 28 en
2218 2510 66 41 lui

536 2571 146 42 disant
704 2587 9 26 :
741 2589 20 21 «
790 2572 50 41 Je
861 2573 121 41 viens
1004 2575 52 39 de
1079 2589 109 26 vous
1208 2577 206 41 entendre
1434 2579 93 40 dire
1548 2592 84 41 que
1660 2594 108 28 vous
1790 2582 161 41 serviez
1973 2584 152 54 depuis
2147 2592 138 35 trente

538 2657 93 40 ans,
654 2646 112 40 mais
788 2660 109 26 vous
920 2661 101 27 avez
1038 2662 53 27 eu
1114 2657 86 32 tort
1222 2650 208 53 d'ajouter
1449 2665 85 41 que
1551 2666 44 27 ce
1614 2653 67 41 fût
1702 2667 100 27 sans
1825 2656 292 53 récompense.
2142 2673 17 22 »
2183 2659 102 40 Une

539 2727 124 32 autre
686 2718 95 54 fois,
813 2718 32 41 il
868 2718 219 42 sollicitait
1115 2735 54 26 en
1203 2722 150 42 faveur
1373 2722 106 41 d'un
1514 2725 136 52 grand
1687 2727 201 52 seigneur
1910 2741 85 28 une
2031 2731 254 39 ambassade

538 2805 87 41 que
662 2791 174 40 celui-ci
861 2792 176 41 désirait
1072 2807 8 27 :
1117 2808 21 23 «
1161 2793 117 41 Mais
1307 2808 53 27 ne
1395 2808 261 30 savez-vous
1688 2812 74 41 pas
1796 2800 93 53 (lui
1910 2800 65 41 dit
2001 2802 38 39 le
2062 2802 88 53 roi)
2176 2803 108 54 qu'il

538 2866 109 38 n'est
667 2876 76 42 pas
764 2863 50 41 de
837 2877 75 27 vos
930 2866 126 52 amis,
1080 2874 40 32 et
1141 2866 109 53 qu'il
1274 2867 113 53 parle
1409 2868 86 41 mal
1513 2868 51 41 de
1583 2873 138 38 vous?
1813 2872 108 52 Sire,
1945 2874 198 54 répondit
2163 2874 99 42 Fari-

539 2937 122 52 nelli,
699 2937 99 40 c'est
835 2937 111 42 ainsi
982 2952 85 41 que
1103 2938 36 55 je
1171 2939 137 42 désire
1336 2954 69 27 me
1425 2956 170 40 venger.
1614 2960 16 20 #
1663 2943 35 42 Il
1728 2944 133 55 avait,
1898 2946 232 55 d'ailleurs,
2162 2948 49 42 de
2244 2951 40 40 la

540 3009 194 41 noblesse
757 3018 41 32 et
819 3010 50 40 de
894 3010 40 40 la
959 3012 238 53 générosité
1218 3012 106 40 dans
1345 3013 38 41 le
1413 3018 227 49 caractère;
1664 3015 236 49 l'anecdote
1923 3019 78 54 qui
2039 3020 90 41 suit
2149 3034 53 27 en
2224 3032 62 32 est

536 3083 42 40 la
600 3097 160 39 preuve
778 3098 11 36 ;
813 3083 79 40 elle
913 3093 63 32 est
992 3084 85 42 fort
1096 3098 172 29 connue
1283 3102 10 35 ;
1312 3100 57 28 on
1388 3100 54 28 en
1458 3103 22 25 a
1500 3088 75 42 fait
1592 3089 38 41 le
1651 3090 113 54 sujet
1782 3092 107 40 d'un
1910 3094 143 52 opéra.
2078 3093 207 43 Farinelli

539 3155 117 41 avait
676 3156 260 41 commandé
957 3170 61 27 un
1040 3156 122 44 habit
1184 3159 268 55 magnifique
1479 3174 8 26 :
1520 3163 148 52 quand
1689 3163 39 40 le
1748 3164 173 41 tailleur
1941 3165 75 54 qui
2037 3165 150 42 l'avait
2209 3168 77 40 fait

538 3227 38 41 le
610 3227 63 41 lui
699 3236 133 46 porta,
868 3229 176 42 l'artiste
1077 3231 64 40 lui
1175 3231 215 43 demanda
1416 3248 79 26 son
1522 3235 222 42 mémoire.
1867 3254 17 22 «
1908 3238 48 40 Je
1978 3239 99 41 n'en
2100 3240 39 40 ai
2163 3241 123 53 point

539 3301 87 52 fait,
653 3319 18 20 »
696 3302 65 41 dit
781 3304 38 39 le
842 3304 190 42 tailleur.
1131 3304 261 44 Comment?
1503 3309 119 53 Non,
1656 3318 41 33 et
1729 3310 39 55 je
1795 3311 99 41 n'en
1927 3311 103 42 ferai
2053 3327 87 40 pas.
2169 3314 116 40 Pour

584 3462 47 39 (1)
656 3461 91 42 Voy,
770 3461 105 33 Fétis.
892 3464 230 43 Biographie
1141 3465 212 34 universelle
1369 3466 61 33 des
1451 3468 216 41 Musiciens,
1683 3475 67 27 art.
1773 3470 168 33 Droschi.
