2593 4059
494 448 83 40 252

952 450 77 43 LA
1060 450 379 50 CHRONIQUE
1473 451 313 43 MUSICALE

493 595 159 43 étaient
675 597 185 50 nourris,
886 597 195 49 habillés,
1108 597 197 41 instruits
1327 605 40 34 et
1390 599 198 54 préparés
1610 613 84 26 aux
1719 600 168 40 besoins
1905 600 58 41 du
1994 601 131 53 culte,
2159 604 82 41 soit

493 682 169 30 comme
685 671 228 42 serviteurs
936 672 51 38 de
1010 684 151 40 messe,
1186 672 82 40 soit
1289 685 168 27 comme
1479 672 169 42 enfants
1668 674 52 39 de
1741 673 167 42 chœur.

550 744 58 41 Le
628 743 329 42 Conservatoire
972 745 90 40 Dei
1085 745 164 41 Poveri
1270 746 47 40 di
1338 747 113 41 Gesù
1479 747 147 41 Cristo
1644 748 137 53 paraît
1796 749 85 39 être
1897 748 36 40 le
1950 748 98 54 plus
2068 750 168 42 ancien.

492 817 73 41 On
599 828 198 43 rapporte
818 816 197 56 l'époque
1047 818 51 40 de
1132 832 43 26 sa
1199 818 226 42 fondation
1459 834 56 27 au
1544 820 200 41 seizième
1775 820 139 41 siècle.
1954 821 175 55 D'après
2165 823 72 40 des

491 889 255 40 documents
766 891 196 51 certains,
986 891 58 40 les
1065 892 102 40 trois
1198 901 143 31 autres
1373 901 78 32 ont
1477 894 64 40 été
1573 894 147 41 fondés
1753 907 84 41 peu
1865 894 51 41 de
1945 903 137 47 temps
2117 897 121 53 après

489 962 78 41 lui.
593 962 371 55 Occupons-nous
983 964 176 41 d'abord
1180 965 58 40 du
1261 967 197 52 premier.

548 1034 207 43 Marcello
779 1037 247 51 Foscataro,
1045 1039 185 40 tertiaire
1247 1039 184 41 séculier
1446 1040 49 40 de
1512 1040 155 41 Tordre
1682 1041 51 40 de
1746 1041 42 41 S.
1811 1041 206 41 François
2032 1042 203 46 d'Assise,

488 1109 229 52 recueillit,
742 1110 144 41 disent
920 1112 59 40 les
1012 1112 282 54 chroniques,
1318 1112 49 40 de
1398 1114 283 40 nombreuses
1701 1115 210 39 aumônes
1938 1115 107 40 dans
2070 1115 38 41 la
2142 1116 98 40 ville

488 1182 51 40 de
563 1182 176 55 Naples.
781 1184 31 40 Il
849 1185 163 52 acheta,
1041 1199 93 26 vers
1164 1187 127 54 1589,
1316 1199 86 26 une
1423 1186 247 42 habitation
1704 1188 281 52 convenable,
2014 1197 39 32 et
2082 1202 131 40 appro-

489 1255 92 54 pria
603 1259 22 37 à
645 1255 163 55 l'usage
830 1258 108 53 qu'il
960 1258 167 42 voulait
1147 1259 63 40 lui
1233 1259 181 53 donner,
1439 1273 85 26 une
1547 1259 128 54 église
1696 1260 109 53 qu'il
1823 1260 121 40 dédia
1967 1265 21 35 à
2013 1261 137 39 Marie
2168 1261 71 40 des

489 1330 314 42 Miséricordes.
833 1332 34 40 Il
892 1332 48 41 fit
968 1347 60 26 un
1061 1333 237 54 règlement
1323 1348 84 40 que
1435 1334 514 53 l'archevêque-cardinal
1976 1335 51 40 de
2062 1336 177 54 Naples,

487 1404 224 54 Alphonse
729 1404 207 54 Gesuald,
954 1420 235 42 approuva,
1209 1414 40 33 et
1266 1406 29 40 il
1318 1420 249 39 commença
1584 1407 375 41 immédiatement
1977 1413 23 35 à
2021 1409 218 41 recueillir

487 1477 74 40 des
582 1484 169 35 enlants
774 1493 183 39 pauvres
978 1480 52 39 de
1051 1479 107 54 l'âge
1174 1480 51 39 de
1242 1484 70 50 7à
1334 1495 42 25 11
1400 1494 91 29 ans.
1517 1480 78 41 Cet
1617 1481 175 40 homme
1811 1481 235 40 charitable
2067 1483 172 40 nourrit

487 1564 66 27 ces
579 1552 129 52 petits
733 1551 235 54 indigents,
993 1553 95 39 leur
1109 1553 145 40 donna
1277 1566 62 26 un
1360 1561 194 32 costume
1577 1563 41 31 et
1647 1554 58 39 les
1740 1553 48 42 fit
1821 1554 203 40 instruire
2056 1555 108 40 dans
2197 1556 40 39 la

489 1624 202 54 musique
706 1633 40 32 et
767 1625 106 40 dans
890 1625 58 40 les
963 1625 207 40 branches
1186 1626 299 40 élémentaires
1505 1627 50 39 de
1569 1626 280 42 l'éducation.
1869 1627 85 40 Dès
1971 1627 38 40 le
2025 1628 212 55 principe,

487 1697 31 40 il
539 1705 74 32 eut
636 1712 86 26 une
744 1698 199 41 centaine
972 1699 51 40 de
1052 1699 350 54 pensionnaires.
1432 1700 60 41 Le
1522 1699 162 54 collège
1717 1700 88 55 prit
1831 1700 38 41 le
1898 1714 104 27 nom
2026 1701 72 41 des
2119 1702 88 40 Pau-

487 1783 98 28 vres
605 1771 54 40 de
678 1771 334 42 Jésus-Christ.

544 1843 59 41 Le
629 1845 343 41 Conservatorio
995 1846 47 40 di
1065 1847 48 39 S.
1145 1846 193 54 Onofrio
1357 1846 171 43 existait
1549 1848 315 40 certainement
1890 1848 72 40 dès
2003 1850 124 40 1600.
2155 1849 84 39 Des

486 1917 261 41 documents
768 1927 215 46 prouvent
1006 1922 131 51 qu'en
1159 1929 108 33 cette
1293 1922 136 39 année
1450 1921 72 40 des
1549 1921 222 40 habitants
1792 1922 52 39 de
1868 1922 176 54 Naples,
2074 1923 165 39 voisins

484 1991 52 40 de
556 1991 40 40 S.
619 1991 201 41 Caterina
843 1996 21 36 à
887 1993 249 48 Formiello,
1160 1995 52 38 de
1234 1994 41 40 S.
1300 1994 139 40 Maria
1464 1994 274 52 Maddalena,
1762 1995 50 40 de
1834 1995 42 42 S.
1903 1995 139 41 Maria
2067 2010 22 26 a
2113 1995 92 41 Con-

485 2064 106 40 cello
621 2073 41 31 et
694 2065 49 39 de
780 2065 42 40 S.
871 2064 128 55 Sofia,
1038 2066 237 42 formèrent
1310 2081 87 26 une
1435 2067 334 42 archiconfrérie
1813 2081 99 27 sous
1945 2069 38 40 le
2019 2069 100 40 titre
2150 2069 87 40 Dei

487 2138 192 40 Bianchi
686 2170 8 7 .
732 2138 122 41 Cette
874 2139 210 40 confrérie
1106 2140 148 42 acheta
1286 2140 181 41 l'édifice
1489 2150 196 32 attenant
1710 2145 23 35 à
1765 2141 40 39 la
1827 2141 191 55 chapelle
2042 2157 22 23 «
2086 2142 153 41 dentro

486 2210 39 40 la
546 2220 126 45 porta
694 2212 40 40 di
759 2212 224 55 Capuana,
1011 2230 17 20 »
1055 2213 144 41 Santo
1226 2214 191 52 Onofrio
1422 2246 10 14 ,
1457 2227 51 26 en
1534 2213 48 41 fit
1611 2228 59 26 un
1694 2214 103 40 asile
1818 2215 278 52 d'orphelins,
2133 2215 108 41 dont

484 2285 40 39 le
547 2286 179 39 nombre
753 2285 152 41 s'éleva
927 2290 22 35 à
972 2295 98 32 cent
1091 2287 138 53 vingt,
1253 2295 40 33 et
1315 2287 94 40 leur
1430 2287 144 40 donna
1597 2288 71 38 des
1691 2290 174 37 maîtres
1886 2287 52 41 de
1959 2288 131 40 chant
2110 2297 40 32 et
2169 2288 71 42 des

486 2357 262 54 professeurs
768 2372 108 40 pour
897 2368 98 31 tous
1016 2359 59 40 les
1098 2359 286 41 instruments
1403 2360 50 40 de
1475 2359 218 54 musique.

543 2431 59 40 Le
629 2432 348 41 Conservatorio
999 2434 47 39 di
1068 2434 143 40 Santa
1246 2432 158 42 Maria
1427 2434 48 40 di
1495 2435 163 39 Loreto
1688 2448 23 26 a
1740 2435 65 39 été
1837 2436 91 39 créé
1950 2450 54 26 au
2040 2437 199 41 seizième

488 2503 140 53 siècle,
660 2519 75 40 par
757 2520 59 26 un
843 2520 162 40 pauvre
1027 2506 161 41 artisan
1211 2507 56 40 du
1293 2521 101 26 nom
1417 2509 50 38 de
1487 2507 255 52 Francesco,
1766 2509 76 52 qui
1871 2509 130 40 fonda
2024 2523 86 27 une
2136 2511 78 40 cha-

487 2577 108 54 pelle
615 2592 72 26 sur
708 2578 38 41 la
769 2579 118 54 place
909 2579 213 55 publique
1153 2581 59 38 du
1246 2580 174 39 marché
1441 2580 51 39 de
1524 2580 307 40 Notre-Dame
1863 2590 39 31 et
1924 2595 28 39 y
1984 2582 171 40 attacha
2179 2598 61 26 un

489 2650 260 42 franciscain
772 2666 111 40 pour
910 2652 297 41 l'instruction
1245 2653 228 53 religieuse
1501 2657 23 36 à
1554 2654 166 39 donner
1751 2668 84 25 aux
1865 2655 171 40 enfants
2057 2669 184 40 pauvres

489 2724 73 38 des
579 2723 115 40 deux
714 2739 135 27 sexes.
887 2726 80 39 Les
989 2726 162 40 voisins
1174 2726 336 42 s'intéressèrent
1533 2732 22 34 à
1588 2728 39 38 la
1652 2728 142 39 bonne
1818 2740 167 40 œuvre,
2014 2729 62 40 lui
2112 2729 127 41 firent

489 2797 51 39 de
562 2798 134 52 larges
719 2800 226 50 aumônes,
969 2807 40 31 et
1029 2800 166 40 bientôt
1217 2799 28 40 il
1265 2800 66 40 fut
1357 2800 184 53 possible
1563 2800 196 40 d'ouvrir
1781 2814 87 26 une
1896 2802 132 40 classe
2058 2807 57 36 où
2150 2803 89 40 l'on

490 2871 223 54 enseignât
736 2872 39 39 la
797 2871 215 54 musique.
1038 2872 126 41 Alors
1187 2887 60 25 un
1271 2874 137 53 prêtre
1436 2874 58 39 du
1518 2887 103 26 nom
1643 2873 51 40 de
1717 2873 223 41 Giovanni
1970 2875 43 40 di
2051 2876 186 55 Rappia,

491 2944 292 53 protonotaire
807 2945 272 54 apostolique
1100 2949 22 36 à
1145 2946 153 47 Rome,
1322 2946 87 54 prit
1433 2947 175 39 l'œuvre
1630 2960 99 26 sous
1747 2961 43 26 sa
1810 2949 240 52 protection
2073 2960 38 29 et
2133 2951 88 40 réso-

489 3019 66 40 lut
576 3020 50 39 de
649 3033 221 40 parcourir
894 3030 94 31 tout
1011 3020 37 40 le
1071 3034 208 40 royaume
1300 3020 50 41 de
1383 3021 160 54 Naples
1578 3036 113 39 pour
1716 3022 219 40 recueillir
1961 3023 52 40 de
2041 3024 200 53 l'argent.

489 3092 72 41 Ses
584 3106 173 26 courses
780 3093 295 53 produisirent
1096 3095 58 39 les
1176 3095 97 54 plus
1296 3095 137 40 beaux
1458 3095 198 41 résultats
1683 3103 41 32 et
1746 3095 38 41 le
1812 3095 329 43 Conservatoire
2162 3107 80 46 put

489 3165 85 41 être
594 3166 128 41 établi
746 3181 72 26 sur
837 3181 60 26 un
921 3167 95 54 pied
1037 3167 200 42 définitif.

548 3241 58 40 Le
635 3242 325 40 Conservatoire
992 3242 120 41 délia
1142 3243 128 40 Pietà
1306 3243 72 40 dei
1423 3243 215 40 Turchini
1677 3245 96 39 date
1806 3245 117 40 aussi
1961 3245 56 40 du
2042 3245 200 40 seizième

492 3315 138 41 siècle.
656 3318 38 37 A
729 3316 38 39 la
807 3315 112 41 suite
953 3316 50 40 de
1035 3316 219 40 calamités
1293 3316 250 54 publiques,
1578 3317 37 39 le
1652 3317 192 41 cardinal
1881 3318 141 41 Mario
2063 3318 173 53 Carafa,

493 3389 268 54 archevêque
783 3389 51 40 de
861 3389 176 54 Naples,
1063 3389 137 54 érigea
1235 3403 87 27 une
1360 3390 207 39 confrérie
1591 3404 101 27 sous
1724 3391 37 40 le
1796 3391 96 41 titre
1925 3392 51 40 de
2007 3392 159 53 l'église
2189 3393 51 40 de

492 3463 364 43 Ylncoronatella
864 3496 9 10 .
897 3463 70 41 On
988 3477 250 39 commença
1258 3477 74 41 par
1348 3477 27 40 y
1391 3477 188 27 annexer
1596 3478 60 27 un
1674 3464 174 56 hospice
1870 3480 110 40 pour
1995 3466 56 40 les
2068 3466 171 41 enfants
