1642 2286
243 345 79 17 DER
350 345 148 17 STURM
529 351 8 11 /
568 344 201 18 ZWEITES
798 344 447 20 VIERTELJAHRHEFT

1209 1855 39 24 85

244 443 268 33 Strassenbahn
536 447 41 29 58

1087 1277 61 21 Josef
1162 1277 83 20 Nädass

243 519 41 20 Mit
291 518 52 21 dem
352 519 79 29 58-er
431 519 79 29 Wagen
517 518 65 21 fahre
590 518 36 21 ich
634 526 26 12 zu
668 518 88 21 meiner
761 518 129 25 Geliebten,
899 518 37 20 die
943 518 115 20 zwischen
1065 518 84 20 Gärten
1157 518 86 20 wohnt.

242 560 65 21 Weit
318 559 77 21 laufen
408 559 37 21 die
455 559 114 21 Schienen
579 566 44 13 von
634 558 52 21 dort
696 566 51 21 weg
759 557 47 22 und
816 557 41 22 der
867 559 78 28 Regen
957 558 64 28 singt
1033 558 49 20 sein
1092 557 79 29 langes
1182 557 61 21 Lied.

244 599 38 22 Ich
293 599 59 29 gehe
364 604 68 16 unter
444 600 88 20 seinem
544 599 76 26 Kleid,
640 599 36 20 ich
688 599 57 21 höre
756 606 36 19 zu,
810 606 24 13 er
846 598 52 21 hört
910 606 35 17 zu,
963 599 37 20 nie
1011 598 40 21 hat
1063 606 23 13 er
1099 597 59 22 noch
1170 599 76 20 meine

362 639 65 22 Hand
445 647 179 21 angenommen.

242 681 46 20 Der
304 681 78 28 Regen
399 680 80 21 wohnt
495 680 97 28 jenseits
610 679 41 22 der
668 680 81 28 Rerge.

242 747 126 21 Menschen
384 746 76 22 haben
478 746 37 22 die
528 748 88 20 Häuser
632 746 95 30 gebaut,
745 748 28 20 25
791 746 145 22 statistische
947 746 95 21 Aemter
1055 746 85 21 wissen
1155 746 43 21 wie
1213 746 33 21 oft

360 787 30 21 du
406 788 104 29 gegähnt
527 788 61 25 hast,

241 828 118 29 Teppiche
376 827 93 22 werden
486 828 123 30 geknüpft,
629 828 81 21 immer
728 835 59 14 neue
804 827 46 22 und
867 835 59 14 neue
938 827 165 22 Schuhmoden
1119 827 59 21 sieht
1194 835 52 13 man

359 869 23 20 in
399 868 45 21 den
461 868 128 30 Auslagen,

240 909 37 22 die
293 909 96 22 Malerin
406 909 40 21 hat
463 909 87 21 schöne
566 909 79 25 Arme,
664 910 23 19 in
703 908 46 22 den
766 916 97 22 grossen
882 908 90 22 Rädern
989 908 76 30 liegen
1081 908 81 21 Leiber
1179 913 67 16 unter

359 950 40 21 der
417 951 85 20 Sonne.

241 992 44 19 Der
302 990 164 22 Staatsanwalt
483 990 63 22 steht
562 990 47 26 auf,
628 990 37 22 die
682 990 103 22 Zuhörer
803 998 114 14 summen.

239 1061 57 21 Was
315 1058 43 22 soll
376 1058 37 22 ich
430 1058 64 21 Euch
512 1066 80 21 sagen,
616 1058 37 21 ich
672 1058 60 22 habe
754 1059 75 20 meine
846 1058 81 21 Hände
943 1058 105 29 gefaltet,
1072 1059 76 20 meine
1164 1058 82 29 Augen

359 1099 52 22 sind
429 1099 60 22 noch
507 1100 82 21 immer
606 1099 65 22 nicht
688 1099 73 26 blind,

240 1140 61 22 Aber
313 1140 36 21 ich
362 1141 57 20 sitze
431 1140 39 21 auf
481 1140 64 21 einer
552 1140 125 21 Ottomane
687 1140 47 21 und
744 1140 38 21 die
792 1140 82 21 Steuer
885 1140 60 21 habe
956 1140 36 21 ich
1003 1140 59 21 noch
1073 1139 62 21 nicht
1145 1139 99 25 bezahlt,

241 1182 46 20 Nur
303 1181 64 21 eines
384 1185 107 24 vergesst
508 1180 73 26 nicht,
599 1188 25 13 er
640 1188 48 13 war
705 1181 27 21 33
749 1180 67 22 Jahre
834 1181 31 21 alt
883 1180 47 22 und
947 1180 80 21 wurde
1043 1180 110 29 gehenkt.

242 1248 115 21 Draussen
375 1248 110 29 regnet’s.
