1638 2286
232 333 79 17 DER
340 334 13 16 S
372 334 13 16 T
403 334 16 18 U
436 335 53 17 RM
520 341 9 11 /
559 336 203 17 ZWEITES
791 336 443 22 VIERTELJAHRHEFT

1194 1840 31 24 81

232 430 135 23 bestimmte
385 433 151 23 individuelle
554 433 56 22 oder
627 433 248 23 Massenverhältnisse
891 435 103 28 gestellt,
1013 435 117 30 lebendig.
1160 437 29 21 Es
1206 438 30 21 ist

232 471 73 22 durch
330 473 82 21 Raum-
437 473 47 22 und
510 474 181 23 Zeitschranken
717 474 136 29 gebunden;
888 475 95 21 Mensch
1009 475 47 22 und
1083 477 153 22 Gesellschaft

230 517 99 17 trennen
354 521 25 13 es
401 522 53 13 vom
475 515 146 21 Universum.
656 515 26 21 In
703 515 42 21 der
764 515 117 29 Richtung
905 516 64 21 eines
992 515 150 22 bestimmten
1161 517 74 22 Zieles

231 553 67 21 wirkt
315 561 25 14 es
358 562 44 13 nur
418 555 47 21 und
484 555 56 21 über
557 555 77 21 dieses
646 555 47 21 Ziel
710 555 84 21 hinaus
810 555 94 22 verliert
921 564 24 13 es
958 556 38 21 die
1008 557 174 29 Lebendigkeit,
1199 557 37 22 die

230 601 26 14 es
273 602 41 13 aus
331 594 106 22 fremden
455 596 163 28 Rewegungen
636 597 23 20 in
677 596 49 21 sich
743 596 120 21 aufnahm:
883 604 24 13 es
926 597 68 21 stirbt
1012 597 46 21 und
1076 597 103 29 vergeht.

230 673 36 21 22.
300 673 45 21 Das
358 673 140 21 Kunstwerk
515 673 58 21 wird
590 674 65 22 nicht
672 674 73 22 durch
757 675 196 21 Formenrahmen
971 675 118 29 begrenzt.
1116 676 40 21 Die
1168 677 67 20 Form

230 713 153 22 versinnlicht
402 713 65 22 bloss
487 713 50 26 das,
561 722 47 14 was
630 722 42 14 aus
691 715 42 21 der
750 715 92 21 Einheit
861 715 41 21 der
921 715 147 22 universalen
1085 717 135 20 Zusammen-

229 753 76 30 hänge
322 753 73 21 durch
412 753 45 22 den
474 755 112 21 Künstler
606 755 116 21 hindurch
745 763 50 13 zum
813 755 123 22 Ausdruck
956 756 109 22 kommen
1086 764 71 14 muss.
1191 757 45 21 Das

229 794 142 22 Kunstwerk
394 795 29 21 ist
446 795 30 21 im
496 795 150 22 kosmischen
665 796 63 25 Sein,
752 795 41 22 das
813 797 22 20 in
854 797 72 21 Raum
944 797 47 21 und
1008 798 49 20 Zeit
1074 797 162 21 unaufhörlich

228 839 74 25 wogt:
321 835 50 21 dies
388 835 100 22 verleiht
505 835 47 21 ihm
569 835 44 22 den
632 836 139 29 Rhythmus.

228 914 35 21 23.
298 914 45 21 Das
361 913 142 22 Kunstwerk
519 913 59 22 wird
595 922 45 13 von
657 914 41 22 der
715 914 194 22 Blutzirkulation
928 915 40 21 des
983 916 149 21 Universums
1149 915 87 22 ebenso

228 954 143 22 durchflutet
387 955 44 21 wie
445 954 39 22 die
498 954 117 27 Pflanzen,
631 955 37 21 die
684 956 91 25 Sterne,
791 955 41 21 der
847 960 60 17 stete
919 955 99 22 Kreislai
1027 956 8 21 f
1046 956 41 22 der
1096 956 140 30 Aenderung

228 995 41 21 der
288 995 242 30 Aggregatzustände.
572 996 42 21 Die
639 995 120 30 Regelung
783 995 42 22 des
849 997 140 21 Zeitmasses
1014 996 57 22 oder
1095 997 41 21 des
1155 998 65 21 Wort-

228 1035 109 22 akzentes
355 1036 58 21 nach
431 1036 152 22 bestimmten
600 1036 122 30 logischen
739 1037 162 21 Vorschriften
920 1037 40 21 hat
976 1038 42 21 mit
1036 1037 52 22 dem
1107 1038 129 29 Rhythmus

228 1077 41 21 des
276 1077 168 21 Kunstwerkes
454 1077 77 21 nichts
541 1085 27 13 zu
578 1082 52 16 tun:
642 1077 77 22 dieser
729 1077 131 30 Rhythmus
870 1078 30 21 ist
909 1078 38 21 ein
956 1078 143 21 universales
1107 1078 127 27 Pulsieren,

227 1117 42 22 das
286 1117 78 22 weder
381 1117 120 30 begrenzt,
520 1118 61 21 noch
599 1119 43 20 mit
658 1118 122 29 logischen
798 1119 83 21 Sätzen
897 1119 106 29 geregelt
1019 1119 94 21 werden
1130 1119 69 21 kann.

227 1202 36 21 24.
298 1200 45 22 Das
360 1201 141 22 Kunstwerk
519 1202 30 21 ist
566 1202 52 21 eine
634 1202 172 21 revolutionäre
818 1203 51 25 Tat,
888 1202 38 22 die
942 1211 28 12 an
985 1202 54 22 kein
1051 1202 46 22 Ziel
1110 1202 125 30 gebunden

228 1243 39 20 ist.
302 1243 29 20 Es
354 1242 29 21 ist
406 1242 167 26 revolutionär,
597 1242 52 21 weil
671 1250 25 13 es
715 1243 105 21 existiert
846 1242 46 22 und
912 1242 52 22 weil
986 1244 63 20 seine
1067 1244 107 21 Existenz
1194 1243 40 22 das

228 1282 61 22 volle
307 1282 76 21 Leben
401 1282 186 26 dokumentiert;
611 1283 167 26 revolutionär,
796 1283 52 22 weil
866 1284 64 21 seine
947 1284 76 26 Form,
1044 1283 38 22 die
1099 1284 82 21 immer
1197 1284 38 21 die

228 1324 99 28 einzige,
350 1322 98 30 folglich
470 1322 38 22 die
528 1322 177 30 gleichwertige
722 1324 150 29 Möglichkeit
892 1324 41 21 des
951 1324 163 21 Sichäusserns
1136 1325 38 25 ist,
1197 1324 37 21 die

230 1363 134 22 Schranken
381 1363 42 21 des
439 1363 153 22 Absonderns
609 1363 152 22 durchbricht
782 1364 46 21 und
848 1364 69 21 nackt
936 1364 37 22 die
993 1364 132 22 kosmische
1143 1364 91 22 Einheit

229 1404 69 29 zeigt.

229 1482 36 21 25.
299 1482 41 21 Die
362 1482 68 21 Form
454 1482 65 29 jedes
541 1483 168 22 Kunstwerkes
736 1484 30 21 ist
792 1484 77 21 Bauen
896 1484 31 21 im
952 1484 103 21 Fliessen
1082 1484 64 21 einer
1176 1488 58 17 stets

230 1522 84 22 anders
330 1522 141 30 gestalteten
488 1524 147 21 universalen
654 1525 134 28 Strömung.
822 1526 42 19 Der
884 1524 103 26 Mensch,
1006 1524 40 22 der
1063 1524 37 22 die
1117 1524 117 22 Zustände

229 1563 129 22 verändern
380 1563 56 25 will,
460 1563 38 22 die
520 1565 64 20 seine
601 1565 48 21 Zeit
672 1564 134 27 verstellen,
827 1566 30 20 ist
874 1566 37 20 ein
929 1565 183 21 revolutionärer
1128 1565 103 21 Mensch.

229 1605 78 21 Wenn
329 1612 25 13 er
375 1604 45 21 den
442 1604 102 22 Zustand
568 1605 83 22 schafft
675 1605 47 22 und
748 1606 23 21 in
795 1606 53 21 dem
871 1606 59 21 Stoff
954 1606 47 21 und
1023 1606 64 21 Geist
1112 1606 48 21 sich
1182 1613 38 14 aus-

228 1644 117 29 gleichen,
369 1653 26 13 so
418 1645 30 21 ist
469 1653 25 13 er
515 1646 37 20 ein
572 1645 127 27 bauender,
717 1646 184 22 revolutionärer
917 1646 103 21 Mensch.
1083 1647 45 20 Das
1145 1647 73 20 Kunst-

228 1685 63 22 werk
314 1686 31 21 ist
367 1686 23 20 in
408 1685 59 22 Stoff
489 1685 46 22 und
553 1686 63 21 Geist
639 1687 165 29 ausgeglichen
824 1687 133 29 aufgebaut,
978 1694 24 14 es
1023 1687 153 21 manifestiert
1195 1686 37 21 die

229 1726 151 29 Möglichkeit
397 1726 77 21 dieses
490 1726 119 21 Aufbaues
626 1727 113 26 dadurch,
757 1727 54 22 dass
829 1735 24 13 es
870 1728 115 20 existiert:
1004 1727 49 21 dies
1070 1727 98 21 verleiht
1185 1727 46 21 ihm

230 1767 80 21 seinen
327 1766 188 22 revolutionären
533 1766 134 22 Charakter.
