1594 2286
193 349 79 16 DER
300 348 146 17 STURM
478 353 9 11 /
517 346 201 18 ZWEITES
747 345 442 20 VIERTELJAHRHEFT

1151 1844 38 24 63

386 446 67 23 „Dort
468 449 69 17 unten
552 445 40 20 tief
604 445 47 20 und
666 444 93 20 herrlich
775 443 158 25 ohnegleichen

388 484 56 20 Sind
458 483 186 23 Wundernächte,
660 482 35 20 die
709 482 58 20 mich
782 484 36 17 nie

193 534 47 19 Das
263 535 30 18 ist
315 533 82 20 wieder
418 532 210 25 Expressionismus,
652 532 41 19 wie
717 537 23 13 er
760 532 31 18 im
813 530 75 20 Buche
910 529 65 21 steht
1009 529 181 21 Wundernächte

194 571 88 20 bezieht
296 571 45 20 sich
357 570 38 20 auf
408 570 35 20 die
459 577 27 13 zu
506 569 135 21 erwartende
656 568 145 20 Damenwelt.
829 567 208 26 Expressionismus
1056 569 29 18 ist
1103 567 87 23 schwer,

194 616 53 13 man
262 609 54 19 muß
330 609 39 19 ihn
385 608 135 20 übersetzen.
548 607 56 25 Jetzt
618 607 88 20 kommt
720 613 51 13 zum
787 605 72 21 Glück
874 605 39 20 der
926 605 93 23 Freund,
1041 605 39 20 der
1095 604 84 21 Goethe-

193 647 92 19 kenner:
305 645 84 24 „Durch
409 645 44 20 den
471 647 163 18 unerwarteten
649 644 87 21 Besuch
751 644 39 20 des
806 644 148 25 überlegenen
968 642 118 24 Freundes,
1102 642 40 21 der
1156 642 34 21 die

193 684 61 20 Welt
268 684 69 20 schon
352 684 74 22 kennt,
441 683 47 20 und
505 682 68 21 durch
588 682 35 20 die
641 689 52 13 vom
707 681 87 20 Freund
814 681 104 20 erweckte
933 680 205 21 Aufmerksamkeit
1155 680 38 20 auf

194 722 34 19 die
249 721 123 20 Schönheit
392 722 73 19 seiner
483 722 83 23 jungen
587 720 160 20 Gouvernante
767 719 55 20 wird
842 719 40 20 der
900 718 102 26 Jüngling
1023 718 96 20 trunken
1138 724 54 14 vom

194 759 83 20 Dasein
291 758 47 20 und
354 761 69 18 erster
437 758 155 20 schüchterner
604 757 70 21 Liebe.
699 757 41 20 Die
750 757 61 20 Welt
824 757 54 20 wird
898 764 44 13 von
956 756 86 20 Minute
1062 763 28 13 zu
1104 755 87 21 Minute

193 797 116 19 herrlicher
337 803 41 13 vor
407 797 85 19 seinem
521 795 78 20 Blick.“
642 795 46 19 Das
716 795 88 20 kommt
834 795 78 23 davon,
942 801 65 13 wenn
1030 794 70 20 Väter
1128 793 63 20 ihren

193 834 93 20 Söhnen
319 836 66 23 junge
419 833 176 21 Gouvernanten
629 833 81 19 halten.
753 832 51 20 Und
838 835 58 23 jetzt,
924 839 35 13 wo
988 832 35 20 die
1056 831 70 21 Sache
1160 833 32 18 im

193 873 77 19 besten
291 871 123 26 Schwünge
434 873 36 18 ist;
496 871 40 23 „da
555 871 89 20 kommt
663 870 38 20 der
718 870 69 20 Vater
801 870 82 21 zurück
908 870 46 20 und
978 872 41 18 mit
1044 870 38 19 der
1107 873 84 21 ganzen

191 909 60 21 Fülle
287 911 73 18 seines
392 909 113 20 Rausches
540 910 31 19 im
603 908 89 21 Herzen
728 908 108 20 zerbricht
870 908 40 20 der
942 908 65 21 Sohn
1036 914 52 13 zum
1117 910 74 17 ersten

191 947 58 20 Male
278 947 34 20 die
338 947 104 20 Grenzen
470 947 46 20 und
543 947 74 25 bringt
644 946 46 21 sich
719 946 47 20 ihm
795 946 57 20 dar“.
891 946 64 20 Beim
982 946 209 25 Impressionismus

192 985 38 20 hat
258 992 53 13 man
339 985 82 22 Sonne,
450 985 60 19 beim
537 985 207 25 Expressionismus
772 984 88 20 Rausch
888 986 30 18 im
944 984 93 20 Herzen,
1075 983 54 20 Hier
1152 983 40 20 hat

191 1030 53 13 man
276 1023 98 25 typische
406 1022 333 25 Unterscheidungsmerkmale.
780 1022 24 20 In
834 1022 38 20 der
901 1021 63 21 Seele
993 1021 40 20 hat
1061 1021 39 20 der
1126 1020 65 21 Sohn

191 1061 109 25 hingegen
315 1060 87 20 Sturm;
420 1060 57 23 „Aus
493 1060 51 20 dem
559 1060 78 20 Sturm
653 1062 72 18 seiner
740 1059 64 21 Seele
819 1060 81 20 heraus
915 1059 85 21 fordert
1015 1066 22 13 er
1052 1059 78 20 beredt
1145 1059 45 20 und

191 1098 173 21 überströmend
378 1098 100 23 Freiheit,
493 1098 78 23 Leben,
581 1098 160 21 Freundschaft
755 1098 40 21 des
806 1098 85 23 Vaters,
902 1098 165 25 Gerechtigkeit
1082 1097 46 20 und
1143 1098 48 19 sein

192 1136 68 20 Recht
280 1136 39 20 auf
338 1136 191 20 Persönlichkeit“
561 1136 48 20 Soll
630 1136 86 23 heißen,
740 1136 38 20 auf
798 1136 35 20 die
855 1136 166 20 Gouvernante.
1060 1134 71 23 „Aber
1152 1134 40 20 der

192 1174 68 20 Vater
279 1174 101 20 bewahrt
400 1176 60 18 seine
480 1174 102 25 groteske
597 1174 68 23 Kälte,
686 1174 83 26 schlägt
783 1174 48 20 ihm
845 1176 35 18 ins
896 1173 93 21 Gesicht
1003 1173 46 20 und
1065 1176 73 22 sperrt
1151 1173 40 19 ihn

193 1213 51 19 ein.“
275 1211 35 21 Da
324 1212 60 20 kann
399 1218 53 14 man
467 1218 42 14 nur
524 1215 68 22 sagen
607 1212 50 20 Pfui
667 1211 75 21 Teufel
757 1212 55 20 oder
822 1212 212 25 Expressionismus.
1058 1211 52 20 Und
1125 1210 55 25 folge-

193 1249 75 26 richtig
282 1250 89 20 kommt
385 1249 35 20 die
435 1245 175 30 Überwindung:
633 1249 118 23 „Innerlich
766 1250 39 20 hat
820 1249 39 20 der
874 1249 64 20 Sohn
957 1249 43 19 den
1015 1249 69 19 Vater
1101 1248 89 25 besiegt,

194 1289 47 18 sein
251 1287 88 20 Rausch
353 1289 29 18 ist
397 1287 128 25 gewachsen
540 1287 46 20 und
601 1287 65 20 leicht
680 1287 48 21 fällt
742 1294 23 14 es
781 1288 51 19 dem
842 1287 93 22 Freund,
949 1287 40 19 ihn
1004 1286 108 20 nächtlich
1123 1286 67 19 durch

194 1325 40 20 das
254 1324 92 21 Fenster
367 1331 27 14 zu
416 1324 134 21 entführen.“
586 1325 74 20 Wenn
682 1325 35 20 die
739 1325 86 20 Herren
847 1324 60 21 nicht
928 1326 31 18 im
980 1324 88 20 Rausch
1089 1327 101 22 gewesen

194 1364 78 21 wären,
287 1362 79 20 hätten
380 1364 31 18 sie
427 1362 34 20 die
472 1362 161 21 Gouvernante
648 1363 70 20 sicher
728 1362 68 26 gleich
809 1364 181 24 mitgenommen.
1018 1361 45 20 Der
1073 1360 117 21 Professor

195 1400 39 20 der
247 1400 62 20 Erste
324 1402 49 23 sagt
387 1400 113 25 hingegen,
516 1400 41 20 alle
571 1400 111 25 Achtung:
704 1400 89 23 „Dieser
811 1400 101 25 Jüngling
931 1401 30 19 ist
980 1399 31 21 als
1031 1401 49 18 eine
1096 1399 83 20 liebens-

194 1437 97 26 würdige
307 1437 45 20 und
367 1439 117 24 ungemein
500 1438 165 25 sympathische
679 1438 149 25 Erscheinung
1015 1437 27 20 Er
1057 1437 73 20 beruft
1145 1437 45 20 sich

194 1475 85 20 hierbei
300 1475 38 20 auf
359 1475 34 19 die
416 1475 169 21 Gouvernante:
610 1475 61 23 „Daß
686 1475 57 21 Gott
765 1475 74 21 solche
853 1475 115 26 Jünglinge
990 1475 66 23 schuf,
1079 1478 49 22 sagt
1150 1475 39 19 das

193 1512 102 21 Fräulein
309 1512 45 21 voll
369 1512 142 26 beseeligtem
526 1513 66 20 Dank
607 1514 46 19 und
668 1515 81 18 nimmt
764 1514 70 19 damit
849 1514 40 19 das
903 1513 66 20 Wort
984 1513 52 20 dem
1048 1513 73 20 Hörer
1136 1513 54 20 oder

194 1550 66 21 Leser
274 1557 40 13 aus
329 1550 52 20 dem
390 1550 101 21 Munde.“
514 1551 55 20 Was
584 1554 49 22 sagt
648 1558 27 16 er,
691 1559 40 13 aus
747 1552 50 19 dem
808 1551 101 20 Munde?
933 1551 47 20 Aus
996 1551 39 20 der
1049 1551 69 20 Seele,
1142 1551 47 20 Aus

194 1588 52 19 dem
267 1587 92 20 Herzen.
395 1588 46 20 Das
462 1588 102 21 Fräulein
583 1589 40 20 hat
647 1589 34 20 die
706 1589 123 20 treffenden
850 1590 78 20 Worte
952 1589 97 20 wirklich
1074 1588 115 26 gefunden.

193 1626 74 20 Wenn
288 1625 55 21 auch
363 1627 41 19 mit
418 1625 146 22 freundlicher
578 1627 176 26 Unterstützung
770 1627 39 20 des
825 1627 106 23 Dichters,
946 1627 73 20 Herrn
1034 1627 155 20 Hasenclever.

193 1663 61 21 Auch
275 1663 40 20 der
335 1663 43 20 alte
399 1663 57 21 Gott
476 1664 85 20 scheint
580 1665 60 19 beim
659 1665 207 25 Expressionismus
881 1665 58 20 noch
954 1665 59 20 nicht
1028 1665 119 25 gestorben
1162 1671 27 13 zu

193 1703 57 18 sein:
265 1701 71 23 „Aber
350 1701 132 25 umgekehrt
496 1703 29 19 ist
540 1702 38 20 der
592 1703 69 19 Vater
675 1705 35 17 ein
728 1703 175 20 konzentrierter
917 1703 46 25 Typ
983 1709 40 13 aus
1042 1702 57 20 allen
1114 1701 75 26 Zügen

193 1740 140 19 unnatürlich
348 1740 133 20 väterlichen
717 1741 54 20 Dies
789 1741 53 20 aber
859 1748 43 13 nur
918 1745 76 21 wegen
1009 1740 39 21 des
1063 1740 115 25 Expressio-

193 1779 91 18 nismus,
322 1777 61 20 Aber
411 1778 131 23 umgekehrt
569 1778 54 20 wird
653 1778 69 21 selbst
750 1778 52 20 dem
830 1778 118 21 Professor
976 1778 51 20 dem
1051 1778 78 20 Ersten
1154 1777 35 20 die
