1653 2286
1313 1978 36 20 115

587 754 146 19 Ernst

178 197 109 24 Menschen,
295 203 46 15 trotz
351 198 115 22 technischer
473 200 199 28 Allerweltsfertigkeit,
681 202 41 20 über-

178 230 51 27 legen
244 230 61 20 bleibt.
334 230 44 21 Wir
392 231 40 21 sind
444 232 48 20 nicht
503 232 53 27 fähig,
567 233 30 21 die
606 234 126 27 Beziehungen

178 262 163 28 erkenntnismäßig
361 263 37 21 und
418 264 90 26 praktisch
527 265 28 21 bis
574 270 27 16 ins
616 266 63 21 Letzte
696 267 36 21 und

178 295 146 21 Entscheidende
336 304 23 12 zu
369 296 129 25 beherrschen,
508 297 30 20 die
548 307 63 12 unsere
619 298 113 21 Erdennatur

178 332 18 17 in
213 331 52 18 einen
280 328 63 21 Strom
360 328 111 22 kosmischer
485 330 99 20 Gewalten
602 331 70 21 treiben
690 331 42 21 läßt.

178 361 41 19 Der
237 360 62 21 Strom
318 361 46 21 reißt
383 365 27 17 ins
430 362 126 21 Grenzenlose
575 363 37 20 und
630 363 56 20 bleibt
704 368 28 16 ein

178 393 107 26 Schauspiel
305 394 200 26 mythisch-erhabener
524 395 36 20 und
578 396 154 26 geheimnisvoller

178 426 201 27 Naturerscheinungen
387 427 37 20 und
429 427 81 21 Mächte.
531 427 56 21 Diese
592 428 140 27 Erschütterung

178 467 33 12 vor
220 459 43 20 dem
273 459 110 20 Geheimnis
393 459 33 21 der
435 460 65 23 Natur,
512 463 73 23 jenseits
595 461 43 20 aller
646 461 86 20 Grenzen

178 491 132 21 menschlicher
332 491 81 21 Einsicht
435 492 37 21 und
494 492 146 25 Einflußnahme,
661 497 22 17 ist
705 497 27 17 ein

178 524 130 20 romantischer
317 524 132 27 Wiederklang
463 525 33 20 der
510 533 36 12 von
558 525 124 21 Christentum
696 526 36 20 und

178 556 249 28 europäisch-bürgerlichem
432 557 107 21 Kulturdrill
545 557 132 21 verschütteten
683 558 40 20 heid-

178 589 194 27 nisch-magyarischen
381 589 183 28 Natur-Religiosität.
585 590 31 21 Zu
625 590 107 27 plastischen

178 622 187 26 Personifizierungen
379 622 89 20 nunmehr
483 622 78 27 unfähig,
579 623 65 20 erhebt
662 627 25 16 sie
705 624 27 20 ihr

178 654 146 27 allbewegendes
353 655 108 26 mythisches
490 655 122 26 Weltprinzip
640 656 25 20 als
693 660 39 16 eine

179 687 108 27 gigantische
312 687 107 26 Rhapsodie
443 696 36 12 von
503 688 146 26 Gebirgsketten,
677 688 55 24 Seen,

179 719 297 27 Wolkenzügen,Planetenläufen
481 720 251 22 undHimmelslichlbahnen.

179 870 242 34 Philosophische
441 870 259 34 Walpurgisnacht

180 916 41 21 Der
238 916 102 27 unkundige
355 916 57 21 Leser
432 916 47 21 wird
498 920 31 16 mit
550 916 101 20 Erstaunen
671 916 63 24 hören,

179 949 37 20 daß
231 958 19 11 es
268 953 52 17 einen
334 949 60 20 Mann
411 949 41 26 gab,
470 949 33 20 der
520 949 24 20 da
560 949 116 26 behauptete,
694 953 40 16 eine

180 982 54 20 heute
249 982 47 20 noch
311 982 115 20 unbekannte
440 981 70 24 exakte,
526 982 32 19 das
573 982 48 19 heißt
635 985 25 16 im
670 982 64 26 Range

181 1014 33 20 der
228 1014 121 21 Mathematik
364 1015 37 19 und
411 1014 68 26 Physik
489 1014 123 27 ebenbürtige,
623 1014 57 20 daher
689 1022 45 19 ganz

181 1047 37 20 und
235 1055 31 19 gar
283 1047 142 20 unanfechtbare
442 1047 37 20 und
496 1046 80 27 gänzlich
592 1055 46 12 neue
652 1046 71 21 Wissen-

181 1079 57 21 schaft
257 1079 83 21 entdeckt
358 1088 21 12 zu
397 1079 67 24 haben,
482 1088 35 11 von
535 1079 32 20 der
582 1088 41 11 man
639 1079 36 20 sich
691 1080 44 25 (wie

181 1120 20 12 er
219 1112 38 20 sich
277 1112 54 20 selbst
350 1112 104 26 ausdrückt)
477 1112 38 23 „bis
536 1112 54 20 dahin
611 1112 56 20 nichts
687 1111 48 21 habe

181 1149 82 16 träumen
278 1145 78 20 lassen“.
386 1145 25 20 Er
426 1145 47 20 wird
483 1150 79 15 erstaunt
572 1149 43 19 sein,
630 1144 36 21 daß
677 1144 59 21 dieser

182 1177 60 20 Mann
256 1177 38 20 sich
308 1185 65 18 wegen
382 1181 58 16 seiner
450 1177 119 26 Entdeckung
579 1181 31 16 mit
620 1177 115 25 Kopernikus

182 1210 84 26 verglich.
296 1209 27 21 Er
338 1209 46 20 wird
399 1218 62 18 sagen;
484 1209 51 23 „Der
554 1210 59 19 Mann
631 1210 30 19 hat
680 1209 53 20 Mut“

183 1241 45 21 oder
244 1246 40 18 „ein
298 1242 88 20 verflucht
400 1241 131 21 bescheidener
545 1242 64 20 Kerl“.
639 1241 54 20 Aber
703 1241 33 21 der

184 1274 38 19 dies
237 1279 54 21 sagte,
306 1283 39 11 war
362 1278 17 16 in
394 1274 32 20 der
441 1274 36 20 Tat
494 1278 28 16 ein
541 1274 41 20 sehr
599 1274 136 24 bescheidener,

184 1311 56 21 guter,
259 1306 147 26 anspruchsloser
425 1306 64 23 Mann,
508 1306 33 20 der
560 1306 56 20 nichts
635 1307 101 19 sehnlicher

185 1338 60 23 hoffte,
261 1339 25 19 als
301 1339 36 19 daß
352 1347 19 11 er
385 1342 24 16 im
419 1339 73 25 Jenseits
506 1339 48 19 nicht
568 1344 48 14 etwa
630 1342 31 16 mit
675 1343 61 16 seinen

185 1370 68 27 großen
268 1370 88 27 Kollegen
373 1379 36 12 von
426 1371 33 20 der
473 1371 123 25 Philosophie,
609 1371 78 20 sondern
705 1375 31 16 mit

185 1407 68 16 seinem
277 1403 47 20 alten
343 1403 68 21 Diener
433 1403 70 26 Lampe
525 1403 156 21 zusammentreffe
699 1404 37 20 und

185 1444 50 12 zwar
249 1436 103 26 deswegen,
368 1436 41 19 weil
423 1444 20 12 er
458 1436 29 20 die
501 1436 122 20 Gesellschaft
637 1436 98 20 besonders

185 1468 153 20 rechtschaffener
352 1468 67 20 Seelen
437 1468 50 25 jeder
506 1468 68 20 andern
593 1477 71 18 vorzog.
696 1468 40 20 Der

185 1500 38 21 dies
238 1506 54 21 sagte,
308 1509 38 12 war
361 1500 58 21 ferner
434 1505 29 16 ein
472 1500 65 24 Mann,
552 1501 33 20 der
599 1501 48 20 nicht
661 1509 33 12 nur
704 1501 32 20 der

186 1533 57 27 Lüge,
258 1533 78 20 sondern
351 1533 46 20 auch
411 1533 33 20 der
458 1533 114 27 fahrlässigen
582 1533 112 27 Verletzung
704 1533 32 21 der

185 1566 104 23 Wahrheit,
312 1565 99 21 besonders
433 1565 44 21 aber
498 1565 32 21 der
552 1566 114 27 fahrlässigen
687 1566 37 20 Ver-

185 1598 83 27 breitung
282 1607 35 12 von
332 1598 96 21 Irrtümern
442 1603 24 16 im
484 1598 87 21 höchsten
586 1599 65 20 Grade
669 1598 68 21 abhold

185 1640 45 12 war.
259 1631 26 20 Er
303 1640 40 11 war
361 1631 59 20 ferner
439 1634 28 17 ein
486 1631 64 23 Mann,
570 1631 32 20 der
621 1636 58 16 zuerst
697 1635 40 16 eine

186 1664 54 20 heute
254 1668 24 16 im
292 1663 128 21 wesentlichen
435 1663 108 20 anerkannte
558 1663 132 20 Wissenschaft
701 1672 36 11 von

186 1696 33 20 der
233 1696 113 27 Entstehung
360 1696 32 20 des
407 1696 155 25 Fixsternsystems
577 1695 110 27 begründete
701 1695 36 21 und

186 1737 49 12 zwar
249 1729 27 20 bis
290 1733 27 16 ins
331 1728 86 21 einzelne.
447 1728 66 20 Dieser
523 1728 58 20 Mann
593 1732 21 16 ist
625 1737 52 12 unser
687 1728 50 23 alter,

186 1761 63 24 lieber,
271 1761 35 21 den
327 1765 74 16 meisten
417 1761 103 20 Menschen
541 1769 33 11 nur
594 1761 57 19 durch
673 1761 64 20 dunkle

187 1794 95 20 Gerüchte
297 1794 35 20 und
348 1794 38 20 sich
400 1793 172 26 widersprechende
581 1793 145 26 Zwischenträge-

186 1831 50 16 reien
250 1826 48 21 nicht
312 1826 70 21 sowohl
396 1826 90 20 bekannte
499 1826 26 20 als
539 1831 88 21 genannte
642 1826 54 19 Kant.

186 1859 51 21 Aus;
254 1859 162 26 „Philosophische
426 1858 164 27 Walpurgisnacht.
619 1857 87 26 Vorspiel
716 1866 21 12 zu

187 1891 33 21 der
239 1891 159 26 philosophischen
418 1891 78 27 Trilogie
516 1899 35 12 von
571 1890 62 21 Ernst
652 1890 85 20 Marcus

188 1923 47 21 Das
251 1923 255 26 Erkenntnisproblem

797 202 48 20 Wie
859 210 47 12 man
921 207 36 16 mit
972 203 37 21 der
1022 203 148 22 Radiernadel
1184 205 160 25 philosophiert

799 235 46 22 2,50
859 234 55 20 Mark
928 241 13 14 /
955 235 69 26 Verlag
1038 235 40 21 Der
1092 236 61 21 Sturm
1167 243 12 14 /
1193 237 60 20 Berlin
1267 236 27 21 W
1304 236 13 21 9

799 266 37 21 Die
856 266 165 27 Walpurgisnacht,
1048 268 29 20 die
1103 269 47 20 nicht
1176 269 24 20 als
1223 269 111 26 Frühlingser-

798 298 98 27 scheinung
909 299 169 27 vorübergegangen
1092 304 27 19 ist,
1134 301 77 21 sondern
1225 305 24 20 in,
1264 309 30 12 um
1308 301 36 20 und

798 339 31 12 um
844 330 115 28 Königsberg
977 332 63 20 herum
1058 332 100 26 aufgeführt
1175 333 69 23 wurde,
1263 333 31 20 hat
1311 332 33 21 edle

799 363 52 20 Welt
870 363 47 20 noch
935 363 82 21 dümmer
1035 365 87 25 gemacht,
1141 365 24 20 als
1184 369 25 16 sie
1226 365 56 21 schon
1300 374 44 12 war.

803 395 50 23 „Die
872 395 90 21 Wächter
981 395 37 21 und
1037 396 66 23 Hüter,
1124 396 28 21 die
1172 397 25 20 als
1216 397 128 21 Kantforscher

800 428 107 23 auftreten“,
926 428 60 19 haben
1004 428 68 20 wieder
1090 429 91 25 gründlich
1200 429 51 21 dafür
1269 435 75 21 gesorgt,

800 459 36 21 daß
851 460 32 20 das
897 460 87 20 Problem
997 460 108 20 verschüttet
1118 461 68 20 werde.
1221 461 25 21 Es
1263 462 36 27 gibt
1313 470 31 12 nur

799 496 69 17 einen
882 492 116 21 Kantkenner
1015 493 37 20 und
1070 497 68 16 einen
1152 493 134 21 Kantforscher.
1320 494 24 21 Ei

799 524 49 20 heißt
862 524 70 21 Ernst
946 525 100 20 Marcus.

800 556 44 21 Sein
860 556 277 27 „Erkenntnisproblem“
1153 562 21 15 ist
1188 558 29 19 die
1232 558 62 20 klarste
1304 558 30 21 Ein-

798 589 77 27 führung
889 593 18 17 in
921 590 34 20 das
970 590 60 20 Werk
1044 590 96 20 Immanuel
1153 590 64 20 Kants.

800 715 64 27 Aus
885 718 128 24 meinem
1033 714 184 28 Traumbuch

1154 1305 80 20 Rudolf
1248 1305 98 19 Blümner

802 760 35 21 Ein
847 760 103 26 Engländer
964 760 71 21 schrieb
1045 760 32 20 das
1086 760 55 20 Wort
1153 760 192 23 „Tauentzienstraße“

801 802 32 11 vor
847 797 70 16 meinen
932 793 68 26 Augen
1014 801 28 12 so;

954 830 69 20 Town
1038 839 51 11 seen
1104 830 86 20 Strasse

1071 873 10 12 *

801 906 35 21 Ein
854 906 151 21 Theaterkritiker
1023 906 70 20 schrieb
1111 914 35 11 von
1165 910 58 15 einem
1241 905 107 22 Darsteller:

805 939 37 23 „Er
856 939 48 20 blieb
915 947 33 12 uns
957 939 35 19 viel
1001 947 42 11 vom
1052 938 47 20 Text
1110 937 85 27 schuldig.
1223 937 43 21 Wir
1275 937 73 20 werden

801 972 35 19 den
846 971 109 27 Restbetrag
964 971 57 20 durch
1030 971 120 20 Nachnahme
1160 979 35 11 von
1204 970 37 20 ihm
1250 970 97 20 erheben.“

1071 1014 9 10 *

802 1048 18 20 In
838 1051 59 17 einem
911 1047 108 20 Hoftheater
1038 1054 72 12 unseres
1129 1050 62 16 ancien
1209 1049 67 23 regime
1294 1045 54 20 stellte

803 1080 37 21 sich
848 1084 33 16 mir
889 1084 28 16 ein
925 1079 151 27 Logenschließer
1084 1078 24 21 als
1117 1078 109 26 ehemaligen
1235 1078 113 20 Intendanten

801 1122 38 11 vor.
868 1113 26 19 Er
908 1120 38 12 war
960 1112 49 20 nicht
1023 1111 55 21 damit
1092 1111 98 23 zufrieden,
1203 1111 35 20 daß
1252 1118 42 13 man
1308 1110 40 20 dem

802 1145 126 21 Heldentenor
946 1145 47 19 ohne
1012 1148 73 16 weitere
1103 1143 101 21 Umstände
1223 1147 51 16 einen
1289 1143 59 19 Kranz

801 1178 102 20 überreicht
912 1178 53 19 hatte.
997 1177 45 23 „An
1052 1185 73 12 unserer
1134 1176 64 20 Bühne
1211 1180 57 22 sorgte
1280 1175 29 20 ich
1319 1174 20 21 da-

802 1211 33 23 für,
851 1210 35 20 daß
901 1215 42 15 stets
960 1214 28 16 ein
1002 1209 96 20 Vertreter
1115 1212 67 16 meines
1197 1208 103 26 Regiments
1318 1215 30 12 zur

805 1243 56 20 Stelle
878 1251 45 14 war,
942 1242 32 19 der
993 1241 35 20 den
1047 1246 58 15 ersten
1124 1240 61 20 Kranz
1203 1240 67 20 erhielt.
1305 1239 43 20 Und

804 1275 48 20 dann
866 1278 129 22 meinetwegen
1010 1273 42 20 dem
1066 1273 69 26 Sänger
1150 1272 35 20 den
1194 1272 62 20 Kranz
1270 1272 30 20 auf
1314 1272 34 20 den

801 1307 81 20 Bauch.“

802 1424 64 27 Aus
887 1423 52 27 der
959 1422 145 28 Wollonie

802 1469 36 21 Die
853 1477 45 12 neue
913 1468 59 20 Kunst
986 1472 21 16 ist
1020 1472 18 15 in
1048 1467 73 26 Belgien
1136 1467 56 19 durch
1206 1466 29 20 die
1248 1466 101 26 Gründung

802 1501 137 21 verschiedener
946 1500 117 20 literarischer
1069 1499 91 26 Gruppen
1167 1504 18 16 in
1192 1499 29 21 die
1228 1499 121 26 Erscheinung

802 1539 84 22 getreten.
915 1533 36 20 Die
960 1533 110 26 Bewegung,
1085 1532 35 23 die,
1133 1536 35 16 wie
1178 1532 38 20 hier
1225 1532 42 20 alles
1277 1531 72 23 andere,

802 1575 35 12 von
847 1565 108 21 Frankreich
970 1573 22 12 zu
1006 1570 88 15 erwarten
1104 1573 44 14 war,
1163 1568 40 23 ging
1217 1572 35 12 von
1261 1563 88 20 Flandern

802 1607 37 12 aus.
863 1598 56 21 Aber
933 1598 55 20 schon
1002 1597 87 20 während
1104 1597 31 20 des
1148 1596 75 26 Krieges
1238 1596 80 20 erschien
1332 1599 17 16 in

802 1631 104 21 Wallonien
916 1634 39 16 eine
966 1629 103 21 Zeitschrift
1076 1629 32 21 der
1115 1629 68 20 radikal
1190 1628 98 20 modernen
1295 1627 44 20 Rich-

802 1669 43 21 tung
856 1663 212 24 „Resurrection“.
1093 1662 38 19 Ihre
1141 1661 119 22 Mitarbeiter,
1272 1660 29 20 die
1313 1660 36 20 sich

804 1696 75 20 seitdem
894 1695 30 21 bei
941 1695 32 20 der
990 1699 85 22 jüngeren
1089 1694 110 20 Generation
1214 1697 51 16 einen
1279 1692 70 20 Namen

804 1728 82 27 gemacht
902 1728 65 23 haben,
987 1735 69 12 waren:
1084 1727 52 25 Guy
1154 1726 107 21 Boscart,
1286 1725 63 19 Rene

802 1760 132 23 Verboom,
945 1760 71 20 Ernst
1026 1759 104 22 Stadler,
1141 1757 91 20 Charles
1240 1756 109 23 Villdrac,

804 1792 243 22 ClementPansaers,
1058 1791 21 20 P.
1088 1791 12 20 I.
1108 1791 77 25 Jouve.
1207 1789 56 20 Diese
1272 1789 77 25 Gruppe

802 1824 139 21 veröffentlichte
960 1824 39 20 ihre
1013 1822 147 21 Wochenschrift
1178 1826 24 15 im
1221 1821 54 26 Jahre
1294 1821 55 20 1918.

803 1857 70 21 Namur
878 1866 38 11 war
920 1857 28 19 ihr
952 1856 94 20 Zentrum.
1058 1855 36 21 Die
1098 1854 188 26 Veröffentlichungen
1293 1853 56 20 dieser

804 1895 90 14 extremen
903 1889 78 25 Gruppe
988 1888 121 26 beabsichtige
1119 1887 28 20 ich
1154 1890 18 16 in
1179 1886 82 20 nächster
1268 1885 42 21 Zeit
1319 1894 30 11 zur

804 1921 107 26 Grundlage
925 1925 48 16 eines
988 1920 122 27 eingehenden
1125 1918 91 21 Studiums
1232 1926 22 11 zu
1268 1917 81 22 machen.
