1657 2286
267 340 80 17 DER
376 340 147 18 STURM
554 347 9 10 /
594 341 201 18 ZWEITES
824 342 445 21 VIERTELJAHRHEFT

1216 1847 48 28 111

983 1079 70 20 Franz
1067 1079 94 20 Richard
1176 1079 95 20 Behrens

268 437 105 21 Zichorie
390 437 42 21 der
447 437 233 22 Konkubinenkaffee

268 478 31 21 Ist
317 477 69 22 Liebe
403 478 52 21 eine
472 478 156 30 hypnotische
645 479 140 29 Suggestion

266 518 54 22 Wie
338 518 67 21 stelle
421 518 37 21 ich
475 519 37 21 ein
530 518 123 30 Horoskop
669 519 37 21 für
723 520 272 29 Zeugungsunfähigkeit

267 559 41 21 Die
324 558 198 30 Augendiagnose
538 567 76 22 gegen
632 559 44 22 den
693 560 153 30 Lehmpastor
863 560 69 21 Felke

266 599 91 22 Anders
375 599 33 22 als
426 599 38 22 die
481 600 88 21 andern
585 600 57 30 geht
659 600 37 21 die
713 601 154 21 Prostitution
885 600 72 22 durch
974 601 44 21 den
1037 602 82 29 Magen

266 640 113 21 Niemand
397 640 98 21 braucht
512 649 27 12 zu
555 640 146 30 verhungern

266 681 45 21 Für
327 680 133 22 männliche
477 680 84 23 Kultur

266 722 73 21 Raum
357 722 30 20 ist
404 720 29 22 da
448 721 38 21 für
502 720 51 23 Alle

266 762 76 21 Obere
359 766 82 17 untere
458 761 47 22 und
523 762 102 21 mittlere
641 762 208 22 Friedrichstrasse

266 804 45 21 Der
327 802 58 22 böse
402 802 65 22 Blick
484 802 47 22 und
548 802 42 22 das
606 802 118 23 Versehen
743 802 42 23 der
801 804 88 21 Frauen

265 844 41 21 Die
324 844 89 29 einzige
430 843 167 23 Wiederkunft
613 843 74 22 bleibt
704 844 37 21 die
759 843 153 22 Niederkunft

265 884 59 22 Fünf
340 884 121 21 Millionen
477 884 114 22 verlieren
609 885 59 21 nach
685 884 53 22 dem
755 889 78 17 ersten
850 885 158 22 Wochenbett
1025 885 38 22 die
1079 886 68 22 Reize

266 926 44 20 Der
327 925 82 21 Perser
425 925 88 21 Xerxes
530 925 117 29 peitschte
664 925 41 22 das
723 927 62 20 Meer

265 967 46 21 Wo
329 966 30 21 ist
376 966 36 21 ein
428 965 85 30 junges
529 965 71 23 Weib

266 1006 64 22 Habe
346 1006 37 21 ich
400 1006 42 22 das
458 1006 115 30 göttliche
590 1007 222 22 Geschlechtsleben
828 1007 158 30 widerwärtig
1001 1016 79 21 genug
1096 1008 107 29 gemacht

266 1048 34 20 Du
318 1047 68 21 sollst
402 1047 64 21 nicht
484 1047 129 22 schwören.
