1595 2286
410 348 77 17 DER
515 348 146 17 STURM
691 353 9 11 /
730 344 199 19 ZWEITES
957 335 448 25 VIERTELJAHRHEFT

413 1830 33 27 76

410 444 132 26 Methoden,
565 444 42 21 mit
626 443 70 22 deren
713 442 60 22 Hilfe
791 440 127 23 materielle
934 440 81 22 Werte
1031 438 37 21 für
1084 432 263 26 Gesellschaftsklassen
1364 439 28 14 an-

410 485 106 28 geeignet
534 484 46 21 und
596 484 118 28 enteignet
730 482 105 25 werden;
852 481 38 21 die
906 479 87 23 Gewalt
1011 479 32 20 als
1061 478 80 21 letztes
1158 475 138 29 Argument,
1315 472 42 22 das
1374 473 31 20 im

410 524 158 22 Verhältnisse
584 523 40 22 der
638 522 136 22 Individuen
790 521 47 22 und
851 521 98 22 Klassen
965 518 140 23 zueinander
1121 517 37 21 die
1176 515 162 28 konsequente
1350 514 42 20 Pro-

409 564 113 29 jizierung
538 563 40 22 des
596 562 130 23 stofflichen
744 561 181 30 Lebensgefühls
943 560 116 21 bedeutet.

411 642 20 21 7.
464 642 41 20 Die
522 642 92 28 Lösung
630 640 40 21 der
686 640 66 21 Krise
769 639 60 21 kann
845 646 44 13 nur
904 638 42 21 das
962 637 105 22 Resultat
1083 636 42 21 der
1141 635 44 21 den
1203 632 192 30 stofflich-gesell-

410 680 151 23 schaftlichen
587 680 122 28 (Klassen-)
737 679 86 29 Kampf
850 677 221 22 überschreitenden
1101 675 146 29 Bestrebung
1277 674 58 25 sein,
1369 673 38 21 die

410 723 23 20 in
449 721 41 22 der
501 720 181 28 Gleichstellung
698 719 41 22 der
753 719 132 21 stofflichen
901 719 47 21 und
958 719 117 29 geistigen
1087 715 191 31 schöpferischen
1291 714 116 22 Faktoren

409 761 90 30 gipfelt.
532 761 54 21 Dies
608 761 29 20 ist
657 760 38 21 die
711 760 153 28 Fortsetzung
882 759 42 21 des
939 759 105 29 Anfangs
1066 757 38 22 auf
1125 757 64 21 einer
1207 755 104 22 höheren
1329 755 76 21 Stufe:

411 801 58 22 Stoff
487 801 47 21 und
550 801 63 21 Geist
633 800 50 21 sind
703 800 154 29 gleichzeitig,
877 800 43 21 wie
940 800 33 21 sie
993 807 35 13 am
1045 799 93 28 Anfang
1153 796 150 30 gleichzeitig
1319 803 86 14 waren.

410 842 20 21 8.
464 842 40 21 Die
525 842 66 20 Form
616 840 76 22 dieser
713 840 145 29 Bestrebung
879 841 31 20 ist
931 840 63 21 nicht
1016 839 41 22 der
1078 837 190 23 ausschliesslich
1290 836 117 22 stoffliche

410 881 122 28 (Klassen-)
540 877 91 33 Kampf,
646 880 100 22 sondern
759 880 37 21 die
810 880 194 29 sozial-religiöse
1016 880 139 28 Bewegung.
1182 877 84 27 Sozial,
1282 877 42 22 das
1332 877 75 21 heisst

409 920 195 30 gesellschaftlich
616 920 125 29 (stofflich),
751 920 52 22 weil
815 921 33 21 sie
859 920 38 21 die
906 920 144 22 materiellen
1061 919 223 29 Gefängnisrahmen
1298 922 107 26 sprengt;

410 961 102 29 religiös,
530 960 51 22 weil
598 961 33 21 sie
647 960 45 22 den
709 960 124 22 Menschen
850 961 23 20 in
890 960 44 22 den
951 962 116 28 geistigen
1079 959 204 30 Zusammenhang
1299 959 41 21 der
1353 960 41 20 Ein-

410 1001 47 22 heit
475 1001 41 22 des
533 1002 149 21 Universums
702 1001 194 26 zurückversetzt,
920 1009 40 13 aus
981 1001 52 22 dem
1056 1000 38 22 die
1109 1000 132 30 Auflösung
1263 1000 42 21 des
1327 1004 67 17 natür-

410 1041 75 22 lichen
503 1041 190 29 Gleichgewichts
710 1041 40 21 ihn
765 1041 190 29 herausgerissen
972 1042 47 21 hat.

410 1120 21 20 9.
464 1119 45 21 Das
535 1120 99 28 primäre
660 1119 235 30 (stofflich-geistige)
922 1120 73 21 Mittel
1025 1120 77 21 dieser
1128 1120 148 30 Bestrebung
1307 1121 31 20 ist
1369 1120 38 21 die

411 1159 123 29 Schaffung
553 1159 40 21 des
610 1159 246 30 Embryonalgebildes
878 1160 42 21 der
941 1161 23 20 in
981 1161 60 21 Stoff
1059 1161 47 20 und
1124 1162 64 20 Geist
1209 1161 198 29 ausgeglichenen

410 1199 157 21 Lebensform.
600 1201 68 20 Diese
684 1200 150 21 Lebensform
856 1201 31 21 ist
908 1201 64 21 nicht
991 1201 41 21 das
1049 1201 132 30 Verlangen
1201 1201 58 22 nach
1277 1202 54 21 dem
1348 1202 59 21 Stoff

410 1247 37 13 um
464 1239 41 21 des
517 1239 84 21 Stoffes
612 1239 86 27 willen,
717 1240 100 21 sondern
835 1240 37 21 die
884 1241 157 29 Betrachtung
1056 1241 40 22 des
1109 1242 85 21 Stoffes
1212 1242 33 21 als
1258 1242 149 30 Gegenstand

409 1279 111 29 geistiger
526 1279 195 30 Offenbarungen.
744 1281 67 20 Diese
820 1281 150 21 Lebensform
983 1281 88 22 kommt
1084 1283 30 20 im
1125 1282 167 23 individuellen
1303 1284 104 21 Rahmen

410 1319 110 21 zustande
536 1319 46 21 und
599 1320 159 28 synthetisiert
776 1321 48 20 sich
842 1322 30 20 im
889 1321 76 22 Leben
982 1322 41 21 der
1037 1324 86 21 Masse:
1142 1323 37 22 die
1197 1324 152 21 Lebensform
1366 1324 41 22 der

410 1359 75 21 Masse
503 1360 30 20 ist
551 1359 37 22 die
604 1361 235 29 Zusammenfassung
858 1361 41 22 des
916 1362 89 22 Lebens
1023 1363 40 21 der
1080 1364 146 26 Individuen,
1249 1364 38 23 die
1305 1365 88 22 Lebens-

409 1399 59 21 form
485 1399 40 21 der
543 1399 134 23 Individuen
694 1402 30 20 ist
740 1401 41 21 der
798 1402 170 22 Mikrokosmos
985 1403 41 22 des
1044 1404 89 21 Lebens
1151 1404 41 22 der
1209 1406 83 21 Masse.

412 1481 33 21 10.
478 1482 44 20 Der
541 1482 109 21 Künstler
673 1484 30 20 ist
727 1484 37 21 ein
789 1484 145 23 schaffender
952 1486 118 22 Arbeiter:
1098 1495 25 14 er
1146 1489 102 22 trachtet
1273 1490 58 21 nach
1353 1490 53 22 dem

410 1520 228 31 stofflich-geistigen
649 1523 250 31 Weltgleichgewicht,
918 1526 77 22 indem
1007 1535 25 13 er
1044 1528 111 27 schreibt,
1169 1529 64 27 malt,
1247 1530 158 31 komponiert,

410 1560 63 22 baut.
512 1562 50 21 Von
583 1562 76 28 jedem
682 1563 99 22 anderen
803 1565 149 22 schaffenden
974 1567 107 23 Arbeiter
1105 1569 139 28 (bewusster
1265 1572 140 27 Entdecker,

411 1600 125 29 Gelehrter)
548 1602 172 23 unterscheidet
731 1611 25 14 er
767 1604 50 22 sich
828 1610 90 17 erstens
930 1607 112 27 dadurch,
1061 1608 54 22 dass
1127 1611 101 22 eruiicht
1242 1613 42 21 mit
1296 1614 95 20 Formen-

410 1640 108 22 schemen
535 1641 105 28 arbeitet,
659 1643 63 22 nicht
733 1652 44 13 von
789 1645 98 30 fertigen
899 1646 119 30 logischen
1031 1649 136 23 Resultaten
1179 1653 108 29 ausgeht,
1305 1653 101 22 sondern

411 1680 40 22 das
468 1681 74 22 Chaos
558 1681 40 22 der
616 1683 196 31 Erscheinungen,
833 1686 40 22 das
890 1688 23 20 in
931 1689 72 21 Raum
1020 1689 46 22 und
1084 1691 49 21 Zeit
1150 1693 127 22 unendlich
1294 1695 38 25 ist,
1355 1702 51 13 zum

410 1720 109 30 Ausgang
535 1722 89 26 nimmt,
642 1731 38 13 um
697 1724 72 22 durch
786 1725 78 23 diesen
882 1727 115 23 hindurch
1013 1738 40 13 zur
1070 1739 74 14 neuen
1157 1734 68 21 Form
1242 1742 28 14 zu
1281 1735 124 29 gelangen,

410 1761 23 19 in
454 1760 99 22 welcher
574 1761 40 22 der
635 1764 98 29 geistige
754 1766 201 32 Zusammenhang
976 1769 41 22 des
1037 1771 152 24 Universums
1211 1782 52 14 zum
1282 1775 124 22 Ausdruck
