1571 2286
384 341 79 17 DER
492 340 144 17 STURM
667 345 9 10 /
706 335 198 20 ZWEITES
933 328 451 23 VIERTELJAHRHEFT

378 1825 34 27 56

567 436 36 21 ..Er
616 436 44 25 flog
675 438 40 17 mit
730 435 128 24 Schweigen
872 432 69 21 durch
955 429 123 22 flüsternde
1093 428 99 20 Zimmer

575 474 51 20 Und
640 473 84 21 löschte
738 475 31 17 im
784 472 85 25 Neigen
884 470 39 20 der
936 468 82 26 Ampel
1033 467 129 21 Schimmer.

574 511 47 21 Das
635 511 39 20 Tal
689 511 39 19 des
743 509 115 21 Hofmann
872 508 34 25 lag
922 513 47 14 nun
983 508 32 18 im
1030 504 106 21 Dunkeln

575 549 51 20 Und
640 548 79 26 Hugos
734 547 63 20 Seele
812 547 84 19 konnte
911 547 53 23 jetzt
978 543 97 21 funkeln.

574 586 53 21 Nun
641 586 55 20 läuft
710 586 38 19 der
762 584 118 20 Professor
894 582 68 21 durch
978 583 61 19 seine
1054 581 78 19 Alleen

574 624 27 19 Er
615 624 60 19 kann
689 623 35 20 die
739 621 242 25 Aufstellungssumme
996 619 91 20 besehn.

383 678 28 25 Ja,
425 685 53 13 man
493 678 63 20 sollte
572 684 22 13 es
609 677 59 20 nicht
683 676 102 26 glauben;
804 675 100 22 „Gerade
919 681 29 13 an
967 674 86 20 diesem
1069 672 110 21 Gedichte
1199 673 57 24 zeigt
1275 671 46 20 sich
1341 671 40 20 das

383 718 96 23 primitiv
496 715 107 26 alogische
618 714 100 20 Element
734 713 40 20 der
788 712 206 26 Impressionslyrik
1011 713 24 18 in
1052 710 152 21 besonderem
1220 709 82 21 Grade.
1331 709 50 20 Wie

383 753 40 20 das
437 757 68 22 ganze
520 752 94 20 Gedicht
628 758 42 13 nur
685 753 47 18 eine
748 751 93 20 Summe
856 757 45 13 von
915 750 50 20 teils
985 749 119 21 erdachten
1124 748 55 21 oder
1198 748 118 26 geahnten,
1331 748 50 20 teils

383 791 96 19 erlebten
494 790 54 20 oder
562 789 111 26 gefühlten
684 788 138 21 Eindrücken
836 790 34 21 ist,
886 795 25 14 so
922 790 30 18 ist
960 788 50 24 jede
1021 787 99 20 einzelne
1132 786 100 26 Strophe
1242 786 139 25 keineswegs

382 828 55 20 nach
463 829 90 18 inneren
579 827 111 25 logischen
716 826 178 26 Assoziationen,
922 826 99 20 sondern
1047 825 57 20 nach
1131 824 73 21 Reim-
1230 824 47 20 und
1302 823 66 26 Klang-

383 867 162 18 assoziationen
571 864 85 26 gebaut.
692 864 54 20 Man
772 864 76 21 mühte
871 864 60 20 denn
955 863 183 26 geheimnisvolle
1161 863 46 20 und
1232 862 85 20 dunkle
1341 862 27 20 Be-

382 903 121 25 ziehungen
518 902 107 20 zwischen
640 902 43 20 den
698 902 74 20 Zeilen
787 902 66 20 lesen.
882 901 54 21 Hier
950 904 30 18 ist
995 904 48 18 eine
1063 901 80 26 völlige
1157 900 168 25 Ausschaltung
1341 900 40 20 des

382 940 81 20 Sinnes
477 942 22 18 in
514 940 39 20 der
566 939 40 21 Tat
621 940 106 20 erreicht.“
757 939 66 21 Solch
839 942 35 18 ein
889 939 89 21 Unsinn
992 941 30 19 ist
1037 939 71 21 selten
1124 939 144 26 geschrieben
1283 938 98 20 worden.

381 977 46 21 Das
438 977 94 21 Gedicht
546 979 30 19 ist
590 984 25 14 so
631 977 100 23 sinnvoll,
746 977 43 20 daß
804 977 33 20 ich
853 977 43 20 den
908 977 56 21 Sinn
976 977 59 21 ohne
1046 979 101 19 weiteres
1159 977 39 20 auf
1206 977 45 19 den
1262 976 119 20 Professor

381 1016 43 19 den
438 1015 77 20 Ersten
531 1016 129 19 ausdehnen
675 1016 90 19 konnte.
790 1016 41 19 Die
847 1016 118 19 erdachten
980 1015 78 20 Alleen
1073 1015 47 20 und
1136 1015 41 20 das
1193 1014 96 26 geahnte
1300 1014 81 23 Wehn,

381 1052 39 20 das
441 1052 81 21 erlebte
539 1053 96 20 Zimmer
656 1053 45 20 und
722 1054 39 19 der
779 1053 97 25 gefühlte
891 1053 201 25 Ampelschimmer
1107 1053 50 20 sind
1173 1053 120 25 allerdings
1308 1052 73 20 Reim-

381 1090 45 20 und
436 1090 240 26 Klangassoziationen,
691 1091 35 20 die
741 1091 40 20 das
793 1091 74 20 Getue
882 1091 73 20 dieser
969 1091 207 26 Impressionslyrik
1191 1093 32 18 im
1238 1091 143 20 besonderen

381 1127 74 20 Grade
477 1130 80 23 zeigen.
589 1128 41 20 Die
651 1128 229 26 Impressionslyriker
901 1129 75 20 haben
999 1132 68 18 etwas
1089 1131 41 19 mit
1152 1129 52 20 dem
1225 1129 76 26 Klang.
1334 1129 46 20 Das

380 1164 138 24 Instrument,
539 1167 40 18 mit
599 1165 51 20 dem
669 1168 31 18 sie
720 1166 84 26 Klänge
825 1167 101 23 schaffen,
946 1169 30 19 ist
993 1167 40 20 der
1047 1167 149 21 Leierkasten.
1226 1167 38 21 Sie
1280 1167 101 20 erfinden

380 1202 158 21 Gassenhauer
548 1203 58 20 ohne
617 1203 69 23 Lärm,
698 1210 45 14 was
755 1204 40 20 das
806 1204 88 20 Schöne
908 1212 29 12 an
947 1205 68 20 ihnen
1025 1207 35 19 ist.
1085 1205 37 21 Sie
1132 1205 116 21 schreiben
1259 1205 121 21 metrische

379 1239 129 26 Begleitung
530 1240 45 20 und
597 1240 75 21 halten
694 1244 32 17 sie
747 1242 34 20 für
802 1242 151 25 rhythmische
975 1243 142 26 Gestaltung.
1153 1244 39 20 Sie
1214 1244 102 26 glauben,
1340 1244 40 20 das

379 1276 150 21 Gedankliche
550 1285 27 13 zu
600 1279 117 24 entfernen,
739 1280 76 19 indem
837 1282 32 18 sie
891 1280 153 26 gedankenlos
1063 1282 200 24 interpunktieren.
1296 1282 35 20 Da
1351 1284 30 18 ist

378 1321 50 13 zum
443 1315 96 26 Beispiel
554 1316 35 20 die
604 1316 72 21 Kunst
691 1317 38 20 des
745 1317 72 20 Herrn
833 1317 77 21 Stefan
922 1318 94 26 George.
1047 1319 171 23 „Wundervolle
1229 1320 151 23 Versreliefs“,

379 1355 47 22 sagt
440 1352 117 21 Professor
571 1353 38 21 der
623 1354 71 20 Erste;

568 1407 36 20 Ihr
618 1408 69 20 höbet
702 1409 54 20 euch
770 1416 53 14 vom
838 1410 81 20 Boden
934 1411 39 20 auf
985 1413 32 18 im
1031 1411 70 20 Takte

568 1444 36 21 Ins
618 1445 57 20 volle
690 1446 60 20 Licht
765 1447 120 25 getauchte,
900 1448 101 20 lächelnd
1017 1449 70 21 Reine

568 1482 51 20 Und
635 1484 97 20 schrittet
746 1491 49 13 vor-
809 1485 47 19 und
871 1485 121 21 rückwärts
1049 1487 91 25 göttlich
1155 1488 86 21 Nackte

569 1519 41 20 Die
625 1520 68 21 breite
708 1522 69 20 Brust
792 1525 92 24 gewiegt
899 1524 39 20 auf
951 1525 129 20 schlankem
1096 1525 69 21 Beine

569 1557 50 20 Von
633 1558 93 21 welcher
739 1559 61 20 Urne
815 1561 55 20 oder
884 1562 105 20 welchem
1004 1562 73 21 Friese

569 1594 71 26 Steigt
653 1595 35 20 ihr
701 1598 35 18 ins
752 1597 73 21 Leben
841 1599 27 19 ab
884 1606 52 13 zum
950 1599 52 21 Fest
1016 1604 99 22 gerüstet

568 1631 41 21 Die
623 1632 35 20 ihr
673 1634 54 20 euch
741 1635 65 21 leicht
819 1638 122 24 verneigtet
956 1638 46 20 und
1018 1639 55 20 euch
1087 1640 80 21 küßtet

567 1670 51 19 Und
633 1672 96 19 tanzend
745 1672 113 22 schwankt
873 1675 39 19 auf
925 1676 180 25 weißgesternter
1119 1678 81 21 Wiese.

377 1720 45 21 Das
445 1722 49 19 sind
516 1722 110 24 Bildchen,
649 1725 35 19 die
705 1732 52 14 man
778 1727 96 21 wirklich
895 1736 45 13 von
963 1730 39 20 der
1016 1731 61 21 Urne
1099 1733 56 20 oder
1176 1734 52 20 dem
1243 1734 74 21 Friese
1338 1735 39 20 her

377 1757 72 21 haben
470 1760 58 19 muß.
556 1760 150 26 Wundervoll,
728 1766 40 18 wie
790 1765 35 20 die
847 1766 70 21 breite
940 1767 68 22 Brust
1030 1770 46 20 sich
1097 1772 39 19 auf
1157 1772 129 21 schlankem
1306 1773 70 20 Beine
