1642 2286
220 361 79 16 DER
327 361 148 19 STURM
504 370 9 10 /
544 364 202 17 ZWEITES
774 365 450 22 VIERTELJAHRHEFT

1172 1871 37 27 87

220 459 68 33 Die
312 460 288 40 Blumensphinx

716 517 9 21 1

218 559 48 21 Aus
284 559 44 21 den
346 561 141 28 Spinnetzen
509 561 77 22 lassen
609 562 49 21 sich
680 562 38 21 die
735 562 87 22 Bettler
844 563 88 21 nieder.
966 564 25 21 In
1009 564 64 21 ihren
1091 565 132 22 schwarzen

219 599 131 30 Schleppen
372 601 77 21 halten
473 602 33 21 sie
528 602 38 21 die
582 602 214 30 flaumgefütterten
814 604 84 21 Monde
923 604 37 21 die
981 605 119 29 gestillten
1118 606 105 21 Lämmer

219 640 36 21 die
273 641 97 21 Blumen
392 641 60 22 ohne
474 642 65 21 Kiele
561 642 47 22 und
631 643 37 22 die
685 644 195 29 apportierenden
897 645 164 22 Fledermäuse
1082 646 138 29 verborgen.

217 681 48 20 Vor
281 681 45 21 den
339 682 87 21 Zinnen
444 682 41 21 der
497 682 98 22 Blumen
614 684 45 21 und
677 684 45 21 den
733 684 141 30 Vorhängen
890 685 47 22 voll
949 686 219 29 Sommersprossen
1186 687 37 21 die

217 725 68 16 unter
297 721 52 21 dem
361 722 68 21 Atem
441 723 65 20 einer
517 723 142 22 halbwatten
673 724 174 23 Halbweltlerin
865 727 108 20 erzittern
991 726 79 22 ziehen
1089 726 36 22 die
1143 727 78 21 sieben

215 760 167 23 barbarischen
399 762 169 23 Brudersterne
584 764 108 22 vorüber.

215 802 32 19 Im
266 802 154 22 Versteckten
437 803 78 22 finden
533 804 60 21 noch
615 806 82 21 immer
715 806 180 30 Palmsonntage
917 811 64 17 statt.
1007 808 24 20 In
1049 808 173 29 Ermangelung

214 849 45 13 von
277 842 69 21 Eseln
364 844 74 21 reiten
455 844 38 21 die
510 844 93 22 Erlöser
624 846 38 21 auf
679 846 133 21 Tanderaen
830 848 45 20 ein.
905 848 44 20 Der
965 849 77 28 König
1062 848 76 22 dieser
1155 849 66 21 Stadt

214 882 29 21 ist
260 883 37 21 ein
316 884 252 28 Regenbogenfresser.

712 926 11 17 2

213 963 47 22 Aus
278 964 52 21 dem
342 965 117 22 Kalender
475 966 71 21 fallen
563 966 38 22 die
612 966 166 31 gekreuzigten
796 968 97 22 Blumen
913 969 38 21 die
967 969 117 22 Adressen
1105 970 41 22 der
1162 972 42 20 Ver-

213 1004 134 23 schollenen
365 1006 47 21 und
429 1006 38 22 die
485 1007 157 21 Grundsteine
657 1008 42 21 der
716 1008 152 22 Residenzen.

213 1046 23 21 In
254 1045 41 22 der
312 1054 147 14 marmornen
478 1048 84 29 Gurgel
580 1048 57 29 liegt
656 1048 38 22 die
711 1049 139 30 aufgerollte
867 1050 176 22 Liederschnur.

213 1087 40 20 Die
270 1088 86 21 Büsten
374 1088 41 21 der
431 1088 169 22 verstorbenen
616 1089 180 30 grossherzigen
811 1091 67 21 Tiere
895 1092 76 20 zieren
989 1091 38 22 die
1043 1092 85 22 Plätze.

213 1128 23 19 In
262 1128 44 21 den
331 1128 178 22 Binsenkörben
534 1129 94 22 werden
654 1129 37 22 die
715 1131 173 30 Missgeburten
916 1132 38 22 die
979 1133 174 22 Stammbäume
1177 1142 41 13 aus

213 1168 89 21 Fleisch
323 1169 46 21 voll
391 1169 205 30 eingewachsener
618 1171 130 22 erotischer
764 1172 86 22 Blöcke
872 1173 37 21 die
932 1174 112 20 rasierten
1067 1174 83 22 Pferde
1172 1175 45 21 und

214 1208 35 21 die
266 1209 80 21 Beutel
362 1210 46 21 voll
427 1210 119 22 Flammen
562 1211 168 30 fortgetragen.

214 1249 41 21 Die
275 1251 97 21 tausend
395 1252 85 20 Türme
502 1251 53 21 sind
578 1260 41 13 aus
642 1253 109 21 Missalen
772 1253 95 29 gebaut.
904 1255 25 20 In
954 1255 33 21 sie
1009 1255 69 21 fallen
1101 1263 41 13 aus
1164 1256 52 21 dem

213 1289 161 23 himmlischen
393 1291 175 22 Strahlenstroh
586 1292 41 22 das
644 1293 138 28 Ungeziefer
798 1294 47 21 und
862 1294 39 22 die
917 1295 151 22 bevölkerten
1085 1296 92 21 Monde.

708 1347 12 19 3

211 1388 45 20 Auf
273 1388 44 21 den
335 1389 237 29 Schildpattgeleisen
593 1390 88 29 gleiten
704 1390 37 21 die
758 1391 83 29 Mägde
861 1392 79 21 heran.
975 1393 24 20 In
1016 1392 65 22 ihren
1099 1394 115 21 Schürzen

210 1432 80 25 tragen
309 1429 33 21 sie
359 1429 37 21 die
414 1429 170 29 rotglühenden
603 1430 117 22 Scherben
737 1431 41 22 der
795 1432 172 22 zerbrochenen
984 1434 93 21 Sonnen
1096 1434 52 21 fort.

211 1469 24 20 In
252 1476 98 22 grossen
368 1470 79 28 Bögen
467 1470 79 28 pissen
568 1470 38 22 die
622 1471 141 29 Karyatiden
786 1472 42 21 des
845 1473 113 22 Himmels
980 1474 37 21 die
1035 1475 48 20 Zeit
1103 1483 43 13 von
1165 1476 49 20 sich

210 1510 44 20 wie
270 1509 163 22 Yasallensaft.

209 1549 48 21 Aus
274 1549 53 21 dem
345 1550 59 21 Mast
421 1550 41 21 der
480 1551 66 22 Stadt
562 1552 103 22 leuchtet
680 1552 37 22 die
728 1561 82 22 grosse
822 1550 158 33 Ätherqualle.
1016 1556 24 20 In
1052 1556 40 21 das
1106 1556 108 22 Gewölbe

209 1590 62 21 ihres
288 1590 105 21 Bauches
410 1590 75 22 haben
502 1592 36 21 ihr
555 1592 36 22 die
608 1594 117 21 Matrosen
742 1595 38 20 ein
797 1596 187 21 Korsarenschiff
1000 1596 129 29 gehangen.

208 1631 42 20 Die
267 1630 232 30 Pflanzenguillotine
515 1633 60 21 zieht
593 1633 72 22 durch
683 1634 37 22 die
737 1636 115 21 Strassen.

208 1672 42 21 Die
265 1672 169 30 Sabinerberge
451 1672 51 21 sind
521 1673 63 22 nicht
600 1674 152 23 hinreichend
769 1676 188 29 herabgelassen.
991 1678 41 20 Die
1045 1677 103 21 Schnüre
1160 1677 51 22 sind

207 1720 27 13 zu
252 1712 63 21 kurz.
349 1712 77 22 Durch
443 1712 45 23 den
506 1714 64 29 Spalt
585 1714 103 30 drängen
704 1716 37 21 die
752 1717 78 21 Kiefer
842 1717 41 21 der
895 1717 151 22 sixtinischen
1059 1718 152 22 Gebetmühle

207 1753 47 21 und
271 1753 41 21 der
325 1754 142 29 Lynchgong
483 1762 49 13 vor.
565 1755 45 21 Auf
627 1756 52 21 dem
692 1757 77 21 Meere
785 1757 87 30 hüpfen
890 1757 37 22 die
943 1759 175 28 riesengrossen
1136 1759 60 20 wahr-

208 1794 117 29 sagenden
342 1794 91 30 Kugeln
451 1803 41 13 aus
509 1795 128 22 schwarzer
655 1797 139 21 Basenerde.
