2527 3268
597 332 66 24 Wer
677 331 30 24 ist
721 331 40 25 ein
772 333 94 25 Mann?
887 344 52 15 wer
953 334 72 27 weifs
1040 347 52 17 was
1106 349 24 16 er
1143 341 64 26 will.
1232 344 58 26 Und
1301 346 78 28 Lilien-

538 378 62 16 cron
614 368 71 26 weifs
702 369 41 25 das
757 379 61 26 ganz
829 381 88 25 genau.
945 374 42 25 Ich
1001 375 87 35 glaube
1103 378 77 32 nicht,
1192 381 53 27 dafs
1260 383 52 27 ihm
1326 388 65 26 nach

538 407 58 25 dem
613 407 204 27 Fnedensschlufs
838 410 39 26 die
899 411 158 30 militärische
1077 417 144 37 Thätigkeit
1241 422 80 34 gleich
1343 427 47 26 viel

537 446 127 34 poetische
674 447 136 36 Anregung
823 449 116 34 gebracht
953 451 67 27 hätte
1031 455 50 27 wie
1092 456 40 26 der
1144 460 87 35 Krieg;
1246 463 63 26 auch
1320 465 70 27 nicht

537 484 54 25 dafs
606 493 65 17 seine
686 486 192 28 Persönlichkeit
891 498 56 17 zum
958 492 100 28 Dienste
1073 495 34 26 im
1116 498 98 27 Frieden
1228 501 48 26 viel
1287 510 102 23 getauet

538 522 75 26 hatte.
647 523 66 25 Aber
731 524 39 26 die
789 526 122 28 fröhliche
930 532 182 34 Leutnantzeit,
1134 537 38 26 die
1187 539 128 34 Feldzüge,
1337 546 51 25 sein

537 559 81 27 Leben
636 570 26 17 in
680 562 41 25 der
735 564 150 29 holstischen
904 570 148 28 Landschaft
1070 576 51 25 und
1141 587 31 16 an
1190 577 42 27 der
1245 579 141 30 friesischen

536 601 77 24 Küste
633 600 51 25 und
699 602 98 27 endlich
812 604 40 27 der
867 608 137 28 Wirrwarr
1021 612 40 26 des
1081 614 245 38 Grofsstadttrubels,
1344 623 42 26 das

536 647 83 17 waren
641 639 39 25 die
700 642 79 35 Dinge
801 643 39 27 die
860 655 24 16 er
901 646 125 31 brauchte.
1053 654 52 26 Aus
1122 655 74 27 ihnen
1216 658 31 26 ist
1265 660 53 26 ihm
1332 663 54 26 und

536 686 76 17 seiner
623 680 79 25 Kunst
713 680 64 27 denn
789 684 62 25 auch
862 685 41 26 der
914 688 75 35 Segen
1000 691 127 34 geflossen.
1155 696 47 26 Die
1212 705 79 20 ernste
1302 702 84 26 Natur

535 724 77 17 semer
622 718 109 31 Heimat,
746 719 41 28 der
801 731 24 16 er
839 732 26 18 so
878 734 46 27 eng
938 730 179 28 verschwistert
1127 734 39 32 ist,
1181 736 110 28 schützte
1302 741 81 27 seinen

535 755 67 25 Geist
617 765 70 17 vorm
696 759 150 33 Zerflattern,
861 763 40 28 der
911 766 64 32 Tod,
990 768 56 28 dem
1060 780 24 17 er
1098 773 25 25 in
1138 773 96 39 fünfzig

533 802 36 17 ins
580 795 133 35 Angesicht
728 801 103 33 gesehen
842 802 75 33 hatte,
932 806 43 26 hat
988 809 51 26 sein
1054 809 185 42 leichtflüssiges
1249 819 133 32 Tempera-

531 838 144 58 STS
675 835 50 61 f\
731 847 33 17 Un
758 878 15 18 u
794 840 24 26 dl
816 879 14 17 u
843 844 13 24 S
860 852 14 16 °
877 853 47 17 nne
925 865 8 10 '
947 846 39 27 dk
1036 852 154 27 taUSCndmal
1204 857 64 25 nach
1280 857 85 28 Biwak-

531 872 104 27 nachten
646 874 59 27 oder
716 878 230 33 Liebesabenteuern
961 885 39 28 bei
1012 888 79 28 ihrem
1102 891 133 39 Aufgange
1247 895 133 36 begrüfste,

530 909 44 26 hat
600 922 76 18 seiner
699 917 82 27 Poesie
806 919 47 27 den
878 922 171 31 berückenden
1072 931 60 25 Reiz
1155 907 226 55 iLJUelklich«

529 950 196 36 Morgenfnsche
749 958 128 29 verliehen.
910 964 50 26 Am
981 967 102 27 meisten
1101 970 44 25 hat
1165 971 43 27 der
1228 973 86 27 Boden
1338 975 41 26 des

529 993 106 29 Landes,
654 1002 26 16 in
701 995 56 27 dem
778 1007 23 16 er
818 1001 129 34 wurzelte,
967 1006 50 25 und
1036 1006 39 27 die
1088 1011 168 27 Vertrautheit
1270 1014 48 26 mit
1332 1014 46 26 den

530 1036 26 26 pr
567 1037 102 20 mitiven
680 1034 101 28 Formen
792 1040 180 28 menschlichen
983 1045 101 33 Lebens,
1096 1049 46 25 mit
1151 1051 59 34 Jagd
1224 1051 51 26 und
1284 1052 80 27 Acker-

527 1114 57 14 vnm
691 1083 28 45 f
721 1084 25 44 T
826 1078 14 25 d
840 1117 5 11 ,
844 1078 35 27 afs
893 1081 65 26 Sdne
972 1083 87 28 flüchti
1061 1095 16 26 g
1078 1096 12 15 e
1105 1089 128 27 Phantasie
1308 1093 70 25 nicht

527 1114 59 18 vom
597 1109 82 27 Boden
693 1112 50 27 hob
757 1116 51 25 und
823 1117 171 40 überwältigte
1009 1125 50 25 wie
1070 1127 119 27 Herakles
1204 1129 47 26 den
1266 1132 112 30 Antäon,

527 1146 104 27 sondern
652 1150 52 26 dafs
725 1161 25 17 er
766 1156 62 26 reale
845 1157 169 31 Lebenswerte
1032 1173 42 17 zur
1088 1167 160 37 Darstellung
1269 1169 108 31 brachte,

526 1186 39 24 die
584 1186 52 26 ihm
655 1190 83 27 weder
757 1193 40 27 die
816 1196 127 29 Phantasie
962 1201 73 26 allein
1055 1204 67 26 noch
1143 1205 39 27 die
1200 1207 121 27 Stickluft
1336 1210 40 25 des

525 1228 194 28 Arbeite.mmers
733 1231 141 31 offenbaren
886 1237 102 29 konnte.
1016 1243 71 26 Seine
1099 1247 167 25 romantische
1278 1250 82 30 Gegen-

525 1266 150 28 sätzlichkeit
692 1279 78 27 gegen
790 1273 40 26 das
845 1276 79 27 Leben
943 1277 105 39 begreift
1063 1283 120 27 demnach
1202 1285 72 27 keine
1289 1288 87 26 Flucht

533 1311 26 16 ns
574 1307 83 25 Irreale
679 1318 34 17 sie
727 1317 30 20 ist
770 1313 119 28 vielmehr
902 1317 39 26 ein
956 1320 143 37 Behaupten
1113 1323 42 26 der
1166 1323 41 26 für
1221 1326 44 24 ihn
1280 1327 82 32 eigent-

523 1343 102 27 lichsten
652 1348 146 30 Realitäten.
827 1355 48 25 Das
902 1357 125 28 Merkmal
1055 1360 42 27 der
1332 1365 43 27 das

634 1387 34 24 als
682 1387 42 27 der
735 1392 136 27 Romantik
886 1397 146 27 wesentlich
1046 1401 84 31 ansah,
1142 1401 76 27 bleibt
1232 1404 38 26 bei
1282 1404 93 27 diesem

522 1432 171 59 HaideTanne'-
710 1437 41 17 3US
753 1449 6 6 '
851 1435 127 35 GegCntei1
984 1457 8 10 '
1020 1439 50 26 wie
1091 1449 9 16 s
1103 1450 13 26 P
1119 1442 64 25 richt
1206 1452 24 16 er
1248 1453 31 16 zu
1297 1443 78 27 seiner

636 1515 38 24 Du
692 1518 44 23 bist
753 1520 36 23 die
801 1522 83 30 Natur,
903 1525 52 23 dein
967 1527 93 24 Geruch
1077 1529 29 24 ist
1122 1531 40 22 der
1174 1532 82 28 Erden,

637 1551 48 20 Wie
704 1552 58 23 sollt'
780 1553 35 23 ich
834 1556 27 22 da
878 1558 63 23 nicl.r
958 1560 114 29 glücklich
1088 1564 101 28 werden,

636 1584 38 20 Uv
692 1584 13 21 b
707 1592 17 14 lS
726 1591 9 15 r
752 1588 93 27 gesund,
864 1589 36 23 die
912 1591 61 23 Welt
986 1592 107 25 draufsen
1110 1596 28 23 isr
1150 1597 71 22 krank

635 1616 87 23 Dessen
739 1618 50 23 lieb'
806 1619 35 23 ich
861 1622 57 29 dich,
936 1624 42 23 hab
996 1625 76 24 Dank.

578 1658 20 23 V
601 1697 12 14 j
613 1658 44 27 rkÖ
657 1658 5 53 ,
662 1669 62 28 rpert
738 1664 43 26 hat
834 1668 64 26 seine
909 1669 109 28 Einkehr
1032 1673 25 25 in
1071 1674 53 26 sich
1138 1675 73 26 selbst
1226 1676 51 26 und
1293 1676 27 26 in
1334 1676 39 26 die

519 1700 67 52 JtUle
600 1700 41 23 der
654 1700 152 30 heimischen
819 1708 83 25 Natur
920 1708 24 26 in
959 1710 57 25 dem
1033 1712 105 26 weifsen
1150 1713 223 36 Jagdschlüfschcn

519 1739 128 29 l-oggrred.
675 1741 45 25 Ein
735 1742 68 26 Haus
819 1746 50 25 und
881 1746 97 28 Schloss
992 1751 65 25 nach
1072 1761 88 17 unsern
1173 1754 149 26 Wünschen
1336 1770 34 3 —

519 1778 29 18 ist
569 1777 42 23 das
632 1778 69 25 nicht
722 1790 52 17 eine
795 1782 111 29 kindlich
925 1790 167 25 romantische
1109 1791 68 26 Idee?
1210 1794 49 24 Der
1280 1793 92 34 heilige

518 1815 139 25 Brandanus
668 1817 67 27 hatte
746 1821 65 26 seine
822 1823 73 37 selige
906 1826 71 31 Insel,
985 1828 103 26 Mörike
1099 1830 50 25 sein
1161 1831 104 35 Orplid;
1278 1832 80 25 Lilien-

518 1857 59 18 cron
596 1854 42 25 hat
657 1864 50 18 sein
724 1858 132 37 Poggfred.
890 1863 66 27 Aber
974 1867 111 26 welcher
1102 1870 174 26 Unterschied!
1309 1871 61 25 Hier

518 1890 53 23 sind
583 1899 47 19 w,r
644 1895 68 26 nicht
727 1896 41 27 der
778 1901 71 25 Welt
860 1904 114 26 entrückt
985 1922 37 2 -
1037 1917 47 16 nur
1096 1907 99 32 abseits;
1217 1909 52 25 ihre
1281 1911 89 24 Posten

518 1934 49 18 und
583 1934 157 51 Quälgeister
752 1938 94 35 spuken
861 1943 66 25 noch
941 1944 92 31 herein,
1049 1946 52 26 und
1113 1947 133 36 Hamburg
1257 1948 31 25 ist
1299 1949 71 25 nicht

516 1972 63 21 allzu
594 1972 59 25 fern.
681 1974 61 26 Hier
755 1979 123 27 unterhält
893 1990 45 17 uns
953 1984 69 25 nicht
1036 1985 40 25 ein
1087 1985 113 26 schlaffes
1213 1987 156 26 Wohlleben

516 2009 59 22 oder
582 2009 186 31 weltverlorene
779 2017 201 39 Schattenspiele:
995 2023 57 26 nein
1060 2024 25 25 in
1094 2024 261 28 riesenhaftenTraum-

516 2050 92 22 bildern
625 2056 72 30 steigt
715 2052 41 26 das
775 2064 108 26 gesamte
902 2060 81 27 Leben
1004 2062 42 26 der
1063 2063 63 26 Erde
1144 2065 96 26 wieder
1257 2075 46 16 vor
1321 2076 47 15 uns

516 2092 51 21 aur,
582 2089 135 27 verdichtet
731 2101 28 16 zu
774 2104 79 18 neuen
867 2099 127 27 Gestalten
1008 2101 51 26 und
1074 2102 161 28 Erlebnissen.
1262 2106 27 32 Ja
1303 2105 66 25 diese

519 2128 166 25 iraumbdder
699 2131 52 24 s.nd
767 2142 50 17 von
831 2144 28 17 so
873 2137 204 37 überzeugender,
1091 2140 74 28 fester
1175 2143 194 31 Wirklichkeit,

515 2167 53 19 aals
582 2167 78 24 neben
675 2167 73 27 ihnen
762 2171 42 26 der
818 2175 149 28 realistische
981 2179 122 32 Rahmen,
1118 2181 42 25 das
1175 2182 97 26 Schlofs
1286 2184 66 32 Pogg-

515 2205 60 26 fred,
597 2205 43 23 der
657 2215 76 25 greise
752 2210 98 32 Diener,
867 2215 52 25 und
939 2217 70 26 Stadt
1029 2220 51 25 und
1098 2220 55 26 Feld
1173 2221 53 26 und
1239 2222 74 26 Welt
1331 2223 36 25 ins

514 2244 28 52 J
564 2244 133 26 attahafte
711 2249 211 31 verschwimmen.
952 2257 32 25 So
999 2256 93 36 gleicht
1106 2269 73 17 unser
1193 2260 103 27 Dichter
1309 2261 59 27 dem

514 2282 74 22 Adler
599 2282 91 37 Qanuq
703 2294 24 16 ,n
739 2286 46 27 den
796 2290 108 34 Mythen
916 2293 41 27 der
970 2295 103 37 Tlingit,
1088 2298 42 26 der
1143 2299 97 31 schlief,
1255 2310 76 16 wenn
1342 2310 27 16 er

514 2321 38 19 die
557 2321 86 32 Augen
652 2321 66 27 offen
724 2325 76 32 hatte,
806 2329 50 25 und
863 2332 107 32 wachte,
977 2344 76 17 wenn
1061 2346 24 15 er
1093 2337 33 25 sie
1133 2339 156 34 geschlossen
1297 2339 69 27 hielt.

514 2376 87 36 n\ru7
613 2367 43 45 Tr
691 2365 121 27 ZUWeilen
823 2377 50 18 von
885 2370 140 29 Liliencron
1037 2374 141 38 behauptet,
1192 2387 23 16 er
1227 2378 75 26 wisse
1315 2389 51 16 von

514 2398 78 22 nichts
601 2398 34 23 als
646 2399 172 32 Liebele,enzu
829 2408 81 31 reden,
921 2411 52 26 und
984 2412 133 29 höchstens
1128 2416 67 26 noch
1210 2418 39 25 ein
1265 2417 101 26 bischen

514 2434 106 25 vonSeh
623 2444 62 19 wert
696 2442 50 24 und
761 2444 84 28 Wein.
875 2449 49 25 Das
939 2450 32 25 ist
985 2452 53 25 eine
1053 2454 172 27 Borniertheit.
1247 2457 68 25 Alle
1327 2457 40 26 die

663 2486 22 16 W
686 2478 30 55 u!
716 2486 39 20 ten
776 2482 15 26 d
834 2485 92 28 LebenS
944 2495 78 21 treten
1037 2492 35 25 im
1258 2497 24 24 in
1302 2496 64 26 ihrer

514 2509 53 64 S
578 2551 19 22 L
608 2551 28 22 eh
674 2556 12 14 c
719 2527 31 46 'r
769 2529 31 44 5
819 2524 114 28 Cinander
948 2528 25 25 in
1188 2535 177 26 Grausamkeit

514 2551 157 62 ÄlterSe
695 2596 18 17 K
754 2559 69 27 Chkd
824 2563 13 50 ?
851 2564 51 26 Und
914 2566 97 26 Sittlich
1014 2567 58 34 keit,
1087 2572 211 34 Jugendschwüle
1312 2574 53 26 und

514 2623 36 26 dk
567 2627 60 23 Erd«
673 2613 6 11 '
846 2603 81 26 FHede
928 2625 7 10 '
950 2607 83 25 NatUr
1109 2612 93 31 Kunst;
1223 2613 49 26 wir
1292 2613 73 27 sehen

514 2625 38 25 die
566 2627 61 25 Erde
646 2630 33 26 als
694 2634 64 25 Kind
773 2636 39 27 des
828 2641 122 28 Himmels
964 2646 51 24 und
1031 2646 33 26 als
1078 2650 98 24 Mutter
1189 2650 42 26 der
1245 2653 102 26 Mensch-

1472 350 59 32 heit,
1552 351 74 26 sehen
1641 351 155 27 Urwildheit
1810 353 51 26 und
1877 353 204 31 Philisterschlaf,
2096 351 175 39 Todeskampf
2281 346 47 31 und

1471 390 334 36 Weihnachtskinderjubel,
1826 393 112 25 Christus
1959 403 41 15 am
2015 396 81 23 Kreuz
2118 394 50 26 und
2183 393 47 26 den
2244 385 84 33 Teufel

1471 429 34 25 als
1520 429 111 27 Richter.
1661 432 49 24 Das
1724 431 83 25 Rätsel
1827 431 42 25 der
1882 432 110 35 Analyse
2013 432 40 26 des
2068 433 92 25 Lebens
2180 434 24 24 in
2219 432 43 26 Ich
2280 424 48 31 und

1470 469 49 29 Du,
1540 468 42 26 das
1596 469 85 26 Rätsel
1701 470 78 25 seiner
1793 470 125 35 Synthesis
1939 472 25 24 in
1979 472 113 25 Umwelt
2110 473 54 25 und
2178 470 105 28 Ichwelt
2299 467 29 24 ist

1468 506 54 27 hier
1540 507 90 27 einmal
1646 509 95 25 wieder
1755 518 30 16 zu
1800 509 136 26 bildlichen
1952 512 133 34 Lösungen
2099 511 161 35 gekommen,
2279 502 47 31 und

1468 545 89 27 darum
1576 547 91 36 gehört
1684 548 42 25 der
1740 547 151 36 Poggfred
1911 555 64 20 trotz
1994 551 76 25 seiner
2086 550 127 37 kapitalen
2227 544 98 37 Mängel

1467 585 26 26 in
1507 586 55 25 eine
1573 587 79 24 Reihe
1667 587 47 25 mit
1728 587 47 25 den
1789 586 209 28 fundamentalen
2009 589 115 26 Werken
2138 589 42 26 der
2194 585 131 30 deutschen

1466 626 81 24 Kunst
1559 624 41 26 des
1611 627 172 24 neunzehnten
1792 627 188 33 Jahrhunderts,
1991 628 46 26 mit
2049 627 47 27 den
2104 623 204 32 Wahlverwandt-

1465 663 121 31 schaften,
1599 664 56 26 dem
1667 666 103 25 Grünen
1782 666 130 30 Heinrich,
1927 666 57 26 dem
1995 667 108 30 Tristan,
2118 667 52 27 und
2184 667 57 26 dem
2252 666 58 25 Zara-

1463 703 105 26 thustra.

1523 743 63 25 Man
1601 743 47 25 soll
1663 743 70 26 nicht
1747 743 85 35 länger
1846 754 60 16 vom
1917 743 125 37 Poggfred
2055 745 35 26 als
2101 755 52 16 von
2164 746 66 25 einer
2240 740 67 30 Nach-

1464 781 112 35 ahmung
1588 781 40 26 des
1640 783 162 33 Byronschen
1812 785 59 23 Don
1883 784 63 32 Jüan
1958 783 81 27 reden.
2061 784 47 26 Die
2116 781 206 29 Aehnlichkeiten

1462 821 54 24 sind
1536 821 163 35 vorwiegend
1719 821 160 27 äufserlicher
1892 824 95 24 Natur:
2008 822 42 26 das
2064 823 90 26 Fehlen
2172 824 64 25 eines
2252 826 56 28 orga-

1462 859 71 26 nisch
1552 859 190 35 geschlossenen
1756 859 118 28 Aufbaus
1896 877 34 4 —
1949 862 26 25 in
1994 861 88 26 beiden
2102 862 114 26 Werken
2235 859 86 28 höchst

1462 897 172 33 bedauerlich;
1656 898 67 27 beim
1735 902 59 24 Don
1806 901 63 32 Jüan
1883 899 101 27 kommt
1998 902 68 24 noch
2081 901 41 26 das
2134 902 186 25 Zwitterwesen

1460 937 124 27 zwischen
1600 940 63 34 Epos
1678 938 51 26 und
1745 939 143 34 Lyrischem
1903 939 62 26 dazu
1978 955 33 4 —
2026 938 79 28 ferner
2116 940 42 27 das
2169 940 96 36 Spielen
2277 939 42 22 mit

1460 975 42 27 der
1517 978 81 29 Form,
1615 973 39 30 die
1666 977 147 36 Häufigkeit
1825 978 42 26 der
1877 978 154 31 Invektiven,
2047 979 139 37 überhaupt
2197 980 38 25 die
2246 981 72 32 ganze

1459 1016 222 36 Streitstimmung.
1710 1017 66 25 Aber
1790 1017 74 35 grade
1878 1018 65 25 diese
1957 1018 31 25 ist
2003 1027 27 16 so
2045 1019 159 25 verschieden
2219 1018 49 26 wie
2281 1013 37 25 die

1458 1053 88 27 beiden
1561 1055 111 26 Dichter.
1705 1058 64 23 Dort
1788 1055 80 27 haben
1887 1057 49 26 wir
1955 1057 47 25 den
2022 1057 71 26 edeln
2118 1058 91 29 Briten,
2229 1054 77 27 leiden-

1458 1092 134 28 schaftlich
1610 1095 64 25 nach
1693 1095 46 25 den
1755 1097 100 24 Sternen
1871 1094 121 37 greifend,
2007 1106 51 16 von
2072 1097 93 25 seinem
2180 1095 80 27 Volke
2274 1095 44 23 mit

1458 1131 87 27 Füfsen
1554 1132 135 37 gestofsen,
1701 1134 46 25 mit
1755 1133 43 26 der
1805 1135 72 25 Welt
1888 1134 125 31 zerfallen,
2025 1135 117 27 verbannt
2151 1126 166 36 umherirrend

1458 1172 51 25 und
1532 1172 52 26 voll
1603 1173 191 26 schmerzlichen
1812 1174 105 25 Hohnes
1941 1173 49 27 auf
2010 1174 52 26 sein
2086 1175 27 25 in
2132 1174 114 27 Prüderie
2266 1177 39 20 ver-

1457 1208 130 29 faulendes
1611 1212 134 25 Vaterland
1774 1212 227 32 zurückblickend,
2026 1213 54 26 hier
2108 1213 48 27 den
2183 1210 132 30 deutschen

1456 1249 102 33 Junker,
1573 1251 44 25 seit
1632 1251 113 36 zwanzig
1757 1251 87 34 Jahren
1860 1252 47 26 mit
1918 1252 42 26 der
1971 1252 73 26 Welt
2055 1253 26 25 in
2092 1253 79 26 Fehde
2183 1262 44 17 um
2236 1251 81 26 Natur

1457 1289 52 25 und
1524 1289 113 30 Freiheit,
1652 1289 39 27 oft
1706 1290 156 31 verwundet,
1877 1291 41 26 nie
1932 1291 101 36 besiegt,
2048 1291 47 27 viel
2109 1291 154 37 geschmäht,
2277 1293 37 20 nie

1457 1335 105 29 verzagt,
1578 1328 143 37 unablässig
1735 1329 48 26 den
1797 1330 94 36 Spruch
1907 1331 118 25 Dehmels
2039 1331 176 26 illustrierend:

1696 1379 65 31 Kopf
1776 1380 65 28 hoch,
1859 1381 69 22 Beine
1946 1382 66 27 breit,

1694 1413 53 21 alles
1765 1413 80 22 Andre
1863 1413 77 23 machr
1958 1414 35 22 die
2012 1414 59 23 Zeir.

1455 1458 30 24 Es
1503 1457 31 26 ist
1549 1459 70 25 mehr
1636 1459 227 35 Siegesgewifsheit
1878 1461 34 25 im
1927 1459 124 36 Poggfred
2070 1461 33 26 als
2123 1461 35 25 im
2173 1463 59 24 Don
2245 1460 68 32 Jüan.

1456 1496 68 26 Oder
1542 1496 89 27 besser:
1661 1499 54 24 eine
1734 1499 75 25 andre
1827 1499 240 35 Siegesgewifsheit:
2097 1500 39 26 die
2155 1494 157 33 Gewifsheit,

1454 1535 70 26 nicht
1545 1545 49 17 nur
1614 1536 39 26 die
1672 1537 125 30 Schlacht,
1817 1539 107 25 sondern
1946 1539 46 25 den
2015 1540 98 34 Gegner
2131 1539 77 26 selber
2226 1546 29 17 zu
2272 1543 28 27 ge-

1453 1575 113 27 winnen.
1597 1577 51 24 Das
1662 1577 88 29 Wort,
1770 1577 41 26 das
1832 1577 144 27 Liliencron
1993 1578 27 25 in
2037 1577 42 27 der
2097 1578 136 27 vorletzten
2247 1571 65 30 Zeile

1454 1612 41 26 des
1506 1614 108 26 Werkes
1628 1616 93 25 seinem
1736 1626 41 25 arg
1792 1623 138 20 zerzausten
1942 1616 205 27 Kritikenkräher
2157 1615 91 30 zuruft,
2263 1608 48 30 und

1453 1651 43 26 das
1511 1654 67 25 mich
1593 1654 126 26 seltsamer
1733 1656 88 25 Weise
1834 1655 90 26 immer
1942 1666 31 16 an
1988 1655 42 27 das
2045 1652 266 41 triumphübermütige

1451 1690 68 26 hohe
1534 1693 22 24 C
1570 1692 41 26 der
1627 1693 163 26 Piccoloflöte
1805 1695 35 25 im
1854 1694 171 27 Schlufstakte
2042 1704 51 17 von
2108 1696 152 25 Beethovens
2277 1690 16 25 C-

1452 1730 234 36 moll-Symphonie
1701 1733 117 26 erinnert:

1551 1777 72 23 Selbst
1640 1779 71 22 Emil:
1738 1780 90 22 komm!
1857 1781 51 29 gieb
1926 1781 44 22 mir
1988 1781 44 22 den
2051 1781 151 23 Bruderkufs!

1451 1820 78 25 dieses
1543 1822 80 24 Wort
1641 1821 31 26 ist
1691 1823 70 25 mehr
1779 1823 34 25 als
1832 1824 40 25 ein
1886 1825 79 24 Witz.
1994 1826 29 23 Es
2042 1822 125 28 offenbart
2181 1824 40 26 die
2235 1825 72 32 ganze

1451 1858 260 37 Liebenswürdigkeit
1729 1862 77 25 seines
1827 1863 186 35 ausgelassenen
2029 1864 172 30 Uebermutes,
2221 1858 50 28 und
2285 1863 22 18 es

1451 1896 123 27 offenbart
1589 1897 55 27 aufs
1654 1900 154 26 Deutlichste
1821 1902 45 25 den
1878 1903 131 34 geheimen
2018 1902 160 36 Untergrund
2189 1900 33 27 all
2233 1897 74 28 seiner

1450 1936 186 27 entzückenden
1656 1939 110 26 Sünden:
1793 1940 42 26 das
1850 1940 165 26 Bewufstsein
2030 1942 76 25 seiner
2119 1934 172 33 Unwidersteh-

1449 1975 112 27 lichkeit.

1508 2017 50 23 Der
1578 2016 238 27 unwiderstehliche
1831 2019 144 33 Rhythmus
1994 2019 41 26 des
2049 2020 113 25 Humors
2176 2019 31 25 ist
2220 2026 32 19 es,
2267 2012 40 26 der

1449 2053 47 26 alle
1518 2053 195 27 künstlerischen
1733 2056 53 25 und
1805 2058 167 26 moralischen
1993 2058 131 26 Bedenken
2142 2067 77 27 gegen
2242 2052 64 28 seine

1448 2093 116 35 Eigenart
1584 2094 47 24 mit
1650 2095 52 25 sich
1719 2095 243 28 davonschwemmt.
1994 2099 65 24 Was
2078 2097 74 27 Walt
2172 2095 131 27 Whitman

1448 2141 51 16 von
1513 2133 84 25 seinen
1611 2135 90 24 Leaves
1716 2133 34 26 of
1761 2136 71 24 Grass
1848 2146 74 25 sagen
1939 2135 95 27 durfte:

1489 2179 51 22 The
1554 2180 75 22 words
1642 2180 29 23 of
1680 2189 39 23 my
1732 2182 60 22 book
1803 2182 104 32 nothing,
1921 2184 37 22 the
1971 2184 58 23 drift
2041 2185 23 22 in
2077 2185 18 22 it
2107 2192 69 23 every
2189 2182 70 29 rhing,

1448 2233 58 25 mag
1518 2223 36 26 bis
1566 2233 29 16 zu
1606 2224 80 25 einem
1697 2225 123 35 gewissen
1831 2227 82 25 Grade
1923 2228 65 25 auch
2000 2237 50 16 von
2062 2227 154 26 Liliencrons
2225 2226 64 30 Pogg-

1446 2261 55 27 fred
1516 2262 90 36 gelten.
1633 2264 30 24 Es
1676 2263 29 26 ist
1720 2264 25 25 in
1761 2264 42 25 der
1816 2265 66 26 That
1898 2267 39 25 ein
1952 2267 55 35 Zug
2022 2266 51 26 und
2085 2267 128 33 Schwung
2227 2259 76 30 darin,

1446 2301 52 27 wie
1517 2302 43 25 ihn
1578 2311 87 16 unsere
1685 2302 135 27 Litteratur
1840 2305 64 26 auch
1926 2306 25 25 in
1970 2306 47 25 den
2036 2304 210 28 Freiheitsliedern
2264 2297 40 26 der

1446 2342 88 24 Besten
1545 2341 70 25 nicht
1627 2340 110 36 gekannt
1751 2342 52 26 hat.
1821 2344 58 25 Und
1887 2347 67 23 wäre
1963 2345 77 25 dieser
2048 2346 54 34 Zug
2108 2345 51 26 und
2169 2344 134 26 Schwung,

1446 2378 70 37 frage
1535 2380 41 25 ich
1595 2389 61 21 nun,
1677 2380 113 36 möglich
1809 2383 52 25 und
1881 2383 170 36 überzeugend
2068 2385 79 25 ohne
2164 2383 39 26 die
2218 2380 71 25 künst-

1446 2419 121 26 lerischen
1580 2419 53 26 und
1648 2420 185 26 menschlichen
1844 2422 204 27 Unebenheiten?
2075 2422 71 27 Mufs
2158 2433 24 15 er
2192 2422 33 24 sie
2235 2414 68 30 nicht

1446 2458 81 36 liegen
1545 2459 89 30 lassen,
1654 2458 38 26 die
1708 2459 87 26 Klötze
1814 2461 53 26 und
1881 2461 93 27 Blöcke
1994 2463 35 25 im
2043 2465 92 33 Wege,
2150 2461 60 26 über
2224 2457 39 26 die
2280 2460 23 17 er

1446 2507 27 16 so
1492 2497 53 27 fein
1564 2499 252 36 hinwegzuspringen
1835 2499 52 27 und
1904 2510 30 17 zu
1954 2501 88 36 fliegen
2058 2504 112 33 vermag?
2198 2495 58 30 Sind
2270 2499 31 18 sie

1446 2538 69 25 nicht
1539 2548 61 26 ganz
1623 2538 189 27 unentbehrlich
1834 2538 41 27 für
1896 2540 42 26 das
1959 2540 246 26 Zustandekommen
2227 2534 73 28 seines

1446 2577 55 26 Stils
1517 2578 50 26 wie
1581 2578 75 26 seines
1672 2577 165 27 Charakters?

1504 2617 152 37 Mischlinge
1667 2617 54 26 sind
1733 2616 79 32 stark;
1827 2617 56 27 aber
1894 2619 34 25 sie
1939 2617 79 27 haben
2031 2619 70 26 nicht
2113 2619 88 25 immer
2208 2613 79 28 Schön-

1444 2654 60 32 heit,
1523 2657 70 25 nicht
1612 2657 88 26 immer
1720 2657 53 26 Stil.
1806 2657 142 26 Liliencron
1967 2658 43 25 hat
2029 2658 44 26 Stil
2095 2674 33 3 —
2145 2655 50 28 und
2216 2654 41 25 das
2271 2648 30 25 ist

1484 2847 0 0 102
