2908 3985
769 271 865 75 L'ACTUALITÉ
1709 293 650 58 MUSICALE

335 304 116 56 322

345 995 618 107 L'Édition

361 1163 604 94 Musicale

385 1439 8 20 !
400 1442 10 45 )
440 1443 179 36 Durand.
643 1443 44 27 —
687 1443 45 27 2
736 1445 10 46 )
771 1444 191 40 Hamelle.
1080 1445 13 21 3
1097 1449 11 46 )
1136 1448 162 36 Edition
1331 1448 198 38 mutuelle.

326 1496 41 26 —
367 1496 42 26 4
414 1498 10 46 )
452 1499 192 36 Bouwens
665 1513 73 23 van
765 1501 67 36 der
855 1503 149 47 Boijen.
1103 1505 28 47 °)
1153 1505 333 50 Liepmannsohn,
1511 1508 19 35 à

329 1552 141 38 Berlin.

397 1656 182 44 N'allez
618 1674 74 41 pas
741 1659 230 58 conclure,
1016 1661 164 44 devant
1222 1661 40 44 la
1307 1662 223 61 longueur

328 1725 192 44 inusitée
548 1726 53 43 de
628 1743 51 27 ce
705 1730 356 56 compte-rendu
1087 1731 23 43 à
1136 1748 89 26 une
1256 1732 98 43 vive
1378 1748 126 28 recru-

329 1793 216 44 descence
575 1795 52 42 de
655 1794 300 60 l'inspiration
984 1799 229 44 musicale.
1239 1799 228 52 Quantité
1486 1813 43 31 et

328 1862 169 58 qualité
515 1875 102 32 sont
636 1864 118 44 deux
773 1867 156 43 choses
947 1866 278 56 différentes;
1246 1880 43 32 et
1307 1886 195 27 avouons-

329 1930 54 58 le,
405 1930 27 44 il
452 1931 95 43 faut
569 1932 223 44 feuilleter
816 1935 102 43 bien
938 1936 74 43 des
1030 1953 131 43 pages
1184 1936 342 61 insignifiantes,

327 2011 135 32 avant
503 2000 104 44 d'en
649 2013 180 33 trouver
873 2020 86 27 une
1010 2006 74 57 qui
1136 2005 131 44 vaille
1311 2006 41 43 la
1396 2007 131 57 peine

329 2067 141 45 d'être
497 2070 310 57 approfondie.

397 2200 213 46 PIANO
642 2201 184 45 SEUL.
948 2202 69 44 La
1044 2204 208 58 musique
1290 2204 52 43 de
1376 2206 148 56 piano,

328 2286 57 26 en
413 2269 274 58 particulier,
717 2288 56 25 ne
801 2288 113 27 nous
940 2270 125 58 offre,
1107 2289 49 26 ce
1193 2273 196 58 mois-ci,
1429 2274 95 41 rien

327 2354 86 41 que
453 2338 51 42 de
545 2338 88 43 très
671 2339 222 44 ordinaire
920 2356 7 27 :
970 2341 74 42 des
1082 2341 313 49 ARABESQUES
1413 2338 13 25 1
1472 2341 52 42 de

327 2405 82 45 M.
439 2407 212 57 Delafosse
654 2442 11 21 ,
694 2408 103 59 cinq
827 2409 159 56 petites
1013 2409 146 57 pièces
1185 2409 57 43 où
1270 2408 131 44 l'idée
1423 2427 68 26 mu-

326 2474 133 45 sicale
498 2488 64 31 est
600 2486 155 33 courte
781 2497 9 34 ;
832 2477 111 57 puis,
985 2476 59 44 du
1081 2477 149 43 même
1258 2489 174 46 auteur,
1465 2495 58 26 un

329 2540 226 47 PRÉLUDE
579 2540 9 25 1
620 2555 42 31 et
689 2562 90 25 une
808 2545 178 43 ETUDE
1013 2559 61 29 DE
1097 2545 234 44 CONCERT
1354 2543 9 25 ]
1371 2582 11 21 ,
1406 2547 118 43 deux

327 2611 267 44 avalanches
633 2613 383 58 ininterrompues
1055 2613 53 43 de
1147 2613 186 45 doubles
1359 2625 128 33 notes
1513 2636 10 34 ;

330 2679 114 44 voilà
503 2681 103 43 bien
664 2681 74 44 des
795 2693 129 32 notes
980 2681 296 45 doublement
1328 2682 196 45 inutiles.

327 2747 82 45 M.
428 2747 212 45 Maurice
656 2748 117 45 Pesse
776 2785 11 21 ,
806 2766 106 27 avec
931 2749 41 44 la
989 2750 186 45 SOURCE
1192 2766 85 34 QUI
1296 2766 200 29 CHANTE
1511 2749 15 24 2

326 2816 210 45 s'adresse
564 2817 311 44 évidemment
895 2836 88 26 aux
1002 2820 211 56 pianistes
1233 2820 76 58 qui
1331 2819 195 44 désirent

329 2885 150 43 briller
505 2885 24 43 à
555 2902 87 41 peu
671 2886 53 43 de
751 2887 114 44 frais.
897 2886 69 44 La
994 2887 240 44 CHANSON
1274 2903 67 28 DU
1382 2888 116 43 RUIS-

327 2968 117 29 SEAU
463 2952 16 24 2
483 2990 10 21 ,
534 2954 52 43 de
625 2953 81 45 M.
752 2955 159 44 Widor
914 2991 11 21 ,
962 2968 64 31 est
1051 2973 57 26 au
1135 2967 223 32 contraire
1387 2956 137 44 d'une

327 3022 244 44 exécution
597 3022 227 45 vétilleuse
854 3044 10 34 ;
905 3025 52 42 de
997 3024 151 43 même
1187 3041 45 27 sa
1268 3024 258 45 KERMESSE

328 3090 429 45 CARILLONNANTE
779 3090 15 24 2
799 3129 8 7 .
851 3092 130 44 Dans
1011 3109 64 26 un
1102 3109 137 43 genre
1266 3092 99 59 plus
1391 3095 108 57 quin-

329 3159 231 57 tessencié,
616 3159 111 44 voilà
776 3178 91 26 une
912 3160 245 44 BERCEUSE
1178 3157 14 26 3
1242 3161 53 43 de
1346 3160 81 46 M.
1478 3164 49 41 de

332 3228 38 43 C
374 3238 111 32 aster
488 3246 25 24 a
552 3241 43 29 et
635 3228 118 43 deux
785 3246 246 27 morceaux
1059 3230 53 42 de
1140 3229 122 43 Paul
1283 3229 61 44 Le
1370 3230 116 44 Flem
1515 3247 12 27 :

330 3295 104 45 PAR
472 3296 199 44 LANDES
710 3309 43 30 et
793 3297 161 44 CLAIR
991 3312 60 29 DE
1090 3312 126 30 LUNE
1242 3313 106 29 sous
1375 3314 99 28 BOIS
1493 3295 16 26 3
1514 3335 10 22 ,

328 3363 184 45 celui-ci
534 3381 112 41 pour
667 3366 136 57 harpe
825 3366 313 59 chromatique
1164 3387 10 33 ;
1202 3367 220 44 sonorités
1439 3367 87 44 très

329 3432 311 59 enveloppées,
669 3433 163 60 grands
858 3433 126 45 effets
1011 3435 53 43 de
1091 3435 169 58 pédale,
1281 3436 216 43 enchaîne-

329 3512 149 33 ments
505 3502 102 43 bien
636 3502 253 58 modernes,
908 3519 63 26 un
994 3520 86 41 peu
1102 3503 219 44 décousus
1347 3504 174 58 parfois.

333 3569 379 45 L'interminable
751 3570 193 45 SONATE
983 3571 53 44 de
1075 3570 80 46 M.
1183 3571 42 44 J.
1256 3571 124 44 Szu/c
1409 3571 116 45 n'est

328 3655 75 42 pas
428 3638 288 44 absolument
738 3639 251 59 distinguée
1018 3660 10 35 ;
1057 3656 59 27 on
1145 3657 71 26 me
1245 3641 281 57 pardonnera

1643 430 22 26 e
1685 430 58 27 ne
1766 431 74 41 pas
1867 416 241 45 énumérer
2136 417 39 44 le
2203 432 113 31 reste
2344 421 74 44 des
2438 424 187 58 qualités
2645 427 76 58 qui
2744 426 62 44 lui

1629 494 81 30 ont
1738 482 155 45 défaut
1919 501 7 26 :
1957 485 11 42 i
2013 497 64 32 est
2105 497 148 47 temps
2279 489 53 42 de
2359 501 229 35 retrouver
2619 511 62 26 un
2721 511 87 42 peu

1612 550 53 42 de
1693 553 169 56 grande
1890 563 43 32 et
1959 554 119 42 saine
2106 556 224 58 musique,
2358 574 106 29 avec
2503 560 39 43 la
2579 562 228 58 JEUNESSE

1613 616 289 48 D'HERCULE
1915 617 9 25 3
1933 656 12 21 ,
1964 622 53 42 de
2036 621 61 45 St.
2114 622 125 44 Saëns
2244 659 11 21 ,
2276 625 172 45 réduite
2467 644 74 41 par
2558 628 81 47 M.
2661 631 144 45 Staub.

1617 684 168 60 Claire,
1825 689 115 42 aisee
1978 700 43 32 et
2060 701 87 33 très
2185 693 280 60 pianistique,
2506 696 39 44 la
2570 698 238 45 réduction

1619 753 151 45 donne
1798 757 256 57 cependant
2081 758 318 58 parfaitement
2425 762 292 61 l'impression
2755 769 53 43 de

1616 821 279 49 l'orchestre.

1690 957 234 45 CHANT
1945 994 9 9 .
2098 958 87 46 Les
2222 962 103 42 voix
2360 979 288 32 caverneuses
2674 986 108 40 pour-

1620 1037 103 31 ront
1761 1027 188 43 chanter
1986 1027 40 43 le
2065 1028 255 45 CHASSEUR
2358 1031 148 60 NOIR,
2535 1034 52 43 de
2607 1034 81 47 M.
2718 1037 60 43 La-

1611 1104 160 49 parra,
1802 1094 169 45 ballade
2000 1095 109 44 d'un
2138 1096 105 45 effet
2268 1115 62 27 un
2359 1117 86 40 peu
2483 1118 99 43 gros
2619 1115 43 31 et
2700 1106 106 43 d'un

1618 1165 295 42 romantisme
1964 1164 243 46 halluciné.
2259 1165 90 46 Les
2398 1170 100 42 voix
2559 1188 250 44 moyennes

1617 1232 149 43 diront
1794 1232 40 43 la
1862 1230 182 47 PRIÈRE
2071 1249 31 28 A
2129 1233 241 46 MADAME
2397 1252 60 28 LA
2485 1238 189 46 VIERGE
2695 1238 16 25 2
2715 1277 10 21 ,
2754 1243 52 42 de

1613 1299 123 45 Paul
1756 1301 199 44 Lacombe
1957 1338 12 22 ,
1996 1319 155 27 œuvre
2180 1303 137 44 d'une
2344 1305 300 47 déclamation
2667 1310 138 59 juste;

1611 1382 45 31 et
1678 1385 53 28 LE
1755 1369 189 47 GRAND
1964 1370 230 45 SOMMEIL
2211 1372 150 58 NOIR,
2375 1374 52 43 de
2449 1373 81 46 M.
2551 1376 205 59 Laparra
2774 1377 15 24 2
2794 1415 11 21 ,

1610 1439 75 59 qui
1716 1439 291 43 décidément
2032 1456 45 27 se
2104 1457 115 27 voue
2240 1458 57 26 au
2314 1458 137 43 genre
2471 1443 262 48 ténébreux.

1680 1506 119 45 Pour
1827 1507 61 45 les
1914 1509 104 42 voix
2046 1508 230 58 étendues,
2319 1510 174 45 GREEN
2516 1510 14 24 2
2535 1548 10 21 ,
2586 1514 51 42 de
2675 1513 132 61 Lydie

1608 1574 276 64 Michaïloff,\
1924 1593 214 28 morceau
2177 1579 74 57 qui
2291 1590 100 32 tout
2429 1597 56 26 en
2532 1581 122 44 étant
2695 1583 109 43 d'un

1609 1645 87 44 très
1729 1645 79 61 joli
1846 1646 265 57 sentiment,
2152 1663 56 26 ne
2247 1664 115 27 nous
2399 1648 91 44 fera
2529 1666 74 41 pas
2634 1651 171 44 oublier

1609 1713 115 44 celui
1753 1713 53 44 de
1835 1713 147 45 Fauré
2008 1731 72 28 sur
2106 1713 62 46 les
2194 1719 174 41 mêmes
2395 1717 182 57 paroles.
2608 1718 118 59 Puis,
2766 1720 39 44 le

1610 1781 151 45 Doux
1780 1781 213 45 D'APPEL
2016 1800 28 39 -,
2060 1783 52 43 de
2130 1782 82 46 M.
2241 1783 173 59 Widor,
2427 1785 110 45 dont
2563 1786 38 44 le
2625 1786 180 62 lyrisme

1608 1851 146 43 exalté
1792 1851 225 60 évoquera
2043 1852 40 43 le
2109 1853 212 43 souvenir
2349 1854 52 42 de
2441 1853 218 47 Gounod.
2693 1858 84 57 (Ac-

1608 1932 386 46 compagnement
2013 1920 52 43 de
2084 1920 152 44 violon
2255 1939 59 26 ou
2337 1922 266 45 violoncelle
2624 1926 178 58 obligé).

1677 1988 89 44 Les
1792 1990 103 42 voix
1923 1988 262 61 angéliques
2212 2002 165 32 auront
2404 1991 117 43 deux
2549 2009 175 28 œuvres
2751 1995 53 42 de

1608 2056 156 44 Nadia
1783 2057 265 58 Boulanger:
2068 2075 91 26 une
2178 2056 183 46 PRIÈRE
2373 2056 16 24 2
2408 2060 111 43 dont
2540 2060 60 45 les
2618 2061 185 59 paroles,

1607 2125 448 45 malheureusement
2081 2138 103 32 sont
2211 2144 87 41 peu
2326 2127 289 61 intelligibles
2643 2151 9 33 ;
2676 2142 43 31 et
2744 2149 58 25 un

1608 2194 264 50 CANTIQUE
1891 2192 15 24 2
1910 2230 11 21 ,
1973 2195 240 43 charmant
2264 2197 52 42 de
2366 2197 241 57 simplicité
2658 2211 42 31 et
2751 2201 52 42 de

1606 2263 214 44 candeur.
1867 2262 69 45 La
1985 2263 122 60 ligne
2149 2263 261 61 mélodique
2454 2283 28 43 y
2526 2277 64 33 est
2639 2268 163 58 ample,

1605 2331 114 44 aisée
1747 2343 43 32 et
1818 2330 110 45 d'un
1956 2342 194 33 contour
2172 2334 161 56 parfait
2352 2354 10 33 ;
2391 2333 62 44 les
2474 2351 300 44 accompagne-

1606 2412 163 45 ments,
1799 2400 108 44 dans
1933 2399 97 44 leur
2064 2400 242 60 simplicité
2344 2419 187 42 presque
2570 2404 204 44 rudimen-

1604 2469 125 56 taire,
1780 2485 56 26 ne
1887 2481 253 47 manquent
2190 2471 45 42 ni
2288 2470 52 43 de
2391 2472 207 57 richesse,
2647 2474 44 41 ni
2749 2483 53 34 de

1606 2536 161 44 coloris
1795 2553 8 27 :
1834 2537 325 45 constatons-le
2188 2555 89 27 une
2305 2539 82 44 fois
2415 2540 52 43 de
2504 2540 97 58 plus
2629 2558 8 27 :
2680 2541 27 44 il
2747 2559 55 26 ne

1605 2605 95 43 faut
1750 2622 74 41 pas
1877 2606 233 58 beaucoup
2156 2607 53 43 de
2255 2620 129 31 notes
2423 2625 112 41 pour
2577 2611 225 57 exprimer

1608 2674 233 58 beaucoup
1869 2674 52 42 de
1950 2675 155 44 choses
2132 2692 55 26 en
2216 2677 223 59 musique.

1676 2817 212 46 PIANO
1919 2834 27 41 4
1975 2818 233 46 MAINS.
2325 2820 131 45 Nous
2476 2821 201 45 redirons
2708 2822 94 43 cela

1605 2887 24 43 à
1656 2903 160 42 propos
1843 2886 52 43 de
1923 2886 41 44 la
1989 2888 138 57 petite
2154 2889 115 42 suite
2309 2889 53 42 de
2399 2888 82 45 M.
2528 2889 147 44 Ravel
2707 2890 93 44 MA

1606 2969 134 30 MERE
1778 2954 159 46 L'OYE
1956 2952 29 61 \
2025 2957 105 59 cinq
2170 2957 148 58 pièces
2354 2958 76 58 qui
2463 2969 218 47 pourront
2708 2959 92 43 être

1601 3024 155 60 jouées
1782 3041 75 41 par
1884 3036 148 33 toutes
2058 3024 62 45 les
2146 3027 161 56 petites
2333 3027 159 44 mains.
2532 3026 119 44 Rien
2689 3028 112 43 n'est

1606 3092 97 58 plus
1740 3104 210 33 amusant
1987 3110 89 42 que
2114 3094 53 43 de
2206 3096 96 42 voir
2340 3094 190 58 réaliser,
2572 3095 107 44 dans
2711 3113 88 27 une

1606 3161 192 44 écriture
1837 3161 150 57 claire,
2028 3175 44 30 et
2109 3179 107 27 avec
2254 3164 75 43 des
2354 3180 190 43 moyens
2573 3164 113 44 aussi
2714 3181 67 27 res-

1605 3230 173 57 treints,
1808 3229 75 43 des
1910 3229 126 45 effets
2062 3232 113 42 aussi
2204 3231 309 44 intensément
2546 3233 250 44 modernes.

1672 3297 82 45 M.
1802 3298 175 44 Florent
2019 3298 180 45 Schmitt
2201 3336 12 21 ,
2252 3301 76 58 qui
2368 3317 56 27 ne
2470 3300 219 61 dédaigne
2728 3319 73 40 pas

1604 3383 93 26 non
1726 3366 97 59 plus
1850 3366 226 45 d'amuser
2103 3367 41 44 la
2163 3369 207 60 jeunesse
2396 3369 92 44 fera
2514 3370 83 42 rire
2626 3381 100 32 tout
2761 3370 38 45 le

1605 3435 168 43 monde
1799 3452 108 27 avec
1933 3452 65 27 ses
2025 3436 256 50 MUSIQUES
2307 3452 235 29 FORAINES
2563 3435 16 24 2
2584 3474 8 8 .
2613 3437 54 45 Sa
2684 3438 115 46 valse

1608 3502 146 58 finale,
1794 3504 59 43 où
1891 3504 75 43 des
2004 3505 206 43 chevaux
2250 3506 54 42 de
2340 3507 92 42 bois
2459 3505 187 58 planent
2674 3507 100 58 éper-

1604 3571 234 58 duement,
1867 3574 143 56 parmi
2037 3590 63 26 un
2123 3574 119 43 bruit
2264 3574 52 43 de
2344 3573 172 59 poulies
2544 3576 257 59 grinçantes

1604 3651 44 32 et
1674 3657 56 26 au
1756 3657 80 27 son
1864 3639 111 44 d'un
2002 3658 139 42 orgue
2162 3643 73 57 qui
2255 3642 269 58 déchiquète
2545 3643 254 45 inlassable-
