2908 3985
317 315 155 86 284

1348 317 73 66 S.
1488 317 63 66 I.
1623 317 117 69 M.

312 457 392 81 Chrysander,
740 472 55 42 et
830 458 162 79 après
1024 459 83 56 lui
1159 459 95 56 M.
1294 458 253 71 Seiffert,
1589 473 102 42 ont
1742 459 200 79 publié
1992 482 68 36 en
2111 462 400 79 suppléments
2543 463 30 57 à
2605 462 138 58 l'édi-

310 546 127 54 tion
472 566 78 36 un
583 546 224 56 certain
841 545 246 57 nombre
1136 545 289 57 d'oeuvres
1458 545 70 57 de
1565 547 225 67 Keiser,
1823 547 247 70 Muffat,
2106 550 179 70 Clari,
2321 550 299 70 Stradella,
2655 564 111 43 etc.

310 631 233 58 imitées
593 654 103 57 par
743 632 292 57 Haendel.

491 720 161 56 Dans
714 740 93 37 ces
875 717 294 60 dernières
1245 717 230 71 années,
1538 720 99 57 des
1700 720 369 80 polémiques
2130 722 112 58 très
2303 726 157 56 vives
2521 745 57 37 se
2639 738 131 44 sont

312 805 306 60 rallumées
665 807 31 58 à
743 829 65 36 ce
855 807 147 78 sujet
1034 832 13 45 ;
1099 821 57 42 et
1203 809 79 54 les
1329 809 249 77 Anglais
1611 829 33 57 y
1681 823 104 42 ont
1834 810 117 77 pris
2001 830 111 36 une
2161 827 127 62 part
2321 814 208 56 active.
2590 814 180 54 Deux

312 914 134 57 gros
477 895 266 56 volumes
778 908 102 43 ont
913 893 91 58 été
1039 893 248 80 publiés,
1320 894 122 57 l'un
1475 915 103 59 par
1613 895 94 57 M.
1747 895 204 80 Sedley
1984 896 239 80 Taylor,
2272 899 70 56 de
2383 899 383 77 Cambridge:

333 981 107 56 The
609 980 839 78 indebtednessof
1562 983 230 56 Handel
2106 995 50 44 to
2297 983 146 56 other
2661 994 114 66 comp
1849 984 157 75 1906
2039 1008 11 45 ;
2086 985 203 57 l'autre
2321 1008 101 56 par
2450 988 94 56 M.
2585 988 181 76 Percy

314 1068 330 71 Robinson,
679 1068 295 58 d'Oxford
1005 1091 13 37 :
1054 1070 234 58 Handel
1312 1070 118 58 and
1452 1070 81 58 his
1564 1069 138 59 orbit
1703 1119 14 21 ,
1778 1072 178 76 1908.
2007 1074 112 56 Ces
2161 1073 157 57 deux
2350 1073 423 80 représentants

312 1155 96 59 des
441 1155 158 58 deux
629 1158 222 57 vieilles
888 1157 365 58 Universités
1288 1159 205 57 rivales
1524 1180 58 35 se
1616 1173 319 62 gourment
1966 1162 318 56 volontiers
2314 1161 121 57 l'un
2467 1162 208 57 l'autre
2709 1185 13 45 ;
2758 1159 11 27 1

310 1258 57 41 et
442 1258 131 43 tous
646 1244 156 57 deux
870 1258 131 43 sont
1080 1266 154 37 assez
1306 1247 118 56 mal
1495 1246 200 59 traités
1761 1268 105 58 par
1941 1248 80 56 les
2090 1248 281 79 critiques
2435 1248 335 57 allemands.

312 1333 90 55 En
468 1328 255 81 général,
785 1332 80 57 les
929 1333 266 79 Anglais,
1259 1355 141 35 avec
1462 1333 97 59 des
1627 1336 300 77 scrupules
1982 1336 104 77 qui
2134 1337 79 56 les
2258 1335 314 72 honorent,
2628 1337 145 56 mais

310 1418 144 57 dont
535 1420 80 55 les
687 1421 282 79 critiques
1046 1421 317 57 allemands
1446 1422 166 57 n'ont
1684 1422 296 79 peut-être
2050 1444 102 58 pas
2228 1437 119 44 tort
2431 1422 70 57 de
2582 1425 190 56 railler

309 1503 443 80 l'exagération,
804 1528 57 36 se
916 1509 235 77 placent
1199 1507 31 59 à
1278 1529 80 35 un
1405 1510 170 77 point
1625 1509 71 57 de
1750 1530 113 36 vue
1914 1522 231 45 surtout
2196 1511 207 56 moral.
2450 1511 112 56 Les
2608 1511 132 56 Alle-

309 1594 206 57 mands
566 1615 72 37 au
687 1597 295 56 contraire
1030 1595 132 57 font
1218 1618 154 35 assez
1425 1596 117 57 bon
1593 1595 240 60 marché
1885 1597 71 58 de
2003 1611 155 44 cette
2205 1597 455 70 considération,
2700 1619 73 36 au

309 1702 143 35 nom
499 1681 98 57 des
646 1681 184 59 droits
878 1682 76 58 du
1004 1681 193 80 génie,
1383 1684 91 76 (ce
1522 1685 105 78 qui
1674 1698 82 43 est
1805 1704 80 36 un
1932 1705 116 58 peu
2100 1685 365 78 sommaire),
2617 1699 55 42 et
2708 1685 66 56 ils

312 1770 402 57 n'examinent
748 1771 52 56 la
833 1773 274 77 question
1141 1793 115 57 que
1289 1771 78 58 du
1401 1773 170 77 point
1604 1771 71 58 de
1707 1792 113 37 vue
1881 1771 348 80 esthétique.
2284 1774 171 56 Selon
2502 1774 146 69 moi,
2695 1774 80 56 les

309 1856 155 58 deux
516 1859 301 76 questions
868 1879 56 36 se
987 1859 285 57 tiennent.
1340 1860 172 56 Nous
1574 1859 218 58 devons
1853 1881 146 35 nous
2053 1862 195 77 placer
2298 1881 96 36 sur
2448 1862 52 55 le
2556 1862 216 55 terrain

308 1945 369 56 strictement
726 1947 308 77 artistique
1084 1967 151 57 pour
1272 1945 177 80 juger
1496 1948 78 56 les
1607 1945 135 59 faits
1771 1972 11 45 ;
1836 1949 146 56 mais
2031 1962 165 43 notre
2246 1949 343 56 conclusion
2637 1968 137 37 aura

310 2029 346 60 fatalement
690 2053 76 36 un
803 2053 126 37 sens
973 2034 202 56 moral.
1228 2034 173 56 Nous
1451 2055 71 35 ne
1573 2055 146 36 nous
1768 2034 426 59 demanderons
2244 2056 119 58 pas,
2416 2056 151 58 pour
2609 2056 124 35 com-

309 2140 240 35 mencer
574 2140 12 34 :
705 2119 275 58 Haendel
1028 2121 228 56 avait-il
1305 2142 73 36 ou
1430 2142 116 36 non
1593 2122 53 56 le
1693 2122 155 56 droit
1896 2122 70 57 de
2008 2122 250 79 prendre
2305 2123 98 57 des
2440 2123 335 56 inventions

308 2204 330 82 étrangères
784 2208 163 57 Mais
977 2229 10 35 :
1086 2210 112 55 Les
1231 2210 160 54 a-t-il
1424 2210 179 77 prises
1632 2211 18 56 ?
1687 2211 324 57 Comment
2039 2212 17 55 ?
2097 2212 76 55 Et
2208 2211 297 79 pourquoi
2533 2212 18 56 ?

480 2554 143 59 Afin
657 2556 71 57 de
761 2577 145 36 nous
938 2577 264 59 appuyer
1234 2578 95 37 sur
1362 2556 96 59 des
1502 2559 297 77 exemples
1847 2558 208 78 précis,
2103 2558 351 58 choisissons
2501 2558 238 58 l'œuvre-

308 2657 160 64 type,
520 2641 76 59 où
648 2645 53 56 la
752 2645 273 78 question
1080 2644 99 57 des
1227 2659 309 64 emprunts
1583 2645 71 57 de
1705 2645 275 57 Haendel
2027 2667 59 37 se
2129 2667 137 58 pose
2298 2667 141 37 avec
2472 2659 166 45 toute
2670 2667 100 37 son

306 2733 270 76 ampleur
610 2753 10 36 :
1047 2733 189 56 Israël
1502 2753 62 36 en
1722 2734 228 78 ILgypte.
1292 2734 110 56 Sur
1448 2745 191 45 trente
1687 2733 277 58 numéros
1997 2735 265 69 environ,
2299 2756 116 57 que
2448 2748 241 65 compte
2721 2735 53 56 la

306 2819 307 79 partition,
647 2820 42 56 il
722 2841 35 57 y
792 2841 71 35 en
897 2841 52 48 a,
982 2841 152 57 pour
1166 2822 52 54 le
1251 2820 215 70 moins,
1500 2820 281 79 dix-sept,
1818 2842 114 58 que
1965 2842 146 37 nous
2143 2842 204 37 savons
2374 2819 359 81 empruntés.
2759 2818 15 25 2

421 3001 8 23 1
462 3005 57 37 La
550 3004 103 38 thèse
683 3005 47 36 de
762 3005 64 36 M.
851 3002 136 52 Sedley
1017 3002 149 53 Taylor
1195 3013 55 29 est
1281 3002 149 41 celle-ci
1453 3022 8 20 :
1493 3003 179 40 Haendel
1694 3019 21 24 a
1737 3003 90 54 pillé
1857 3003 53 40 les
1940 3006 209 37 musiciens
2178 3006 149 37 vivants
2351 3015 38 29 et
2410 3013 132 39 morts,
2566 3019 150 24 connus
2737 3016 38 28 et

306 3060 206 37 inconnus.
537 3062 93 36 Sans
651 3061 130 45 doute,
806 3058 28 39 il
856 3074 21 23 a
898 3060 150 38 enrichi
1071 3059 36 39 la
1131 3060 178 51 musique
1331 3062 47 37 de
1398 3074 55 25 ses
1474 3059 141 40 larcins
1637 3078 11 31 ;
1669 3062 96 37 mais
1787 3060 27 39 il
1834 3062 127 37 aurait
1981 3062 53 38 dû
2057 3076 49 23 au
2128 3062 127 38 moins
2277 3075 181 24 nommer
2478 3076 55 23 ses
2550 3062 222 39 créanciers.

307 3118 67 44 Or,
399 3114 26 38 il
445 3117 87 36 s'est
553 3118 176 47 toujours
749 3115 169 39 attribué
932 3114 37 40 la
988 3117 195 51 propriété
1197 3117 47 37 de
1261 3130 54 24 ses
1336 3126 215 43 emprunts.
1575 3119 40 35 A
1632 3118 127 37 moins
1774 3120 121 48 qu'on
1914 3132 47 24 ne
1974 3120 94 48 juge
2090 3119 46 37 de
2157 3118 36 38 la
2215 3117 177 39 moralité
2413 3132 92 24 avec
2521 3118 64 38 des
2607 3132 168 26 mesures

306 3172 230 46 différentes,
558 3170 107 40 selon
687 3173 122 49 qu'on
831 3186 37 24 se
891 3181 135 29 trouve
1047 3186 53 24 ou
1122 3186 80 24 non
1225 3187 48 24 en
1295 3172 83 38 face
1400 3174 96 36 d'un
1518 3174 124 47 génie,
1667 3172 181 40 Haendel
1868 3183 55 29 est
1943 3173 201 54 coupable.

418 3230 57 37 La
496 3229 104 37 thèse
622 3229 46 37 de
691 3230 64 36 M.
781 3229 123 51 Percy
926 3228 218 47 Robinson,
1244 3230 195 52 exprimée
1460 3243 68 38 par
1550 3230 66 46 lui,
1641 3244 80 24 non
1743 3229 213 39 seulement
1977 3232 95 36 dans
2093 3245 70 23 son
2183 3229 105 49 livre,
2308 3231 96 36 mais
2424 3231 95 36 dans
2538 3231 65 36 des
2624 3229 151 39 articles

306 3285 46 36 de
374 3282 60 39 VI.
458 3285 59 36 M.
542 3286 44 35 G.
613 3283 376 54 (juillet-septembre
1017 3287 134 48 1907),
1249 3294 56 29 est
1326 3300 75 36 que
1423 3284 51 40 les
1496 3295 201 43 emprunts
1719 3287 46 37 de
1787 3285 179 39 Haendel
1987 3296 70 29 ont
2073 3290 57 34 été
2152 3286 125 38 francs
2305 3295 37 29 et
2364 3285 155 53 loyaux.
2551 3285 221 49 D'ailleurs,

306 3338 36 39 la
362 3339 157 54 plupart
540 3341 65 39 des
626 3354 152 25 œuvres
797 3341 206 38 soi-disant
1024 3339 124 40 volées
1169 3350 89 29 sont
1277 3342 48 37 de
1350 3340 179 40 Haendel
1550 3340 222 49 lui-même,
1796 3352 36 28 et
1853 3344 134 37 datent
2008 3344 47 37 de
2076 3357 39 23 sa
2132 3344 184 48 jeunesse.

419 3398 65 36 M.
509 3399 103 35 Max
635 3397 150 37 Seiifert
806 3411 21 23 a
848 3398 177 51 répondu
1056 3398 95 37 dans
1181 3396 35 40 le
1246 3399 196 38 Jakrbuch
1472 3400 106 36 Peter
1578 3412 14 24 s
1621 3400 47 36 de
1703 3413 103 36 1907
1832 3401 216 49 (Haendels
2074 3398 212 39 Verhâltnis
2305 3412 52 24 %u
2632 3400 144 38 àlterer

306 3454 189 36 deutscher
523 3452 193 49 Meister).
753 3455 47 36 Sa
827 3454 105 37 thèse
964 3462 56 30 est
1055 3467 74 37 que
1162 3452 37 40 la
1232 3452 145 40 morale
1409 3457 65 35 n'a
1506 3455 82 37 rien
1610 3457 22 35 à
1652 3455 84 37 voir
1768 3455 62 38 ici.
1869 3454 180 40 Haendel
2084 3457 63 36 n'a
2178 3469 66 38 pas
2275 3453 84 39 volé
2380 3473 9 29 ;
2415 3452 28 40 il
2464 3468 32 33 a,
2529 3468 69 39 par
2617 3454 158 40 volonté

306 3509 213 50 artistique,
544 3507 224 42 mûrement
790 3507 203 49 délibérée,
1013 3508 172 39 travaillé
1206 3524 65 23 sur
1291 3511 64 37 des
1376 3511 217 38 matériaux
1613 3514 208 45 étrangers,
1844 3525 100 38 pour
1966 3511 100 39 bâtir
2086 3525 39 24 sa
2145 3525 139 38 propre
2304 3514 147 49 pensée.

418 3577 13 21 2
462 3579 64 37 M.
552 3575 134 53 Sedley
702 3576 152 52 Taylor
875 3591 22 24 a
919 3579 135 45 dressé,
1078 3579 95 37 dans
1194 3593 68 23 son
1284 3577 105 48 livre,
1413 3577 36 40 la
1469 3577 84 40 liste
1574 3580 46 37 de
1642 3593 58 24 ces
1722 3589 213 43 emprunts,
1953 3589 36 30 et
2005 3579 144 54 publié,
2166 3593 48 25 en
2235 3581 136 47 regard
2394 3578 51 40 les
2463 3593 71 24 uns
2549 3580 64 38 des
2634 3589 139 37 autres,

305 3633 52 40 les
376 3634 233 53 principaux
628 3633 192 54 exemples
840 3634 65 39 des
925 3648 173 39 passages
1119 3635 127 39 imités
1262 3644 38 30 et
1320 3636 63 37 des
1406 3636 128 51 copies
1554 3636 47 39 de
1623 3635 190 40 Haendel.
