2908 3985
1442 284 40 66 S
1502 336 17 17 «
1582 284 66 70 I.
1817 336 14 15 .

414 303 149 70 292

583 426 129 59 Elle
762 425 213 60 chante
1025 448 104 37 son
1182 426 386 60 indifférence
1623 429 286 60 railleuse.
1962 429 404 58 L'amoureux
2417 426 171 61 fidèle
2634 426 230 61 déclare

409 514 151 79 qu'il
589 515 55 57 la
674 515 194 57 suivra
900 514 198 80 quand
1141 515 216 59 même.
1408 515 404 59 L'amoureux
1858 518 310 80 misogyne
2215 517 226 59 déclare
2497 517 148 80 qu'il
2687 537 74 37 ne
2809 517 55 57 la

409 602 193 57 suivra
650 622 102 60 pas
780 626 15 47 ;
847 616 57 44 et
965 603 56 57 la
1069 599 273 61 sérénade
1390 599 134 61 finit
1573 625 104 58 par
1731 625 67 36 ce
1845 605 150 79 petit
2050 604 275 80 dialogue
2372 618 164 45 entre
2582 604 80 59 les
2709 603 155 58 deux

407 687 276 59 hommes
716 710 13 36 :

760 777 53 58 Il
843 791 85 44 est
960 778 119 56 mal
1112 777 70 57 de
1215 776 286 81 mépriser
1531 778 80 59 les
1643 777 250 61 femmes
2004 779 86 59 dit
2122 781 145 57 l'un.

762 865 51 57 Il
844 879 84 43 est
961 866 127 79 pire
1121 863 71 59 de
1223 866 81 57 les
1335 866 185 57 aimer
1637 868 239 58 conclut
1909 867 226 59 l'autre.

584 952 100 57 On
734 973 253 36 avouera
1041 952 147 79 qu'il
1238 965 84 44 est
1371 973 155 36 assez
1576 951 242 81 étrange
1865 975 117 58 que
2030 953 275 59 Haendel
2351 955 81 57 ait
2462 975 75 36 eu
2568 955 53 57 la
2653 951 211 81 pensée

407 1039 202 58 d'aller
642 1039 286 58 chercher
961 1054 154 44 cette
1147 1060 200 37 œuvre
1379 1039 216 80 légère,
1628 1061 237 40 comme
1897 1064 205 37 source
2132 1044 429 80 d'inspiration,
2585 1041 197 80 quand
2823 1041 41 57 il

407 1126 314 57 travaillait
754 1125 32 58 à
816 1125 270 81 l'épopée
1119 1126 255 60 d'lsraël.
1416 1127 108 73 Or,
1557 1149 96 37 sur
1684 1130 80 57 les
1797 1131 216 78 quinze
2046 1133 178 77 petits
2255 1150 320 38 morceaux
2606 1127 71 59 de
2710 1141 154 45 cette

410 1211 306 73 Sérénade,
753 1214 274 57 Haendel
1075 1234 73 37 en
1181 1235 30 36 a
1262 1214 194 58 utilisé
1500 1216 90 57 six
1637 1237 150 58 pour
1840 1218 80 58 les
1963 1216 233 60 chœurs
2255 1218 80 58 les
2394 1218 131 78 plus
2578 1216 286 79 puissants

414 1301 39 56 ÔL
475 1303 199 57 Israël.
734 1303 173 56 Cette
938 1303 211 77 simple
1181 1304 392 57 constatation
1608 1304 194 58 donne
1835 1304 30 60 à
1898 1327 206 60 penser
2146 1304 128 81 déjà
2306 1327 135 60 que,
2475 1304 138 58 dans
2655 1304 71 57 de
2758 1304 106 57 tels

407 1402 328 66 emprunts,
767 1389 432 80 l'emprunteur
1230 1411 32 36 a
1293 1387 94 60 été
1421 1392 53 55 le
1506 1393 131 77 plus
1669 1393 184 79 grand
1886 1393 283 61 créateur.

585 1477 159 57 Pour
773 1477 54 57 le
858 1475 211 59 chœur
1100 1498 72 36 en
1208 1479 294 78 question,
1539 1479 274 60 Haendel
1859 1501 58 38 se
1963 1496 116 43 sert
2126 1483 142 57 d'un
2315 1478 291 60 interlude
2646 1479 186 57 instru-

407 1564 221 56 mental
675 1563 72 57 de
792 1563 54 57 la
1379 1566 257 55 Serenata
2001 1562 261 79 {Sinfonia
2587 1580 266 45 concertata
2854 1577 10 46 et

406 1651 45 57 il
484 1671 72 36 en
588 1649 108 59 fait
727 1651 54 57 le
815 1649 201 72 chant,
1049 1652 53 56 le
1136 1649 146 59 récit
1329 1652 98 58 des
1473 1652 156 60 deux
1666 1654 257 73 chœurs,
1956 1676 138 39 avec
2128 1657 282 79 quelques
2442 1653 422 80 changements

406 1735 335 74 d'écriture,
774 1735 393 82 insignifiants
1199 1759 72 36 en
1304 1759 344 59 apparence.

644 1859 359 55 Alessandro
1026 1862 312 54 Stradella:
1379 1859 405 55 SERENATA
