2908 3985
565 274 132 69 LE
768 274 600 71 CLAVECIN
1436 277 310 68 CHEZ
1820 277 310 68 BACH

2426 299 148 68 3i3

114 416 328 59 tombaient
496 416 342 61 facilement
889 419 140 60 dans
1082 421 53 58 la
1186 419 342 73 sécheresse,
1581 437 56 43 et
1690 420 32 59 à
1775 421 313 80 l'exemple
2135 420 71 59 de
2260 442 101 37 son
2419 418 160 82 père,

117 504 277 80 Philippe
428 506 380 72 Emmanuel,
843 508 145 58 ainsi
1022 529 114 59 que
1172 510 240 64 Quantz
1445 523 56 44 et
1537 512 318 77 Marpurg,
1891 531 72 35 ne
2018 529 154 38 cesse
2226 508 71 58 de
2349 528 193 38 recom-

113 593 241 57 mander
387 613 71 37 en
491 594 259 79 premier
781 595 119 59 lieu
933 594 31 60 à
997 609 132 45 tout
2229 597 338 58 claveciniste
1530 598 52 57 le
1606 598 103 77 jeu
1742 597 285 58 chantant
2059 609 58 46 et
2150 594 298 81 expressif.

349 680 85 58 Le
481 682 263 58 clavecin
794 697 83 43 est
923 682 213 81 parfait
1185 698 184 66 quant
1416 684 32 59 à
1495 706 101 37 son
1646 683 251 60 étendue
1935 698 57 45 et
2042 683 235 58 brillant
2311 705 104 58 par
2447 684 99 80 luy-

113 767 214 71 même,
377 768 147 58 écrit
574 771 325 78 Couperin,
950 772 146 58 mais
1143 793 236 37 comme
1426 793 76 37 on
1551 793 72 37 ne
1665 786 143 66 peut
1841 772 178 57 enfler
2053 792 77 60 ny
2164 771 300 58 diminuer
2495 792 85 38 ses

109 876 151 51 sons,
301 856 60 78 je
409 877 240 60 sçauray
697 858 264 79 toujours
1008 858 101 80 gré
1157 858 30 59 à
1236 881 151 37 ceux
1434 860 124 80 qui,
1581 872 116 66 par
1740 881 71 37 un
1840 871 98 47 art
1965 858 158 79 infini
2146 871 217 46 soutenu
2385 871 117 67 par
2532 860 49 57 le

105 942 148 79 goût.,
465 956 268 66 pourront
1058 945 226 58 arriver
832 969 34 34 a
1703 947 192 56 rendre
2150 959 82 45 cet
2368 947 91 59 instrum
2460 947 115 57 c'est
2576 945 5 58 à

110 1051 162 60 quoy
306 1051 123 37 mes
462 1031 260 58 ancêtres
754 1054 57 37 se
843 1047 130 44 sont
1007 1033 307 79 appliqués

286 1120 257 57 Comme
575 1140 145 37 vous
755 1141 205 59 voyez,
996 1121 370 57 l'indication
1410 1121 71 57 de
1523 1122 304 79 Couperin
1876 1135 83 45 est
2008 1120 308 81 identique
2359 1120 31 58 à
2434 1121 144 57 celle

109 1205 71 57 de
207 1207 52 77 J.
300 1207 52 58 S.
391 1206 161 59 Bach
587 1220 57 43 et
677 1228 237 37 comme
949 1209 106 56 elle
1088 1228 57 38 se
1178 1223 276 64 rapporte
1487 1230 70 37 au
1603 1209 280 70 clavecin,
1933 1210 143 57 celle
2123 1209 98 58 des
2268 1207 311 60 Inventions

109 1314 74 36 ne
216 1294 119 57 vise
369 1295 427 57 certainement
829 1315 102 59 pas
962 1296 53 56 le
1049 1295 348 59 clavicorde.

286 1383 101 57 On
420 1403 31 36 a
482 1383 183 57 voulu
697 1397 248 43 souvent
978 1403 147 37 nous
1157 1381 143 59 faire
1335 1385 188 56 croire
1557 1404 113 59 que
1695 1384 52 56 le
1770 1384 262 57 clavecin
2060 1381 143 60 était
2229 1384 351 57 totalement

110 1467 190 58 dénué
335 1469 393 80 d'expression
763 1484 56 44 et
856 1491 148 58 pour
1035 1470 53 58 le
1121 1491 254 58 prouver
1402 1492 75 36 on
1510 1492 57 37 se
1592 1472 329 57 contentait
1943 1470 70 58 de
2039 1472 258 78 quelque
2330 1470 248 59 citation

110 1555 303 80 découpée
461 1572 56 42 et
564 1555 278 80 arrangée
876 1578 150 59 pour
1056 1558 55 57 la
1143 1559 419 57 circonstance.
1600 1561 85 55 Le
1717 1559 131 79 plus
1881 1573 246 43 souvent
2163 1559 304 79 Couperin
2506 1580 73 36 en

109 1642 192 60 faisait
327 1646 79 57 les
433 1644 154 59 frais.
620 1647 110 56 Les
758 1647 392 68 Marmontel,
1178 1647 80 56 les
1285 1644 319 71 Méréaux,
1631 1648 80 56 les
1737 1648 85 56 Le
1850 1648 314 78 Couppey,
2191 1660 55 44 et
2272 1644 168 80 après
2464 1666 116 37 eux

109 1733 80 56 les
222 1731 315 59 fabricants
570 1732 71 57 de
675 1733 223 57 notices
931 1732 30 57 à
994 1732 449 80 encyclopédies
1482 1735 296 55 n'avaient
1825 1732 134 80 qu'à
1998 1733 147 59 citer
2191 1733 52 57 le
2292 1754 236 58 passage
2563 1755 11 35 :

175 1840 238 37 comme
462 1840 75 36 on
585 1840 71 37 ne
705 1834 141 64 peut
895 1818 177 59 enfler
1117 1821 63 56 ni
1228 1820 300 58 diminuer
1575 1841 82 37 ses
1690 1841 131 37 sons
1937 1841 72 37 en
2043 1821 272 57 enlevant
2348 1834 132 44 tout
2513 1841 67 37 ce

110 1909 104 76 qui
249 1905 302 80 précédait
584 1921 56 42 et
675 1920 131 43 tout
841 1928 66 36 ce
940 1909 101 76 qui
1077 1909 232 68 suivait,
1346 1929 150 57 pour
1528 1930 35 57 y
1597 1910 130 54 voir
1761 1929 113 35 une
1912 1909 223 78 plainte
2183 1907 397 59 inconsolable

112 1995 71 56 de
217 2015 93 37 ces
343 2015 245 59 pauvres
622 1995 316 57 musiciens
971 1994 70 57 de
1065 1994 153 78 jadis
1251 2015 57 37 se
1340 1996 326 56 lamentant
1699 2015 94 37 sur
1825 1995 441 79 l'impuissance
2314 1995 71 57 de
2429 1996 151 56 leurs

112 2084 307 56 clavecins.
452 2084 163 56 Mais
659 2084 303 77 Couperin
1013 2084 228 56 adorait
1288 2104 101 37 son
1437 2085 357 56 instrument
1841 2096 59 45 et
1947 2103 72 37 ne
2067 2103 56 37 se
2170 2084 191 57 lassait
2409 2084 170 79 point

110 2169 73 57 de
220 2171 52 56 le
324 2168 230 81 répéter
602 2169 137 57 dans
772 2169 267 58 chacune
1072 2170 70 56 de
1176 2190 84 37 ses
1295 2169 273 80 préfaces.
1788 2170 283 71 clavecin,
2117 2170 183 71 dit-il,
2344 2190 51 50 a,
2440 2170 140 59 dans

112 2278 101 37 son
263 2255 223 80 espèce,
522 2278 79 36 un
649 2255 233 59 brillant
940 2269 57 45 et
1049 2278 112 36 une
1211 2257 221 58 netteté
1486 2257 179 80 qu'on
1722 2278 71 36 ne
1844 2270 207 45 trouve
2089 2255 179 82 guère
2316 2257 140 59 dans
2502 2258 78 57 les

109 2358 191 43 autres
333 2344 384 57 instruments
828 2342 13 26 1
891 2345 78 56 Et
1002 2344 52 56 le
1088 2345 87 55 roi
1210 2344 97 57 des
1340 2345 383 56 instruments
1770 2343 31 58 à
1849 2343 246 58 touches
2142 2357 83 44 est
2274 2343 303 60 considéré

110 2453 117 36 non
293 2432 324 57 seulement
675 2452 237 36 comme
978 2432 308 70 excellent,
1335 2433 147 57 mais
1544 2453 236 36 comme
1844 2430 228 81 parfait.
2127 2429 151 82 Déjà
2325 2453 74 36 au
2446 2432 100 57 dix-

110 2518 285 80 septième
428 2518 173 60 siècle
627 2521 144 76 Jean
809 2519 187 58 Denis
1027 2519 271 79 l'appelle
1397 2521 52 56 le
1483 2521 130 77 plus
1646 2521 94 56 bel
1773 2521 355 57 instrument
2164 2519 79 58 du
2276 2519 217 59 monde
2520 2533 57 45 et

109 2608 53 56 le
211 2608 129 78 plus
702 2606 17 25 2
764 2608 84 56 Le
914 2604 144 59 Père
1124 2608 319 56 Mersenne
1505 2607 141 57 dans
1708 2627 100 37 son

112 2707 237 45 raconte
373 2715 12 36 :
470 2692 164 80 après
659 2695 163 56 avoir
842 2693 101 56 oui
969 2693 52 56 le
1049 2695 261 56 clavecin
1335 2692 218 59 touché
1575 2715 104 57 par
1702 2695 54 56 le
1775 2695 154 57 sieur
1951 2692 69 59 de
2043 2693 532 73 Chambonnières,

101 2781 117 79 j'en
267 2803 158 57 peux
471 2782 300 78 exprimer
819 2801 142 36 mon
996 2781 316 57 sentiment
1361 2781 170 77 qu'en
1584 2781 189 57 disant
1813 2781 149 80 qu'il
1995 2803 71 35 ne
2099 2780 149 58 fault
2286 2782 132 79 plus
2450 2782 124 57 rien

112 2869 278 57 entendre
439 2867 183 80 après,
1229 2867 101 58 soit
1514 2890 70 57 qu
1610 2889 62 36 on
1919 2867 171 58 désire
2354 2869 74 56 les
1797 2881 57 44 et
1896 2870 81 56 les
2024 2867 177 59 belles
2243 2870 214 77 parties
2504 2869 71 57 de

109 2956 351 57 l'harmonie
501 2955 238 58 meslées
772 2956 316 70 ensemble,
1123 2978 77 35 ou
1233 2958 53 55 la
1318 2955 207 58 beauté
1561 2956 96 57 des
1690 2970 475 45 mouvements...

288 3045 111 56 Les
424 3043 201 80 poètes
646 3064 236 40 comme
905 3043 394 80 Shakespeare
1321 3058 56 43 et
1404 3045 86 56 La
1512 3045 290 56 Fontaine
1827 3043 282 58 chantent
2133 3044 80 57 les
2235 3041 238 61 beautés
2498 3044 79 58 du

112 3133 280 56 clavecin.
419 3133 77 54 Et
524 3132 196 55 même
748 3130 216 79 quand,
992 3151 128 36 vers
1145 3132 52 55 la
1222 3128 78 59 fin
1330 3130 78 57 du
1435 3130 220 57 XVIII
1660 3134 18 20 e
1700 3129 193 71 siècle,
1909 3132 53 55 le
1987 3130 331 62 clavicorde
2339 3130 238 59 devient

112 3218 30 57 à
175 3219 53 56 la
263 3219 175 56 mode
471 3239 71 36 en
575 3219 357 76 Allemagne
965 3238 236 37 comme
1248 3238 57 37 se
1351 3217 235 80 prêtant
1637 3218 133 57 bien
1829 3238 73 37 au
1953 3238 178 59 genre
2180 3218 73 57 de
2301 3219 276 79 musique

110 3307 229 77 galante
373 3307 71 56 de
477 3304 291 60 caractère
802 3306 162 57 doux
996 3318 57 43 et
1078 3307 373 56 sentimental
1484 3307 185 77 qu'on
1694 3304 241 59 écrivait
1962 3307 168 68 alors,
2152 3307 80 56 les
2258 3307 319 57 musiciens

110 3416 73 36 ne
216 3407 219 45 cessent
484 3394 171 78 point
703 3392 221 58 d'avoir
970 3393 52 56 le
1070 3393 263 57 clavecin
1382 3413 68 37 en
1501 3391 114 59 très
1661 3392 180 58 haute
1888 3394 226 56 estime.
2152 3393 51 57 Il
2235 3393 158 59 suffit
2426 3415 153 57 pour

222 3528 11 23 1
253 3529 171 48 François
444 3530 181 50 Couperin
630 3560 7 7 .
735 3529 131 39 Pièces
886 3528 47 39 de
954 3527 185 40 clavecin.
1243 3540 116 37 1713.

220 3598 14 22 2
253 3600 102 48 Jean
375 3598 126 39 Denis.
601 3600 71 37 Sur
692 3597 170 41 l'accord
882 3598 48 39 de
950 3596 227 53 Tespinette.
1281 3600 114 48 1650.
