2908 3985
1543 1597 64 56 A
1637 1614 117 39 mon
1785 1593 115 58 ami
1929 1595 233 77 Georges
2195 1593 188 58 Pioch.

96 1885 442 59 CLAVECIN
591 1885 122 59 OU
766 1884 273 58 PIANO
1090 1884 230 57 DANS
1356 1862 593 78 L'EXÉCUTION
1987 1880 155 57 DES
2184 1879 376 58 ŒUVRES

1113 1986 117 56 DE
1279 1984 290 58 BACH?

272 2187 60 57 Si
365 2186 349 80 quelqu'un,
748 2186 42 57 il
821 2206 38 59 y
892 2206 32 37 a
955 2185 103 58 dix
1090 2205 100 37 ans
1222 2185 345 68 seulement,
1602 2183 153 58 avait
1792 2180 94 59 osé
1927 2201 169 60 poser
2143 2201 114 37 une
2291 2180 271 80 question

97 2274 315 59 semblable
445 2295 75 37 on
553 2275 85 57 lui
671 2275 187 58 aurait
892 2275 49 56 ri
997 2295 73 36 au
1127 2294 108 37 nez
1268 2295 12 36 :
1401 2274 325 55 Comment
1763 2270 11 58 !
1815 2267 260 83 préférer
2107 2290 79 37 un
2221 2269 265 57 clavecin
2534 2266 30 57 à

98 2376 168 44 notre
301 2364 357 56 instrument
696 2359 408 82 perfectionné
1141 2360 10 58 !
1204 2360 158 57 C'est
1410 2360 71 57 de
1533 2360 55 57 la
1635 2357 141 59 folie
1811 2357 12 59 !
1874 2359 95 57 En
2017 2359 124 56 vrai
2196 2354 367 81 précurseur,

99 2450 163 59 Bach
295 2450 343 79 pressentait
671 2450 53 57 le
764 2450 176 79 piano
973 2448 283 58 moderne
1288 2462 57 43 et
1379 2448 136 57 c'est
1550 2468 71 35 en
1654 2467 114 36 vue
1801 2446 71 57 de
1904 2445 244 58 celui-ci
2176 2444 147 79 qu'il
2355 2464 30 36 a
2417 2441 147 59 écrit

98 2558 85 38 ses
215 2558 228 37 œuvres
477 2534 392 83 magnifiques
902 2535 292 59 d'ailleurs
1231 2533 438 59 inexécutables
1717 2554 97 37 sur
1862 2534 81 57 les
1992 2533 223 57 vieilles
2263 2529 187 58 boîtes
2495 2529 69 57 de

88 2625 152 79 jadis

276 2712 51 57 Il
358 2709 126 60 faut
517 2712 188 57 croire
739 2731 117 60 que
892 2710 80 59 les
1004 2724 194 64 temps
1231 2723 101 45 ont
1367 2707 247 80 changé.
1653 2708 55 56 A
1750 2707 225 58 l'heure
2021 2705 247 59 actuelle
2313 2724 66 37 ce
2430 2724 102 59 pro-

99 2797 197 61 blème
328 2813 84 45 est
445 2797 171 61 traité
656 2820 104 59 par
790 2799 80 58 les
902 2799 317 58 musiciens
1251 2811 57 44 et
1340 2798 81 57 les
1472 2794 487 80 musicographes
2004 2793 99 57 des
2157 2794 131 78 plus
2335 2791 229 58 sérieux

99 2907 143 37 avec
275 2884 224 80 gravité
540 2900 56 43 et
652 2887 247 77 passion.
954 2886 179 57 MM.
1169 2884 210 58 Albert
1437 2883 355 70 Schweizer,
1851 2879 266 60 Richard
2169 2878 395 81 Buchmeyer,

104 2975 144 57 Karl
282 2972 142 73 Nef,
460 2972 254 71 Seiffert,
748 2973 230 58 Lucien
1012 2973 361 58 Greilsamer
1428 2986 103 42 ont
1579 2967 273 61 consacré
1886 2967 31 58 à
1950 2990 67 37 ce
2049 2968 146 78 sujet
2229 2966 97 58 des
2362 2964 204 60 études

102 3060 437 81 approfondies,
596 3081 126 38 sans
772 3061 190 80 parler
1016 3061 97 57 des
1167 3058 439 59 innombrables
1660 3058 231 58 articles
1941 3057 140 56 dans
2140 3056 81 56 les
2266 3055 301 78 journaux

102 3149 355 80 quotidiens,
515 3147 77 60 où
648 3149 328 80 cependant
1030 3169 146 37 nous
1226 3168 225 59 voyons
1499 3144 218 61 traîner
1777 3164 212 38 encore
2041 3145 80 56 les
2172 3142 182 57 vieux
2406 3142 161 56 lieux

103 3258 333 49 communs,
470 3236 144 59 dont
648 3257 147 36 nous
828 3249 104 44 ont
964 3236 230 57 nourris
1225 3235 80 58 les
1335 3236 304 68 virtuoses,
1672 3234 80 57 les
1782 3231 319 59 fabricants
2133 3244 55 43 et
2227 3231 78 56 les
2342 3227 193 80 profes-

102 3345 156 37 seurs
309 3324 71 58 de
433 3325 177 79 piano
643 3338 132 43 tout
807 3324 53 56 le
893 3323 141 78 long
1067 3323 78 57 du
1178 3323 152 57 XIX
1332 3326 17 19 e
1381 3319 190 61 siècle.
1607 3321 136 58 Seul
1777 3319 358 58 Rubinstein
2173 3316 267 59 semblait
2496 3335 71 37 ne

103 3412 170 78 point
323 3424 270 66 partager
626 3424 93 45 cet
751 3423 397 66 engouement
1197 3406 235 82 général
1479 3428 149 60 pour
1667 3420 167 44 notre
1867 3406 356 56 instrument
2262 3403 302 58 moderne.

334 3500 163 68 Non,
521 3498 183 71 dit-il,
731 3499 53 56 le
811 3498 175 79 piano
1012 3494 406 83 perfectionné
1446 3497 146 56 n'est
1618 3514 101 60 pas
1743 3514 82 36 un
1849 3490 242 83 progrès
2116 3512 151 58 pour
2291 3489 276 58 exécuter

103 3587 81 57 les
239 3606 227 37 œuvres
520 3587 373 57 anciennes...
948 3586 256 76 Puisque
1237 3584 80 56 les
1349 3602 229 38 œuvres
1611 3582 68 57 de
1712 3583 136 56 telle
1882 3602 78 36 ou
1992 3580 136 56 telle
2182 3577 234 81 époque
2464 3591 103 44 ont
