2908 3985
965 303 191 68 LES
1222 300 409 71 LIVRES

2378 318 150 68 339

200 442 316 51 PEDRELL
554 443 198 64 (Felip.)
873 445 206 48 Catalech
1104 446 53 47 de
1180 446 43 46 la
1256 445 234 47 Bibîioteca
1531 443 176 49 musical
1743 445 49 44 de
1830 442 45 46 la
1915 440 233 62 Diputacio
2188 440 51 45 de
2282 438 251 47 Barcelona.

59 513 271 64 (Barcelona
362 511 305 65 1908-1909,
678 512 275 51 iDeuxlvol.
981 516 48 46 in
1054 513 163 50 fol.»de
1244 521 99 57 33Ô
1377 529 42 41 +
1457 513 96 64 382
1580 513 95 61 pp.)

195 630 326 62 Décidément,
548 631 43 49 la
616 633 327 63 bibliographie
968 645 66 36 est
1058 650 59 31 en
1143 635 132 46 veine
1301 634 54 46 de
1380 630 313 65 somptuosité.
1721 630 92 48 Les
1837 630 119 47 deux
1985 628 203 47 volumes
2214 628 56 45 de
2298 625 237 62 catalogue

56 719 89 44 que
172 701 40 46 le
240 699 162 48 maître
428 699 179 49 Pedrell
634 704 127 46 vient
785 703 55 45 de
868 704 235 58 terminer,
1128 713 224 38 resteront
1377 719 184 29 comme
1588 701 76 46 des
1688 709 300 37 monuments
2013 697 56 46 de
2095 695 295 61 bibliophilie,
2426 694 110 47 dans

56 786 52 31 ce
134 786 138 46 genre
297 785 65 31 un
389 786 89 45 peu
502 770 178 47 austère
699 771 77 61 qui
798 770 209 48 s'adresse
1032 770 26 47 à
1082 788 65 29 un
1184 770 154 61 public
1374 771 157 47 choisi.
1571 769 188 63 Jamais,
1797 767 47 63 je
1886 767 131 59 crois,
2060 765 43 47 la
2145 765 275 59 description
2460 762 76 46 des

56 855 181 30 œuvres
261 837 76 47 n'a
362 837 73 48 été
460 838 187 61 poussée
673 838 101 61 plus
798 840 110 47 loin.
936 838 141 49 Telle
1103 838 216 65 ananlyse
1345 840 113 61 (voir
1485 856 77 43 par
1588 855 71 30 ex.
1688 836 22 47 I
1736 836 70 47 N°
1832 835 83 62 45)
1941 833 250 61 comprend
2219 833 147 46 douze
2401 847 134 46 pages

57 907 55 46 de
132 918 127 37 texte
285 907 279 47 minuscules
588 918 46 36 et
659 907 220 62 plusieurs
916 923 245 32 morceaux
1200 908 55 46 de
1298 910 226 59 musique.
1566 906 75 48 En
1686 916 130 35 outre
1860 907 54 43 de
1956 902 90 47 très
2089 903 146 46 beaux
2279 899 256 60 facsimilés,

57 976 77 47 des
176 974 345 63 reproductions
560 992 58 29 en
662 988 103 36 tous
804 993 175 45 genres,
1021 977 77 47 des
1139 988 147 35 textes
1327 977 257 58 musicaux,
1626 976 76 45 des
1741 990 213 47 gravures
1995 970 367 49 documentaires
2409 981 125 35 etc...

56 1044 208 47 donnent
290 1044 25 47 à
339 1057 74 34 cet
437 1062 198 46 ouvrage
659 1044 187 62 l'aspect
872 1045 41 47 le
939 1045 99 61 plus
1062 1045 224 49 luxueux.

195 1127 132 45 Ainsi
367 1125 237 61 présentée
642 1125 42 49 la
724 1125 313 64 bibliothèque
1080 1127 61 47 du
1232 1125 145 47 Palau
1402 1128 50 44 de
1477 1127 43 45 la
1547 1124 231 62 Diputacio
1867 1141 27 29 a
1932 1122 198 63 quelque
2175 1122 137 47 chose
2351 1120 56 47 de
2449 1118 89 48 très

57 1195 240 60 imposant.
328 1194 102 48 Elle
478 1195 119 46 avait
623 1194 72 47 été
720 1194 176 47 formée
920 1212 77 43 par
1023 1211 64 30 un
1114 1194 150 47 érudit
1289 1194 113 47 Don
1451 1195 124 61 Juan
1621 1193 213 47 Carreras
1876 1189 332 65 (1828-1900)
2249 1189 79 61 qui
2369 1188 145 47 collec-

56 1264 197 46 tionnait
278 1280 59 31 au
364 1265 90 46 bon
480 1275 228 47 moment,
734 1274 46 36 et
807 1264 113 46 dont
945 1263 43 47 la
1012 1263 126 47 Ville
1164 1263 54 47 de
1245 1263 253 47 Barcelone
1524 1279 59 29 ne
1608 1261 163 47 voulut
1795 1277 76 44 pas
1896 1259 149 47 laisser
2070 1259 219 59 disperser
2314 1256 41 48 le
2396 1256 140 46 trésor

57 1332 206 47 musical.
286 1331 226 48 L'intérêt
539 1332 56 46 de
619 1349 52 29 ce
708 1332 133 47 fonds
883 1344 66 34 est
991 1331 357 48 naturellement
1386 1331 43 47 la
1470 1330 124 49 foule
1637 1329 245 63 d'ouvrage
1926 1326 235 64 espagnols
2202 1325 233 62 imprimés
2477 1341 61 31 ou

59 1401 270 47 manuscrits
353 1402 79 61 qui
457 1400 69 65 s'y
551 1412 313 36 rencontrent.

197 1481 225 48 Pourtant
447 1499 92 29 une
564 1499 254 44 remarque.
849 1481 313 48 L'inventaire
1189 1480 146 48 dressé
1360 1498 79 44 par
1462 1480 74 48 M.
1559 1478 177 49 Pedrell
1758 1489 66 36 est
1843 1477 314 61 méthodique.
2185 1476 57 62 Je
2267 1492 59 30 ne
2351 1475 185 47 cesserai

60 1551 55 46 de
140 1550 197 61 préférer
362 1550 164 47 l'ordre
551 1550 322 63 alphabétique
898 1550 24 47 à
948 1561 103 36 tout
1075 1561 142 36 autre.
1246 1548 62 50 Et
1334 1566 73 29 ces
1433 1550 119 45 deux
1579 1548 220 59 volumes,
1839 1545 173 63 malgré
2049 1556 103 36 tous
2195 1543 119 49 leurs
2338 1542 198 60 mérites,

60 1636 58 29 ne
144 1619 101 46 font
270 1636 90 46 que
397 1617 246 49 confirmer
680 1636 77 30 ma
798 1619 279 47 conviction.
1124 1618 137 47 Tous
1303 1617 64 48 les
1409 1618 292 47 classements
1743 1614 321 61 méthodiques
2107 1623 184 51 portent
2335 1628 55 30 en
2426 1628 84 30 eux-

60 1688 175 47 mêmes
273 1689 78 46 des
391 1706 180 46 germes
609 1689 55 46 de
706 1689 258 47 confusion.
1011 1687 164 56 Qu'on
1214 1688 64 47 les
1320 1687 184 62 relègue
1545 1687 109 47 dans
1696 1685 77 47 des
1815 1684 142 47 tables
1998 1684 114 46 aussi
2157 1680 250 63 complètes
2448 1698 91 45 que

61 1757 226 61 possibles,
315 1759 113 46 mais
452 1757 144 62 qu'on
621 1757 126 48 laisse
771 1757 65 48 les
860 1773 133 32 noms
1019 1758 228 46 d'auteurs
1273 1757 110 47 dans
1409 1755 40 49 le
1475 1772 129 44 corps
1630 1754 153 47 même
1809 1753 54 48 de
1907 1752 302 47 l'inventaire.
2255 1749 66 47 Ici
2360 1760 179 36 surtout

60 1826 61 47 où
146 1825 42 47 la
215 1825 281 62 bibliophilie
522 1837 45 36 et
592 1825 43 47 la
659 1826 213 47 curiosité
897 1826 250 61 historique
1172 1825 253 47 entendent
1451 1840 45 32 se
1522 1824 198 47 réserver
1745 1839 65 29 un
1837 1821 95 47 rôle
1957 1821 267 60 important,
2252 1818 43 47 la
2318 1818 132 47 tâche
2478 1818 61 45 du

61 1895 311 62 bibliographe
391 1906 45 36 et
456 1894 115 49 celle
591 1895 61 47 du
672 1896 252 46 chercheur
943 1912 45 30 se
1010 1905 216 37 trouvent
1244 1893 378 64 singulièrement
1641 1890 313 63 compliquées
1971 1905 79 46 par
2070 1905 74 31 ces
2163 1887 377 61 préoccupations

61 1964 56 47 de
144 1964 251 48 méthodes.
426 1964 265 62 N'importe
715 1964 234 63 l'ouvrage
973 1964 164 47 rendra
1162 1965 56 46 de
1242 1964 167 62 grands
1432 1964 191 47 services
1664 1974 47 35 et
1749 1973 131 35 toute
1919 1959 106 47 ville
2065 1957 261 63 d'Espagne
2369 1956 171 47 devrait

61 2032 206 62 posséder
291 2050 83 30 son
400 2032 177 50 Pedrell
602 2033 192 49 attentif
811 2045 47 37 et
882 2032 294 50 documenté.
2327 2026 44 62 J.
2412 2025 56 48 E.

201 2233 199 48 DEUX
438 2233 493 49 CATALOGUES.
1084 2234 57 62 Je
1180 2233 208 47 voudrais
1429 2233 111 47 faire
1583 2233 56 44 ici
1677 2248 92 29 une
1813 2246 241 45 remarque
2097 2228 79 61 qui
2219 2225 150 47 relève
2407 2225 55 46 de
2500 2224 42 47 la

65 2303 309 47 bibliomanie.
400 2301 91 63 J'ai
517 2319 107 43 reçu
651 2319 59 29 en
734 2303 153 47 même
912 2314 149 48 temps
1099 2303 120 45 deux
1263 2300 271 64 catalogues,
1564 2299 99 47 l'un
1706 2298 228 48 allemand
1978 2296 56 46 de
2078 2295 75 47 M.
2182 2294 59 48 C.
2269 2294 204 47 Boerner
2515 2293 25 45 à

66 2370 209 64 Leipzig,
319 2369 163 48 l'autre
518 2371 55 46 de
615 2371 74 47 M.
719 2373 62 45 N.
809 2371 26 47 à
861 2371 136 60 Paris,
1038 2381 103 36 tous
1184 2370 119 47 deux
1346 2369 238 48 consacrés
1626 2369 24 44 à
1689 2367 247 47 l'annonce
1979 2366 55 45 de
2075 2365 158 46 choses
2274 2362 265 61 précieuses,

65 2451 47 35 et
159 2440 43 46 la
249 2441 311 59 comparaison
611 2441 55 46 de
710 2456 73 31 ces
822 2441 119 45 deux
986 2441 245 46 brochures
1274 2458 25 28 a
1338 2449 189 37 couvert
1566 2437 56 46 de
1660 2437 243 46 confusion
1937 2451 113 30 mon
2084 2450 163 29 amour
2284 2447 160 45 propre
2484 2431 55 44 de

68 2510 226 58 Français.
347 2508 258 64 L'ouvrage
653 2508 230 47 allemand
931 2508 140 47 d'une
1106 2508 309 61 présentation
1463 2508 145 59 sobre,
1659 2506 272 58 décorative,
1974 2503 141 47 d'une
2157 2502 112 46 mise
2310 2519 59 29 au
2411 2501 129 60 point

66 2578 364 64 typographique
455 2578 211 59 achevée,
694 2578 138 46 d'une
858 2578 250 61 perfection
1133 2577 184 47 absolue
1344 2577 110 47 dans
1477 2594 82 29 son
1587 2574 339 63 iconographie,
1954 2573 110 46 dans
2100 2572 43 46 le
2183 2571 136 45 choix
2364 2569 54 46 de
2456 2586 82 29 son

66 2647 168 61 papier,
271 2647 223 61 surprend
530 2657 46 37 et
618 2648 115 45 ravit
771 2657 103 36 tout
916 2658 207 36 amateur
1166 2647 55 46 de
1250 2646 124 47 livre.
1418 2644 69 47 Le
1529 2646 115 59 petit
1680 2643 186 46 volume
1903 2641 207 59 français,
2149 2649 239 37 recouvert
2426 2635 110 47 d'un

68 2717 152 59 papier
258 2715 160 60 criard,
457 2714 112 48 orné
607 2715 55 46 de
698 2717 224 61 vignettes
945 2714 261 60 surannées,
1232 2713 203 62 parsemé
1461 2713 139 47 d'une
1637 2712 300 64 typographie
1978 2709 251 47 incertaine
2265 2718 45 36 et
2347 2705 192 65 hybride

69 2794 183 37 montre
277 2784 106 46 bien
408 2783 25 47 à
456 2783 108 62 quel
590 2784 129 60 point
745 2794 182 50 patrons
950 2794 47 36 et
1021 2784 202 46 ouvriers
1247 2793 83 35 ont
1354 2782 144 62 perdu
1522 2783 117 44 chez
1663 2797 117 29 nous
1804 2779 42 47 le
1881 2794 102 32 sens
2020 2778 61 45 du
2117 2775 71 47 bel
2225 2792 212 44 ouvrage.
2477 2773 62 47 Et

64 2854 49 63 je
134 2853 120 47 saisis
277 2863 122 38 cette
423 2854 211 46 occasion
661 2853 54 47 de
739 2864 234 48 protester,
1000 2869 133 45 parce
1157 2869 90 45 que
1273 2850 110 48 c'est
1414 2851 73 60 ici,
1515 2850 111 47 dans
1650 2867 93 29 une
1767 2848 273 62 production
2065 2842 338 61 commerciale,
2430 2842 110 47 dans

70 2938 93 31 une
188 2938 159 30 œuvre
371 2920 57 48 de
452 2921 234 61 publicité,
718 2938 89 45 que
844 2938 45 30 se
931 2920 203 48 révèlent
1176 2920 64 47 les
1282 2919 259 48 mentalités
1581 2919 56 45 de
1679 2935 84 29 nos
1804 2917 302 61 imprimeurs.
2148 2912 176 60 Certes,
2351 2914 33 45 si
2429 2928 111 30 vous

69 2989 118 48 allez
210 2990 117 46 chez
351 2987 65 49 X.
444 3006 60 31 ou
530 2990 61 46 Z.
618 2990 93 61 (qui
736 3001 104 36 sont
865 2987 186 50 Italiens
1076 2989 243 62 d'ailleurs)
1344 3005 114 44 pour
1482 3005 31 46 y
1537 2987 110 47 faire
1687 2985 142 48 éditer
1865 3001 66 31 un
1968 2982 186 48 volume
2196 2981 26 48 à
2261 2981 121 46 deux
2412 2992 130 35 cents

71 3058 149 47 francs
243 3056 325 63 l'exemplaire,
595 3075 111 30 vous
731 3058 266 47 obtiendrez
1021 3057 195 62 quelque
1241 3058 136 46 chose
1402 3053 299 65 présentable,
1739 3055 113 45 mais
1884 3070 53 30 ce
1971 3069 97 30 sera
2106 3067 79 45 par
2208 3049 260 61 exception,
2495 3060 45 35 et

71 3138 223 50 parcèque
318 3142 112 31 vous
455 3143 140 31 aurez
618 3126 25 48 à
676 3127 110 47 faire
844 3126 26 47 à
907 3143 66 30 un
1012 3127 168 46 artiste.
1226 3126 126 47 Mais
1391 3124 76 47 dès
1490 3141 89 46 que
1620 3140 113 30 vous
1769 3123 188 46 tombez
1999 3121 111 47 dans
2142 3119 43 47 le
2220 3129 210 49 courant,
2465 3117 77 47 dès

71 3212 89 44 que
186 3212 111 31 vous
327 3211 111 32 vous
473 3212 58 31 en
568 3206 240 52 rapportez
847 3212 60 31 au
950 3194 228 60 Français,
1219 3194 42 47 le
1306 3194 203 47 mauvais
1546 3192 112 63 goût
1697 3202 66 35 est
1800 3190 57 47 là.
1903 3189 137 47 Alors
2078 3206 89 44 que
2209 3187 62 47 les
2309 3187 233 47 moindres

73 3264 217 47 réclames
325 3265 56 46 de
417 3263 206 52 Munich
659 3282 61 29 ou
762 3264 56 47 de
860 3263 158 48 Berlin
1044 3264 207 47 donnent
1275 3263 301 61 l'impression
1613 3259 141 48 d'une
1791 3259 179 48 culture
2003 3259 283 61 vigoureuse,
2314 3255 224 62 prospère,

73 3334 76 61 qui
176 3334 185 46 marche
386 3349 98 31 vers
508 3349 65 32 un
597 3333 117 64 style
739 3343 46 38 et
809 3334 75 61 qui
922 3344 66 36 est
1024 3333 237 59 heureuse,
1283 3334 188 62 joyeuse
1508 3331 56 46 de
1599 3330 263 61 poursuivre
1899 3338 72 37 cet
2008 3326 114 47 idéal
2150 3325 55 47 de
2232 3325 100 61 plus
2356 3342 59 29 en
2441 3324 99 61 plus

74 3401 159 64 précis,
266 3401 63 47 les
365 3403 293 59 productions
710 3403 255 58 françaises,
1004 3400 134 48 celles
1176 3403 78 59 qui
1298 3400 282 47 demandent
1622 3400 55 46 de
1719 3396 257 48 l'initiative
2018 3408 46 34 et
2106 3395 56 47 de
2215 3394 43 47 la
2317 3391 225 48 créations

73 3471 302 61 apparaissent
418 3471 55 47 de
515 3470 99 61 plus
649 3486 59 32 en
745 3470 100 62 plus
880 3486 190 45 pauvres
1104 3480 47 36 et
1188 3467 324 49 indifférentes.
1551 3466 85 50 On
1674 3476 103 37 sent
1815 3465 90 48 très
1941 3465 104 47 bien
2086 3480 89 44 que
2210 3480 118 29 ceux
2368 3462 76 61 qui
2482 3461 57 60 le,

75 3540 275 61 conçoivent
374 3537 133 51 n'ont
530 3556 154 31 aucun
709 3537 168 50 intérêt
901 3538 25 47 à
950 3555 52 30 ce
1028 3537 131 62 qu'ils
1183 3538 116 60 font,
1339 3549 44 35 et
1407 3554 89 44 que
1520 3536 42 48 le
1588 3535 156 48 travail
1778 3545 65 37 est
1879 3550 114 46 pour
2030 3550 89 30 eux
2155 3549 93 30 une
2285 3531 117 62 gêne
2427 3531 115 46 dont

75 3607 54 47 ils
153 3608 251 47 cherchent
440 3606 25 49 à
499 3624 46 31 se
582 3606 161 49 libérer
767 3625 60 30 au
850 3606 102 62 plus
976 3608 105 46 vite.
1122 3604 70 50 Le
1216 3606 237 62 catalogue
1490 3604 55 47 de
1583 3604 207 61 musique
1828 3613 66 36 est
1931 3618 89 45 peu
2055 3601 56 47 de
2135 3601 151 58 chose,
2318 3613 222 46 personne

2511 3687 26 55 5
