2908 3985
1114 282 130 69 LE
1316 283 273 69 MOIS

2427 301 94 69 33
2542 303 30 44 1

119 427 489 78 l'enseignement
659 427 79 57 du
786 430 282 68 virtuose,
1119 428 152 58 celui
1322 427 77 59 du
1449 427 310 70 musicien,
1792 440 58 43 et
1897 425 71 58 de
2012 446 101 37 son
2146 422 285 60 véritable
2464 425 122 58 rôle

119 514 88 57 vis
240 512 30 59 à
295 515 87 56 vis
414 514 72 57 de
510 516 54 56 la
598 516 292 80 musique.

295 600 157 60 C'est
485 623 116 37 une
634 601 177 61 chose
843 604 137 58 bien
1007 604 218 68 mince,
1261 602 243 59 n'est-ce
1535 621 120 60 pas,
1713 601 184 79 qu'un
1932 599 200 58 cahier
2165 599 70 57 de
2269 597 313 61 mélodies?

119 686 158 60 C'est
328 709 115 37 une
486 689 179 57 chose
698 693 106 76 qui
853 705 144 66 peut
1030 691 165 57 avoir
1227 710 76 37 un
1342 691 132 78 prix
1529 688 391 58 inestimable.
1972 688 87 57 La
2095 686 254 57 Chanson
2394 686 192 59 d'Eve

118 774 72 58 de
226 776 96 58 M.
361 775 245 60 Gabriel
632 776 209 73 Fauré,
877 779 105 79 qui
1015 780 163 55 vient
1200 776 185 59 d'être
1418 774 252 61 chantée
1702 774 457 80 intégralement
2192 794 152 59 pour
2368 774 54 57 la
2454 794 99 59 pre-

118 862 187 59 mière
335 862 113 59 fois
481 884 106 60 par
622 867 71 55 M
701 874 51 22 me
777 868 221 75 Jeanne
1035 867 270 78 Raunay,
1338 886 139 36 aura
1510 884 57 38 sa
1599 865 167 79 place
1792 864 140 57 dans
1966 877 167 43 notre
2166 862 356 58 admiration
2555 860 31 59 à

118 949 132 60 côté
303 950 72 59 de
405 953 55 57 la
491 950 230 60 célèbre
1438 955 181 58 Bonne
1872 954 270 57 Chanson.
1313 954 168 56 Vous
1512 972 169 38 savez
1713 971 140 38 avec
1897 950 139 79 quel
2070 949 146 80 goût
2249 950 337 78 intelligent

118 1052 57 43 et
209 1039 196 79 quelle
437 1035 117 61 fine
587 1039 323 60 sensibilité
949 1042 96 57 M.
1083 1039 189 60 Fauré
1308 1041 128 69 sait,
1472 1053 131 43 tout
1637 1060 71 36 en
1744 1052 217 44 restant
1995 1039 44 56 si
2074 1037 136 58 bien
2244 1038 339 70 lui-même,

117 1128 349 56 renouveler
517 1149 104 36 son
669 1128 351 80 inspiration
1074 1142 59 42 et
1167 1147 102 38 son
1322 1128 147 79 style
1502 1128 160 56 selon
1713 1127 81 57 les
1830 1124 306 60 différents
2186 1124 200 80 poètes
2437 1126 149 78 qu'il

115 1212 342 81 interprète.
512 1216 95 57 Ses
641 1217 301 56 nouvelles
974 1213 287 60 mélodies
1294 1236 71 36 ne
1399 1213 381 59 ressemblent
1813 1212 31 58 à
1871 1234 227 36 aucune
2132 1213 71 59 de
2236 1215 171 57 celles
2441 1213 145 79 qu'il

115 1300 214 61 écrivit
380 1317 378 65 auparavant.
811 1303 159 59 Elles
1003 1317 104 44 ont
1150 1323 117 38 une
1317 1300 324 81 simplicité
1697 1315 406 66 surprenante,
2154 1315 58 43 et
2267 1302 134 56 n'en
2454 1315 132 43 sont

115 1390 173 79 point
338 1410 153 60 pour
523 1391 125 57 cela
679 1391 195 57 moins
907 1389 383 59 subtilement
1322 1389 197 71 belles,
1553 1403 57 44 et
1643 1389 193 59 riches
1863 1389 71 57 de
1966 1409 255 38 nuances
2246 1403 56 44 et
2337 1389 71 57 de
2440 1409 142 37 sens.

117 1475 583 61 L'émerveillement
734 1477 248 59 candide
1015 1477 179 59 d'une
1227 1477 132 58 âme
1398 1498 212 49 neuve,
1672 1474 341 61 infiniment
2066 1475 267 71 délicate,
2372 1476 214 57 devant

113 1566 56 58 la
201 1564 325 61 révélation
552 1565 80 59 du
658 1566 240 70 monde,
924 1568 86 78 s'y
1043 1565 266 81 épanche
1342 1585 140 39 avec
1515 1587 117 37 une
1665 1564 251 61 sérénité
1951 1565 224 71 tendre,
2210 1587 114 35 une
2357 1564 226 81 pureté,

117 1674 114 37 une
264 1655 234 78 pudeur
522 1655 383 57 intimement
941 1653 403 59 émouvantes.

292 1742 79 57 Et
427 1742 80 57 les
551 1742 248 78 grandes
848 1740 245 59 sociétés
1128 1742 72 57 de
1238 1756 269 44 concerts
1539 1756 104 43 ont
1676 1742 162 57 l'une
1869 1739 167 81 après
2089 1742 210 55 l'autre
2332 1738 252 58 terminé

115 1829 126 57 leur
274 1850 347 58 campagne.
674 1831 99 57 Au
825 1828 299 71 Châtelet,
1158 1851 116 37 une
1307 1827 369 82 magnifique
1709 1828 318 58 exécution
2078 1828 97 58 des
2210 1827 313 59 Béatitudes
2556 1848 30 36 a

114 1914 92 60 été
259 1918 321 59 l'occasion
615 1918 72 59 de
743 1918 338 80 témoigner
1114 1917 30 58 à
1191 1919 97 59 M.
1327 1918 246 59 Gabriel
1610 1917 210 60 Pierné
1854 1919 55 58 la
1932 1917 125 80 joie
2089 1931 58 43 et
2198 1918 52 55 la
2285 1913 301 61 confiance

115 2006 309 58 unanimes
457 2026 140 38 avec
631 2007 307 79 lesquelles
973 2027 76 37 on
1103 2006 55 58 le
1213 2008 125 56 voit
1394 2003 477 61 définitivement
1925 2003 240 82 désigné
2215 2002 29 60 à
2276 2005 54 57 la
2379 2003 207 57 lourde

114 2093 332 58 succession
502 2092 341 60 d'Edouard
889 2095 288 58 Colonne.
1232 2095 129 57 Nul
1415 2107 166 45 autre
1636 2115 72 36 ne
1761 2093 249 80 pouvait
2062 2092 60 57 ni
2166 2112 73 37 ne
2290 2091 195 57 devait
2534 2091 52 56 la

117 2182 297 57 recueillir
444 2182 402 79 aujourd'hui.
905 2184 164 57 Dans
1101 2204 79 35 un
1215 2184 78 57 tel
1324 2196 169 66 poste
1525 2204 79 35 un
1639 2182 293 59 musicien
1965 2181 71 57 de
2069 2201 67 37 ce
2169 2177 312 73 caractère,
2516 2178 70 58 de

117 2281 155 45 cette
326 2270 233 57 culture
590 2283 59 45 et
703 2270 72 58 de
808 2292 67 36 ce
908 2269 147 81 goût
1110 2284 145 66 peut
1286 2267 167 74 faire,
1488 2284 169 44 outre
1690 2269 71 58 de
1810 2270 45 58 si
1888 2269 178 58 belles
2098 2267 223 70 choses,
2357 2280 124 43 tant
2514 2265 72 58 de

114 2355 155 60 bien.

291 2444 86 57 La
409 2443 253 61 féconde
696 2446 188 58 saison
918 2445 71 59 de
1021 2446 52 58 la
1119 2444 231 60 Société
1387 2444 180 72 Bach,
1603 2445 144 59 dont
1772 2445 59 80 je
1864 2464 148 38 vous
2043 2444 157 57 avais
2233 2440 266 60 annoncé
2532 2443 54 56 la

115 2532 249 71 clôture,
397 2534 55 56 le
484 2534 152 56 mois
670 2533 251 70 dernier,
956 2553 141 38 avec
1130 2554 80 37 un
1244 2554 116 59 peu
1396 2548 133 65 trop
1562 2533 72 58 de
1667 2533 158 71 hâte,
1881 2553 30 37 a
1962 2533 119 79 pris
2113 2529 80 60 fin
2229 2552 104 58 par
2365 2530 54 57 la
2452 2551 101 58 pre-

115 2619 186 59 mière
357 2620 269 59 audition
662 2622 69 57 de
787 2623 143 56 trois
963 2636 259 43 cantates
1270 2622 142 58 d'un
1463 2622 197 57 même
1716 2623 318 56 sentiment
2090 2620 301 79 mystique
2423 2640 10 35 :
2485 2618 98 57 des

114 2721 258 44 cantates
405 2707 178 58 d'une
609 2707 211 60 beauté
853 2707 268 82 parfaite,
1145 2706 78 59 où
1255 2709 53 58 le
1335 2722 193 66 temps
1561 2709 92 58 n'a
1688 2730 99 58 pas
1811 2707 108 60 fait
1953 2708 264 65 ressortir
2241 2727 116 36 une
2389 2706 193 69 tache,

115 2792 78 60 où
226 2794 170 59 l'idée
429 2796 70 57 de
533 2797 54 56 la
636 2810 159 44 mort
828 2817 57 38 se
917 2817 140 60 pare
1111 2796 175 58 d'une
1335 2797 263 58 douceur
1629 2796 304 59 indicible.
1986 2797 75 57 M
2067 2807 50 20 me
2153 2794 269 80 Philippi
2456 2794 127 58 leur

115 2901 31 37 a
178 2882 163 79 prêté
390 2881 225 59 l'idéale
648 2882 209 80 pureté
891 2883 72 59 de
1017 2905 103 37 son
1153 2887 147 78 style
1333 2899 58 43 et
1425 2883 71 59 de
1528 2904 58 38 sa
1618 2885 142 57 voix
1793 2907 13 49 ;
1855 2897 59 45 et
1951 2883 95 57 M.
2085 2882 264 57 Gustave
2384 2883 136 56 Bret
2554 2902 32 36 a

114 2989 65 38 su
213 2970 225 58 donner
470 2968 30 59 à
547 2970 360 58 l'exécution
942 2971 98 58 des
1073 2971 236 58 chœurs
1342 2986 56 43 et
1432 2972 72 57 de
1545 2971 341 58 l'orchestre
1921 2970 312 58 l'émotion
2268 2966 314 72 confiante,

114 3057 55 57 la
199 3056 259 60 sonorité
498 3060 371 77 pieusement
913 3074 292 43 contenue
1250 3060 146 80 qu'il
1427 3057 202 61 fallait.
1683 3059 358 58 N'oublions
2073 3079 101 58 pas
2212 3059 136 78 quel
2403 3060 151 56 colla-

117 3144 273 59 borateur
422 3160 83 45 est
537 3168 152 58 pour
720 3148 86 57 lui
842 3148 95 57 M.
975 3148 211 58 Albert
1222 3148 364 59 Schweitzer
1632 3146 140 60 dans
1810 3160 153 46 cette
2008 3149 189 77 partie
2229 3146 250 80 capitale
2511 3146 72 59 de

114 3233 248 78 l'orgue,
420 3235 104 79 qui
587 3234 188 80 paraît
829 3234 219 58 effacée
1095 3235 30 59 à
1180 3235 339 71 l'auditeur,
1568 3236 146 56 mais
1772 3236 102 78 qui
1930 3235 281 69 soutient,
2269 3233 312 80 équilibre,

115 3342 248 49 nuance,
415 3323 140 56 relie
607 3335 131 45 tout
771 3323 343 58 l'ensemble
1147 3347 14 47 ;
1211 3324 106 79 qui
1371 3337 86 44 est
1488 3343 238 38 comme
1775 3324 178 56 l'âme
1986 3323 197 57 même
2229 3321 78 59 du
2356 3323 226 57 Maître

115 3423 280 45 revenant
449 3429 74 39 au
555 3410 209 58 milieu
797 3409 72 57 de
923 3431 84 38 ses
1040 3410 292 60 créatures
1380 3432 153 58 pour
1563 3412 80 58 les
1688 3410 209 80 guider
1947 3409 419 59 discrètement
2413 3424 58 45 et
2503 3412 80 57 les

115 3495 281 58 affermir.

1759 3587 640 57 Gaston
2399 3587 1 57 Carraud.
