2710 3975
1364 3673 88 47 158

2165 3683 198 45 JUILLET
2402 3672 117 46 1922

280 3691 56 33 LA
372 3679 113 45 CITÉ

824 202 260 45 TEC
1154 202 279 47 HNO
1503 205 467 47 LOGIE

183 424 132 37 Chose
347 426 192 38 curieuse,
570 424 27 36 il
626 440 51 20 ne
707 425 206 44 s'emploie
944 442 77 28 que
1052 442 104 29 pour
1183 429 56 36 les
1270 444 70 20 con-

183 490 216 33 structions
443 489 194 34 achevées
682 499 37 25 et
764 490 101 35 n'est
910 506 71 28 pas
1027 504 145 24 encore
1216 494 147 43 adopté

182 551 96 36 dans
304 552 54 35 les
386 553 143 34 usines.

237 616 290 43 L'application
554 616 47 34 de
626 619 183 41 peinture
837 620 81 41 çfoit
943 621 131 33 suivre
1098 619 36 35 le
1160 621 203 43 décapage

182 678 34 35 le
243 678 86 44 plus
358 679 249 42 rapidement
634 681 171 42 possible
834 690 37 26 et
898 697 48 20 ne
974 692 94 33 peut
1096 697 40 21 se
1165 684 98 35 faire
1291 699 72 28 par

182 752 128 33 teimps
334 743 47 36 de
405 743 105 42 pluie
534 758 51 20 ou
609 744 47 35 de
682 744 78 35 fort
783 744 232 45 brouillard,
1042 748 37 33 ni
1105 762 66 19 sur
1195 747 54 35 les
1274 762 67 28 par-

180 808 72 34 ties
279 805 206 36 mouillées
510 821 72 29 par
607 807 36 35 la
670 822 152 28 vapeur
847 808 68 35 des
940 809 273 36 locomotives.
1241 810 122 35 Sinon

181 884 76 20 une
285 869 216 35 formation
532 871 136 42 rapide
696 871 47 35 de
773 871 138 35 rouille
941 881 57 25 est
1026 873 224 35 inévitable.

238 932 63 35 On
327 933 285 35 recommande
635 933 249 44 d'employer
908 934 66 35 des
998 937 199 41 pinceaux
1219 939 21 32 à
1263 937 100 42 poils

182 1005 133 26 courts
351 1004 37 26 et
423 995 67 36 des
524 998 203 41 peintures
761 1000 81 31 très
877 997 159 41 fluides;
1071 997 155 37 d'autre
1256 1008 105 34 part,

180 1072 51 21 on
279 1058 158 44 préfère
487 1059 211 44 appliquer
745 1059 198 44 plusieurs
992 1062 173 34 couches
1214 1064 149 34 minces

180 1121 149 43 qu'une
357 1122 107 35 seule
492 1122 153 36 couche
675 1125 153 41 épaisse
856 1126 80 41 qui,
966 1138 48 21 en
1043 1140 40 20 se
1112 1125 249 41 desséchant,

178 1185 132 35 donne
334 1185 77 36 lieu
433 1189 21 30 à
477 1186 67 35 des
568 1200 201 21 crevasses
793 1194 280 36 dangereuses.

236 1247 262 36 Récemment
531 1263 51 20 on
616 1249 93 34 s'est
742 1251 102 33 servi
875 1249 24 35 d
917 1251 60 34 air
1005 1252 224 42 comprimé
1262 1266 101 28 pour

178 1313 181 40 projeter
383 1311 259 35 violemment
669 1311 36 36 la
731 1314 184 41 peinture
941 1328 68 20 sur
1029 1313 38 36 le
1095 1314 70 40 fer,
1193 1317 98 33 mais
1319 1331 43 19 ce

179 1374 174 42 procédé
378 1390 48 19 ne
453 1374 148 39 semble
628 1390 70 28 pas
725 1390 145 23 encore
897 1379 71 32 mis
995 1392 49 20 au
1070 1380 124 41 point.

236 1436 176 44 Reyman
458 1438 168 42 prétend
668 1453 76 29 que
786 1439 273 43 l'application
1103 1440 51 36 du
1197 1443 165 34 minium

177 1515 51 19 ne
257 1509 94 34 peut
382 1515 40 21 se
452 1501 98 35 faire
581 1501 360 37 convenablement
971 1506 22 32 à
1021 1503 141 36 l'usine
1193 1513 37 26 et
1260 1519 78 20 vou-

179 1562 102 36 drait
308 1578 77 28 que
412 1564 55 34 les
496 1567 230 40 opérations
755 1566 47 34 de
830 1566 215 43 décapage,
1077 1567 285 44 d'application

177 1627 49 34 <3e
249 1626 37 35 la
309 1626 152 36 couche
484 1627 46 37 de
554 1627 107 41 fond,
686 1637 38 29 et
746 1628 68 35 des
837 1630 172 35 couches
1034 1630 178 35 colorées
1235 1633 128 33 soient

180 1693 211 32 exécutées
424 1693 21 32 à
475 1690 292 43 pied-d'œuvre
799 1706 75 28 par
906 1707 53 20 un
992 1701 292 35 entrepreneur
1316 1693 47 34 de

177 1754 198 41 peinture.

235 1812 29 39 Il
302 1816 150 35 semble
490 1826 191 34 pourtant
717 1818 212 43 beaucoup
967 1818 87 44 plus
1092 1821 185 42 pratique
1315 1818 47 35 de

178 1893 120 29 poser
328 1879 37 35 la
395 1882 198 41 première
626 1880 153 37 couche
811 1882 45 34 de
887 1883 226 41 protection
1145 1896 93 22 sous
1265 1882 73 35 han-

181 1957 82 28 gar,
298 1957 67 21 car
398 1959 50 21 on
484 1957 192 23 recouvre
709 1946 98 33 ainsi
841 1944 46 35 de
920 1944 261 36 nombreuses
1215 1949 148 39 parties

181 2007 67 42 qui
280 2005 113 36 n'ont
421 2008 144 41 jamais
597 2010 62 32 été
691 2006 196 41 rouillées,
921 2023 43 19 ce
996 2010 66 41 qui
1094 2007 101 35 n'est
1227 2023 70 28 pas
1327 2008 35 35 le

180 2083 65 20 cas
273 2071 30 34 si
327 2068 57 36 les
412 2072 131 40 pièces
572 2078 89 26 sont
689 2073 191 40 exposées
906 2070 176 43 pendant
1110 2070 35 35 le
1174 2079 188 35 montage

180 2135 22 32 à
230 2141 131 26 toutes
390 2132 55 35 les
475 2134 269 42 intempéries.

234 2195 56 36 La
325 2195 153 36 couche
514 2198 223 34 extérieure
771 2195 223 44 s'applique
1028 2198 184 41 toujours
1246 2199 116 40 après

179 2267 190 34 montage
401 2268 37 26 et
468 2258 82 36 doit
580 2263 83 31 être
694 2259 238 35 renouvelée
964 2268 118 26 avant
1113 2274 42 20 sa
1186 2259 155 35 destruc-

177 2323 99 34 tion.
308 2321 80 36 Dès
422 2337 77 29 que
532 2322 56 35 les
622 2324 147 41 parties
800 2322 57 35 les
888 2322 88 43 plus
1006 2322 184 35 humides
1223 2338 52 19 ou
1306 2322 56 36 les

177 2385 91 43 plus
301 2389 192 39 exposées
525 2389 231 39 présentent
789 2385 67 36 des
889 2385 136 35 taches
1058 2385 47 36 de
1138 2385 139 36 rouille
1311 2400 51 20 ou

179 2448 68 35 des
274 2449 194 34 solutions
494 2448 47 35 de
569 2450 219 34 continuité
814 2448 98 34 dans
938 2448 37 35 la
1002 2451 195 40 peinture,
1226 2448 25 34 il
1279 2448 83 35 faut

181 2512 221 43 repeindre.
435 2512 73 35 Les
537 2513 149 42 parties
716 2515 208 39 attaquées
955 2521 135 26 seront
1122 2515 172 39 grattées
1326 2520 36 27 et

180 2577 161 34 traitées
377 2590 157 20 comme
570 2574 35 35 le
642 2575 61 34 fer
737 2574 107 35 neuf.
880 2573 177 37 Ailleurs
1064 2609 6 7 %
1107 2573 37 36 la
1179 2573 184 36 nouvelle

180 2638 153 36 couche
360 2653 88 21 sera
475 2641 243 41 superposée
746 2641 22 31 à
795 2636 236 36 l'ancienne.

236 2702 73 36 Les
348 2701 184 35 couleurs
570 2704 22 31 à
628 2700 137 35 l'huile
804 2702 243 33 constituent
1085 2698 36 36 la
1159 2698 203 37 meilleure

180 2766 226 42 protection
443 2763 283 36 actuellement
764 2777 157 20 connue
959 2762 51 35 du
1048 2762 71 39 fer,
1159 2762 90 35 sauff
1285 2776 77 20 aux

181 2827 176 36 endroits
390 2830 193 40 exposées
617 2841 78 21 aux
728 2826 166 34 fumées.

471 2888 220 36 ENDUITS
713 2888 77 35 AU
812 2886 260 36 GOUDRON

238 2952 73 35 Les
348 2954 203 42 peintures
589 2966 50 20 au
676 2950 182 44 goudron
894 2959 90 26 sont
1020 2949 229 43 employées
1284 2962 79 21 aux

182 3014 176 36 endroits
388 3015 66 35 des
484 3023 118 35 ponts
631 3013 251 43 métalliques
910 3015 67 41 qui
1007 3020 89 27 sont
1125 3025 48 21 en
1201 3019 162 27 contact

183 3091 97 21 avec
315 3076 59 36 les
410 3086 127 26 terres
577 3091 51 21 ou
668 3076 35 35 le
743 3077 168 42 gravier,
951 3083 38 29 et
1029 3073 334 45 principalement

182 3154 104 29 pour
313 3139 59 36 lies
403 3140 101 35 tôles
538 3139 222 36 embouties
793 3147 162 35 portant
986 3137 38 36 la
1056 3138 101 35 voie.

239 3202 107 35 Pour
378 3202 38 35 1a
448 3203 184 43 peinture
666 3202 67 35 des
767 3203 133 42 pièces
936 3210 225 30 courantes,
1198 3199 35 37 le
1265 3214 73 29 gou-

185 3265 100 35 dron
319 3281 40 20 se
395 3273 207 35 comporte
638 3267 129 33 moins
797 3263 92 36 bien
925 3277 77 30 que
1035 3263 55 35 les
1125 3262 183 36 couleurs
1343 3264 20 33 à

184 3328 146 36 l'huile.

411 3390 330 37 ENVELOPPES
770 3388 365 44 METALLIQUES

240 3453 52 36 Le
316 3455 87 33 zinc
428 3465 57 26 est
511 3462 278 26 couramment
814 3451 184 45 employé
1025 3465 157 22 comme
1207 3459 134 36 protec-

1442 431 83 33 tion
1559 445 101 28 pour
1691 433 54 34 les
1778 431 100 35 tôles
1910 431 223 37 embouties
2167 441 37 25 et
2237 432 222 44 s'applique
2491 448 67 20 sur
2590 438 34 30 ie

1444 492 59 35 fer
1530 508 73 28 par
1629 493 34 35 le
1691 492 173 44 procédé
1891 508 50 20 au
1970 495 77 34 feu.
2077 494 63 35 On
2169 504 95 34 peut
2293 495 224 43 également
2545 510 54 20 em-

1443 555 140 43 ployer
1620 555 38 35 la
1694 556 315 44 galvanoplastie
2048 571 53 21 ou
2138 556 218 45 l'arrosage
2395 558 158 44 d'après
2590 562 35 31 le

1447 627 134 25 brevet
1607 618 170 43 Schoop.

1505 681 52 34 Le
1590 680 38 43 pl
1632 680 93 35 omb
1759 683 135 33 résiste
1927 683 369 42 particulièrement
2326 683 91 35 bien
2449 698 79 21 aux
2559 699 69 28 gaz

1447 743 130 36 acides
1607 752 36 25 et
1672 759 15 18 s
1706 744 171 42 emploie
1907 759 102 28 pour
2035 744 55 35 les
2120 746 227 35 cheminées
2376 746 48 35 de
2452 746 93 36 tôle.

1504 806 51 34 Le
1583 808 146 37 cuivre,
1757 807 9 35 1
1785 810 104 31 étain
1917 816 37 25 et
1979 807 264 36 l'aluminium
2271 824 48 20 ne
2345 817 175 35 peuvent
2545 812 83 33 être

1448 870 205 41 envisagés
1677 872 21 30 à
1722 884 118 19 cause
1865 869 47 35 de
1936 869 85 35 leur
2045 872 88 40 prix
2157 870 120 36 élevé.

1707 929 374 38 REVETEMENTS
2101 932 68 36 DE
2192 933 170 36 BETON

1501 993 52 35 Le
1598 995 146 33 ciment
1789 996 197 33 constitue
2029 1010 53 20 un
2128 998 245 33 revêtement
2416 997 49 35 de
2509 998 118 35 choix

1444 1064 140 27 contre
1613 1056 116 40 l'eau,
1759 1052 224 40 l'humidité
2014 1066 37 27 et
2081 1058 36 34 la
2148 1058 145 41 fumée,
2326 1068 38 29 et
2392 1069 156 35 permet
2578 1060 48 35 de

1446 1120 226 41 .supprimer
1710 1127 87 26 tout
1835 1122 195 33 entretien
2069 1120 67 35 des
2173 1131 164 33 poutres
2377 1122 250 44 métalliques

1446 1181 193 35 enrobées
1668 1184 29 32 si
1729 1196 63 20 ces
1823 1191 163 34 poutres
2017 1192 90 26 sont
2136 1186 233 33 soustraites
2399 1200 78 20 aux
2506 1186 120 35 chocs

1446 1252 37 25 et
1520 1258 48 20 ne
1605 1244 195 34 subissent
1836 1259 78 29 que
1950 1245 47 35 de
2034 1245 141 37 faibles
2208 1246 292 38 déformations
2533 1263 94 21 sous

1442 1305 149 43 charge
1626 1306 157 35 mobile.

1497 1368 396 37 Malheureusement
1936 1385 43 20 ce
2023 1372 172 42 procédé
2242 1388 165 28 masque
2453 1374 35 35 îa
2531 1390 69 20 con-

1441 1433 195 34 struction
1663 1433 229 44 métallique
1921 1443 36 26 et
1985 1434 200 37 l'alourdit
2212 1437 338 42 singulièrement,
2580 1451 43 22 ce

1442 1496 66 42 qui
1548 1495 34 34 le
1622 1496 95 35 rend
1754 1497 277 42 impraticable
2069 1501 22 31 à
2128 1501 126 40 partir
2292 1499 22 35 d
2333 1515 76 19 une
2448 1503 175 32 certaine

1442 1562 151 38 portée.
1623 1559 106 35 Pour
1755 1559 47 36 de
1829 1562 143 41 petites
1998 1565 171 40 portées,
2198 1561 35 36 le
2260 1563 172 42 procédé
2461 1572 56 27 est
2546 1563 79 36 fort

1444 1622 363 36 recomimandable.
1837 1623 37 35 Si
1900 1627 34 35 le
1962 1626 245 33 revêtement
2235 1634 57 25 est
2319 1630 125 39 prévu
2470 1626 80 36 lors
2577 1628 47 33 de

1442 1684 37 35 la
1512 1688 286 37 construction,
1834 1686 26 34 il
1894 1686 83 34 faut
2011 1689 124 33 éviter
2167 1697 86 25 tout
2286 1691 236 42 peinturage
2556 1687 69 37 des

1442 1750 131 40 pièces
1603 1757 37 29 et
1668 1748 55 35 les
1752 1753 189 39 protéger
1968 1749 80 37 lors
2077 1750 51 35 du
2158 1760 188 35 montage
2375 1766 73 29 par
2477 1767 52 20 un
2559 1767 45 21 en-

1443 1810 82 35 duit
1557 1811 47 35 de
1634 1811 68 35 lait
1733 1811 47 36 de
1811 1813 158 34 ciment.

1500 1873 52 35 Le
1583 1873 122 36 béton
1738 1890 49 20 ne
1821 1884 95 35 peut
1949 1877 182 35 contenir
2163 1879 38 33 ni
2236 1891 135 29 gypse,
2407 1880 38 33 ni
2480 1877 142 40 chaux,

1444 1937 253 43 attaquables
1727 1952 73 29 par
1832 1938 54 35 les
1919 1939 164 35 fumées.
2118 1940 105 34 Pour
2256 1942 125 33 éviter
2409 1940 37 35 la
2478 1941 123 35 forma-

1443 2001 84 33 tion
1554 1999 46 36 de
1628 2015 213 26 crevasses,
1867 2000 26 37 il
1919 2001 84 36 faut
2028 2004 237 42 incorporer
2291 2003 98 36 dans
2415 2004 34 36 le
2477 2007 127 32 revête-

1446 2072 107 25 ment
1585 2079 52 20 un
1670 2067 139 32 réseau
1839 2065 229 43 métallique
2099 2065 55 35 fin
2193 2065 81 44 (fer
2303 2067 209 44 déployé).

1503 2128 52 36 Le
1597 2130 165 33 mortier
1801 2137 57 27 est
1900 2128 188 45 appliqué
2129 2131 75 33 soit
2243 2144 73 29 par
2355 2130 272 36 introduction

1446 2190 97 36 dans
1572 2207 52 19 un
1654 2191 192 44 coffrage,
1878 2194 76 33 soit
1981 2206 49 21 en
2058 2192 36 35 le
2121 2192 161 43 lançant
2312 2202 137 26 contre
2478 2193 37 35 la
2544 2207 63 21 sur-

1447 2254 87 35 face
1559 2258 21 31 à
1604 2254 176 35 enduire.
1808 2254 26 39 Il
1860 2257 121 33 existe
2006 2257 104 33 aussi
2135 2270 53 21 un
2215 2267 20 24 «
2261 2270 128 21 canon
2414 2260 22 31 à
2459 2256 122 35 béton
2605 2267 22 25 »

1444 2326 243 35 permettant
1725 2318 232 44 d'asperger
1992 2318 35 36 le
2068 2318 58 36 fer
2162 2322 22 32 à
2220 2319 117 36 l'aide
2375 2320 47 34 de
2462 2321 163 34 mortier

1444 2381 161 43 liquide.

1645 2480 300 37 MANTEAUX
1982 2481 68 35 DE
2084 2481 334 36 PROTECTION

1762 2543 209 37 CONTRE
1993 2543 88 36 LES
2105 2543 198 37 FUMEES

1505 2631 37 35 A
1569 2641 88 33 part
1685 2631 34 35 le
1747 2631 134 39 béton,
1911 2646 131 20 aucun
2071 2631 117 34 d'eux
2216 2631 100 35 n'est
2345 2632 283 43 parfaitement

1449 2693 247 35 elficace.On
1726 2703 94 33 peut
1849 2695 222 33 construire
2099 2694 47 34 de
2173 2693 182 44 pareilles
2383 2696 245 41 protections

1447 2768 45 22 en
1524 2756 189 43 pllanches
1743 2757 47 34 de
1820 2756 20 35 2
1873 2760 22 31 à
1924 2757 20 34 3
1976 2759 255 33 centimètres
2260 2757 257 44 d'épaisseur,
2549 2759 52 33 im-

1444 2823 194 39 prégnées
1690 2819 48 35 de
1797 2818 285 37 carbolineum.
2139 2820 76 34 Ces
2267 2819 212 44 planchers
2535 2829 89 26 sont

1446 2882 248 42 rapidement
1723 2884 74 33 mis
1823 2883 95 36 hors
1946 2882 162 44 d'usage
2138 2885 98 34 mais
2267 2883 165 36 rendent
2461 2883 48 36 de
2537 2887 66 40 pré-

1444 2947 114 33 cieux
1584 2947 170 34 services
1780 2945 80 35 lors
1887 2945 51 35 du
1966 2947 235 42 peinturage
2228 2950 21 31 à
2275 2947 97 35 neuf
2399 2947 67 35 des
2492 2955 130 35 ponts,

1444 3022 102 28 pour
1569 3013 189 39 protéger
1781 3008 37 36 la
1841 3011 184 42 peinture
2049 3009 164 36 fraîche.
2238 3009 73 36 Les
2335 3019 216 26 manteaux
2575 3022 48 23 en

1444 3071 70 40 fer,
1548 3072 204 43 employés
2137 3081 88 27 sont
2258 3073 249 43 rapidement
2538 3087 64 21 cor-

1446 3134 125 36 rodés.
1604 3135 89 35 Plus
1724 3139 256 36 récemment,
2011 3150 50 20 on
2091 3150 23 21 a
2142 3135 184 44 employé
2354 3136 173 35 l'éternit
2557 3138 66 41 qui

1446 3201 135 32 résiste
1618 3199 91 35 bien
1747 3201 99 33 mais
1882 3199 96 35 dont
2014 3198 57 36 les
2105 3201 123 42 joints
2267 3201 243 33 constituent
2547 3211 76 22 une

1445 3260 206 37 difficulté.

1509 3386 192 43 (Résumé
1725 3385 95 36 d'un
1845 3385 138 35 articile
2004 3399 104 29 paru
2135 3385 97 35 dans
2256 3385 34 35 le
2317 3396 21 24 «
2361 3383 263 37 Zentralblatt

1443 3448 72 34 cier
1543 3447 331 44 Bauverwaltung
1902 3459 34 29 »,
1976 3447 140 45 1922.)
