2710 3975
226 3658 56 33 LA
319 3646 113 45 CïTÉ

1317 3646 88 47 156

2120 3660 198 44 JUILLET
2356 3649 117 47 1922

785 192 1153 52 TECHNOLOGIE

346 423 772 89 FORMATION
1245 426 173 86 DE
1540 428 152 87 LA
1811 431 575 89 ROUILLE

892 558 157 89 ET
1164 550 713 104 PROCÉDÉS

343 682 648 102 DESTINÉS
1098 700 81 84 A
1311 700 152 87 LA
1580 700 806 93 COMBATTRE

193 824 54 36 Le
280 824 60 35 fer
371 840 53 19 nu
455 828 147 40 exposé
634 828 24 32 à
688 824 165 37 l'action
885 826 47 37 de
964 826 212 45 l'oxygène
1208 836 38 27 et
1278 828 49 36 de

136 887 223 37 l'humidité
385 887 50 35 de
458 887 103 41 il'air,
593 903 42 20 se
663 903 148 20 couvre
838 889 156 36 bientôt
1022 890 120 35 d'une
1170 891 156 36 couche

137 950 276 43 d'hydroxyde
435 950 51 36 de
512 950 59 36 fer
596 953 65 42 qui
691 953 143 34 retient
858 951 38 36 la
921 951 106 45 pluie
1051 967 77 30 par
1149 957 177 41 parosité

136 1012 161 44 jusqu'à
328 1028 72 20 son
433 1016 275 41 évaporation.
742 1014 59 36 De
835 1015 205 36 nouvelles
1072 1017 175 36 couches
1278 1017 49 36 de

138 1075 139 36 rouille
301 1090 44 23 se
371 1075 178 37 forment
573 1078 112 35 ainsi.
712 1077 158 36 Parfois
897 1078 93 36 elles
1019 1078 196 37 adhèrent
1239 1083 24 32 à
1288 1080 38 37 la

135 1140 217 43 première;
387 1138 181 37 d'autres
605 1139 77 36 fois
719 1139 97 38 elles
855 1150 150 29 restent
1040 1141 209 38 distinctes
1288 1151 38 28 et

135 1209 176 36 peuvent
344 1204 132 34 même
510 1202 99 36 faire
644 1202 150 36 éclater
821 1203 41 35 la
893 1204 158 36 couche
1083 1207 241 35 extérieure.

191 1264 156 36 L'acier
383 1264 148 37 laminé
571 1266 187 44 employé
794 1266 101 37 dans
931 1268 57 36 les
1026 1271 299 35 constructions

134 1327 253 45 métalliques
425 1331 82 38 doit
546 1329 105 36 donc
687 1333 84 32 être
810 1341 212 26 recouvert
1059 1334 265 35 entièrement

134 1391 26 35 d
178 1405 77 22 une
294 1391 154 37 couche
486 1395 244 41 protectrice
770 1397 67 40 qui
879 1410 49 20 ne
967 1405 96 34 peut
1103 1411 49 20 en
1192 1411 132 24 aucun

133 1456 113 43 point
270 1458 84 33 être
380 1460 196 32 entamée.
601 1456 58 36 En
686 1456 149 46 réalité,
861 1466 105 28 cette
992 1459 205 36 condition
1222 1460 102 36 n'est

131 1520 146 42 jamais
300 1518 286 44 parfaitement
613 1520 166 44 remplie
804 1524 22 32 à
851 1536 119 21 cause
992 1522 49 36 de
1067 1524 120 34 chocs
1212 1524 91 36 d'ou-

134 1581 62 37 tils
223 1592 38 27 et
284 1582 50 36 de
360 1597 254 22 manœuvres
638 1583 190 42 brutales,
858 1585 47 34 de
929 1585 40 36 la
996 1585 196 36 difficulté
1218 1586 86 36 d'ac-

132 1647 69 34 cès
237 1645 49 36 de
324 1649 196 33 certaines
558 1650 161 41 parties,
759 1663 53 21 ou
849 1649 52 38 du
939 1663 176 30 manque
1151 1651 151 35 d'entre-

133 1709 80 35 tien
242 1708 49 37 de
316 1708 219 46 l'ouvrage.

190 1772 75 35 Les
294 1774 152 42 parties
477 1775 68 42 qui
574 1788 42 24 se
644 1783 242 27 conservent
915 1774 37 36 le
984 1776 134 35 mieux
1147 1784 91 27 sont
1268 1776 55 35 les

133 1835 180 36 surfaces
347 1836 240 36 inférieures
623 1837 67 36 des
726 1847 118 35 ponts
881 1841 22 32 à
939 1841 88 34 voie
1064 1839 182 41 étanche,
1286 1848 37 27 et

133 1898 56 35 les
214 1899 179 35 surfaces
420 1899 211 37 verticales
658 1901 94 35 d'où
776 1901 39 37 la
840 1901 107 44 pluie
973 1902 167 37 découle
1169 1903 132 43 rapide-

135 1971 111 27 ment

187 2025 59 37 La
277 2029 195 41 présence
504 2026 50 37 de
587 2029 228 43 poussières
851 2037 38 26 et
923 2037 48 36 Je
1005 2029 126 36 boues
1164 2044 69 21 sur
1265 2028 58 37 les

133 2089 108 36 faces
265 2105 78 28 peu
366 2091 191 35 inclinées
580 2091 69 36 des
672 2094 297 34 constructions
992 2093 173 36 favorise
1190 2092 110 45 égale-

133 2162 109 26 ment
273 2153 39 35 la
341 2153 218 37 formation
590 2155 48 37 de
671 2154 140 36 rouille
842 2171 49 20 en
923 2164 183 28 retenant
1137 2155 105 37 l'eau
1272 2156 49 36 de

133 2216 120 44 pluie.

188 2280 75 36 Les
293 2279 137 45 dégâts
463 2285 138 32 causés
631 2296 74 30 par
732 2281 39 36 la
800 2282 142 36 rouille
971 2291 91 27 sont
1091 2282 210 45 particuliè-

133 2352 156 27 rement
326 2345 243 43 importants
606 2359 104 29 pour
745 2349 57 35 les
838 2347 133 42 pièces
1009 2348 195 34 soumises
1242 2361 79 21 aux

133 2406 154 36 fumées
325 2407 48 35 de
412 2407 264 36 locomotives
712 2411 21 32 à
773 2423 120 21 cause
929 2409 49 35 de
1016 2409 39 36 la
1091 2419 144 26 teneur
1271 2425 49 21 en

131 2470 135 36 acides
291 2469 48 37 de
367 2485 67 22 ces
459 2470 166 37 fumées.

188 2533 28 36 Il
261 2536 124 35 existe
432 2534 100 36 dans
574 2534 56 35 les
673 2547 115 31 gares
833 2533 246 38 allemandes
1121 2535 199 45 plusieurs

130 2596 204 45 exemples
362 2597 49 37 de
440 2597 236 44 passerelles
706 2597 96 36 dont
832 2598 36 35 la
897 2600 90 34 voie
1016 2608 58 26 est
1105 2603 214 39 composée

126 2660 54 36 de
204 2660 101 36 tôles
332 2660 192 36 ondulées
551 2670 164 35 portant
741 2675 79 25 une
848 2661 153 36 couche
1028 2661 47 36 de
1102 2661 122 36 béton
1254 2677 44 20 re-

131 2733 191 27 couverte
350 2723 235 45 d'asphalte.

185 2786 228 37 Au-dessus
441 2787 69 37 des
534 2789 112 34 voies
676 2787 150 36 ferrées
854 2790 81 33 très
964 2787 268 45 fréquentées,
1262 2787 57 36 les

126 2850 103 36 tôles
256 2850 193 37 ondulées
475 2860 70 27 ont
571 2850 153 45 parfois
750 2853 266 37 entièrement
1042 2851 175 44 disparu.
1245 2851 74 35 Les

129 2914 167 44 profilés
320 2915 152 35 soumis
494 2929 79 21 aux
597 2915 156 35 fumées
776 2914 171 44 perdent
969 2916 146 42 jusque
1145 2914 48 36 70
1219 2929 37 28 p.
1285 2929 31 20 c.

130 2978 47 35 de
204 2978 87 35 leur
317 2980 219 34 résistance
562 2987 39 26 et
625 2978 99 36 dans
752 2980 174 33 certains
952 2992 66 21 cas
1044 2980 37 35 la
1110 2977 206 36 réduction

131 3039 247 45 d'épaisseur
410 3041 68 36 des
510 3044 134 41 pièces
678 3050 210 35 comporte
921 3043 146 43 jusque
1103 3040 63 41 5,5
1204 3040 97 37 milli-

130 3105 161 36 mètres.

186 3168 75 36 Les
288 3168 154 35 fumées
469 3169 175 43 agissent
669 3168 50 36 de
745 3167 37 36 la
810 3168 119 43 façon
957 3170 193 34 suivante.
1180 3167 56 36 La
1262 3166 38 37 lo-

130 3233 201 34 comotive
362 3233 247 34 stationnant
639 3246 92 22 sous
761 3231 208 45 l'ouvrage
999 3231 115 36 lance
1145 3231 68 36 des
1241 3233 78 41 jets

131 3295 201 43 puissants
368 3294 47 36 de
453 3309 71 31 gaz
561 3294 152 36 chauds
750 3303 218 27 contenant
1005 3294 50 36 de
1091 3294 39 36 la
1165 3307 153 31 vapeur

132 3357 128 40 d'eau,
303 3357 68 36 des
410 3357 195 44 parcelles
644 3357 49 36 de
733 3357 180 36 charbon
951 3357 288 37 incandescent
1280 3366 37 26 et

129 3420 72 37 des
239 3422 160 35 scories.
440 3421 54 36 Le
535 3420 235 36 frottement
807 3420 69 37 des
916 3420 217 44 particules
1173 3419 144 37 solides

1400 832 67 41 qui
1493 845 40 21 se
1559 831 70 35 £ait
1655 845 146 22 encore
1826 834 124 34 sentir
1973 836 23 32 à
2022 833 21 35 2
2072 836 148 35 mètres
2242 835 213 36 au-dessus
2477 836 48 37 de
2550 836 36 37 la

1398 893 210 37 cheminée
1641 895 149 35 détruit
1824 896 251 43 rapidement
2107 897 38 35 la
2177 900 198 42 peinture.
2409 899 75 37 Les
2517 915 72 29 gaz

1397 957 99 35 dont
1525 957 36 36 la
1590 962 274 40 température
1892 969 96 34 peut
2017 962 198 35 atteindre
2246 963 47 35 de
2322 963 81 36 200
2433 967 23 32 à
2486 963 101 37 300°

1403 1021 175 43 oxydent
1604 1021 105 35 alors
1735 1021 37 36 le
1797 1021 73 42 fer,
1898 1023 177 36 formant
2100 1024 69 36 des
2196 1029 161 33 croûtes
2382 1030 70 41 qui
2477 1029 95 34 attei-

1401 1093 125 34 gnent
1550 1084 152 45 parfois
1729 1085 23 35 8
1780 1085 247 37 millimètres
2052 1087 259 44 d'épaisseur.

1462 1148 27 38 Il
1517 1148 85 35 faut
1628 1157 87 26 tout
1741 1149 287 43 spécialement
2056 1153 104 33 tenir
2188 1161 161 35 compte
2373 1153 51 36 de
2451 1153 142 37 l'acide

1406 1211 223 43 sulifurique
1667 1220 174 27 contenu
1877 1213 98 35 dans
2010 1213 38 36 la
2081 1214 147 38 fumée.
2264 1215 87 37 Une
2386 1225 124 29 tonne
2546 1217 48 36 de

1407 1274 179 36 charbon
1621 1275 161 43 produit
1817 1277 166 35 environ
2027 1278 7 34 î
2048 1278 23 34 0
2107 1277 286 45 kilogrammes
2428 1280 143 44 d'anhy-

1408 1338 111 34 dride
1545 1338 236 45 sulifurique.
1809 1339 56 35 Ce
1893 1354 71 29 gaz
1988 1349 107 34 peut,
2124 1356 48 20 en
2198 1346 194 39 présence
2419 1343 48 35 de
2491 1343 104 37 l'eau

1408 1410 38 25 et
1468 1402 48 35 de
1540 1402 210 43 l'oxygène
1775 1402 155 36 donner
1954 1405 208 35 naissance
2185 1409 23 31 à
2239 1405 9 35 1
2262 1405 20 35 5
2309 1405 286 45 kilogrammes

1406 1465 155 38 d'acide
1596 1465 235 45 suillfurique.

1464 1527 27 35 Il
1517 1536 57 27 est
1601 1528 104 36 donc
1729 1529 297 44 indispensable
2051 1530 48 36 de
2125 1535 161 39 prévoir
2312 1547 79 20 aux
2417 1533 177 36 endroits

1406 1594 172 40 exposés
1613 1605 82 22 aux
1733 1606 72 29 gaz
1839 1592 51 36 de
1929 1592 136 36 fumée
2102 1609 77 21 une
2218 1596 228 42 protection
2483 1604 112 27 toute

1404 1653 187 44 spéciale.

1622 1717 213 36 MOYENS
1864 1717 67 37 DE
1961 1719 398 38 PRESERVATION

1717 1779 213 38 CONTRE
1950 1781 71 36 LA
2044 1782 223 37 ROUILLE

1460 1840 28 37 Il
1512 1844 176 42 importe
1710 1852 123 28 avant
1856 1853 89 28 tout
1968 1844 52 36 de
2046 1845 145 36 rendre
2210 1846 220 37 accessible
2455 1850 23 32 à
2502 1846 91 38 l'air

1402 1903 96 36 frais
1517 1913 135 28 toutes
1674 1905 57 36 les
1751 1908 153 42 parties
1924 1906 72 37 des
2019 1910 298 35 constructions
2339 1909 252 46 métalliques

1400 1981 50 21 en
1476 1968 162 41 évitant,
1661 1982 82 22 non
1764 1968 227 38 seulement
2011 1969 58 37 les
2093 1980 179 27 cuvettes
2296 1972 93 35 d'où
2410 1973 107 36 l'eau
2539 1988 52 21 ne

1403 2039 96 34 peut
1531 2030 251 45 s'échapper,
1817 2035 98 33 mais
1946 2036 106 34 aussi
2082 2035 56 35 les
2170 2050 166 29 espaces
2366 2036 148 36 fermés
2542 2037 51 36 de

1403 2093 198 43 plluseiurs
1644 2098 108 33 côtés
1792 2099 52 32 où
1884 2096 56 36 les
1978 2097 300 43 déplacements
2319 2099 100 37 d'air
2459 2115 50 21 ne
2550 2115 41 21 se

1402 2155 87 37 font
1516 2171 78 29 que
1620 2157 235 37 faiblement
1881 2161 136 34 sentir.

1460 2220 65 36 On
1557 2238 23 21 a
1611 2226 139 39 essayé
1781 2222 48 36 de
1861 2222 200 38 diminuer
2091 2224 39 36 la
2159 2225 199 38 tendance
2391 2226 54 37 du
2476 2226 61 36 fer
2568 2230 23 33 à

1401 2298 41 20 se
1481 2284 163 36 rouiller
1678 2301 49 21 en
1761 2300 26 28 y
1822 2287 263 43 incorporant
2122 2287 52 36 du
2210 2290 149 41 cuivre,
2398 2291 101 35 mais
2532 2289 59 37 les

1401 2348 259 42 expériences
1691 2363 49 20 ne
1770 2358 90 27 sont
1888 2364 71 29 pas
1990 2365 147 21 encore
2168 2351 297 37 suffisamment
2496 2367 70 22 con-

1398 2409 184 37 cluantes
1615 2425 104 30 pour
1752 2412 144 36 rendre
1929 2428 44 20 ce
2006 2414 176 43 procédé
2213 2418 199 42 pratique.

1455 2472 301 37 Actuellement
1778 2474 26 36 il
1831 2475 85 36 faut
1939 2491 41 21 se
2005 2486 210 28 contenter
2240 2478 48 36 de
2313 2479 176 36 couches
2511 2481 60 34 iso-

1400 2536 127 35 lantes
1563 2545 38 27 et
1639 2552 47 21 en
1724 2540 176 41 premier
1937 2542 77 37 lieu
2052 2540 47 36 de
2136 2543 205 41 peintures
2377 2546 22 31 à
2435 2542 151 41 l'huile,

1399 2604 237 39 composées
1667 2609 38 28 et
1738 2601 236 45 appliquées
2006 2603 324 38 conformément
2363 2609 22 32 à
2418 2606 70 36 des
2520 2608 50 34 sti-

1397 2662 203 44 pulations
1626 2663 93 37 bien
1749 2679 189 22 connues.
1969 2665 108 36 Pour
2104 2681 41 21 se
2175 2667 143 37 rendre
2347 2678 160 35 compte
2538 2669 47 36 de

1397 2724 38 37 la
1464 2726 140 36 valeur
1635 2726 119 36 d'une
1785 2728 165 44 pareille
1981 2732 240 41 protection,
2256 2746 51 20 on
2340 2741 96 35 peut
2467 2747 95 29 pren-

1396 2788 71 36 dre
1500 2804 104 29 pour
1635 2790 182 45 exemple
1850 2792 67 35 des
1949 2801 119 36 ponts
2100 2808 68 20 sur
2198 2794 136 41 l'Elbe,
2369 2798 217 34 construits

1399 2865 48 23 en
1483 2852 116 42 Î872,
1630 2862 39 27 et
1696 2856 175 42 repeints
1897 2855 140 45 depuis
2066 2863 48 37 d©
2140 2858 101 35 trois
2267 2860 23 33 à
2318 2860 90 42 cinq
2439 2858 88 36 fois.

1455 2915 76 36 Ces
1557 2925 118 34 ponts
1701 2926 69 27 ont
1796 2921 61 31 été
1881 2921 152 33 soumis
2058 2922 22 33 à
2105 2935 79 21 une
2210 2921 258 43 atmosphère
2493 2936 69 29 par-

1396 2979 295 36 ticulièrement
1735 2981 163 36 humide
1942 2991 38 26 et
2024 2997 48 21 ne
2116 2983 195 36 semblent
2356 2999 71 29 pas
2472 2987 114 34 avoir

1396 3041 170 36 souffert
1590 3042 226 46 beaucoup.
1841 3044 95 37 Aux
1961 3044 176 40 endroits
2163 3048 150 34 soumis
2338 3062 79 21 aux
2441 3047 143 37 efforts

1394 3106 213 36 intérieurs
1639 3109 174 34 maxima
1841 3122 92 21 sous
1962 3107 126 37 l'effet
2118 3109 68 35 des
2215 3110 170 44 charges
2415 3110 169 37 mobiles

1396 3167 36 36 la
1461 3170 184 41 peinture
1674 3169 173 37 s'écaille
1878 3181 180 26 souvent.
2091 3172 73 36 Les
2194 3173 137 36 taches
2363 3173 47 36 de
2442 3173 140 36 rouille

1395 3230 143 37 isolées
1568 3232 266 45 n'atteignent
1865 3248 78 30 que
1983 3234 9 36 I
2031 3238 22 32 à
2085 3236 23 34 6
2143 3235 245 37 millimètres
2420 3237 48 36 de
2499 3236 63 37 dia-

1396 3297 127 33 mètre
1551 3309 51 22 au
1631 3295 100 45 plus.

1451 3357 57 36 En
1542 3359 8 34 î
1564 3359 79 35 920
1650 3387 7 12 ,
1684 3375 53 20 un
1762 3360 48 35 de
1834 3373 64 23 ces
1922 3369 118 35 ponts
2064 3362 145 35 devant
2233 3365 84 33 être
2340 3363 160 40 détruit,
2528 3378 51 21 on

1393 3422 187 35 examina
1604 3436 54 22 un
1683 3422 128 45 grand
1836 3423 168 37 nombre
2031 3424 48 36 de
2104 3425 133 44 pièces
2262 3425 318 44 préalablement
