2710 3975
1297 3633 123 80 153

2099 3661 198 42 JUILLET
2340 3647 117 48 1922

217 3664 58 33 LA
309 3657 133 41 CITÉ.

435 322 78 44 Au
542 339 136 26 cours
711 321 112 45 d'un
857 321 112 54 long
999 326 156 49 séjour
1186 341 89 35 que
1305 323 81 53 j'ai
1418 324 83 43 fait
1532 335 121 33 cette
1683 326 151 42 année
1875 323 187 54 (1921)
2106 341 55 27 en
2194 323 188 53 Europe

294 396 205 45 centrale
532 408 47 33 et
612 397 236 51 orientale,
884 397 81 54 j'ai
997 401 160 48 essayé
1193 399 59 43 de
1286 398 245 44 découvrir
1562 399 65 43 les
1661 397 254 45 tendances
1948 397 240 45 nouvelles
2223 402 76 48 qui
2331 412 51 28 se

297 471 301 44 manifestent
717 481 181 33 surtout
924 489 57 26 en
1009 471 162 44 Russie
1199 483 46 32 et
1274 472 116 44 dans
1418 473 65 43 les
1508 472 128 44 Etats
1636 472 387 44 Secessionnistes
2150 491 57 26 en
2234 472 121 43 archi-

298 556 175 34 tecture
504 557 46 32 et
582 563 56 26 en
673 545 244 53 sculpture.
954 546 130 44 Dans
1116 547 43 43 la
1192 547 163 44 Russie
1391 547 81 43 des
1504 547 196 50 Soviets,
1738 547 43 43 la
1816 547 230 44 tendance
2081 547 219 54 générale
2331 564 49 26 se

294 623 276 40 caractérise
591 620 42 43 le
657 623 155 40 mieux
832 639 85 35 par
939 620 239 53 l'épithète
1205 637 24 28 «
1254 620 345 54 prolétarienne
1623 638 42 27 ».
1693 622 65 43 Ce
1785 634 145 32 terme
1954 621 224 54 implique
2201 621 26 43 Y
2235 621 115 43 aban-

299 696 96 43 don
434 695 81 43 des
551 697 233 51 principes
821 705 45 33 et
905 695 82 43 des
1024 695 258 50 traditions,
1324 696 292 53 esthétiques,
1658 696 243 53 ethniques
1938 714 61 26 ou
2038 696 221 53 éthiques,
2303 698 77 51 qui

296 772 327 41 caractérisent
647 769 65 44 les
736 772 303 50 conceptions
1066 769 260 45 nationales
1354 771 58 43 de
1439 769 116 45 l'art.
1585 770 33 44 Il
1647 783 67 32 est
1740 769 219 54 employé
1986 788 57 27 en
2069 770 163 45 Russie
2261 785 121 38 pour

297 855 167 33 mettre
490 862 57 26 en
576 843 128 45 relief
732 862 89 34 que
847 844 43 44 la
916 844 278 54 population
1219 848 143 41 sortie
1392 845 59 43 de
1477 845 43 43 la
1548 844 284 45 Révolution
1863 844 248 46 d'octobre
2138 863 59 25 ne
2227 844 153 43 forme

297 918 104 54 plus
426 919 170 52 qu'une
620 918 125 45 seule
767 919 159 43 classe.
955 919 63 44 Le
1045 932 100 31 mot
1172 935 25 28 «
1226 919 249 53 prolétaire
1502 936 24 27 »
1558 920 189 52 désigne
1775 920 60 44 de
1861 920 43 43 la
1928 930 127 33 sorte
2079 938 61 25 un
2168 919 214 44 membre

299 994 142 43 d'une
475 993 278 53 population
790 997 302 49 uniquement
1127 996 225 47 ouvrière,
1390 994 28 43 il
1454 993 221 53 implique
1712 1011 89 26 une
1835 996 186 41 activité
2056 993 244 44 collective
2336 1003 46 31 et

299 1086 26 25 a
370 1086 91 25 une
505 1068 311 52 signification
862 1067 361 44 internationale
1267 1087 56 25 en
1367 1086 53 25 ce
1468 1067 110 54 qu'il
1628 1067 192 52 désigne
1865 1084 95 27 non
2006 1068 259 43 seulement
2312 1067 65 43 les

300 1145 205 41 ouvriers
532 1143 58 43 de
615 1153 128 32 toute
767 1142 44 44 la
835 1142 177 50 Russie,
1041 1145 116 40 mais
1181 1142 65 43 les
1272 1144 204 41 ouvriers
1504 1143 62 42 du
1588 1142 178 43 monde
1793 1145 155 41 entier.

438 1217 32 43 Il
507 1235 58 25 en
600 1217 169 43 résulte
802 1235 89 34 que
927 1215 116 45 celui
1079 1220 76 49 qui
1186 1234 51 26 se
1272 1217 115 43 rend
1424 1216 300 53 aujourd'hui
1757 1234 57 28 en
1851 1217 174 50 Russie,
2065 1234 58 26 ne
2161 1217 100 45 doit
2296 1234 84 35 pas

297 1291 260 44 s'attendre
588 1295 27 39 à
646 1309 31 34 y
711 1302 188 32 trouver
933 1291 82 42 des
1048 1290 271 43 architectes
1353 1308 73 32 ou,
1466 1291 141 42 d'une
1640 1291 140 53 façon
1814 1291 230 52 générale,
2084 1291 80 43 des
2200 1293 180 40 artistes

300 1370 76 49 qui
405 1366 274 52 produisent
711 1366 80 42 des
822 1366 174 42 formes
1028 1368 75 49 qui
1134 1368 150 41 soient
1312 1365 43 44 le
1384 1364 190 44 résultat
1606 1366 81 42 des
1717 1364 270 44 recherches
2018 1364 141 45 d'une
2189 1382 163 35 person-

300 1440 139 44 nalité
484 1439 353 54 indépendante
880 1451 45 32 et
967 1437 154 51 isolée,
1167 1439 283 51 s'appuyant
1491 1457 76 26 sur
1611 1438 81 45 des
1735 1441 230 50 principes
2010 1438 279 52 esthétiques
2334 1446 47 33 et

300 1518 267 45 nationaux,
605 1517 115 40 mais
751 1514 107 44 bien
895 1514 81 44 des
1011 1514 176 43 formes
1219 1517 75 49 qui
1329 1524 105 33 sont
1467 1513 42 43 le
1543 1515 297 50 témoignage
1874 1512 81 44 des
1990 1516 193 50 pensées
2220 1526 45 32 et
2300 1512 81 44 des

300 1601 126 32 actes
463 1590 58 44 de
558 1589 43 43 la
638 1588 129 44 foule
802 1601 45 31 et
884 1590 262 51 expriment
1181 1586 388 54 principalement
1604 1586 43 45 la
1686 1587 210 44 doctrine
1936 1587 60 44 de
2034 1587 44 44 la
2117 1587 263 45 révolution

298 1664 287 44 industrielle
614 1676 45 31 et
689 1662 356 45 internationale
1075 1662 199 53 prêchée
1303 1680 84 35 par
1417 1662 136 43 Marx
1583 1673 47 32 et
1658 1679 70 25 ses
1760 1660 226 54 disciples.
2021 1662 108 43 Ceci
2160 1661 220 51 implique

300 1738 303 53 l'expression
636 1738 82 42 des
748 1740 186 40 notions
969 1737 58 43 de
1058 1735 175 53 Peuple
1263 1749 44 31 et
1339 1737 58 43 de
1428 1736 216 42 Pouvoir.

438 1813 45 44 Si
518 1812 65 44 les
616 1815 340 40 circonstances
990 1813 186 42 avaient
1212 1813 73 40 été
1322 1810 281 43 favorables,
1642 1827 107 26 sans
1784 1827 149 28 aucun
1971 1809 142 44 doute
2154 1810 59 43 de
2248 1826 99 27 nom-

299 1887 146 44 breux
471 1890 262 50 spécimens
764 1885 354 45 d'architecture
1152 1901 23 28 «
1209 1884 343 55 prolétarienne
1585 1902 24 26 »
1646 1887 197 42 seraient
1873 1883 165 45 édifiés
2067 1883 310 54 aujourd'hui.

299 1963 121 43 Mais
452 1962 117 43 dans
597 1961 43 44 la
671 1961 163 44 Russie
864 1961 81 43 des
974 1961 197 48 Soviets,
1205 1959 66 44 les
1299 1962 338 41 circonstances
1668 1958 271 44 favorables
1968 1962 27 40 à
2026 1958 43 44 la
2098 1958 279 52 production

299 2036 352 44 architecturale
677 2047 107 32 sont
809 2034 184 55 jusqu'à
1021 2038 188 49 présent
1235 2034 230 44 absentes.
1499 2032 371 51 L'architecture,
1907 2044 101 34 tout
2037 2050 185 26 comme
2255 2032 100 44 d'au-

301 2121 90 33 tres
429 2113 291 50 expressions
757 2112 273 50 artistiques,
1071 2126 30 35 y
1137 2107 115 46 lutte
1289 2125 119 35 pour
1446 2126 84 27 son
1569 2110 232 41 existence
1840 2106 117 45 dans
1997 2106 80 44 des
2115 2107 267 44 conditions

301 2187 333 50 économiques
664 2183 301 53 effroyables.

439 2260 46 43 A
518 2271 73 31 cet
625 2259 158 52 égard,
821 2257 338 43 l'architecture
1194 2269 69 31 est
1298 2260 231 49 peut-être
1564 2256 117 43 dans
1715 2273 89 26 une
1839 2257 218 42 situation
2094 2254 102 52 plus
2232 2255 125 43 déses-

299 2337 141 50 pérée
464 2351 169 26 encore
659 2351 89 35 que
772 2332 65 43 les
861 2343 152 32 autres
1039 2341 105 33 arts.
1175 2330 173 50 Certes,
1377 2330 30 44 il
1434 2348 29 35 y
1489 2349 27 24 a
1542 2347 90 26 une
1660 2330 391 43 Administration
2081 2329 157 44 d'Etat
2263 2346 119 35 pour

301 2409 370 48 l'Architecture,
706 2408 30 43 il
768 2425 31 35 y
830 2425 26 25 a
891 2407 80 43 des
1004 2405 165 45 Ecoles
1204 2405 365 48 d'architecture,
1603 2416 48 32 et
1680 2403 67 45 les
1779 2408 178 49 projets
1992 2403 243 45 d'édifices
2268 2420 84 27 nou-

301 2499 152 27 veaux
488 2493 107 32 sont
631 2485 120 40 aussi
788 2481 270 44 abondants
1095 2499 57 25 en
1186 2479 164 44 Russie
1385 2497 91 35 que
1515 2479 117 43 dans
1668 2489 105 33 tous
1807 2478 67 43 les
1909 2497 116 34 pays
2063 2478 61 45 de
2160 2478 218 52 l'Europe

299 2561 188 40 atteints
513 2575 86 35 par
624 2557 43 43 la
693 2572 175 36 guerre.
899 2556 120 42 Mais
1045 2555 28 43 il
1103 2554 78 53 n'y
1207 2574 26 24 a
1261 2558 44 40 ni
1333 2563 174 43 argent,
1540 2557 45 40 ni
1611 2555 277 48 matériaux;
1919 2556 34 40 si
1978 2553 123 48 bien,
2134 2552 108 53 qu'à
2271 2552 24 41 F
2304 2570 50 26 ex-

301 2634 187 51 ception
525 2632 59 42 de
617 2633 340 41 constructions
990 2632 255 51 primitives
1279 2628 191 43 édifiées
1508 2628 115 43 dans
1660 2627 66 43 les
1757 2626 195 53 villages
1983 2638 47 33 et
2066 2627 59 43 de
2160 2626 222 52 quelques

303 2709 276 51 entreprises
617 2704 309 45 industrielles
966 2703 129 44 telles
1138 2721 89 35 que
1266 2702 65 44 les
1371 2702 240 44 nouvelles
1650 2701 225 44 centrales
1917 2700 270 52 électriques
2230 2714 46 32 et
2316 2700 64 42 les

300 2781 286 44 habitations
612 2782 235 41 ouvrières
873 2782 76 50 qui
976 2779 64 43 les
1068 2789 245 33 entourent
1341 2789 44 32 et
1412 2780 75 50 qui
1514 2786 178 34 sortent
1722 2775 58 45 de
1810 2786 119 33 terre
1959 2775 115 43 dans
2104 2775 64 44 les
2197 2776 182 50 régions

299 2858 216 41 minières
543 2873 55 27 en
627 2857 243 41 exécution
901 2853 59 45 de
987 2853 288 43 l'ambitieux
1301 2856 158 49 projet
1487 2852 30 42 d
1539 2850 349 44 électrification
1917 2849 59 43 de
2005 2850 43 42 la
2077 2848 174 50 Russie,
2286 2848 10 42 1
2319 2863 59 27 on

301 2942 113 41 peut
445 2929 98 44 dire
570 2945 103 36 que,
707 2930 358 51 pratiquement,
1099 2930 96 41 rien
1228 2927 75 43 n'a
1334 2929 73 40 été
1434 2927 224 41 construit
1686 2928 46 40 ni
1759 2923 177 44 achevé
1967 2923 164 53 depuis
2168 2923 139 44 1914.

438 3005 47 42 A
510 3003 210 49 Moscou,
751 3003 42 42 la
819 3001 216 44 nouvelle
1062 3019 111 35 gare
1200 3001 58 43 de
1284 3000 182 43 chemin
1495 3000 58 43 de
1580 3000 67 42 fer
1675 2998 254 51 Kasausky,
1958 2999 305 42 commencée
2289 3012 89 37 peu

303 3079 60 44 de
397 3090 152 41 temps
583 3089 144 32 avant
760 3078 44 43 la
839 3094 163 35 guerre
1035 3088 46 32 et
1115 3079 92 40 très
1244 3085 274 43 marquante
1555 3092 58 24 au
1649 3075 133 51 point
1819 3071 59 45 de
1914 3090 92 25 vue
2041 3071 335 47 architectural,

301 3165 118 33 reste
452 3153 265 44 inachevée.
756 3151 92 44 Les'
875 3151 134 53 plans
1042 3169 56 25 en
1132 3153 188 42 avaient
1352 3153 73 39 été
1461 3148 179 44 dressés
1672 3165 84 34 par
1788 3146 283 44 l'architecte
2103 3145 272 48 Tschiekev,

302 3231 75 51 qui
414 3228 69 43 fut
518 3227 380 44 manifestement
932 3224 246 50 influencé,
1218 3242 58 26 au
1313 3226 133 51 point
1484 3222 57 44 de
1576 3240 92 26 vue
1703 3221 256 52 technique,
1999 3237 84 35 par
2117 3237 62 27 un
2216 3222 163 40 ancien

304 3303 138 43 motif
479 3302 61 44 de
574 3301 338 44 l'architecture
946 3315 138 34 russe,
1123 3316 187 26 comme
1347 3298 65 43 les
1449 3308 161 41 quatre
1646 3306 127 33 tours
1807 3295 112 53 qu'il
1957 3298 125 41 avait
2119 3297 184 50 projeté
2341 3294 41 43 le

304 3388 244 40 prouvent.
581 3377 63 43 Le
671 3376 188 43 résultat
886 3375 117 44 n'est
1030 3377 140 49 guère
1197 3373 214 44 heureux.
1446 3372 126 44 C'est
1600 3373 301 50 uniquement
1930 3370 60 43 de
2018 3369 43 44 la
2093 3369 287 47 décoration,
