2915 4572
203 799 114 41 uns
370 777 202 80 einzig
618 769 359 84 adäquaten
1027 763 323 84 Erfüllung
1394 759 151 69 lebt.
1640 759 244 75 Dieses,
1944 762 81 59 im
2075 753 226 70 Grund

202 862 118 66 des
373 858 552 80 „Wachtraumes“
994 852 130 67 und
1183 877 115 41 vor
1360 851 181 66 allem
1606 851 203 62 seiner
1870 842 432 87 reinigenden,

205 947 430 76 erhöhenden,
706 941 289 87 genialen
1065 938 302 84 Fassung,
1447 936 299 83 Deutung
1821 957 99 41 am
1991 929 312 68 stärksten

204 1033 455 88 emergierend,
725 1036 77 61 ist
864 1035 60 61 in
986 1031 215 63 seinen
1248 1026 448 81 Weiterungen
1760 1021 387 81 keineswegs
2195 1018 112 64 mit

209 1126 145 66 dem
417 1149 113 41 uns
577 1121 380 74 bekannten,
1022 1112 451 70 kreatürlichen
1520 1110 251 67 Wollen
1832 1107 130 66 und
2025 1111 111 61 mit
2181 1103 125 68 den

207 1239 71 40 es
340 1207 397 88 sättigenden
784 1201 632 86 Erfüllungsinhalten
1488 1199 112 66 der
1653 1195 431 67 verflossenen
2147 1191 160 67 oder

212 1299 161 67 noch
420 1298 372 85 gegebenen
816 1293 170 67 Welt
1032 1318 72 41 zu
1151 1286 439 71 verwechseln.
1765 1284 185 66 Denn
1983 1280 169 68 nicht
2181 1305 126 42 von

212 1398 189 55 unten
466 1384 157 66 nach
687 1381 188 75 oben,
941 1380 277 66 sondern
1280 1402 124 42 von
1466 1374 171 67 oben
1700 1369 158 68 nach
1921 1380 191 56 unten
2160 1364 148 70 muß

212 1477 132 63 hier
403 1472 229 66 erklärt
692 1469 272 65 werden.
1059 1468 119 65 Die
1225 1464 231 67 Triebe
1516 1468 62 61 in
1626 1487 135 49 uns,
1827 1459 103 66 die
1977 1454 333 70 tierischen

210 1563 348 83 Regungen
637 1557 142 66 sind
849 1581 160 40 zwar
1083 1552 242 68 zeitlich
1395 1562 223 65 zuerst,
1698 1547 155 67 aber
1921 1547 390 81 keineswegs

212 1644 452 89 ursprünglich.
743 1642 142 68 Erst
928 1641 175 67 recht
1132 1639 171 68 nicht
1334 1644 79 61 ist
1445 1638 115 66 das
1595 1635 260 69 Greifen
1889 1632 159 68 nach
2081 1630 225 78 Farbe,

214 1736 116 65 der
372 1732 293 69 Auftrieb
715 1731 113 66 der
873 1728 244 67 Freude
1164 1727 160 67 oder
1370 1752 124 40 nun
1541 1750 115 58 gar
1701 1734 127 54 erst
1875 1721 115 66 das
2024 1719 286 75 Bessere,

215 1822 281 78 Höhere,
552 1821 286 75 Reinere,
904 1817 115 66 das
1068 1813 398 89 persönliche
1515 1812 350 74 Gewissen,
1931 1808 103 66 die
2082 1806 232 67 dunkle

218 1908 366 86 Erbtugend
656 1907 228 66 daraus
953 1903 331 68 ableitbar.
1380 1900 292 69 Sondern
1742 1895 395 87 umgekehrt:
2211 1892 104 67 die

218 1997 295 68 Instinkte
570 1996 113 65 des
732 1991 413 70 Geschlechts
1201 1991 157 66 oder
1405 1990 114 66 der
1564 1983 548 84 Selbsterhaltung
2157 1981 159 66 oder

218 2086 116 66 des
381 2082 421 69 machthaften
849 2079 338 85 Triumphs
1234 2077 217 68 bilden
1499 2075 196 67 bloße
1734 2074 337 75 Enklaven,
2120 2067 196 69 bloße

217 2173 203 78 trübe,
467 2169 401 77 verkleidete,
919 2168 255 76 unfreie,
1211 2162 456 70 automatische
1690 2160 335 85 Vorspiele
2058 2182 257 41 unseres

227 2260 324 78 „echten“,
637 2256 401 86 „richtigen“,
1126 2307 27 24 „
1164 2250 555 70 menschenhaften
1731 2255 53 71 “,
1869 2245 442 88 „geistlichen“

222 2348 261 66 Willens
530 2345 130 66 und
710 2343 348 67 Instinktes.
1154 2340 150 68 Und
1372 2340 173 75 alles,
1615 2363 128 41 was
1816 2335 172 66 diese
2044 2334 241 66 kreatür-

222 2434 203 68 lichen
450 2433 230 67 Triebe
727 2432 223 75 erfüllt,
999 2428 325 67 sämtliche
1357 2427 235 67 Inhalte
1640 2425 113 65 der
1775 2423 172 66 Welt
1991 2420 131 66 und
2160 2418 159 68 auch

226 2522 133 76 der,
429 2518 308 69 vielleicht
805 2522 82 61 im
934 2517 230 66 Traum
1235 2513 164 69 noch
1454 2523 211 56 rezent
1715 2508 381 69 werdenden
2154 2507 166 66 alten

227 2601 324 76 Überwelt
773 2606 77 64 all
922 2604 209 65 dieses
1204 2608 80 61 ist
1339 2599 370 69 bestenfalls
1759 2597 240 68 Chiffre
2053 2594 97 68 für
2206 2594 114 66 das

226 2698 199 77 echte,
477 2721 114 41 uns
638 2692 233 69 freilich
919 2692 426 75 unbekannte,
1394 2687 164 69 noch
1606 2686 170 67 nicht
1806 2683 332 88 gegebene
2170 2681 150 67 Ziel.

228 2780 630 70 Selbstverständlich
906 2784 163 80 zeigt
1116 2776 129 67 sich
1295 2781 81 62 im
1411 2772 447 70 animalischen
1889 2771 211 77 Trieb,
2141 2795 181 41 wenn

227 2871 156 67 auch
430 2870 165 67 noch
628 2895 74 41 so
735 2867 305 78 fressend,
1089 2865 332 67 selbstisch
1451 2861 309 86 vergiftet,
1808 2864 198 82 gierig
2039 2857 283 76 verhüllt,

229 2961 112 65 der
376 2956 523 78 Heimkehrwille,
951 2955 113 65 der
1096 2952 290 68 absolute
1421 2950 188 67 Trieb
1643 2949 343 67 enthalten.
2066 2945 258 67 Ebenso

228 3048 165 66 kann
448 3043 476 87 (anschließend
979 3068 79 39 an
1115 3041 114 66 das
1285 3038 293 68 dennoch
1634 3036 170 68 nicht
1856 3032 284 87 gänzlich
2197 3031 86 67 Ge-

228 3135 228 66 fallene
503 3134 114 65 des
641 3131 281 74 Willens,
974 3156 78 39 an
1102 3129 102 65 die
1252 3126 320 77 sündlose,
1620 3151 114 39 vor
1766 3124 179 65 allem
1980 3120 165 66 eben
2176 3120 150 66 Don

233 3220 320 74 Quichote
623 3219 158 65 oder
849 3215 297 68 Heinrich
1216 3241 125 39 von
1405 3212 426 83 Ofterdingen
1901 3206 427 88 zugeordnete

233 3305 508 86 Konkupiszenz)
831 3303 197 66 schon
1121 3307 80 59 im
1294 3298 479 87 gewöhnlichen
1841 3294 485 69 Wunschtraum

233 3394 338 87 irgendwie
618 3393 113 65 der
777 3388 382 88 apriorische
1182 3385 483 69 Wunschtraum
1710 3384 286 68 wirksam
2043 3382 285 77 werden;

235 3483 342 83 dasjenige,
656 3505 127 41 was
863 3477 112 66 der
1042 3474 348 69 Schneider
1458 3500 110 40 aus
1633 3472 315 85 Seldwyla
2016 3471 131 66 und
2217 3469 114 66 der

233 3571 200 66 Ritter
509 3565 400 69 Zendelwald
986 3563 279 76 suchten,
1351 3589 129 39 was
1571 3561 102 66 die
1750 3559 274 68 Tochter
2100 3557 230 67 Martin

235 3656 340 70 Salanders
645 3652 156 69 auch
871 3679 138 39 zum
1078 3656 258 62 zweiten
1393 3650 126 66 Mal
1576 3648 128 66 und
1767 3647 168 66 dann
1992 3645 182 67 tiefer
2228 3670 102 41 am

238 3744 298 68 Märchen
599 3768 144 42 vom
793 3736 900 90 Regenbogenschlüsselchen
1756 3733 211 87 ergriff
2146 3730 186 68 durch

235 3834 293 64 keinerlei
589 3830 239 67 Abbau
906 3827 129 68 und
1112 3826 267 67 sexuelle
1450 3822 471 69 Bildrabulistik
1990 3819 157 68 auch
2218 3845 114 40 nur

415 595 166 57 Ernst
618 595 164 55 Bloch
842 623 11 13 •
915 578 145 69 Über
1097 589 104 56 das
1240 589 136 53 noch
1416 586 146 55 nicht
1599 584 245 69 bewußte
1870 581 206 56 Wissen

2191 578 106 56 359
