2915 4572
250 855 186 66 Dann
483 858 154 85 geht
683 859 144 68 dein
876 862 165 67 Blick
1085 890 355 43 versonnen
1487 869 189 68 übers
1724 872 179 69 Land

248 943 141 67 Wie
436 951 192 73 eines,
681 947 113 67 der
840 949 130 66 sich
1018 951 208 87 längst
1272 953 126 68 den
1447 955 376 72 Grabkranz
1869 965 206 64 wand.

251 1031 98 67 Ich
397 1033 119 66 will
565 1035 143 67 dich
756 1036 196 79 rufen,
1001 1040 120 66 will
1301 1043 130 66 und
1478 1045 165 67 kann
1692 1074 68 41 es
1809 1050 193 78 nicht,

248 1118 102 66 Du
383 1118 126 69 bist
540 1148 74 40 so
646 1122 133 67 fern
813 1125 129 66 und
975 1126 148 67 kühl
1146 1132 117 64 wie
1290 1130 296 79 Himmel,
1622 1134 164 68 Gott
1818 1137 130 66 und
1973 1139 178 67 Licht

930 1460 184 67 DER
1161 1463 319 68 ABEND

828 1588 512 84 (Südfrankreich
1394 1598 192 85 1918)

242 1757 122 66 Die
412 1758 204 85 Berge
663 1759 252 88 hängen
960 1790 164 58 ganz
1167 1794 126 40 von
1342 1771 177 67 Gold
1567 1777 382 67 umrändert.

240 1844 119 68 Die
407 1844 237 82 Sonne,
694 1848 105 68 die
847 1856 81 61 im
978 1853 492 89 Feuerabgrund
1517 1862 177 78 sank,

240 1931 354 68 Enthaucht
637 1936 239 84 geahnt
924 1938 144 69 dem
1116 1969 273 42 warmen
1437 1947 444 90 Purpurhang;

238 2020 121 67 Die
404 2021 271 67 Wolken
724 2023 196 69 ruhen
967 2041 102 54 rot
1115 2031 129 66 und
1289 2034 148 85 gelb
1487 2036 378 71 bebändert.

236 2194 140 67 Wie
420 2195 179 85 glüht
646 2196 104 67 die
796 2197 169 69 Luft!
1017 2203 103 66 die
1171 2205 183 67 Nähe
1401 2215 115 61 wie
1562 2214 361 69 verändert!

235 2281 124 68 Die
406 2283 200 66 Ferne
651 2284 305 89 schwingt
1002 2294 82 61 im
1130 2293 282 84 goldnen
1458 2298 461 91 Abendklang!

236 2368 192 67 Darin
473 2370 360 85 vergeßnen
884 2374 246 81 Leibes,
1181 2383 343 68 traumhaft
1569 2387 277 80 schlank,

235 2455 113 66 Ein
396 2457 229 67 Knabe
672 2486 78 39 an
800 2462 126 66 den
974 2465 246 68 sanften
1270 2469 266 70 Feldern
1585 2476 377 69 schlendert.

233 2628 89 69 So
369 2628 295 70 schreitet
710 2632 359 72 Sehnsucht
1112 2644 452 69 tränenstumm
1613 2650 341 81 verhalten,

232 2716 398 86 Großäugig,
679 2721 539 90 wundergläubig,
1267 2732 426 83 traumbereit,

228 2805 144 66 Von
405 2803 298 69 Schmerz
749 2808 130 66 und
914 2810 206 68 Glück
1167 2813 115 69 das
1314 2820 236 68 weiche
1585 2824 166 66 Herz
1798 2830 354 82 zerspalten

230 2981 149 66 Und
426 2980 352 68 überdacht
825 2990 111 61 mit
983 2986 197 80 Stille,
1230 2994 238 70 schwer
1512 3025 125 40 von
1685 3000 155 69 Leid

228 3069 298 67 Indessen
575 3067 301 70 Schatten
923 3074 457 75 schwebender
1426 3085 334 69 Gestalten

225 3156 139 66 Wie
415 3155 204 69 Nebel
666 3158 234 81 gleiten
950 3165 61 61 in
1060 3163 103 66 die
1211 3168 400 71 Dunkelheit.

966 3486 150 66 DIE
1164 3488 245 66 OPER

218 3651 131 67 Der
396 3652 199 67 Raum
645 3657 167 66 steilt
858 3658 105 66 auf
1009 3661 128 66 und
1186 3663 125 68 löst
1357 3666 131 67 sich
1536 3668 283 87 langsam
1869 3674 115 77 los,

218 3738 62 65 In
330 3752 223 55 matter
600 3742 382 71 Dunkelheit
1028 3751 276 84 vergehn
1352 3754 104 66 die
1502 3755 247 86 Ränge:

217 3825 119 66 Die
384 3827 268 68 schwüle
699 3830 356 90 Spannung
1099 3836 560 74 frohbeklemmter
1708 3846 232 85 Menge

215 3912 394 70 Durchzuckt
655 3922 100 61 ein
801 3921 228 83 greller
1075 3924 680 87 Festtrompetenstoß.

373 679 62 58 E.
466 684 76 55 W.
575 684 292 59 Chemnitz
923 719 14 13 ♦
997 689 260 58 Gedichte
1295 714 103 34 aus
1437 695 98 55 der
1575 694 470 76 Gefangenschaft

2154 702 110 54 373
