2915 4572
1 813 228 67 vorher
275 812 132 67 und
439 809 296 78 nachher,
783 808 362 86 gemachter
1179 807 352 85 Erfahrung
1563 807 129 66 und
1724 807 373 79 Sehnsucht,

4 902 152 67 Sein
189 901 130 67 und
351 898 239 76 Sollen,
641 897 355 85 überhaupt
1034 894 171 68 nicht
1227 893 502 69 unterscheiden.
1808 894 293 68 Sondern

3 991 134 66 hier
195 1015 128 41 war
366 986 403 85 Vorstellung
829 983 217 77 Urteil,
1111 982 323 69 Gleichnis
1494 982 217 75 Natur,
1780 981 321 68 Schicksal

6 1076 289 79 Freiheit,
345 1075 127 67 und
520 1100 69 41 es
637 1072 231 78 schien,
919 1098 101 40 um
1071 1076 111 61 mit
1231 1071 238 66 diesem
1495 1070 186 66 Weib
1718 1070 242 83 seliger,
2011 1071 90 65 als

7 1193 67 39 es
137 1165 127 67 ihm
335 1164 213 67 bisher
609 1160 268 87 möglich
933 1187 145 49 war,
1149 1185 72 41 zu
1268 1159 207 77 leben,
1549 1159 213 66 keiner
1808 1157 292 78 Theorie,

7 1255 216 65 keines
269 1251 337 66 Vorsatzes
670 1247 131 68 und
855 1247 115 67 der
1015 1246 378 69 Dichtkunst
1437 1245 171 67 nicht
1654 1245 175 66 mehr
1874 1270 72 41 zu
1995 1245 72 66 be-

7 1341 244 66 dürfen.
328 1339 96 84 Ja,
473 1364 69 41 es
590 1338 237 66 dünkte
874 1335 126 78 ihn,
1050 1335 95 66 ihr
1188 1334 241 86 gesellt,
1479 1333 227 86 spielte
1753 1358 192 60 sogar
1991 1333 113 66 der

11 1427 334 76 Umstand,
394 1425 88 66 ob
516 1451 144 39 man
693 1449 100 41 am
829 1423 202 66 Rhein
1070 1423 130 66 und
1231 1421 92 67 als
1356 1420 244 68 Preuße
1633 1420 157 68 oder
1821 1432 280 56 sonstwo

8 1514 224 85 simpel
291 1514 285 84 geboren
637 1538 146 49 war,
848 1509 170 67 nicht
1075 1510 103 66 die
1225 1509 629 86 ausschlaggebende
1901 1509 199 66 Rolle.

6 1601 324 67 Während
378 1626 67 39 er
491 1598 399 85 unbändiger
935 1595 115 68 des
1098 1597 173 66 Bluts
1311 1597 357 84 Witterung
1714 1597 206 77 stillte,
1974 1597 128 64 und

7 1689 170 77 alles,
248 1714 130 41 was
441 1714 66 40 er
562 1687 189 77 lebte,
825 1684 275 68 Himmel
1155 1711 147 51 war,
1372 1684 188 66 stand
1617 1684 267 66 hinterm
1932 1683 170 67 Zaun

6 1782 134 61 sein
213 1776 331 67 Gewissen
623 1773 197 68 schon
891 1772 105 67 auf
1050 1772 202 67 Lauer
1319 1771 129 67 und
1517 1772 151 66 warf
1723 1771 216 67 Steine
2009 1776 93 62 ins

8 1862 432 69 Blumenbeet.
558 1861 151 67 Und
775 1872 228 55 trotzte
1073 1863 110 63 mit
1252 1858 113 68 der
1432 1858 312 85 Drohung
1812 1857 292 67 fünfzehn

7 1964 182 54 sonst
252 1951 358 66 verlorener
662 1949 207 83 Jahre,
940 1947 152 66 alles
1161 1947 285 66 mühsam
1502 1947 418 68 erarbeiteten
1975 1946 129 66 und

10 2037 368 69 Gewußten
427 2036 122 78 auf,
599 2048 235 54 warnte
866 2035 130 66 und
1027 2034 331 67 beschwor
1390 2034 124 78 ihn,
1564 2035 142 66 kam
1741 2039 111 62 mit
1883 2034 185 66 Induk-

7 2131 239 72 tionen,
298 2125 470 76 Deduktionen,
819 2123 443 66 Reduktionen
1293 2123 130 66 und
1455 2134 194 55 setzte
1682 2120 126 67 ihm
1842 2121 231 68 schließ-

7 2213 122 67 lich
182 2238 207 60 gegen
446 2211 125 68 den
624 2209 423 81 „natürlichen
1094 2210 178 66 Wert
1319 2210 119 66 des
1487 2209 438 87 Lustgefühls“
1979 2209 125 66 den

16 2300 427 77 „Gotteswert
474 2299 115 66 des
619 2296 589 69 transzendentalen
1243 2298 402 66 Idealismus“
1691 2298 91 66 als
1814 2296 164 68 Laus
2011 2302 94 61 ins

12 2388 159 66 Ohr.
265 2388 101 66 Da
558 2392 62 61 in
675 2390 173 61 einer
897 2385 304 68 eiskalten
1249 2384 298 67 Sekunde
1725 2384 172 67 ward
1942 2397 164 54 trotz

11 2476 115 66 des
173 2474 317 68 Wunders
553 2479 61 60 in
669 2478 214 62 seinen
930 2473 239 66 Armen
1233 2473 176 67 diese
1461 2473 186 66 letzte
1694 2473 304 66 Weisheit
2044 2478 61 60 in

7 2561 127 66 ihm
182 2561 137 67 reif:

100 2648 82 66 Es
257 2655 208 59 müsse
535 2651 132 62 sein
732 2646 203 67 Glück
1005 2644 169 69 nicht
1235 2646 205 67 Glück
1507 2646 278 66 sondern
1850 2647 218 66 Sinnes-

10 2735 355 86 täuschung
411 2738 154 74 sein,
613 2733 138 68 weil
798 2759 111 40 aus
957 2737 203 70 seiner
1207 2735 128 64 und
1385 2733 114 66 des
1531 2733 260 68 Weibes
1826 2735 280 83 Haltung

11 2824 237 67 Schuld
302 2821 169 69 nicht
516 2821 250 79 erhelle,
817 2821 103 66 die
967 2821 151 67 aller
1163 2821 350 86 Erfahrung
1558 2821 160 69 nach
1767 2827 61 61 in
1860 2821 246 67 solcher

13 2910 347 85 Handlung
412 2909 335 68 zweifellos
803 2907 319 68 enthalten
1177 2914 109 62 sei.
1380 2909 151 67 Und
1579 2935 115 40 nur
1741 2910 218 65 darum
2007 2935 66 40 er-

11 2998 255 67 scheine
321 2996 160 69 auch
530 2998 113 66 der
686 2996 167 85 Weg
905 3022 105 40 zur
1057 2996 216 68 Sühne
1329 2995 187 79 nicht,
1591 2996 130 76 der,
1771 3001 116 61 wie
1935 2996 169 66 ohne

10 3092 283 60 weiteres
337 3112 75 39 zu
462 3085 322 85 begreifen
834 3089 110 72 sei,
1003 3084 165 66 doch
1217 3085 150 66 aller
1415 3085 197 66 Inhalt
1659 3084 447 67 menschlicher

12 3173 273 66 Freiheit
331 3178 96 60 ist.

102 3259 116 64 Mit
279 3258 112 66 der
451 3285 111 38 aus
625 3258 207 65 dieses
878 3257 261 66 Weibes
1200 3257 154 64 Leib
1418 3262 217 61 immer
1694 3283 124 40 von
1882 3283 222 41 neuem

11 3346 404 66 strömenden
462 3344 250 66 Wonne
765 3344 169 66 habe
989 3370 66 39 es
1102 3343 235 85 füglich
1393 3343 104 67 auf
1556 3344 150 78 sich,
1770 3371 128 41 was
1962 3372 143 40 man

10 3437 139 62 eine
184 3433 259 65 demens
477 3431 157 67 oder
667 3431 442 85 aufgehobene
1132 3431 512 68 Willensfreiheit
1676 3459 223 53 nenne,
1949 3434 157 66 oder

8 3546 127 41 was
184 3520 113 66 der
327 3520 149 66 Laie
523 3518 91 66 als
653 3545 291 58 perverse
975 3518 341 87 Verirrung
1352 3520 359 77 bezeichne,
1760 3521 344 67 forensisch

8 3607 155 67 aber
209 3612 81 61 im
323 3598 447 93 Paragraphen
820 3606 468 86 einundfünfzig
1335 3607 113 67 des
1481 3607 623 86 Strafgesetzbuches

7 3700 173 61 seine
227 3693 414 87 gebührende
671 3693 437 87 Verurteilung
1153 3695 191 66 finde.

96 3782 151 66 Und
327 3787 81 60 im
486 3781 253 67 rechten
807 3781 399 85 Augenblick
1281 3781 250 66 tauchte
1601 3781 294 66 Emiliens
1965 3784 140 63 Bild

7 3875 60 60 in
130 3870 128 66 ihm
318 3870 125 77 auf,
510 3870 103 65 ihn
676 3875 111 61 mit
848 3870 113 65 der
1022 3869 454 67 Heilsaussicht
1536 3874 206 62 seines
1805 3897 78 38 an
1945 3870 161 67 ihrer

485 634 139 55 Carl
658 633 308 56 Sternheim
1026 662 11 13 •
1093 633 117 54 Der
1247 632 375 55 Rheinländer

1991 632 108 53 349
