2915 4572
106 853 277 72 Wirklich,
430 858 155 55 diese
624 859 169 57 Leute
841 883 224 36 unseres
1104 861 206 72 Alters,
1357 866 91 56 die
1494 868 111 56 sich
1654 870 193 57 darauf
1888 875 249 56 versteift

34 926 199 69 haben,
289 950 65 35 zu
413 930 181 69 leben,
652 933 113 55 und
812 933 90 57 die
946 938 133 68 jetzt
1123 939 54 53 in
1224 938 101 55 der
1361 938 159 58 Stille
1565 943 92 56 die
1704 945 429 60 erschreckende

35 999 184 57 Bilanz
257 1002 192 58 ziehen
598 1009 80 52 sie
716 1006 134 55 wird
888 1006 206 59 Posten
1133 1009 84 56 für
1244 1010 204 57 Posten
1487 1025 388 50 verantwortet
1912 1021 221 56 werden

34 1080 219 51 müssen
311 1077 111 55 und
482 1077 98 56 der
632 1079 418 58 mitleidloseste
1104 1081 357 75 Anklageakt
1518 1087 99 56 der
1672 1089 461 73 Weltgeschichte

32 1146 219 57 werden
401 1148 103 56 alle
529 1148 155 59 diese
711 1150 170 58 Leute
906 1156 198 55 wissen
1132 1156 172 57 nichts
1329 1179 108 35 von
1467 1159 239 71 Eleganz
1733 1165 112 55 und
1871 1165 229 60 Liebens-

34 1220 343 73 würdigkeit.
453 1223 176 56 Wozu
669 1225 162 56 leben
871 1227 124 56 sie?

106 1291 114 57 Der
267 1293 171 73 Krieg
492 1317 109 35 war
657 1319 65 35 so
779 1298 188 73 lustig!
1051 1300 193 58 Zuerst
1290 1302 109 57 ließ
1446 1328 122 33 man
1617 1307 89 56 die
1752 1310 218 71 Jungen
2025 1322 79 47 tot-

35 1364 256 57 schießen
351 1368 111 55 und
516 1369 348 59 verhinderte
921 1373 218 71 folglich
1198 1376 92 56 die
1348 1378 362 71 symbolische
1751 1382 212 70 Fackel,
2021 1408 109 35 von

32 1437 164 57 Hand
234 1461 65 34 zu
327 1441 166 55 Hand
531 1463 65 35 zu
623 1444 199 69 gehen.
890 1446 242 69 Sodann,
1173 1453 96 52 mit
1296 1455 285 67 geringem
1602 1453 277 60 Aufwand
1903 1480 109 34 von
2042 1463 87 54 ein

29 1532 133 50 paar
189 1512 208 67 Reden,
439 1518 86 51 ein
553 1537 133 48 paar
716 1515 322 74 Gedichten,
1080 1524 88 52 ein
1194 1545 134 48 paar
1353 1524 493 73 Uniformstücken,
1885 1532 93 55 die
2005 1555 123 34 man

27 1583 238 57 hundert
285 1584 200 57 Meilen
514 1585 175 57 hinter
714 1589 99 56 der
834 1590 166 58 Front
1024 1593 236 72 anlegte,
1292 1598 202 71 umgab
1522 1621 123 34 man
1674 1602 111 54 sich
1814 1606 97 54 mit
1931 1603 196 70 Ruhm,

27 1656 209 56 machte
275 1658 110 56 sich
426 1659 258 70 bekannt,
725 1663 107 56 ließ
872 1664 110 56 sich
1023 1667 352 58 bewundern.

96 1728 159 55 Aber
311 1730 140 56 sieh!
531 1733 112 54 Wiv
1376 1736 133 55 sind
873 1740 147 54 nicht
1062 1740 108 55 alle
1213 1740 98 56 tot\
1390 1742 128 57 Und
1560 1748 134 67 jetzt
1741 1747 246 58 bereiten
2033 1754 95 52 wir

26 1822 118 47 uns,
185 1802 91 56 die
316 1802 332 74 Schuldigen
686 1828 66 35 zu
792 1810 220 56 strafen.
1089 1811 119 58 Wir
1245 1815 305 56 verzichten
1591 1818 92 54 auf
1721 1819 92 56 die
1851 1820 160 70 Ehre,
2054 1827 70 52 im

25 1874 212 57 Namen
302 1876 99 57 des
453 1879 366 59 Vaterlandes
881 1905 108 35 von
1048 1885 108 57 den
1215 1888 462 69 plutokratischen
1735 1893 228 58 Rivalen
2019 1907 79 47 tot-

23 1949 333 71 geschlagen
413 1970 65 36 zu
525 1954 235 54 werden.
839 1955 118 57 Wir
1000 1959 304 57 verzichten
1353 1961 93 56 auf
1490 1964 92 54 die
1628 1964 223 68 Fabeln,
1912 1969 90 56 die
2042 1970 83 56 Ihr

25 2041 99 35 uns
163 2043 65 33 zu
270 2022 35 55 fi
318 2044 161 34 essen
519 2025 152 71 gebt,
725 2029 111 54 und
873 2030 259 57 während
1170 2036 96 52 wir
1305 2034 91 56 die
1436 2039 288 70 einseitige
1763 2039 362 61 Strafbarkeit

23 2096 420 66 zurückweisen,
482 2098 155 56 rufen
675 2103 98 53 wir
810 2102 90 56 die
942 2103 326 72 allgemeine
1307 2129 115 46 aus,
1462 2110 92 56 die
1592 2110 363 61 Strafbarkeit
1993 2116 132 57 aller

27 2168 51 52 in
119 2167 139 56 allen
286 2168 268 69 Ländern,
596 2172 89 55 die
727 2172 159 58 keine
914 2175 176 73 Sorge
1131 2178 222 72 hegten,
1393 2181 115 57 ihre
1535 2181 186 60 Söhne
1761 2208 65 33 zu
1865 2187 257 69 schonen,

26 2239 108 68 die,
195 2262 88 33 um
342 2243 109 55 sich
510 2265 65 34 zu
622 2246 315 58 bereichern
985 2251 137 56 oder
1166 2253 108 56 sich
1324 2258 159 52 einen
1522 2256 213 58 Namen
1776 2281 65 35 zu
1882 2262 238 68 machen,

22 2312 159 56 zwölf
225 2313 279 58 Millionen
544 2317 295 58 Menschen
892 2327 215 65 getötet
1153 2324 180 58 haben
1381 2331 95 53 mit
1526 2332 176 55 einem
1752 2332 368 75 befriedigten

22 2384 247 69 Lächeln,
311 2388 100 57 das
449 2390 114 56 ihre
603 2389 213 60 Tränen
858 2396 100 55 des
1000 2396 324 61 Erbarmens
1363 2402 146 56 nicht
1545 2406 317 56 verstecken
1899 2407 220 60 konnte.

1050 2524 28 29 *

92 2601 127 57 Und
269 2608 94 52 wir
408 2606 219 59 bleiben
672 2632 166 49 sogar
874 2614 263 56 zahlreich
1178 2638 204 52 genug,
1432 2642 89 33 um
1561 2622 143 56 Euch
1744 2646 101 34 vor
1884 2648 234 36 unseren

17 2675 362 60 Richterstuhl
436 2702 66 34 zu
561 2681 161 57 laden
769 2685 113 55 und
921 2686 144 56 Euch
1108 2693 95 52 mit
1241 2690 101 56 der
1379 2713 209 50 ganzen
1629 2695 223 59 Schärfe
1892 2721 226 37 unseres

18 2749 517 75 erbarmungslosen
585 2752 188 72 Zorns,
831 2780 225 36 unseres
1114 2765 484 59 unversöhnlichen
1647 2768 185 58 Grolls
1889 2793 65 34 zu
1997 2796 90 34 ver-

20 2822 246 57 urteilen.

90 2893 116 58 Wir
255 2897 179 56 haben
493 2902 159 54 einen
705 2902 154 57 Haß:
919 2904 169 58 Euch!
1149 2909 233 71 Belgier,
1442 2912 326 72 Franzosen,
1819 2916 294 71 Deutsche,

17 2968 262 68 Italiener,
327 2968 326 74 Engländer,
702 2973 232 73 Russen,
984 2968 393 83 Österreicher,
1427 2985 103 56 alle
1572 2990 207 69 jungen
1818 2989 295 59 Menschen

15 3039 266 72 Europas,
319 3047 97 51 wir
453 3046 123 54 sind
604 3047 222 66 Brüder,
871 3056 269 69 vereinigt
1172 3076 182 50 gegen
1384 3056 167 58 Euch!
1610 3060 119 57 Wir
1753 3062 195 56 wollen
1977 3066 134 55 noch

15 3114 120 54 eine
189 3113 246 59 Schlacht
492 3118 274 73 schlagen,
825 3123 134 56 aber
1015 3130 155 52 diese
1225 3132 96 52 mit
1360 3130 401 71 Leidenschaft,
1821 3135 144 57 denn
2020 3141 94 51 wir

12 3186 220 55 werden
271 3188 84 55 für
394 3212 104 33 uns
537 3192 257 71 kämpfen
834 3197 112 53 und
986 3198 141 56 nicht
1166 3199 83 55 für
1286 3201 162 65 Euch,
1492 3225 195 35 unsere
1727 3206 221 58 Feinde.

86 3257 284 73 Vereinigt
410 3262 142 56 Euch
599 3266 132 54 auch
779 3267 177 56 hinter
1001 3271 99 54 der
1144 3272 183 68 Front,
1385 3274 82 56 Ihr
1507 3276 195 57 Greise
1749 3301 107 33 von
1906 3281 205 73 fünfzig

11 3329 217 70 Jahren,
277 3334 143 55 denn
449 3335 81 54 Ihr
556 3338 120 53 seid
703 3339 103 56 alle
832 3339 202 59 Schuld
1062 3366 85 33 am
1175 3344 221 73 Kriege,
1429 3353 271 69 vereinigt
1725 3352 163 68 Euch,
1928 3354 84 56 Ihr

11 3403 327 73 abtrünnige
378 3406 341 72 Sozialisten,
760 3413 83 54 Ihr
990 3422 290 67 struppige
1318 3420 226 69 Poeten,
1592 3424 84 55 Ihr
1822 3448 99 36 vor
1958 3428 152 57 Stolz

10 3478 281 55 verrückte
349 3479 433 72 Staatsmänner,
841 3487 83 55 Ihr
1106 3494 210 70 gierige
1368 3493 333 71 Finanziers,
1760 3500 345 59 anmaßende

11 3553 213 52 Pfaffen
356 3596 14 24 ,
427 3558 268 68 vereinigt
735 3556 161 70 Euch,
954 3560 146 57 denn
1156 3567 97 52 wir
1309 3568 221 56 werden
1588 3569 160 57 keine
1786 3572 322 59 Ausnahme

11 3624 239 66 machen,
291 3625 74 55 ob
407 3626 81 55 Ihr
525 3649 69 33 an
634 3630 99 55 der
759 3631 193 71 Spree,
995 3634 99 56 der
1120 3634 237 61 Themse
1396 3641 138 56 oder
1572 3643 100 56 der
1697 3643 167 59 Seine
1895 3648 209 57 wohnt!

83 3695 139 56 Laßt
266 3696 141 58 Eure
453 3699 305 75 Anhänger
803 3706 235 57 brüllen!
1126 3709 226 73 Schlagt
1396 3714 92 56 die
1535 3714 334 61 Trommeln!
1945 3720 161 73 Singt

117 3790 31 33 e
206 3772 144 69 e^f>ei
350 3794 25 63 \
376 3795 63 32 en
487 3774 316 58 Loblieder!
882 3779 165 58 Klirrt
1104 3787 94 51 mit
1243 3784 217 72 Sporen
1517 3790 113 55 und
1669 3790 179 57 Euren
1893 3794 212 68 großen

12 3841 227 56 Säbeln!
313 3843 107 58 Die
446 3845 376 75 Totenglocke
860 3852 144 56 tönt!
1070 3855 81 56 Ihr
1191 3859 207 55 werdet
1436 3862 80 55 sie
1554 3871 141 47 trotz
1723 3864 156 57 allem
1908 3865 194 57 hören!

947 686 268 56 Lesebuch

2029 699 108 55 379
