3166 4572
770 882 301 71 kündigen,
1113 879 148 55 denn
1301 870 421 72 Straflosigkeit
1760 865 122 57 darf
1922 863 183 55 denen
2145 858 145 56 nicht
2329 853 299 57 zuerkannt
2661 847 241 66 werden,

772 959 91 55 die
902 953 160 59 zwölf
1100 951 284 57 Millionen
1425 947 144 55 ihrer
1608 940 220 58 Brüder
1867 933 296 76 gemordet
2201 929 203 57 haben.

847 1030 131 58 Und
1019 1025 232 58 deshalb
1289 1021 200 58 wollen
1528 1021 97 53 wir
1664 1036 117 36 von
1828 1012 169 56 heute
2047 1030 68 34 an
2167 1007 183 67 einige
2398 1004 164 51 Ideen
2609 1004 296 60 testlegen.

1837 1126 27 29 *

850 1223 184 57 Wenn
1073 1221 98 55 wir
1208 1221 53 53 in
1302 1215 142 57 allen
1484 1209 288 72 Auslagen
1812 1204 100 56 der
1946 1195 501 71 Buchhandlungen
2477 1190 89 56 die
2595 1187 174 56 Reihe
2795 1183 101 56 der

779 1294 390 71 patriotischen
1200 1284 427 64 Gedichtbände
1666 1277 379 73 ausgebreitet
2083 1272 189 64 sehen,
2314 1266 233 57 erwacht
2586 1266 99 51 der
2727 1266 15 47 1
2760 1266 137 56 rieb,

780 1394 66 34 zu
893 1373 213 67 zeigen,
1165 1364 204 58 welche
1416 1359 254 69 Stellung
1717 1354 92 55 die
1857 1345 278 61 Mehrzahl
2190 1343 99 56 der
2340 1359 205 54 jungen
2600 1334 297 55 Menschen

782 1445 313 66 angesichts
1136 1440 100 56 der
1274 1436 384 66 Neuformung
1698 1428 99 56 der
1823 1423 152 59 Welt
2013 1426 423 66 eingenommen
2478 1420 113 48 hat.

857 1520 172 56 Diese
1087 1512 273 60 Gedichte
1524 1506 140 57 oder
1707 1498 263 60 vielmehr
2028 1496 155 56 diese
2240 1489 224 58 Dichter
2628 1483 126 55 sind
2813 1500 87 34 ein

786 1615 170 37 neues
1015 1591 291 72 Symptom
1363 1583 85 56 für
1503 1581 90 56 die
1652 1575 230 58 sittliche
1941 1569 321 69 Entartung,
2322 1561 111 57 und
2492 1555 262 60 wahrend
2813 1555 90 51 die

784 1667 208 60 Werke
1048 1665 184 56 dieser
1288 1662 55 53 in
1402 1657 109 56 den
1560 1651 426 59 Geheimnissen
2036 1638 316 77 spanischer
2392 1635 235 56 Sonette
2667 1635 113 49 und
2820 1647 58 33 rö-

788 1742 233 57 mischer
1058 1738 230 69 Elegien
1326 1731 146 57 wohl
1518 1724 386 60 bewanderter
1950 1718 146 56 alten
2141 1715 357 55 Parnassiens
2543 1726 128 35 vom
2723 1709 136 47 kuns
2888 1731 20 10 -

788 1815 266 59 lerischen
1114 1806 357 75 Standpunkt
1518 1798 242 77 gänzlich
1809 1792 222 59 wertlos
2079 1788 141 66 sind,
2280 1783 183 57 helfen
2519 1801 80 34 sie
2654 1797 102 34 uns
2817 1779 91 48 die

790 1889 255 70 Stellung
1085 1884 322 61 definieren,
1447 1881 54 52 in
1542 1875 99 56 der
1669 1872 133 57 zwei
1833 1868 413 56 Generationen
2275 1855 263 60 einander
2566 1853 311 71 gegenuber-

790 1964 200 59 stehen
1029 1959 114 57 und
1183 1958 107 56 den
1329 1949 279 75 Abgrund
1649 1964 298 45 ermessen,
1988 1939 100 55 der
2127 1957 80 35 sie
2244 1939 201 50 trennt.

868 2038 174 56 Diese
1087 2033 211 56 Poeten
1359 2027 246 72 gehören
1664 2016 270 59 durchaus
1983 2033 64 34 zu
2096 2010 200 62 denen,
2356 2004 90 54 die
2494 2001 110 55 den
2652 2001 262 50 niederen

794 2110 301 59 Instinkten
1134 2105 101 58 der
1273 2102 204 71 Menge
1518 2091 377 64 schmeicheln,
1937 2086 184 57 indem
2162 2104 80 34 sie
2282 2079 110 56 den
2423 2069 371 63 Vollkermord
2835 2090 29 31 a

799 2184 241 60 Großtat
1076 2175 401 62 verherrlichen
1515 2169 115 58 und
1669 2165 166 58 durch
1877 2163 90 54 die
2008 2164 359 66 organisierte
2403 2154 151 66 Luge
2595 2154 108 45 den
2742 2154 149 58 allge-

799 2263 217 54 meinen
1056 2253 214 58 Rausch
1310 2270 94 36 zur
1442 2245 226 57 Raserei
1707 2240 234 57 treiben.
2620 2292 12 14 .
2713 2288 13 22 ,
2756 2298 9 9 .
2823 2307 69 21 „_
2902 2306 26 22 c

874 2333 132 58 Und
1050 2330 117 56 ihre
1216 2325 251 69 Haltung
1513 2339 101 37 vor
1660 2314 112 58 und
1819 2306 260 62 während
2127 2305 102 54 des
2276 2300 235 68 Krieges
2560 2290 214 59 erlaubt
2825 2309 103 34 uns

803 2410 181 69 einige
1024 2401 259 60 Schlüsse
1324 2396 91 57 auf
1454 2395 92 55 die
1586 2385 352 66 kommende,
1980 2381 89 55 die
2110 2397 141 36 neue
2293 2378 231 51 Stunde.

1865 2499 27 29 *

876 2599 121 59 Wir
1025 2594 225 60 machen
1277 2588 257 60 zunächst
1562 2579 193 60 darauf
1782 2574 385 61 aufmerksam,
2202 2563 111 59 daß
2341 2563 91 55 die
2461 2559 251 56 Autoren
2741 2554 184 54 dieser

804 2671 389 62 barbarischen
1240 2664 209 59 Bücher
1496 2654 244 62 sämtlich
1787 2650 113 57 und
1946 2669 54 35 m
2047 2644 143 57 allen
2240 2636 252 59 Landern
2540 2650 155 52 jener
2742 2626 53 56 G
2907 2657 21 8 '

807 2752 177 54 ration
1025 2743 338 74 angehören,
1405 2737 110 63 die,
1564 2729 134 57 nach
1740 2726 127 56 dem
1906 2716 314 61 treffenden
2243 2706 321 74 Ausspruch
2662 2723 95 100 n^
2789 2700 78 53 fra

809 2820 283 61 zösischen
1133 2813 282 59 Freundes
1458 2828 98 47 „zu
1595 2809 134 66 jung
1768 2800 83 53 für
1890 2794 188 58 Sedan
2119 2787 111 58 und
2271 2808 65 33 zu
2371 2784 74 54 alt
2473 2781 82 53 für
2583 2777 89 55 die
2701 2773 190 55 Marne

1184 2983 103 35 uns
1325 2958 160 55 indes
1525 2950 144 57 nicht
1708 2946 137 57 allzu
1886 2941 205 58 schwer
2131 2933 253 74 gefallen,
2422 2925 281 58 ähnlichen

814 3068 65 36 zu
920 3040 294 60 erwerben.
1294 3032 74 58 Es
1406 3032 151 54 hätte
1608 3029 212 68 genügt
1858 3049 71 8 -
1975 3012 114 59 und
2145 3010 154 71 jeder
2355 3025 108 34 von
2524 3020 99 34 uns
2682 2992 252 60 schriebe

814 3123 206 53 binnen
1061 3114 128 56 acht
1227 3107 193 72 Tagen
1463 3106 162 53 einen
1665 3097 314 66 derartigen
2019 3083 158 59 Band
2221 3111 61 9 -
2328 3074 269 60 ebenfalls
2642 3071 114 67 „fer
2844 3088 30 32 a

821 3191 231 71 „Yser“,
1114 3181 339 72 „Nieuport“
1517 3173 90 58 auf
1669 3168 198 70 „effort
1908 3208 12 23 ,
1984 3159 279 70 „Victoire
2357 3151 90 55 auf
2498 3148 226 67 „Gloire

818 3267 175 47 «plbct
1070 3260 179 54 Foch“
1292 3253 91 59 auf
1426 3248 245 66 „boche“
1716 3265 63 34 zu
1821 3242 224 53 reimen.

892 3339 120 61 Wir
1050 3339 190 54 hätten
1281 3332 147 55 dann
1466 3347 110 35 von
1604 3321 127 56 dem
1758 3314 234 58 Podium
2023 3311 155 56 eines
2203 3299 312 60 Festsaales
2543 3291 168 58 herab
2741 3306 204 38 unsere

821 3415 206 56 Poeme
1068 3413 96 53 mit
1205 3403 213 73 großen
1459 3398 531 66 Armbewegungen
2030 3380 374 58 deklamieren
2444 3370 239 63 können,
2711 3359 112 59 und

821 3494 183 53 wären
1045 3484 231 74 geleiert
1314 3474 229 61 worden
1578 3474 104 53 wie
1723 3471 81 54 sie
1837 3494 71 8 -
1936 3481 110 36 von
2081 3456 102 56 der
2211 3441 497 68 nationalistischen
2736 3433 155 59 Band
2935 3476 10 10 .

897 3563 229 58 Warum
1167 3555 134 56 aber
1337 3550 183 58 haben
1558 3547 96 54 wir
1692 3563 61 35 es
1799 3537 142 59 nicht
1982 3527 211 79 getan?
2233 3555 69 10 -
2340 3522 122 56 Das
2500 3527 71 48 ist
2604 3517 148 53 das*

824 3638 138 50 Hohe
1002 3631 282 57 Problem’
1344 3623 123 57 weil
1513 3638 164 38 unser
1724 3632 204 55 ganzes
1978 3607 130 55 Sem
2158 3599 110 58 sich
2312 3601 212 51 strauot
2563 3612 37 48 g
2639 3608 36 49 g

826 3707 353 72 verdächtige
1220 3700 114 58 und
1370 3687 475 69 verbrecherische
1873 3677 287 66 Rhetorik,
2185 3672 122 58 weil
2335 3687 165 41 unser
2528 3680 206 55 ganzes
2759 3657 188 56 Leben

829 3786 56 56 ih
905 3804 104 112 DTe
1010 3781 50 56 id
1052 3852 155 59 Klult
1205 3776 71 56 eb
1273 3847 92 56 die
1405 3865 102 36 uns
1545 3860 109 35 von
1695 3834 183 56 dieser
1921 3827 104 58 Art
2063 3819 297 61 Menschen
2409 3819 198 56 trennt,
2655 3809 71 53 ist
2769 3799 181 66 tiefer,

831 3936 82 56 als
905 3860 53 56 D
953 3954 125 35 man
1118 3926 209 74 glaubt.
1405 3921 117 56 Das
1563 3913 124 59 sind
1728 3908 145 59 nicht
1898 3895 567 66 Verschiedenheiten
2500 3885 102 56 der
2630 3878 320 61 Ai»sichten,

834 4007 91 59 die
953 4002 264 61 einander
1243 3997 480 70 entgegentreten,
1764 3982 101 56 das
1901 3987 68 48 ist
2000 3994 122 36 eine
2152 3959 402 81 Gegnerschaft
2581 3959 100 53 der
2706 3959 91 51 Ge
2894 3969 35 51 g

1691 688 269 57 Lesebuch

768 706 116 57 376
