2245 3718
731 208 144 29 COURS
909 206 58 28 DU
1002 196 198 36 COLLÈGE
1232 204 56 28 DE
1320 202 170 28 FRANCE

126 209 52 54 94

122 309 50 56 Je
193 323 54 27 ne
275 305 100 44 finis
399 318 93 41 pas,
517 303 182 42 sachant
719 312 85 40 que
830 305 123 33 votre
974 295 129 41 chère
1136 291 161 44 femme
1320 293 80 40 lira
1428 307 68 26 ma
1538 291 179 40 lettre...
1746 296 21 26 »
1792 280 127 44 Nous
1942 277 148 44 tradui-

126 390 104 28 sons
253 389 69 28 ces
353 377 146 50 points
521 385 53 27 en
597 370 192 50 langage
814 365 290 51 académique
1128 374 9 29 :
1166 377 19 24 «
1208 363 51 55 Je
1277 363 116 40 m'en
1416 361 150 42 soucie
1597 361 87 37 très
1703 366 102 41 peu.
1842 364 20 24 »

179 445 96 42 Une
296 440 193 56 dépêche
510 440 58 41 du
597 453 41 26 11
677 445 65 33 est
765 435 54 41 de
844 443 154 44 quatre
1021 441 116 33 mots
1164 446 7 27 :
1197 445 20 25 «
1238 431 227 42 Terminé,
1485 437 208 32 retourne
1717 427 22 37 à
1760 420 144 42 Paris.
1924 430 21 25 »

181 511 259 53 Cependant
459 521 85 28 une
572 507 124 40 lettre
719 504 201 41 dernière
949 502 178 47 suivait,
1157 500 169 42 celle-ci
1348 511 143 29 venue
1517 496 53 41 de
1592 495 168 40 France
1782 502 9 27 :
1820 502 19 23 «
1860 484 118 51 Non,
2009 496 106 28 mon

125 581 104 42 cher
249 580 103 45 ami,
390 575 249 48 disait-elle,
681 587 48 27 ce
750 570 109 44 n'est
882 584 80 40 pas
993 571 40 40 le
1082 582 63 37 10,
1170 570 113 39 mais
1306 567 38 42 le
1372 581 62 36 12,
1480 577 85 41 que
1599 575 107 28 mon
1743 557 204 53 esquisse
1985 567 23 25 a
2047 556 69 36 été

127 650 224 41 terminée.
369 646 49 56 Je
433 658 111 28 vous
563 643 245 41 raconterai
832 641 100 53 plus
950 639 94 42 tard
1062 652 81 39 par
1158 637 101 53 quel
1279 636 170 41 bizarre
1466 643 216 32 concours
1720 628 53 41 de
1792 627 324 40 circonstances

126 716 71 54 j'ai
219 717 104 39 écrit
357 714 39 40 la
433 713 202 41 dernière
673 716 130 35 scène
835 707 185 48 samedi,
1062 711 22 35 à
1119 703 268 51 Pontarlier,
1420 709 123 33 entre
1580 699 113 39 deux
1727 695 154 45 trains,
1905 691 112 40 dans
2055 703 60 27 un

127 787 107 52 petit
266 783 117 42 hôtel
407 787 99 48 près
536 782 54 39 de
631 780 41 41 la
714 789 132 42 gare;
885 775 141 43 c'était
1062 779 86 36 très
1171 780 221 33 amusant.
1416 783 21 24 »
1462 768 126 40 Ainsi
1625 764 149 42 l'hôtel
1813 756 243 46 Freienhof
2093 761 23 36 à

127 853 188 40 Thoune
334 850 69 42 n'a
428 863 79 39 pas
529 863 55 27 vu
607 848 40 40 la
667 853 165 45 genèse
854 853 94 33 tout
965 844 167 39 entière
1152 840 53 41 de
1223 846 111 33 cette
1355 849 154 30 oeuvre
1528 832 221 44 nouvelle.
1774 829 64 42 Là
1863 826 249 55 cependant

130 921 39 40 le
191 919 153 42 travail
370 918 63 41 fut
471 918 37 40 le
532 918 99 52 plus
656 915 148 41 assidu
842 921 42 32 et
918 912 39 40 le
991 910 99 53 plus
1113 907 231 54 prolongé.
1369 905 56 40 Et
1462 906 277 39 maintenant
1780 898 39 41 la
1844 895 174 56 préface
2050 902 66 33 est

130 990 146 47 écrite,
297 987 181 41 l'œuvre
498 999 135 28 ouvre
656 996 71 28 ses
750 994 153 40 pages.
929 978 63 41 La
1018 976 151 55 parole
1193 984 65 33 est
1282 977 23 38 à
1329 975 11 40 1
1357 973 198 41 Ancêtre.

1358 1072 52 42 L.
1445 1072 129 42 AUGÉ
1608 1084 56 26 DE
1696 1068 189 41 LASSUS.

396 1368 281 59 COURS
744 1366 112 60 DU
915 1347 367 76 COLLÈGE
1359 1361 99 59 DE
1518 1358 322 61 FRANCE

331 1666 388 51 ÉLÉMENTS
752 1671 92 41 DE
880 1669 445 43 GRAMMAIRE
1359 1667 391 43 MUSICALE.
1774 1690 44 5 -
1855 1665 72 43 IV.

665 1799 52 25 LE
749 1797 121 28 MODE
903 1797 169 33 MAJEUR
1106 1798 51 25 ET
1190 1796 78 27 SON
1302 1787 271 35 MÉCANISME.

514 1889 205 53 (D'après
752 1890 38 40 la
832 1889 316 52 sténographie
1176 1889 54 40 de
1265 1888 64 40 M.
1369 1886 52 43 E.
1462 1886 264 52 Dusselier).

185 2047 123 41 Nous
332 2059 136 28 avons
492 2050 106 48 posé
616 2059 59 26 un
698 2046 196 50 principe
916 2054 8 29 :
950 2044 110 40 celui
1096 2044 54 40 de
1184 2043 40 40 la
1253 2041 248 41 variabilité
1533 2042 78 39 des
1646 2040 221 40 fonctions
1895 2039 54 40 de
1972 2047 146 33 toutes

132 2117 62 38 les
216 2124 139 31 notes.
383 2113 141 40 Avant
546 2113 100 40 d'en
668 2113 169 40 étudier
857 2112 298 52 l'application
1176 2112 234 49 régulière,
1432 2124 113 26 nous
1568 2110 168 39 devons
1760 2117 224 31 constater
2007 2108 108 39 trois

132 2183 102 40 faits
260 2193 8 28 :
297 2188 38 33 i°
357 2183 63 39 les
442 2182 256 39 harmonies
728 2179 354 41 fondamentales
1107 2192 55 28 ou
1181 2179 232 52 primaires
1437 2176 200 54 (accords
1658 2178 242 39 construits
1937 2189 75 27 sur
2053 2176 64 40 les

132 2250 159 50 degrés
315 2247 31 48 I,
386 2247 55 42 IV
466 2257 40 31 et
537 2247 37 42 V
597 2248 52 39 de
683 2248 39 39 la
765 2246 197 53 gamme)
984 2247 57 39 du
1066 2247 129 40 mode
1234 2247 168 51 majeur
1423 2258 8 34 ;
1456 2251 42 33 2°
1528 2246 62 40 les
1628 2245 259 40 harmonies
1922 2244 170 52 complé-

133 2319 238 38 mentaires
393 2329 56 28 ou
470 2317 220 39 mineures
713 2314 196 49 (accords
936 2316 237 39 construits
1204 2327 74 27 sur
1312 2314 62 41 les
1398 2313 158 51 degrés
1581 2312 52 50 11,
1674 2312 54 41 111
1755 2320 42 33 et
1820 2311 75 53 VI)
1920 2325 10 35 ;
1957 2326 18 37 3
1982 2317 17 16 0
2023 2312 96 40 leur

131 2385 317 52 juxtaposition
471 2392 41 31 et
553 2383 93 40 leur
667 2382 147 41 fusion
842 2383 111 40 dans
993 2397 58 26 un
1076 2383 155 40 accord
1259 2382 180 52 spécial,
1477 2381 111 41 celui
1625 2381 52 40 de
1703 2395 19 38 7
1728 2385 15 18 e
1762 2381 54 40 de
1838 2381 277 40 dominante.

189 2451 123 41 Dans
332 2451 37 40 la
395 2453 127 45 suite,
547 2465 54 26 en
621 2452 131 39 tirant
775 2466 58 25 un
865 2451 53 40 de
941 2464 80 27 nos
1046 2459 259 42 arguments
1328 2450 53 40 de
1414 2449 38 40 la
1493 2449 237 41 différence
1762 2450 76 51 qui
1874 2453 155 48 sépare
2053 2449 63 40 les

134 2520 110 40 deux
283 2520 210 51 premiers
532 2532 192 38 groupes
766 2519 238 50 d'accords,
1041 2532 113 27 nous
1188 2531 184 28 verrons
1411 2531 84 39 que
1527 2526 121 33 toute
1681 2519 206 50 musique
1932 2526 103 43 peut
2072 2531 45 26 se

136 2601 202 26 ramener
360 2591 21 36 à
418 2587 109 40 deux
551 2587 82 40 lois
655 2585 353 42 fondamentales
1031 2597 6 24 :
1065 2587 243 54 opposition
1344 2595 40 32 et
1404 2585 251 55 adaptation
1665 2618 5 5 .
1697 2585 122 41 Pour
1841 2586 39 40 le
1904 2595 217 37 moment,

136 2654 330 41 bornons-nous
491 2658 21 35 à
538 2653 208 41 observer
776 2654 76 40 des
875 2654 101 40 faits
999 2656 90 50 qui,
1114 2668 85 39 peu
1223 2659 21 35 à
1263 2668 99 39 peu,
1390 2668 113 26 nous
1524 2654 266 40 conduiront
1818 2658 21 36 à
1865 2663 110 31 cette
2004 2654 112 40 idée.

194 2728 39 34 i°
255 2722 95 42 Une
392 2736 19 23 «
436 2723 232 39 harmonie
691 2734 19 25 »
749 2721 228 53 s'appelait
1015 2722 210 40 autrefois
1257 2736 85 27 une
1366 2723 137 40 triade
1529 2721 11 53 (
1546 2721 103 41 trias
1683 2722 250 40 harmonica
1940 2721 28 54 ).
1995 2721 126 41 Cette

135 2792 191 39 locution
346 2799 65 31 est
430 2790 228 52 employée
680 2804 54 26 au
776 2799 375 32 commencement
1173 2791 59 40 du
1260 2806 87 25 xvn
1352 2796 15 17 e
1390 2791 131 40 siècle
1552 2804 80 39 par
1667 2790 38 40 le
1744 2790 242 41 théoricien
2011 2790 88 40 alle-

135 2858 131 40 mand
301 2858 177 54 Johann
513 2856 187 53 Lippius
739 2856 15 52 (
759 2857 205 53 Synopsis
1002 2858 171 40 musicœ
1213 2873 121 26 novce
1373 2858 177 41 omnino
1573 2872 108 26 verœ
1713 2864 120 48 atqne
1869 2858 254 40 methodicce

133 2926 207 41 universœ
346 2955 8 18 ,
385 2935 116 31 etc..
552 2924 288 52 Strasbourg,
893 2926 132 50 1612).
1049 2925 117 55 J.-B.
1201 2926 130 49 Doni,
1376 2928 213 50 patricien
1634 2927 54 39 de
1733 2927 213 40 Florence
1987 2925 136 49 (mort

135 3008 54 26 en
217 2992 136 54 1647),
375 2993 189 52 emploie
586 3008 60 25 un
672 3002 92 32 mot
779 2994 100 51 plus
911 2994 211 40 moderne
1138 2994 111 40 dans
1266 2995 37 40 le
1328 2997 97 38 titre
1451 2994 132 41 d'une
1605 2995 55 40 de
1682 3008 69 27 ses
1775 2995 313 41 dissertations
2110 3006 8 28 :

133 3060 49 41 In
214 3060 146 54 quanti
381 3060 115 40 modi
515 3060 38 40 si
566 3070 123 43 possa
711 3060 206 54 praticare
940 3061 235 41 /'ACCORDO
1201 3076 223 27 PERFETTO
1449 3078 9 24 7
1463 3063 94 39 telle
1578 3063 110 41 viole
1709 3062 150 48 (Doni,
1902 3062 151 55 Opere,
2089 3063 30 47 I,

138 3128 111 54 387).
296 3129 120 40 Dans
458 3143 80 26 son
569 3128 237 41 Harmonie
837 3128 249 41 universelle
1118 3128 34 52 (i
1161 3135 34 17 er
1226 3130 107 41 livre
1364 3131 77 40 des
1480 3144 321 34 consonances,
1839 3140 118 31 etc...
2001 3135 119 48 1636,

136 3212 41 37 p.
205 3211 129 36 213...
362 3210 19 24 «
416 3210 84 38 que
524 3195 86 42 l'on
644 3197 171 51 appelle
850 3197 346 41 ordinairement
1230 3197 220 40 harmonie
1477 3199 186 56 parjaite
1693 3199 43 52 »)
1774 3198 239 43 Mersenne
2045 3199 78 42 fait

134 3265 209 40 entendre
381 3279 84 37 que
517 3273 108 32 cette
657 3266 258 51 expression
955 3266 105 39 était
1096 3265 169 41 usuelle
1308 3280 54 26 au
1404 3265 136 42 début
1578 3267 58 40 du
1681 3281 87 27 xvn
1773 3272 15 17 e
1830 3268 146 41 siècle.
2003 3267 71 42 On
2099 3282 21 27 a

136 3333 202 52 employé
360 3335 119 38 aussi
499 3333 62 40 les
580 3341 116 32 mots
717 3331 204 54 Syzygia,
946 3333 154 40 accord
1121 3333 221 40 ordinaire
1348 3364 9 19 ,
1382 3342 118 32 etc...
1525 3332 74 50 (V.
1625 3333 238 53 Riemann,
1877 3335 246 41 Geschichte

135 3401 74 39 der
230 3400 311 49 musiktheorie,
563 3415 43 38 p.
637 3415 96 36 417,
767 3404 22 36 à
823 3401 38 39 la
892 3400 141 53 note).

190 3465 283 44 L'harmonie
494 3467 329 42 fondamentale
842 3469 53 40 de
915 3470 180 51 tonique
1114 3478 66 32 est
1196 3470 39 40 le
1250 3478 146 32 centre
1420 3467 101 43 d'où
1538 3478 174 45 partent
1731 3479 40 32 et
1795 3478 56 34 où
1867 3473 256 41 reviennent
