2245 3718
697 190 117 27 DEUX
846 186 194 30 LETTRES
1078 176 205 36 INÉDITES
1318 184 56 25 DE
1407 180 187 29 BERLIOZ

151 182 53 50 84

150 282 54 40 de
224 283 134 55 Baya
386 282 163 52 rempli
571 280 52 40 de
645 280 235 39 souvenirs
900 277 241 54 virgiliens
1161 275 78 54 qui
1261 289 68 27 me
1345 283 106 32 vont
1474 285 57 27 au
1552 269 144 41 moins
1721 266 127 42 aussi
1867 265 99 40 bien
1988 277 86 41 que
2095 265 43 38 la

148 350 170 52 poudre
339 350 243 40 tumulaire
601 355 42 33 et
659 348 44 39 la
727 346 162 40 cendre
912 345 76 40 des
1004 357 271 41 empereurs.
1293 343 67 41 On
1378 343 90 40 sait
1489 353 85 42 que
1592 341 62 38 les
1675 336 259 42 caractères
1956 335 60 39 les
2034 333 104 54 plus

148 417 336 40 dissemblables
513 421 101 35 sont
634 426 114 28 ceux
770 426 74 41 qui
866 412 332 56 sympathisent
1225 412 37 39 le
1298 412 102 52 plus
1416 409 247 51 fortement
1688 411 43 35 et
1752 416 82 42 que
1872 403 121 39 deux
2015 402 122 40 êtres

147 484 236 54 organisés
411 484 276 40 absolument
710 482 54 39 de
788 482 41 38 la
852 481 140 39 même
1014 481 199 39 manière
1234 492 52 27 ne
1295 483 196 48 peuvent
1506 488 84 42 que
1610 489 22 26 s
1650 485 209 41 ennuyer
1876 469 217 43 ensemble
2120 480 17 40 ;

145 552 118 40 voilà
281 550 225 55 pourquoi
528 551 137 40 Rome
706 550 295 40 m'assomme.
1044 546 43 42 Il
1094 561 49 41 y
1174 561 26 25 ci
1227 553 97 33 tant
1364 559 51 27 en
1437 545 90 39 moi
1564 543 54 40 de
1642 543 181 52 champs
1846 538 210 55 ravagés,
2081 538 55 40 de

141 619 148 53 palais
308 619 186 50 déserts,
520 618 53 40 de
606 619 155 39 ruines
800 616 102 55 déjà
936 616 191 50 froides,
1153 627 83 41 que
1257 614 43 51 je
1317 612 185 41 cherche
1525 625 56 26 au
1623 623 144 27 moins
1800 623 57 26 au
1893 607 164 41 dehors
2095 606 39 40 le

144 694 294 42 mouvement,
464 688 42 38 la
527 686 183 40 chaleur
725 693 43 33 et
791 687 41 38 la
854 687 80 39 vie.
964 684 38 40 Il
1008 697 87 39 yci
1117 689 99 33 tant
1230 681 52 39 de
1301 683 214 37 matières
1531 678 299 52 fulminantes
1849 675 284 42 accumulées

141 767 57 26 au
220 754 110 52 fond
351 754 54 40 de
438 767 102 27 mon
580 756 231 37 caractère
832 751 216 51 refroidi,
1081 763 81 41 que
1197 761 106 28 vous
1501 759 170 40 penser
1706 745 41 40 si
1783 757 90 28 mes
1894 743 239 42 entrailles

129 823 309 53 fraternelles
458 828 74 34 ont
555 821 57 40 dû
633 835 21 27 s
673 821 227 41 émouvoir
922 832 93 28 aux
1035 820 90 38 cris
1141 816 58 40 du
1226 816 162 40 Vésuve
1404 814 231 54 souffrant
1657 820 44 34 et
1710 813 214 54 furieux.
1940 813 80 54 J'y
2035 812 96 41 suis

141 889 155 41 arrivé
314 893 25 38 à
355 890 121 53 pied,
489 889 26 40 à
536 889 162 41 minuit
715 904 8 25 :
752 891 61 38 les
833 888 159 39 étoiles
1011 884 299 42 scintillaient
1327 896 82 27 sur
1428 896 68 26 ma
1520 882 116 52 tête;
1652 881 273 41 au-dessous
1944 881 53 40 de
2021 880 105 51 moi,

141 959 43 39 la
208 971 93 27 mer
323 958 378 53 resplendissante
724 957 76 39 des
807 955 123 56 feux
962 954 76 40 des
1054 954 234 52 pêcheurs,
1313 950 209 41 semblait
1550 964 85 26 une
1668 957 122 33 vaste
1809 949 182 55 prairie
2022 962 107 28 avec

140 1039 58 27 un
221 1026 296 41 conciliabule
551 1025 54 40 de
628 1037 99 28 vers
749 1026 204 48 luisants,
979 1027 44 34 et
1057 1027 98 33 tout
1170 1020 126 52 près,
1323 1020 37 40 le
1392 1018 163 42 Vésuve
1576 1017 242 56 soufflant,
1856 1018 172 52 râlant,
2049 1030 54 28 vo-

139 1093 177 41 missait
337 1100 157 33 contre
515 1094 39 39 le
576 1093 86 40 ciel
682 1093 76 39 des
779 1089 274 42 tourbillons
1073 1087 53 40 de
1129 1086 218 55 flammes
1362 1093 42 34 et
1427 1089 52 38 de
1500 1086 158 41 roches
1666 1086 272 57 fondantes,
1962 1098 165 29 comme

137 1160 54 41 de
214 1161 206 40 brûlants
454 1161 273 53 blasphèmes
748 1158 220 53 auxquels
978 1155 40 56 f
1022 1155 339 54 applaudissais
1380 1168 106 27 avec
1506 1161 249 48 transport.
1790 1155 43 41 Il
1854 1154 147 41 serait
2022 1161 102 46 trop

139 1228 106 54 long
264 1229 54 40 de
351 1241 106 28 vous
475 1230 158 51 parler
651 1227 53 40 de
726 1233 144 34 toutes
894 1237 89 27 mes
1004 1236 266 29 excursions
1308 1224 26 39 à
1376 1225 201 53 Pompe'i,
1602 1225 25 38 à
1666 1223 91 41 l'île
1780 1223 54 41 de
1856 1223 185 51 Nisida,
2065 1223 56 40 de

136 1309 88 27 mes
254 1296 294 53 promenades
583 1308 51 28 en
654 1308 108 35 mer,
798 1294 52 39 de
873 1305 87 28 mes
992 1292 156 40 dîners
1180 1304 106 28 avec
1323 1305 93 28 mes
1455 1305 205 28 rameurs
1695 1292 111 41 dans
1831 1293 62 40 les
1933 1291 97 41 bois
2070 1291 55 40 de

137 1365 211 53 Pu\olles
371 1367 69 46 où,
464 1377 105 27 sous
606 1376 81 27 une
721 1368 113 36 tente
861 1361 53 40 de
931 1361 141 52 paille
1103 1359 54 41 de
1189 1364 128 45 maïs,
1357 1373 111 28 nous
1491 1362 241 53 mangions
1757 1361 38 40 le
1823 1361 235 40 macaroni
2080 1365 44 36 et

134 1432 201 40 sablions
358 1434 37 38 le
417 1433 70 39 vin
525 1432 58 39 du
619 1429 261 53 Pausilippe
921 1441 50 27 en
1009 1428 265 40 discourant
1311 1428 58 40 du
1403 1429 188 41 brillant
1623 1430 73 39 roi
1734 1429 176 52 Murât,
1948 1430 54 38 de
2034 1428 89 41 Vile

132 1499 172 48 d'Elbe,
331 1500 53 40 de
408 1501 41 38 la
469 1500 140 40 Corse
644 1505 43 34 et
720 1500 52 39 de
809 1512 45 26 ce
881 1499 72 51 qui
979 1496 90 41 s'en
1093 1500 102 38 suit.

184 1566 54 40 Je
268 1580 53 26 ne
348 1567 118 39 crois
489 1579 85 39 pas
600 1565 112 55 quil
731 1565 85 53 fût
832 1566 106 50 fort
966 1564 274 40 intéressant
1271 1577 120 41 pour
1414 1578 106 27 vous
1554 1564 55 40 de
1639 1564 158 42 savoir
1803 1563 187 57 jusqu'à
2014 1564 106 55 quel

122 1635 134 52 point
261 1633 52 55 je
327 1636 80 48 fus
427 1638 93 36 ému
544 1646 51 26 en
620 1639 169 45 voyant
811 1646 55 25 un
897 1634 96 38 soir
1016 1633 38 39 le
1075 1633 133 39 soleil
1233 1644 47 28 se
1302 1634 193 38 coucher
1517 1632 211 41 derrière
1755 1634 37 39 le
1816 1646 80 40 cap
1919 1633 193 52 Misène,

122 1702 197 53 pendant
335 1713 84 41 que
428 1700 59 40 du
508 1700 187 40 sublime
710 1713 207 42 paysage
932 1700 178 40 illustré
1126 1714 91 40 par
1243 1700 171 55 Virgile
1426 1701 269 41 semblaient
1710 1702 163 54 surgir
1888 1701 221 54 rajeunis,

125 1768 140 48 Enée,
287 1769 126 50 Jube,
436 1769 205 51 Latinus,
668 1768 174 49 Pallas,
867 1769 38 38 le
929 1768 80 40 bon
1032 1768 228 48 Evandre,
1280 1769 42 39 la
1358 1769 206 53 résignée
1589 1769 201 53 Lavinie,
1816 1770 220 50 Amanda,
2075 1771 39 39 le

127 1837 299 39 malheureux
451 1837 174 40 Turnus
647 1843 42 33 et
715 1843 96 33 tout
834 1837 38 39 le
901 1836 217 40 bataillon
1142 1837 53 40 de
1216 1836 130 41 héros
1362 1850 93 27 aux
1475 1837 221 54 panaches
1712 1837 211 50 flottants
1940 1839 112 40 dont
2075 1840 42 39 le

126 1905 134 52 génie
284 1903 58 39 du
362 1907 127 50 poète
504 1917 25 26 a
556 1903 164 54 peuplé
752 1916 45 27 ce
833 1903 174 54 rivage.
1036 1905 80 39 Les
1138 1910 111 34 mots
1277 1917 52 27 ne
1356 1912 193 46 peuvent
1571 1905 169 41 rendre
1763 1905 142 55 Veffet
1927 1906 103 40 d'un
2055 1907 61 40 tel

127 1972 296 54 magnétisme
438 1971 54 40 de
513 1973 248 46 souvenirs,
795 1971 53 39 de
865 1972 171 51 poésie,
1061 1973 54 38 de
1138 1973 214 50 lumière,
1374 1972 120 40 d'air
1512 1986 106 41 pur,
1658 1973 236 56 d'horizon
1915 1976 119 49 rosé,
2060 1975 55 40 de

125 2039 226 41 créations
365 2039 362 53 fantastiques...
750 2037 160 41 J'étais
932 2039 167 49 enivré,
1112 2039 51 54 je
1183 2053 69 26 me
1279 2041 146 40 serais
1455 2054 81 27 cru
1558 2041 91 40 loin
1672 2041 54 40 de
1747 2043 42 38 la
1812 2049 128 34 terre
1959 2043 42 40 si
2024 2056 90 27 mes

125 2108 164 39 larmes
308 2120 51 27 ne
385 2105 230 42 m'eussent
640 2106 181 53 rappelé
842 2119 84 40 que
955 2105 149 52 j'étais
1127 2120 157 27 encore
1324 2108 111 39 dans
1451 2108 43 40 la
1531 2112 123 38 triste
1675 2111 142 40 vallée
1841 2114 58 36 où
1935 2110 87 41 l'on
2059 2124 52 28 en

124 2174 186 54 répand.
334 2175 130 40 Ainsi
476 2173 51 56 je
550 2187 111 27 vous
692 2173 122 40 dirai
842 2173 114 40 donc
986 2174 292 53 simplement,
1300 2189 55 40 qu
1373 2179 134 49 après
1526 2177 131 40 avoir
1675 2177 179 41 admiré
1872 2181 53 38 de
1962 2186 151 34 toutes

124 2254 87 27 mes
227 2243 168 51 forces,
410 2241 181 56 jusqu'à
614 2255 51 26 en
697 2241 164 53 perdre
897 2243 41 38 la
961 2243 178 47 raison,
1160 2241 45 54 je
1225 2243 95 40 suis
1360 2246 180 52 reparti
1556 2258 118 40 pour
1712 2246 156 49 Rome,
1895 2253 21 35 à
1940 2249 118 52 pied,
2083 2248 26 40 à

123 2314 176 35 travers
319 2310 62 39 les
414 2316 283 45 montagnes,
720 2309 216 38 couchant
971 2309 41 38 la
1035 2309 97 38 nuit
1153 2308 113 41 dans
1285 2309 75 40 des
1385 2311 217 52 capitales
1625 2311 55 40 de
1699 2312 183 42 bandits
1921 2321 41 33 et
1991 2328 91 27 mar-

123 2378 129 39 chant
273 2378 38 39 le
322 2377 116 55 jour
468 2376 110 40 dans
607 2375 77 41 des
708 2376 73 40 lits
799 2376 53 39 de
877 2382 196 34 torrents
1091 2389 54 27 ou
1166 2376 53 41 de
1242 2384 144 34 vastes
1406 2378 201 53 prairies
1630 2393 106 27 sans
1754 2381 172 41 chemin
1939 2382 164 52 frayé.

124 2446 59 39 Le
203 2445 211 52 septième
424 2443 116 55 jour
545 2442 52 55 je
614 2444 92 39 suis
719 2443 154 40 arrivé
894 2445 26 38 à
942 2444 215 51 Subiaco,
1183 2448 54 36 où
1246 2444 92 54 j'ai
1357 2448 158 38 trouvé
1534 2460 57 27 un
1616 2450 242 40 camarade
1880 2450 54 41 de
1954 2451 123 40 l'Aca-

120 2513 144 39 démie
285 2513 77 53 qui
384 2512 84 39 m'a
501 2510 134 54 prêté
656 2511 57 40 du
736 2511 139 53 linge,
897 2511 103 40 dont
1014 2511 169 55 j'avais
1204 2514 153 52 grand
1378 2514 169 52 besoin,
1572 2523 43 33 et
1630 2520 135 50 après
1788 2518 311 55 vingt-quatre

118 2580 159 41 heures
297 2580 55 40 de
372 2592 131 42 repos
513 2578 91 55 j'ai
625 2580 147 52 repris
794 2592 69 27 ma
902 2591 157 29 course
1091 2592 101 29 vers
1217 2582 155 40 Tivoli
1408 2589 43 33 et
1473 2584 153 50 Rome,
1653 2588 55 37 où
1720 2584 54 55 je
1806 2587 97 41 suis
1936 2588 159 41 arrivé

117 2660 106 28 sans
244 2646 249 42 encombre.

170 2716 53 40 Je
238 2728 54 28 ne
315 2728 107 28 vous
435 2714 214 54 parlerai
673 2727 87 40 pas
779 2714 53 40 de
854 2728 92 27 mes
969 2715 307 43 observations
1298 2720 254 50 musicales,
1580 2720 111 41 elles
1710 2728 99 35 sont
1830 2728 147 37 toutes
1996 2738 81 28 con-

115 2784 180 54 signées
317 2783 109 40 dans
459 2795 56 27 un
545 2782 151 54 grand
736 2782 163 40 article
931 2784 75 52 qui
1026 2784 83 40 m'a
1133 2784 69 40 été
1236 2785 222 43 demandé
1474 2788 54 41 de
1564 2789 140 41 Paris
1736 2803 119 41 pour
1881 2792 44 40 la
1948 2791 155 45 Revue

115 2850 292 56 Européenne
429 2850 72 55 ;je
524 2850 189 40 l'achève
730 2863 52 27 en
800 2863 47 27 ce
870 2858 188 34 moment
1080 2858 43 34 et
1142 2865 107 28 vous
1263 2867 193 44 pourrez
1479 2858 40 39 le
1543 2857 85 41 lire
1645 2866 137 33 avant
1801 2873 100 28 mon
1925 2869 174 36 retour.

169 2920 54 40 Je
239 2920 205 52 partirai
463 2917 108 41 d'ici
600 2932 56 26 au
681 2920 110 39 mois
811 2918 54 40 de
888 2919 91 39 mai
996 2920 236 53 prochain,
1257 2935 69 28 me
1362 2923 237 56 dirigeant
1635 2939 82 27 sur
1753 2928 153 42 Milan
1937 2944 83 40 que
2049 2931 54 55 je

115 2987 90 40 n'ai
215 3000 84 41 pas
320 2999 157 28 encore
510 2999 69 39 vu,
604 2986 54 41 de
691 2987 43 39 là
748 2987 103 52 plus
871 2986 105 41 tard
997 2999 82 28 sur
1108 2988 151 51 Paris,
1293 2991 53 39 où
1357 2990 137 55 j'irai
1517 2992 127 54 faire
1667 3008 71 27 ma
1762 2999 246 52 cargaison
2048 2997 54 44 de

115 3056 198 53 musique
332 3061 43 34 et
394 3053 149 42 lâcher
563 3054 121 41 deux
717 3067 55 28 ou
795 3054 113 41 trois
932 3052 188 43 bordées
1150 3059 174 39 vocales
1347 3066 41 33 et
1406 3060 375 45 instrumentales
1802 3072 136 35 avant
1961 3067 54 40 de
2033 3081 69 28 me

115 3122 156 41 lancer
284 3136 78 27 sur
383 3122 168 41 l'océan
574 3122 190 41 musical
785 3122 54 41 de
859 3123 44 40 la
924 3123 257 41 Germanie.

173 3190 114 50 Quel
304 3190 166 55 plaisir
480 3189 49 54 je
550 3203 66 27 me
633 3197 198 48 promets
851 3191 54 40 de
927 3191 154 40 revoir
1102 3205 98 27 mon
1231 3194 219 41 excellent
1470 3196 161 42 maître
1655 3206 45 34 et
1722 3213 122 40 vous,
1866 3202 231 54 Madame,

113 3259 77 52 qui
210 3271 100 42 ave\
344 3258 122 40 droit
498 3260 26 37 à
558 3264 96 35 tant
694 3258 258 57 d'affection
983 3259 55 40 de
1066 3270 73 29 ma
1173 3267 109 46 part
1300 3262 15 38 l
1578 3279 188 29 assurer
1790 3270 65 41 M.
1895 3273 205 41 Lesueur

111 3339 82 40 que
223 3339 92 28 mes
337 3325 155 57 efforts
511 3339 53 28 ne
583 3339 47 28 se
652 3327 291 40 ralentissent
958 3340 85 40 pas
1061 3340 119 41 pour
1200 3341 66 27 me
1289 3330 165 41 rendre
1487 3332 55 40 de
1552 3333 109 53 plus
1689 3348 51 27 en
1759 3339 106 52 plus
1887 3340 137 55 digne
2044 3342 53 40 de

113 3394 42 39 la
187 3393 168 41 sienne.

158 3462 51 51 Je
233 3461 216 41 demande
480 3461 97 42 bien
594 3462 178 54 pardon
794 3462 26 41 à
845 3463 388 43 Mesdemoiselles
1267 3466 210 54 Eugénie
1511 3475 43 35 et
1584 3470 297 56 Clémentine,
1908 3480 114 39 mais
2045 3480 41 40 le
