2245 3718
668 203 118 27 DEUX
819 202 197 26 LETTRES
1052 194 208 36 INÉDITES
1296 204 56 26 DE
1385 204 189 28 BERLIOZ

2070 198 56 44 87

181 295 127 40 Dans
328 295 40 39 le
387 307 74 27 cas
490 293 56 41 où
577 305 46 28 ce
656 308 103 26 ranz
788 292 194 53 plairait
1016 292 26 39 à
1080 291 390 43 Mesdemoiselles
1504 295 218 50 Lesueur,
1748 297 121 40 voici
1894 298 61 40 les
1973 307 155 33 autres

131 364 207 53 couplets
374 362 142 55 (aussi
550 361 55 41 de
644 362 43 40 la
726 360 298 55 composition
1056 359 58 42 du
1140 361 201 55 paysan)
1366 375 14 27 :

583 482 45 28 2°

249 546 83 40 Dès
351 559 75 38 que
442 546 146 51 paraît
611 547 38 37 la
670 545 191 50 lumière,

247 610 50 37 Je
319 609 88 38 vais
428 610 167 37 chasser
619 609 35 37 le
676 609 183 37 chamois
877 623 13 28 ;

249 672 63 36 De
334 683 66 25 ma
414 672 161 52 femme
596 672 37 36 la
652 669 147 53 prière

247 735 64 36 Ne
325 741 100 43 peut
444 734 185 51 changer
647 746 65 25 ma
736 732 209 48 carrière;

245 795 50 38 Je
315 795 58 37 lui
391 795 63 37 dis
475 807 75 38 que
574 797 101 36 dans
698 803 86 30 tout
807 796 80 37 lieu

249 858 86 38 Sur
357 869 99 26 nous
478 858 124 38 veille
625 861 36 35 le
677 859 142 51 grand
841 859 107 37 Dieu
974 858 110 50 (bis).

1621 473 49 37 3c

1292 548 61 37 Là
1377 548 50 37 où
1450 547 37 38 le
1505 548 94 51 plus
1617 549 203 50 intrépide

1295 609 152 38 Craint
1468 610 49 37 de
1544 611 165 51 diriger
1729 624 63 27 ses
1813 625 92 37 pas,

1293 672 99 46 Moi,
1413 681 179 40 prenant
1610 673 36 37 le
1668 674 79 38 ciel
1761 686 107 38 pour
1888 677 141 49 guide,

1291 734 87 37 Nul
1398 734 163 51 danger
1586 748 48 24 ne
1654 748 37 24 in
1711 736 189 40 intimide
1919 750 10 25 :

1293 797 109 36 Sans
1422 797 149 47 soucis,
1604 799 35 36 le
1674 810 111 26 cœur
1806 809 174 37 content,

1289 860 50 37 Je
1351 860 197 52 franchis
1573 872 69 26 roc
1665 868 38 30 et
1722 867 158 33 torrent
1902 863 109 49 (bis).

172 1009 52 42 M
226 1008 38 25 Ue
287 1008 280 43 Clémentine
581 1008 165 55 priera
772 1009 64 43 M.
861 1011 205 40 Lesueur
1088 1010 194 42 d'écrire
1306 1024 56 27 un
1385 1018 433 48 accompagnement
1837 1012 53 41 de
1909 1012 140 53 piano
2071 1026 58 27 au

124 1077 211 42 chasseur
355 1077 55 42 de
442 1077 207 42 chamois
661 1091 122 42 pour
813 1077 128 54 faire
979 1091 58 28 un
1068 1092 89 41 peu
1181 1078 232 42 diversion
1437 1082 26 38 à
1484 1079 280 55 Ma\aniello
1787 1087 44 35 et
1850 1082 25 40 à
1902 1086 143 36 toutes
2069 1082 61 39 les

125 1145 225 56 musiques
364 1147 233 53 pointues.

181 1214 122 41 Mais
313 1214 53 56 je
387 1228 39 26 m
443 1216 208 53 aperçois
670 1228 83 42 que
769 1216 43 40 la
837 1221 125 36 terre
982 1228 67 29 me
1064 1228 192 44 manque
1275 1230 12 28 :
1307 1218 32 40 il
1345 1216 116 57 faut
1475 1216 115 42 donc
1592 1216 137 56 faire
1743 1218 44 40 la
1809 1217 191 41 cadence
2013 1230 84 42 par-

118 1282 136 53 faite,
278 1284 80 54 qui
381 1296 65 28 me
466 1283 175 54 déplaît
663 1296 52 28 en
736 1297 49 28 ce
806 1289 196 37 moment
1018 1285 101 54 plus
1133 1298 85 42 que
1221 1284 191 57 jamais,
1437 1292 45 36 et
1501 1298 107 29 vous
1615 1286 133 54 prier
1764 1286 54 40 de
1838 1286 204 42 recevoir
2065 1287 63 40 les

121 1352 276 41 salutations
418 1351 303 57 affectueuses
753 1352 54 42 de
830 1360 126 35 votre
976 1360 99 34 tout
1103 1353 184 53 dévoué,

1613 1448 66 42 H.
1714 1446 302 44 BERLIOZ.

177 1701 151 47 Légion
352 1701 243 37 d'honneur.

710 1694 64 42 M.
812 1695 139 42 Louis
975 1696 140 48 Mors,
1150 1697 236 49 ingénieur
1407 1697 118 47 civil,
1552 1698 156 38 ancien
1739 1697 123 39 élève
1890 1696 53 40 de
1964 1695 165 41 l'Ecole

129 1765 207 49 centrale,
361 1773 66 31 est
449 1768 181 37 nommé
661 1764 221 41 chevalier
905 1765 53 40 de
992 1765 37 40 la
1051 1763 174 52 Légion
1247 1765 266 40 d'honneur.
1551 1763 126 42 Nous
1720 1766 326 51 manquerions
2075 1765 53 40 de

124 1838 285 47 compétence
425 1845 114 39 pour
561 1834 227 50 apprécier
811 1834 53 38 ici
888 1832 64 41 les
974 1842 182 31 travaux
1189 1834 251 49 originaux,
1466 1833 111 40 dans
1601 1833 39 39 le
1672 1833 210 40 domaine
1914 1833 54 40 de
1988 1833 119 40 l'élec-

124 1902 140 40 tricité
285 1909 40 32 et
341 1900 55 41 de
415 1900 38 40 la
480 1902 279 50 mécanique,
774 1902 75 50 qui
868 1910 75 32 ont
960 1903 165 38 motivé
1145 1913 85 28 une
1247 1901 256 41 distinction
1522 1902 35 39 si
1573 1900 209 42 brillante
1804 1910 41 32 et
1863 1904 35 37 si
1917 1903 181 39 méritée
2117 1912 9 37 ;

122 1979 42 31 et
188 1982 113 28 nous
324 1982 55 27 ne
411 1981 205 39 pouvons
651 1982 85 38 que
760 1971 282 39 mentionner
1077 1970 40 39 la
1155 1971 196 39 création
1373 1967 106 43 d'un
1502 1969 271 41 laboratoire
1795 1970 173 40 destiné
1994 1973 22 37 à
2046 1970 78 39 des

124 2037 257 42 recherches
404 2050 76 27 sur
495 2034 40 42 la
555 2038 215 49 guérison
790 2037 53 40 de
868 2037 38 40 la
941 2036 289 42 tuberculose
1252 2046 41 32 et
1312 2038 59 40 du
1394 2051 172 27 cancer.
1592 2038 122 40 Pour
1746 2052 131 34 nous,
1900 2037 44 41 M
1987 2036 139 42 Louis

122 2106 126 41 Mors
273 2115 65 31 est
361 2114 41 32 et
423 2115 163 31 restera
607 2105 39 40 le
667 2107 217 39 musicien
908 2107 92 51 qui,
1022 2106 210 40 réalisant
1246 2121 58 25 un
1325 2111 186 47 progrès
1531 2106 159 40 décisif
1705 2115 41 32 et
1769 2106 164 41 faisant
1951 2106 178 41 aboutir

125 2175 54 40 de
202 2180 87 35 très
311 2173 133 51 longs
466 2172 168 52 efforts,
672 2188 22 25 a
719 2174 215 40 introduit
963 2173 229 42 l'Histoire
1227 2175 53 39 de
1298 2174 40 40 la
1372 2175 209 52 musique
1604 2175 112 40 dans
1740 2174 388 51 l'Enseignement

118 2245 251 50 supérieur,
387 2255 54 27 en
465 2246 150 36 créant
634 2255 87 27 une
743 2243 163 44 chaire,
934 2257 56 26 au
1028 2241 187 52 Collège
1247 2243 55 40 de
1334 2243 185 50 France,
1548 2257 20 24 «
1592 2256 114 39 pour
1728 2243 97 40 l'art
1860 2243 188 40 musical
2075 2256 42 28 ».

123 2311 63 40 Ce
219 2312 182 45 service,
427 2309 281 54 scientifique
731 2320 40 31 et
792 2311 217 47 national,
1045 2320 67 32 est
1137 2313 153 39 inscrit
1325 2325 55 26 en
1404 2312 150 39 lettres
1568 2311 96 40 d'or
1686 2324 76 27 sur
1790 2311 38 40 la
1867 2311 163 52 plaque
2073 2311 53 39 de

120 2379 178 41 marbre
322 2386 56 34 où
399 2379 38 40 le
462 2378 186 51 Collège
675 2379 54 41 de
760 2379 167 41 France
950 2380 140 50 garde
1112 2390 41 30 et
1177 2384 229 49 perpétue,
1432 2379 159 53 depuis
1615 2379 38 40 le
1670 2394 68 25 xvi
1743 2384 16 17 e
1778 2379 148 47 siècle,
1954 2379 39 40 le
2024 2392 77 27 sou-

120 2451 124 39 venir
263 2448 52 40 de
339 2461 69 27 ses
428 2448 243 40 donateurs
696 2459 9 37 ;
748 2448 28 40 il
795 2463 21 25 a
841 2462 114 38 pour
976 2462 114 27 nous
1112 2462 87 27 une
1228 2448 155 40 valeur
1406 2448 207 53 spéciale,
1636 2448 39 40 le
1698 2448 218 40 directeur
1938 2448 53 40 de
2015 2455 109 33 cette

123 2517 142 41 Revue
287 2530 54 28 en
365 2525 134 43 ayant
518 2520 69 37 été
610 2516 39 40 le
668 2518 194 50 premier
880 2515 300 42 bénéficiaire.
1206 2514 127 44 Nous
1354 2516 169 41 faisons
1540 2530 155 38 passer
1714 2516 38 40 la
1768 2518 207 50 musique
1990 2525 132 31 avant

121 2594 96 32 tout
234 2585 39 40 le
293 2593 129 32 reste,
445 2586 113 38 mais
575 2598 115 27 nous
713 2593 193 32 mettons
926 2586 63 40 les
1011 2586 120 40 idées
1148 2594 40 32 et
1212 2586 63 40 les
1299 2587 223 51 principes
1540 2586 238 40 au-dessus
1798 2585 77 40 des
1893 2586 231 50 questions

120 2654 53 40 de
196 2666 247 40 personnes
468 2664 10 37 ;
503 2665 113 28 nous
640 2666 54 26 ne
712 2666 195 28 sommes
925 2654 114 40 donc
1071 2654 247 41 nullement
1341 2654 139 50 gênés
1503 2667 113 39 pour
1639 2652 123 42 offrir
1783 2666 84 28 nos
1885 2653 100 52 plus
2027 2666 72 26 cor-

119 2722 140 40 diales
282 2720 286 41 félicitations
593 2725 21 35 à
639 2720 213 41 l'homme
874 2721 54 41 de
963 2721 121 49 bien,
1106 2724 36 39 si
1164 2731 174 42 savant,
1367 2724 35 38 si
1430 2721 249 42 honorable
1701 2730 40 32 et
1762 2723 35 39 si
1828 2721 160 53 simple
2023 2725 21 35 à
2081 2721 38 39 la

118 2789 104 50 fois,
240 2791 92 51 qui,
364 2798 95 32 tout
483 2803 55 26 en
558 2789 214 41 cultivant
792 2789 233 42 utilement
1048 2790 63 41 les
1145 2792 212 49 sciences,
1385 2805 21 25 a
1446 2790 149 40 donné
1614 2790 53 39 de
1691 2792 33 37 si
1749 2790 203 51 précieux
1982 2801 139 37 gages

120 2862 21 36 à
173 2859 39 40 la
228 2871 130 27 cause
381 2857 55 41 de
463 2855 107 44 l'Art
593 2861 8 37 !

257 2969 114 41 MM.
393 2968 101 55 Guy
515 2970 213 53 Ropartz,
749 2972 302 50 compositeur
1069 2972 54 40 de
1146 2974 208 50 musique
1383 2981 40 31 et
1446 2972 219 40 directeur
1694 2971 57 40 du
1776 2968 343 42 Conservatoire

118 3038 54 40 de
207 3036 171 56 Nancy,
419 3047 41 32 et
492 3038 238 49 Constant,
775 3038 168 49 Pierre,
985 3039 231 41 sous-chef
1252 3041 58 39 du
1362 3042 256 39 secrétariat
1656 3040 58 39 du
1756 3037 361 50 Conservatoire,

119 3104 193 53 figurent
346 3108 122 40 aussi
490 3108 112 40 dans
626 3108 40 40 la
691 3108 208 40 nouvelle
924 3109 255 51 promotion
1203 3109 53 40 de
1280 3109 246 40 chevaliers
1549 3108 109 40 delà
1682 3106 174 51 Légion
1870 3106 248 40 d'honneur

118 3174 107 40 dont
249 3175 63 40 les
351 3189 131 26 noms
507 3184 76 32 ont
607 3190 110 38 paru
738 3180 21 35 à
793 3175 25 40 Y
826 3174 184 55 Officiel.

172 3241 87 41 Les
291 3244 167 49 grands
480 3253 200 32 concerts
697 3245 55 39 de
767 3243 128 42 Paris
914 3254 75 31 ont
1007 3242 78 43 fait
1108 3250 229 36 connaître
1354 3243 62 41 M.
1444 3243 99 54 Guy
1569 3243 194 53 Ropartz
1789 3257 55 26 au
1868 3242 149 52 public
2039 3256 52 38 pa-

119 3311 149 38 risien.
295 3309 220 42 Musicien
536 3312 54 40 de
614 3311 151 49 talent,
788 3312 29 40 il
859 3327 22 26 a
920 3326 51 27 su
995 3318 120 35 créer
1234 3322 41 32 et
1311 3313 103 40 c'est
1451 3313 39 39 là
1524 3325 81 27 son
1637 3311 219 53 principal
1892 3311 153 39 mérite

119 3375 62 39 les
205 3374 217 43 Concerts
451 3378 355 53 symphoniques
830 3381 75 50 qui
928 3388 76 32 ont
1027 3379 78 42 fait
1125 3381 53 39 de
1199 3379 155 54 Nancy
1395 3396 60 25 un
1477 3379 216 42 véritable
1715 3388 148 32 centre
1885 3379 231 50 artistique

119 3448 56 34 où
198 3443 62 40 les
283 3445 167 48 grands
473 3445 266 53 classiques,
759 3447 120 40 Bach
905 3457 93 32 tout
1023 3449 421 51 particulièrement,
1467 3463 54 26 ne
1538 3457 101 32 sont
1660 3461 81 39 pas
1762 3449 142 38 moins
1922 3446 191 39 honorés

122 3523 84 36 que
230 3510 62 40 les
319 3516 180 37 maîtres
523 3515 251 40 modernes.
