<?xml version="1.0" encoding="UTF-8"?>
<alto xmlns:xsi="http://www.w3.org/2001/XMLSchema-instance" xmlns="http://www.loc.gov/standards/alto/ns-v2#" xsi:schemaLocation="http://www.loc.gov/standards/alto/ns-v2# http://www.loc.gov/standards/alto/alto-v2.0.xsd" xmlns:xlink="http://www.w3.org/1999/xlink">
	<Description>
		<MeasurementUnit>mm10</MeasurementUnit>
		<sourceImageInformation>
			<fileName>//fileserver7/IN2-2/Princeton/bmtnabj/1906/02/15_01/00000113.tif</fileName>
		</sourceImageInformation>
		<OCRProcessing ID="OCRPROCESSING_1">
			<preProcessingStep>
				<processingSoftware>
					<softwareCreator>CCS Content Conversion Specialists GmbH, Germany</softwareCreator>
					<softwareName>CCS docWorks</softwareName>
					<softwareVersion>6.7-1.20</softwareVersion>
				</processingSoftware>
			</preProcessingStep>
			<ocrProcessingStep>
				<processingSoftware>
					<softwareCreator>ABBYY (BIT Software), Russia</softwareCreator>
					<softwareName>FineReader</softwareName>
					<softwareVersion>10.0</softwareVersion>
				</processingSoftware>
			</ocrProcessingStep>
		</OCRProcessing>
	</Description>
	<Styles>
		<TextStyle ID="TXT_0" FONTSIZE="10" FONTFAMILY="Times New Roman" FONTSTYLE="bold"/>
		<TextStyle ID="TXT_1" FONTSIZE="13" FONTFAMILY="Times New Roman"/>
		<TextStyle ID="TXT_2" FONTSIZE="14" FONTFAMILY="Times New Roman"/>
		<TextStyle ID="TXT_3" FONTSIZE="14" FONTFAMILY="Times New Roman" FONTSTYLE="italics"/>
		<ParagraphStyle ID="PAR_CENTER" ALIGN="Center"/>
		<ParagraphStyle ID="PAR_RIGHT" ALIGN="Right"/>
		<ParagraphStyle ID="PAR_BLOCK" ALIGN="Block"/>
	</Styles>
	<Layout>
		<Page ID="P11" PHYSICAL_IMG_NR="11" HEIGHT="3718" WIDTH="2245" PRINTED_IMG_NR="93" PC="0.939">
			<TopMargin ID="P11_TM00001" HPOS="0" VPOS="0" WIDTH="2245" HEIGHT="234">
				<TextBlock ID="P11_TB00001" HPOS="725" VPOS="171" WIDTH="796" HEIGHT="43" STYLEREFS="TXT_0 PAR_CENTER">
					<TextLine ID="P11_TL00001" HPOS="725" VPOS="173" WIDTH="796" HEIGHT="41">
						<String ID="P11_ST00001" HPOS="725" VPOS="188" WIDTH="76" HEIGHT="26" CONTENT="LES" WC="0.97" CC="600"/>
						<SP ID="P11_SP00001" HPOS="801" VPOS="214" WIDTH="35"/>
						<String ID="P11_ST00002" HPOS="836" VPOS="187" WIDTH="205" HEIGHT="26" CONTENT="AUTEURS" WC="0.98" CC="4701705"/>
						<SP ID="P11_SP00002" HPOS="1041" VPOS="214" WIDTH="36"/>
						<String ID="P11_ST00003" HPOS="1077" VPOS="187" WIDTH="55" HEIGHT="25" CONTENT="DE" WC="0.86" CC="20"/>
						<SP ID="P11_SP00003" HPOS="1132" VPOS="214" WIDTH="37"/>
						<String ID="P11_ST00004" HPOS="1169" VPOS="186" WIDTH="18" HEIGHT="24" CONTENT="((" WC="0.34" CC="67"/>
						<SP ID="P11_SP00004" HPOS="1187" VPOS="214" WIDTH="36"/>
						<String ID="P11_ST00005" HPOS="1223" VPOS="173" WIDTH="244" HEIGHT="40" CONTENT="L'ANCÊTRE" WC="0.81" CC="040306100"/>
						<SP ID="P11_SP00005" HPOS="1467" VPOS="214" WIDTH="34"/>
						<String ID="P11_ST00006" HPOS="1501" VPOS="186" WIDTH="20" HEIGHT="24" CONTENT="»" WC="0.50" CC="4"/>
					</TextLine>
				</TextBlock>
				<TextBlock ID="P11_TB00002" HPOS="2064" VPOS="196" WIDTH="49" HEIGHT="36" STYLEREFS="TXT_1 PAR_RIGHT">
					<TextLine ID="P11_TL00002" HPOS="2065" VPOS="196" WIDTH="47" HEIGHT="36">
						<String ID="P11_ST00007" HPOS="2065" VPOS="196" WIDTH="47" HEIGHT="36" CONTENT="93" WC="0.16" CC="69"/>
					</TextLine>
				</TextBlock>
			</TopMargin>
			<LeftMargin ID="P11_LM00001" HPOS="0" VPOS="234" WIDTH="127" HEIGHT="3314"/>
			<RightMargin ID="P11_RM00001" HPOS="2130" VPOS="234" WIDTH="115" HEIGHT="3314"/>
			<BottomMargin ID="P11_BM00001" HPOS="0" VPOS="3548" WIDTH="2245" HEIGHT="170"/>
			<PrintSpace ID="P11_PS00001" HPOS="127" VPOS="234" WIDTH="2003" HEIGHT="3314">
				<TextBlock ID="P11_TB00003" HPOS="127" VPOS="274" WIDTH="2003" HEIGHT="3274" STYLEREFS="TXT_2 PAR_BLOCK">
					<TextLine ID="P11_TL00003" HPOS="129" VPOS="274" WIDTH="1990" HEIGHT="60">
						<String ID="P11_ST00008" HPOS="129" VPOS="285" WIDTH="301" HEIGHT="44" CONTENT="Saint-Saëns" WC="0.62" CC="05066405660"/>
						<SP ID="P11_SP00006" HPOS="430" VPOS="329" WIDTH="22"/>
						<String ID="P11_ST00009" HPOS="452" VPOS="292" WIDTH="65" HEIGHT="32" CONTENT="est" WC="0.98" CC="006"/>
						<SP ID="P11_SP00007" HPOS="517" VPOS="329" WIDTH="17"/>
						<String ID="P11_ST00010" HPOS="534" VPOS="294" WIDTH="170" HEIGHT="40" CONTENT="apparu" WC="0.97" CC="603665"/>
						<SP ID="P11_SP00008" HPOS="704" VPOS="334" WIDTH="22"/>
						<String ID="P11_ST00011" HPOS="726" VPOS="292" WIDTH="75" HEIGHT="26" CONTENT="sur" WC="0.94" CC="365"/>
						<SP ID="P11_SP00009" HPOS="801" VPOS="334" WIDTH="23"/>
						<String ID="P11_ST00012" HPOS="824" VPOS="277" WIDTH="38" HEIGHT="40" CONTENT="la" WC="1.00" CC="00"/>
						<SP ID="P11_SP00010" HPOS="862" VPOS="334" WIDTH="26"/>
						<String ID="P11_ST00013" HPOS="888" VPOS="275" WIDTH="111" HEIGHT="41" CONTENT="Côte" WC="0.96" CC="5560"/>
						<SP ID="P11_SP00011" HPOS="999" VPOS="334" WIDTH="24"/>
						<String ID="P11_ST00014" HPOS="1023" VPOS="274" WIDTH="166" HEIGHT="51" CONTENT="d'azur," WC="0.99" CC="5400004"/>
						<SP ID="P11_SP00012" HPOS="1189" VPOS="334" WIDTH="22"/>
						<String ID="P11_ST00015" HPOS="1211" VPOS="284" WIDTH="40" HEIGHT="31" CONTENT="et" WC="0.70" CC="05"/>
						<SP ID="P11_SP00013" HPOS="1251" VPOS="334" WIDTH="24"/>
						<String ID="P11_ST00016" HPOS="1275" VPOS="289" WIDTH="80" HEIGHT="26" CONTENT="son" WC="0.96" CC="505"/>
						<SP ID="P11_SP00014" HPOS="1355" VPOS="334" WIDTH="22"/>
						<String ID="P11_ST00017" HPOS="1377" VPOS="275" WIDTH="162" HEIGHT="40" CONTENT="Hélène" WC="0.99" CC="320031" STYLEREFS="TXT_3"/>
						<String ID="P11_ST00018" HPOS="1545" VPOS="307" WIDTH="10" HEIGHT="19" CONTENT="," WC="0.57" CC="4"/>
						<SP ID="P11_SP00015" HPOS="1555" VPOS="334" WIDTH="20"/>
						<String ID="P11_ST00019" HPOS="1575" VPOS="277" WIDTH="236" HEIGHT="40" CONTENT="conseillée" WC="0.99" CC="0060003080"/>
						<SP ID="P11_SP00016" HPOS="1811" VPOS="334" WIDTH="20"/>
						<String ID="P11_ST00020" HPOS="1831" VPOS="279" WIDTH="52" HEIGHT="38" CONTENT="de" WC="0.58" CC="25"/>
						<SP ID="P11_SP00017" HPOS="1883" VPOS="334" WIDTH="23"/>
						<String ID="P11_ST00021" HPOS="1906" VPOS="278" WIDTH="166" HEIGHT="48" CONTENT="Vénus," WC="0.99" CC="090101"/>
						<SP ID="P11_SP00018" HPOS="2072" VPOS="334" WIDTH="27"/>
						<String ID="P11_ST00022" HPOS="2099" VPOS="295" WIDTH="20" HEIGHT="24" CONTENT="a" WC="1.00" CC="0"/>
					</TextLine>
					<TextLine ID="P11_TL00004" HPOS="130" VPOS="343" WIDTH="1994" HEIGHT="62">
						<String ID="P11_ST00023" HPOS="130" VPOS="357" WIDTH="122" HEIGHT="48" CONTENT="surgi" WC="0.99" CC="00071"/>
						<SP ID="P11_SP00019" HPOS="252" VPOS="405" WIDTH="21"/>
						<String ID="P11_ST00024" HPOS="273" VPOS="355" WIDTH="58" HEIGHT="49" CONTENT="là," WC="0.94" CC="554"/>
						<SP ID="P11_SP00020" HPOS="331" VPOS="405" WIDTH="22"/>
						<String ID="P11_ST00025" HPOS="353" VPOS="365" WIDTH="172" HEIGHT="29" CONTENT="comme" WC="1.00" CC="00000"/>
						<SP ID="P11_SP00021" HPOS="525" VPOS="405" WIDTH="23"/>
						<String ID="P11_ST00026" HPOS="548" VPOS="350" WIDTH="52" HEIGHT="40" CONTENT="de" WC="1.00" CC="00"/>
						<SP ID="P11_SP00022" HPOS="600" VPOS="405" WIDTH="24"/>
						<String ID="P11_ST00027" HPOS="624" VPOS="347" WIDTH="146" HEIGHT="41" CONTENT="l'onde" WC="0.99" CC="401500"/>
						<SP ID="P11_SP00023" HPOS="770" VPOS="405" WIDTH="25"/>
						<String ID="P11_ST00028" HPOS="795" VPOS="350" WIDTH="163" HEIGHT="35" CONTENT="amère." WC="0.81" CC="007004"/>
						<SP ID="P11_SP00024" HPOS="958" VPOS="405" WIDTH="27"/>
						<String ID="P11_ST00029" HPOS="985" VPOS="343" WIDTH="31" HEIGHT="41" CONTENT="Il" WC="0.63" CC="42"/>
						<SP ID="P11_SP00025" HPOS="1016" VPOS="405" WIDTH="25"/>
						<String ID="P11_ST00030" HPOS="1041" VPOS="353" WIDTH="167" HEIGHT="31" CONTENT="revient" WC="1.00" CC="0000002"/>
						<SP ID="P11_SP00026" HPOS="1208" VPOS="405" WIDTH="22"/>
						<String ID="P11_ST00031" HPOS="1230" VPOS="359" WIDTH="75" HEIGHT="25" CONTENT="sur" WC="0.98" CC="600"/>
						<SP ID="P11_SP00027" HPOS="1305" VPOS="405" WIDTH="21"/>
						<String ID="P11_ST00032" HPOS="1326" VPOS="358" WIDTH="71" HEIGHT="26" CONTENT="ces" WC="0.99" CC="002"/>
						<SP ID="P11_SP00028" HPOS="1397" VPOS="405" WIDTH="33"/>
						<String ID="P11_ST00033" HPOS="1430" VPOS="348" WIDTH="167" HEIGHT="37" CONTENT="mêmes" WC="0.99" CC="06000"/>
						<SP ID="P11_SP00029" HPOS="1597" VPOS="405" WIDTH="21"/>
						<String ID="P11_ST00034" HPOS="1618" VPOS="347" WIDTH="198" HEIGHT="48" CONTENT="rivages;" WC="0.99" CC="04309002"/>
						<SP ID="P11_SP00030" HPOS="1816" VPOS="405" WIDTH="35"/>
						<String ID="P11_ST00035" HPOS="1851" VPOS="355" WIDTH="40" HEIGHT="30" CONTENT="et" WC="0.69" CC="06"/>
						<SP ID="P11_SP00031" HPOS="1891" VPOS="405" WIDTH="23"/>
						<String ID="P11_ST00036" HPOS="1914" VPOS="347" WIDTH="23" HEIGHT="38" CONTENT="Y" WC="0.16" CC="8" STYLEREFS="TXT_3"/>
						<SP ID="P11_SP00032" HPOS="1937" VPOS="405" WIDTH="6"/>
						<String ID="P11_ST00037" HPOS="1943" VPOS="347" WIDTH="181" HEIGHT="40" CONTENT="Ancêtre" WC="0.97" CC="2745764" STYLEREFS="TXT_3"/>
					</TextLine>
					<TextLine ID="P11_TL00005" HPOS="127" VPOS="412" WIDTH="1996" HEIGHT="64">
						<String ID="P11_ST00038" HPOS="127" VPOS="438" WIDTH="98" HEIGHT="38" CONTENT="yva" WC="0.94" CC="500"/>
						<SP ID="P11_SP00033" HPOS="225" VPOS="476" WIDTH="31"/>
						<String ID="P11_ST00039" HPOS="256" VPOS="423" WIDTH="149" HEIGHT="50" CONTENT="surgir" WC="1.00" CC="000000"/>
						<SP ID="P11_SP00034" HPOS="405" VPOS="476" WIDTH="33"/>
						<String ID="P11_ST00040" HPOS="438" VPOS="425" WIDTH="21" HEIGHT="35" CONTENT="à" WC="1.00" CC="0"/>
						<SP ID="P11_SP00035" HPOS="459" VPOS="476" WIDTH="26"/>
						<String ID="P11_ST00041" HPOS="485" VPOS="433" WIDTH="80" HEIGHT="27" CONTENT="son" WC="0.95" CC="606"/>
						<SP ID="P11_SP00036" HPOS="565" VPOS="476" WIDTH="24"/>
						<String ID="P11_ST00042" HPOS="589" VPOS="427" WIDTH="113" HEIGHT="31" CONTENT="tour," WC="0.99" CC="01404"/>
						<SP ID="P11_SP00037" HPOS="702" VPOS="476" WIDTH="28"/>
						<String ID="P11_ST00043" HPOS="730" VPOS="427" WIDTH="113" HEIGHT="28" CONTENT="nous" WC="0.97" CC="6070"/>
						<SP ID="P11_SP00038" HPOS="843" VPOS="476" WIDTH="33"/>
						<String ID="P11_ST00044" HPOS="876" VPOS="414" WIDTH="239" HEIGHT="51" CONTENT="pourrions" WC="0.99" CC="000044063"/>
						<SP ID="P11_SP00039" HPOS="1115" VPOS="476" WIDTH="19"/>
						<String ID="P11_ST00045" HPOS="1134" VPOS="412" WIDTH="94" HEIGHT="40" CONTENT="dire" WC="0.99" CC="0300"/>
						<SP ID="P11_SP00040" HPOS="1228" VPOS="476" WIDTH="18"/>
						<String ID="P11_ST00046" HPOS="1246" VPOS="427" WIDTH="27" HEIGHT="38" CONTENT="y" WC="0.39" CC="6"/>
						<SP ID="P11_SP00041" HPOS="1273" VPOS="476" WIDTH="21"/>
						<String ID="P11_ST00047" HPOS="1294" VPOS="427" WIDTH="52" HEIGHT="25" CONTENT="va" WC="1.00" CC="00"/>
						<SP ID="P11_SP00042" HPOS="1346" VPOS="476" WIDTH="38"/>
						<String ID="P11_ST00048" HPOS="1384" VPOS="414" WIDTH="136" HEIGHT="50" CONTENT="rugir," WC="0.99" CC="144003"/>
						<SP ID="P11_SP00043" HPOS="1520" VPOS="476" WIDTH="26"/>
						<String ID="P11_ST00049" HPOS="1546" VPOS="428" WIDTH="73" HEIGHT="25" CONTENT="car" WC="1.00" CC="000"/>
						<SP ID="P11_SP00044" HPOS="1619" VPOS="476" WIDTH="23"/>
						<String ID="P11_ST00050" HPOS="1642" VPOS="414" WIDTH="62" HEIGHT="39" CONTENT="les" WC="0.99" CC="300"/>
						<SP ID="P11_SP00045" HPOS="1704" VPOS="476" WIDTH="20"/>
						<String ID="P11_ST00051" HPOS="1724" VPOS="415" WIDTH="205" HEIGHT="50" CONTENT="passions" WC="1.00" CC="00003030"/>
						<SP ID="P11_SP00046" HPOS="1929" VPOS="476" WIDTH="30"/>
						<String ID="P11_ST00052" HPOS="1959" VPOS="413" WIDTH="141" HEIGHT="42" CONTENT="s'exha" SUBS_TYPE="HypPart1" SUBS_CONTENT="s'exhalent" WC="0.99" CC="010330"/>
						<HYP HPOS="2100" VPOS="413" WIDTH="23" CONTENT="-"/>
					</TextLine>
					<TextLine ID="P11_TL00006" HPOS="130" VPOS="481" WIDTH="1186" HEIGHT="55">
						<String ID="P11_ST00053" HPOS="130" VPOS="494" WIDTH="89" HEIGHT="39" CONTENT="lent" SUBS_TYPE="HypPart2" SUBS_CONTENT="s'exhalent" WC="1.00" CC="0000"/>
						<SP ID="P11_SP00047" HPOS="219" VPOS="533" WIDTH="26"/>
						<String ID="P11_ST00054" HPOS="245" VPOS="505" WIDTH="54" HEIGHT="26" CONTENT="en" WC="1.00" CC="00"/>
						<SP ID="P11_SP00048" HPOS="299" VPOS="533" WIDTH="21"/>
						<String ID="P11_ST00055" HPOS="320" VPOS="498" WIDTH="120" HEIGHT="38" CONTENT="toute;" WC="0.98" CC="033647"/>
						<SP ID="P11_SP00049" HPOS="440" VPOS="536" WIDTH="26"/>
						<String ID="P11_ST00056" HPOS="466" VPOS="488" WIDTH="214" HEIGHT="47" CONTENT="violence," WC="1.00" CC="020502004"/>
						<SP ID="P11_SP00050" HPOS="680" VPOS="536" WIDTH="24"/>
						<String ID="P11_ST00057" HPOS="704" VPOS="485" WIDTH="75" HEIGHT="51" CONTENT="qui" WC="0.96" CC="064"/>
						<SP ID="P11_SP00051" HPOS="779" VPOS="536" WIDTH="26"/>
						<String ID="P11_ST00058" HPOS="805" VPOS="492" WIDTH="148" HEIGHT="31" CONTENT="seront" WC="1.00" CC="000020"/>
						<SP ID="P11_SP00052" HPOS="953" VPOS="536" WIDTH="21"/>
						<String ID="P11_ST00059" HPOS="974" VPOS="482" WIDTH="40" HEIGHT="40" CONTENT="là" WC="0.90" CC="02"/>
						<SP ID="P11_SP00053" HPOS="1014" VPOS="536" WIDTH="22"/>
						<String ID="P11_ST00060" HPOS="1036" VPOS="481" WIDTH="280" HEIGHT="41" CONTENT="déchaînées." WC="1.00" CC="00000000003"/>
					</TextLine>
					<TextLine ID="P11_TL00007" HPOS="185" VPOS="546" WIDTH="1940" HEIGHT="65">
						<String ID="P11_ST00061" HPOS="185" VPOS="559" WIDTH="61" HEIGHT="40" CONTENT="La" WC="0.70" CC="50"/>
						<SP ID="P11_SP00054" HPOS="246" VPOS="599" WIDTH="25"/>
						<String ID="P11_ST00062" HPOS="271" VPOS="558" WIDTH="161" HEIGHT="53" CONTENT="pensée" WC="1.00" CC="000004"/>
						<SP ID="P11_SP00055" HPOS="432" VPOS="611" WIDTH="34"/>
						<String ID="P11_ST00063" HPOS="466" VPOS="555" WIDTH="215" HEIGHT="54" CONTENT="première" WC="0.99" CC="00003800"/>
						<SP ID="P11_SP00056" HPOS="681" VPOS="611" WIDTH="23"/>
						<String ID="P11_ST00064" HPOS="704" VPOS="552" WIDTH="52" HEIGHT="40" CONTENT="de" WC="1.00" CC="00"/>
						<SP ID="P11_SP00057" HPOS="756" VPOS="611" WIDTH="21"/>
						<String ID="P11_ST00065" HPOS="777" VPOS="550" WIDTH="183" HEIGHT="42" CONTENT="l'œuvre" WC="0.98" CC="5305760"/>
						<SP ID="P11_SP00058" HPOS="960" VPOS="611" WIDTH="23"/>
						<String ID="P11_ST00066" HPOS="983" VPOS="548" WIDTH="64" HEIGHT="42" CONTENT="fut" WC="1.00" CC="000"/>
						<SP ID="P11_SP00059" HPOS="1047" VPOS="611" WIDTH="24"/>
						<String ID="P11_ST00067" HPOS="1071" VPOS="549" WIDTH="129" HEIGHT="47" CONTENT="donc," WC="0.99" CC="00604"/>
						<SP ID="P11_SP00060" HPOS="1200" VPOS="611" WIDTH="42"/>
						<String ID="P11_ST00068" HPOS="1242" VPOS="549" WIDTH="113" HEIGHT="38" CONTENT="ainsi" WC="1.00" CC="00000"/>
						<SP ID="P11_SP00061" HPOS="1355" VPOS="611" WIDTH="24"/>
						<String ID="P11_ST00069" HPOS="1379" VPOS="546" WIDTH="164" HEIGHT="53" CONTENT="qu'une" WC="0.99" CC="044100"/>
						<SP ID="P11_SP00062" HPOS="1543" VPOS="611" WIDTH="20"/>
						<String ID="P11_ST00070" HPOS="1563" VPOS="549" WIDTH="109" HEIGHT="39" CONTENT="fleur" WC="0.99" CC="50020"/>
						<SP ID="P11_SP00063" HPOS="1672" VPOS="611" WIDTH="20"/>
						<String ID="P11_ST00071" HPOS="1692" VPOS="555" WIDTH="87" HEIGHT="34" CONTENT="très" WC="0.97" CC="5060"/>
						<SP ID="P11_SP00064" HPOS="1779" VPOS="611" WIDTH="22"/>
						<String ID="P11_ST00072" HPOS="1801" VPOS="549" WIDTH="114" HEIGHT="41" CONTENT="belle" WC="0.99" CC="00510"/>
						<SP ID="P11_SP00065" HPOS="1915" VPOS="611" WIDTH="23"/>
						<String ID="P11_ST00073" HPOS="1938" VPOS="554" WIDTH="111" HEIGHT="37" CONTENT="mais" WC="1.00" CC="0000"/>
						<SP ID="P11_SP00066" HPOS="2049" VPOS="611" WIDTH="24"/>
						<String ID="P11_ST00074" HPOS="2073" VPOS="553" WIDTH="52" HEIGHT="40" CONTENT="de" WC="1.00" CC="00"/>
					</TextLine>
					<TextLine ID="P11_TL00008" HPOS="128" VPOS="616" WIDTH="1994" HEIGHT="58">
						<String ID="P11_ST00075" HPOS="128" VPOS="630" WIDTH="131" HEIGHT="38" CONTENT="venin" WC="0.98" CC="00336"/>
						<SP ID="P11_SP00067" HPOS="259" VPOS="668" WIDTH="26"/>
						<String ID="P11_ST00076" HPOS="285" VPOS="623" WIDTH="273" HEIGHT="50" CONTENT="redoutable," WC="1.00" CC="00045000404"/>
						<SP ID="P11_SP00068" HPOS="558" VPOS="673" WIDTH="21"/>
						<String ID="P11_ST00077" HPOS="579" VPOS="624" WIDTH="232" HEIGHT="50" CONTENT="rapportée" WC="1.00" CC="000000360"/>
						<SP ID="P11_SP00069" HPOS="811" VPOS="674" WIDTH="20"/>
						<String ID="P11_ST00078" HPOS="831" VPOS="620" WIDTH="52" HEIGHT="39" CONTENT="de" WC="1.00" CC="00"/>
						<SP ID="P11_SP00070" HPOS="883" VPOS="674" WIDTH="25"/>
						<String ID="P11_ST00079" HPOS="908" VPOS="617" WIDTH="154" HEIGHT="43" CONTENT="Corse." WC="1.00" CC="000002"/>
						<SP ID="P11_SP00071" HPOS="1062" VPOS="674" WIDTH="21"/>
						<String ID="P11_ST00080" HPOS="1083" VPOS="616" WIDTH="67" HEIGHT="41" CONTENT="En" WC="0.61" CC="07"/>
						<SP ID="P11_SP00072" HPOS="1150" VPOS="674" WIDTH="26"/>
						<String ID="P11_ST00081" HPOS="1176" VPOS="616" WIDTH="156" HEIGHT="51" CONTENT="Corse," WC="1.00" CC="000004"/>
						<SP ID="P11_SP00073" HPOS="1332" VPOS="674" WIDTH="26"/>
						<String ID="P11_ST00082" HPOS="1358" VPOS="623" WIDTH="56" HEIGHT="34" CONTENT="où" WC="0.35" CC="57"/>
						<SP ID="P11_SP00074" HPOS="1414" VPOS="674" WIDTH="17"/>
						<String ID="P11_ST00083" HPOS="1431" VPOS="616" WIDTH="28" HEIGHT="40" CONTENT="il" WC="0.47" CC="55"/>
						<SP ID="P11_SP00075" HPOS="1459" VPOS="674" WIDTH="25"/>
						<String ID="P11_ST00084" HPOS="1484" VPOS="618" WIDTH="262" HEIGHT="51" CONTENT="entreprend" WC="1.00" CC="0030000000"/>
						<SP ID="P11_SP00076" HPOS="1746" VPOS="674" WIDTH="23"/>
						<String ID="P11_ST00085" HPOS="1769" VPOS="632" WIDTH="84" HEIGHT="26" CONTENT="une" WC="1.00" CC="000"/>
						<SP ID="P11_SP00077" HPOS="1853" VPOS="674" WIDTH="23"/>
						<String ID="P11_ST00086" HPOS="1876" VPOS="622" WIDTH="246" HEIGHT="46" CONTENT="excursion," WC="1.00" CC="0105004004"/>
					</TextLine>
					<TextLine ID="P11_TL00009" HPOS="131" VPOS="686" WIDTH="1992" HEIGHT="52">
						<String ID="P11_ST00087" HPOS="131" VPOS="693" WIDTH="299" HEIGHT="45" CONTENT="Saint-Saëns" WC="0.88" CC="00200400600"/>
						<SP ID="P11_SP00078" HPOS="430" VPOS="738" WIDTH="38"/>
						<String ID="P11_ST00088" HPOS="468" VPOS="707" WIDTH="20" HEIGHT="24" CONTENT="a" WC="1.00" CC="0"/>
						<SP ID="P11_SP00079" HPOS="488" VPOS="738" WIDTH="31"/>
						<String ID="P11_ST00089" HPOS="519" VPOS="691" WIDTH="138" HEIGHT="40" CONTENT="voulu" WC="0.99" CC="00204"/>
						<SP ID="P11_SP00080" HPOS="657" VPOS="738" WIDTH="39"/>
						<String ID="P11_ST00090" HPOS="696" VPOS="686" WIDTH="238" HEIGHT="43" CONTENT="confirmer" WC="1.00" CC="004110000"/>
						<SP ID="P11_SP00081" HPOS="934" VPOS="738" WIDTH="31"/>
						<String ID="P11_ST00091" HPOS="965" VPOS="687" WIDTH="61" HEIGHT="40" CONTENT="les" WC="0.99" CC="200"/>
						<SP ID="P11_SP00082" HPOS="1026" VPOS="738" WIDTH="40"/>
						<String ID="P11_ST00092" HPOS="1066" VPOS="688" WIDTH="293" HEIGHT="50" CONTENT="impressions" WC="1.00" CC="00000003000"/>
						<SP ID="P11_SP00083" HPOS="1359" VPOS="738" WIDTH="33"/>
						<String ID="P11_ST00093" HPOS="1392" VPOS="686" WIDTH="262" HEIGHT="40" CONTENT="recueillies." WC="1.00" CC="300001004000"/>
						<SP ID="P11_SP00084" HPOS="1654" VPOS="738" WIDTH="38"/>
						<String ID="P11_ST00094" HPOS="1692" VPOS="686" WIDTH="84" HEIGHT="40" CONTENT="Lui" WC="0.99" CC="002"/>
						<SP ID="P11_SP00085" HPOS="1776" VPOS="738" WIDTH="24"/>
						<String ID="P11_ST00095" HPOS="1800" VPOS="689" WIDTH="120" HEIGHT="38" CONTENT="aussi" WC="1.00" CC="00001"/>
						<SP ID="P11_SP00086" HPOS="1920" VPOS="738" WIDTH="25"/>
						<String ID="P11_ST00096" HPOS="1945" VPOS="702" WIDTH="20" HEIGHT="25" CONTENT="a" WC="1.00" CC="0"/>
						<SP ID="P11_SP00087" HPOS="1965" VPOS="738" WIDTH="25"/>
						<String ID="P11_ST00097" HPOS="1990" VPOS="689" WIDTH="133" HEIGHT="40" CONTENT="voulu" WC="1.00" CC="02010"/>
					</TextLine>
					<TextLine ID="P11_TL00010" HPOS="135" VPOS="753" WIDTH="1979" HEIGHT="62">
						<String ID="P11_ST00098" HPOS="135" VPOS="764" WIDTH="190" HEIGHT="51" CONTENT="respirer" WC="1.00" CC="00302000"/>
						<SP ID="P11_SP00088" HPOS="325" VPOS="815" WIDTH="35"/>
						<String ID="P11_ST00099" HPOS="360" VPOS="761" WIDTH="62" HEIGHT="40" CONTENT="les" WC="0.98" CC="300"/>
						<SP ID="P11_SP00089" HPOS="422" VPOS="815" WIDTH="25"/>
						<String ID="P11_ST00100" HPOS="447" VPOS="769" WIDTH="201" HEIGHT="32" CONTENT="senteurs" WC="1.00" CC="00600000"/>
						<SP ID="P11_SP00090" HPOS="648" VPOS="815" WIDTH="25"/>
						<String ID="P11_ST00101" HPOS="673" VPOS="759" WIDTH="249" HEIGHT="50" CONTENT="capiteuses" WC="1.00" CC="4002100000"/>
						<SP ID="P11_SP00091" HPOS="922" VPOS="815" WIDTH="24"/>
						<String ID="P11_ST00102" HPOS="946" VPOS="755" WIDTH="52" HEIGHT="40" CONTENT="de" WC="1.00" CC="00"/>
						<SP ID="P11_SP00092" HPOS="998" VPOS="815" WIDTH="24"/>
						<String ID="P11_ST00103" HPOS="1022" VPOS="763" WIDTH="111" HEIGHT="32" CONTENT="cette" WC="0.98" CC="00560"/>
						<SP ID="P11_SP00093" HPOS="1133" VPOS="815" WIDTH="20"/>
						<String ID="P11_ST00104" HPOS="1153" VPOS="763" WIDTH="113" HEIGHT="31" CONTENT="terre" WC="1.00" CC="02000"/>
						<SP ID="P11_SP00094" HPOS="1266" VPOS="815" WIDTH="23"/>
						<String ID="P11_ST00105" HPOS="1289" VPOS="760" WIDTH="57" HEIGHT="34" CONTENT="où" WC="0.60" CC="08"/>
						<SP ID="P11_SP00095" HPOS="1346" VPOS="815" WIDTH="26"/>
						<String ID="P11_ST00106" HPOS="1372" VPOS="753" WIDTH="38" HEIGHT="40" CONTENT="le" WC="1.00" CC="00"/>
						<SP ID="P11_SP00096" HPOS="1410" VPOS="815" WIDTH="23"/>
						<String ID="P11_ST00107" HPOS="1433" VPOS="764" WIDTH="153" HEIGHT="42" CONTENT="myrte" WC="0.99" CC="00080"/>
						<SP ID="P11_SP00097" HPOS="1586" VPOS="815" WIDTH="24"/>
						<String ID="P11_ST00108" HPOS="1610" VPOS="754" WIDTH="160" HEIGHT="45" CONTENT="fleurit," WC="0.99" CC="64000054"/>
						<SP ID="P11_SP00098" HPOS="1770" VPOS="815" WIDTH="25"/>
						<String ID="P11_ST00109" HPOS="1795" VPOS="761" WIDTH="56" HEIGHT="35" CONTENT="où" WC="0.60" CC="08"/>
						<SP ID="P11_SP00099" HPOS="1851" VPOS="815" WIDTH="23"/>
						<String ID="P11_ST00110" HPOS="1874" VPOS="756" WIDTH="180" HEIGHT="41" CONTENT="verdoie" WC="1.00" CC="0000010"/>
						<SP ID="P11_SP00100" HPOS="2054" VPOS="815" WIDTH="22"/>
						<String ID="P11_ST00111" HPOS="2076" VPOS="757" WIDTH="38" HEIGHT="40" CONTENT="le" WC="0.63" CC="34"/>
					</TextLine>
					<TextLine ID="P11_TL00011" HPOS="132" VPOS="822" WIDTH="1992" HEIGHT="55">
						<String ID="P11_ST00112" HPOS="132" VPOS="832" WIDTH="175" HEIGHT="40" CONTENT="laurier." WC="1.00" CC="10000003"/>
						<SP ID="P11_SP00101" HPOS="307" VPOS="872" WIDTH="28"/>
						<String ID="P11_ST00113" HPOS="335" VPOS="829" WIDTH="32" HEIGHT="40" CONTENT="Il" WC="0.92" CC="01"/>
						<SP ID="P11_SP00102" HPOS="367" VPOS="872" WIDTH="26"/>
						<String ID="P11_ST00114" HPOS="393" VPOS="842" WIDTH="52" HEIGHT="27" CONTENT="en" WC="0.82" CC="03"/>
						<SP ID="P11_SP00103" HPOS="445" VPOS="872" WIDTH="24"/>
						<String ID="P11_ST00115" HPOS="469" VPOS="837" WIDTH="65" HEIGHT="32" CONTENT="est" WC="0.99" CC="003"/>
						<SP ID="P11_SP00104" HPOS="534" VPOS="872" WIDTH="24"/>
						<String ID="P11_ST00116" HPOS="558" VPOS="841" WIDTH="180" HEIGHT="33" CONTENT="revenu," WC="1.00" CC="0000051"/>
						<SP ID="P11_SP00105" HPOS="738" VPOS="874" WIDTH="27"/>
						<String ID="P11_ST00117" HPOS="765" VPOS="825" WIDTH="233" HEIGHT="52" CONTENT="imprégné" WC="0.99" CC="00007065"/>
						<SP ID="P11_SP00106" HPOS="998" VPOS="877" WIDTH="32"/>
						<String ID="P11_ST00118" HPOS="1030" VPOS="833" WIDTH="41" HEIGHT="31" CONTENT="et" WC="0.95" CC="00"/>
						<SP ID="P11_SP00107" HPOS="1071" VPOS="877" WIDTH="32"/>
						<String ID="P11_ST00119" HPOS="1103" VPOS="822" WIDTH="194" HEIGHT="41" CONTENT="vibrant." WC="1.00" CC="00070002"/>
						<SP ID="P11_SP00108" HPOS="1297" VPOS="877" WIDTH="30"/>
						<String ID="P11_ST00120" HPOS="1327" VPOS="822" WIDTH="30" HEIGHT="40" CONTENT="11" WC="0.40" CC="64"/>
						<SP ID="P11_SP00109" HPOS="1357" VPOS="877" WIDTH="26"/>
						<String ID="P11_ST00121" HPOS="1383" VPOS="822" WIDTH="199" HEIGHT="40" CONTENT="travaille" WC="1.00" CC="400003000"/>
						<SP ID="P11_SP00110" HPOS="1582" VPOS="877" WIDTH="22"/>
						<String ID="P11_ST00122" HPOS="1604" VPOS="837" WIDTH="8" HEIGHT="33" CONTENT=";" WC="0.10" CC="8"/>
						<SP ID="P11_SP00111" HPOS="1612" VPOS="877" WIDTH="26"/>
						<String ID="P11_ST00123" HPOS="1638" VPOS="823" WIDTH="103" HEIGHT="39" CONTENT="c'est" WC="0.99" CC="00005"/>
						<SP ID="P11_SP00112" HPOS="1741" VPOS="877" WIDTH="24"/>
						<String ID="P11_ST00124" HPOS="1765" VPOS="837" WIDTH="54" HEIGHT="26" CONTENT="au" WC="0.70" CC="05"/>
						<SP ID="P11_SP00113" HPOS="1819" VPOS="877" WIDTH="25"/>
						<String ID="P11_ST00125" HPOS="1844" VPOS="823" WIDTH="109" HEIGHT="41" CONTENT="bord" WC="1.00" CC="0100"/>
						<SP ID="P11_SP00114" HPOS="1953" VPOS="877" WIDTH="25"/>
						<String ID="P11_ST00126" HPOS="1978" VPOS="826" WIDTH="57" HEIGHT="39" CONTENT="du" WC="1.00" CC="00"/>
						<SP ID="P11_SP00115" HPOS="2035" VPOS="877" WIDTH="25"/>
						<String ID="P11_ST00127" HPOS="2060" VPOS="826" WIDTH="64" HEIGHT="40" CONTENT="lac" WC="1.00" CC="000"/>
					</TextLine>
					<TextLine ID="P11_TL00012" HPOS="129" VPOS="889" WIDTH="1995" HEIGHT="61">
						<String ID="P11_ST00128" HPOS="129" VPOS="899" WIDTH="185" HEIGHT="51" CONTENT="Majeur," WC="1.00" CC="0000002"/>
						<SP ID="P11_SP00116" HPOS="314" VPOS="950" WIDTH="39"/>
						<String ID="P11_ST00129" HPOS="353" VPOS="897" WIDTH="111" HEIGHT="39" CONTENT="dans" WC="0.99" CC="0050"/>
						<SP ID="P11_SP00117" HPOS="464" VPOS="950" WIDTH="31"/>
						<String ID="P11_ST00130" HPOS="495" VPOS="910" WIDTH="59" HEIGHT="26" CONTENT="un" WC="0.23" CC="78"/>
						<SP ID="P11_SP00118" HPOS="554" VPOS="950" WIDTH="33"/>
						<String ID="P11_ST00131" HPOS="587" VPOS="896" WIDTH="133" HEIGHT="39" CONTENT="décor" WC="1.00" CC="00010"/>
						<SP ID="P11_SP00119" HPOS="720" VPOS="950" WIDTH="35"/>
						<String ID="P11_ST00132" HPOS="755" VPOS="894" WIDTH="53" HEIGHT="40" CONTENT="de" WC="1.00" CC="00"/>
						<SP ID="P11_SP00120" HPOS="808" VPOS="950" WIDTH="35"/>
						<String ID="P11_ST00133" HPOS="843" VPOS="902" WIDTH="156" HEIGHT="31" CONTENT="nature" WC="0.99" CC="404060"/>
						<SP ID="P11_SP00121" HPOS="999" VPOS="950" WIDTH="45"/>
						<String ID="P11_ST00134" HPOS="1044" VPOS="893" WIDTH="196" HEIGHT="52" CONTENT="joyeuse." WC="1.00" CC="00000004"/>
						<SP ID="P11_SP00122" HPOS="1240" VPOS="950" WIDTH="40"/>
						<String ID="P11_ST00135" HPOS="1280" VPOS="890" WIDTH="117" HEIGHT="40" CONTENT="Mais" WC="1.00" CC="0000"/>
						<SP ID="P11_SP00123" HPOS="1397" VPOS="950" WIDTH="24"/>
						<String ID="P11_ST00136" HPOS="1421" VPOS="889" WIDTH="278" HEIGHT="42" CONTENT="l'hirondelle" WC="0.99" CC="202200700405"/>
						<SP ID="P11_SP00124" HPOS="1699" VPOS="950" WIDTH="23"/>
						<String ID="P11_ST00137" HPOS="1722" VPOS="901" WIDTH="189" HEIGHT="39" CONTENT="errante," WC="1.00" CC="00000002"/>
						<SP ID="P11_SP00125" HPOS="1911" VPOS="950" WIDTH="27"/>
						<String ID="P11_ST00138" HPOS="1938" VPOS="907" WIDTH="85" HEIGHT="37" CONTENT="que" WC="0.97" CC="060"/>
						<SP ID="P11_SP00126" HPOS="2023" VPOS="950" WIDTH="37"/>
						<String ID="P11_ST00139" HPOS="2060" VPOS="903" WIDTH="64" HEIGHT="31" CONTENT="cet" WC="1.00" CC="000"/>
					</TextLine>
					<TextLine ID="P11_TL00013" HPOS="129" VPOS="959" WIDTH="1997" HEIGHT="55">
						<String ID="P11_ST00140" HPOS="129" VPOS="969" WIDTH="179" HEIGHT="39" CONTENT="homme" WC="0.99" CC="05000"/>
						<SP ID="P11_SP00127" HPOS="308" VPOS="1008" WIDTH="22"/>
						<String ID="P11_ST00141" HPOS="330" VPOS="966" WIDTH="176" HEIGHT="40" CONTENT="devient" WC="0.99" CC="0000062"/>
						<SP ID="P11_SP00128" HPOS="506" VPOS="1008" WIDTH="24"/>
						<String ID="P11_ST00142" HPOS="530" VPOS="966" WIDTH="233" HEIGHT="47" CONTENT="aisément," WC="1.00" CC="000000014"/>
						<SP ID="P11_SP00129" HPOS="763" VPOS="1013" WIDTH="26"/>
						<String ID="P11_ST00143" HPOS="789" VPOS="969" WIDTH="225" HEIGHT="45" CONTENT="remporte" WC="0.99" CC="60000060"/>
						<SP ID="P11_SP00130" HPOS="1014" VPOS="1014" WIDTH="36"/>
						<String ID="P11_ST00144" HPOS="1050" VPOS="974" WIDTH="80" HEIGHT="27" CONTENT="son" WC="1.00" CC="000"/>
						<SP ID="P11_SP00131" HPOS="1130" VPOS="1014" WIDTH="26"/>
						<String ID="P11_ST00145" HPOS="1156" VPOS="961" WIDTH="98" HEIGHT="48" CONTENT="nid;" WC="1.00" CC="0000"/>
						<SP ID="P11_SP00132" HPOS="1254" VPOS="1014" WIDTH="26"/>
						<String ID="P11_ST00146" HPOS="1280" VPOS="968" WIDTH="41" HEIGHT="32" CONTENT="et" WC="0.78" CC="04"/>
						<SP ID="P11_SP00133" HPOS="1321" VPOS="1014" WIDTH="36"/>
						<String ID="P11_ST00147" HPOS="1357" VPOS="960" WIDTH="40" HEIGHT="39" CONTENT="la" WC="0.95" CC="00"/>
						<SP ID="P11_SP00134" HPOS="1397" VPOS="1014" WIDTH="34"/>
						<String ID="P11_ST00148" HPOS="1431" VPOS="959" WIDTH="118" HEIGHT="41" CONTENT="voilà" WC="0.98" CC="00307"/>
						<SP ID="P11_SP00135" HPOS="1549" VPOS="1014" WIDTH="25"/>
						<String ID="P11_ST00149" HPOS="1574" VPOS="961" WIDTH="73" HEIGHT="51" CONTENT="qui" WC="0.96" CC="063"/>
						<SP ID="P11_SP00136" HPOS="1647" VPOS="1014" WIDTH="27"/>
						<String ID="P11_ST00150" HPOS="1674" VPOS="960" WIDTH="92" HEIGHT="41" CONTENT="s'en" WC="0.99" CC="0003"/>
						<SP ID="P11_SP00137" HPOS="1766" VPOS="1014" WIDTH="22"/>
						<String ID="P11_ST00151" HPOS="1788" VPOS="975" WIDTH="52" HEIGHT="26" CONTENT="va" WC="0.93" CC="01"/>
						<SP ID="P11_SP00138" HPOS="1840" VPOS="1014" WIDTH="25"/>
						<String ID="P11_ST00152" HPOS="1865" VPOS="961" WIDTH="261" HEIGHT="41" CONTENT="l'accrocher" WC="1.00" CC="00000000001"/>
					</TextLine>
					<TextLine ID="P11_TL00014" HPOS="128" VPOS="1027" WIDTH="1994" HEIGHT="59">
						<String ID="P11_ST00153" HPOS="128" VPOS="1050" WIDTH="53" HEIGHT="26" CONTENT="en" WC="1.00" CC="00"/>
						<SP ID="P11_SP00139" HPOS="181" VPOS="1076" WIDTH="29"/>
						<String ID="P11_ST00154" HPOS="210" VPOS="1048" WIDTH="86" HEIGHT="27" CONTENT="une" WC="0.97" CC="403"/>
						<SP ID="P11_SP00140" HPOS="296" VPOS="1076" WIDTH="31"/>
						<String ID="P11_ST00155" HPOS="327" VPOS="1036" WIDTH="134" HEIGHT="50" CONTENT="petite" WC="0.99" CC="010660"/>
						<SP ID="P11_SP00141" HPOS="461" VPOS="1086" WIDTH="22"/>
						<String ID="P11_ST00156" HPOS="483" VPOS="1033" WIDTH="104" HEIGHT="41" CONTENT="ville" WC="0.99" CC="01220"/>
						<SP ID="P11_SP00142" HPOS="587" VPOS="1086" WIDTH="21"/>
						<String ID="P11_ST00157" HPOS="608" VPOS="1032" WIDTH="54" HEIGHT="40" CONTENT="de" WC="1.00" CC="00"/>
						<SP ID="P11_SP00143" HPOS="662" VPOS="1086" WIDTH="28"/>
						<String ID="P11_ST00158" HPOS="690" VPOS="1030" WIDTH="171" HEIGHT="42" CONTENT="Suisse." WC="0.99" CC="0410004"/>
						<SP ID="P11_SP00144" HPOS="861" VPOS="1086" WIDTH="25"/>
						<String ID="P11_ST00159" HPOS="886" VPOS="1030" WIDTH="98" HEIGHT="40" CONTENT="Elle" WC="0.98" CC="0530"/>
						<SP ID="P11_SP00145" HPOS="984" VPOS="1086" WIDTH="25"/>
						<String ID="P11_ST00160" HPOS="1009" VPOS="1043" WIDTH="46" HEIGHT="27" CONTENT="se" WC="1.00" CC="00"/>
						<SP ID="P11_SP00146" HPOS="1055" VPOS="1086" WIDTH="25"/>
						<String ID="P11_ST00161" HPOS="1080" VPOS="1029" WIDTH="146" HEIGHT="41" CONTENT="blottit" WC="0.99" CC="0004405"/>
						<SP ID="P11_SP00147" HPOS="1226" VPOS="1086" WIDTH="38"/>
						<String ID="P11_ST00162" HPOS="1264" VPOS="1043" WIDTH="54" HEIGHT="26" CONTENT="au" WC="1.00" CC="00"/>
						<SP ID="P11_SP00148" HPOS="1318" VPOS="1086" WIDTH="23"/>
						<String ID="P11_ST00163" HPOS="1341" VPOS="1030" WIDTH="234" HEIGHT="49" CONTENT="voisinage" WC="0.99" CC="004045001"/>
						<SP ID="P11_SP00149" HPOS="1575" VPOS="1086" WIDTH="23"/>
						<String ID="P11_ST00164" HPOS="1598" VPOS="1027" WIDTH="104" HEIGHT="42" CONTENT="d'un" WC="0.99" CC="0400"/>
						<SP ID="P11_SP00150" HPOS="1702" VPOS="1086" WIDTH="22"/>
						<String ID="P11_ST00165" HPOS="1724" VPOS="1029" WIDTH="66" HEIGHT="40" CONTENT="lac" WC="0.98" CC="600"/>
						<SP ID="P11_SP00151" HPOS="1790" VPOS="1086" WIDTH="21"/>
						<String ID="P11_ST00166" HPOS="1811" VPOS="1043" WIDTH="89" HEIGHT="26" CONTENT="non" WC="1.00" CC="000"/>
						<SP ID="P11_SP00152" HPOS="1900" VPOS="1086" WIDTH="38"/>
						<String ID="P11_ST00167" HPOS="1938" VPOS="1044" WIDTH="79" HEIGHT="38" CONTENT="pas" WC="1.00" CC="000"/>
						<SP ID="P11_SP00153" HPOS="2017" VPOS="1086" WIDTH="25"/>
						<String ID="P11_ST00168" HPOS="2042" VPOS="1032" WIDTH="54" HEIGHT="38" CONTENT="im" SUBS_TYPE="HypPart1" SUBS_CONTENT="immense," WC="0.98" CC="20"/>
						<HYP HPOS="2096" VPOS="1032" WIDTH="26" CONTENT="-"/>
					</TextLine>
					<TextLine ID="P11_TL00015" HPOS="130" VPOS="1097" WIDTH="1997" HEIGHT="56">
						<String ID="P11_ST00169" HPOS="130" VPOS="1116" WIDTH="166" HEIGHT="33" CONTENT="mense," SUBS_TYPE="HypPart2" SUBS_CONTENT="immense," WC="1.00" CC="000004"/>
						<SP ID="P11_SP00154" HPOS="296" VPOS="1149" WIDTH="26"/>
						<String ID="P11_ST00170" HPOS="322" VPOS="1104" WIDTH="113" HEIGHT="38" CONTENT="mais" WC="1.00" CC="0020"/>
						<SP ID="P11_SP00155" HPOS="435" VPOS="1149" WIDTH="24"/>
						<String ID="P11_ST00171" HPOS="459" VPOS="1110" WIDTH="93" HEIGHT="32" CONTENT="tout" WC="0.97" CC="2441"/>
						<SP ID="P11_SP00156" HPOS="552" VPOS="1149" WIDTH="24"/>
						<String ID="P11_ST00172" HPOS="576" VPOS="1102" WIDTH="209" HEIGHT="51" CONTENT="plaisant," WC="0.99" CC="000200654"/>
						<SP ID="P11_SP00157" HPOS="785" VPOS="1153" WIDTH="24"/>
						<String ID="P11_ST00173" HPOS="809" VPOS="1108" WIDTH="40" HEIGHT="31" CONTENT="et" WC="0.76" CC="04"/>
						<SP ID="P11_SP00158" HPOS="849" VPOS="1153" WIDTH="24"/>
						<String ID="P11_ST00174" HPOS="873" VPOS="1100" WIDTH="75" HEIGHT="50" CONTENT="qui" WC="0.97" CC="062"/>
						<SP ID="P11_SP00159" HPOS="948" VPOS="1153" WIDTH="24"/>
						<String ID="P11_ST00175" HPOS="972" VPOS="1112" WIDTH="46" HEIGHT="26" CONTENT="se" WC="1.00" CC="00"/>
						<SP ID="P11_SP00160" HPOS="1018" VPOS="1153" WIDTH="24"/>
						<String ID="P11_ST00176" HPOS="1042" VPOS="1098" WIDTH="183" HEIGHT="40" CONTENT="déverse" WC="1.00" CC="0003000"/>
						<SP ID="P11_SP00161" HPOS="1225" VPOS="1153" WIDTH="24"/>
						<String ID="P11_ST00177" HPOS="1249" VPOS="1111" WIDTH="54" HEIGHT="27" CONTENT="en" WC="0.77" CC="04"/>
						<SP ID="P11_SP00162" HPOS="1303" VPOS="1153" WIDTH="27"/>
						<String ID="P11_ST00178" HPOS="1330" VPOS="1110" WIDTH="87" HEIGHT="27" CONTENT="une" WC="0.98" CC="600"/>
						<SP ID="P11_SP00163" HPOS="1417" VPOS="1153" WIDTH="21"/>
						<String ID="P11_ST00179" HPOS="1438" VPOS="1099" WIDTH="156" HEIGHT="39" CONTENT="rivière" WC="0.99" CC="0101800"/>
						<SP ID="P11_SP00164" HPOS="1594" VPOS="1153" WIDTH="34"/>
						<String ID="P11_ST00180" HPOS="1628" VPOS="1106" WIDTH="324" HEIGHT="32" CONTENT="torrentueuse." WC="1.00" CC="6000002202003"/>
						<SP ID="P11_SP00165" HPOS="1952" VPOS="1153" WIDTH="31"/>
						<String ID="P11_ST00181" HPOS="1983" VPOS="1097" WIDTH="144" HEIGHT="42" CONTENT="L'Aar" WC="0.80" CC="54000"/>
					</TextLine>
					<TextLine ID="P11_TL00016" HPOS="132" VPOS="1166" WIDTH="1994" HEIGHT="56">
						<String ID="P11_ST00182" HPOS="132" VPOS="1183" WIDTH="191" HEIGHT="30" CONTENT="traverse" WC="1.00" CC="00000000"/>
						<SP ID="P11_SP00166" HPOS="323" VPOS="1213" WIDTH="42"/>
						<String ID="P11_ST00183" HPOS="365" VPOS="1170" WIDTH="148" HEIGHT="49" CONTENT="Thun," WC="0.66" CC="05064"/>
						<SP ID="P11_SP00167" HPOS="513" VPOS="1219" WIDTH="40"/>
						<String ID="P11_ST00184" HPOS="553" VPOS="1170" WIDTH="38" HEIGHT="40" CONTENT="le" WC="1.00" CC="00"/>
						<SP ID="P11_SP00168" HPOS="591" VPOS="1219" WIDTH="33"/>
						<String ID="P11_ST00185" HPOS="624" VPOS="1170" WIDTH="170" HEIGHT="52" CONTENT="réjouit," WC="0.99" CC="06026334"/>
						<SP ID="P11_SP00169" HPOS="794" VPOS="1222" WIDTH="41"/>
						<String ID="P11_ST00186" HPOS="835" VPOS="1168" WIDTH="196" HEIGHT="52" CONTENT="quelque" WC="1.00" CC="0000000"/>
						<SP ID="P11_SP00170" HPOS="1031" VPOS="1222" WIDTH="39"/>
						<String ID="P11_ST00187" HPOS="1070" VPOS="1180" WIDTH="85" HEIGHT="39" CONTENT="peu" WC="1.00" CC="000"/>
						<SP ID="P11_SP00171" HPOS="1155" VPOS="1222" WIDTH="34"/>
						<String ID="P11_ST00188" HPOS="1189" VPOS="1166" WIDTH="242" HEIGHT="51" CONTENT="l'étourdit," WC="1.00" CC="51020000304"/>
						<SP ID="P11_SP00172" HPOS="1431" VPOS="1222" WIDTH="40"/>
						<String ID="P11_ST00189" HPOS="1471" VPOS="1180" WIDTH="73" HEIGHT="26" CONTENT="car" WC="1.00" CC="000"/>
						<SP ID="P11_SP00173" HPOS="1544" VPOS="1222" WIDTH="39"/>
						<String ID="P11_ST00190" HPOS="1583" VPOS="1180" WIDTH="69" HEIGHT="27" CONTENT="ses" WC="1.00" CC="000"/>
						<SP ID="P11_SP00174" HPOS="1652" VPOS="1222" WIDTH="40"/>
						<String ID="P11_ST00191" HPOS="1692" VPOS="1180" WIDTH="110" HEIGHT="27" CONTENT="eaux" WC="0.99" CC="0600"/>
						<SP ID="P11_SP00175" HPOS="1802" VPOS="1222" WIDTH="33"/>
						<String ID="P11_ST00192" HPOS="1835" VPOS="1180" WIDTH="54" HEIGHT="27" CONTENT="ne" WC="0.82" CC="30"/>
						<SP ID="P11_SP00176" HPOS="1889" VPOS="1222" WIDTH="36"/>
						<String ID="P11_ST00193" HPOS="1925" VPOS="1176" WIDTH="99" HEIGHT="32" CONTENT="sont" WC="0.99" CC="0006"/>
						<SP ID="P11_SP00177" HPOS="2024" VPOS="1222" WIDTH="25"/>
						<String ID="P11_ST00194" HPOS="2049" VPOS="1182" WIDTH="77" HEIGHT="38" CONTENT="pas" WC="1.00" CC="000"/>
					</TextLine>
					<TextLine ID="P11_TL00017" HPOS="128" VPOS="1235" WIDTH="1999" HEIGHT="54">
						<String ID="P11_ST00195" HPOS="128" VPOS="1241" WIDTH="185" HEIGHT="40" CONTENT="d'allure" WC="1.00" CC="03010100"/>
						<SP ID="P11_SP00178" HPOS="313" VPOS="1281" WIDTH="24"/>
						<String ID="P11_ST00196" HPOS="337" VPOS="1239" WIDTH="262" HEIGHT="40" CONTENT="silencieuse" WC="1.00" CC="23307000000"/>
						<SP ID="P11_SP00179" HPOS="599" VPOS="1281" WIDTH="22"/>
						<String ID="P11_ST00197" HPOS="621" VPOS="1246" WIDTH="41" HEIGHT="31" CONTENT="et" WC="0.99" CC="00"/>
						<SP ID="P11_SP00180" HPOS="662" VPOS="1281" WIDTH="25"/>
						<String ID="P11_ST00198" HPOS="687" VPOS="1238" WIDTH="191" HEIGHT="51" CONTENT="apaisée." WC="1.00" CC="00030002"/>
						<SP ID="P11_SP00181" HPOS="878" VPOS="1289" WIDTH="33"/>
						<String ID="P11_ST00199" HPOS="911" VPOS="1235" WIDTH="62" HEIGHT="41" CONTENT="Le" WC="0.91" CC="10"/>
						<SP ID="P11_SP00182" HPOS="973" VPOS="1289" WIDTH="31"/>
						<String ID="P11_ST00200" HPOS="1004" VPOS="1249" WIDTH="109" HEIGHT="39" CONTENT="pays" WC="0.99" CC="0700"/>
						<SP ID="P11_SP00183" HPOS="1113" VPOS="1289" WIDTH="37"/>
						<String ID="P11_ST00201" HPOS="1150" VPOS="1244" WIDTH="65" HEIGHT="32" CONTENT="est" WC="0.98" CC="004"/>
						<SP ID="P11_SP00184" HPOS="1215" VPOS="1289" WIDTH="23"/>
						<String ID="P11_ST00202" HPOS="1238" VPOS="1236" WIDTH="233" HEIGHT="40" CONTENT="charmant" WC="0.99" CC="05000065"/>
						<SP ID="P11_SP00185" HPOS="1471" VPOS="1289" WIDTH="38"/>
						<String ID="P11_ST00203" HPOS="1509" VPOS="1244" WIDTH="95" HEIGHT="32" CONTENT="tout" WC="0.99" CC="0003"/>
						<SP ID="P11_SP00186" HPOS="1604" VPOS="1289" WIDTH="38"/>
						<String ID="P11_ST00204" HPOS="1642" VPOS="1236" WIDTH="220" HEIGHT="47" CONTENT="alentour," WC="1.00" CC="050140000"/>
						<SP ID="P11_SP00187" HPOS="1862" VPOS="1289" WIDTH="34"/>
						<String ID="P11_ST00205" HPOS="1896" VPOS="1244" WIDTH="41" HEIGHT="32" CONTENT="et" WC="0.75" CC="05"/>
						<SP ID="P11_SP00188" HPOS="1937" VPOS="1289" WIDTH="30"/>
						<String ID="P11_ST00206" HPOS="1967" VPOS="1249" WIDTH="134" HEIGHT="39" CONTENT="cepen" SUBS_TYPE="HypPart1" SUBS_CONTENT="cependant" WC="0.99" CC="00005"/>
						<HYP HPOS="2101" VPOS="1249" WIDTH="26" CONTENT="-"/>
					</TextLine>
					<TextLine ID="P11_TL00018" HPOS="130" VPOS="1303" WIDTH="1997" HEIGHT="54">
						<String ID="P11_ST00207" HPOS="130" VPOS="1309" WIDTH="105" HEIGHT="40" CONTENT="dant" SUBS_TYPE="HypPart2" SUBS_CONTENT="cependant" WC="0.97" CC="0076"/>
						<SP ID="P11_SP00189" HPOS="235" VPOS="1349" WIDTH="23"/>
						<String ID="P11_ST00208" HPOS="258" VPOS="1316" WIDTH="109" HEIGHT="33" CONTENT="cette" WC="0.99" CC="00450"/>
						<SP ID="P11_SP00190" HPOS="367" VPOS="1349" WIDTH="24"/>
						<String ID="P11_ST00209" HPOS="391" VPOS="1307" WIDTH="115" HEIGHT="40" CONTENT="onde" WC="0.99" CC="0003"/>
						<SP ID="P11_SP00191" HPOS="506" VPOS="1349" WIDTH="22"/>
						<String ID="P11_ST00210" HPOS="528" VPOS="1320" WIDTH="46" HEIGHT="26" CONTENT="se" WC="1.00" CC="00"/>
						<SP ID="P11_SP00192" HPOS="574" VPOS="1349" WIDTH="20"/>
						<String ID="P11_ST00211" HPOS="594" VPOS="1307" WIDTH="102" HEIGHT="39" CONTENT="hâte" WC="1.00" CC="0000"/>
						<SP ID="P11_SP00193" HPOS="696" VPOS="1349" WIDTH="25"/>
						<String ID="P11_ST00212" HPOS="721" VPOS="1309" WIDTH="20" HEIGHT="36" CONTENT="à" WC="1.00" CC="0"/>
						<SP ID="P11_SP00194" HPOS="741" VPOS="1349" WIDTH="26"/>
						<String ID="P11_ST00213" HPOS="767" VPOS="1305" WIDTH="38" HEIGHT="40" CONTENT="le" WC="0.82" CC="30"/>
						<SP ID="P11_SP00195" HPOS="805" VPOS="1349" WIDTH="23"/>
						<String ID="P11_ST00214" HPOS="828" VPOS="1303" WIDTH="101" HEIGHT="51" CONTENT="fuir," WC="0.99" CC="00304"/>
						<SP ID="P11_SP00196" HPOS="929" VPOS="1354" WIDTH="24"/>
						<String ID="P11_ST00215" HPOS="953" VPOS="1317" WIDTH="176" HEIGHT="28" CONTENT="comme" WC="1.00" CC="00000"/>
						<SP ID="P11_SP00197" HPOS="1129" VPOS="1354" WIDTH="22"/>
						<String ID="P11_ST00216" HPOS="1151" VPOS="1303" WIDTH="77" HEIGHT="41" CONTENT="des" WC="1.00" CC="000"/>
						<SP ID="P11_SP00198" HPOS="1228" VPOS="1354" WIDTH="21"/>
						<String ID="P11_ST00217" HPOS="1249" VPOS="1304" WIDTH="212" HEIGHT="40" CONTENT="humains" WC="0.99" CC="0006341"/>
						<SP ID="P11_SP00199" HPOS="1461" VPOS="1354" WIDTH="20"/>
						<String ID="P11_ST00218" HPOS="1481" VPOS="1309" WIDTH="250" HEIGHT="48" CONTENT="empressés" WC="1.00" CC="000800000"/>
						<SP ID="P11_SP00200" HPOS="1731" VPOS="1357" WIDTH="22"/>
						<String ID="P11_ST00219" HPOS="1753" VPOS="1309" WIDTH="20" HEIGHT="35" CONTENT="à" WC="0.59" CC="4"/>
						<SP ID="P11_SP00201" HPOS="1773" VPOS="1357" WIDTH="29"/>
						<String ID="P11_ST00220" HPOS="1802" VPOS="1305" WIDTH="219" HEIGHT="52" CONTENT="rejoindre" WC="1.00" CC="100010000"/>
						<SP ID="P11_SP00202" HPOS="2021" VPOS="1357" WIDTH="21"/>
						<String ID="P11_ST00221" HPOS="2042" VPOS="1319" WIDTH="85" HEIGHT="26" CONTENT="une" WC="1.00" CC="000"/>
					</TextLine>
					<TextLine ID="P11_TL00019" HPOS="131" VPOS="1374" WIDTH="692" HEIGHT="55">
						<String ID="P11_ST00222" HPOS="131" VPOS="1378" WIDTH="99" HEIGHT="51" CONTENT="joie," WC="1.00" CC="00000"/>
						<SP ID="P11_SP00203" HPOS="230" VPOS="1429" WIDTH="28"/>
						<String ID="P11_ST00223" HPOS="258" VPOS="1381" WIDTH="22" HEIGHT="35" CONTENT="à" WC="0.59" CC="4"/>
						<SP ID="P11_SP00204" HPOS="280" VPOS="1429" WIDTH="19"/>
						<String ID="P11_ST00224" HPOS="299" VPOS="1377" WIDTH="221" HEIGHT="51" CONTENT="l'épuiser," WC="1.00" CC="0000400004"/>
						<SP ID="P11_SP00205" HPOS="520" VPOS="1429" WIDTH="28"/>
						<String ID="P11_ST00225" HPOS="548" VPOS="1380" WIDTH="22" HEIGHT="35" CONTENT="à" WC="1.00" CC="0"/>
						<SP ID="P11_SP00206" HPOS="570" VPOS="1429" WIDTH="18"/>
						<String ID="P11_ST00226" HPOS="588" VPOS="1375" WIDTH="39" HEIGHT="40" CONTENT="la" WC="0.79" CC="40"/>
						<SP ID="P11_SP00207" HPOS="627" VPOS="1429" WIDTH="25"/>
						<String ID="P11_ST00227" HPOS="652" VPOS="1374" WIDTH="171" HEIGHT="52" CONTENT="perdre." WC="1.00" CC="0000003"/>
					</TextLine>
					<TextLine ID="P11_TL00020" HPOS="188" VPOS="1439" WIDTH="1939" HEIGHT="56">
						<String ID="P11_ST00228" HPOS="188" VPOS="1444" WIDTH="132" HEIGHT="41" CONTENT="Thun" WC="0.84" CC="0005"/>
						<SP ID="P11_SP00208" HPOS="320" VPOS="1485" WIDTH="22"/>
						<String ID="P11_ST00229" HPOS="342" VPOS="1459" WIDTH="21" HEIGHT="25" CONTENT="a" WC="1.00" CC="0"/>
						<SP ID="P11_SP00209" HPOS="363" VPOS="1485" WIDTH="25"/>
						<String ID="P11_ST00230" HPOS="388" VPOS="1458" WIDTH="71" HEIGHT="26" CONTENT="ses" WC="1.00" CC="000"/>
						<SP ID="P11_SP00210" HPOS="459" VPOS="1485" WIDTH="20"/>
						<String ID="P11_ST00231" HPOS="479" VPOS="1443" WIDTH="143" HEIGHT="41" CONTENT="hôtels" WC="0.99" CC="056030"/>
						<SP ID="P11_SP00211" HPOS="622" VPOS="1485" WIDTH="20"/>
						<String ID="P11_ST00232" HPOS="642" VPOS="1441" WIDTH="334" HEIGHT="54" CONTENT="Beau-Rivage," WC="0.99" CC="007540007530" STYLEREFS="TXT_3"/>
						<SP ID="P11_SP00212" HPOS="976" VPOS="1495" WIDTH="25"/>
						<String ID="P11_ST00233" HPOS="1001" VPOS="1439" WIDTH="251" HEIGHT="53" CONTENT="Belle-Vue," WC="0.99" CC="9500420301" STYLEREFS="TXT_3"/>
						<SP ID="P11_SP00213" HPOS="1252" VPOS="1495" WIDTH="22"/>
						<String ID="P11_ST00234" HPOS="1274" VPOS="1441" WIDTH="302" HEIGHT="53" CONTENT="Beau-Séjour" WC="0.99" CC="26003480041" STYLEREFS="TXT_3"/>
						<String ID="P11_ST00235" HPOS="1583" VPOS="1474" WIDTH="8" HEIGHT="16" CONTENT="," WC="0.99" CC="0"/>
						<SP ID="P11_SP00214" HPOS="1591" VPOS="1495" WIDTH="25"/>
						<String ID="P11_ST00236" HPOS="1616" VPOS="1450" WIDTH="92" HEIGHT="32" CONTENT="tout" WC="0.96" CC="4066"/>
						<SP ID="P11_SP00215" HPOS="1708" VPOS="1495" WIDTH="24"/>
						<String ID="P11_ST00237" HPOS="1732" VPOS="1455" WIDTH="46" HEIGHT="27" CONTENT="ce" WC="1.00" CC="00"/>
						<SP ID="P11_SP00216" HPOS="1778" VPOS="1495" WIDTH="33"/>
						<String ID="P11_ST00238" HPOS="1811" VPOS="1442" WIDTH="133" HEIGHT="41" CONTENT="décor" WC="1.00" CC="00000"/>
						<SP ID="P11_SP00217" HPOS="1944" VPOS="1495" WIDTH="34"/>
						<String ID="P11_ST00239" HPOS="1978" VPOS="1441" WIDTH="128" HEIGHT="42" CONTENT="d'insi" SUBS_TYPE="HypPart1" SUBS_CONTENT="d'insipide" WC="0.99" CC="003500"/>
						<HYP HPOS="2106" VPOS="1441" WIDTH="21" CONTENT="-"/>
					</TextLine>
					<TextLine ID="P11_TL00021" HPOS="136" VPOS="1510" WIDTH="1991" HEIGHT="56">
						<String ID="P11_ST00240" HPOS="136" VPOS="1514" WIDTH="101" HEIGHT="52" CONTENT="pide" SUBS_TYPE="HypPart2" SUBS_CONTENT="d'insipide" WC="0.99" CC="0400"/>
						<SP ID="P11_SP00218" HPOS="237" VPOS="1566" WIDTH="32"/>
						<String ID="P11_ST00241" HPOS="269" VPOS="1522" WIDTH="41" HEIGHT="31" CONTENT="et" WC="0.79" CC="04"/>
						<SP ID="P11_SP00219" HPOS="310" VPOS="1566" WIDTH="31"/>
						<String ID="P11_ST00242" HPOS="341" VPOS="1514" WIDTH="297" HEIGHT="50" CONTENT="prétentieuse" WC="1.00" CC="007000540000"/>
						<SP ID="P11_SP00220" HPOS="638" VPOS="1566" WIDTH="39"/>
						<String ID="P11_ST00243" HPOS="677" VPOS="1511" WIDTH="197" HEIGHT="40" CONTENT="banalité" WC="0.99" CC="00601040"/>
						<SP ID="P11_SP00221" HPOS="874" VPOS="1566" WIDTH="32"/>
						<String ID="P11_ST00244" HPOS="906" VPOS="1512" WIDTH="87" HEIGHT="51" CONTENT="qui," WC="0.98" CC="0800"/>
						<SP ID="P11_SP00222" HPOS="993" VPOS="1566" WIDTH="27"/>
						<String ID="P11_ST00245" HPOS="1020" VPOS="1511" WIDTH="111" HEIGHT="40" CONTENT="dans" WC="1.00" CC="0010"/>
						<SP ID="P11_SP00223" HPOS="1131" VPOS="1566" WIDTH="32"/>
						<String ID="P11_ST00246" HPOS="1163" VPOS="1511" WIDTH="40" HEIGHT="40" CONTENT="la" WC="0.98" CC="00"/>
						<SP ID="P11_SP00224" HPOS="1203" VPOS="1566" WIDTH="23"/>
						<String ID="P11_ST00247" HPOS="1226" VPOS="1511" WIDTH="146" HEIGHT="40" CONTENT="vieille" WC="1.00" CC="0300100"/>
						<SP ID="P11_SP00225" HPOS="1372" VPOS="1566" WIDTH="40"/>
						<String ID="P11_ST00248" HPOS="1412" VPOS="1510" WIDTH="201" HEIGHT="41" CONTENT="Helvétie" WC="0.91" CC="00400010"/>
						<SP ID="P11_SP00226" HPOS="1613" VPOS="1566" WIDTH="31"/>
						<String ID="P11_ST00249" HPOS="1644" VPOS="1519" WIDTH="41" HEIGHT="32" CONTENT="et" WC="0.72" CC="05"/>
						<SP ID="P11_SP00227" HPOS="1685" VPOS="1566" WIDTH="36"/>
						<String ID="P11_ST00250" HPOS="1721" VPOS="1524" WIDTH="53" HEIGHT="26" CONTENT="en" WC="1.00" CC="00"/>
						<SP ID="P11_SP00228" HPOS="1774" VPOS="1566" WIDTH="25"/>
						<String ID="P11_ST00251" HPOS="1799" VPOS="1519" WIDTH="99" HEIGHT="32" CONTENT="tous" WC="0.99" CC="0050"/>
						<SP ID="P11_SP00229" HPOS="1898" VPOS="1566" WIDTH="36"/>
						<String ID="P11_ST00252" HPOS="1934" VPOS="1511" WIDTH="114" HEIGHT="40" CONTENT="lieux" WC="0.99" CC="04003"/>
						<SP ID="P11_SP00230" HPOS="2048" VPOS="1566" WIDTH="24"/>
						<String ID="P11_ST00253" HPOS="2072" VPOS="1517" WIDTH="55" HEIGHT="34" CONTENT="où" WC="1.00" CC="00"/>
					</TextLine>
					<TextLine ID="P11_TL00022" HPOS="137" VPOS="1579" WIDTH="1991" HEIGHT="53">
						<String ID="P11_ST00254" HPOS="137" VPOS="1591" WIDTH="149" HEIGHT="31" CONTENT="monte" WC="0.99" CC="00710"/>
						<SP ID="P11_SP00231" HPOS="286" VPOS="1622" WIDTH="23"/>
						<String ID="P11_ST00255" HPOS="309" VPOS="1582" WIDTH="39" HEIGHT="39" CONTENT="le" WC="0.78" CC="40"/>
						<SP ID="P11_SP00232" HPOS="348" VPOS="1622" WIDTH="28"/>
						<String ID="P11_ST00256" HPOS="376" VPOS="1582" WIDTH="75" HEIGHT="39" CONTENT="flot" WC="0.96" CC="7704"/>
						<SP ID="P11_SP00233" HPOS="451" VPOS="1622" WIDTH="37"/>
						<String ID="P11_ST00257" HPOS="488" VPOS="1580" WIDTH="77" HEIGHT="40" CONTENT="des" WC="1.00" CC="000"/>
						<SP ID="P11_SP00234" HPOS="565" VPOS="1622" WIDTH="22"/>
						<String ID="P11_ST00258" HPOS="587" VPOS="1592" WIDTH="251" HEIGHT="40" CONTENT="voyageurs" WC="1.00" CC="000000250"/>
						<SP ID="P11_SP00235" HPOS="838" VPOS="1632" WIDTH="26"/>
						<String ID="P11_ST00259" HPOS="864" VPOS="1579" WIDTH="333" HEIGHT="52" CONTENT="cosmopolites," WC="1.00" CC="0000000000000"/>
						<SP ID="P11_SP00236" HPOS="1197" VPOS="1632" WIDTH="35"/>
						<String ID="P11_ST00260" HPOS="1232" VPOS="1580" WIDTH="135" HEIGHT="40" CONTENT="altère" WC="0.99" CC="001700"/>
						<SP ID="P11_SP00237" HPOS="1367" VPOS="1632" WIDTH="23"/>
						<String ID="P11_ST00261" HPOS="1390" VPOS="1579" WIDTH="288" HEIGHT="41" CONTENT="cruellement" WC="1.00" CC="10010000043"/>
						<SP ID="P11_SP00238" HPOS="1678" VPOS="1632" WIDTH="29"/>
						<String ID="P11_ST00262" HPOS="1707" VPOS="1579" WIDTH="62" HEIGHT="40" CONTENT="les" WC="1.00" CC="000"/>
						<SP ID="P11_SP00239" HPOS="1769" VPOS="1632" WIDTH="26"/>
						<String ID="P11_ST00263" HPOS="1795" VPOS="1589" WIDTH="173" HEIGHT="42" CONTENT="aspects" WC="1.00" CC="0000000"/>
						<SP ID="P11_SP00240" HPOS="1968" VPOS="1632" WIDTH="24"/>
						<String ID="P11_ST00264" HPOS="1992" VPOS="1580" WIDTH="114" HEIGHT="39" CONTENT="tradi" SUBS_TYPE="HypPart1" SUBS_CONTENT="traditionnels" WC="0.99" CC="00003"/>
						<HYP HPOS="2106" VPOS="1580" WIDTH="22" CONTENT="-"/>
					</TextLine>
					<TextLine ID="P11_TL00023" HPOS="135" VPOS="1647" WIDTH="1993" HEIGHT="53">
						<String ID="P11_ST00265" HPOS="135" VPOS="1650" WIDTH="192" HEIGHT="40" CONTENT="tionnels" SUBS_TYPE="HypPart2" SUBS_CONTENT="traditionnels" WC="1.00" CC="04000100"/>
						<SP ID="P11_SP00241" HPOS="327" VPOS="1690" WIDTH="24"/>
						<String ID="P11_ST00266" HPOS="351" VPOS="1658" WIDTH="40" HEIGHT="31" CONTENT="et" WC="0.97" CC="00"/>
						<SP ID="P11_SP00242" HPOS="391" VPOS="1690" WIDTH="37"/>
						<String ID="P11_ST00267" HPOS="428" VPOS="1648" WIDTH="226" HEIGHT="50" CONTENT="vulgarise" WC="1.00" CC="060000030"/>
						<SP ID="P11_SP00243" HPOS="654" VPOS="1698" WIDTH="23"/>
						<String ID="P11_ST00268" HPOS="677" VPOS="1657" WIDTH="144" HEIGHT="31" CONTENT="toutes" WC="0.99" CC="500404"/>
						<SP ID="P11_SP00244" HPOS="821" VPOS="1698" WIDTH="20"/>
						<String ID="P11_ST00269" HPOS="841" VPOS="1648" WIDTH="171" HEIGHT="39" CONTENT="choses." WC="1.00" CC="0000000"/>
						<SP ID="P11_SP00245" HPOS="1012" VPOS="1698" WIDTH="37"/>
						<String ID="P11_ST00270" HPOS="1049" VPOS="1647" WIDTH="88" HEIGHT="40" CONTENT="Par" WC="0.96" CC="009"/>
						<SP ID="P11_SP00246" HPOS="1137" VPOS="1698" WIDTH="21"/>
						<String ID="P11_ST00271" HPOS="1158" VPOS="1648" WIDTH="97" HEIGHT="39" CONTENT="delà" WC="0.99" CC="0006"/>
						<SP ID="P11_SP00247" HPOS="1255" VPOS="1698" WIDTH="24"/>
						<String ID="P11_ST00272" HPOS="1279" VPOS="1657" WIDTH="110" HEIGHT="31" CONTENT="cette" WC="0.99" CC="00540"/>
						<SP ID="P11_SP00248" HPOS="1389" VPOS="1698" WIDTH="20"/>
						<String ID="P11_ST00273" HPOS="1409" VPOS="1647" WIDTH="152" HEIGHT="52" CONTENT="façade" WC="1.00" CC="000000"/>
						<SP ID="P11_SP00249" HPOS="1561" VPOS="1699" WIDTH="21"/>
						<String ID="P11_ST00274" HPOS="1582" VPOS="1657" WIDTH="262" HEIGHT="43" CONTENT="tapageuse," WC="1.00" CC="0000000003"/>
						<SP ID="P11_SP00250" HPOS="1844" VPOS="1700" WIDTH="26"/>
						<String ID="P11_ST00275" HPOS="1870" VPOS="1662" WIDTH="87" HEIGHT="26" CONTENT="une" WC="0.99" CC="020"/>
						<SP ID="P11_SP00251" HPOS="1957" VPOS="1700" WIDTH="24"/>
						<String ID="P11_ST00276" HPOS="1981" VPOS="1650" WIDTH="82" HEIGHT="38" CONTENT="cité" WC="0.98" CC="0016"/>
						<SP ID="P11_SP00252" HPOS="2063" VPOS="1700" WIDTH="20"/>
						<String ID="P11_ST00277" HPOS="2083" VPOS="1662" WIDTH="45" HEIGHT="26" CONTENT="se" WC="0.71" CC="50"/>
					</TextLine>
					<TextLine ID="P11_TL00024" HPOS="134" VPOS="1715" WIDTH="1994" HEIGHT="53">
						<String ID="P11_ST00278" HPOS="134" VPOS="1718" WIDTH="133" HEIGHT="40" CONTENT="cache" WC="0.99" CC="00600"/>
						<SP ID="P11_SP00253" HPOS="267" VPOS="1758" WIDTH="21"/>
						<String ID="P11_ST00279" HPOS="288" VPOS="1726" WIDTH="41" HEIGHT="31" CONTENT="et" WC="0.77" CC="04"/>
						<SP ID="P11_SP00254" HPOS="329" VPOS="1758" WIDTH="23"/>
						<String ID="P11_ST00280" HPOS="352" VPOS="1717" WIDTH="100" HEIGHT="51" CONTENT="plus" WC="1.00" CC="0000"/>
						<SP ID="P11_SP00255" HPOS="452" VPOS="1768" WIDTH="39"/>
						<String ID="P11_ST00281" HPOS="491" VPOS="1716" WIDTH="95" HEIGHT="40" CONTENT="tard" WC="1.00" CC="1000"/>
						<SP ID="P11_SP00256" HPOS="586" VPOS="1768" WIDTH="35"/>
						<String ID="P11_ST00282" HPOS="621" VPOS="1730" WIDTH="45" HEIGHT="26" CONTENT="se" WC="1.00" CC="00"/>
						<SP ID="P11_SP00257" HPOS="666" VPOS="1768" WIDTH="24"/>
						<String ID="P11_ST00283" HPOS="690" VPOS="1716" WIDTH="141" HEIGHT="40" CONTENT="révèle" WC="0.99" CC="000800"/>
						<SP ID="P11_SP00258" HPOS="831" VPOS="1768" WIDTH="35"/>
						<String ID="P11_ST00284" HPOS="866" VPOS="1729" WIDTH="158" HEIGHT="27" CONTENT="encore" WC="1.00" CC="030000"/>
						<SP ID="P11_SP00259" HPOS="1024" VPOS="1768" WIDTH="31"/>
						<String ID="P11_ST00285" HPOS="1055" VPOS="1718" WIDTH="275" HEIGHT="50" CONTENT="pittoresque" WC="1.00" CC="00600000030"/>
						<SP ID="P11_SP00260" HPOS="1330" VPOS="1768" WIDTH="32"/>
						<String ID="P11_ST00286" HPOS="1362" VPOS="1725" WIDTH="40" HEIGHT="31" CONTENT="et" WC="0.69" CC="06"/>
						<SP ID="P11_SP00261" HPOS="1402" VPOS="1768" WIDTH="36"/>
						<String ID="P11_ST00287" HPOS="1438" VPOS="1718" WIDTH="216" HEIGHT="38" CONTENT="curieuse." WC="1.00" CC="000200004"/>
						<SP ID="P11_SP00262" HPOS="1654" VPOS="1768" WIDTH="35"/>
						<String ID="P11_ST00288" HPOS="1689" VPOS="1715" WIDTH="87" HEIGHT="41" CONTENT="Les" WC="1.00" CC="000"/>
						<SP ID="P11_SP00263" HPOS="1776" VPOS="1768" WIDTH="39"/>
						<String ID="P11_ST00289" HPOS="1815" VPOS="1730" WIDTH="100" HEIGHT="27" CONTENT="rues" WC="1.00" CC="0000"/>
						<SP ID="P11_SP00264" HPOS="1915" VPOS="1768" WIDTH="30"/>
						<String ID="P11_ST00290" HPOS="1945" VPOS="1717" WIDTH="161" HEIGHT="40" CONTENT="s'entre" SUBS_TYPE="HypPart1" SUBS_CONTENT="s'entrecroisent" WC="0.99" CC="0003300"/>
						<HYP HPOS="2106" VPOS="1717" WIDTH="22" CONTENT="-"/>
					</TextLine>
					<TextLine ID="P11_TL00025" HPOS="132" VPOS="1782" WIDTH="1997" HEIGHT="53">
						<String ID="P11_ST00291" HPOS="132" VPOS="1787" WIDTH="192" HEIGHT="38" CONTENT="croisent" SUBS_TYPE="HypPart2" SUBS_CONTENT="s'entrecroisent" WC="0.99" CC="00040062"/>
						<SP ID="P11_SP00265" HPOS="324" VPOS="1825" WIDTH="21"/>
						<String ID="P11_ST00292" HPOS="345" VPOS="1793" WIDTH="41" HEIGHT="31" CONTENT="et" WC="0.99" CC="00"/>
						<SP ID="P11_SP00266" HPOS="386" VPOS="1825" WIDTH="22"/>
						<String ID="P11_ST00293" HPOS="408" VPOS="1784" WIDTH="364" HEIGHT="40" CONTENT="s'enchevêtrent." WC="1.00" CC="000060005400044"/>
						<SP ID="P11_SP00267" HPOS="772" VPOS="1825" WIDTH="23"/>
						<String ID="P11_ST00294" HPOS="795" VPOS="1782" WIDTH="87" HEIGHT="42" CONTENT="Les" WC="1.00" CC="000"/>
						<SP ID="P11_SP00268" HPOS="882" VPOS="1825" WIDTH="17"/>
						<String ID="P11_ST00295" HPOS="899" VPOS="1785" WIDTH="198" HEIGHT="39" CONTENT="maisons" WC="1.00" CC="0600000"/>
						<SP ID="P11_SP00269" HPOS="1097" VPOS="1825" WIDTH="18"/>
						<String ID="P11_ST00296" HPOS="1115" VPOS="1784" WIDTH="301" HEIGHT="41" CONTENT="chevauchent" WC="1.00" CC="00000500006"/>
						<SP ID="P11_SP00270" HPOS="1416" VPOS="1825" WIDTH="24"/>
						<String ID="P11_ST00297" HPOS="1440" VPOS="1785" WIDTH="88" HEIGHT="40" CONTENT="mal" WC="0.99" CC="001"/>
						<SP ID="P11_SP00271" HPOS="1528" VPOS="1825" WIDTH="23"/>
						<String ID="P11_ST00298" HPOS="1551" VPOS="1785" WIDTH="222" HEIGHT="50" CONTENT="alignées;" WC="1.00" CC="000006006"/>
						<SP ID="P11_SP00272" HPOS="1773" VPOS="1835" WIDTH="27"/>
						<String ID="P11_ST00299" HPOS="1800" VPOS="1794" WIDTH="40" HEIGHT="31" CONTENT="et" WC="0.75" CC="05"/>
						<SP ID="P11_SP00273" HPOS="1840" VPOS="1835" WIDTH="21"/>
						<String ID="P11_ST00300" HPOS="1861" VPOS="1785" WIDTH="62" HEIGHT="40" CONTENT="les" WC="0.98" CC="400"/>
						<SP ID="P11_SP00274" HPOS="1923" VPOS="1835" WIDTH="25"/>
						<String ID="P11_ST00301" HPOS="1948" VPOS="1785" WIDTH="181" HEIGHT="40" CONTENT="arcades" WC="1.00" CC="0000000"/>
					</TextLine>
					<TextLine ID="P11_TL00026" HPOS="133" VPOS="1852" WIDTH="1991" HEIGHT="53">
						<String ID="P11_ST00302" HPOS="133" VPOS="1855" WIDTH="75" HEIGHT="50" CONTENT="qui" WC="0.98" CC="023"/>
						<SP ID="P11_SP00275" HPOS="208" VPOS="1905" WIDTH="34"/>
						<String ID="P11_ST00303" HPOS="242" VPOS="1853" WIDTH="62" HEIGHT="39" CONTENT="les" WC="0.97" CC="304"/>
						<SP ID="P11_SP00276" HPOS="304" VPOS="1905" WIDTH="44"/>
						<String ID="P11_ST00304" HPOS="348" VPOS="1852" WIDTH="202" HEIGHT="49" CONTENT="bordent," WC="0.99" CC="00000553"/>
						<SP ID="P11_SP00277" HPOS="550" VPOS="1905" WIDTH="39"/>
						<String ID="P11_ST00305" HPOS="589" VPOS="1853" WIDTH="209" HEIGHT="45" CONTENT="essaient," WC="1.00" CC="000060000"/>
						<SP ID="P11_SP00278" HPOS="798" VPOS="1905" WIDTH="38"/>
						<String ID="P11_ST00306" HPOS="836" VPOS="1852" WIDTH="254" HEIGHT="48" CONTENT="emmêlent," WC="1.00" CC="000730000"/>
						<SP ID="P11_SP00279" HPOS="1090" VPOS="1905" WIDTH="40"/>
						<String ID="P11_ST00307" HPOS="1130" VPOS="1862" WIDTH="202" HEIGHT="43" CONTENT="rompent" WC="1.00" CC="0000004"/>
						<SP ID="P11_SP00280" HPOS="1332" VPOS="1905" WIDTH="42"/>
						<String ID="P11_ST00308" HPOS="1374" VPOS="1853" WIDTH="53" HEIGHT="40" CONTENT="de" WC="1.00" CC="00"/>
						<SP ID="P11_SP00281" HPOS="1427" VPOS="1905" WIDTH="39"/>
						<String ID="P11_ST00309" HPOS="1466" VPOS="1854" WIDTH="301" HEIGHT="49" CONTENT="changeantes" WC="1.00" CC="00000000450"/>
						<SP ID="P11_SP00282" HPOS="1767" VPOS="1905" WIDTH="44"/>
						<String ID="P11_ST00310" HPOS="1811" VPOS="1855" WIDTH="313" HEIGHT="50" CONTENT="perspectives." WC="1.00" CC="0000000500024"/>
					</TextLine>
					<TextLine ID="P11_TL00027" HPOS="134" VPOS="1918" WIDTH="1993" HEIGHT="55">
						<String ID="P11_ST00311" HPOS="134" VPOS="1921" WIDTH="147" HEIGHT="47" CONTENT="Thun," WC="0.78" CC="50500"/>
						<SP ID="P11_SP00283" HPOS="281" VPOS="1968" WIDTH="23"/>
						<String ID="P11_ST00312" HPOS="304" VPOS="1933" WIDTH="158" HEIGHT="27" CONTENT="encore" WC="0.99" CC="070000"/>
						<SP ID="P11_SP00284" HPOS="462" VPOS="1968" WIDTH="25"/>
						<String ID="P11_ST00313" HPOS="487" VPOS="1924" WIDTH="21" HEIGHT="35" CONTENT="à" WC="0.94" CC="0"/>
						<SP ID="P11_SP00285" HPOS="508" VPOS="1968" WIDTH="24"/>
						<String ID="P11_ST00314" HPOS="532" VPOS="1919" WIDTH="116" HEIGHT="40" CONTENT="demi" WC="0.99" CC="0004"/>
						<SP ID="P11_SP00286" HPOS="648" VPOS="1968" WIDTH="25"/>
						<String ID="P11_ST00315" HPOS="673" VPOS="1918" WIDTH="162" HEIGHT="48" CONTENT="féodal," WC="0.99" CC="0630302"/>
						<SP ID="P11_SP00287" HPOS="835" VPOS="1968" WIDTH="31"/>
						<String ID="P11_ST00316" HPOS="866" VPOS="1920" WIDTH="138" HEIGHT="50" CONTENT="garde" WC="0.99" CC="00500"/>
						<SP ID="P11_SP00288" HPOS="1004" VPOS="1970" WIDTH="33"/>
						<String ID="P11_ST00317" HPOS="1037" VPOS="1933" WIDTH="80" HEIGHT="27" CONTENT="son" WC="1.00" CC="000"/>
						<SP ID="P11_SP00289" HPOS="1117" VPOS="1970" WIDTH="38"/>
						<String ID="P11_ST00318" HPOS="1155" VPOS="1922" WIDTH="151" HEIGHT="38" CONTENT="cimier" WC="1.00" CC="030300"/>
						<SP ID="P11_SP00290" HPOS="1306" VPOS="1970" WIDTH="24"/>
						<String ID="P11_ST00319" HPOS="1330" VPOS="1927" WIDTH="56" HEIGHT="34" CONTENT="où" WC="1.00" CC="00"/>
						<SP ID="P11_SP00291" HPOS="1386" VPOS="1970" WIDTH="24"/>
						<String ID="P11_ST00320" HPOS="1410" VPOS="1920" WIDTH="257" HEIGHT="53" CONTENT="s'opposent" WC="1.00" CC="0300000005"/>
						<SP ID="P11_SP00292" HPOS="1667" VPOS="1973" WIDTH="25"/>
						<String ID="P11_ST00321" HPOS="1692" VPOS="1931" WIDTH="40" HEIGHT="30" CONTENT="et" WC="0.73" CC="05"/>
						<SP ID="P11_SP00293" HPOS="1732" VPOS="1973" WIDTH="26"/>
						<String ID="P11_ST00322" HPOS="1758" VPOS="1935" WIDTH="45" HEIGHT="26" CONTENT="se" WC="1.00" CC="00"/>
						<SP ID="P11_SP00294" HPOS="1803" VPOS="1973" WIDTH="32"/>
						<String ID="P11_ST00323" HPOS="1835" VPOS="1922" WIDTH="205" HEIGHT="40" CONTENT="heurtent" WC="1.00" CC="00400000"/>
						<SP ID="P11_SP00295" HPOS="2040" VPOS="1973" WIDTH="29"/>
						<String ID="P11_ST00324" HPOS="2069" VPOS="1936" WIDTH="58" HEIGHT="25" CONTENT="un" WC="0.66" CC="60"/>
					</TextLine>
					<TextLine ID="P11_TL00028" HPOS="134" VPOS="1987" WIDTH="1994" HEIGHT="54">
						<String ID="P11_ST00325" HPOS="134" VPOS="1991" WIDTH="180" HEIGHT="50" CONTENT="antique" WC="1.00" CC="0000040"/>
						<SP ID="P11_SP00296" HPOS="314" VPOS="2041" WIDTH="22"/>
						<String ID="P11_ST00326" HPOS="336" VPOS="1989" WIDTH="189" HEIGHT="46" CONTENT="manoir," WC="0.99" CC="0050300"/>
						<SP ID="P11_SP00297" HPOS="525" VPOS="2041" WIDTH="26"/>
						<String ID="P11_ST00327" HPOS="551" VPOS="2001" WIDTH="87" HEIGHT="26" CONTENT="une" WC="0.98" CC="600"/>
						<SP ID="P11_SP00298" HPOS="638" VPOS="2041" WIDTH="31"/>
						<String ID="P11_ST00328" HPOS="669" VPOS="1987" WIDTH="155" HEIGHT="51" CONTENT="église," WC="1.00" CC="0020004"/>
						<SP ID="P11_SP00299" HPOS="824" VPOS="2041" WIDTH="26"/>
						<String ID="P11_ST00329" HPOS="850" VPOS="2003" WIDTH="59" HEIGHT="24" CONTENT="un" WC="0.77" CC="40"/>
						<SP ID="P11_SP00300" HPOS="909" VPOS="2041" WIDTH="23"/>
						<String ID="P11_ST00330" HPOS="932" VPOS="1990" WIDTH="107" HEIGHT="49" CONTENT="petit" WC="0.99" CC="00610"/>
						<SP ID="P11_SP00301" HPOS="1039" VPOS="2041" WIDTH="23"/>
						<String ID="P11_ST00331" HPOS="1062" VPOS="1990" WIDTH="221" HEIGHT="39" CONTENT="cimetière" WC="0.99" CC="010052800"/>
						<SP ID="P11_SP00302" HPOS="1283" VPOS="2041" WIDTH="23"/>
						<String ID="P11_ST00332" HPOS="1306" VPOS="1989" WIDTH="106" HEIGHT="40" CONTENT="dont" WC="0.99" CC="0005"/>
						<SP ID="P11_SP00303" HPOS="1412" VPOS="2041" WIDTH="21"/>
						<String ID="P11_ST00333" HPOS="1433" VPOS="1989" WIDTH="165" HEIGHT="40" CONTENT="l'herbe" WC="1.00" CC="0300000"/>
						<SP ID="P11_SP00304" HPOS="1598" VPOS="2041" WIDTH="23"/>
						<String ID="P11_ST00334" HPOS="1621" VPOS="1990" WIDTH="264" HEIGHT="40" CONTENT="doucement" WC="1.00" CC="005000000"/>
						<SP ID="P11_SP00305" HPOS="1885" VPOS="2041" WIDTH="31"/>
						<String ID="P11_ST00335" HPOS="1916" VPOS="1991" WIDTH="212" HEIGHT="39" CONTENT="ensevelit" WC="0.99" CC="005000444"/>
					</TextLine>
					<TextLine ID="P11_TL00029" HPOS="135" VPOS="2055" WIDTH="1994" HEIGHT="51">
						<String ID="P11_ST00336" HPOS="135" VPOS="2059" WIDTH="61" HEIGHT="39" CONTENT="les" WC="0.98" CC="003"/>
						<SP ID="P11_SP00306" HPOS="196" VPOS="2098" WIDTH="22"/>
						<String ID="P11_ST00337" HPOS="218" VPOS="2065" WIDTH="152" HEIGHT="32" CONTENT="morts." WC="0.99" CC="000604"/>
						<SP ID="P11_SP00307" HPOS="370" VPOS="2098" WIDTH="26"/>
						<String ID="P11_ST00338" HPOS="396" VPOS="2055" WIDTH="197" HEIGHT="40" CONTENT="Là-haut" WC="0.99" CC="0330006"/>
						<SP ID="P11_SP00308" HPOS="593" VPOS="2098" WIDTH="32"/>
						<String ID="P11_ST00339" HPOS="625" VPOS="2069" WIDTH="46" HEIGHT="26" CONTENT="ce" WC="1.00" CC="00"/>
						<SP ID="P11_SP00309" HPOS="671" VPOS="2098" WIDTH="31"/>
						<String ID="P11_ST00340" HPOS="702" VPOS="2064" WIDTH="100" HEIGHT="31" CONTENT="sont" WC="0.98" CC="0055"/>
						<SP ID="P11_SP00310" HPOS="802" VPOS="2098" WIDTH="32"/>
						<String ID="P11_ST00341" HPOS="834" VPOS="2056" WIDTH="77" HEIGHT="39" CONTENT="des" WC="1.00" CC="000"/>
						<SP ID="P11_SP00311" HPOS="911" VPOS="2098" WIDTH="25"/>
						<String ID="P11_ST00342" HPOS="936" VPOS="2057" WIDTH="210" HEIGHT="39" CONTENT="tourelles" WC="0.99" CC="566000000"/>
						<SP ID="P11_SP00312" HPOS="1146" VPOS="2098" WIDTH="23"/>
						<String ID="P11_ST00343" HPOS="1169" VPOS="2056" WIDTH="177" HEIGHT="41" CONTENT="coiffées" WC="0.99" CC="20200600"/>
						<SP ID="P11_SP00313" HPOS="1346" VPOS="2098" WIDTH="23"/>
						<String ID="P11_ST00344" HPOS="1369" VPOS="2057" WIDTH="52" HEIGHT="40" CONTENT="de" WC="1.00" CC="00"/>
						<SP ID="P11_SP00314" HPOS="1421" VPOS="2098" WIDTH="24"/>
						<String ID="P11_ST00345" HPOS="1445" VPOS="2058" WIDTH="157" HEIGHT="40" CONTENT="hautes" WC="1.00" CC="000600"/>
						<SP ID="P11_SP00315" HPOS="1602" VPOS="2098" WIDTH="26"/>
						<String ID="P11_ST00346" HPOS="1628" VPOS="2059" WIDTH="203" HEIGHT="47" CONTENT="toitures," WC="1.00" CC="103000004"/>
						<SP ID="P11_SP00316" HPOS="1831" VPOS="2106" WIDTH="35"/>
						<String ID="P11_ST00347" HPOS="1866" VPOS="2071" WIDTH="173" HEIGHT="27" CONTENT="comme" WC="0.99" CC="00006"/>
						<SP ID="P11_SP00317" HPOS="2039" VPOS="2106" WIDTH="35"/>
						<String ID="P11_ST00348" HPOS="2074" VPOS="2058" WIDTH="55" HEIGHT="39" CONTENT="de" WC="1.00" CC="00"/>
					</TextLine>
					<TextLine ID="P11_TL00030" HPOS="134" VPOS="2123" WIDTH="1995" HEIGHT="52">
						<String ID="P11_ST00349" HPOS="134" VPOS="2126" WIDTH="93" HEIGHT="40" CONTENT="leur" WC="0.98" CC="0071"/>
						<SP ID="P11_SP00318" HPOS="227" VPOS="2166" WIDTH="37"/>
						<String ID="P11_ST00350" HPOS="264" VPOS="2126" WIDTH="183" HEIGHT="47" CONTENT="hennin," WC="0.99" CC="0052354"/>
						<SP ID="P11_SP00319" HPOS="447" VPOS="2173" WIDTH="27"/>
						<String ID="P11_ST00351" HPOS="474" VPOS="2125" WIDTH="61" HEIGHT="39" CONTENT="les" WC="0.99" CC="300"/>
						<SP ID="P11_SP00320" HPOS="535" VPOS="2173" WIDTH="21"/>
						<String ID="P11_ST00352" HPOS="556" VPOS="2123" WIDTH="139" HEIGHT="40" CONTENT="belles" WC="0.99" CC="004200"/>
						<SP ID="P11_SP00321" HPOS="695" VPOS="2173" WIDTH="36"/>
						<String ID="P11_ST00353" HPOS="731" VPOS="2124" WIDTH="153" HEIGHT="39" CONTENT="dames" WC="0.99" CC="05000"/>
						<SP ID="P11_SP00322" HPOS="884" VPOS="2173" WIDTH="24"/>
						<String ID="P11_ST00354" HPOS="908" VPOS="2124" WIDTH="107" HEIGHT="40" CONTENT="dont" WC="0.99" CC="0003"/>
						<SP ID="P11_SP00323" HPOS="1015" VPOS="2173" WIDTH="26"/>
						<String ID="P11_ST00355" HPOS="1041" VPOS="2124" WIDTH="114" HEIGHT="51" CONTENT="l'âge" WC="0.99" CC="03100"/>
						<SP ID="P11_SP00324" HPOS="1155" VPOS="2175" WIDTH="31"/>
						<String ID="P11_ST00356" HPOS="1186" VPOS="2125" WIDTH="77" HEIGHT="40" CONTENT="des" WC="1.00" CC="000"/>
						<SP ID="P11_SP00325" HPOS="1263" VPOS="2175" WIDTH="44"/>
						<String ID="P11_ST00357" HPOS="1307" VPOS="2125" WIDTH="297" HEIGHT="41" CONTENT="troubadours" WC="1.00" CC="40030000000"/>
						<SP ID="P11_SP00326" HPOS="1604" VPOS="2175" WIDTH="32"/>
						<String ID="P11_ST00358" HPOS="1636" VPOS="2126" WIDTH="255" HEIGHT="40" CONTENT="s'extasiait." WC="1.00" CC="020000000332"/>
						<SP ID="P11_SP00327" HPOS="1891" VPOS="2175" WIDTH="27"/>
						<String ID="P11_ST00359" HPOS="1918" VPOS="2126" WIDTH="107" HEIGHT="40" CONTENT="Plus" WC="1.00" CC="0000"/>
						<SP ID="P11_SP00328" HPOS="2025" VPOS="2175" WIDTH="24"/>
						<String ID="P11_ST00360" HPOS="2049" VPOS="2125" WIDTH="80" HEIGHT="41" CONTENT="bas" WC="0.97" CC="062"/>
					</TextLine>
					<TextLine ID="P11_TL00031" HPOS="134" VPOS="2191" WIDTH="1993" HEIGHT="53">
						<String ID="P11_ST00361" HPOS="134" VPOS="2208" WIDTH="46" HEIGHT="26" CONTENT="ce" WC="0.80" CC="04"/>
						<SP ID="P11_SP00329" HPOS="180" VPOS="2234" WIDTH="23"/>
						<String ID="P11_ST00362" HPOS="203" VPOS="2203" WIDTH="97" HEIGHT="30" CONTENT="sont" WC="0.99" CC="2030"/>
						<SP ID="P11_SP00330" HPOS="300" VPOS="2234" WIDTH="20"/>
						<String ID="P11_ST00363" HPOS="320" VPOS="2193" WIDTH="62" HEIGHT="40" CONTENT="les" WC="0.98" CC="400"/>
						<SP ID="P11_SP00331" HPOS="382" VPOS="2234" WIDTH="18"/>
						<String ID="P11_ST00364" HPOS="400" VPOS="2192" WIDTH="115" HEIGHT="51" CONTENT="logis" WC="1.00" CC="00030"/>
						<SP ID="P11_SP00332" HPOS="515" VPOS="2243" WIDTH="23"/>
						<String ID="P11_ST00365" HPOS="538" VPOS="2192" WIDTH="53" HEIGHT="40" CONTENT="de" WC="1.00" CC="00"/>
						<SP ID="P11_SP00333" HPOS="591" VPOS="2243" WIDTH="23"/>
						<String ID="P11_ST00366" HPOS="614" VPOS="2192" WIDTH="174" HEIGHT="40" CONTENT="ceux-là" WC="0.99" CC="0040443"/>
						<SP ID="P11_SP00334" HPOS="788" VPOS="2243" WIDTH="26"/>
						<String ID="P11_ST00367" HPOS="814" VPOS="2194" WIDTH="75" HEIGHT="50" CONTENT="qui" WC="0.99" CC="002"/>
						<SP ID="P11_SP00335" HPOS="889" VPOS="2244" WIDTH="17"/>
						<String ID="P11_ST00368" HPOS="906" VPOS="2191" WIDTH="146" HEIGHT="42" CONTENT="furent" WC="1.00" CC="000030"/>
						<SP ID="P11_SP00336" HPOS="1052" VPOS="2244" WIDTH="19"/>
						<String ID="P11_ST00369" HPOS="1071" VPOS="2193" WIDTH="78" HEIGHT="40" CONTENT="des" WC="1.00" CC="000"/>
						<SP ID="P11_SP00337" HPOS="1149" VPOS="2244" WIDTH="22"/>
						<String ID="P11_ST00370" HPOS="1171" VPOS="2205" WIDTH="215" HEIGHT="39" CONTENT="vassaux;" WC="0.99" CC="04000800"/>
						<SP ID="P11_SP00338" HPOS="1386" VPOS="2244" WIDTH="24"/>
						<String ID="P11_ST00371" HPOS="1410" VPOS="2203" WIDTH="39" HEIGHT="31" CONTENT="et" WC="0.80" CC="03"/>
						<SP ID="P11_SP00339" HPOS="1449" VPOS="2244" WIDTH="21"/>
						<String ID="P11_ST00372" HPOS="1470" VPOS="2192" WIDTH="62" HEIGHT="42" CONTENT="les" WC="1.00" CC="100"/>
						<SP ID="P11_SP00340" HPOS="1532" VPOS="2244" WIDTH="21"/>
						<String ID="P11_ST00373" HPOS="1553" VPOS="2208" WIDTH="127" HEIGHT="26" CONTENT="caves" WC="1.00" CC="00000"/>
						<SP ID="P11_SP00341" HPOS="1680" VPOS="2244" WIDTH="22"/>
						<String ID="P11_ST00374" HPOS="1702" VPOS="2194" WIDTH="197" HEIGHT="48" CONTENT="béantes," WC="1.00" CC="00055000"/>
						<SP ID="P11_SP00342" HPOS="1899" VPOS="2244" WIDTH="27"/>
						<String ID="P11_ST00375" HPOS="1926" VPOS="2194" WIDTH="64" HEIGHT="40" CONTENT="les" WC="0.98" CC="300"/>
						<SP ID="P11_SP00343" HPOS="1990" VPOS="2244" WIDTH="23"/>
						<String ID="P11_ST00376" HPOS="2013" VPOS="2194" WIDTH="86" HEIGHT="40" CONTENT="bou" SUBS_TYPE="HypPart1" SUBS_CONTENT="boutiques" WC="0.98" CC="007"/>
						<HYP HPOS="2099" VPOS="2194" WIDTH="28" CONTENT="-"/>
					</TextLine>
					<TextLine ID="P11_TL00032" HPOS="134" VPOS="2260" WIDTH="1993" HEIGHT="53">
						<String ID="P11_ST00377" HPOS="134" VPOS="2264" WIDTH="143" HEIGHT="49" CONTENT="tiques" SUBS_TYPE="HypPart2" SUBS_CONTENT="boutiques" WC="0.99" CC="340500"/>
						<SP ID="P11_SP00344" HPOS="277" VPOS="2313" WIDTH="24"/>
						<String ID="P11_ST00378" HPOS="301" VPOS="2260" WIDTH="285" HEIGHT="41" CONTENT="ténébreuses" WC="1.00" CC="50700000400"/>
						<SP ID="P11_SP00345" HPOS="586" VPOS="2313" WIDTH="25"/>
						<String ID="P11_ST00379" HPOS="611" VPOS="2262" WIDTH="75" HEIGHT="49" CONTENT="qui" WC="1.00" CC="000"/>
						<SP ID="P11_SP00346" HPOS="686" VPOS="2313" WIDTH="25"/>
						<String ID="P11_ST00380" HPOS="711" VPOS="2269" WIDTH="99" HEIGHT="31" CONTENT="sont" WC="0.97" CC="0074"/>
						<SP ID="P11_SP00347" HPOS="810" VPOS="2313" WIDTH="23"/>
						<String ID="P11_ST00381" HPOS="833" VPOS="2260" WIDTH="144" HEIGHT="53" CONTENT="plutôt" WC="0.99" CC="007005"/>
						<SP ID="P11_SP00348" HPOS="977" VPOS="2313" WIDTH="19"/>
						<String ID="P11_ST00382" HPOS="996" VPOS="2261" WIDTH="77" HEIGHT="40" CONTENT="des" WC="0.97" CC="008"/>
						<SP ID="P11_SP00349" HPOS="1073" VPOS="2313" WIDTH="24"/>
						<String ID="P11_ST00383" HPOS="1097" VPOS="2264" WIDTH="209" HEIGHT="46" CONTENT="tanières," WC="0.99" CC="604070004"/>
						<SP ID="P11_SP00350" HPOS="1306" VPOS="2313" WIDTH="28"/>
						<String ID="P11_ST00384" HPOS="1334" VPOS="2261" WIDTH="273" HEIGHT="41" CONTENT="s'enfoncent" WC="1.00" CC="04000000005"/>
						<SP ID="P11_SP00351" HPOS="1607" VPOS="2313" WIDTH="31"/>
						<String ID="P11_ST00385" HPOS="1638" VPOS="2276" WIDTH="107" HEIGHT="27" CONTENT="sous" WC="0.98" CC="0170"/>
						<SP ID="P11_SP00352" HPOS="1745" VPOS="2313" WIDTH="29"/>
						<String ID="P11_ST00386" HPOS="1774" VPOS="2264" WIDTH="63" HEIGHT="39" CONTENT="les" WC="0.99" CC="201"/>
						<SP ID="P11_SP00353" HPOS="1837" VPOS="2313" WIDTH="33"/>
						<String ID="P11_ST00387" HPOS="1870" VPOS="2264" WIDTH="197" HEIGHT="39" CONTENT="trottoirs" WC="1.00" CC="100000100"/>
						<SP ID="P11_SP00354" HPOS="2067" VPOS="2313" WIDTH="20"/>
						<String ID="P11_ST00388" HPOS="2087" VPOS="2272" WIDTH="40" HEIGHT="31" CONTENT="et" WC="1.00" CC="00"/>
					</TextLine>
					<TextLine ID="P11_TL00033" HPOS="134" VPOS="2328" WIDTH="1323" HEIGHT="53">
						<String ID="P11_ST00389" HPOS="134" VPOS="2343" WIDTH="104" HEIGHT="27" CONTENT="sous" WC="0.98" CC="2007"/>
						<SP ID="P11_SP00355" HPOS="238" VPOS="2370" WIDTH="25"/>
						<String ID="P11_ST00390" HPOS="263" VPOS="2330" WIDTH="38" HEIGHT="39" CONTENT="la" WC="0.77" CC="40"/>
						<SP ID="P11_SP00356" HPOS="301" VPOS="2370" WIDTH="18"/>
						<String ID="P11_ST00391" HPOS="319" VPOS="2342" WIDTH="180" HEIGHT="27" CONTENT="menace" WC="0.99" CC="003700"/>
						<SP ID="P11_SP00357" HPOS="499" VPOS="2370" WIDTH="18"/>
						<String ID="P11_ST00392" HPOS="517" VPOS="2328" WIDTH="77" HEIGHT="40" CONTENT="des" WC="1.00" CC="000"/>
						<SP ID="P11_SP00358" HPOS="594" VPOS="2370" WIDTH="21"/>
						<String ID="P11_ST00393" HPOS="615" VPOS="2330" WIDTH="228" HEIGHT="38" CONTENT="ruisseaux" WC="1.00" CC="230000020"/>
						<SP ID="P11_SP00359" HPOS="843" VPOS="2370" WIDTH="19"/>
						<String ID="P11_ST00394" HPOS="862" VPOS="2329" WIDTH="51" HEIGHT="39" CONTENT="de" WC="1.00" CC="00"/>
						<SP ID="P11_SP00360" HPOS="913" VPOS="2370" WIDTH="30"/>
						<String ID="P11_ST00395" HPOS="943" VPOS="2330" WIDTH="151" HEIGHT="51" CONTENT="rapide" WC="0.99" CC="060401"/>
						<SP ID="P11_SP00361" HPOS="1094" VPOS="2381" WIDTH="22"/>
						<String ID="P11_ST00396" HPOS="1116" VPOS="2329" WIDTH="341" HEIGHT="51" CONTENT="vagabondage." WC="1.00" CC="000000400002"/>
					</TextLine>
					<TextLine ID="P11_TL00034" HPOS="192" VPOS="2394" WIDTH="1938" HEIGHT="56">
						<String ID="P11_ST00397" HPOS="192" VPOS="2397" WIDTH="62" HEIGHT="40" CONTENT="Là" WC="1.00" CC="00"/>
						<SP ID="P11_SP00362" HPOS="254" VPOS="2437" WIDTH="22"/>
						<String ID="P11_ST00398" HPOS="276" VPOS="2394" WIDTH="301" HEIGHT="44" CONTENT="Saint-Saëns" WC="0.85" CC="00004400500"/>
						<SP ID="P11_SP00363" HPOS="577" VPOS="2438" WIDTH="25"/>
						<String ID="P11_ST00399" HPOS="602" VPOS="2410" WIDTH="21" HEIGHT="26" CONTENT="a" WC="1.00" CC="0"/>
						<SP ID="P11_SP00364" HPOS="623" VPOS="2438" WIDTH="34"/>
						<String ID="P11_ST00400" HPOS="657" VPOS="2401" WIDTH="107" HEIGHT="35" CONTENT="vécu" WC="0.98" CC="0820"/>
						<SP ID="P11_SP00365" HPOS="764" VPOS="2438" WIDTH="41"/>
						<String ID="P11_ST00401" HPOS="805" VPOS="2397" WIDTH="216" HEIGHT="51" CONTENT="quelques" WC="1.00" CC="00030000"/>
						<SP ID="P11_SP00366" HPOS="1021" VPOS="2448" WIDTH="24"/>
						<String ID="P11_ST00402" HPOS="1045" VPOS="2398" WIDTH="122" HEIGHT="52" CONTENT="jours" WC="1.00" CC="00000"/>
						<SP ID="P11_SP00367" HPOS="1167" VPOS="2450" WIDTH="32"/>
						<String ID="P11_ST00403" HPOS="1199" VPOS="2399" WIDTH="53" HEIGHT="39" CONTENT="de" WC="1.00" CC="00"/>
						<SP ID="P11_SP00368" HPOS="1252" VPOS="2450" WIDTH="30"/>
						<String ID="P11_ST00404" HPOS="1282" VPOS="2398" WIDTH="113" HEIGHT="41" CONTENT="beau" WC="1.00" CC="0000"/>
						<SP ID="P11_SP00369" HPOS="1395" VPOS="2450" WIDTH="38"/>
						<String ID="P11_ST00405" HPOS="1433" VPOS="2398" WIDTH="172" HEIGHT="48" CONTENT="labeur," WC="0.99" CC="6000004"/>
						<SP ID="P11_SP00370" HPOS="1605" VPOS="2450" WIDTH="44"/>
						<String ID="P11_ST00406" HPOS="1649" VPOS="2413" WIDTH="52" HEIGHT="27" CONTENT="en" WC="0.64" CC="07"/>
						<SP ID="P11_SP00371" HPOS="1701" VPOS="2450" WIDTH="38"/>
						<String ID="P11_ST00407" HPOS="1739" VPOS="2403" WIDTH="85" HEIGHT="37" CONTENT="tête" WC="0.95" CC="2765"/>
						<SP ID="P11_SP00372" HPOS="1824" VPOS="2450" WIDTH="24"/>
						<String ID="P11_ST00408" HPOS="1848" VPOS="2404" WIDTH="21" HEIGHT="34" CONTENT="à" WC="1.00" CC="0"/>
						<SP ID="P11_SP00373" HPOS="1869" VPOS="2450" WIDTH="41"/>
						<String ID="P11_ST00409" HPOS="1910" VPOS="2403" WIDTH="83" HEIGHT="37" CONTENT="tête" WC="0.98" CC="4030"/>
						<SP ID="P11_SP00374" HPOS="1993" VPOS="2450" WIDTH="35"/>
						<String ID="P11_ST00410" HPOS="2028" VPOS="2413" WIDTH="102" HEIGHT="27" CONTENT="avec" WC="1.00" CC="0001"/>
					</TextLine>
					<TextLine ID="P11_TL00035" HPOS="135" VPOS="2464" WIDTH="1995" HEIGHT="53">
						<String ID="P11_ST00411" HPOS="135" VPOS="2480" WIDTH="80" HEIGHT="26" CONTENT="son" WC="1.00" CC="000"/>
						<SP ID="P11_SP00375" HPOS="215" VPOS="2506" WIDTH="44"/>
						<String ID="P11_ST00412" HPOS="259" VPOS="2478" WIDTH="165" HEIGHT="28" CONTENT="œuvre." WC="0.98" CC="060901"/>
						<SP ID="P11_SP00376" HPOS="424" VPOS="2506" WIDTH="28"/>
						<String ID="P11_ST00413" HPOS="452" VPOS="2464" WIDTH="31" HEIGHT="40" CONTENT="Il" WC="0.98" CC="00"/>
						<SP ID="P11_SP00377" HPOS="483" VPOS="2506" WIDTH="25"/>
						<String ID="P11_ST00414" HPOS="508" VPOS="2469" WIDTH="152" HEIGHT="35" CONTENT="écoute" WC="0.99" CC="710000"/>
						<SP ID="P11_SP00378" HPOS="660" VPOS="2506" WIDTH="25"/>
						<String ID="P11_ST00415" HPOS="685" VPOS="2465" WIDTH="63" HEIGHT="40" CONTENT="les" WC="1.00" CC="000"/>
						<SP ID="P11_SP00379" HPOS="748" VPOS="2506" WIDTH="21"/>
						<String ID="P11_ST00416" HPOS="769" VPOS="2465" WIDTH="131" HEIGHT="40" CONTENT="héros" WC="1.00" CC="30001"/>
						<SP ID="P11_SP00380" HPOS="900" VPOS="2506" WIDTH="37"/>
						<String ID="P11_ST00417" HPOS="937" VPOS="2464" WIDTH="105" HEIGHT="53" CONTENT="qu'il" WC="0.99" CC="00304"/>
						<SP ID="P11_SP00381" HPOS="1042" VPOS="2517" WIDTH="45"/>
						<String ID="P11_ST00418" HPOS="1087" VPOS="2481" WIDTH="21" HEIGHT="25" CONTENT="a" WC="1.00" CC="0"/>
						<SP ID="P11_SP00382" HPOS="1108" VPOS="2517" WIDTH="40"/>
						<String ID="P11_ST00419" HPOS="1148" VPOS="2466" WIDTH="78" HEIGHT="41" CONTENT="fait" WC="1.00" CC="0000"/>
						<SP ID="P11_SP00383" HPOS="1226" VPOS="2517" WIDTH="37"/>
						<String ID="P11_ST00420" HPOS="1263" VPOS="2469" WIDTH="134" HEIGHT="47" CONTENT="siens," WC="0.99" CC="020701"/>
						<SP ID="P11_SP00384" HPOS="1397" VPOS="2517" WIDTH="43"/>
						<String ID="P11_ST00421" HPOS="1440" VPOS="2468" WIDTH="28" HEIGHT="39" CONTENT="il" WC="0.75" CC="04"/>
						<SP ID="P11_SP00385" HPOS="1468" VPOS="2517" WIDTH="41"/>
						<String ID="P11_ST00422" HPOS="1509" VPOS="2466" WIDTH="190" HEIGHT="42" CONTENT="s'écoute" WC="1.00" CC="00000000"/>
						<SP ID="P11_SP00386" HPOS="1699" VPOS="2517" WIDTH="34"/>
						<String ID="P11_ST00423" HPOS="1733" VPOS="2468" WIDTH="248" HEIGHT="39" CONTENT="lui-même." WC="0.99" CC="002305003"/>
						<SP ID="P11_SP00387" HPOS="1981" VPOS="2517" WIDTH="42"/>
						<String ID="P11_ST00424" HPOS="2023" VPOS="2468" WIDTH="107" HEIGHT="41" CONTENT="Puis" WC="1.00" CC="0000"/>
					</TextLine>
					<TextLine ID="P11_TL00036" HPOS="134" VPOS="2533" WIDTH="1995" HEIGHT="54">
						<String ID="P11_ST00425" HPOS="134" VPOS="2535" WIDTH="38" HEIGHT="38" CONTENT="le" WC="1.00" CC="00"/>
						<SP ID="P11_SP00388" HPOS="172" VPOS="2573" WIDTH="23"/>
						<String ID="P11_ST00426" HPOS="195" VPOS="2536" WIDTH="89" HEIGHT="37" CONTENT="soir" WC="1.00" CC="0020"/>
						<SP ID="P11_SP00389" HPOS="284" VPOS="2573" WIDTH="31"/>
						<String ID="P11_ST00427" HPOS="315" VPOS="2547" WIDTH="132" HEIGHT="32" CONTENT="venu," WC="0.99" CC="00204"/>
						<SP ID="P11_SP00390" HPOS="447" VPOS="2579" WIDTH="26"/>
						<String ID="P11_ST00428" HPOS="473" VPOS="2542" WIDTH="132" HEIGHT="31" CONTENT="avant" WC="0.99" CC="00054"/>
						<SP ID="P11_SP00391" HPOS="605" VPOS="2579" WIDTH="33"/>
						<String ID="P11_ST00429" HPOS="638" VPOS="2547" WIDTH="85" HEIGHT="37" CONTENT="que" WC="0.98" CC="040"/>
						<SP ID="P11_SP00392" HPOS="723" VPOS="2584" WIDTH="23"/>
						<String ID="P11_ST00430" HPOS="746" VPOS="2533" WIDTH="216" HEIGHT="40" CONTENT="descende" WC="1.00" CC="00000200"/>
						<SP ID="P11_SP00393" HPOS="962" VPOS="2584" WIDTH="24"/>
						<String ID="P11_ST00431" HPOS="986" VPOS="2535" WIDTH="202" HEIGHT="50" CONTENT="l'ombre," WC="0.99" CC="53000004"/>
						<SP ID="P11_SP00394" HPOS="1188" VPOS="2585" WIDTH="43"/>
						<String ID="P11_ST00432" HPOS="1231" VPOS="2536" WIDTH="28" HEIGHT="39" CONTENT="il" WC="0.86" CC="11"/>
						<SP ID="P11_SP00395" HPOS="1259" VPOS="2585" WIDTH="39"/>
						<String ID="P11_ST00433" HPOS="1298" VPOS="2551" WIDTH="52" HEIGHT="25" CONTENT="va" WC="1.00" CC="00"/>
						<SP ID="P11_SP00396" HPOS="1350" VPOS="2585" WIDTH="24"/>
						<String ID="P11_ST00434" HPOS="1374" VPOS="2537" WIDTH="113" HEIGHT="40" CONTENT="dans" WC="1.00" CC="0000"/>
						<SP ID="P11_SP00397" HPOS="1487" VPOS="2585" WIDTH="36"/>
						<String ID="P11_ST00435" HPOS="1523" VPOS="2545" WIDTH="109" HEIGHT="32" CONTENT="cette" WC="1.00" CC="00020"/>
						<SP ID="P11_SP00398" HPOS="1632" VPOS="2585" WIDTH="32"/>
						<String ID="P11_ST00436" HPOS="1664" VPOS="2537" WIDTH="89" HEIGHT="38" CONTENT="Aar" WC="0.79" CC="600"/>
						<SP ID="P11_SP00399" HPOS="1753" VPOS="2585" WIDTH="40"/>
						<String ID="P11_ST00437" HPOS="1793" VPOS="2537" WIDTH="251" HEIGHT="50" CONTENT="grondante" WC="1.00" CC="000004040"/>
						<SP ID="P11_SP00400" HPOS="2044" VPOS="2587" WIDTH="41"/>
						<String ID="P11_ST00438" HPOS="2085" VPOS="2551" WIDTH="44" HEIGHT="26" CONTENT="se" WC="0.86" CC="20"/>
					</TextLine>
					<TextLine ID="P11_TL00037" HPOS="137" VPOS="2601" WIDTH="1992" HEIGHT="56">
						<String ID="P11_ST00439" HPOS="137" VPOS="2602" WIDTH="202" HEIGHT="51" CONTENT="plonger," WC="0.99" CC="00330004"/>
						<SP ID="P11_SP00401" HPOS="339" VPOS="2653" WIDTH="27"/>
						<String ID="P11_ST00440" HPOS="366" VPOS="2614" WIDTH="171" HEIGHT="27" CONTENT="comme" WC="1.00" CC="00000"/>
						<SP ID="P11_SP00402" HPOS="537" VPOS="2653" WIDTH="19"/>
						<String ID="P11_ST00441" HPOS="556" VPOS="2615" WIDTH="59" HEIGHT="26" CONTENT="un" WC="0.68" CC="60"/>
						<SP ID="P11_SP00403" HPOS="615" VPOS="2653" WIDTH="34"/>
						<String ID="P11_ST00442" HPOS="649" VPOS="2603" WIDTH="149" HEIGHT="38" CONTENT="triton." WC="0.99" CC="2005001"/>
						<SP ID="P11_SP00404" HPOS="798" VPOS="2653" WIDTH="28"/>
						<String ID="P11_ST00443" HPOS="826" VPOS="2601" WIDTH="135" HEIGHT="41" CONTENT="L'eau" WC="0.99" CC="00004"/>
						<SP ID="P11_SP00405" HPOS="961" VPOS="2653" WIDTH="18"/>
						<String ID="P11_ST00444" HPOS="979" VPOS="2612" WIDTH="64" HEIGHT="31" CONTENT="est" WC="1.00" CC="000"/>
						<SP ID="P11_SP00406" HPOS="1043" VPOS="2653" WIDTH="23"/>
						<String ID="P11_ST00445" HPOS="1066" VPOS="2603" WIDTH="141" HEIGHT="41" CONTENT="froide" WC="1.00" CC="000300"/>
						<SP ID="P11_SP00407" HPOS="1207" VPOS="2653" WIDTH="22"/>
						<String ID="P11_ST00446" HPOS="1229" VPOS="2609" WIDTH="21" HEIGHT="35" CONTENT="à" WC="0.79" CC="2"/>
						<SP ID="P11_SP00408" HPOS="1250" VPOS="2653" WIDTH="24"/>
						<String ID="P11_ST00447" HPOS="1274" VPOS="2619" WIDTH="84" HEIGHT="38" CONTENT="peu" WC="1.00" CC="000"/>
						<SP ID="P11_SP00409" HPOS="1358" VPOS="2657" WIDTH="22"/>
						<String ID="P11_ST00448" HPOS="1380" VPOS="2611" WIDTH="100" HEIGHT="46" CONTENT="près" WC="0.99" CC="0070"/>
						<SP ID="P11_SP00410" HPOS="1480" VPOS="2657" WIDTH="18"/>
						<String ID="P11_ST00449" HPOS="1498" VPOS="2617" WIDTH="175" HEIGHT="28" CONTENT="comme" WC="1.00" CC="00000"/>
						<SP ID="P11_SP00411" HPOS="1673" VPOS="2657" WIDTH="24"/>
						<String ID="P11_ST00450" HPOS="1697" VPOS="2605" WIDTH="61" HEIGHT="40" CONTENT="les" WC="1.00" CC="000"/>
						<SP ID="P11_SP00412" HPOS="1758" VPOS="2657" WIDTH="21"/>
						<String ID="P11_ST00451" HPOS="1779" VPOS="2606" WIDTH="153" HEIGHT="49" CONTENT="neiges" WC="0.99" CC="303000"/>
						<SP ID="P11_SP00413" HPOS="1932" VPOS="2657" WIDTH="24"/>
						<String ID="P11_ST00452" HPOS="1956" VPOS="2607" WIDTH="73" HEIGHT="50" CONTENT="qui" WC="0.98" CC="023"/>
						<SP ID="P11_SP00414" HPOS="2029" VPOS="2657" WIDTH="24"/>
						<String ID="P11_ST00453" HPOS="2053" VPOS="2605" WIDTH="76" HEIGHT="40" CONTENT="des" WC="0.98" CC="004"/>
					</TextLine>
					<TextLine ID="P11_TL00038" HPOS="135" VPOS="2669" WIDTH="1995" HEIGHT="59">
						<String ID="P11_ST00454" HPOS="135" VPOS="2672" WIDTH="134" HEIGHT="37" CONTENT="cimes" WC="1.00" CC="00003"/>
						<SP ID="P11_SP00415" HPOS="269" VPOS="2709" WIDTH="24"/>
						<String ID="P11_ST00455" HPOS="293" VPOS="2670" WIDTH="237" HEIGHT="39" CONTENT="lointaines" WC="1.00" CC="1036004000"/>
						<SP ID="P11_SP00416" HPOS="530" VPOS="2709" WIDTH="23"/>
						<String ID="P11_ST00456" HPOS="553" VPOS="2669" WIDTH="106" HEIGHT="40" CONTENT="l'ont" WC="0.99" CC="30002"/>
						<SP ID="P11_SP00417" HPOS="659" VPOS="2709" WIDTH="34"/>
						<String ID="P11_ST00457" HPOS="693" VPOS="2670" WIDTH="177" HEIGHT="51" CONTENT="pleurée" WC="0.82" CC="0004070"/>
						<SP ID="P11_SP00418" HPOS="870" VPOS="2721" WIDTH="19"/>
						<String ID="P11_ST00458" HPOS="889" VPOS="2685" WIDTH="9" HEIGHT="33" CONTENT=";" WC="0.58" CC="4"/>
						<SP ID="P11_SP00419" HPOS="898" VPOS="2721" WIDTH="27"/>
						<String ID="P11_ST00459" HPOS="925" VPOS="2673" WIDTH="112" HEIGHT="38" CONTENT="mais" WC="1.00" CC="0010"/>
						<SP ID="P11_SP00420" HPOS="1037" VPOS="2721" WIDTH="20"/>
						<String ID="P11_ST00460" HPOS="1057" VPOS="2669" WIDTH="102" HEIGHT="43" CONTENT="c'est" WC="0.99" CC="04002"/>
						<SP ID="P11_SP00421" HPOS="1159" VPOS="2721" WIDTH="26"/>
						<String ID="P11_ST00461" HPOS="1185" VPOS="2687" WIDTH="84" HEIGHT="26" CONTENT="une" WC="1.00" CC="000"/>
						<SP ID="P11_SP00422" HPOS="1269" VPOS="2721" WIDTH="23"/>
						<String ID="P11_ST00462" HPOS="1292" VPOS="2687" WIDTH="82" HEIGHT="27" CONTENT="eau" WC="0.98" CC="004"/>
						<SP ID="P11_SP00423" HPOS="1374" VPOS="2721" WIDTH="22"/>
						<String ID="P11_ST00463" HPOS="1396" VPOS="2674" WIDTH="54" HEIGHT="39" CONTENT="de" WC="1.00" CC="00"/>
						<SP ID="P11_SP00424" HPOS="1450" VPOS="2721" WIDTH="19"/>
						<String ID="P11_ST00464" HPOS="1469" VPOS="2674" WIDTH="223" HEIGHT="54" CONTENT="Jouvence" WC="1.00" CC="10000500"/>
						<SP ID="P11_SP00425" HPOS="1692" VPOS="2728" WIDTH="37"/>
						<String ID="P11_ST00465" HPOS="1729" VPOS="2680" WIDTH="55" HEIGHT="33" CONTENT="où" WC="1.00" CC="00"/>
						<SP ID="P11_SP00426" HPOS="1784" VPOS="2728" WIDTH="37"/>
						<String ID="P11_ST00466" HPOS="1821" VPOS="2683" WIDTH="202" HEIGHT="30" CONTENT="retrouve" WC="1.00" CC="00300300"/>
						<SP ID="P11_SP00427" HPOS="2023" VPOS="2728" WIDTH="31"/>
						<String ID="P11_ST00467" HPOS="2054" VPOS="2673" WIDTH="76" HEIGHT="40" CONTENT="des" WC="1.00" CC="000"/>
					</TextLine>
					<TextLine ID="P11_TL00039" HPOS="134" VPOS="2737" WIDTH="1995" HEIGHT="54">
						<String ID="P11_ST00468" HPOS="134" VPOS="2737" WIDTH="141" HEIGHT="40" CONTENT="forces" WC="1.00" CC="000003"/>
						<SP ID="P11_SP00428" HPOS="275" VPOS="2777" WIDTH="32"/>
						<String ID="P11_ST00469" HPOS="307" VPOS="2746" WIDTH="41" HEIGHT="32" CONTENT="et" WC="0.75" CC="04"/>
						<SP ID="P11_SP00429" HPOS="348" VPOS="2778" WIDTH="22"/>
						<String ID="P11_ST00470" HPOS="370" VPOS="2738" WIDTH="78" HEIGHT="39" CONTENT="des" WC="1.00" CC="000"/>
						<SP ID="P11_SP00430" HPOS="448" VPOS="2778" WIDTH="33"/>
						<String ID="P11_ST00471" HPOS="481" VPOS="2737" WIDTH="176" HEIGHT="50" CONTENT="agilités" WC="0.99" CC="00302070"/>
						<SP ID="P11_SP00431" HPOS="657" VPOS="2787" WIDTH="23"/>
						<String ID="P11_ST00472" HPOS="680" VPOS="2738" WIDTH="176" HEIGHT="40" CONTENT="celui-là" WC="0.99" CC="00604401"/>
						<SP ID="P11_SP00432" HPOS="856" VPOS="2787" WIDTH="22"/>
						<String ID="P11_ST00473" HPOS="878" VPOS="2741" WIDTH="74" HEIGHT="50" CONTENT="qui" WC="1.00" CC="000"/>
						<SP ID="P11_SP00433" HPOS="952" VPOS="2791" WIDTH="34"/>
						<String ID="P11_ST00474" HPOS="986" VPOS="2739" WIDTH="257" HEIGHT="42" CONTENT="semblerait" WC="1.00" CC="0000000425"/>
						<SP ID="P11_SP00434" HPOS="1243" VPOS="2791" WIDTH="24"/>
						<String ID="P11_ST00475" HPOS="1267" VPOS="2746" WIDTH="22" HEIGHT="35" CONTENT="à" WC="0.28" CC="7"/>
						<SP ID="P11_SP00435" HPOS="1289" VPOS="2791" WIDTH="33"/>
						<String ID="P11_ST00476" HPOS="1322" VPOS="2742" WIDTH="242" HEIGHT="40" CONTENT="l'automne" WC="1.00" CC="040030030"/>
						<SP ID="P11_SP00436" HPOS="1564" VPOS="2791" WIDTH="22"/>
						<String ID="P11_ST00477" HPOS="1586" VPOS="2742" WIDTH="53" HEIGHT="39" CONTENT="de" WC="1.00" CC="00"/>
						<SP ID="P11_SP00437" HPOS="1639" VPOS="2791" WIDTH="24"/>
						<String ID="P11_ST00478" HPOS="1663" VPOS="2742" WIDTH="38" HEIGHT="39" CONTENT="la" WC="1.00" CC="00"/>
						<SP ID="P11_SP00438" HPOS="1701" VPOS="2791" WIDTH="24"/>
						<String ID="P11_ST00479" HPOS="1725" VPOS="2742" WIDTH="83" HEIGHT="49" CONTENT="vie," WC="0.99" CC="0004"/>
						<SP ID="P11_SP00439" HPOS="1808" VPOS="2791" WIDTH="28"/>
						<String ID="P11_ST00480" HPOS="1836" VPOS="2742" WIDTH="34" HEIGHT="38" CONTENT="si" WC="1.00" CC="00"/>
						<SP ID="P11_SP00440" HPOS="1870" VPOS="2791" WIDTH="39"/>
						<String ID="P11_ST00481" HPOS="1909" VPOS="2741" WIDTH="37" HEIGHT="39" CONTENT="la" WC="1.00" CC="00"/>
						<SP ID="P11_SP00441" HPOS="1946" VPOS="2791" WIDTH="23"/>
						<String ID="P11_ST00482" HPOS="1969" VPOS="2739" WIDTH="160" HEIGHT="42" CONTENT="faculté" WC="0.99" CC="0020060"/>
					</TextLine>
					<TextLine ID="P11_TL00040" HPOS="134" VPOS="2807" WIDTH="1995" HEIGHT="54">
						<String ID="P11_ST00483" HPOS="134" VPOS="2807" WIDTH="222" HEIGHT="47" CONTENT="créatrice," WC="0.99" CC="0900003004"/>
						<SP ID="P11_SP00442" HPOS="356" VPOS="2854" WIDTH="45"/>
						<String ID="P11_ST00484" HPOS="401" VPOS="2807" WIDTH="35" HEIGHT="38" CONTENT="si" WC="0.79" CC="04"/>
						<SP ID="P11_SP00443" HPOS="436" VPOS="2854" WIDTH="37"/>
						<String ID="P11_ST00485" HPOS="473" VPOS="2807" WIDTH="217" HEIGHT="40" CONTENT="aisément" WC="1.00" CC="02000070"/>
						<SP ID="P11_SP00444" HPOS="690" VPOS="2854" WIDTH="39"/>
						<String ID="P11_ST00486" HPOS="729" VPOS="2807" WIDTH="184" HEIGHT="50" CONTENT="révélée," WC="0.99" CC="10063003"/>
						<SP ID="P11_SP00445" HPOS="913" VPOS="2857" WIDTH="38"/>
						<String ID="P11_ST00487" HPOS="951" VPOS="2822" WIDTH="55" HEIGHT="26" CONTENT="ne" WC="1.00" CC="00"/>
						<SP ID="P11_SP00446" HPOS="1006" VPOS="2857" WIDTH="43"/>
						<String ID="P11_ST00488" HPOS="1049" VPOS="2808" WIDTH="207" HEIGHT="42" CONTENT="semblait" WC="1.00" CC="10000024"/>
						<SP ID="P11_SP00447" HPOS="1256" VPOS="2857" WIDTH="39"/>
						<String ID="P11_ST00489" HPOS="1295" VPOS="2808" WIDTH="225" HEIGHT="42" CONTENT="l'attarder" WC="1.00" CC="1305000000"/>
						<SP ID="P11_SP00448" HPOS="1520" VPOS="2857" WIDTH="43"/>
						<String ID="P11_ST00490" HPOS="1563" VPOS="2824" WIDTH="54" HEIGHT="26" CONTENT="en" WC="1.00" CC="00"/>
						<SP ID="P11_SP00449" HPOS="1617" VPOS="2857" WIDTH="51"/>
						<String ID="P11_ST00491" HPOS="1668" VPOS="2810" WIDTH="77" HEIGHT="39" CONTENT="des" WC="1.00" CC="000"/>
						<SP ID="P11_SP00450" HPOS="1745" VPOS="2857" WIDTH="55"/>
						<String ID="P11_ST00492" HPOS="1800" VPOS="2810" WIDTH="175" HEIGHT="38" CONTENT="saisons" WC="1.00" CC="0040000"/>
						<SP ID="P11_SP00451" HPOS="1975" VPOS="2857" WIDTH="55"/>
						<String ID="P11_ST00493" HPOS="2030" VPOS="2810" WIDTH="99" HEIGHT="51" CONTENT="plus" WC="0.99" CC="0310"/>
					</TextLine>
					<TextLine ID="P11_TL00041" HPOS="134" VPOS="2874" WIDTH="219" HEIGHT="52">
						<String ID="P11_ST00494" HPOS="134" VPOS="2874" WIDTH="219" HEIGHT="52" CONTENT="joyeuses." WC="1.00" CC="000000003"/>
					</TextLine>
					<TextLine ID="P11_TL00042" HPOS="190" VPOS="2941" WIDTH="1938" HEIGHT="62">
						<String ID="P11_ST00495" HPOS="190" VPOS="2956" WIDTH="18" HEIGHT="24" CONTENT="«" WC="0.62" CC="3"/>
						<SP ID="P11_SP00452" HPOS="208" VPOS="2980" WIDTH="29"/>
						<String ID="P11_ST00496" HPOS="237" VPOS="2941" WIDTH="161" HEIGHT="49" CONTENT="Venez," WC="0.99" CC="303030"/>
						<SP ID="P11_SP00453" HPOS="398" VPOS="2990" WIDTH="40"/>
						<String ID="P11_ST00497" HPOS="438" VPOS="2945" WIDTH="310" HEIGHT="39" CONTENT="conversation" WC="1.00" CC="000000000300"/>
						<SP ID="P11_SP00454" HPOS="748" VPOS="2990" WIDTH="23"/>
						<String ID="P11_ST00498" HPOS="771" VPOS="2944" WIDTH="352" HEIGHT="53" CONTENT="indispensable," WC="1.00" CC="30000000000104"/>
						<SP ID="P11_SP00455" HPOS="1123" VPOS="2997" WIDTH="27"/>
						<String ID="P11_ST00499" HPOS="1150" VPOS="2950" WIDTH="103" HEIGHT="39" CONTENT="récit" WC="0.99" CC="00006"/>
						<SP ID="P11_SP00456" HPOS="1253" VPOS="2997" WIDTH="36"/>
						<String ID="P11_ST00500" HPOS="1289" VPOS="2949" WIDTH="226" HEIGHT="41" CONTENT="excellent." WC="0.99" CC="0400340054"/>
						<SP ID="P11_SP00457" HPOS="1515" VPOS="2997" WIDTH="43"/>
						<String ID="P11_ST00501" HPOS="1558" VPOS="2963" WIDTH="20" HEIGHT="24" CONTENT="»" WC="0.55" CC="4"/>
						<SP ID="P11_SP00458" HPOS="1578" VPOS="2997" WIDTH="45"/>
						<String ID="P11_ST00502" HPOS="1623" VPOS="2949" WIDTH="80" HEIGHT="42" CONTENT="Cet" WC="0.97" CC="105"/>
						<SP ID="P11_SP00459" HPOS="1703" VPOS="2997" WIDTH="33"/>
						<String ID="P11_ST00503" HPOS="1736" VPOS="2952" WIDTH="127" HEIGHT="51" CONTENT="appel" WC="0.99" CC="00005"/>
						<SP ID="P11_SP00460" HPOS="1863" VPOS="3003" WIDTH="34"/>
						<String ID="P11_ST00504" HPOS="1897" VPOS="2952" WIDTH="231" HEIGHT="51" CONTENT="laconique" WC="1.00" CC="200005040"/>
					</TextLine>
					<TextLine ID="P11_TL00043" HPOS="135" VPOS="3012" WIDTH="1993" HEIGHT="61">
						<String ID="P11_ST00505" HPOS="135" VPOS="3012" WIDTH="111" HEIGHT="39" CONTENT="mais" WC="0.99" CC="0060"/>
						<SP ID="P11_SP00461" HPOS="246" VPOS="3051" WIDTH="36"/>
						<String ID="P11_ST00506" HPOS="282" VPOS="3012" WIDTH="243" HEIGHT="50" CONTENT="impérieux" WC="1.00" CC="300000000"/>
						<SP ID="P11_SP00462" HPOS="525" VPOS="3062" WIDTH="30"/>
						<String ID="P11_ST00507" HPOS="555" VPOS="3013" WIDTH="143" HEIGHT="39" CONTENT="réunit" WC="0.99" CC="500340"/>
						<SP ID="P11_SP00463" HPOS="698" VPOS="3062" WIDTH="36"/>
						<String ID="P11_ST00508" HPOS="734" VPOS="3012" WIDTH="62" HEIGHT="40" CONTENT="les" WC="0.98" CC="500"/>
						<SP ID="P11_SP00464" HPOS="796" VPOS="3062" WIDTH="23"/>
						<String ID="P11_ST00509" HPOS="819" VPOS="3013" WIDTH="112" HEIGHT="40" CONTENT="deux" WC="0.99" CC="0050"/>
						<SP ID="P11_SP00465" HPOS="931" VPOS="3062" WIDTH="29"/>
						<String ID="P11_ST00510" HPOS="960" VPOS="3015" WIDTH="253" HEIGHT="52" CONTENT="complices." WC="1.00" CC="0300000200"/>
						<SP ID="P11_SP00466" HPOS="1213" VPOS="3067" WIDTH="27"/>
						<String ID="P11_ST00511" HPOS="1240" VPOS="3015" WIDTH="204" HEIGHT="43" CONTENT="L'œuvre" WC="1.00" CC="0000000"/>
						<SP ID="P11_SP00467" HPOS="1444" VPOS="3067" WIDTH="22"/>
						<String ID="P11_ST00512" HPOS="1466" VPOS="3019" WIDTH="77" HEIGHT="40" CONTENT="dès" WC="0.97" CC="070"/>
						<SP ID="P11_SP00468" HPOS="1543" VPOS="3067" WIDTH="24"/>
						<String ID="P11_ST00513" HPOS="1567" VPOS="3019" WIDTH="86" HEIGHT="40" CONTENT="lors" WC="0.99" CC="2000"/>
						<SP ID="P11_SP00469" HPOS="1653" VPOS="3067" WIDTH="39"/>
						<String ID="P11_ST00514" HPOS="1692" VPOS="3029" WIDTH="64" HEIGHT="31" CONTENT="est" WC="0.98" CC="005"/>
						<SP ID="P11_SP00470" HPOS="1756" VPOS="3067" WIDTH="21"/>
						<String ID="P11_ST00515" HPOS="1777" VPOS="3033" WIDTH="187" HEIGHT="40" CONTENT="presque" WC="1.00" CC="0040000"/>
						<SP ID="P11_SP00471" HPOS="1964" VPOS="3073" WIDTH="38"/>
						<String ID="P11_ST00516" HPOS="2002" VPOS="3020" WIDTH="101" HEIGHT="39" CONTENT="ache" SUBS_TYPE="HypPart1" SUBS_CONTENT="achevée" WC="1.00" CC="0000"/>
						<HYP HPOS="2103" VPOS="3020" WIDTH="25" CONTENT="-"/>
					</TextLine>
					<TextLine ID="P11_TL00044" HPOS="132" VPOS="3080" WIDTH="1767" HEIGHT="49">
						<String ID="P11_ST00517" HPOS="132" VPOS="3083" WIDTH="79" HEIGHT="35" CONTENT="vée" SUBS_TYPE="HypPart2" SUBS_CONTENT="achevée" WC="0.98" CC="060"/>
						<SP ID="P11_SP00472" HPOS="211" VPOS="3118" WIDTH="22"/>
						<String ID="P11_ST00518" HPOS="233" VPOS="3094" WIDTH="8" HEIGHT="32" CONTENT=";" WC="0.11" CC="8"/>
						<SP ID="P11_SP00473" HPOS="241" VPOS="3126" WIDTH="36"/>
						<String ID="P11_ST00519" HPOS="277" VPOS="3088" WIDTH="40" HEIGHT="31" CONTENT="et" WC="0.79" CC="04"/>
						<SP ID="P11_SP00474" HPOS="317" VPOS="3126" WIDTH="29"/>
						<String ID="P11_ST00520" HPOS="346" VPOS="3080" WIDTH="38" HEIGHT="39" CONTENT="la" WC="1.00" CC="00"/>
						<SP ID="P11_SP00475" HPOS="384" VPOS="3126" WIDTH="37"/>
						<String ID="P11_ST00521" HPOS="421" VPOS="3082" WIDTH="309" HEIGHT="38" CONTENT="conversation" WC="1.00" CC="003000502205"/>
						<SP ID="P11_SP00476" HPOS="730" VPOS="3126" WIDTH="25"/>
						<String ID="P11_ST00522" HPOS="755" VPOS="3095" WIDTH="21" HEIGHT="25" CONTENT="a" WC="1.00" CC="0"/>
						<SP ID="P11_SP00477" HPOS="776" VPOS="3126" WIDTH="27"/>
						<String ID="P11_ST00523" HPOS="803" VPOS="3081" WIDTH="244" HEIGHT="42" CONTENT="seulement" WC="1.00" CC="000400002"/>
						<SP ID="P11_SP00478" HPOS="1047" VPOS="3126" WIDTH="23"/>
						<String ID="P11_ST00524" HPOS="1070" VPOS="3084" WIDTH="151" HEIGHT="41" CONTENT="décidé" WC="1.00" CC="000200"/>
						<SP ID="P11_SP00479" HPOS="1221" VPOS="3126" WIDTH="24"/>
						<String ID="P11_ST00525" HPOS="1245" VPOS="3086" WIDTH="52" HEIGHT="39" CONTENT="de" WC="1.00" CC="00"/>
						<SP ID="P11_SP00480" HPOS="1297" VPOS="3126" WIDTH="23"/>
						<String ID="P11_ST00526" HPOS="1320" VPOS="3086" WIDTH="39" HEIGHT="40" CONTENT="la" WC="0.79" CC="40"/>
						<SP ID="P11_SP00481" HPOS="1359" VPOS="3126" WIDTH="38"/>
						<String ID="P11_ST00527" HPOS="1397" VPOS="3088" WIDTH="256" HEIGHT="40" CONTENT="conclusion" WC="1.00" CC="0000060300"/>
						<SP ID="P11_SP00482" HPOS="1653" VPOS="3128" WIDTH="29"/>
						<String ID="P11_ST00528" HPOS="1682" VPOS="3088" WIDTH="217" HEIGHT="41" CONTENT="dernière." WC="0.99" CC="000047004"/>
					</TextLine>
					<TextLine ID="P11_TL00045" HPOS="191" VPOS="3146" WIDTH="1938" HEIGHT="60">
						<String ID="P11_ST00529" HPOS="191" VPOS="3146" WIDTH="190" HEIGHT="43" CONTENT="En.date" WC="0.73" CC="6070050"/>
						<SP ID="P11_SP00483" HPOS="381" VPOS="3189" WIDTH="20"/>
						<String ID="P11_ST00530" HPOS="401" VPOS="3148" WIDTH="58" HEIGHT="40" CONTENT="du" WC="0.77" CC="04"/>
						<SP ID="P11_SP00484" HPOS="459" VPOS="3189" WIDTH="30"/>
						<String ID="P11_ST00531" HPOS="489" VPOS="3163" WIDTH="39" HEIGHT="25" CONTENT="11" WC="0.64" CC="07"/>
						<SP ID="P11_SP00485" HPOS="528" VPOS="3189" WIDTH="28"/>
						<String ID="P11_ST00532" HPOS="556" VPOS="3155" WIDTH="105" HEIGHT="34" CONTENT="août" WC="1.00" CC="0000"/>
						<SP ID="P11_SP00486" HPOS="661" VPOS="3189" WIDTH="22"/>
						<String ID="P11_ST00533" HPOS="683" VPOS="3162" WIDTH="117" HEIGHT="38" CONTENT="i9°s&gt;" WC="0.40" CC="53487"/>
						<SP ID="P11_SP00487" HPOS="800" VPOS="3200" WIDTH="27"/>
						<String ID="P11_ST00534" HPOS="827" VPOS="3163" WIDTH="85" HEIGHT="27" CONTENT="une" STYLE="superscript" WC="0.25" CC="777"/>
						<SP ID="P11_SP00488" HPOS="912" VPOS="3200" WIDTH="18"/>
						<String ID="P11_ST00535" HPOS="930" VPOS="3151" WIDTH="125" HEIGHT="41" CONTENT="lettre" WC="0.98" CC="670500"/>
						<SP ID="P11_SP00489" HPOS="1055" VPOS="3200" WIDTH="20"/>
						<String ID="P11_ST00536" HPOS="1075" VPOS="3155" WIDTH="143" HEIGHT="38" CONTENT="arrive" WC="1.00" CC="000200"/>
						<SP ID="P11_SP00490" HPOS="1218" VPOS="3200" WIDTH="31"/>
						<String ID="P11_ST00537" HPOS="1249" VPOS="3154" WIDTH="54" HEIGHT="40" CONTENT="de" WC="1.00" CC="00"/>
						<SP ID="P11_SP00491" HPOS="1303" VPOS="3200" WIDTH="20"/>
						<String ID="P11_ST00538" HPOS="1323" VPOS="3154" WIDTH="148" HEIGHT="51" CONTENT="Thun," WC="0.92" CC="00004"/>
						<SP ID="P11_SP00492" HPOS="1471" VPOS="3205" WIDTH="23"/>
						<String ID="P11_ST00539" HPOS="1494" VPOS="3169" WIDTH="56" HEIGHT="27" CONTENT="ou" WC="0.68" CC="15"/>
						<SP ID="P11_SP00493" HPOS="1550" VPOS="3205" WIDTH="24"/>
						<String ID="P11_ST00540" HPOS="1574" VPOS="3156" WIDTH="202" HEIGHT="50" CONTENT="Thoune," WC="0.92" CC="0000302"/>
						<SP ID="P11_SP00494" HPOS="1776" VPOS="3206" WIDTH="28"/>
						<String ID="P11_ST00541" HPOS="1804" VPOS="3158" WIDTH="88" HEIGHT="40" CONTENT="lun" WC="0.55" CC="402"/>
						<SP ID="P11_SP00495" HPOS="1892" VPOS="3206" WIDTH="20"/>
						<String ID="P11_ST00542" HPOS="1912" VPOS="3167" WIDTH="40" HEIGHT="31" CONTENT="et" WC="0.60" CC="25"/>
						<SP ID="P11_SP00496" HPOS="1952" VPOS="3206" WIDTH="24"/>
						<String ID="P11_ST00543" HPOS="1976" VPOS="3157" WIDTH="153" HEIGHT="41" CONTENT="l'autre" WC="1.00" CC="0200300"/>
					</TextLine>
					<TextLine ID="P11_TL00046" HPOS="135" VPOS="3216" WIDTH="1994" HEIGHT="60">
						<String ID="P11_ST00544" HPOS="135" VPOS="3228" WIDTH="45" HEIGHT="26" CONTENT="se" WC="1.00" CC="00"/>
						<SP ID="P11_SP00497" HPOS="180" VPOS="3254" WIDTH="23"/>
						<String ID="P11_ST00545" HPOS="203" VPOS="3216" WIDTH="61" HEIGHT="39" CONTENT="dit" WC="0.97" CC="035"/>
						<SP ID="P11_SP00498" HPOS="264" VPOS="3255" WIDTH="24"/>
						<String ID="P11_ST00546" HPOS="288" VPOS="3229" WIDTH="57" HEIGHT="26" CONTENT="ou" WC="0.80" CC="40"/>
						<SP ID="P11_SP00499" HPOS="345" VPOS="3255" WIDTH="37"/>
						<String ID="P11_ST00547" HPOS="382" VPOS="3229" WIDTH="46" HEIGHT="27" CONTENT="se" WC="0.96" CC="00"/>
						<SP ID="P11_SP00500" HPOS="428" VPOS="3256" WIDTH="22"/>
						<String ID="P11_ST00548" HPOS="450" VPOS="3217" WIDTH="145" HEIGHT="40" CONTENT="disent" WC="0.99" CC="000060"/>
						<SP ID="P11_SP00501" HPOS="595" VPOS="3257" WIDTH="27"/>
						<String ID="P11_ST00549" HPOS="622" VPOS="3228" WIDTH="7" HEIGHT="25" CONTENT=":" WC="0.15" CC="8"/>
						<SP ID="P11_SP00502" HPOS="629" VPOS="3257" WIDTH="26"/>
						<String ID="P11_ST00550" HPOS="655" VPOS="3231" WIDTH="20" HEIGHT="24" CONTENT="«" WC="0.92" CC="0"/>
						<SP ID="P11_SP00503" HPOS="675" VPOS="3257" WIDTH="24"/>
						<String ID="P11_ST00551" HPOS="699" VPOS="3217" WIDTH="63" HEIGHT="40" CONTENT="Le" WC="1.00" CC="00"/>
						<SP ID="P11_SP00504" HPOS="762" VPOS="3257" WIDTH="23"/>
						<String ID="P11_ST00552" HPOS="785" VPOS="3229" WIDTH="193" HEIGHT="42" CONTENT="quatuor" WC="0.99" CC="0001410"/>
						<SP ID="P11_SP00505" HPOS="978" VPOS="3271" WIDTH="34"/>
						<String ID="P11_ST00553" HPOS="1012" VPOS="3221" WIDTH="84" HEIGHT="39" CONTENT="m'a" WC="1.00" CC="000"/>
						<SP ID="P11_SP00506" HPOS="1096" VPOS="3271" WIDTH="27"/>
						<String ID="P11_ST00554" HPOS="1123" VPOS="3221" WIDTH="147" HEIGHT="41" CONTENT="donné" WC="0.98" CC="00406"/>
						<SP ID="P11_SP00507" HPOS="1270" VPOS="3271" WIDTH="23"/>
						<String ID="P11_ST00555" HPOS="1293" VPOS="3222" WIDTH="230" HEIGHT="54" CONTENT="beaucoup" WC="1.00" CC="00050010"/>
						<SP ID="P11_SP00508" HPOS="1523" VPOS="3276" WIDTH="23"/>
						<String ID="P11_ST00556" HPOS="1546" VPOS="3225" WIDTH="54" HEIGHT="39" CONTENT="de" WC="1.00" CC="00"/>
						<SP ID="P11_SP00509" HPOS="1600" VPOS="3276" WIDTH="30"/>
						<String ID="P11_ST00557" HPOS="1630" VPOS="3226" WIDTH="104" HEIGHT="38" CONTENT="mal." WC="1.00" CC="0001"/>
						<SP ID="P11_SP00510" HPOS="1734" VPOS="3276" WIDTH="28"/>
						<String ID="P11_ST00558" HPOS="1762" VPOS="3225" WIDTH="117" HEIGHT="41" CONTENT="C'est" WC="0.99" CC="30006"/>
						<SP ID="P11_SP00511" HPOS="1879" VPOS="3276" WIDTH="41"/>
						<String ID="P11_ST00559" HPOS="1920" VPOS="3230" WIDTH="142" HEIGHT="36" CONTENT="même" WC="0.99" CC="0402"/>
						<SP ID="P11_SP00512" HPOS="2062" VPOS="3276" WIDTH="31"/>
						<String ID="P11_ST00560" HPOS="2093" VPOS="3227" WIDTH="36" HEIGHT="39" CONTENT="le" WC="0.98" CC="00"/>
					</TextLine>
					<TextLine ID="P11_TL00047" HPOS="135" VPOS="3283" WIDTH="1993" HEIGHT="63">
						<String ID="P11_ST00561" HPOS="135" VPOS="3283" WIDTH="92" HEIGHT="39" CONTENT="seul" WC="1.00" CC="0002"/>
						<SP ID="P11_SP00513" HPOS="227" VPOS="3322" WIDTH="28"/>
						<String ID="P11_ST00562" HPOS="255" VPOS="3297" WIDTH="208" HEIGHT="28" CONTENT="morceau" WC="1.00" CC="0000400"/>
						<SP ID="P11_SP00514" HPOS="463" VPOS="3325" WIDTH="25"/>
						<String ID="P11_ST00563" HPOS="488" VPOS="3285" WIDTH="53" HEIGHT="40" CONTENT="de" WC="0.92" CC="01"/>
						<SP ID="P11_SP00515" HPOS="541" VPOS="3325" WIDTH="21"/>
						<String ID="P11_ST00564" HPOS="562" VPOS="3286" WIDTH="10" HEIGHT="39" CONTENT="1" WC="0.65" CC="3"/>
						<SP ID="P11_SP00516" HPOS="572" VPOS="3325" WIDTH="20"/>
						<String ID="P11_ST00565" HPOS="592" VPOS="3299" WIDTH="196" HEIGHT="38" CONTENT="ouvrage" WC="0.99" CC="0001700"/>
						<SP ID="P11_SP00517" HPOS="788" VPOS="3337" WIDTH="38"/>
						<String ID="P11_ST00566" HPOS="826" VPOS="3289" WIDTH="75" HEIGHT="50" CONTENT="qui" WC="0.99" CC="003"/>
						<SP ID="P11_SP00518" HPOS="901" VPOS="3339" WIDTH="24"/>
						<String ID="P11_ST00567" HPOS="925" VPOS="3302" WIDTH="115" HEIGHT="27" CONTENT="men" WC="1.00" CC="001"/>
						<SP ID="P11_SP00519" HPOS="1040" VPOS="3339" WIDTH="43"/>
						<String ID="P11_ST00568" HPOS="1083" VPOS="3292" WIDTH="60" HEIGHT="38" CONTENT="ait" WC="0.97" CC="503"/>
						<SP ID="P11_SP00520" HPOS="1143" VPOS="3339" WIDTH="22"/>
						<String ID="P11_ST00569" HPOS="1165" VPOS="3290" WIDTH="161" HEIGHT="40" CONTENT="donné." WC="0.99" CC="000060"/>
						<SP ID="P11_SP00521" HPOS="1326" VPOS="3339" WIDTH="39"/>
						<String ID="P11_ST00570" HPOS="1365" VPOS="3290" WIDTH="70" HEIGHT="42" CONTENT="On" WC="0.98" CC="00"/>
						<SP ID="P11_SP00522" HPOS="1435" VPOS="3339" WIDTH="37"/>
						<String ID="P11_ST00571" HPOS="1472" VPOS="3306" WIDTH="54" HEIGHT="26" CONTENT="ne" WC="1.00" CC="00"/>
						<SP ID="P11_SP00523" HPOS="1526" VPOS="3339" WIDTH="41"/>
						<String ID="P11_ST00572" HPOS="1567" VPOS="3293" WIDTH="39" HEIGHT="39" CONTENT="le" WC="0.67" CC="33"/>
						<SP ID="P11_SP00524" HPOS="1606" VPOS="3339" WIDTH="36"/>
						<String ID="P11_ST00573" HPOS="1642" VPOS="3294" WIDTH="129" HEIGHT="39" CONTENT="dirait" WC="0.99" CC="020124"/>
						<SP ID="P11_SP00525" HPOS="1771" VPOS="3339" WIDTH="40"/>
						<String ID="P11_ST00574" HPOS="1811" VPOS="3308" WIDTH="93" HEIGHT="38" CONTENT="pas." WC="0.99" CC="0003"/>
						<SP ID="P11_SP00526" HPOS="1904" VPOS="3346" WIDTH="38"/>
						<String ID="P11_ST00575" HPOS="1942" VPOS="3294" WIDTH="30" HEIGHT="40" CONTENT="Il" WC="0.76" CC="40"/>
						<SP ID="P11_SP00527" HPOS="1972" VPOS="3346" WIDTH="33"/>
						<String ID="P11_ST00576" HPOS="2005" VPOS="3294" WIDTH="123" HEIGHT="40" CONTENT="coule" WC="1.00" CC="00200"/>
					</TextLine>
					<TextLine ID="P11_TL00048" HPOS="135" VPOS="3350" WIDTH="1993" HEIGHT="64">
						<String ID="P11_ST00577" HPOS="135" VPOS="3350" WIDTH="51" HEIGHT="39" CONTENT="de" WC="0.90" CC="01"/>
						<SP ID="P11_SP00528" HPOS="186" VPOS="3389" WIDTH="34"/>
						<String ID="P11_ST00578" HPOS="220" VPOS="3364" WIDTH="154" HEIGHT="28" CONTENT="source" WC="1.00" CC="000310"/>
						<SP ID="P11_SP00529" HPOS="374" VPOS="3392" WIDTH="24"/>
						<String ID="P11_ST00579" HPOS="398" VPOS="3366" WIDTH="173" HEIGHT="27" CONTENT="comme" WC="1.00" CC="00000"/>
						<SP ID="P11_SP00530" HPOS="571" VPOS="3393" WIDTH="23"/>
						<String ID="P11_ST00580" HPOS="594" VPOS="3353" WIDTH="119" HEIGHT="41" CONTENT="l'Aar" WC="0.83" CC="44000"/>
						<SP ID="P11_SP00531" HPOS="713" VPOS="3394" WIDTH="22"/>
						<String ID="P11_ST00581" HPOS="735" VPOS="3369" WIDTH="53" HEIGHT="26" CONTENT="en" WC="0.67" CC="06"/>
						<SP ID="P11_SP00532" HPOS="788" VPOS="3395" WIDTH="22"/>
						<String ID="P11_ST00582" HPOS="810" VPOS="3369" WIDTH="236" HEIGHT="38" CONTENT="personne." WC="1.00" CC="000000003"/>
						<SP ID="P11_SP00533" HPOS="1046" VPOS="3407" WIDTH="34"/>
						<String ID="P11_ST00583" HPOS="1080" VPOS="3356" WIDTH="280" HEIGHT="44" CONTENT="Maintenant" WC="1.00" CC="0000000001"/>
						<SP ID="P11_SP00534" HPOS="1360" VPOS="3407" WIDTH="34"/>
						<String ID="P11_ST00584" HPOS="1394" VPOS="3374" WIDTH="104" HEIGHT="26" CONTENT="avec" WC="1.00" CC="0000"/>
						<SP ID="P11_SP00535" HPOS="1498" VPOS="3407" WIDTH="38"/>
						<String ID="P11_ST00585" HPOS="1536" VPOS="3361" WIDTH="38" HEIGHT="39" CONTENT="le" WC="0.79" CC="40"/>
						<SP ID="P11_SP00536" HPOS="1574" VPOS="3407" WIDTH="21"/>
						<String ID="P11_ST00586" HPOS="1595" VPOS="3362" WIDTH="81" HEIGHT="39" CONTENT="trio" WC="0.99" CC="4010"/>
						<SP ID="P11_SP00537" HPOS="1676" VPOS="3407" WIDTH="30"/>
						<String ID="P11_ST00587" HPOS="1706" VPOS="3370" WIDTH="41" HEIGHT="31" CONTENT="et" WC="0.97" CC="00"/>
						<SP ID="P11_SP00538" HPOS="1747" VPOS="3407" WIDTH="25"/>
						<String ID="P11_ST00588" HPOS="1772" VPOS="3362" WIDTH="37" HEIGHT="40" CONTENT="le" WC="1.00" CC="00"/>
						<SP ID="P11_SP00539" HPOS="1809" VPOS="3407" WIDTH="33"/>
						<String ID="P11_ST00589" HPOS="1842" VPOS="3371" WIDTH="205" HEIGHT="43" CONTENT="quatuor," WC="0.99" CC="01361304"/>
						<SP ID="P11_SP00540" HPOS="2047" VPOS="3414" WIDTH="45"/>
						<String ID="P11_ST00590" HPOS="2092" VPOS="3363" WIDTH="36" HEIGHT="50" CONTENT="je" WC="1.00" CC="00"/>
					</TextLine>
					<TextLine ID="P11_TL00049" HPOS="134" VPOS="3422" WIDTH="1994" HEIGHT="60">
						<String ID="P11_ST00591" HPOS="134" VPOS="3431" WIDTH="111" HEIGHT="27" CONTENT="vous" WC="1.00" CC="0000"/>
						<SP ID="P11_SP00541" HPOS="245" VPOS="3458" WIDTH="37"/>
						<String ID="P11_ST00592" HPOS="282" VPOS="3422" WIDTH="191" HEIGHT="49" CONTENT="réponds" WC="1.00" CC="4000300"/>
						<SP ID="P11_SP00542" HPOS="473" VPOS="3471" WIDTH="40"/>
						<String ID="P11_ST00593" HPOS="513" VPOS="3436" WIDTH="85" HEIGHT="37" CONTENT="que" WC="1.00" CC="000"/>
						<SP ID="P11_SP00543" HPOS="598" VPOS="3473" WIDTH="35"/>
						<String ID="P11_ST00594" HPOS="633" VPOS="3422" WIDTH="39" HEIGHT="40" CONTENT="la" WC="0.85" CC="20"/>
						<SP ID="P11_SP00544" HPOS="672" VPOS="3473" WIDTH="33"/>
						<String ID="P11_ST00595" HPOS="705" VPOS="3424" WIDTH="120" HEIGHT="51" CONTENT="pièce" WC="0.99" CC="00700"/>
						<SP ID="P11_SP00545" HPOS="825" VPOS="3475" WIDTH="24"/>
						<String ID="P11_ST00596" HPOS="849" VPOS="3438" WIDTH="53" HEIGHT="26" CONTENT="ne" WC="0.94" CC="10"/>
						<SP ID="P11_SP00546" HPOS="902" VPOS="3475" WIDTH="36"/>
						<String ID="P11_ST00597" HPOS="938" VPOS="3425" WIDTH="156" HEIGHT="40" CONTENT="desinit" WC="0.75" CC="0033342" STYLEREFS="TXT_3"/>
						<SP ID="P11_SP00547" HPOS="1094" VPOS="3475" WIDTH="36"/>
						<String ID="P11_ST00598" HPOS="1130" VPOS="3440" WIDTH="80" HEIGHT="38" CONTENT="pas" WC="1.00" CC="000"/>
						<SP ID="P11_SP00548" HPOS="1210" VPOS="3478" WIDTH="30"/>
						<String ID="P11_ST00599" HPOS="1240" VPOS="3427" WIDTH="46" HEIGHT="39" CONTENT="in" WC="0.67" CC="06" STYLEREFS="TXT_3"/>
						<SP ID="P11_SP00549" HPOS="1286" VPOS="3478" WIDTH="31"/>
						<String ID="P11_ST00600" HPOS="1317" VPOS="3436" WIDTH="155" HEIGHT="44" CONTENT="piscem" WC="0.84" CC="020600" STYLEREFS="TXT_3"/>
						<String ID="P11_ST00601" HPOS="1480" VPOS="3459" WIDTH="8" HEIGHT="9" CONTENT="." WC="0.62" CC="3"/>
						<SP ID="P11_SP00550" HPOS="1488" VPOS="3480" WIDTH="34"/>
						<String ID="P11_ST00602" HPOS="1522" VPOS="3429" WIDTH="49" HEIGHT="53" CONTENT="Je" WC="0.94" CC="10"/>
						<SP ID="P11_SP00551" HPOS="1571" VPOS="3482" WIDTH="40"/>
						<String ID="P11_ST00603" HPOS="1611" VPOS="3431" WIDTH="88" HEIGHT="37" CONTENT="sais" WC="0.99" CC="2010"/>
						<SP ID="P11_SP00552" HPOS="1699" VPOS="3482" WIDTH="37"/>
						<String ID="P11_ST00604" HPOS="1736" VPOS="3428" WIDTH="101" HEIGHT="41" CONTENT="bien" WC="1.00" CC="0200"/>
						<SP ID="P11_SP00553" HPOS="1837" VPOS="3482" WIDTH="39"/>
						<String ID="P11_ST00605" HPOS="1876" VPOS="3444" WIDTH="58" HEIGHT="37" CONTENT="qu" WC="0.74" CC="05"/>
						<SP ID="P11_SP00554" HPOS="1934" VPOS="3482" WIDTH="20"/>
						<String ID="P11_ST00606" HPOS="1954" VPOS="3430" WIDTH="27" HEIGHT="39" CONTENT="il" WC="1.00" CC="00"/>
						<SP ID="P11_SP00555" HPOS="1981" VPOS="3482" WIDTH="37"/>
						<String ID="P11_ST00607" HPOS="2018" VPOS="3428" WIDTH="110" HEIGHT="41" CONTENT="n'est" WC="0.99" CC="00405"/>
					</TextLine>
					<TextLine ID="P11_TL00050" HPOS="134" VPOS="3487" WIDTH="1898" HEIGHT="61">
						<String ID="P11_ST00608" HPOS="134" VPOS="3499" WIDTH="80" HEIGHT="38" CONTENT="pas" WC="0.97" CC="061"/>
						<SP ID="P11_SP00556" HPOS="214" VPOS="3537" WIDTH="23"/>
						<String ID="P11_ST00609" HPOS="237" VPOS="3487" WIDTH="112" HEIGHT="39" CONTENT="dans" WC="0.99" CC="0400"/>
						<SP ID="P11_SP00557" HPOS="349" VPOS="3537" WIDTH="25"/>
						<String ID="P11_ST00610" HPOS="374" VPOS="3488" WIDTH="61" HEIGHT="39" CONTENT="les" WC="0.97" CC="503"/>
						<SP ID="P11_SP00558" HPOS="435" VPOS="3537" WIDTH="33"/>
						<String ID="P11_ST00611" HPOS="468" VPOS="3489" WIDTH="119" HEIGHT="40" CONTENT="idées" WC="0.99" CC="00800"/>
						<SP ID="P11_SP00559" HPOS="587" VPOS="3537" WIDTH="35"/>
						<String ID="P11_ST00612" HPOS="622" VPOS="3490" WIDTH="56" HEIGHT="40" CONTENT="du" WC="0.64" CC="07"/>
						<SP ID="P11_SP00560" HPOS="678" VPOS="3537" WIDTH="20"/>
						<String ID="P11_ST00613" HPOS="698" VPOS="3491" WIDTH="98" HEIGHT="51" CONTENT="jour" WC="0.99" CC="0310"/>
						<SP ID="P11_SP00561" HPOS="796" VPOS="3542" WIDTH="19"/>
						<String ID="P11_ST00614" HPOS="815" VPOS="3491" WIDTH="53" HEIGHT="40" CONTENT="de" WC="1.00" CC="00"/>
						<SP ID="P11_SP00562" HPOS="868" VPOS="3542" WIDTH="22"/>
						<String ID="P11_ST00615" HPOS="890" VPOS="3491" WIDTH="107" HEIGHT="41" CONTENT="faire" WC="0.99" CC="40000"/>
						<SP ID="P11_SP00563" HPOS="997" VPOS="3542" WIDTH="32"/>
						<String ID="P11_ST00616" HPOS="1029" VPOS="3494" WIDTH="77" HEIGHT="39" CONTENT="des" WC="1.00" CC="000"/>
						<SP ID="P11_SP00564" HPOS="1106" VPOS="3542" WIDTH="24"/>
						<String ID="P11_ST00617" HPOS="1130" VPOS="3508" WIDTH="235" HEIGHT="27" CONTENT="morceaux" WC="1.00" CC="00004000"/>
						<SP ID="P11_SP00565" HPOS="1365" VPOS="3542" WIDTH="28"/>
						<String ID="P11_ST00618" HPOS="1393" VPOS="3494" WIDTH="291" HEIGHT="53" CONTENT="d'ensemble," WC="1.00" CC="04060000304"/>
						<SP ID="P11_SP00566" HPOS="1684" VPOS="3547" WIDTH="22"/>
						<String ID="P11_ST00619" HPOS="1706" VPOS="3499" WIDTH="111" HEIGHT="38" CONTENT="mais" WC="1.00" CC="0000"/>
						<SP ID="P11_SP00567" HPOS="1817" VPOS="3547" WIDTH="33"/>
						<String ID="P11_ST00620" HPOS="1850" VPOS="3499" WIDTH="37" HEIGHT="49" CONTENT="je" WC="1.00" CC="00"/>
						<SP ID="P11_SP00568" HPOS="1887" VPOS="3548" WIDTH="33"/>
						<String ID="P11_ST00621" HPOS="1920" VPOS="3496" WIDTH="112" HEIGHT="41" CONTENT="m'en" WC="0.98" CC="0350"/>
					</TextLine>
				</TextBlock>
			</PrintSpace>
		</Page>
	</Layout>
</alto>
