2245 3718
964 223 331 27 INFORMATIONS

2054 231 69 36 103

186 318 44 40 M
234 316 39 25 lle
296 318 169 47 Farrat,
492 318 37 39 la
555 315 169 41 célèbre
741 316 236 39 cantatrice
1001 316 267 46 allemande,
1288 328 85 39 que
1407 315 131 41 Paris
1578 331 21 24 a
1641 318 219 40 acclamée
1883 323 22 35 à
1931 318 195 54 l'Opéra,

127 395 64 32 est
228 400 85 27 une
333 385 228 41 Elisabeth
581 384 247 40 admirable
853 395 6 27 :
882 398 47 26 sa
952 386 100 38 voix
1070 384 247 51 splendide,
1345 396 80 28 son
1447 383 112 41 beau
1578 389 321 47 tempérament
1923 390 204 50 tragique

129 455 39 40 la
193 463 172 32 servent
388 459 21 35 à
434 454 115 38 ravir
565 454 111 38 dans
700 466 46 26 ce
767 453 105 39 rôle.

186 523 28 39 Il
238 522 91 40 faut
353 524 105 38 citer
495 534 158 27 encore
685 520 45 40 M
736 519 38 24 lle
797 520 213 52 Lindsay,
1036 521 108 39 dont
1183 520 39 40 la
1243 522 100 38 voix
1364 520 190 51 superbe
1578 535 21 25 a
1625 520 77 41 fait
1745 523 225 40 merveille
2015 525 111 40 dans

129 591 38 40 le
184 591 90 39 rôle
298 591 52 38 de
375 589 165 44 Vénus,
559 589 46 40 M
610 588 37 23 lle
679 589 161 47 Verna,
865 602 86 27 une
967 589 129 52 jeune
1110 588 241 40 débutante
1372 590 74 50 qui
1472 603 21 25 a
1519 589 434 51 remarquablement
1970 593 157 40 chanté

127 660 38 39 le
190 658 89 40 rôle
313 658 261 51 épisodique
598 658 57 40 du
680 661 123 48 pâtre
834 673 8 32 ;
869 656 60 40 M.
968 657 217 51 Lequien,
1228 672 60 25 un
1319 657 243 49 landgrave
1601 657 53 40 de
1686 660 99 38 voix
1818 659 141 40 solide
1998 671 39 30 et
2074 663 52 38 de

127 727 110 39 belle
271 726 164 46 allure;
459 725 59 40 M.
545 725 222 50 Ananian,
788 728 73 49 qui
887 740 20 25 a
934 725 77 40 fait
1037 739 165 27 sonner
1220 726 62 39 les
1298 724 139 41 belles
1467 734 125 31 notes
1624 726 53 39 de
1701 739 80 27 son
1821 741 166 36 organe
2025 729 100 40 bien

125 794 159 41 timbré
303 795 110 39 dans
432 795 38 39 le
491 795 91 39 rôle
606 795 52 39 de
678 793 231 41 Bitterhof.
931 793 85 40 Les
1049 795 107 38 trois
1180 792 165 42 Grâces
1367 793 147 40 furent
1541 794 364 41 délicieusement
1936 810 162 37 person-

124 861 152 42 nifiées
296 877 79 37 par
394 862 44 40 M
445 861 53 23 lles
517 862 173 47 Cavini,
717 861 289 41 Charbonnel
1029 871 41 31 et
1093 861 224 51 Legrand.

180 929 47 42 Si
252 930 62 40 les
328 931 152 40 décors
518 930 226 40 lumineux
761 931 53 39 de
837 929 61 41 M.
920 930 110 52 Frey
1059 939 75 31 ont
1159 932 90 50 pris
1272 943 87 27 une
1381 930 124 52 place
1525 932 269 51 importante
1814 932 112 40 dans
1954 932 40 40 la
2016 936 111 38 mise

123 1016 54 26 en
196 1007 129 34 scène
347 1000 53 40 de
442 998 36 41 T
481 999 242 41 annhauser
729 1030 8 17 ,
762 999 29 39 il
825 1000 132 39 serait
974 1000 166 51 injuste
1159 999 54 39 de
1235 1012 54 26 ne
1322 1012 78 38 pas
1426 1002 282 38 mentionner
1730 1000 62 39 les
1811 999 141 41 beaux
1971 1002 153 40 décors

124 1071 52 39 de
196 1069 60 40 M.
292 1069 216 49 Visconti,
531 1069 39 39 la
591 1077 145 42 grotte
755 1068 54 39 de
840 1066 164 49 Vénus,
1028 1066 38 40 la
1089 1066 111 40 forêt
1220 1075 40 31 et
1284 1066 38 40 la
1347 1067 170 50 grande
1535 1067 108 39 salle
1669 1068 59 40 du
1750 1068 162 51 palais,
1935 1071 74 49 qui
2027 1078 99 31 sont

125 1139 52 39 de
195 1147 120 32 toute
332 1137 177 40 beauté.

184 1206 279 41 L'exécution
485 1205 213 40 musicale
720 1204 54 40 de
800 1203 277 41 Tannhauser
1083 1237 9 17 ,
1115 1217 104 27 avec
1235 1204 63 39 les
1323 1204 177 40 chœurs
1520 1213 41 31 et
1584 1204 256 41 l'orchestre
1874 1205 54 40 de
1951 1205 172 42 Monte-

126 1274 154 48 Carlo,
304 1289 105 26 sous
430 1275 38 39 la
492 1275 214 38 direction
726 1273 53 39 de
802 1271 60 40 M.
887 1271 123 40 Léon
1029 1271 147 55 Jehin,
1202 1270 64 42 fut
1298 1272 133 39 d'une
1474 1271 240 53 perfection
1752 1272 200 41 absolue.

181 1343 62 40 La
271 1345 214 51 première
506 1343 351 51 représentation
910 1341 52 39 de
1002 1339 320 40 Mademoiselle
1337 1341 50 38 de
1409 1339 218 40 Belle-lsle
1637 1372 6 13 ,
1663 1341 198 40 comédie
1884 1342 172 52 lyrique
2070 1357 54 25 en

124 1428 24 34 4
188 1421 116 30 actes
343 1410 172 53 d'après
551 1409 248 40 Alexandre
840 1408 169 40 Dumas
1060 1414 117 46 père,
1218 1422 80 37 par
1336 1407 61 40 M.
1454 1407 113 42 Paul
1615 1407 175 52 Milliet,
1842 1411 206 50 musique
2071 1411 53 39 de

127 1479 61 40 M.
216 1478 130 53 Spiro
369 1477 203 48 Samara,
595 1477 64 40 fut
681 1491 58 26 un
757 1478 93 38 vrai
874 1476 237 52 triomphe.

184 1546 63 40 Le
270 1552 156 46 poème
448 1547 53 39 de
539 1545 61 40 M.
621 1545 112 40 Paul
753 1544 158 40 Milliet
934 1553 66 32 est
1019 1544 103 40 d'un
1164 1546 203 50 puissant
1395 1546 158 39 intérêt
1587 1558 54 27 en
1675 1549 143 36 même
1862 1555 141 43 temps
2039 1560 85 38 que

125 1614 133 41 d'une
282 1628 139 38 coupe
442 1620 87 34 très
550 1615 184 38 adroite.

181 1681 151 52 Quant
369 1687 21 34 à
415 1683 37 38 la
474 1683 208 49 musique
698 1682 53 38 de
771 1680 61 40 M.
870 1679 204 49 Samara,
1106 1680 81 40 elle
1230 1689 66 31 est
1319 1680 252 41 délicieuse.
1590 1680 64 41 La
1677 1682 190 40 mélodie
1904 1698 27 36 y
1951 1684 125 39 coule
2100 1687 21 36 à

123 1751 115 40 flots.
259 1749 324 51 L'inspiration
607 1762 54 26 en
684 1759 65 29 est
767 1748 195 40 franche.
998 1748 393 45 L'orchestration,
1408 1755 86 34 très
1515 1748 146 49 sobre,
1681 1759 66 31 est
1770 1749 132 41 d'une
1925 1753 198 38 sonorité

121 1817 201 53 parfaite.
345 1816 201 42 Nombre
569 1817 53 39 de
643 1830 154 38 pages,
823 1816 130 40 d'une
977 1816 191 52 superbe
1200 1816 196 42 envolée,
1426 1826 75 31 ont
1522 1822 66 35 été
1609 1818 258 40 acclamées.

177 1886 388 50 L'interprétation
588 1884 64 40 fut
685 1883 312 52 remarquable
1023 1896 7 26 :
1057 1884 45 39 M
1107 1882 38 24 lle
1173 1884 111 40 Lina
1303 1884 219 41 Cavalieri
1543 1884 63 42 fut
1630 1899 87 27 une
1754 1889 181 49 exquise
1957 1886 45 40 M
2008 1885 36 23 lle
2067 1887 54 39 de

123 1953 227 41 Belle-lsle
369 1967 7 30 ;
402 1953 45 39 M
453 1952 38 23 lle
515 1952 148 53 Royer
684 1967 21 25 a
731 1953 363 39 délicieusement
1114 1953 158 39 chanté
1291 1953 39 39 le
1371 1953 92 39 rôle
1503 1953 54 40 de
1576 1954 39 39 la
1641 1956 225 50 marquise
1905 1955 53 39 de
1981 1954 101 41 Prie
2107 1966 9 38 ;

122 2021 61 40 M.
209 2022 127 39 Bassi
357 2020 47 42 fit
427 2021 236 52 applaudir
702 2034 45 26 sa
780 2019 279 53 magnifique
1082 2022 99 38 voix
1218 2021 54 39 de
1301 2026 126 35 ténor
1465 2021 111 40 dans
1616 2022 38 39 le
1684 2022 90 40 rôle
1817 2023 58 40 du
1900 2023 221 40 chevalier

121 2089 255 52 d'Aubigny
401 2101 8 30 ;
433 2098 40 31 et
496 2088 60 39 M.
586 2088 202 45 Renaud,
811 2102 55 26 en
890 2089 83 39 duc
993 2089 54 39 de
1071 2087 247 52 Richelieu,
1358 2088 65 41 fut
1466 2091 122 39 aussi
1626 2090 248 41 admirable
1906 2091 215 40 chanteur

122 2171 85 38 que
242 2157 158 52 parfait
435 2157 242 40 comédien-

176 2225 109 41 Très
310 2225 113 41 belle
445 2227 230 38 exécution
697 2225 268 40 orchestrale
1007 2239 105 27 sous
1145 2225 38 40 la
1223 2226 213 40 direction
1472 2227 54 39 de
1561 2225 241 42 l'excellent
1832 2226 101 41 chef
1969 2227 150 40 italien

122 2293 59 40 M.
199 2294 180 40 Baroni.

543 2584 543 51 Correspondances
1118 2588 56 38 et
1206 2585 425 42 Informations.

177 2722 61 40 M.
277 2721 140 42 Oscar
435 2722 190 54 Juttner,
665 2721 102 41 chef
800 2723 270 41 cTorchestre
1109 2738 55 26 au
1204 2723 190 42 Kursaal
1433 2725 54 40 de
1518 2725 251 50 Montreux,
1797 2738 113 27 nous
1946 2726 104 38 écrit
2074 2724 37 40 la

120 2792 125 40 lettre
281 2793 202 38 suivante
525 2802 8 27 :

1356 2898 204 38 Montreux,
1581 2901 32 29 le
1640 2907 13 32 5
1679 2897 129 33 février
1832 2897 103 42 1906.

339 2984 247 40 MONSIEUR
619 2998 52 25 LE
705 2984 287 48 DIRECTEUR,

173 3087 293 54 Aujourd'hui
489 3088 261 49 seulement,
779 3091 9 50 j
812 3092 37 38 ai
883 3104 53 27 eu
975 3094 321 38 connaissance
1317 3093 59 39 du
1413 3098 185 36 numéro
1632 3095 35 38 si
1700 3095 267 37 intéressant
1992 3092 53 40 de
2069 3092 38 39 la

117 3157 140 40 Revue
281 3158 215 48 musicale,
528 3159 173 52 d'après
722 3160 38 38 la
779 3160 315 51 reproduction
1117 3160 105 41 d'un
1246 3161 173 52 journal
1447 3161 54 39 de
1531 3160 184 52 Leipzig
1747 3159 15 53 (
1776 3158 332 52 Wochenblatt),

120 3231 56 33 où
199 3239 46 26 se
267 3235 153 31 trouve
444 3228 153 38 traitée
621 3227 39 40 la
682 3229 206 50 question
915 3238 7 24 :
943 3228 175 40 Faut-il
1140 3229 167 53 diriger
1329 3237 78 44 par
1424 3243 114 25 cœur
1562 3231 17 37 ?
1597 3251 48 4 —
1665 3228 49 54 Je
1731 3241 70 27 me
1835 3236 194 44 permets
2057 3226 53 40 de

120 3290 108 42 faire
252 3307 255 39 remarquer
530 3292 162 54 qu'une
710 3295 213 40 direction
944 3295 286 41 absolument
1253 3311 80 37 par
1348 3310 121 27 cœur
1491 3297 169 39 devrait
1679 3301 90 35 être
1792 3296 52 39 de
1874 3295 169 50 règle...
2060 3294 49 53 Je

122 3373 68 25 me
209 3375 135 35 range
368 3361 281 41 absolument
667 3367 21 35 à
710 3363 214 52 l'opinion
943 3365 54 38 de
1013 3364 61 39 M.
1101 3364 189 40 Vincent
1312 3365 25 38 d
1358 3364 124 53 Indy,
1508 3363 218 41 affirmant
1744 3377 85 38 que
1865 3362 102 41 c'est
1997 3362 111 39 dans

120 3427 40 39 la
184 3426 154 41 liberté
360 3429 52 38 de
430 3442 80 27 son
531 3431 156 48 regard
712 3439 40 30 et
774 3431 112 39 dans
910 3431 11 39 1
941 3433 258 50 expression
1221 3432 105 51 qu'il
1348 3432 59 39 lui
1426 3433 147 39 donne
1590 3445 85 38 que
1717 3431 143 39 réside
1906 3431 37 37 la
1982 3430 99 50 puis-

122 3506 130 27 sance
273 3494 60 40 du
355 3494 101 40 chef
470 3494 283 42 d'orchestre.
776 3496 125 41 Nous
923 3511 55 26 en
1014 3511 139 27 avons
1184 3497 79 41 fait
1301 3508 188 31 souvent
1521 3500 287 51 l'expérience
1846 3511 55 26 en
1934 3495 170 41 Suisse.
