3247 4572
1047 790 92 50 Sie
1182 785 145 55 sieht
1365 780 91 56 ihn
1499 797 87 34 an.
1663 770 117 56 Ihre
1819 765 206 70 Augen
2063 759 268 54 brennen.

1052 861 159 59 „Nun
1249 855 108 59 will
1397 854 81 56 ich
1520 869 65 36 zu
1626 845 86 56 dir
1831 839 15 57 I
1906 837 161 64 Nein,
2127 850 101 50 sag
2268 822 171 59 nichts
2479 816 176 57 mehr:
2697 809 132 58 alles
2871 801 229 59 lauscht.

974 938 74 56 Er
1048 1007 236 61 Weißes
1274 951 58 36 er
1337 956 199 102 Ud.r
1556 951 160 102 blüht
1772 987 91 58 auf
1927 984 180 56 hinter
2171 974 127 56 dem
2361 961 231 64 bläulich

979 1089 255 44 Rercr/ucr
1295 1080 99 53 der
1435 1075 110 56 den
1585 1066 176 58 Mond
1802 1060 137 58 noch
1979 1053 265 68 verbirgt.
2339 1043 118 57 Vor
2512 1039 127 55 dem
2678 1035 142 53 Par*,
2861 1035 197 46 schaue

979 1162 168 56 beide
1162 1103 259 110 Zurück:
1482 1147 239 58 schwarz
1762 1139 134 69 liegt
1942 1131 102 56 das
2082 1126 162 56 Moor
2287 1152 64 7 -
2397 1116 134 64 fern,
2590 1103 274 64 wesenlos
2902 1129 71 10 -
3014 1116 94 36 e.n

983 1230 355 62 zerschelltes
1379 1225 307 68 Gespenst.

2006 1335 90 56 VI.

1063 1469 115 57 Auf
1243 1465 99 56 der
1399 1459 204 57 Altane
1662 1450 158 57 blüht
1884 1465 61 35 es
2010 1460 99 34 aus
2171 1432 178 57 vielen
2411 1419 258 63 Gefäßen
2734 1436 107 36 von
2905 1407 212 75 grellen

1002 1708 366 199 *=£
1388 1703 117 188 i
1535 1703 402 183 äö

1001 1854 88 46 ISt,
1114 1914 69 20 K,.
1217 1912 12 22 ,
1317 1854 33 80 ?
1626 1900 32 24 «
1701 1915 93 19 can
1794 1901 31 25 .4-
1869 1883 205 51 Svhllle
2135 1877 145 57 sanft
2337 1874 102 52 wie
2499 1868 87 53 ein
2638 1855 283 61 bittendes
2961 1854 171 60 Kind,

1006 1933 213 115 da”sie°
1239 1979 379 61 Fredemanns
1656 1964 292 61 wortloses
1984 1956 233 56 Warten
2967 1992 172 61 Weiß

1006 2058 304 137 St
1346 2050 188 135 K
1562 2070 28 33 Z
1592 2045 99 132 if
1694 2025 513 150 ÄeÄ
2260 2020 107 134 Sfe
2426 2014 238 133 fahnde
2680 2007 459 129 Nebelschleier.

1008 2131 531 201 Krähtet
1580 2190 109 61 hell
1730 2192 53 54 ln
2375 2164 378 135 ÜK
2779 2144 363 137 WÄI

1156 2350 170 79 Opal.
1404 2268 219 135 Airdb
1664 2342 91 53 ein
1796 2327 152 61 Fisch
1989 2319 287 64 abendlich
2306 2314 201 59 Blasen
2550 2299 264 63 aufwürte
2852 2294 160 58 zuckt
3050 2289 92 56 d.e

1018 2433 197 60 Fläche
1256 2429 102 55 des
1400 2423 138 57 Sees
1690 2413 182 56 kleine
1914 2402 196 58 Kreise
2151 2414 180 38 verwe
2375 2410 88 36 en.
2977 2438 127 58 Wei
3111 2435 39 56 ß

1094 2503 278 77 Sybillens
1413 2496 205 69 Augen
1659 2500 131 43 tuen
1832 2480 109 58 sich
1983 2470 240 61 lockendl
2261 2463 123 59 auf.
2619 2475 61 34 ®
2802 2467 47 68 ß
2906 2512 244 59 dunklen

1023 2585 91 56 die
1155 2570 419 66 tränenheißen,
1616 2562 123 129 s^
2212 2613 172 60 wölbt
2430 2607 110 58 sich
2582 2551 82 108 L
2702 2594 174 60 Mund
2918 2621 64 6 -
3027 2589 123 54 eine

1024 2659 572 57 Moorwasseraugen,
1684 2641 55 50 ln
1782 2641 183 47 blasse
2572 2709 68 7 _
2698 2695 51 33 w
2885 2696 69 10 _
3014 2679 140 54 ganz

1029 2805 112 60 sich
1151 2752 125 108 °ver
1279 2792 247 78 gessend
1789 2725 216 111 Rausch
2046 2771 99 53 der
3037 2733 122 132 sS

1039 3051 161 104 '"öa
1201 3046 23 33 6

1041 3178 259 129 ®oT-
1343 3165 125 135 efne
1516 3160 155 130 “hie
1709 3221 300 76 Kugel-
3094 3160 96 109 Z
2194 3157 331 125 grinsendes
2568 3185 602 66 höhnisch-verzerrtes

1049 3325 53 56 G
1123 3320 132 132 Dif’
1260 3328 20 45 t
1567 3389 290 48 erstarren.
1958 3366 117 56 Ihre
2146 3353 216 64 zärtlich
2418 3340 328 79 spielenden
2796 3328 204 61 Hände
3050 3343 90 35 ver-

1051 3465 287 73 krampfen
1382 3460 129 58 sich.
1900 3511 226 63 Sybille,
2172 3526 94 46 „er
2306 3503 71 53 ist
2415 3498 193 53 immer
2647 3485 73 56 da
2758 3478 132 58 —1“

1127 3543 108 70 „Er
1274 3549 71 46 ist
1385 3538 71 54 da
1644 3538 216 44 tlustert
1899 3538 175 51 oyoiu
2114 3554 12 22 ,
2170 3552 31 21 „
2911 3542 262 64 funkelnd

1131 3617 119 68 „Ich
1291 3612 147 57 liebe
1480 3600 184 61 dich!“
1725 3595 111 57 ruft
1874 3587 346 60 Fredemann
2280 3581 127 57 hell,
2467 3581 79 43 als

1058 3698 87 54 ein
1188 3689 259 58 Schwert.
1972 3740 10 11 .
2016 3736 11 20 ,
2092 3735 12 21 ,
2295 3725 51 40 ;u
2354 3745 30 20 n
2399 3718 50 45 l“
2546 3711 130 54 Und
2725 3705 109 56 den
2873 3697 136 58 Leib
3057 3693 127 54 weit

1138 3765 117 71 „Ich
1295 3762 165 56 hasse
1501 3754 91 56 ihn
1633 3744 185 59 -oh
1864 3772 61 8 -
1971 3737 81 55 ich
2090 3734 165 56 hasse
2314 3726 99 54 hn!
2550 3726 127 46 MM
2725 3726 38 36 “
2850 3780 53 53 in
2906 3772 12 23 -
2926 3795 25 36 s
3010 3767 58 56 Li
3076 3765 112 55 cht:

1062 3833 368 76 vorbeugend
1486 3828 139 56 über
1689 3823 112 53 den
1859 3810 158 61 Rand
2085 3808 99 56 der
2220 3798 206 61 Altane
2537 3790 92 56 sh
2944 3846 73 56 du

1067 3918 141 69 „Nie
1249 3906 201 62 komm’
1493 3902 81 56 ich
1635 3919 65 33 zu
1761 3893 82 55 dir
1884 3905 306 34 —me-
2234 3895 88 35 me
2446 3911 12 10 •

1152 601 290 64 Reinhard
1475 595 228 59 Koesler
1741 621 13 13 •
1792 585 216 76 Sybille
2046 578 135 58 oder
2214 575 91 56 die
2343 567 150 59 Frau
2534 567 76 54 im
2651 555 304 61 Mondlicht

965 615 108 56 512
