2934 4572
1401 623 254 61 Gedichte

569 1535 388 87 HAGAR
1016 1545 221 82 UND
1285 1553 385 96 JSMAEL

773 1338 150 69 Else
968 1342 573 78 Lasker-Schüler

1053 1688 115 45 Max
1196 1691 256 50 Reinhardt
1483 1699 193 47 schenke
1707 1704 74 43 ich
1814 1705 145 49 dieses
1991 1709 199 50 Gedicht.

84 1813 120 68 Mit
252 1817 330 71 Muscheln
630 1828 268 82 spielten
945 1834 365 72 Abrahams
1363 1842 205 70 kleine
1616 1848 220 71 Söhne

87 1909 148 59 Und
284 1909 207 64 ließen
539 1911 403 74 schwimmen
996 1921 104 69 die
1146 1924 611 94 Perlmutterkähne;

144 2015 123 42 ann
318 1994 211 69 lehnte
580 1999 177 70 Isaak
804 2004 172 90 bang
1022 2011 133 68 sich
1204 2041 79 40 an
1333 2018 123 68 den
1500 2023 235 82 Jsmael

79 2163 146 67 Und
275 2175 236 81 traurig
557 2199 238 61 sangen
845 2180 103 68 die
992 2193 150 60 zwei
1190 2190 357 73 schwarzen
1597 2198 308 75 Schwäne

79 2259 120 58 Um
248 2259 132 64 ihre
430 2259 194 70 bunte
671 2264 169 69 Welt
884 2297 160 57 ganz
1093 2274 231 71 dunkle
1372 2282 180 70 Töne

75 2342 148 63 Und
274 2342 101 68 die
421 2349 340 70 verstoßne
797 2354 221 89 Hagar
1062 2364 222 69 raubte
1323 2367 176 71 ihren
1532 2373 180 70 Sohn
1744 2382 134 66 sich
1911 2386 257 70 schnell.

70 2509 259 88 Vergoß
379 2522 61 62 in
489 2527 173 62 seine
709 2527 206 69 kleine
963 2533 133 68 ihre
1140 2540 202 82 große
1390 2545 223 81 Träne,

70 2601 148 64 Und
267 2602 134 70 ihre
449 2608 247 70 Herzen
745 2620 331 68 rauschten
1123 2631 117 62 wie
1288 2629 113 67 der
1446 2632 228 88 heilige
1723 2640 209 80 Quell,

70 2696 146 57 Und
267 2696 347 68 übereilten
661 2702 167 68 noch
879 2706 102 67 die
1028 2710 546 80 Straußenhähne.

56 2858 122 69 Die
227 2862 217 73 Sonne
491 2871 156 69 aber
693 2875 265 74 brannte
1005 2885 105 66 auf
1156 2888 104 67 die
1306 2891 221 72 Wüste
1571 2902 155 81 grell

61 2954 148 59 Und
260 2954 218 85 Hagar
524 2960 128 66 und
699 2963 95 67 ihr
840 2968 312 72 Knäblein
1215 2979 238 69 sanken
1508 2989 61 63 in
1625 2988 118 69 das
1787 2994 191 83 gelbe
2026 2998 128 69 Fell

58 3043 146 58 Und
256 3043 212 67 bissen
516 3072 61 40 in
625 3049 125 69 den
798 3053 229 72 heißen
1067 3059 176 71 Sand
1292 3067 103 67 die
1441 3072 242 70 weißen
1717 3078 431 87 Negerzähne.

678 609 127 57 Else
843 611 467 65 Lasker-Schüler
1346 652 13 12 •

2109 639 107 59 495
