2934 4572
141 745 400 56 romantischen
564 746 306 71 Phantasie,
901 752 106 56 den
1019 754 701 76 Verzweiflungsaufschrei
1749 770 100 55 des
1872 770 352 71 Byronismus

143 820 133 49 Dies
337 830 255 60 erzeugte
652 822 99 56 das
811 824 353 60 aufreibende
1213 831 347 61 Bewußtsein
1618 841 231 73 völliger
1902 845 170 56 Leere
2131 849 111 55 und

140 895 406 67 Haltlosigkeit,
588 895 567 73 selbstverspottende
1194 904 247 73 Skepsis,
1484 910 318 62 fruchtloses
1844 916 246 60 Grübeln
2131 924 110 54 und

140 966 305 53 Seibstentz
759 970 176 55 Wenn
996 975 131 54 auch
1189 980 70 52 im
1300 980 265 73 Verfolge
1617 1009 97 33 aus
1761 990 207 57 diesem
2012 992 227 59 Grunde

138 1050 88 38 die
267 1043 249 51 vertiefte
549 1043 448 70 psychologische
1028 1047 176 58 Kunst
1244 1052 97 56 der
1367 1055 213 57 Russen
1622 1065 95 51 mit
1758 1075 354 60 entsprossen
2153 1072 85 64 ist,

139 1127 59 33 so
240 1130 107 33 war
389 1114 135 52 doch
567 1114 178 55 dieser
786 1114 238 60 Zustand
1066 1126 375 71 unerträglich,
1490 1131 111 54 und
1640 1138 328 55 verzweifelt
2015 1142 222 57 suchten

138 1189 88 45 die
256 1189 198 50 Besten
497 1189 128 52 nadi
670 1192 171 53 einem
870 1191 262 76 Ausweg,
1174 1199 131 55 nach
1347 1205 175 53 einem
1551 1205 333 76 lebendigen
1913 1213 110 55 und
2051 1215 155 57 leben-

134 1257 405 55 verheißenden
587 1260 160 58 Ideal.
845 1264 70 56 Es
974 1269 323 59 entbrannte
1357 1276 90 54 die
1486 1276 306 62 Sehnsucht
1841 1285 129 55 nach
2021 1290 212 62 vollem,

540 1332 217 71 Gefühl,
820 1338 130 54 nach
1000 1342 561 75 selbstvergessenem
1611 1352 270 70 Schaffen,
1943 1359 131 55 nach
2125 1366 84 52 ein-

132 1405 303 94 heitlichem
494 1426 220 36 inneren
774 1409 202 57 Leben.
1074 1415 199 60 Dieses
1320 1422 284 57 verlorene
1653 1427 259 58 Paradies
1973 1432 260 67 glaubten

131 1492 106 33 nun
286 1476 89 52 die
417 1479 302 56 russischen
760 1481 383 63 Messianisten
1404 1494 353 75 Slavophilen
1806 1503 126 56 hieß
1982 1528 121 35 man
2154 1512 79 52 sie

127 1564 126 85 ff-!:
259 1566 29 33 6
289 1568 19 81 /
308 1568 9 9 -
342 1577 42 72 ü
563 1624 20 25 f
574 1573 54 32 m
672 1599 32 46 T
710 1575 57 33 er
794 1577 36 48 P
836 1578 93 34 rav
933 1560 336 60 °slavischen
1297 1566 326 61 Volksseele
1664 1577 111 53 und
1815 1580 69 53 im
1926 1583 304 55 russischen

129 1617 313 57 Mittelalter
487 1624 282 69 gefunden
817 1650 63 33 zu
930 1631 198 59 haben.
1206 1638 105 57 Die
1361 1641 303 65 „Westler“
1726 1650 292 73 hingegen,
2082 1657 148 54 mehr

125 1697 124 46 dem
281 1697 358 66 ailgememen
671 1697 193 59 Geiste
893 1702 98 56 des
1014 1709 204 70 jungen
1247 1715 436 60 revolutionären
1706 1720 249 74 Europas
1984 1726 241 63 folo-end.

126 1776 220 44 sucnten
388 1770 269 72 Erlösung
696 1795 70 33 im
808 1789 17 39 i
844 1798 181 35 raume
1068 1784 149 53 einer
1251 1789 351 57 sozialistisch
1635 1808 320 45 erneuerten
1985 1800 209 59 Mensch-

125 1846 127 57 heit,
292 1846 174 49 zumal
502 1864 53 48 ja
595 1846 129 54 auch
767 1848 98 55 der
891 1850 350 62 Sozialismus
1282 1860 90 56 die
1414 1869 383 56 messianische
1839 1870 388 65 Idealisierung

124 1930 148 34 einer
319 1912 347 60 bestimmten
705 1918 357 62 Volksklasse
1112 1930 237 58 enthielt.
1429 1935 286 76 Vorläufig
1761 1942 91 72 lag
1891 1946 196 69 jedoch
2138 1949 86 56 die

124 1982 153 56 Kraft
318 1986 98 54 der
456 1988 276 65 „Westler
806 1998 365 57 vornehmlich
1232 2007 51 51 in
1344 2007 98 56 der
1480 2010 293 73 Negation,
1935 2020 97 54 der
2072 2044 122 36 revo-

143 2067 278 46 utionaren
469 2061 371 77 Aufdeckung
887 2072 344 58 unheilbarer
1268 2078 423 75 Widersprüche
1740 2091 111 53 und
1899 2091 293 61 Unhaltbar-

121 2132 178 52 keuen
342 2134 279 56 innerhalb
665 2138 97 55 der
802 2141 377 62 bestehenden
1209 2149 209 59 Kultur.
1481 2156 65 70 Je
1587 2162 486 60 einschneidender
2112 2171 110 53 und

120 2205 374 56 umfassender
522 2208 154 56 diese
700 2212 174 57 Kritik
903 2237 51 33 in
985 2219 97 55 das
1105 2234 247 56 gesamte
1373 2226 187 58 Leben
1584 2234 282 73 eindrang,
1882 2241 54 66 je
1959 2242 234 56 rückhalt-

118 2280 143 48 loser
306 2280 112 52 ihre
460 2288 541 67 Zersetzungsarbeit
1047 2295 202 66 wurde,
1311 2298 159 58 desto
1529 2308 173 52 ärmer
1759 2311 112 53 und
1929 2315 291 57 verödeter

116 2353 184 50 wurde
341 2353 99 54 das
482 2353 405 75 Geistesleben,
938 2363 83 58 bis
1062 2389 60 33 es
1164 2369 123 56 dem
1329 2374 256 57 rohesten
1628 2379 406 74 Utilitarismus,
2093 2391 124 54 dem

117 2431 399 50 aoKtnnarsten
576 2428 412 63 Materialismus
1049 2443 110 52 und
1218 2444 99 53 der
1376 2447 307 59 blindesten
1744 2453 475 77 Zerstörungswut

115 2514 83 34 vei
215 2499 105 50 fiel.
379 2499 52 53 In
455 2500 140 56 eben
619 2504 319 58 demselben
958 2510 160 59 Maße
1140 2516 179 56 wuchs
1340 2519 90 56 die
1452 2522 185 72 Angst
1665 2529 110 53 und
1805 2530 98 55 der
1923 2532 262 67 Rettungs-

116 2575 173 94 los
315 2572 336 71 derjenigen,
690 2579 201 56 welche
931 2584 143 56 nicht
1108 2586 142 56 ohne
1278 2594 248 56 vertiefte
1554 2596 88 55 Au
1650 2599 39 53 ff
1693 2622 162 34 assun
1863 2624 33 30 er
1924 2605 98 55 der
2050 2608 147 57 Welt

110 2641 144 52 ohne
284 2641 514 74 allumspannendes
826 2656 514 74 geistig-religiöses
1368 2665 146 57 Ideal
1554 2670 161 56 leben
1757 2674 256 61 konnten.
2081 2682 134 55 Hier

110 2731 68 33 is.
220 2713 88 54 die
337 2716 217 56 Wurzel
596 2722 110 54 und
748 2723 98 56 der
886 2726 325 75 Kernpunkt
1258 2735 97 56 der
1395 2739 343 75 slavophilen
1780 2748 430 77 Bestrebungen.

111 2807 194 97 Änk
618 2816 149 88 tV
773 2798 138 56 ahSn
896 2873 16 31 T
971 2824 25 72 f
1001 2825 50 33 l6
1110 2807 33 54 d
1140 2880 11 24 ,
1151 2810 48 52 ie
1246 2807 221 61 Sintflut
1526 2820 149 53 einer
1721 2805 488 80 rationalistischen

107 2866 316 67 Auflösung
461 2866 132 54 alles
623 2867 242 60 höheren
894 2873 215 60 Lebens
1138 2880 384 76 heranwogen,
1564 2891 89 53 die
1683 2892 352 73 Möglichkeit
2063 2905 148 53 einer

108 2943 333 61 neuartigen,
446 3012 10 11 _
482 2939 495 63 vollkommeneren
1015 2948 213 60 Einheit
1267 2956 130 56 aller
1434 2960 377 62 Seelenkräfte
1853 2970 237 58 kannten
2130 2979 79 52 sie

106 3007 395 73 ebensowenig
536 3035 101 33 wie
679 3016 87 55 die
808 3018 412 74 Rationalisten,
1279 3032 112 55 und
1439 3055 62 34 so
1551 3037 292 59 flüchteten
1885 3047 80 52 sie
2004 3047 108 55 sich
2156 3052 49 51 in

104 3170 25 26 a
138 3079 289 117 hm^?l°
433 3106 66 33 na
521 3158 52 38 V
620 3087 50 54 K
673 3110 33 33 °
713 3099 112 46 nstr
827 3113 41 83 \
869 3093 146 57 ktion
1068 3120 35 76 |
1109 3102 113 52 iner
1278 3104 456 73 vollkommenen,
1794 3115 410 62 harmonischen

103 3154 377 55 allrussischen
521 3157 465 74 Vergangenheit.
1063 3168 78 57 So
1189 3177 236 65 geschah
1476 3202 75 43 es,
1601 3183 109 55 daß
1758 3186 89 54 die
1899 3190 304 63 „Westler“

104 3242 68 30 im
215 3226 210 52 Namen
466 3228 98 54 der
601 3233 438 61 vollkommenen
1068 3240 235 61 Zukunft
1344 3252 174 54 einem
1560 3254 289 59 absoluten
1886 3261 317 61 Nihilismus

104 3300 536 66 entgegenstrebien,
680 3308 255 56 indessen
966 3313 87 54 die
1082 3314 373 75 Slavophilen,
1482 3327 201 57 welche
1706 3334 119 54 eine
1849 3333 354 75 Erneuerung

104 3365 98 54 des
262 3369 215 58 Lebens
545 3376 306 70 ersehnten,
910 3404 63 34 zu
1034 3386 219 60 blinden
1321 3393 396 65 Reaktionären
1777 3437 71 7 -
1907 3411 90 53 auf
2062 3413 137 57 allen

104 3436 275 62 Gebieten
440 3474 66 9 --
566 3451 240 56 wurden.
903 3455 93 57 Sie
1056 3461 219 59 mußten
1336 3489 88 35 um
1477 3474 164 67 jeden
1692 3475 150 60 Preis
1902 3484 106 55 den
2055 3487 141 57 alten

102 3510 376 76 Chnstengott
538 3531 174 46 retten
793 3527 109 55 und
962 3531 222 59 suchten
1234 3539 109 54 sich
1391 3548 330 57 verzweifelt
1766 3574 63 33 zu
1871 3557 325 68 überreden,

94 3583 207 125 Abllf
341 3662 98 46 P.t
581 3616 23 32 r
607 3583 2 125 ,
610 3616 170 92 USSIS^
780 3597 66 57 he
854 3672 32 36 ß
907 3601 194 60 Kultur
1159 3640 69 8 ~
1287 3624 140 46 etwa
1485 3618 84 57 bis
1627 3643 120 34 zum
1796 3629 399 61 westlerischen

157 3663 30 50 b
172 3733 30 36 A
389 3673 50 45 et
441 3687 13 77 I
502 3687 25 33 S
546 3742 11 11 •
586 3668 70 56 de
659 3691 27 78 f
713 3671 71 98 i^
790 3695 58 33 ro
849 3673 38 88 .?
894 3698 65 33 en
1019 3712 71 6 ~
1146 3692 138 47 trotz
1326 3687 141 58 ihrer
1515 3696 321 59 mancherlei
1884 3703 310 61 Mißstände

98 3732 107 53 und
235 3733 238 72 Mangel,
510 3761 119 36 eine
658 3741 295 77 lebendige
974 3751 465 81 Verwirklichung
1466 3764 99 58 des
1593 3767 334 63 christlichen
1955 3776 206 60 Lebens-

93 3825 182 38 sinnes
341 3831 254 48 gewesen
662 3836 97 36 sei.
845 3819 105 59 Die
991 3825 554 85 Wiedererweckung
1603 3841 183 58 dieses
1847 3854 343 66 erträumten,

439 553 285 60 Wladimir
759 559 220 59 Astrow
1038 595 12 11 •
1779 566 166 73 Kireje
1488 573 97 55 der
1621 574 323 74 Slavophile

2136 587 107 54 485
