3247 4572
948 784 130 61 Und
1106 781 94 56 die
1223 769 226 61 Hände:
1472 761 277 69 schlanke,
1766 758 193 74 glatte,
1980 748 195 66 weiße,
2196 738 309 79 spielende,

950 856 204 52 Hände
1303 838 543 63 heimlich-lüsterne,
1886 843 291 57 grausame
2206 818 204 55 Hände
2637 825 176 37 Keine
2839 820 30 38 r
2882 818 174 39 reuna

951 921 409 69 schaftshände.
1441 913 145 59 Eher
1642 898 401 66 Dirnenhände
2104 926 66 10 -
2218 888 221 66 Hände,
2488 906 89 35 um
2625 880 173 56 deren
2836 873 124 58 Tun
3001 891 84 38 s.e

956 1005 178 58 selbst
1172 997 175 59 nichts
1385 987 145 61 weiß
1573 1015 64 8 -
1682 979 115 59 und
1835 969 254 64 dennoch
2127 962 277 63 wissende
2447 957 221 58 Hände.

1032 1076 346 58 Fredemann
1416 1063 145 59 wirft
1599 1061 193 56 seinen
1820 1051 152 58 Blick
2013 1043 132 61 nach
2188 1040 84 59 ihr
2310 1058 99 36 aus
2450 1033 114 58 und
2589 1033 109 56 ««
2737 1033 119 51 ihre
2881 1033 168 61 Auge

959 1175 66 36 zu
1065 1150 112 58 sich
1218 1145 195 58 ziehen
1454 1139 101 56 wie
1596 1134 160 56 einen
1797 1122 157 61 Fisch
2015 1142 69 33 an
2142 1117 102 55 der
2282 1112 226 58 Schnur.
2610 1101 157 59 Aber
2825 1096 133 56 auch
3011 1114 79 36 s.e

962 1226 319 68 entgleiten.
1359 1216 109 56 Die
1508 1211 180 55 Dame
1729 1202 136 74 geht
1904 1200 248 68 langsam
2873 1242 224 52 wendet

1075 1296 242 59 Sybille“
1467 1281 253 61 murmelt
1753 1273 344 60 Fredemann
2137 1285 106 35 wie
2284 1284 72 33 im
2383 1257 225 56 Traum,

966 1376 109 57 sich
1117 1323 91 107 Sie
1249 1370 179 56 Dame
1463 1360 92 73 jäh
1594 1379 90 34 um
1726 1384 71 8 -
1838 1353 264 55 erstaunt,
2143 1334 376 61 erschrocken.
2594 1324 131 60 Und
2752 1322 345 56 Fredemann

968 1451 146 57 sinkt
1173 1469 33 33 n
1235 1446 101 55 das
1364 1432 272 64 lockende
1663 1423 222 61 Dunkel
1913 1422 100 56 der
2043 1417 204 70 Augen
2275 1441 72 8 -
2373 1403 268 61 willenlos
2699 1389 399 65 hmstromend,

968 1549 33 25 ri
1007 1525 110 49 nab
1123 1521 108 53 and
1237 1513 190 61 erlich.
1468 1540 70 9 -
1578 1506 95 57 Sie
1714 1506 72 51 ist
1825 1498 89 65 da,
1957 1492 173 57 denkt
2178 1510 77 43 er,
2314 1489 226 51 erstarrt
2596 1473 115 58 und
2768 1472 191 54 keiner
3000 1464 68 53 Be-

969 1618 243 42 wegung
1268 1591 179 66 fähig:
1508 1578 208 75 Sybille
1775 1578 72 51 ist
1907 1568 96 57 da!
2083 1563 215 57 Freude
2340 1555 161 73 quillt
2539 1573 56 34 m
2642 1549 109 55 ihm
2812 1541 109 68 auf,
2984 1559 120 34 e.ne

1715 1646 234 59 Freude.
2026 1637 287 68 Erfüllung
2352 1639 150 62 singt
2542 1647 61 35 es
2645 1619 302 74 irgendwo.

1552 1798 292 62 gträucher
1885 1789 260 60 schieben
2187 1783 110 57 sich
2324 1800 102 35 vor
2465 1776 91 55 die
2584 1769 257 59 schlanke
2872 1760 239 60 Gestalt.

976 1843 84 36 WC
1360 1830 168 112 St
1566 1881 73 53 ist
1677 1868 285 79 gewichen
2109 1858 137 59 alles
2274 1853 150 59 Licht
2457 1848 302 125 habensic|
2780 1838 335 71 aufgesaugt

983 1971 157 49 diese
1180 1967 206 53 Aue-en
1537 1953 90 54 die
1668 1948 582 57 Moorwasseraugen:
2402 1924 166 56 fliehe
2721 1916 2 104 •
2723 1916 150 56 fheh.

1060 2041 343 59 Fredemann
1444 2028 127 59 rafft
1609 2023 119 59 sich
1769 2018 117 56 auf:
1942 2013 91 56 ich
2074 2006 122 58 darf
2234 2008 81 53 sie
2356 1998 144 58 nicht
2538 1990 181 61 rufen!
2798 1985 132 61 Und
2973 1983 145 56 dann

986 2115 199 59 lächelt
1225 2134 82 35 er:
1367 2110 81 54 sie
1485 2100 136 59 wird
1660 2099 277 53 kommen.
2413 2148 68 20 ~
2516 2146 12 20 .
2557 2155 9 11 .
2697 2141 31 29 u
2735 2148 23 41 t
2785 2136 91 53 die
2906 2129 216 59 Freude

1175 2185 123 60 Still
1449 2175 129 66 Still,
1620 2180 125 62 sagt
1785 2189 58 33 er
1883 2185 64 33 zu
1989 2159 128 64 sich,
2270 2173 101 34 wie
2415 2154 160 48 leicht
2603 2154 153 43 tlieht
2785 2154 91 36 die
2907 2154 215 34 rreuae

994 2288 96 33 aus
1133 2264 101 55 der
1270 2254 177 62 Welt!

2017 2366 87 55 IV.

1026 3419 66 35 VC
1104 3386 424 137 EhttVtl
1569 3373 274 150 beg!liX
1864 3439 145 58 führt
2047 3439 89 51 ein
2166 3429 157 86 Steg,
2344 3424 139 56 über
2522 3421 127 53 eine

1031 3543 198 130 Sr
2920 3548 247 59 dunklen

1036 3690 287 69 Lockung:
1381 3668 503 81 e.nAlgen-Grüu
2862 3650 310 122 Au'g-zu

1038 3764 71 58 Er
1147 3761 145 59 freut
1330 3754 115 61 sich
1485 3744 211 68 darauf,
1757 3744 122 53 dies
1917 3744 282 48 IrostMe
2240 3744 157 38 urun
2892 3769 282 64 Schauder

1041 3840 249 143 Ä-
1351 3828 129 134 def
1485 3825 219 132 älu4
1705 3840 11 36 a
1711 3914 31 35 e
1719 3840 38 51 g
1747 3891 109 56 nde
1856 3835 23 33 r
1894 3881 127 61 Tod
2062 3909 68 10 -
2171 3843 84 104 Ja’,
2313 3861 384 66 hinslrömend
2755 3850 303 64 absterben
3108 3848 71 51 ist

1130 586 292 64 Reinhard
1455 584 231 58 Koester
1724 612 10 13 ■
1775 576 213 74 Sybille
2026 571 132 59 oder
2196 566 89 59 die
2323 561 150 59 Frau
2514 564 76 50 im
2628 551 308 61 Mondlicht

939 599 112 59 506
