3247 4572
981 760 272 61 erstrebte
1281 755 130 69 „die
1439 750 193 61 Gänse
1657 748 104 56 des
1787 745 256 64 Daseins,
2069 732 205 61 welche
2302 730 92 56 die
2422 722 284 61 einzelnen
2724 707 383 79 Äußerungen

981 839 102 56 der
1106 834 168 58 Seele
1314 829 112 58 und
1467 826 101 56 des
1601 824 221 58 Lebens
1860 839 66 36 zu
1967 819 180 53 einem
2190 801 308 63 einheitlich
2536 793 310 61 waltenden
2876 788 158 59 Grün
3079 809 31 33 e

981 905 402 66 verschmilzt“,
1441 903 155 71 jenes
1639 892 336 72 „lebendige
2015 885 259 58 Erlassen
2315 877 102 56 des
2457 872 226 59 Gemtes
2759 885 125 53 jene
2925 880 187 38 innere

987 981 337 66 Gestaltung
1350 979 101 56 des
1479 971 318 66 Menschen,
1837 969 92 55 die
1957 964 104 55 der
2086 961 292 69 Ursprung
2404 961 71 46 ist
2500 969 110 35 von
2638 943 139 59 allen
2808 943 304 54 führenden

987 1055 314 61 Gedanken
1329 1050 115 58 und
1472 1045 213 76 großen
1708 1040 394 68 Handlungen,
2132 1032 102 56 des
2254 1027 554 61 selbstvergessenen
2828 1009 269 61 Strebens

989 1134 102 56 der
1147 1131 281 69 innigsten
1477 1118 231 69 Poesie,
1769 1118 152 54 eines
1982 1101 495 78 festgegründeten
2536 1093 53 58 D
2592 1108 185 41 «e.ns
2841 1083 111 61 und
3016 1080 104 59 des

989 1210 249 56 höheren
1266 1200 213 61 Blickes
1507 1197 104 56 des
1632 1190 393 61 Verstandes.“
2089 1182 71 56 Er
2185 1177 188 61 suchte
2404 1172 124 68 „die
2884 1157 236 61 Frmhed

992 1282 115 57 und
1164 1275 302 69 lebendige
1515 1263 487 64 Unmittelbarkeit
2058 1256 100 56 der
2214 1249 493 67 Seelenregungen
2749 1282 12 24 ,
2824 1241 144 61 „den
3025 1250 72 51 ge

993 1349 422 63 heimnisvollen
1455 1345 133 57 Sinn
1637 1343 101 54 der
1785 1336 242 59 äußeren
2069 1325 344 65 Gebräuche,
2474 1321 101 53 das
2731 1310 222 71 endige,
3013 1326 83 34 ein-

995 1426 254 60 heitliche
1288 1421 260 59 Erfassen
1589 1416 102 56 des
1739 1414 277 71 geistigen
2064 1399 365 60 Innenlebens
2487 1390 113 58 und
2658 1387 92 55 die
2808 1382 206 56 lebend
3037 1400 37 49 g
3111 1419 15 24 ,

999 1503 638 67 unvoreingenommene
1675 1486 381 65 Anschauung
2096 1477 100 56 der
2236 1475 241 54 äußeren
2520 1475 188 45 Natur.
2788 1501 13 12 .
2844 1500 13 13 •
2900 1499 12 13 •

1074 1576 72 56 Ist
1203 1594 109 36 nun
1361 1564 320 73 Kirejewski
1730 1565 86 52 ein
1865 1555 265 73 Mystiker
2177 1538 342 83 geworden?
2595 1533 213 60 Wurde
2867 1529 110 56 ihm
3038 1529 93 51 die

1001 1649 276 72 Seligkeit
1316 1645 100 56 der
1443 1641 385 67 Vereinigung
1875 1635 96 52 mit
2011 1628 127 55 dem
2178 1617 263 76 Urgrund
2481 1614 99 55 der
2604 1600 528 66 Vollkommenheit,

1004 1725 190 57 wurde
1235 1721 110 56 ihm
1386 1719 91 54 die
1518 1717 187 52 innere
1745 1707 275 74 Synthese
2059 1698 192 59 zuteil.
2636 1760 69 17 ....
2868 1752 53 28 tp.
2967 1769 67 28 ne
3083 1749 54 48 in

1080 1797 71 56 Er
1208 1795 177 57 selbst
1441 1791 95 55 hat
1592 1786 260 63 bekannt,
1912 1776 109 58 daß
2078 1795 109 34 von
2237 1769 99 56 der
2380 1762 442 64 wundertätigen
2871 1757 129 49 lkon
3005 1769 31 33 ®

1009 1876 152 55 seine
1203 1863 522 74 glaubensdurstige
1767 1854 164 59 Seele
1980 1849 145 58 nicht
2171 1848 87 53 ein
2305 1835 418 63 unmittelbares
2765 1820 374 65 Sonnenlicht,

1011 1946 242 58 sondern
1292 1940 136 58 bloß
1468 1938 100 55 der
1608 1928 321 62 mondhafte
1969 1918 382 63 Widerschein
2393 1913 102 56 des
3031 1914 74 37 em-

1013 2026 228 49 strömte
1338 2013 162 57 Nicht
1561 2007 221 68 spurlos
1841 2007 72 52 ist
1969 1999 138 56 über
2153 1995 93 55 die
2291 1983 385 78 jugendlichen
2718 1979 205 53 Saaten
2963 1988 184 38 seiner

1403 2081 287 76 sengende
1749 2074 190 58 Hauch
2008 2071 99 56 der
2170 2058 358 79 skeptischen
2571 2048 277 64 Vernunll
2884 2043 239 58 vorüber

1017 2165 239 76 geweht.
1327 2160 147 58 Kurz
1520 2155 353 58 vor-inem
1921 2145 160 58 Tode
2132 2173 64 7 -
2246 2157 61 36 -
2511 2129 248 130 «ticM
2795 2134 356 117 verstandTn.

1019 2243 275 57 eoidemie
1334 2257 122 36 zum
1499 2243 182 60 Upter
1832 2243 213 37 senneo
2088 2243 74 39 er,
2220 2243 54 25 er
2643 2274 141 22 ~.
2876 2268 30 21 .1
3025 2266 13 11 •
3123 2282 23 9 _

1020 2320 154 53 seine
1215 2310 180 58 Mittel
1434 2297 419 66 zweckdienlich
1901 2317 66 36 zu
2015 2300 198 48 nutzen
2272 2284 112 59 und
2439 2279 44 56 d
2483 2277 76 122 f
2612 2297 48 33 ”
2663 2274 63 56 ch
2876 2289 16 33 '
2897 2267 13 55 l
2911 2287 77 35 '™
3024 2284 129 110 gab

1022 2388 371 69 Entzweiung,
1454 2381 170 56 deren
1665 2373 365 69 Beseitigung
2069 2363 101 58 das
2211 2353 300 76 Hauptziel
2559 2350 99 56 der
2704 2353 279 66 geistigen
3024 2350 106 44 tnt

1022 2490 51 33 W
1324 2462 132 127 i^
1467 2480 33 33 n
1505 2477 101 107 L
1606 2475 38 51 g
1662 2452 201 130 mSa
1865 2470 6 30 r
1872 2444 456 132 nis^e'Glaube
2384 2526 68 35 an
2505 2500 105 56 das
2665 2490 491 61 Pravoslaventum

1027 2612 153 53 hatte
1235 2609 110 56 ihm
1406 2604 162 56 keine
1627 2597 274 68 Erlösung
1959 2584 280 79 gebracht.
2333 2576 256 59 Christus
2645 2561 313 64 vermochte
3019 2556 142 59 nicht

1032 2688 153 56 seine
1230 2681 168 61 Seele
1446 2696 140 51 ganz
1632 2693 66 36 zu
1746 2668 226 58 erfüUen
2076 2660 135 59 Sein
2249 2650 259 61 Schaffen
2559 2642 114 59 und
2711 2637 175 59 Trach
2914 2655 69 36 en
3031 2650 130 53 ging

1032 2759 193 66 dahin,
1281 2757 92 56 die
1426 2698 264 125 Eigenart
1743 2742 112 58 und
1911 2739 109 56 den
2071 2734 186 58 hohen
2302 2726 160 59 Wert
2521 2721 101 56 d«
2681 2706 482 84 pravoslavmdien

1035 2834 290 53 Glaubens
1372 2849 65 33 zu
1486 2820 332 67 ergründen.
1903 2813 159 55 Aber
2109 2829 58 34 er
2214 2823 136 53 ging
2394 2798 139 56 über
2578 2796 92 53 die
2712 2807 30 38 r
2755 2808 132 50 rage
2929 2796 236 53 hinweg,

1037 2909 74 56 ob
1154 2833 89 130 dl
1284 2902 183 63 Seele,
1507 2846 341 122 wenigstens
1886 2886 91 59 die
2018 2881 165 59 Seele
2223 2879 102 53 des
2366 2874 457 71 gegenwärtigen
2851 2853 317 132 Mengen,

1040 2985 53 54 in
1141 2980 186 56 dieser
1385 2970 247 61 ehemals
1690 2988 66 35 so
1802 2952 536 79 lebenspendenden
2384 2942 170 69 Welt,
2604 2960 69 36 an
2714 2955 71 38 «e

1037 3059 170 56 bitter
1286 3046 310 61 enttäuscht
1660 3041 111 64 hat,
1837 3034 193 76 jemals
2099 3026 208 58 wieder
2378 3013 260 64 heimisch
2709 3013 226 54 werden
3008 3013 145 46 kann

1042 3125 356 76 Kirejewskis
1454 3115 373 79 persönliches
1876 3097 472 71 Seelenschicksal
2394 3090 205 76 spricht
2648 3084 144 59 mehlt
2841 3079 129 59 «W“
2975 3100 26 33 r
3003 3120 16 15 -

1042 3204 218 56 wähnte
1316 3201 92 56 die
1452 3193 290 60 Wahrheit
1787 3208 65 35 zu
1900 3185 244 59 kennen;
2200 3196 117 35 sein
2365 3169 189 56 Leben
2608 3160 259 58 widmete
2916 3174 59 36 er
3029 3157 117 47 ihre

1045 3275 406 71 Verkündung.
1510 3265 157 61 Doch
1690 3265 94 56 die
1812 3257 295 61 ersehnten
2130 3247 226 61 Gefilde
2384 3244 104 56 des
2508 3234 328 61 Paradieses
2858 3222 321 63 vermochte

1049 3357 152 54 seine
1240 3348 292 60 Wahrheit
1570 3342 112 57 ihm
1722 3335 147 59 nicht
1908 3331 155 56 mehr
2101 3349 66 33 zu
2208 3325 340 56 erschließen
2594 3356 11 12 .
2648 3353 13 13 .
2705 3352 13 12 .

2109 3416 27 30 ♦

1126 3514 117 58 Der
1281 3506 175 71 große
1497 3498 206 77 Kampf
1741 3493 267 61 zwischen
2048 3481 478 76 Slavophilentum
2566 3471 115 58 und
2711 3463 361 61 Westlerlum
3112 3463 77 48 ist

1058 3577 675 74 nochunausgefochten,
1782 3567 210 61 sowohl
2038 3567 53 53 in
2135 3554 274 69 Rußland,
2455 3572 104 36 wie
2604 3542 326 68 .«Europa
3024 3529 160 61 Au<h

1058 3664 104 58 das
1200 3656 259 61 Problem
1500 3651 177 58 bleibt
1715 3646 138 58 noch
1896 3646 190 53 immer
2112 3633 114 58 und
2254 3625 373 64 allenthalben
2655 3618 102 56 das
2787 3610 232 76 gleiche,

1058 3740 104 56 des
1207 3727 364 66 schillernden
1609 3719 292 64 Wechsels
1944 3714 102 59 der
2091 3707 237 61 Schulen
2376 3699 112 61 und
2526 3689 470 71 Terminologien.
3072 3679 117 56 Der

1060 3813 201 56 Traum
1334 3755 92 109 die
1482 3801 218 61 irrende
1754 3793 167 61 Seele
1975 3811 68 35 zu
2096 3785 257 59 Christus
2406 3765 465 69 Zurückzufuhren
2930 3755 111 61 und
3100 3773 89 38 ein

1063 3877 586 68 Zukunftsmittelalter
1675 3892 107 38 neu
1802 3892 66 36 zu
1891 3862 264 66 schaffen,
2180 3859 97 56 hat
2305 3852 109 60 sich
2444 3849 79 58 als
2554 3846 211 56 ebenso
2795 3862 33 33 u
2856 3854 124 53 opis
3074 3849 72 36 un

1271 577 290 59 Wladimir
1599 572 223 59 Aslrow
1881 598 12 12 ■
1949 557 351 79 Kirejewski,
2338 555 101 55 der
2475 544 327 74 Slavophile

972 587 112 56 490
